  <div class='ocr_page' id='page_1' title='image "/cluster/home/n/w/nwhite01/storage/ocr_20150623/31:no.3/coo.31924054869288/354.png"; bbox 0 0 4110 6388; ppageno 0'>
   <div class='ocr_carea' id='block_1_1' title="bbox 334 391 3698 467">
    <p class='ocr_par' dir='ltr' id='par_1_1' title="bbox 334 391 3698 467">
     <span class='ocr_line' id='line_1_1' title="bbox 334 391 3698 467; baseline -0.012 0"><span class='ocrx_word' id='word_1_1' title='bbox 334 410 438 467; x_wconf 80' lang='lat'><strong>685</strong></span> <span class='ocrx_word' id='word_1_2' title='bbox 1874 394 1966 450; x_wconf 83' lang='lat' dir='ltr'><strong>DE</strong></span> <span class='ocrx_word' id='word_1_3' title='bbox 2002 391 2183 448; x_wconf 85' lang='lat' dir='ltr'><strong>FIDE.</strong></span> <span class='ocrx_word' id='word_1_4' title='bbox 3595 401 3698 455; x_wconf 68' lang='lat'><strong>686</strong></span> 
     </span>
    </p>
   </div>
   <div class='ocr_carea' id='block_1_2' title="bbox 331 517 3700 598">
    <p class='ocr_par' dir='ltr' id='par_1_2' title="bbox 331 517 3700 598">
     <span class='ocr_line' id='line_1_2' title="bbox 331 517 3700 598; baseline -0.004 -7"><span class='ocrx_word' id='word_1_5' title='bbox 331 532 508 592; x_wconf 89' lang='lat' dir='ltr'><strong>nobis</strong></span> <span class='ocrx_word' id='word_1_6' title='bbox 537 526 1009 588; x_wconf 80' lang='lat' dir='ltr'><strong>desiderantium</strong></span> <span class='ocrx_word' id='word_1_7' title='bbox 1039 523 1358 598; x_wconf 82' lang='lat' dir='ltr'><strong>persuasio</strong></span> <span class='ocrx_word' id='word_1_8' title='bbox 1391 525 1680 580; x_wconf 84' lang='lat' dir='ltr'><strong>constans</strong></span> <span class='ocrx_word' id='word_1_9' title='bbox 1728 521 1834 577; x_wconf 84' lang='lat' dir='ltr'><strong>ﬁat</strong></span> <span class='ocrx_word' id='word_1_10' title='bbox 1862 522 1917 574; x_wconf 91' lang='lat' dir='ltr'><strong>et</strong></span> <span class='ocrx_word' id='word_1_11' title='bbox 1946 520 2132 573; x_wconf 90' lang='lat' dir='ltr'><strong>certa.</strong></span> <span class='ocrx_word' id='word_1_12' title='bbox 2185 518 2254 572; x_wconf 88' lang='lat' dir='ltr'><strong>Ut</strong></span> <span class='ocrx_word' id='word_1_13' title='bbox 2297 517 2459 574; x_wconf 90' lang='lat' dir='ltr'><strong>enim</strong></span> <span class='ocrx_word' id='word_1_14' title='bbox 2512 517 2702 574; x_wconf 85' lang='lat' dir='ltr'><strong>multa</strong></span> <span class='ocrx_word' id='word_1_15' title='bbox 2745 535 2932 576; x_wconf 89' lang='lat' dir='ltr'><strong>unam</strong></span> <span class='ocrx_word' id='word_1_16' title='bbox 2965 521 3323 577; x_wconf 85' lang='lat' dir='ltr'><strong>sententiam</strong></span> <span class='ocrx_word' id='word_1_17' title='bbox 3372 523 3533 596; x_wconf 82' lang='lat' dir='ltr'><strong>piam</strong></span> <span class='ocrx_word' id='word_1_18' title='bbox 3569 539 3700 580; x_wconf 92' lang='lat' dir='ltr'><strong>essc</strong></span> 
     </span>
    </p>
   </div>
   <div class='ocr_carea' id='block_1_3' title="bbox 335 606 3550 688">
    <p class='ocr_par' dir='ltr' id='par_1_3' title="bbox 335 606 3550 688">
     <span class='ocr_line' id='line_1_3' title="bbox 335 606 3550 688; baseline -0.004 -7"><span class='ocrx_word' id='word_1_19' title='bbox 335 623 512 680; x_wconf 89' lang='lat' dir='ltr'><strong>nobis</strong></span> <span class='ocrx_word' id='word_1_20' title='bbox 538 620 836 688; x_wconf 90' lang='lat' dir='ltr'><strong>nuntiant,</strong></span> <span class='ocrx_word' id='word_1_21' title='bbox 860 618 942 673; x_wconf 90' lang='lat' dir='ltr'><strong>ita</strong></span> <span class='ocrx_word' id='word_1_22' title='bbox 968 615 1149 672; x_wconf 90' lang='lat' dir='ltr'><strong>etiam</strong></span> <span class='ocrx_word' id='word_1_23' title='bbox 1170 630 1383 686; x_wconf 70' lang='lat' dir='ltr'><strong>aequus</strong></span> <span class='ocrx_word' id='word_1_24' title='bbox 1417 612 1627 684; x_wconf 85' lang='lat' dir='ltr'><strong>judex,</strong></span> <span class='ocrx_word' id='word_1_25' title='bbox 1653 610 1892 683; x_wconf 82' lang='lat' dir='ltr'><strong>opinor,</strong></span> <span class='ocrx_word' id='word_1_26' title='bbox 1922 606 2208 681; x_wconf 82' lang='lat' dir='ltr'><strong>pietatem</strong></span> <span class='ocrx_word' id='word_1_27' title='bbox 2237 606 2298 662; x_wconf 90' lang='lat' dir='ltr'><strong>in</strong></span> <span class='ocrx_word' id='word_1_28' title='bbox 2330 608 2616 664; x_wconf 91' lang='lat' dir='ltr'><strong>omnibus</strong></span> <span class='ocrx_word' id='word_1_29' title='bbox 2647 609 2844 665; x_wconf 90' lang='lat' dir='ltr'><strong>inesse</strong></span> <span class='ocrx_word' id='word_1_30' title='bbox 2875 626 2948 664; x_wconf 84' lang='lat' dir='ltr'><strong>ex</strong></span> <span class='ocrx_word' id='word_1_31' title='bbox 2973 609 3182 682; x_wconf 85' lang='lat' dir='ltr'><strong>paucis</strong></span> <span class='ocrx_word' id='word_1_32' title='bbox 3211 620 3550 682; x_wconf 83' lang='lat' dir='ltr'><strong>cognoscet.</strong></span> 
     </span>
    </p>
   </div>
   <div class='ocr_carea' id='block_1_4' title="bbox 409 697 2032 782">
    <p class='ocr_par' dir='ltr' id='par_1_4' title="bbox 409 700 2017 782">
     <span class='ocr_line' id='line_1_4' title="bbox 409 700 2017 782; baseline -0.007 -16"><span class='ocrx_word' id='word_1_33' title='bbox 409 715 462 767; x_wconf 68' lang='grc'><strong>4.</strong></span> <span class='ocrx_word' id='word_1_34' title='bbox 524 712 841 782; x_wconf 72' lang='grc' dir='ltr'>Πιστεύομεν</span> <span class='ocrx_word' id='word_1_35' title='bbox 897 711 1067 759; x_wconf 79' lang='grc' dir='ltr'><strong>τοίνυν</strong></span> <span class='ocrx_word' id='word_1_36' title='bbox 1122 709 1212 756; x_wconf 80' lang='grc' dir='ltr'><strong>καὶ</strong></span> <span class='ocrx_word' id='word_1_37' title='bbox 1252 703 1597 776; x_wconf 76' lang='grc' dir='ltr'>ὁμολογοῦμεν</span> <span class='ocrx_word' id='word_1_38' title='bbox 1646 702 1731 754; x_wconf 78' lang='grc' dir='ltr'>ἕνα</span> <span class='ocrx_word' id='word_1_39' title='bbox 1788 704 1938 772; x_wconf 77' lang='grc' dir='ltr'>μόνον</span> <span class='ocrx_word' id='word_1_40' title='bbox 1968 700 2017 754; x_wconf 73' lang='grc' dir='ltr'>Α</span> 
     </span>
    </p>
   </div>
   <div class='ocr_carea' id='block_1_5' title="bbox 2077 697 3700 782">
    <p class='ocr_par' dir='ltr' id='par_1_5' title="bbox 2116 697 3700 769">
     <span class='ocr_line' id='line_1_5' title="bbox 2116 697 3700 769; baseline 0.004 -17"><span class='ocrx_word' id='word_1_41' title='bbox 2116 700 2172 753; x_wconf 84' lang='grc'><strong>4.</strong></span> <span class='ocrx_word' id='word_1_42' title='bbox 2202 697 2511 754; x_wconf 83' lang='lat' dir='ltr'><strong>Credimus</strong></span> <span class='ocrx_word' id='word_1_43' title='bbox 2558 699 2734 769; x_wconf 82' lang='lat' dir='ltr'><strong>igitur</strong></span> <span class='ocrx_word' id='word_1_44' title='bbox 2775 705 2831 755; x_wconf 91' lang='lat' dir='ltr'><strong>et</strong></span> <span class='ocrx_word' id='word_1_45' title='bbox 2870 700 3224 756; x_wconf 85' lang='lat' dir='ltr'><strong>conﬁtemur</strong></span> <span class='ocrx_word' id='word_1_46' title='bbox 3264 717 3455 758; x_wconf 90' lang='lat' dir='ltr'><strong>unum</strong></span> <span class='ocrx_word' id='word_1_47' title='bbox 3505 702 3700 758; x_wconf 91' lang='lat' dir='ltr'><strong>solum</strong></span> 
     </span>
    </p>
   </div>
   <div class='ocr_carea' id='block_1_6' title="bbox 340 787 1963 870">
    <p class='ocr_par' dir='ltr' id='par_1_6' title="bbox 340 795 1938 870">
     <span class='ocr_line' id='line_1_6' title="bbox 340 795 1938 870; baseline -0.009 -16"><span class='ocrx_word' id='word_1_48' title='bbox 340 801 582 859; x_wconf 80' lang='grc' dir='ltr'><strong>ἀληθινὸν</strong></span> <span class='ocrx_word' id='word_1_49' title='bbox 635 804 726 852; x_wconf 82' lang='lat' dir='ltr'><strong>xui</strong></span> <span class='ocrx_word' id='word_1_50' title='bbox 763 797 960 870; x_wconf 72' lang='grc' dir='ltr'>ἀγαθὸν</span> <span class='ocrx_word' id='word_1_51' title='bbox 1001 797 1130 849; x_wconf 81' lang='grc' dir='ltr'><strong>Θεὸν</strong></span> <span class='ocrx_word' id='word_1_52' title='bbox 1169 798 1303 861; x_wconf 77' lang='lat'><strong>(‘20),</strong></span> <span class='ocrx_word' id='word_1_53' title='bbox 1347 796 1438 845; x_wconf 81' lang='lat' dir='ltr'><strong>xui</strong></span> <span class='ocrx_word' id='word_1_54' title='bbox 1493 795 1699 864; x_wconf 80' lang='grc' dir='ltr'><em>Πατέρα</em></span> <span class='ocrx_word' id='word_1_55' title='bbox 1754 808 1938 843; x_wconf 84' lang='grc' dir='ltr'>παντο-</span> 
     </span>
    </p>
   </div>
   <div class='ocr_carea' id='block_1_7' title="bbox 2077 787 3700 870">
    <p class='ocr_par' dir='ltr' id='par_1_7' title="bbox 2077 787 3700 864">
     <span class='ocr_line' id='line_1_7' title="bbox 2077 787 3700 864; baseline 0.002 -21"><span class='ocrx_word' id='word_1_56' title='bbox 2077 802 2250 843; x_wconf 83' lang='lat' dir='ltr'><strong>&#39;erum</strong></span> <span class='ocrx_word' id='word_1_57' title='bbox 2283 796 2339 844; x_wconf 90' lang='lat' dir='ltr'><strong>et</strong></span> <span class='ocrx_word' id='word_1_58' title='bbox 2360 787 2591 844; x_wconf 89' lang='lat' dir='ltr'><strong>bonum</strong></span> <span class='ocrx_word' id='word_1_59' title='bbox 2620 792 2825 856; x_wconf 88' lang='lat' dir='ltr'><strong>Deum,</strong></span> <span class='ocrx_word' id='word_1_60' title='bbox 2869 795 2925 844; x_wconf 93' lang='lat' dir='ltr'><strong>et</strong></span> <span class='ocrx_word' id='word_1_61' title='bbox 2946 793 3177 845; x_wconf 83' lang='lat' dir='ltr'><strong>Patrem</strong></span> <span class='ocrx_word' id='word_1_62' title='bbox 3201 792 3700 864; x_wconf 79' lang='lat' dir='ltr'><strong>omnipotentem,</strong></span> 
     </span>
    </p>
   </div>
   <div class='ocr_carea' id='block_1_8' title="bbox 340 879 1963 964">
    <p class='ocr_par' dir='ltr' id='par_1_8' title="bbox 340 883 1936 964">
     <span class='ocr_line' id='line_1_8' title="bbox 340 883 1936 964; baseline -0.008 -21"><span class='ocrx_word' id='word_1_63' title='bbox 340 892 592 964; x_wconf 82' lang='grc' dir='ltr'><strong>κράτορα,</strong></span> <span class='ocrx_word' id='word_1_64' title='bbox 645 888 696 952; x_wconf 81' lang='grc' dir='ltr'><strong>ἐξ</strong></span> <span class='ocrx_word' id='word_1_65' title='bbox 725 889 784 940; x_wconf 79' lang='grc' dir='ltr'><strong>οὗ</strong></span> <span class='ocrx_word' id='word_1_66' title='bbox 814 889 880 939; x_wconf 82' lang='grc' dir='ltr'><strong>τὰ</strong></span> <span class='ocrx_word' id='word_1_67' title='bbox 907 887 1077 938; x_wconf 84' lang='grc' dir='ltr'><strong>πάντα</strong></span> <span class='ocrx_word' id='word_1_68' title='bbox 1108 904 1122 918; x_wconf 70' lang='grc' dir='ltr'><strong>ι</strong></span> <span class='ocrx_word' id='word_1_69' title='bbox 1155 887 1242 935; x_wconf 89' lang='grc' dir='ltr'><strong>τὸν</strong></span> <span class='ocrx_word' id='word_1_70' title='bbox 1293 886 1422 937; x_wconf 79' lang='grc' dir='ltr'><strong>Θεὸν</strong></span> <span class='ocrx_word' id='word_1_71' title='bbox 1460 888 1550 934; x_wconf 88' lang='lat' dir='ltr'><strong>xui</strong></span> <span class='ocrx_word' id='word_1_72' title='bbox 1613 883 1818 954; x_wconf 82' lang='grc' dir='ltr'><strong>Πατέρα</strong></span> <span class='ocrx_word' id='word_1_73' title='bbox 1846 885 1936 931; x_wconf 75' lang='grc' dir='ltr'><strong>τοῦ</strong></span> 
     </span>
    </p>
   </div>
   <div class='ocr_carea' id='block_1_9' title="bbox 2081 879 3704 964">
    <p class='ocr_par' dir='ltr' id='par_1_9' title="bbox 2083 879 3704 950">
     <span class='ocr_line' id='line_1_9' title="bbox 2083 879 3704 950; baseline 0.003 -19"><span class='ocrx_word' id='word_1_74' title='bbox 2083 893 2119 931; x_wconf 85' lang='lat' dir='ltr'><strong>x</strong></span> <span class='ocrx_word' id='word_1_75' title='bbox 2149 893 2272 950; x_wconf 89' lang='lat' dir='ltr'><strong>quo</strong></span> <span class='ocrx_word' id='word_1_76' title='bbox 2302 879 2508 935; x_wconf 83' lang='lat' dir='ltr'><strong>omnia</strong></span> <span class='ocrx_word' id='word_1_77' title='bbox 2541 895 2553 932; x_wconf 90' lang='lat'><strong>:</strong></span> <span class='ocrx_word' id='word_1_78' title='bbox 2590 881 2776 934; x_wconf 91' lang='lat' dir='ltr'><strong>Deum</strong></span> <span class='ocrx_word' id='word_1_79' title='bbox 2808 884 2864 934; x_wconf 92' lang='lat' dir='ltr'><strong>et</strong></span> <span class='ocrx_word' id='word_1_80' title='bbox 2887 881 3120 934; x_wconf 89' lang='lat' dir='ltr'><strong>Patrem</strong></span> <span class='ocrx_word' id='word_1_81' title='bbox 3148 880 3382 936; x_wconf 89' lang='lat' dir='ltr'><strong>Domini</strong></span> <span class='ocrx_word' id='word_1_82' title='bbox 3413 882 3598 937; x_wconf 82' lang='lat' dir='ltr'><strong>nostri</strong></span> <span class='ocrx_word' id='word_1_83' title='bbox 3647 886 3704 937; x_wconf 90' lang='lat' dir='ltr'><strong>et</strong></span> 
     </span>
    </p>
   </div>
   <div class='ocr_carea' id='block_1_10' title="bbox 345 967 1968 1054">
    <p class='ocr_par' dir='ltr' id='par_1_10' title="bbox 345 969 1940 1054">
     <span class='ocr_line' id='line_1_10' title="bbox 345 969 1940 1054; baseline -0.008 -21"><span class='ocrx_word' id='word_1_84' title='bbox 345 984 541 1054; x_wconf 80' lang='grc' dir='ltr'><strong>Κυρίου</strong></span> <span class='ocrx_word' id='word_1_85' title='bbox 609 982 752 1051; x_wconf 79' lang='grc' dir='ltr'>ἡμῶν</span> <span class='ocrx_word' id='word_1_86' title='bbox 808 981 898 1029; x_wconf 87' lang='grc' dir='ltr'><strong>καὶ</strong></span> <span class='ocrx_word' id='word_1_87' title='bbox 955 981 1088 1029; x_wconf 81' lang='grc' dir='ltr'><strong>Θεοῦ</strong></span> <span class='ocrx_word' id='word_1_88' title='bbox 1147 972 1320 1031; x_wconf 78' lang='grc' dir='ltr'><strong>Ἰησοῦ</strong></span> <span class='ocrx_word' id='word_1_89' title='bbox 1378 979 1634 1048; x_wconf 76' lang='grc' dir='ltr'><strong>Χριστοῦ.</strong></span> <span class='ocrx_word' id='word_1_90' title='bbox 1699 974 1802 1023; x_wconf 80' lang='grc' dir='ltr'>Καὶ</span> <span class='ocrx_word' id='word_1_91' title='bbox 1854 969 1940 1021; x_wconf 82' lang='grc' dir='ltr'>ἕνα</span> 
     </span>
    </p>
   </div>
   <div class='ocr_carea' id='block_1_11' title="bbox 2082 967 3705 1054">
    <p class='ocr_par' dir='ltr' id='par_1_11' title="bbox 2082 967 3705 1042">
     <span class='ocr_line' id='line_1_11' title="bbox 2082 967 3705 1042; baseline 0.004 -22"><span class='ocrx_word' id='word_1_92' title='bbox 2082 967 2150 1021; x_wconf 65' lang='lat' dir='ltr'><strong>Dei</strong></span> <span class='ocrx_word' id='word_1_93' title='bbox 2191 969 2328 1038; x_wconf 78' lang='lat' dir='ltr'><strong>Jesu</strong></span> <span class='ocrx_word' id='word_1_94' title='bbox 2359 967 2591 1026; x_wconf 85' lang='lat' dir='ltr'><strong>Christi.</strong></span> <span class='ocrx_word' id='word_1_95' title='bbox 2647 971 2711 1024; x_wconf 84' lang='lat' dir='ltr'><strong>Et</strong></span> <span class='ocrx_word' id='word_1_96' title='bbox 2735 985 2924 1024; x_wconf 90' lang='lat' dir='ltr'><strong>unum</strong></span> <span class='ocrx_word' id='word_1_97' title='bbox 2973 970 3346 1040; x_wconf 89' lang='lat' dir='ltr'><strong>unigeutium</strong></span> <span class='ocrx_word' id='word_1_98' title='bbox 3378 971 3571 1042; x_wconf 90' lang='lat' dir='ltr'><strong>ipsius</strong></span> <span class='ocrx_word' id='word_1_99' title='bbox 3621 970 3705 1027; x_wconf 86' lang='lat' dir='ltr'><strong>Fi—</strong></span> 
     </span>
    </p>
   </div>
   <div class='ocr_carea' id='block_1_12' title="bbox 343 1055 1966 1142">
    <p class='ocr_par' dir='ltr' id='par_1_12' title="bbox 343 1061 1939 1142">
     <span class='ocr_line' id='line_1_12' title="bbox 343 1061 1939 1142; baseline -0.01 -19"><span class='ocrx_word' id='word_1_100' title='bbox 343 1072 433 1123; x_wconf 87' lang='grc' dir='ltr'><strong>τὸν</strong></span> <span class='ocrx_word' id='word_1_101' title='bbox 499 1075 744 1142; x_wconf 73' lang='grc' dir='ltr'><strong>μονογενῆ</strong></span> <span class='ocrx_word' id='word_1_102' title='bbox 800 1065 961 1119; x_wconf 73' lang='grc' dir='ltr'>αὐτοῦ</span> <span class='ocrx_word' id='word_1_103' title='bbox 1026 1065 1146 1117; x_wconf 82' lang='grc' dir='ltr'><strong>Υἱὸν</strong></span> <span class='ocrx_word' id='word_1_104' title='bbox 1206 1066 1394 1138; x_wconf 80' lang='grc' dir='ltr'><strong>Κύριον</strong></span> <span class='ocrx_word' id='word_1_105' title='bbox 1463 1067 1553 1114; x_wconf 87' lang='lat' dir='ltr'><strong>xui</strong></span> <span class='ocrx_word' id='word_1_106' title='bbox 1605 1062 1734 1114; x_wconf 76' lang='grc' dir='ltr'><strong>θεὸν</strong></span> <span class='ocrx_word' id='word_1_107' title='bbox 1793 1061 1939 1131; x_wconf 75' lang='grc' dir='ltr'>ἡμῶν</span> 
     </span>
    </p>
   </div>
   <div class='ocr_carea' id='block_1_13' title="bbox 2078 1055 3701 1142">
    <p class='ocr_par' dir='ltr' id='par_1_13' title="bbox 2078 1055 3701 1128">
     <span class='ocr_line' id='line_1_13' title="bbox 2078 1055 3701 1128; baseline 0.002 -16"><span class='ocrx_word' id='word_1_108' title='bbox 2078 1055 2194 1112; x_wconf 82' lang='lat' dir='ltr'><strong>ium</strong></span> <span class='ocrx_word' id='word_1_109' title='bbox 2226 1058 2546 1114; x_wconf 91' lang='lat' dir='ltr'><strong>Dominum</strong></span> <span class='ocrx_word' id='word_1_110' title='bbox 2575 1064 2631 1114; x_wconf 93' lang='lat' dir='ltr'><strong>et</strong></span> <span class='ocrx_word' id='word_1_111' title='bbox 2648 1061 2830 1114; x_wconf 88' lang='lat' dir='ltr'><strong>Deum</strong></span> <span class='ocrx_word' id='word_1_112' title='bbox 2855 1064 3129 1114; x_wconf 90' lang='lat' dir='ltr'><strong>nostrum</strong></span> <span class='ocrx_word' id='word_1_113' title='bbox 3150 1061 3353 1115; x_wconf 83' lang='lat' dir='ltr'><strong>Jesum</strong></span> <span class='ocrx_word' id='word_1_114' title='bbox 3377 1059 3701 1128; x_wconf 87' lang='lat' dir='ltr'><strong>Christum,</strong></span> 
     </span>
    </p>
   </div>
   <div class='ocr_carea' id='block_1_14' title="bbox 348 1145 1971 1231">
    <p class='ocr_par' dir='ltr' id='par_1_14' title="bbox 348 1149 1943 1231">
     <span class='ocr_line' id='line_1_14' title="bbox 348 1149 1943 1231; baseline -0.009 -19"><span class='ocrx_word' id='word_1_115' title='bbox 348 1159 553 1216; x_wconf 78' lang='grc' dir='ltr'><strong>Ἰησοῦν</strong></span> <span class='ocrx_word' id='word_1_116' title='bbox 593 1159 842 1231; x_wconf 81' lang='grc' dir='ltr'>Χριστὸν,</span> <span class='ocrx_word' id='word_1_117' title='bbox 893 1159 1046 1229; x_wconf 86' lang='grc' dir='ltr'>μόνον</span> <span class='ocrx_word' id='word_1_118' title='bbox 1105 1151 1365 1219; x_wconf 73' lang='grc' dir='ltr'>ἀληθινὸν,</span> <span class='ocrx_word' id='word_1_119' title='bbox 1422 1149 1493 1204; x_wconf 78' lang='grc' dir='ltr'><strong>δι’</strong></span> <span class='ocrx_word' id='word_1_120' title='bbox 1540 1150 1599 1203; x_wconf 76' lang='grc' dir='ltr'><strong>οὗ</strong></span> <span class='ocrx_word' id='word_1_121' title='bbox 1656 1151 1723 1202; x_wconf 78' lang='grc' dir='ltr'>τὰ</span> <span class='ocrx_word' id='word_1_122' title='bbox 1773 1150 1943 1201; x_wconf 82' lang='grc' dir='ltr'><strong>πάντα</strong></span> 
     </span>
    </p>
   </div>
   <div class='ocr_carea' id='block_1_15' title="bbox 2083 1145 3706 1231">
    <p class='ocr_par' dir='ltr' id='par_1_15' title="bbox 2083 1145 3706 1220">
     <span class='ocr_line' id='line_1_15' title="bbox 2083 1145 3706 1220; baseline 0.002 -19"><span class='ocrx_word' id='word_1_123' title='bbox 2083 1145 2247 1201; x_wconf 90' lang='lat' dir='ltr'><strong>olum</strong></span> <span class='ocrx_word' id='word_1_124' title='bbox 2271 1163 2506 1217; x_wconf 86' lang='lat' dir='ltr'><strong>verum,</strong></span> <span class='ocrx_word' id='word_1_125' title='bbox 2539 1163 2645 1220; x_wconf 91' lang='lat' dir='ltr'><strong>per</strong></span> <span class='ocrx_word' id='word_1_126' title='bbox 2680 1164 2864 1220; x_wconf 87' lang='lat' dir='ltr'><strong>quem</strong></span> <span class='ocrx_word' id='word_1_127' title='bbox 2916 1149 3123 1204; x_wconf 84' lang='lat' dir='ltr'><strong>omnia</strong></span> <span class='ocrx_word' id='word_1_128' title='bbox 3154 1148 3309 1205; x_wconf 84' lang='lat' dir='ltr'><strong>facta</strong></span> <span class='ocrx_word' id='word_1_129' title='bbox 3340 1154 3478 1204; x_wconf 91' lang='lat' dir='ltr'><strong>sunt</strong></span> <span class='ocrx_word' id='word_1_130' title='bbox 3502 1150 3543 1216; x_wconf 70' lang='grc'><strong>³,</strong></span> <span class='ocrx_word' id='word_1_131' title='bbox 3587 1149 3706 1205; x_wconf 82' lang='lat' dir='ltr'><strong>sive</strong></span> 
     </span>
    </p>
   </div>
   <div class='ocr_carea' id='block_1_16' title="bbox 347 1234 1970 1319">
    <p class='ocr_par' dir='ltr' id='par_1_16' title="bbox 347 1238 1944 1319">
     <span class='ocr_line' id='line_1_16' title="bbox 347 1238 1944 1319; baseline -0.008 -18"><span class='ocrx_word' id='word_1_132' title='bbox 347 1247 558 1319; x_wconf 75' lang='grc' dir='ltr'><strong>ἐγένετο,</strong></span> <span class='ocrx_word' id='word_1_133' title='bbox 601 1248 666 1297; x_wconf 90' lang='grc' dir='ltr'><strong>τά</strong></span> <span class='ocrx_word' id='word_1_134' title='bbox 712 1264 768 1298; x_wconf 79' lang='grc' dir='ltr'>τι</span> <span class='ocrx_word' id='word_1_135' title='bbox 821 1246 986 1319; x_wconf 80' lang='grc' dir='ltr'>ὁρατὰ</span> <span class='ocrx_word' id='word_1_136' title='bbox 1024 1247 1114 1296; x_wconf 84' lang='grc' dir='ltr'><strong>καὶ</strong></span> <span class='ocrx_word' id='word_1_137' title='bbox 1161 1245 1227 1296; x_wconf 83' lang='grc' dir='ltr'><strong>τὰ</strong></span> <span class='ocrx_word' id='word_1_138' title='bbox 1275 1244 1510 1318; x_wconf 74' lang='grc' dir='ltr'><strong>ἀόρατα·</strong></span> <span class='ocrx_word' id='word_1_139' title='bbox 1561 1243 1652 1292; x_wconf 84' lang='grc' dir='ltr'>καὶ</span> <span class='ocrx_word' id='word_1_140' title='bbox 1697 1238 1746 1292; x_wconf 87' lang='grc' dir='ltr'>ἐν</span> <span class='ocrx_word' id='word_1_141' title='bbox 1877 1239 1944 1289; x_wconf 78' lang='grc' dir='ltr'><strong>τὰ</strong></span> 
     </span>
    </p>
   </div>
   <div class='ocr_carea' id='block_1_17' title="bbox 2084 1234 3707 1319">
    <p class='ocr_par' dir='ltr' id='par_1_17' title="bbox 2084 1234 3707 1312">
     <span class='ocr_line' id='line_1_17' title="bbox 2084 1234 3707 1312; baseline 0.001 -21"><span class='ocrx_word' id='word_1_142' title='bbox 2084 1234 2326 1307; x_wconf 70' lang='grc' dir='ltr'><strong>ἱεὼίΙὶει,</strong></span> <span class='ocrx_word' id='word_1_143' title='bbox 2361 1236 2487 1292; x_wconf 86' lang='lat' dir='ltr'><strong>sive</strong></span> <span class='ocrx_word' id='word_1_144' title='bbox 2535 1236 2878 1307; x_wconf 77' lang='lat' dir='ltr'><strong>invisibilia,</strong></span> <span class='ocrx_word' id='word_1_145' title='bbox 2922 1243 2980 1293; x_wconf 92' lang='lat' dir='ltr'><strong>et</strong></span> <span class='ocrx_word' id='word_1_146' title='bbox 3017 1237 3079 1294; x_wconf 92' lang='lat' dir='ltr'><strong>in</strong></span> <span class='ocrx_word' id='word_1_147' title='bbox 3105 1254 3229 1312; x_wconf 91' lang='lat' dir='ltr'><strong>quo</strong></span> <span class='ocrx_word' id='word_1_148' title='bbox 3259 1239 3468 1295; x_wconf 89' lang='lat' dir='ltr'><strong>omnia</strong></span> <span class='ocrx_word' id='word_1_149' title='bbox 3509 1237 3707 1296; x_wconf 83' lang='lat' dir='ltr'><strong>consi-</strong></span> 
     </span>
    </p>
   </div>
   <div class='ocr_carea' id='block_1_18' title="bbox 343 1325 1966 1408">
    <p class='ocr_par' dir='ltr' id='par_1_18' title="bbox 343 1329 1939 1408">
     <span class='ocr_line' id='line_1_18' title="bbox 343 1329 1939 1408; baseline -0.008 -18"><span class='ocrx_word' id='word_1_150' title='bbox 343 1338 513 1390; x_wconf 85' lang='grc' dir='ltr'>πάντα</span> <span class='ocrx_word' id='word_1_151' title='bbox 565 1339 882 1394; x_wconf 84' lang='grc' dir='ltr'>συνέστηκον</span> <span class='ocrx_word' id='word_1_152' title='bbox 916 1356 928 1368; x_wconf 91' lang='grc'><strong>·</strong></span> <span class='ocrx_word' id='word_1_153' title='bbox 973 1334 1023 1395; x_wconf 84' lang='grc' dir='ltr'><strong>ὃς</strong></span> <span class='ocrx_word' id='word_1_154' title='bbox 1071 1332 1119 1385; x_wconf 81' lang='grc' dir='ltr'><strong>ἐν</strong></span> <span class='ocrx_word' id='word_1_155' title='bbox 1178 1331 1319 1408; x_wconf 71' lang='grc' dir='ltr'>ἀρχῇ</span> <span class='ocrx_word' id='word_1_156' title='bbox 1364 1329 1426 1390; x_wconf 74' lang='grc' dir='ltr'>ἦν</span> <span class='ocrx_word' id='word_1_157' title='bbox 1465 1333 1596 1406; x_wconf 85' lang='grc' dir='ltr'><strong>πρὸς</strong></span> <span class='ocrx_word' id='word_1_158' title='bbox 1650 1331 1738 1382; x_wconf 85' lang='grc' dir='ltr'><strong>τὸν</strong></span> <span class='ocrx_word' id='word_1_159' title='bbox 1791 1329 1939 1394; x_wconf 84' lang='grc' dir='ltr'><strong>Θεὸν,</strong></span> 
     </span>
    </p>
   </div>
   <div class='ocr_carea' id='block_1_19' title="bbox 2084 1325 3707 1408">
    <p class='ocr_par' dir='ltr' id='par_1_19' title="bbox 2089 1325 3707 1400">
     <span class='ocr_line' id='line_1_19' title="bbox 2089 1325 3707 1400; baseline 0.001 -20"><span class='ocrx_word' id='word_1_160' title='bbox 2089 1329 2220 1380; x_wconf 92' lang='lat' dir='ltr'><strong>tunt</strong></span> <span class='ocrx_word' id='word_1_161' title='bbox 2239 1326 2298 1381; x_wconf 76' lang='lat' dir='ltr'><strong>l&quot;2</strong></span> <span class='ocrx_word' id='word_1_162' title='bbox 2327 1325 2431 1398; x_wconf 88' lang='lat' dir='ltr'><strong>qui</strong></span> <span class='ocrx_word' id='word_1_163' title='bbox 2452 1325 2512 1381; x_wconf 92' lang='lat' dir='ltr'><strong>in</strong></span> <span class='ocrx_word' id='word_1_164' title='bbox 2539 1326 2832 1400; x_wconf 88' lang='lat' dir='ltr'><strong>principio</strong></span> <span class='ocrx_word' id='word_1_165' title='bbox 2872 1333 2998 1384; x_wconf 91' lang='lat' dir='ltr'><strong>erat</strong></span> <span class='ocrx_word' id='word_1_166' title='bbox 3037 1327 3202 1400; x_wconf 90' lang='lat' dir='ltr'><strong>apud</strong></span> <span class='ocrx_word' id='word_1_167' title='bbox 3228 1331 3437 1397; x_wconf 82' lang='lat' dir='ltr'><strong>Deum,</strong></span> <span class='ocrx_word' id='word_1_168' title='bbox 3466 1333 3520 1384; x_wconf 91' lang='lat' dir='ltr'><strong>et</strong></span> <span class='ocrx_word' id='word_1_169' title='bbox 3554 1331 3707 1384; x_wconf 90' lang='lat' dir='ltr'><strong>Deus</strong></span> 
     </span>
    </p>
   </div>
   <div class='ocr_carea' id='block_1_20' title="bbox 342 1416 1965 1497">
    <p class='ocr_par' dir='ltr' id='par_1_20' title="bbox 342 1421 1941 1497">
     <span class='ocr_line' id='line_1_20' title="bbox 342 1421 1941 1497; baseline -0.007 -18"><span class='ocrx_word' id='word_1_170' title='bbox 342 1430 432 1480; x_wconf 85' lang='lat' dir='ltr'><strong>xui</strong></span> <span class='ocrx_word' id='word_1_171' title='bbox 486 1427 613 1488; x_wconf 83' lang='grc' dir='ltr'><strong>Οεός</strong></span> <span class='ocrx_word' id='word_1_172' title='bbox 669 1421 773 1483; x_wconf 76' lang='grc' dir='ltr'><strong>ἦν’</strong></span> <span class='ocrx_word' id='word_1_173' title='bbox 828 1430 918 1477; x_wconf 86' lang='lat' dir='ltr'><strong>xui</strong></span> <span class='ocrx_word' id='word_1_174' title='bbox 973 1425 1106 1497; x_wconf 83' lang='grc' dir='ltr'><strong>μετὰ</strong></span> <span class='ocrx_word' id='word_1_175' title='bbox 1148 1429 1336 1489; x_wconf 78' lang='grc' dir='ltr'>ταῦτα,</span> <span class='ocrx_word' id='word_1_176' title='bbox 1386 1423 1524 1472; x_wconf 83' lang='grc' dir='ltr'><strong>κατὰ</strong></span> <span class='ocrx_word' id='word_1_177' title='bbox 1569 1424 1664 1478; x_wconf 75' lang='grc' dir='ltr'><strong>τὴν</strong></span> <span class='ocrx_word' id='word_1_178' title='bbox 1713 1422 1941 1492; x_wconf 70' lang='grc' dir='ltr'><strong>Γραφὴν,</strong></span> 
     </span>
    </p>
   </div>
   <div class='ocr_carea' id='block_1_21' title="bbox 2092 1416 3715 1497">
    <p class='ocr_par' dir='ltr' id='par_1_21' title="bbox 2092 1416 3715 1491">
     <span class='ocr_line' id='line_1_21' title="bbox 2092 1416 3715 1491; baseline 0.002 -21"><span class='ocrx_word' id='word_1_179' title='bbox 2092 1420 2181 1471; x_wconf 89' lang='lat' dir='ltr'><strong>rat</strong></span> <span class='ocrx_word' id='word_1_180' title='bbox 2206 1416 2247 1486; x_wconf 72' lang='grc' dir='ltr'><strong>ε,</strong></span> <span class='ocrx_word' id='word_1_181' title='bbox 2300 1420 2355 1472; x_wconf 89' lang='lat' dir='ltr'><strong>et</strong></span> <span class='ocrx_word' id='word_1_182' title='bbox 2401 1420 2543 1490; x_wconf 90' lang='lat' dir='ltr'><strong>post</strong></span> <span class='ocrx_word' id='word_1_183' title='bbox 2582 1417 2733 1487; x_wconf 77' lang='lat' dir='ltr'><strong>haec,</strong></span> <span class='ocrx_word' id='word_1_184' title='bbox 2778 1416 2950 1488; x_wconf 83' lang='lat' dir='ltr'><strong>juxta</strong></span> <span class='ocrx_word' id='word_1_185' title='bbox 2999 1418 3386 1491; x_wconf 81' lang='lat' dir='ltr'><strong>Scripturam,</strong></span> <span class='ocrx_word' id='word_1_186' title='bbox 3448 1419 3508 1475; x_wconf 91' lang='lat' dir='ltr'><strong>in</strong></span> <span class='ocrx_word' id='word_1_187' title='bbox 3555 1423 3715 1475; x_wconf 89' lang='lat' dir='ltr'><strong>terra</strong></span> 
     </span>
    </p>
   </div>
   <div class='ocr_carea' id='block_1_22' title="bbox 341 1504 1964 1586">
    <p class='ocr_par' dir='ltr' id='par_1_22' title="bbox 341 1509 1944 1586">
     <span class='ocr_line' id='line_1_22' title="bbox 341 1509 1944 1586; baseline -0.006 -18"><span class='ocrx_word' id='word_1_188' title='bbox 341 1513 425 1569; x_wconf 71' lang='grc' dir='ltr'><strong>ἐπὶ</strong></span> <span class='ocrx_word' id='word_1_189' title='bbox 475 1522 570 1577; x_wconf 86' lang='grc' dir='ltr'><strong>τῆς</strong></span> <span class='ocrx_word' id='word_1_190' title='bbox 599 1522 698 1586; x_wconf 80' lang='grc' dir='ltr'><strong>γῆς</strong></span> <span class='ocrx_word' id='word_1_191' title='bbox 736 1517 912 1586; x_wconf 56' lang='grc' dir='ltr'><strong>ὤφθη,</strong></span> <span class='ocrx_word' id='word_1_192' title='bbox 953 1517 1043 1565; x_wconf 84' lang='grc' dir='ltr'><strong>καὶ</strong></span> <span class='ocrx_word' id='word_1_193' title='bbox 1094 1519 1200 1572; x_wconf 84' lang='grc' dir='ltr'>τοῖς</span> <span class='ocrx_word' id='word_1_194' title='bbox 1244 1509 1536 1583; x_wconf 78' lang='grc' dir='ltr'><strong>ἀνθρώποις</strong></span> <span class='ocrx_word' id='word_1_195' title='bbox 1587 1509 1944 1581; x_wconf 82' lang='grc' dir='ltr'><strong>συνανεστρά-</strong></span> 
     </span>
    </p>
   </div>
   <div class='ocr_carea' id='block_1_23' title="bbox 2094 1504 3717 1586">
    <p class='ocr_par' dir='ltr' id='par_1_23' title="bbox 2098 1504 3717 1580">
     <span class='ocr_line' id='line_1_23' title="bbox 2098 1504 3717 1580; baseline 0.001 -21"><span class='ocrx_word' id='word_1_196' title='bbox 2098 1504 2222 1559; x_wconf 91' lang='lat' dir='ltr'><strong>isus</strong></span> <span class='ocrx_word' id='word_1_197' title='bbox 2248 1509 2356 1573; x_wconf 92' lang='lat' dir='ltr'><strong>est,</strong></span> <span class='ocrx_word' id='word_1_198' title='bbox 2384 1512 2600 1561; x_wconf 89' lang='lat' dir='ltr'><strong>etcum</strong></span> <span class='ocrx_word' id='word_1_199' title='bbox 2628 1505 2978 1561; x_wconf 90' lang='lat' dir='ltr'><strong>hominibus</strong></span> <span class='ocrx_word' id='word_1_200' title='bbox 3011 1513 3401 1563; x_wconf 87' lang='lat' dir='ltr'><strong>conversatus</strong></span> <span class='ocrx_word' id='word_1_201' title='bbox 3421 1509 3543 1563; x_wconf 76' lang='lat' dir='ltr'><strong>est&quot;</strong></span> <span class='ocrx_word' id='word_1_202' title='bbox 3571 1525 3584 1564; x_wconf 90' lang='lat'>:</span> <span class='ocrx_word' id='word_1_203' title='bbox 3610 1505 3717 1580; x_wconf 89' lang='lat' dir='ltr'><strong>qui</strong></span> 
     </span>
    </p>
   </div>
   <div class='ocr_carea' id='block_1_24' title="bbox 346 1594 1969 1678">
    <p class='ocr_par' dir='ltr' id='par_1_24' title="bbox 346 1597 1947 1678">
     <span class='ocr_line' id='line_1_24' title="bbox 346 1597 1947 1678; baseline -0.006 -21"><span class='ocrx_word' id='word_1_204' title='bbox 346 1623 413 1678; x_wconf 71' lang='grc' dir='ltr'><strong>φη</strong></span> <span class='ocrx_word' id='word_1_205' title='bbox 449 1623 463 1638; x_wconf 93' lang='grc'><strong>·</strong></span> <span class='ocrx_word' id='word_1_206' title='bbox 523 1603 573 1664; x_wconf 86' lang='grc' dir='ltr'><strong>ὃς</strong></span> <span class='ocrx_word' id='word_1_207' title='bbox 631 1601 681 1656; x_wconf 80' lang='grc' dir='ltr'><strong>ἓν</strong></span> <span class='ocrx_word' id='word_1_208' title='bbox 743 1610 916 1677; x_wconf 72' lang='grc' dir='ltr'>μορφῇ</span> <span class='ocrx_word' id='word_1_209' title='bbox 985 1607 1118 1655; x_wconf 77' lang='grc' dir='ltr'><strong>Θεοῦ</strong></span> <span class='ocrx_word' id='word_1_210' title='bbox 1181 1601 1458 1675; x_wconf 77' lang='grc' dir='ltr'><strong>ὑπάρχων,</strong></span> <span class='ocrx_word' id='word_1_211' title='bbox 1518 1598 1624 1670; x_wconf 66' lang='grc' dir='ltr'><strong>οὐχ</strong></span> <span class='ocrx_word' id='word_1_212' title='bbox 1673 1597 1947 1672; x_wconf 81' lang='grc' dir='ltr'>ἁρπαγμὸν</span> 
     </span>
    </p>
   </div>
   <div class='ocr_carea' id='block_1_25' title="bbox 2094 1594 3717 1678">
    <p class='ocr_par' dir='ltr' id='par_1_25' title="bbox 2099 1594 3717 1670">
     <span class='ocr_line' id='line_1_25' title="bbox 2099 1594 3717 1670; baseline 0.001 -20"><span class='ocrx_word' id='word_1_213' title='bbox 2099 1611 2198 1650; x_wconf 90' lang='lat' dir='ltr'><strong>um</strong></span> <span class='ocrx_word' id='word_1_214' title='bbox 2223 1594 2283 1650; x_wconf 89' lang='lat' dir='ltr'><strong>in</strong></span> <span class='ocrx_word' id='word_1_215' title='bbox 2316 1595 2510 1652; x_wconf 88' lang='lat' dir='ltr'><strong>forma</strong></span> <span class='ocrx_word' id='word_1_216' title='bbox 2557 1595 2659 1651; x_wconf 91' lang='lat' dir='ltr'><strong>Dei</strong></span> <span class='ocrx_word' id='word_1_217' title='bbox 2697 1601 2874 1667; x_wconf 90' lang='lat' dir='ltr'><strong>esset,</strong></span> <span class='ocrx_word' id='word_1_218' title='bbox 2922 1611 3043 1652; x_wconf 89' lang='lat' dir='ltr'><strong>non</strong></span> <span class='ocrx_word' id='word_1_219' title='bbox 3074 1597 3355 1670; x_wconf 85' lang='lat' dir='ltr'><strong>rapinam</strong></span> <span class='ocrx_word' id='word_1_220' title='bbox 3393 1597 3717 1653; x_wconf 90' lang='lat' dir='ltr'><strong>arbitratus</strong></span> 
     </span>
    </p>
   </div>
   <div class='ocr_carea' id='block_1_26' title="bbox 345 1685 1968 1766">
    <p class='ocr_par' dir='ltr' id='par_1_26' title="bbox 345 1685 1947 1766">
     <span class='ocr_line' id='line_1_26' title="bbox 345 1685 1947 1766; baseline -0.007 -17"><span class='ocrx_word' id='word_1_221' title='bbox 345 1695 590 1766; x_wconf 76' lang='grc' dir='ltr'>ἡγήσατο</span> <span class='ocrx_word' id='word_1_222' title='bbox 653 1695 714 1746; x_wconf 83' lang='grc' dir='ltr'><strong>τὸ</strong></span> <span class='ocrx_word' id='word_1_223' title='bbox 775 1689 905 1744; x_wconf 85' lang='grc' dir='ltr'>εἶναι</span> <span class='ocrx_word' id='word_1_224' title='bbox 961 1695 1055 1744; x_wconf 81' lang='grc' dir='ltr'>ἶσα</span> <span class='ocrx_word' id='word_1_225' title='bbox 1119 1696 1254 1760; x_wconf 82' lang='grc' dir='ltr'><strong>Θεῷ,</strong></span> <span class='ocrx_word' id='word_1_226' title='bbox 1311 1686 1418 1740; x_wconf 83' lang='grc' dir='ltr'>ἀλλ’</span> <span class='ocrx_word' id='word_1_227' title='bbox 1477 1688 1656 1741; x_wconf 82' lang='grc' dir='ltr'>ἑαυτὸν</span> <span class='ocrx_word' id='word_1_228' title='bbox 1714 1685 1947 1754; x_wconf 82' lang='grc' dir='ltr'><strong>ἐκένωσε,</strong></span> 
     </span>
    </p>
   </div>
   <div class='ocr_carea' id='block_1_27' title="bbox 2095 1685 3718 1766">
    <p class='ocr_par' dir='ltr' id='par_1_27' title="bbox 2097 1685 3718 1760">
     <span class='ocr_line' id='line_1_27' title="bbox 2097 1685 3718 1760; baseline 0.001 -20"><span class='ocrx_word' id='word_1_229' title='bbox 2097 1690 2150 1741; x_wconf 91' lang='lat' dir='ltr'><strong>st</strong></span> <span class='ocrx_word' id='word_1_230' title='bbox 2172 1701 2304 1740; x_wconf 89' lang='lat' dir='ltr'><strong>esse</strong></span> <span class='ocrx_word' id='word_1_231' title='bbox 2331 1703 2393 1740; x_wconf 92' lang='lat' dir='ltr'><strong>se</strong></span> <span class='ocrx_word' id='word_1_232' title='bbox 2417 1685 2716 1758; x_wconf 68' lang='lat' dir='ltr'><strong>aequalem</strong></span> <span class='ocrx_word' id='word_1_233' title='bbox 2749 1687 2888 1752; x_wconf 90' lang='lat' dir='ltr'><strong>Deo,</strong></span> <span class='ocrx_word' id='word_1_234' title='bbox 2924 1686 3031 1742; x_wconf 93' lang='lat' dir='ltr'><strong>sed</strong></span> <span class='ocrx_word' id='word_1_235' title='bbox 3071 1688 3469 1760; x_wconf 89' lang='lat' dir='ltr'><strong>semetipsum</strong></span> <span class='ocrx_word' id='word_1_236' title='bbox 3513 1687 3718 1744; x_wconf 79' lang='lat' dir='ltr'><strong>exina-</strong></span> 
     </span>
    </p>
   </div>
   <div class='ocr_carea' id='block_1_28' title="bbox 347 1773 1970 1857">
    <p class='ocr_par' dir='ltr' id='par_1_28' title="bbox 347 1773 1952 1857">
     <span class='ocr_line' id='line_1_28' title="bbox 347 1773 1952 1857; baseline -0.005 -21"><span class='ocrx_word' id='word_1_237' title='bbox 347 1787 439 1836; x_wconf 79' lang='grc' dir='ltr'>καί</span> <span class='ocrx_word' id='word_1_238' title='bbox 487 1779 584 1836; x_wconf 80' lang='grc' dir='ltr'>διὰ</span> <span class='ocrx_word' id='word_1_239' title='bbox 626 1789 721 1844; x_wconf 84' lang='grc' dir='ltr'><strong>τῆς</strong></span> <span class='ocrx_word' id='word_1_240' title='bbox 760 1780 816 1835; x_wconf 75' lang='grc' dir='ltr'><strong>ἐκ</strong></span> <span class='ocrx_word' id='word_1_241' title='bbox 861 1783 1123 1857; x_wconf 80' lang='grc' dir='ltr'><strong>Παρθένου</strong></span> <span class='ocrx_word' id='word_1_242' title='bbox 1172 1782 1460 1851; x_wconf 69' lang='grc' dir='ltr'><strong>’γεννήσεως</strong></span> <span class='ocrx_word' id='word_1_243' title='bbox 1497 1780 1698 1852; x_wconf 70' lang='grc' dir='ltr'>μορφὴν</span> <span class='ocrx_word' id='word_1_244' title='bbox 1761 1773 1952 1829; x_wconf 78' lang='grc' dir='ltr'>δούλου</span> 
     </span>
    </p>
   </div>
   <div class='ocr_carea' id='block_1_29' title="bbox 2098 1773 3721 1857">
    <p class='ocr_par' dir='ltr' id='par_1_29' title="bbox 2098 1773 3721 1846">
     <span class='ocr_line' id='line_1_29' title="bbox 2098 1773 3721 1846; baseline 0.001 -16"><span class='ocrx_word' id='word_1_245' title='bbox 2098 1773 2240 1830; x_wconf 90' lang='lat' dir='ltr'><strong>.ivit:</strong></span> <span class='ocrx_word' id='word_1_246' title='bbox 2273 1778 2327 1830; x_wconf 91' lang='lat' dir='ltr'><strong>et</strong></span> <span class='ocrx_word' id='word_1_247' title='bbox 2353 1789 2460 1846; x_wconf 92' lang='lat' dir='ltr'><strong>per</strong></span> <span class='ocrx_word' id='word_1_248' title='bbox 2481 1774 2858 1831; x_wconf 84' lang='lat' dir='ltr'><strong>nativitatem</strong></span> <span class='ocrx_word' id='word_1_249' title='bbox 2885 1791 2955 1830; x_wconf 82' lang='lat' dir='ltr'><strong>ex</strong></span> <span class='ocrx_word' id='word_1_250' title='bbox 2979 1775 3234 1846; x_wconf 86' lang='lat' dir='ltr'><strong>Virgine,</strong></span> <span class='ocrx_word' id='word_1_251' title='bbox 3269 1775 3527 1833; x_wconf 88' lang='lat' dir='ltr'><strong>formam</strong></span> <span class='ocrx_word' id='word_1_252' title='bbox 3567 1775 3721 1832; x_wconf 84' lang='lat' dir='ltr'><strong>servi</strong></span> 
     </span>
    </p>
   </div>
   <div class='ocr_carea' id='block_1_30' title="bbox 349 1864 1972 1944">
    <p class='ocr_par' dir='ltr' id='par_1_30' title="bbox 349 1867 1956 1944">
     <span class='ocr_line' id='line_1_30' title="bbox 349 1867 1956 1944; baseline -0.004 -19"><span class='ocrx_word' id='word_1_253' title='bbox 349 1870 542 1944; x_wconf 79' lang='grc' dir='ltr'>λαϐὼν,</span> <span class='ocrx_word' id='word_1_254' title='bbox 590 1877 680 1925; x_wconf 83' lang='lat' dir='ltr'><strong>xui</strong></span> <span class='ocrx_word' id='word_1_255' title='bbox 739 1876 984 1944; x_wconf 75' lang='grc' dir='ltr'>σχήματι</span> <span class='ocrx_word' id='word_1_256' title='bbox 1037 1870 1259 1942; x_wconf 82' lang='grc' dir='ltr'><strong>εὑρεθεὶς</strong></span> <span class='ocrx_word' id='word_1_257' title='bbox 1315 1871 1385 1931; x_wconf 84' lang='grc' dir='ltr'><strong>ὡς</strong></span> <span class='ocrx_word' id='word_1_258' title='bbox 1435 1869 1725 1943; x_wconf 83' lang='grc' dir='ltr'><strong>ἄνθρωπος,</strong></span> <span class='ocrx_word' id='word_1_259' title='bbox 1786 1867 1956 1918; x_wconf 83' lang='grc' dir='ltr'><strong>πάντα</strong></span> 
     </span>
    </p>
   </div>
   <div class='ocr_carea' id='block_1_31' title="bbox 2099 1864 3722 1944">
    <p class='ocr_par' dir='ltr' id='par_1_31' title="bbox 2099 1864 3722 1939">
     <span class='ocr_line' id='line_1_31' title="bbox 2099 1864 3722 1939; baseline 0.001 -21"><span class='ocrx_word' id='word_1_260' title='bbox 2099 1864 2388 1937; x_wconf 91' lang='lat' dir='ltr'><strong>ccipiens,</strong></span> <span class='ocrx_word' id='word_1_261' title='bbox 2419 1869 2476 1920; x_wconf 90' lang='lat' dir='ltr'><strong>et</strong></span> <span class='ocrx_word' id='word_1_262' title='bbox 2499 1864 2710 1921; x_wconf 85' lang='lat' dir='ltr'><strong>habitu</strong></span> <span class='ocrx_word' id='word_1_263' title='bbox 2739 1865 3020 1920; x_wconf 91' lang='lat' dir='ltr'><strong>inventus</strong></span> <span class='ocrx_word' id='word_1_264' title='bbox 3043 1872 3106 1921; x_wconf 90' lang='lat' dir='ltr'><strong>ut</strong></span> <span class='ocrx_word' id='word_1_265' title='bbox 3125 1867 3331 1934; x_wconf 90' lang='lat' dir='ltr'><strong>homo,</strong></span> <span class='ocrx_word' id='word_1_266' title='bbox 3361 1867 3567 1924; x_wconf 91' lang='lat' dir='ltr'><strong>omnia</strong></span> <span class='ocrx_word' id='word_1_267' title='bbox 3587 1881 3722 1939; x_wconf 66' lang='lat' dir='ltr'><strong>quae</strong></span> 
     </span>
    </p>
   </div>
   <div class='ocr_carea' id='block_1_32' title="bbox 351 1953 1974 2034">
    <p class='ocr_par' dir='ltr' id='par_1_32' title="bbox 351 1953 1953 2034">
     <span class='ocr_line' id='line_1_32' title="bbox 351 1953 1953 2034; baseline -0.003 -18"><span class='ocrx_word' id='word_1_268' title='bbox 351 1965 418 2016; x_wconf 83' lang='grc' dir='ltr'><strong>τὰ</strong></span> <span class='ocrx_word' id='word_1_269' title='bbox 459 1962 532 2025; x_wconf 84' lang='grc' dir='ltr'><strong>εἰς</strong></span> <span class='ocrx_word' id='word_1_270' title='bbox 587 1961 742 2014; x_wconf 68' lang='grc' dir='ltr'>αὐτὸν</span> <span class='ocrx_word' id='word_1_271' title='bbox 795 1965 885 2013; x_wconf 85' lang='grc' dir='ltr'><strong>καὶ</strong></span> <span class='ocrx_word' id='word_1_272' title='bbox 929 1963 1049 2034; x_wconf 84' lang='grc' dir='ltr'><strong>περὶ</strong></span> <span class='ocrx_word' id='word_1_273' title='bbox 1088 1957 1247 2010; x_wconf 74' lang='grc' dir='ltr'>αὐτοῦ</span> <span class='ocrx_word' id='word_1_274' title='bbox 1279 1958 1392 2028; x_wconf 81' lang='lat' dir='ltr'><strong>(2t)</strong></span> <span class='ocrx_word' id='word_1_275' title='bbox 1422 1959 1755 2032; x_wconf 75' lang='grc' dir='ltr'>’γεγραμμένα</span> <span class='ocrx_word' id='word_1_276' title='bbox 1792 1953 1953 2012; x_wconf 80' lang='grc' dir='ltr'><strong>ἐπλὴ-</strong></span> 
     </span>
    </p>
   </div>
   <div class='ocr_carea' id='block_1_33' title="bbox 2104 1953 3727 2034">
    <p class='ocr_par' dir='ltr' id='par_1_33' title="bbox 2104 1954 3727 2029">
     <span class='ocr_line' id='line_1_33' title="bbox 2104 1954 3727 2029; baseline 0.001 -18"><span class='ocrx_word' id='word_1_277' title='bbox 2104 1971 2129 2011; x_wconf 85' lang='lat'><strong>1</strong></span> <span class='ocrx_word' id='word_1_278' title='bbox 2156 1956 2358 2027; x_wconf 89' lang='lat' dir='ltr'><strong>ipsum</strong></span> <span class='ocrx_word' id='word_1_279' title='bbox 2389 1959 2447 2011; x_wconf 90' lang='lat' dir='ltr'><strong>et</strong></span> <span class='ocrx_word' id='word_1_280' title='bbox 2474 1954 2550 2012; x_wconf 93' lang='lat' dir='ltr'><strong>de</strong></span> <span class='ocrx_word' id='word_1_281' title='bbox 2578 1955 2712 2028; x_wconf 90' lang='lat' dir='ltr'><strong>ipso</strong></span> <span class='ocrx_word' id='word_1_282' title='bbox 2739 1955 2961 2028; x_wconf 85' lang='lat' dir='ltr'><strong>scripta</strong></span> <span class='ocrx_word' id='word_1_283' title='bbox 2988 1961 3150 2026; x_wconf 89' lang='lat' dir='ltr'><strong>sunt,</strong></span> <span class='ocrx_word' id='word_1_284' title='bbox 3189 1956 3484 2029; x_wconf 88' lang='lat' dir='ltr'><strong>implevit,</strong></span> <span class='ocrx_word' id='word_1_285' title='bbox 3516 1971 3727 2013; x_wconf 85' lang='lat' dir='ltr'><strong>secun-</strong></span> 
     </span>
    </p>
   </div>
   <div class='ocr_carea' id='block_1_34' title="bbox 355 2044 1978 2127">
    <p class='ocr_par' dir='ltr' id='par_1_34' title="bbox 355 2046 1956 2127">
     <span class='ocr_line' id='line_1_34' title="bbox 355 2046 1956 2127; baseline -0.004 -23"><span class='ocrx_word' id='word_1_286' title='bbox 355 2070 492 2127; x_wconf 81' lang='grc' dir='ltr'><strong>ρωσε</strong></span> <span class='ocrx_word' id='word_1_287' title='bbox 546 2053 682 2104; x_wconf 80' lang='grc' dir='ltr'><strong>κατὰ</strong></span> <span class='ocrx_word' id='word_1_288' title='bbox 721 2055 780 2109; x_wconf 82' lang='grc' dir='ltr'><strong>τὴ</strong></span> <span class='ocrx_word' id='word_1_289' title='bbox 837 2048 1042 2107; x_wconf 73' lang='grc' dir='ltr'>ἐντολὴν</span> <span class='ocrx_word' id='word_1_290' title='bbox 1097 2053 1189 2100; x_wconf 78' lang='grc' dir='ltr'><strong>τοῦ</strong></span> <span class='ocrx_word' id='word_1_291' title='bbox 1248 2049 1471 2122; x_wconf 78' lang='grc' dir='ltr'><strong>Πατρός,</strong></span> <span class='ocrx_word' id='word_1_292' title='bbox 1528 2049 1794 2119; x_wconf 72' lang='grc' dir='ltr'><strong>γενόμενος</strong></span> <span class='ocrx_word' id='word_1_293' title='bbox 1849 2046 1956 2098; x_wconf 79' lang='grc' dir='ltr'><strong>ὐπ-</strong></span> 
     </span>
    </p>
   </div>
   <div class='ocr_carea' id='block_1_35' title="bbox 2106 2044 3729 2127">
    <p class='ocr_par' dir='ltr' id='par_1_35' title="bbox 2106 2044 3729 2120">
     <span class='ocr_line' id='line_1_35' title="bbox 2106 2044 3729 2120; baseline 0.001 -20"><span class='ocrx_word' id='word_1_294' title='bbox 2106 2061 2216 2101; x_wconf 91' lang='lat' dir='ltr'><strong>.um</strong></span> <span class='ocrx_word' id='word_1_295' title='bbox 2236 2045 2422 2101; x_wconf 89' lang='lat' dir='ltr'><strong>Patris</strong></span> <span class='ocrx_word' id='word_1_296' title='bbox 2453 2050 2842 2118; x_wconf 67' lang='lat' dir='ltr'><strong>praeceptum,</strong></span> <span class='ocrx_word' id='word_1_297' title='bbox 2879 2045 3072 2101; x_wconf 90' lang='lat' dir='ltr'><strong>factus</strong></span> <span class='ocrx_word' id='word_1_298' title='bbox 3101 2045 3391 2102; x_wconf 90' lang='lat' dir='ltr'><strong>obediens</strong></span> <span class='ocrx_word' id='word_1_299' title='bbox 3424 2063 3618 2120; x_wconf 90' lang='lat' dir='ltr'><strong>usque</strong></span> <span class='ocrx_word' id='word_1_300' title='bbox 3649 2044 3729 2102; x_wconf 90' lang='lat' dir='ltr'><strong>ad</strong></span> 
     </span>
    </p>
   </div>
   <div class='ocr_carea' id='block_1_36' title="bbox 361 2132 1984 2214">
    <p class='ocr_par' dir='ltr' id='par_1_36' title="bbox 361 2132 1952 2214">
     <span class='ocr_line' id='line_1_36' title="bbox 361 2132 1952 2214; baseline -0.004 -21"><span class='ocrx_word' id='word_1_301' title='bbox 361 2145 518 2202; x_wconf 82' lang='grc' dir='ltr'><strong>ἠκοος</strong></span> <span class='ocrx_word' id='word_1_302' title='bbox 569 2143 732 2214; x_wconf 77' lang='grc' dir='ltr'>μέχρι</span> <span class='ocrx_word' id='word_1_303' title='bbox 773 2141 1009 2205; x_wconf 85' lang='grc' dir='ltr'><strong>θανάτον,</strong></span> <span class='ocrx_word' id='word_1_304' title='bbox 1059 2137 1281 2190; x_wconf 80' lang='grc' dir='ltr'>θανάτου</span> <span class='ocrx_word' id='word_1_305' title='bbox 1315 2132 1375 2188; x_wconf 71' lang='grc' dir='ltr'><strong>δὲ</strong></span> <span class='ocrx_word' id='word_1_306' title='bbox 1424 2143 1654 2210; x_wconf 76' lang='grc' dir='ltr'>σταυροῦ</span> <span class='ocrx_word' id='word_1_307' title='bbox 1686 2152 1698 2165; x_wconf 84' lang='lat'><strong><em>°</em></strong></span> <span class='ocrx_word' id='word_1_308' title='bbox 1745 2139 1835 2187; x_wconf 88' lang='lat' dir='ltr'><strong>xui</strong></span> <span class='ocrx_word' id='word_1_309' title='bbox 1890 2143 1952 2207; x_wconf 75' lang='grc' dir='ltr'><strong>τῇ</strong></span> 
     </span>
    </p>
   </div>
   <div class='ocr_carea' id='block_1_37' title="bbox 2106 2132 3729 2214">
    <p class='ocr_par' dir='ltr' id='par_1_37' title="bbox 2106 2135 3729 2210">
     <span class='ocr_line' id='line_1_37' title="bbox 2106 2135 3729 2210; baseline 0.001 -19"><span class='ocrx_word' id='word_1_310' title='bbox 2106 2138 2348 2209; x_wconf 66' lang='lat' dir='ltr'><strong>mortem,</strong></span> <span class='ocrx_word' id='word_1_311' title='bbox 2378 2140 2632 2190; x_wconf 92' lang='lat' dir='ltr'><strong>mortem</strong></span> <span class='ocrx_word' id='word_1_312' title='bbox 2655 2139 2857 2191; x_wconf 92' lang='lat' dir='ltr'><strong>autem</strong></span> <span class='ocrx_word' id='word_1_313' title='bbox 2889 2135 3084 2190; x_wconf 91' lang='lat' dir='ltr'><strong>crucis</strong></span> <span class='ocrx_word' id='word_1_314' title='bbox 3107 2136 3151 2190; x_wconf 81' lang='grc'><strong>⁸.</strong></span> <span class='ocrx_word' id='word_1_315' title='bbox 3182 2138 3248 2190; x_wconf 88' lang='lat' dir='ltr'><strong>Et</strong></span> <span class='ocrx_word' id='word_1_316' title='bbox 3268 2141 3592 2210; x_wconf 90' lang='lat' dir='ltr'><strong>postquam</strong></span> <span class='ocrx_word' id='word_1_317' title='bbox 3618 2140 3729 2192; x_wconf 87' lang='lat' dir='ltr'><strong>ter-</strong></span> 
     </span>
    </p>
   </div>
   <div class='ocr_carea' id='block_1_38' title="bbox 358 2224 1981 2305">
    <p class='ocr_par' dir='ltr' id='par_1_38' title="bbox 358 2226 1955 2305">
     <span class='ocr_line' id='line_1_38' title="bbox 358 2226 1955 2305; baseline -0.004 -22"><span class='ocrx_word' id='word_1_318' title='bbox 358 2233 508 2305; x_wconf 78' lang='grc' dir='ltr'>τρίτῃ</span> <span class='ocrx_word' id='word_1_319' title='bbox 568 2231 739 2304; x_wconf 75' lang='grc' dir='ltr'>ἡμέρᾳ</span> <span class='ocrx_word' id='word_1_320' title='bbox 791 2227 1010 2303; x_wconf 73' lang='grc' dir='ltr'><strong>ἐγερθεὶς</strong></span> <span class='ocrx_word' id='word_1_321' title='bbox 1056 2229 1112 2279; x_wconf 74' lang='grc' dir='ltr'><strong>ἐκ</strong></span> <span class='ocrx_word' id='word_1_322' title='bbox 1161 2234 1372 2300; x_wconf 76' lang='grc' dir='ltr'><strong>νεκρῶν,</strong></span> <span class='ocrx_word' id='word_1_323' title='bbox 1412 2227 1548 2278; x_wconf 79' lang='grc' dir='ltr'><strong>κατὰ</strong></span> <span class='ocrx_word' id='word_1_324' title='bbox 1586 2227 1682 2288; x_wconf 81' lang='grc' dir='ltr'>τὰς</span> <span class='ocrx_word' id='word_1_325' title='bbox 1729 2226 1955 2301; x_wconf 72' lang='grc' dir='ltr'><strong>Γραφὰς,</strong></span> 
     </span>
    </p>
   </div>
   <div class='ocr_carea' id='block_1_39' title="bbox 2108 2224 3731 2305">
    <p class='ocr_par' dir='ltr' id='par_1_39' title="bbox 2115 2224 3731 2296">
     <span class='ocr_line' id='line_1_39' title="bbox 2115 2224 3731 2296; baseline 0 -17"><span class='ocrx_word' id='word_1_326' title='bbox 2115 2241 2152 2279; x_wconf 92' lang='lat' dir='ltr'><strong>a</strong></span> <span class='ocrx_word' id='word_1_327' title='bbox 2170 2224 2266 2279; x_wconf 92' lang='lat' dir='ltr'><strong>die</strong></span> <span class='ocrx_word' id='word_1_328' title='bbox 2288 2224 2714 2280; x_wconf 82' lang='lat' dir='ltr'><strong>resurrexisset</strong></span> <span class='ocrx_word' id='word_1_329' title='bbox 2734 2239 2770 2279; x_wconf 90' lang='lat' dir='ltr'><strong>a</strong></span> <span class='ocrx_word' id='word_1_330' title='bbox 2805 2224 3076 2292; x_wconf 91' lang='lat' dir='ltr'><strong>mortuis,</strong></span> <span class='ocrx_word' id='word_1_331' title='bbox 3108 2225 3447 2281; x_wconf 90' lang='lat' dir='ltr'><strong>secundum</strong></span> <span class='ocrx_word' id='word_1_332' title='bbox 3472 2225 3731 2296; x_wconf 87' lang='lat' dir='ltr'><strong>Scriptu-</strong></span> 
     </span>
    </p>
   </div>
   <div class='ocr_carea' id='block_1_40' title="bbox 361 2313 1984 2392">
    <p class='ocr_par' dir='ltr' id='par_1_40' title="bbox 361 2313 1957 2392">
     <span class='ocr_line' id='line_1_40' title="bbox 361 2313 1957 2392; baseline -0.004 -20"><span class='ocrx_word' id='word_1_333' title='bbox 361 2322 504 2392; x_wconf 74' lang='grc' dir='ltr'><strong>ὤφθη</strong></span> <span class='ocrx_word' id='word_1_334' title='bbox 559 2327 671 2380; x_wconf 85' lang='grc' dir='ltr'>τοῖς</span> <span class='ocrx_word' id='word_1_335' title='bbox 727 2318 900 2390; x_wconf 71' lang='grc' dir='ltr'>ἁγίοις</span> <span class='ocrx_word' id='word_1_336' title='bbox 929 2317 1088 2370; x_wconf 72' lang='grc' dir='ltr'>αὑτοῦ</span> <span class='ocrx_word' id='word_1_337' title='bbox 1128 2318 1412 2390; x_wconf 75' lang='grc' dir='ltr'><strong>μαθηταῖς,</strong></span> <span class='ocrx_word' id='word_1_338' title='bbox 1462 2319 1551 2366; x_wconf 87' lang='grc' dir='ltr'><strong>καὶ</strong></span> <span class='ocrx_word' id='word_1_339' title='bbox 1590 2321 1694 2375; x_wconf 88' lang='grc' dir='ltr'>τοῖς</span> <span class='ocrx_word' id='word_1_340' title='bbox 1736 2313 1957 2382; x_wconf 82' lang='grc' dir='ltr'><strong>λοιποῖς,</strong></span> 
     </span>
    </p>
   </div>
   <div class='ocr_carea' id='block_1_41' title="bbox 2107 2313 3730 2392">
    <p class='ocr_par' dir='ltr' id='par_1_41' title="bbox 2107 2313 3730 2389">
     <span class='ocr_line' id='line_1_41' title="bbox 2107 2313 3730 2389; baseline 0 -20"><span class='ocrx_word' id='word_1_341' title='bbox 2107 2316 2228 2383; x_wconf 67' lang='lat' dir='ltr'><strong>as”,</strong></span> <span class='ocrx_word' id='word_1_342' title='bbox 2258 2314 2420 2369; x_wconf 90' lang='lat' dir='ltr'><strong>visus</strong></span> <span class='ocrx_word' id='word_1_343' title='bbox 2445 2319 2534 2370; x_wconf 90' lang='lat' dir='ltr'><strong>est</strong></span> <span class='ocrx_word' id='word_1_344' title='bbox 2578 2313 2798 2370; x_wconf 90' lang='lat' dir='ltr'><strong>sanctis</strong></span> <span class='ocrx_word' id='word_1_345' title='bbox 2830 2314 2953 2369; x_wconf 90' lang='lat' dir='ltr'><strong>suis</strong></span> <span class='ocrx_word' id='word_1_346' title='bbox 2979 2314 3313 2388; x_wconf 87' lang='lat' dir='ltr'><strong>discipulis,</strong></span> <span class='ocrx_word' id='word_1_347' title='bbox 3349 2331 3418 2371; x_wconf 89' lang='lat' dir='ltr'><strong>ac</strong></span> <span class='ocrx_word' id='word_1_348' title='bbox 3462 2314 3730 2389; x_wconf 90' lang='lat' dir='ltr'><strong>reliquis,</strong></span> 
     </span>
    </p>
   </div>
   <div class='ocr_carea' id='block_1_42' title="bbox 361 2403 1984 2484">
    <p class='ocr_par' dir='ltr' id='par_1_42' title="bbox 361 2404 1962 2482">
     <span class='ocr_line' id='line_1_42' title="bbox 361 2404 1962 2482; baseline -0.004 -22"><span class='ocrx_word' id='word_1_349' title='bbox 361 2410 429 2470; x_wconf 82' lang='grc' dir='ltr'><strong>ὡς</strong></span> <span class='ocrx_word' id='word_1_350' title='bbox 487 2413 780 2482; x_wconf 74' lang='grc' dir='ltr'><strong>γέγραπται</strong></span> <span class='ocrx_word' id='word_1_351' title='bbox 809 2427 823 2442; x_wconf 73' lang='grc' dir='ltr'>ο</span> <span class='ocrx_word' id='word_1_352' title='bbox 875 2405 1027 2465; x_wconf 75' lang='grc' dir='ltr'>ἀνέϐη</span> <span class='ocrx_word' id='word_1_353' title='bbox 1073 2424 1128 2458; x_wconf 81' lang='grc' dir='ltr'>τι</span> <span class='ocrx_word' id='word_1_354' title='bbox 1178 2405 1250 2467; x_wconf 79' lang='grc' dir='ltr'><strong>εἰς</strong></span> <span class='ocrx_word' id='word_1_355' title='bbox 1304 2404 1551 2477; x_wconf 73' lang='grc' dir='ltr'><strong>οὐρανοὺς</strong></span> <span class='ocrx_word' id='word_1_356' title='bbox 1592 2408 1683 2456; x_wconf 86' lang='grc' dir='ltr'><strong>καὶ</strong></span> <span class='ocrx_word' id='word_1_357' title='bbox 1732 2405 1962 2462; x_wconf 77' lang='grc' dir='ltr'>κάθηται</span> 
     </span>
    </p>
   </div>
   <div class='ocr_carea' id='block_1_43' title="bbox 2111 2403 3734 2484">
    <p class='ocr_par' dir='ltr' id='par_1_43' title="bbox 2111 2404 3734 2477">
     <span class='ocr_line' id='line_1_43' title="bbox 2111 2404 3734 2477; baseline 0.001 -18"><span class='ocrx_word' id='word_1_358' title='bbox 2111 2404 2223 2459; x_wconf 83' lang='lat' dir='ltr'><strong>icut</strong></span> <span class='ocrx_word' id='word_1_359' title='bbox 2268 2405 2562 2476; x_wconf 91' lang='lat' dir='ltr'><strong>scriptum</strong></span> <span class='ocrx_word' id='word_1_360' title='bbox 2610 2409 2718 2460; x_wconf 85' lang='lat' dir='ltr'><strong>est.</strong></span> <span class='ocrx_word' id='word_1_361' title='bbox 2749 2407 2814 2459; x_wconf 88' lang='lat' dir='ltr'><strong>Et</strong></span> <span class='ocrx_word' id='word_1_362' title='bbox 2846 2404 3116 2460; x_wconf 89' lang='lat' dir='ltr'><strong>ascendit</strong></span> <span class='ocrx_word' id='word_1_363' title='bbox 3145 2405 3206 2460; x_wconf 93' lang='lat' dir='ltr'><strong>in</strong></span> <span class='ocrx_word' id='word_1_364' title='bbox 3238 2405 3443 2477; x_wconf 71' lang='lat' dir='ltr'><strong>cmlos,</strong></span> <span class='ocrx_word' id='word_1_365' title='bbox 3477 2410 3533 2462; x_wconf 91' lang='lat' dir='ltr'><strong>et</strong></span> <span class='ocrx_word' id='word_1_366' title='bbox 3566 2406 3734 2462; x_wconf 89' lang='lat' dir='ltr'><strong>sedet</strong></span> 
     </span>
    </p>
   </div>
   <div class='ocr_carea' id='block_1_44' title="bbox 358 2493 1981 2572">
    <p class='ocr_par' dir='ltr' id='par_1_44' title="bbox 358 2493 1964 2572">
     <span class='ocr_line' id='line_1_44' title="bbox 358 2493 1964 2572; baseline -0.004 -21"><span class='ocrx_word' id='word_1_367' title='bbox 358 2496 406 2551; x_wconf 73' lang='grc' dir='ltr'><strong>ἓν</strong></span> <span class='ocrx_word' id='word_1_368' title='bbox 465 2493 618 2569; x_wconf 74' lang='grc' dir='ltr'>δεξιᾷ</span> <span class='ocrx_word' id='word_1_369' title='bbox 674 2505 768 2550; x_wconf 84' lang='grc' dir='ltr'><strong>τοῦ</strong></span> <span class='ocrx_word' id='word_1_370' title='bbox 827 2499 1079 2572; x_wconf 83' lang='grc' dir='ltr'>Πατρός·</span> <span class='ocrx_word' id='word_1_371' title='bbox 1132 2497 1242 2547; x_wconf 83' lang='grc' dir='ltr'><strong>ὅθεν</strong></span> <span class='ocrx_word' id='word_1_372' title='bbox 1302 2496 1514 2568; x_wconf 77' lang='grc' dir='ltr'>ἔρχεται</span> <span class='ocrx_word' id='word_1_373' title='bbox 1570 2495 1654 2546; x_wconf 81' lang='grc' dir='ltr'><strong>ἐπὶ</strong></span> <span class='ocrx_word' id='word_1_374' title='bbox 1700 2493 1964 2565; x_wconf 77' lang='grc' dir='ltr'>συντελείᾳ</span> 
     </span>
    </p>
   </div>
   <div class='ocr_carea' id='block_1_45' title="bbox 2108 2493 3731 2572">
    <p class='ocr_par' dir='ltr' id='par_1_45' title="bbox 2108 2493 3731 2566">
     <span class='ocr_line' id='line_1_45' title="bbox 2108 2493 3731 2566; baseline 0.003 -17"><span class='ocrx_word' id='word_1_375' title='bbox 2108 2510 2132 2549; x_wconf 73' lang='lat'><strong>1</strong></span> <span class='ocrx_word' id='word_1_376' title='bbox 2159 2495 2370 2551; x_wconf 79' lang='lat' dir='ltr'><strong>dextra</strong></span> <span class='ocrx_word' id='word_1_377' title='bbox 2393 2494 2604 2566; x_wconf 90' lang='lat' dir='ltr'><strong>Patris,</strong></span> <span class='ocrx_word' id='word_1_378' title='bbox 2637 2493 2798 2550; x_wconf 88' lang='lat' dir='ltr'><strong>unde</strong></span> <span class='ocrx_word' id='word_1_379' title='bbox 2819 2499 3108 2550; x_wconf 90' lang='lat' dir='ltr'><strong>venturus</strong></span> <span class='ocrx_word' id='word_1_380' title='bbox 3135 2499 3224 2551; x_wconf 93' lang='lat' dir='ltr'><strong>est</strong></span> <span class='ocrx_word' id='word_1_381' title='bbox 3243 2495 3304 2551; x_wconf 92' lang='lat' dir='ltr'><strong>in</strong></span> <span class='ocrx_word' id='word_1_382' title='bbox 3335 2511 3731 2554; x_wconf 90' lang='lat' dir='ltr'><strong>consumma-</strong></span> 
     </span>
    </p>
   </div>
   <div class='ocr_carea' id='block_1_46' title="bbox 357 2579 1980 2656">
    <p class='ocr_par' dir='ltr' id='par_1_46' title="bbox 357 2579 1963 2650">
     <span class='ocr_line' id='line_1_46' title="bbox 357 2579 1963 2650; baseline -0.004 -9"><span class='ocrx_word' id='word_1_383' title='bbox 357 2607 450 2641; x_wconf 85' lang='grc' dir='ltr'>του</span> <span class='ocrx_word' id='word_1_384' title='bbox 496 2587 680 2650; x_wconf 84' lang='grc' dir='ltr'>αἰῶνος</span> <span class='ocrx_word' id='word_1_385' title='bbox 735 2588 922 2640; x_wconf 80' lang='grc' dir='ltr'><strong>τούτου</strong></span> <span class='ocrx_word' id='word_1_386' title='bbox 982 2583 1281 2642; x_wconf 78' lang='grc' dir='ltr'>ἀναστῆσαι</span> <span class='ocrx_word' id='word_1_387' title='bbox 1335 2585 1554 2650; x_wconf 78' lang='grc' dir='ltr'><strong>πάντας,</strong></span> <span class='ocrx_word' id='word_1_388' title='bbox 1595 2586 1685 2635; x_wconf 84' lang='grc' dir='ltr'><strong>καὶ</strong></span> <span class='ocrx_word' id='word_1_389' title='bbox 1725 2579 1963 2635; x_wconf 65' lang='grc' dir='ltr'><strong>ἀποδου-</strong></span> 
     </span>
    </p>
   </div>
   <div class='ocr_carea' id='block_1_47' title="bbox 2112 2579 3735 2656">
    <p class='ocr_par' dir='ltr' id='par_1_47' title="bbox 2116 2583 3735 2656">
     <span class='ocr_line' id='line_1_47' title="bbox 2116 2583 3735 2656; baseline 0.001 -14"><span class='ocrx_word' id='word_1_390' title='bbox 2116 2601 2230 2642; x_wconf 92' lang='lat' dir='ltr'><strong>one</strong></span> <span class='ocrx_word' id='word_1_391' title='bbox 2251 2584 2434 2656; x_wconf 89' lang='lat' dir='ltr'><strong>hujus</strong></span> <span class='ocrx_word' id='word_1_392' title='bbox 2458 2583 2660 2640; x_wconf 86' lang='lat' dir='ltr'><strong>saeculi</strong></span> <span class='ocrx_word' id='word_1_393' title='bbox 2682 2584 2760 2641; x_wconf 92' lang='lat' dir='ltr'><strong>ad</strong></span> <span class='ocrx_word' id='word_1_394' title='bbox 2780 2584 3134 2640; x_wconf 75' lang='lat' dir='ltr'><strong>excitandos</strong></span> <span class='ocrx_word' id='word_1_395' title='bbox 3156 2601 3388 2654; x_wconf 89' lang='lat' dir='ltr'><strong>omnes,</strong></span> <span class='ocrx_word' id='word_1_396' title='bbox 3414 2591 3470 2641; x_wconf 89' lang='lat' dir='ltr'><strong>et</strong></span> <span class='ocrx_word' id='word_1_397' title='bbox 3491 2587 3569 2644; x_wconf 91' lang='lat' dir='ltr'><strong>ad</strong></span> <span class='ocrx_word' id='word_1_398' title='bbox 3603 2589 3735 2644; x_wconf 82' lang='lat' dir='ltr'><strong>red-</strong></span> 
     </span>
    </p>
   </div>
   <div class='ocr_carea' id='block_1_48' title="bbox 358 2668 1981 2750">
    <p class='ocr_par' dir='ltr' id='par_1_48' title="bbox 358 2668 1968 2748">
     <span class='ocr_line' id='line_1_48' title="bbox 358 2668 1968 2748; baseline -0.004 -18"><span class='ocrx_word' id='word_1_399' title='bbox 358 2696 444 2730; x_wconf 88' lang='grc' dir='ltr'><strong>ναι</strong></span> <span class='ocrx_word' id='word_1_400' title='bbox 473 2676 677 2748; x_wconf 80' lang='grc' dir='ltr'><strong>ἑκάστῳ</strong></span> <span class='ocrx_word' id='word_1_401' title='bbox 733 2678 870 2728; x_wconf 85' lang='grc' dir='ltr'><strong>κατὰ</strong></span> <span class='ocrx_word' id='word_1_402' title='bbox 904 2678 998 2732; x_wconf 80' lang='grc' dir='ltr'><strong>τὴν</strong></span> <span class='ocrx_word' id='word_1_403' title='bbox 1055 2672 1241 2747; x_wconf 79' lang='grc' dir='ltr'>πρᾶξιν</span> <span class='ocrx_word' id='word_1_404' title='bbox 1297 2671 1457 2724; x_wconf 66' lang='grc' dir='ltr'>αὐτου</span> <span class='ocrx_word' id='word_1_405' title='bbox 1483 2688 1496 2702; x_wconf 78' lang='grc'><strong><em>⁸</em></strong></span> <span class='ocrx_word' id='word_1_406' title='bbox 1540 2673 1622 2724; x_wconf 86' lang='grc' dir='ltr'><strong>ὅτε</strong></span> <span class='ocrx_word' id='word_1_407' title='bbox 1661 2673 1710 2725; x_wconf 88' lang='grc' dir='ltr'><strong>οἰ</strong></span> <span class='ocrx_word' id='word_1_408' title='bbox 1739 2675 1829 2745; x_wconf 70' lang='grc' dir='ltr'><strong>μὲν</strong></span> <span class='ocrx_word' id='word_1_409' title='bbox 1887 2668 1968 2724; x_wconf 76' lang='grc' dir='ltr'><strong>δί-</strong></span> 
     </span>
    </p>
   </div>
   <div class='ocr_carea' id='block_1_49' title="bbox 2114 2668 3737 2750">
    <p class='ocr_par' dir='ltr' id='par_1_49' title="bbox 2117 2673 3737 2750">
     <span class='ocr_line' id='line_1_49' title="bbox 2117 2673 3737 2750; baseline 0.002 -19"><span class='ocrx_word' id='word_1_410' title='bbox 2117 2675 2344 2731; x_wconf 89' lang='lat' dir='ltr'><strong>endum</strong></span> <span class='ocrx_word' id='word_1_411' title='bbox 2373 2673 2698 2746; x_wconf 89' lang='lat' dir='ltr'><strong>unicuique</strong></span> <span class='ocrx_word' id='word_1_412' title='bbox 2716 2673 2890 2746; x_wconf 81' lang='lat' dir='ltr'><strong>juxta</strong></span> <span class='ocrx_word' id='word_1_413' title='bbox 2921 2690 3076 2747; x_wconf 91' lang='lat' dir='ltr'><strong>opus</strong></span> <span class='ocrx_word' id='word_1_414' title='bbox 3107 2673 3263 2730; x_wconf 91' lang='lat' dir='ltr'><strong>illius</strong></span> <span class='ocrx_word' id='word_1_415' title='bbox 3284 2691 3296 2730; x_wconf 90' lang='lat'>:</span> <span class='ocrx_word' id='word_1_416' title='bbox 3321 2677 3572 2748; x_wconf 88' lang='lat' dir='ltr'><strong>quando</strong></span> <span class='ocrx_word' id='word_1_417' title='bbox 3593 2675 3737 2750; x_wconf 88' lang='lat' dir='ltr'><strong>justi</strong></span> 
     </span>
    </p>
   </div>
   <div class='ocr_carea' id='block_1_50' title="bbox 359 2759 1982 2840">
    <p class='ocr_par' dir='ltr' id='par_1_50' title="bbox 359 2759 1967 2840">
     <span class='ocr_line' id='line_1_50' title="bbox 359 2759 1967 2840; baseline -0.004 -20"><span class='ocrx_word' id='word_1_418' title='bbox 359 2782 502 2820; x_wconf 74' lang='grc' dir='ltr'>καιοι</span> <span class='ocrx_word' id='word_1_419' title='bbox 556 2765 1054 2840; x_wconf 72' lang='grc' dir='ltr'>προσληφθὴσονται</span> <span class='ocrx_word' id='word_1_420' title='bbox 1098 2763 1170 2824; x_wconf 87' lang='grc' dir='ltr'><strong>εἰς</strong></span> <span class='ocrx_word' id='word_1_421' title='bbox 1203 2765 1340 2826; x_wconf 73' lang='grc' dir='ltr'>ζωὴν</span> <span class='ocrx_word' id='word_1_422' title='bbox 1393 2761 1596 2814; x_wconf 84' lang='grc' dir='ltr'>αἰώνιον</span> <span class='ocrx_word' id='word_1_423' title='bbox 1663 2766 1753 2814; x_wconf 82' lang='grc' dir='ltr'><strong>καὶ</strong></span> <span class='ocrx_word' id='word_1_424' title='bbox 1802 2759 1967 2834; x_wconf 80' lang='grc' dir='ltr'>βασι-</span> 
     </span>
    </p>
   </div>
   <div class='ocr_carea' id='block_1_51' title="bbox 2110 2759 3733 2840">
    <p class='ocr_par' dir='ltr' id='par_1_51' title="bbox 2110 2762 3733 2836">
     <span class='ocr_line' id='line_1_51' title="bbox 2110 2762 3733 2836; baseline 0.002 -17"><span class='ocrx_word' id='word_1_425' title='bbox 2110 2763 2322 2836; x_wconf 78' lang='lat' dir='ltr'><strong>_uidem</strong></span> <span class='ocrx_word' id='word_1_426' title='bbox 2361 2768 2747 2820; x_wconf 88' lang='lat' dir='ltr'><strong>assumentur</strong></span> <span class='ocrx_word' id='word_1_427' title='bbox 2771 2762 2848 2819; x_wconf 91' lang='lat' dir='ltr'><strong>ad</strong></span> <span class='ocrx_word' id='word_1_428' title='bbox 2879 2764 3063 2819; x_wconf 89' lang='lat' dir='ltr'><strong>vitam</strong></span> <span class='ocrx_word' id='word_1_429' title='bbox 3095 2768 3403 2827; x_wconf 69' lang='lat' dir='ltr'><strong>(eternam,</strong></span> <span class='ocrx_word' id='word_1_430' title='bbox 3435 2769 3491 2822; x_wconf 92' lang='lat' dir='ltr'><strong>et</strong></span> <span class='ocrx_word' id='word_1_431' title='bbox 3520 2765 3601 2822; x_wconf 92' lang='lat' dir='ltr'><strong>ad</strong></span> <span class='ocrx_word' id='word_1_432' title='bbox 3643 2781 3733 2822; x_wconf 91' lang='lat' dir='ltr'><strong>re-</strong></span> 
     </span>
    </p>
   </div>
   <div class='ocr_carea' id='block_1_52' title="bbox 361 2849 1984 2930">
    <p class='ocr_par' dir='ltr' id='par_1_52' title="bbox 361 2849 1966 2930">
     <span class='ocr_line' id='line_1_52' title="bbox 361 2849 1966 2930; baseline -0.004 -20"><span class='ocrx_word' id='word_1_433' title='bbox 361 2856 500 2910; x_wconf 79' lang='grc' dir='ltr'>λείαν</span> <span class='ocrx_word' id='word_1_434' title='bbox 565 2855 816 2930; x_wconf 72' lang='grc' dir='ltr'><strong>οὐρανῶν,</strong></span> <span class='ocrx_word' id='word_1_435' title='bbox 884 2853 934 2906; x_wconf 82' lang='grc' dir='ltr'><strong>οἱ</strong></span> <span class='ocrx_word' id='word_1_436' title='bbox 1001 2849 1061 2906; x_wconf 65' lang='lat' dir='ltr'><strong>di</strong></span> <span class='ocrx_word' id='word_1_437' title='bbox 1127 2850 1425 2925; x_wconf 79' lang='grc' dir='ltr'>ἁμαρτωλοὶ</span> <span class='ocrx_word' id='word_1_438' title='bbox 1483 2854 1966 2924; x_wconf 71' lang='grc' dir='ltr'>κατακριθήσονται</span> 
     </span>
    </p>
   </div>
   <div class='ocr_carea' id='block_1_53' title="bbox 2114 2849 3737 2930">
    <p class='ocr_par' dir='ltr' id='par_1_53' title="bbox 2116 2853 3737 2926">
     <span class='ocr_line' id='line_1_53' title="bbox 2116 2853 3737 2926; baseline 0.001 -16"><span class='ocrx_word' id='word_1_439' title='bbox 2116 2870 2264 2910; x_wconf 92' lang='lat' dir='ltr'><strong>num</strong></span> <span class='ocrx_word' id='word_1_440' title='bbox 2294 2853 2606 2921; x_wconf 74' lang='lat' dir='ltr'><strong>caelorum,</strong></span> <span class='ocrx_word' id='word_1_441' title='bbox 2638 2858 2984 2926; x_wconf 89' lang='lat' dir='ltr'><strong>peccatores</strong></span> <span class='ocrx_word' id='word_1_442' title='bbox 3011 2869 3156 2910; x_wconf 92' lang='lat' dir='ltr'><strong>vero</strong></span> <span class='ocrx_word' id='word_1_443' title='bbox 3187 2854 3544 2912; x_wconf 89' lang='lat' dir='ltr'><strong>addicentur</strong></span> <span class='ocrx_word' id='word_1_444' title='bbox 3575 2872 3737 2912; x_wconf 82' lang='lat' dir='ltr'><strong>sem-</strong></span> 
     </span>
    </p>
   </div>
   <div class='ocr_carea' id='block_1_54' title="bbox 363 2939 1986 3016">
    <p class='ocr_par' dir='ltr' id='par_1_54' title="bbox 363 2939 1965 3009">
     <span class='ocr_line' id='line_1_54' title="bbox 363 2939 1965 3009; baseline -0.003 -11"><span class='ocrx_word' id='word_1_445' title='bbox 363 2946 434 3008; x_wconf 75' lang='grc' dir='ltr'><strong>εἰς</strong></span> <span class='ocrx_word' id='word_1_446' title='bbox 481 2944 694 2997; x_wconf 78' lang='grc' dir='ltr'><strong>κόλασιν</strong></span> <span class='ocrx_word' id='word_1_447' title='bbox 749 2943 978 3009; x_wconf 78' lang='grc' dir='ltr'>αἰώνιον,</span> <span class='ocrx_word' id='word_1_448' title='bbox 1027 2942 1158 2995; x_wconf 83' lang='grc' dir='ltr'><strong>ὅπου</strong></span> <span class='ocrx_word' id='word_1_449' title='bbox 1211 2942 1236 2992; x_wconf 86' lang='grc' dir='ltr'><strong><em>ὁ</em></strong></span> <span class='ocrx_word' id='word_1_450' title='bbox 1275 2939 1483 3003; x_wconf 73' lang='grc' dir='ltr'><strong>σκώληξ</strong></span> <span class='ocrx_word' id='word_1_451' title='bbox 1541 2940 1709 2993; x_wconf 67' lang='grc' dir='ltr'>αὐτῶν</span> <span class='ocrx_word' id='word_1_452' title='bbox 1754 2941 1812 2992; x_wconf 71' lang='grc' dir='ltr'><strong>οὗ</strong></span> <span class='ocrx_word' id='word_1_453' title='bbox 1877 2959 1965 2994; x_wconf 82' lang='grc' dir='ltr'><strong>τε-</strong></span> 
     </span>
    </p>
   </div>
   <div class='ocr_carea' id='block_1_55' title="bbox 2114 2939 3737 3016">
    <p class='ocr_par' dir='ltr' id='par_1_55' title="bbox 2119 2941 3737 3016">
     <span class='ocr_line' id='line_1_55' title="bbox 2119 2941 3737 3016; baseline 0.002 -18"><span class='ocrx_word' id='word_1_454' title='bbox 2119 2943 2307 3000; x_wconf 89' lang='lat' dir='ltr'><strong>iterno</strong></span> <span class='ocrx_word' id='word_1_455' title='bbox 2339 2941 2654 3015; x_wconf 88' lang='lat' dir='ltr'><strong>supplicio,</strong></span> <span class='ocrx_word' id='word_1_456' title='bbox 2689 2943 2794 2998; x_wconf 84' lang='lat' dir='ltr'><strong>ubi</strong></span> <span class='ocrx_word' id='word_1_457' title='bbox 2825 2945 3040 2999; x_wconf 89' lang='lat' dir='ltr'><strong>vermis</strong></span> <span class='ocrx_word' id='word_1_458' title='bbox 3062 2958 3264 3000; x_wconf 86' lang='lat' dir='ltr'><strong>eorum</strong></span> <span class='ocrx_word' id='word_1_459' title='bbox 3298 2960 3419 3002; x_wconf 87' lang='lat' dir='ltr'><strong>non</strong></span> <span class='ocrx_word' id='word_1_460' title='bbox 3451 2947 3737 3016; x_wconf 83' lang='lat' dir='ltr'><strong>moritur,</strong></span> 
     </span>
    </p>
   </div>
   <div class='ocr_carea' id='block_1_56' title="bbox 363 3029 1986 3108">
    <p class='ocr_par' dir='ltr' id='par_1_56' title="bbox 363 3029 1965 3108">
     <span class='ocr_line' id='line_1_56' title="bbox 363 3029 1965 3108; baseline -0.002 -22"><span class='ocrx_word' id='word_1_461' title='bbox 363 3033 537 3105; x_wconf 78' lang='grc' dir='ltr'><strong>λευτᾷ,</strong></span> <span class='ocrx_word' id='word_1_462' title='bbox 597 3038 685 3087; x_wconf 87' lang='lat' dir='ltr'><strong>xui</strong></span> <span class='ocrx_word' id='word_1_463' title='bbox 746 3037 805 3086; x_wconf 83' lang='grc' dir='ltr'><strong>τὸ</strong></span> <span class='ocrx_word' id='word_1_464' title='bbox 871 3052 975 3108; x_wconf 84' lang='grc' dir='ltr'>πυρ</span> <span class='ocrx_word' id='word_1_465' title='bbox 1045 3031 1102 3084; x_wconf 72' lang='grc' dir='ltr'><strong>οὐ</strong></span> <span class='ocrx_word' id='word_1_466' title='bbox 1172 3029 1464 3085; x_wconf 80' lang='grc' dir='ltr'>σϐέννυται.</span> <span class='ocrx_word' id='word_1_467' title='bbox 1529 3033 1630 3084; x_wconf 80' lang='grc' dir='ltr'>Καὶ</span> <span class='ocrx_word' id='word_1_468' title='bbox 1706 3029 1754 3083; x_wconf 77' lang='grc' dir='ltr'><strong>ἓν</strong></span> <span class='ocrx_word' id='word_1_469' title='bbox 1811 3034 1965 3104; x_wconf 84' lang='grc' dir='ltr'>μόνον</span> 
     </span>
    </p>
   </div>
   <div class='ocr_carea' id='block_1_57' title="bbox 2113 3029 3736 3108">
    <p class='ocr_par' dir='ltr' id='par_1_57' title="bbox 2113 3033 3736 3108">
     <span class='ocr_line' id='line_1_57' title="bbox 2113 3033 3736 3108; baseline 0.002 -20"><span class='ocrx_word' id='word_1_470' title='bbox 2113 3035 2306 3104; x_wconf 81' lang='lat' dir='ltr'><strong>tignis</strong></span> <span class='ocrx_word' id='word_1_471' title='bbox 2329 3048 2449 3088; x_wconf 83' lang='lat' dir='ltr'><strong>non</strong></span> <span class='ocrx_word' id='word_1_472' title='bbox 2472 3034 2890 3101; x_wconf 77' lang='lat' dir='ltr'><strong>exstinguitur</strong></span> <span class='ocrx_word' id='word_1_473' title='bbox 2913 3033 2979 3088; x_wconf 91' lang='grc'><strong>¹⁰.</strong></span> <span class='ocrx_word' id='word_1_474' title='bbox 3023 3036 3088 3089; x_wconf 80' lang='lat' dir='ltr'><strong>Et</strong></span> <span class='ocrx_word' id='word_1_475' title='bbox 3109 3049 3300 3089; x_wconf 91' lang='lat' dir='ltr'><strong>unum</strong></span> <span class='ocrx_word' id='word_1_476' title='bbox 3325 3035 3523 3091; x_wconf 93' lang='lat' dir='ltr'><strong>solum</strong></span> <span class='ocrx_word' id='word_1_477' title='bbox 3559 3036 3736 3108; x_wconf 89' lang='lat' dir='ltr'><strong>Spiri-</strong></span> 
     </span>
    </p>
   </div>
   <div class='ocr_carea' id='block_1_58' title="bbox 367 3117 1990 3196">
    <p class='ocr_par' dir='ltr' id='par_1_58' title="bbox 367 3117 1965 3196">
     <span class='ocr_line' id='line_1_58' title="bbox 367 3117 1965 3196; baseline -0.01 -20"><span class='ocrx_word' id='word_1_478' title='bbox 367 3127 574 3196; x_wconf 74' lang='grc' dir='ltr'>Πνευμα</span> <span class='ocrx_word' id='word_1_479' title='bbox 619 3122 785 3195; x_wconf 75' lang='grc' dir='ltr'>ἅγιον,</span> <span class='ocrx_word' id='word_1_480' title='bbox 819 3123 877 3174; x_wconf 84' lang='grc' dir='ltr'><strong>τὸ</strong></span> <span class='ocrx_word' id='word_1_481' title='bbox 905 3118 1247 3196; x_wconf 80' lang='grc' dir='ltr'>Παράκλητον</span> <span class='ocrx_word' id='word_1_482' title='bbox 1279 3121 1414 3191; x_wconf 76' lang='grc'><strong>(22),</strong></span> <span class='ocrx_word' id='word_1_483' title='bbox 1444 3117 1492 3170; x_wconf 78' lang='grc' dir='ltr'><strong>ἐν</strong></span> <span class='ocrx_word' id='word_1_484' title='bbox 1596 3118 1965 3194; x_wconf 71' lang='grc' dir='ltr'><strong>ἐσφραγίσθη-</strong></span> 
     </span>
    </p>
   </div>
   <div class='ocr_carea' id='block_1_59' title="bbox 2115 3117 3738 3196">
    <p class='ocr_par' dir='ltr' id='par_1_59' title="bbox 2115 3120 3738 3195">
     <span class='ocr_line' id='line_1_59' title="bbox 2115 3120 3738 3195; baseline 0.001 -17"><span class='ocrx_word' id='word_1_485' title='bbox 2115 3139 2202 3178; x_wconf 79' lang='grc' dir='ltr'><strong>ιω</strong></span> <span class='ocrx_word' id='word_1_486' title='bbox 2232 3127 2511 3178; x_wconf 89' lang='lat' dir='ltr'><strong>sanctum</strong></span> <span class='ocrx_word' id='word_1_487' title='bbox 2535 3120 2928 3185; x_wconf 85' lang='lat' dir='ltr'><strong>Paracletum.</strong></span> <span class='ocrx_word' id='word_1_488' title='bbox 2949 3122 3010 3177; x_wconf 90' lang='lat' dir='ltr'><strong>in</strong></span> <span class='ocrx_word' id='word_1_489' title='bbox 3041 3137 3163 3195; x_wconf 88' lang='lat' dir='ltr'><strong>quo</strong></span> <span class='ocrx_word' id='word_1_490' title='bbox 3189 3123 3412 3194; x_wconf 82' lang='lat' dir='ltr'><strong>signati</strong></span> <span class='ocrx_word' id='word_1_491' title='bbox 3443 3140 3656 3180; x_wconf 89' lang='lat' dir='ltr'><strong>sumus</strong></span> <span class='ocrx_word' id='word_1_492' title='bbox 3677 3125 3738 3181; x_wconf 90' lang='lat' dir='ltr'><strong>in</strong></span> 
     </span>
    </p>
   </div>
   <div class='ocr_carea' id='block_1_60' title="bbox 362 3207 1985 3286">
    <p class='ocr_par' dir='ltr' id='par_1_60' title="bbox 362 3207 1964 3286">
     <span class='ocr_line' id='line_1_60' title="bbox 362 3207 1964 3286; baseline -0.003 -21"><span class='ocrx_word' id='word_1_493' title='bbox 362 3231 452 3286; x_wconf 76' lang='grc' dir='ltr'><strong>μιν</strong></span> <span class='ocrx_word' id='word_1_494' title='bbox 502 3211 575 3274; x_wconf 77' lang='grc' dir='ltr'><strong>εἰς</strong></span> <span class='ocrx_word' id='word_1_495' title='bbox 621 3213 820 3286; x_wconf 80' lang='grc' dir='ltr'>ἡμέραν</span> <span class='ocrx_word' id='word_1_496' title='bbox 852 3209 1296 3284; x_wconf 72' lang='grc' dir='ltr'><strong>ἀπολυτρώσεως·</strong></span> <span class='ocrx_word' id='word_1_497' title='bbox 1340 3211 1399 3262; x_wconf 85' lang='grc' dir='ltr'><strong>τὸ</strong></span> <span class='ocrx_word' id='word_1_498' title='bbox 1453 3216 1663 3282; x_wconf 83' lang='grc' dir='ltr'>Πνευμα</span> <span class='ocrx_word' id='word_1_499' title='bbox 1707 3217 1800 3272; x_wconf 83' lang='grc' dir='ltr'><strong>τῆς</strong></span> <span class='ocrx_word' id='word_1_500' title='bbox 1832 3207 1964 3268; x_wconf 83' lang='grc' dir='ltr'><strong>ἀλη-</strong></span> 
     </span>
    </p>
   </div>
   <div class='ocr_carea' id='block_1_61' title="bbox 2115 3207 3738 3286">
    <p class='ocr_par' dir='ltr' id='par_1_61' title="bbox 2117 3210 3738 3286">
     <span class='ocr_line' id='line_1_61' title="bbox 2117 3210 3738 3286; baseline 0.002 -19"><span class='ocrx_word' id='word_1_501' title='bbox 2117 3211 2233 3268; x_wconf 88' lang='lat' dir='ltr'><strong>iem</strong></span> <span class='ocrx_word' id='word_1_502' title='bbox 2256 3210 2690 3284; x_wconf 91' lang='lat' dir='ltr'><strong>redemptionis</strong></span> <span class='ocrx_word' id='word_1_503' title='bbox 2715 3213 2783 3279; x_wconf 81' lang='grc'><strong>¹⁸,</strong></span> <span class='ocrx_word' id='word_1_504' title='bbox 2816 3210 3103 3283; x_wconf 91' lang='lat' dir='ltr'><strong>Spiritum</strong></span> <span class='ocrx_word' id='word_1_505' title='bbox 3125 3213 3415 3281; x_wconf 84' lang='lat' dir='ltr'><strong>veritatis,</strong></span> <span class='ocrx_word' id='word_1_506' title='bbox 3452 3213 3738 3286; x_wconf 85' lang='lat' dir='ltr'><strong>Spiritum</strong></span> 
     </span>
    </p>
   </div>
   <div class='ocr_carea' id='block_1_62' title="bbox 362 3297 1985 3376">
    <p class='ocr_par' dir='ltr' id='par_1_62' title="bbox 362 3297 1962 3374">
     <span class='ocr_line' id='line_1_62' title="bbox 362 3297 1962 3374; baseline -0.004 -18"><span class='ocrx_word' id='word_1_507' title='bbox 362 3303 520 3369; x_wconf 67' lang='grc' dir='ltr'>θείας,</span> <span class='ocrx_word' id='word_1_508' title='bbox 579 3303 639 3355; x_wconf 83' lang='grc' dir='ltr'><strong>τὸ</strong></span> <span class='ocrx_word' id='word_1_509' title='bbox 713 3308 922 3374; x_wconf 81' lang='grc' dir='ltr'>Πνευμα</span> <span class='ocrx_word' id='word_1_510' title='bbox 972 3309 1069 3363; x_wconf 77' lang='grc' dir='ltr'><strong>τῆς</strong></span> <span class='ocrx_word' id='word_1_511' title='bbox 1124 3301 1412 3368; x_wconf 81' lang='grc' dir='ltr'><strong>υἱοθεσίας,</strong></span> <span class='ocrx_word' id='word_1_512' title='bbox 1453 3297 1501 3351; x_wconf 80' lang='grc' dir='ltr'><strong>ἓν</strong></span> <span class='ocrx_word' id='word_1_513' title='bbox 1654 3301 1914 3372; x_wconf 80' lang='grc' dir='ltr'><strong>κράζομεν</strong></span> <span class='ocrx_word' id='word_1_514' title='bbox 1948 3320 1962 3333; x_wconf 92' lang='grc'><strong>·</strong></span> 
     </span>
    </p>
   </div>
   <div class='ocr_carea' id='block_1_63' title="bbox 2116 3297 3739 3376">
    <p class='ocr_par' dir='ltr' id='par_1_63' title="bbox 2116 3300 3739 3376">
     <span class='ocr_line' id='line_1_63' title="bbox 2116 3300 3739 3376; baseline 0.002 -20"><span class='ocrx_word' id='word_1_515' title='bbox 2116 3301 2442 3374; x_wconf 88' lang='lat' dir='ltr'><strong>doptionis,</strong></span> <span class='ocrx_word' id='word_1_516' title='bbox 2477 3300 2536 3355; x_wconf 90' lang='lat' dir='ltr'><strong>in</strong></span> <span class='ocrx_word' id='word_1_517' title='bbox 2560 3316 2684 3373; x_wconf 89' lang='lat' dir='ltr'><strong>quo</strong></span> <span class='ocrx_word' id='word_1_518' title='bbox 2708 3300 3067 3370; x_wconf 87' lang='lat' dir='ltr'><strong>clamamus,</strong></span> <span class='ocrx_word' id='word_1_519' title='bbox 3092 3300 3287 3372; x_wconf 86' lang='lat' dir='ltr'><strong>Abba,</strong></span> <span class='ocrx_word' id='word_1_520' title='bbox 3318 3305 3485 3358; x_wconf 89' lang='lat' dir='ltr'><strong>Pater</strong></span> <span class='ocrx_word' id='word_1_521' title='bbox 3509 3305 3554 3338; x_wconf 82' lang='grc'>¹²</span> <span class='ocrx_word' id='word_1_522' title='bbox 3584 3319 3598 3359; x_wconf 90' lang='lat'><strong>:</strong></span> <span class='ocrx_word' id='word_1_523' title='bbox 3633 3303 3739 3376; x_wconf 91' lang='lat' dir='ltr'><strong>qui</strong></span> 
     </span>
    </p>
   </div>
   <div class='ocr_carea' id='block_1_64' title="bbox 360 3385 1983 3464">
    <p class='ocr_par' dir='ltr' id='par_1_64' title="bbox 360 3385 1966 3463">
     <span class='ocr_line' id='line_1_64' title="bbox 360 3385 1966 3463; baseline -0.001 -19"><span class='ocrx_word' id='word_1_524' title='bbox 360 3390 543 3459; x_wconf 78' lang='grc' dir='ltr'><strong>’Δϐϐᾶ,</strong></span> <span class='ocrx_word' id='word_1_525' title='bbox 592 3393 619 3442; x_wconf 82' lang='grc' dir='ltr'><strong><em>ὁ</em></strong></span> <span class='ocrx_word' id='word_1_526' title='bbox 661 3395 843 3463; x_wconf 74' lang='grc' dir='ltr'>Πατήρ</span> <span class='ocrx_word' id='word_1_527' title='bbox 871 3409 883 3423; x_wconf 84' lang='grc'><strong>·</strong></span> <span class='ocrx_word' id='word_1_528' title='bbox 915 3392 974 3442; x_wconf 84' lang='grc' dir='ltr'><strong>τὸ</strong></span> <span class='ocrx_word' id='word_1_529' title='bbox 1031 3385 1271 3462; x_wconf 80' lang='grc' dir='ltr'>διαιρουν</span> <span class='ocrx_word' id='word_1_530' title='bbox 1323 3393 1414 3440; x_wconf 81' lang='grc' dir='ltr'><strong>καὶ</strong></span> <span class='ocrx_word' id='word_1_531' title='bbox 1467 3390 1698 3462; x_wconf 75' lang='grc' dir='ltr'><strong>ἑνεργουν</strong></span> <span class='ocrx_word' id='word_1_532' title='bbox 1728 3391 1794 3442; x_wconf 82' lang='grc' dir='ltr'>τὰ</span> <span class='ocrx_word' id='word_1_533' title='bbox 1822 3392 1966 3463; x_wconf 82' lang='grc' dir='ltr'>παρά</span> 
     </span>
    </p>
   </div>
   <div class='ocr_carea' id='block_1_65' title="bbox 2114 3385 3737 3464">
    <p class='ocr_par' dir='ltr' id='par_1_65' title="bbox 2119 3388 3737 3464">
     <span class='ocr_line' id='line_1_65' title="bbox 2119 3388 3737 3464; baseline 0.002 -18"><span class='ocrx_word' id='word_1_534' title='bbox 2119 3391 2280 3447; x_wconf 82' lang='lat' dir='ltr'><strong>ividit</strong></span> <span class='ocrx_word' id='word_1_535' title='bbox 2308 3394 2365 3446; x_wconf 89' lang='lat' dir='ltr'><strong>et</strong></span> <span class='ocrx_word' id='word_1_536' title='bbox 2394 3388 2575 3447; x_wconf 79' lang='lat' dir='ltr'><strong>eﬂicit</strong></span> <span class='ocrx_word' id='word_1_537' title='bbox 2625 3391 2788 3448; x_wconf 89' lang='lat' dir='ltr'><strong>dona</strong></span> <span class='ocrx_word' id='word_1_538' title='bbox 2839 3407 2978 3464; x_wconf 67' lang='lat' dir='ltr'><strong>quse</strong></span> <span class='ocrx_word' id='word_1_539' title='bbox 3001 3407 3037 3448; x_wconf 91' lang='lat' dir='ltr'><strong>a</strong></span> <span class='ocrx_word' id='word_1_540' title='bbox 3064 3391 3185 3448; x_wconf 90' lang='lat' dir='ltr'><strong>Deo</strong></span> <span class='ocrx_word' id='word_1_541' title='bbox 3211 3392 3452 3462; x_wconf 88' lang='lat' dir='ltr'><strong>dantur,</strong></span> <span class='ocrx_word' id='word_1_542' title='bbox 3483 3392 3737 3464; x_wconf 82' lang='lat' dir='ltr'><strong>singulis</strong></span> 
     </span>
    </p>
   </div>
   <div class='ocr_carea' id='block_1_66' title="bbox 358 3477 1981 3553">
    <p class='ocr_par' dir='ltr' id='par_1_66' title="bbox 358 3477 1962 3552">
     <span class='ocr_line' id='line_1_66' title="bbox 358 3477 1962 3552; baseline -0.002 -18"><span class='ocrx_word' id='word_1_543' title='bbox 358 3500 453 3535; x_wconf 85' lang='grc' dir='ltr'><strong>του</strong></span> <span class='ocrx_word' id='word_1_544' title='bbox 504 3489 638 3536; x_wconf 78' lang='grc' dir='ltr'>Θιου</span> <span class='ocrx_word' id='word_1_545' title='bbox 704 3481 1022 3552; x_wconf 75' lang='grc' dir='ltr'>χαρίσματα</span> <span class='ocrx_word' id='word_1_546' title='bbox 1087 3477 1292 3548; x_wconf 84' lang='grc' dir='ltr'><strong>ἑκάστῳ</strong></span> <span class='ocrx_word' id='word_1_547' title='bbox 1357 3479 1490 3549; x_wconf 84' lang='grc' dir='ltr'><strong>πρὸς</strong></span> <span class='ocrx_word' id='word_1_548' title='bbox 1553 3480 1614 3529; x_wconf 85' lang='grc' dir='ltr'><strong>τὸ</strong></span> <span class='ocrx_word' id='word_1_549' title='bbox 1684 3482 1962 3552; x_wconf 73' lang='grc' dir='ltr'><strong>συμφέρον,</strong></span> 
     </span>
    </p>
   </div>
   <div class='ocr_carea' id='block_1_67' title="bbox 2116 3477 3739 3553">
    <p class='ocr_par' dir='ltr' id='par_1_67' title="bbox 2117 3478 3739 3553">
     <span class='ocr_line' id='line_1_67' title="bbox 2117 3478 3739 3553; baseline 0.002 -18"><span class='ocrx_word' id='word_1_550' title='bbox 2117 3484 2252 3535; x_wconf 91' lang='lat' dir='ltr'><strong>rout</strong></span> <span class='ocrx_word' id='word_1_551' title='bbox 2291 3478 2420 3535; x_wconf 88' lang='lat' dir='ltr'><strong>vult</strong></span> <span class='ocrx_word' id='word_1_552' title='bbox 2450 3480 2529 3534; x_wconf 91' lang='lat' dir='ltr'><strong>ad</strong></span> <span class='ocrx_word' id='word_1_553' title='bbox 2558 3479 2872 3536; x_wconf 84' lang='lat' dir='ltr'><strong>utilitatem</strong></span> <span class='ocrx_word' id='word_1_554' title='bbox 2897 3481 2980 3535; x_wconf 70' lang='lat'><strong>’3:</strong></span> <span class='ocrx_word' id='word_1_555' title='bbox 3013 3481 3120 3552; x_wconf 90' lang='lat' dir='ltr'><strong>qui</strong></span> <span class='ocrx_word' id='word_1_556' title='bbox 3149 3481 3326 3537; x_wconf 91' lang='lat' dir='ltr'><strong>docet</strong></span> <span class='ocrx_word' id='word_1_557' title='bbox 3369 3489 3426 3538; x_wconf 89' lang='lat' dir='ltr'><strong>et</strong></span> <span class='ocrx_word' id='word_1_558' title='bbox 3469 3482 3739 3553; x_wconf 84' lang='lat' dir='ltr'><strong>suggerit</strong></span> 
     </span>
    </p>
   </div>
   <div class='ocr_carea' id='block_1_68' title="bbox 357 3563 1980 3644">
    <p class='ocr_par' dir='ltr' id='par_1_68' title="bbox 357 3563 1962 3644">
     <span class='ocr_line' id='line_1_68' title="bbox 357 3563 1962 3644; baseline -0.003 -20"><span class='ocrx_word' id='word_1_559' title='bbox 357 3573 532 3634; x_wconf 81' lang='grc' dir='ltr'>καθὼς</span> <span class='ocrx_word' id='word_1_560' title='bbox 560 3568 824 3644; x_wconf 65' lang='grc' dir='ltr'>βούλεταιθ</span> <span class='ocrx_word' id='word_1_561' title='bbox 859 3570 919 3620; x_wconf 89' lang='grc' dir='ltr'><strong>τὸ</strong></span> <span class='ocrx_word' id='word_1_562' title='bbox 951 3563 1212 3620; x_wconf 77' lang='grc' dir='ltr'><strong>διδάσκον</strong></span> <span class='ocrx_word' id='word_1_563' title='bbox 1235 3569 1321 3617; x_wconf 83' lang='grc' dir='ltr'><strong>καὶ</strong></span> <span class='ocrx_word' id='word_1_564' title='bbox 1347 3566 1744 3638; x_wconf 74' lang='grc' dir='ltr'>ὑπομιμνῆσκον</span> <span class='ocrx_word' id='word_1_565' title='bbox 1773 3570 1962 3635; x_wconf 82' lang='grc' dir='ltr'><strong>πάντα,</strong></span> 
     </span>
    </p>
   </div>
   <div class='ocr_carea' id='block_1_69' title="bbox 2114 3563 3737 3644">
    <p class='ocr_par' dir='ltr' id='par_1_69' title="bbox 2117 3567 3737 3644">
     <span class='ocr_line' id='line_1_69' title="bbox 2117 3567 3737 3644; baseline -0.001 -20"><span class='ocrx_word' id='word_1_566' title='bbox 2117 3567 2303 3637; x_wconf 90' lang='lat' dir='ltr'><strong>mnia,</strong></span> <span class='ocrx_word' id='word_1_567' title='bbox 2329 3583 2715 3640; x_wconf 72' lang='lat' dir='ltr'><strong>quaecunque</strong></span> <span class='ocrx_word' id='word_1_568' title='bbox 2760 3568 3019 3625; x_wconf 88' lang='lat' dir='ltr'><strong>audierit</strong></span> <span class='ocrx_word' id='word_1_569' title='bbox 3046 3585 3082 3626; x_wconf 90' lang='lat' dir='ltr'><strong>a</strong></span> <span class='ocrx_word' id='word_1_570' title='bbox 3106 3568 3252 3626; x_wconf 90' lang='lat' dir='ltr'><strong>Filio</strong></span> <span class='ocrx_word' id='word_1_571' title='bbox 3279 3572 3323 3605; x_wconf 72' lang='lat'>”</span> <span class='ocrx_word' id='word_1_572' title='bbox 3357 3587 3369 3625; x_wconf 90' lang='lat'><strong>:</strong></span> <span class='ocrx_word' id='word_1_573' title='bbox 3403 3570 3509 3644; x_wconf 91' lang='lat' dir='ltr'><strong>qui</strong></span> <span class='ocrx_word' id='word_1_574' title='bbox 3537 3571 3737 3627; x_wconf 82' lang='lat' dir='ltr'><strong>bonus</strong></span> 
     </span>
    </p>
   </div>
   <div class='ocr_carea' id='block_1_70' title="bbox 360 3654 1983 3732">
    <p class='ocr_par' dir='ltr' id='par_1_70' title="bbox 360 3654 1965 3730">
     <span class='ocr_line' id='line_1_70' title="bbox 360 3654 1965 3730; baseline -0.002 -16"><span class='ocrx_word' id='word_1_575' title='bbox 360 3663 463 3716; x_wconf 83' lang='grc' dir='ltr'><strong>ὅσα</strong></span> <span class='ocrx_word' id='word_1_576' title='bbox 519 3659 580 3711; x_wconf 80' lang='grc' dir='ltr'><strong>ἂν</strong></span> <span class='ocrx_word' id='word_1_577' title='bbox 637 3657 802 3716; x_wconf 53' lang='lat' dir='ltr'><strong>uxorin</strong></span> <span class='ocrx_word' id='word_1_578' title='bbox 865 3656 981 3725; x_wconf 84' lang='lat'><strong>(23)</strong></span> <span class='ocrx_word' id='word_1_579' title='bbox 1035 3657 1179 3730; x_wconf 85' lang='grc' dir='ltr'><strong>παρὰ</strong></span> <span class='ocrx_word' id='word_1_580' title='bbox 1239 3674 1331 3707; x_wconf 89' lang='grc' dir='ltr'>του</span> <span class='ocrx_word' id='word_1_581' title='bbox 1398 3657 1564 3708; x_wconf 84' lang='grc' dir='ltr'><strong>Υἰου·</strong></span> <span class='ocrx_word' id='word_1_582' title='bbox 1635 3654 1852 3728; x_wconf 69' lang='grc' dir='ltr'><strong>ἀγαθὸν,</strong></span> <span class='ocrx_word' id='word_1_583' title='bbox 1905 3660 1965 3710; x_wconf 83' lang='grc' dir='ltr'><strong>τὸ</strong></span> 
     </span>
    </p>
   </div>
   <div class='ocr_carea' id='block_1_71' title="bbox 2116 3654 3739 3732">
    <p class='ocr_par' dir='ltr' id='par_1_71' title="bbox 2116 3656 3739 3732">
     <span class='ocr_line' id='line_1_71' title="bbox 2116 3656 3739 3732; baseline 0.002 -20"><span class='ocrx_word' id='word_1_584' title='bbox 2116 3663 2182 3726; x_wconf 85' lang='lat' dir='ltr'><strong>st,</strong></span> <span class='ocrx_word' id='word_1_585' title='bbox 2217 3657 2322 3729; x_wconf 89' lang='lat' dir='ltr'><strong>qui</strong></span> <span class='ocrx_word' id='word_1_586' title='bbox 2365 3656 2610 3713; x_wconf 87' lang='lat' dir='ltr'><strong>deducit</strong></span> <span class='ocrx_word' id='word_1_587' title='bbox 2639 3656 2719 3714; x_wconf 91' lang='lat' dir='ltr'><strong>ad</strong></span> <span class='ocrx_word' id='word_1_588' title='bbox 2761 3673 3010 3713; x_wconf 90' lang='lat' dir='ltr'><strong>omnem</strong></span> <span class='ocrx_word' id='word_1_589' title='bbox 3039 3660 3373 3726; x_wconf 82' lang='lat' dir='ltr'><strong>veritatem,</strong></span> <span class='ocrx_word' id='word_1_590' title='bbox 3403 3674 3739 3732; x_wconf 89' lang='lat' dir='ltr'><strong>omnesque</strong></span> 
     </span>
    </p>
   </div>
   <div class='ocr_carea' id='block_1_72' title="bbox 361 3743 1984 3824">
    <p class='ocr_par' dir='ltr' id='par_1_72' title="bbox 361 3743 1966 3824">
     <span class='ocr_line' id='line_1_72' title="bbox 361 3743 1966 3824; baseline -0.001 -24"><span class='ocrx_word' id='word_1_591' title='bbox 361 3747 592 3824; x_wconf 73' lang='grc' dir='ltr'><strong>ὀδηγουν</strong></span> <span class='ocrx_word' id='word_1_592' title='bbox 634 3748 706 3812; x_wconf 80' lang='grc' dir='ltr'><strong>εἰς</strong></span> <span class='ocrx_word' id='word_1_593' title='bbox 751 3753 927 3802; x_wconf 84' lang='grc' dir='ltr'>πᾶσαν</span> <span class='ocrx_word' id='word_1_594' title='bbox 974 3749 1069 3804; x_wconf 80' lang='grc' dir='ltr'><strong>τὴν</strong></span> <span class='ocrx_word' id='word_1_595' title='bbox 1128 3743 1387 3811; x_wconf 77' lang='grc' dir='ltr'>ἀλήθειαν,</span> <span class='ocrx_word' id='word_1_596' title='bbox 1421 3749 1511 3796; x_wconf 82' lang='grc' dir='ltr'><strong>καὶ</strong></span> <span class='ocrx_word' id='word_1_597' title='bbox 1553 3747 1804 3821; x_wconf 78' lang='grc' dir='ltr'><strong>στηρίζον</strong></span> <span class='ocrx_word' id='word_1_598' title='bbox 1842 3750 1966 3800; x_wconf 84' lang='grc' dir='ltr'><strong>πάν-</strong></span> 
     </span>
    </p>
   </div>
   <div class='ocr_carea' id='block_1_73' title="bbox 2115 3743 3738 3824">
    <p class='ocr_par' dir='ltr' id='par_1_73' title="bbox 2115 3745 3738 3820">
     <span class='ocr_line' id='line_1_73' title="bbox 2115 3745 3738 3820; baseline 0.001 -17"><span class='ocrx_word' id='word_1_599' title='bbox 2115 3747 2387 3803; x_wconf 86' lang='lat' dir='ltr'><strong>redentes</strong></span> <span class='ocrx_word' id='word_1_600' title='bbox 2415 3747 2618 3802; x_wconf 86' lang='lat' dir='ltr'><strong>ﬁrmat</strong></span> <span class='ocrx_word' id='word_1_601' title='bbox 2642 3751 2701 3803; x_wconf 89' lang='lat' dir='ltr'><strong>et</strong></span> <span class='ocrx_word' id='word_1_602' title='bbox 2728 3745 2807 3803; x_wconf 93' lang='lat' dir='ltr'><strong>ad</strong></span> <span class='ocrx_word' id='word_1_603' title='bbox 2830 3748 3235 3818; x_wconf 87' lang='lat' dir='ltr'><strong>cognitionem</strong></span> <span class='ocrx_word' id='word_1_604' title='bbox 3288 3754 3536 3820; x_wconf 87' lang='lat' dir='ltr'><strong>certam,</strong></span> <span class='ocrx_word' id='word_1_605' title='bbox 3563 3753 3620 3806; x_wconf 91' lang='lat' dir='ltr'><strong>et</strong></span> <span class='ocrx_word' id='word_1_606' title='bbox 3658 3747 3738 3804; x_wconf 90' lang='lat' dir='ltr'><strong>ad</strong></span> 
     </span>
    </p>
   </div>
   <div class='ocr_carea' id='block_1_74' title="bbox 361 3833 1984 3911">
    <p class='ocr_par' dir='ltr' id='par_1_74' title="bbox 361 3833 1963 3910">
     <span class='ocr_line' id='line_1_74' title="bbox 361 3833 1963 3910; baseline 0.002 -22"><span class='ocrx_word' id='word_1_607' title='bbox 361 3861 457 3904; x_wconf 81' lang='grc' dir='ltr'>τας</span> <span class='ocrx_word' id='word_1_608' title='bbox 499 3843 621 3902; x_wconf 82' lang='grc' dir='ltr'><strong>τοὺς</strong></span> <span class='ocrx_word' id='word_1_609' title='bbox 663 3839 1002 3897; x_wconf 75' lang='grc' dir='ltr'><strong>πιστεύοντας</strong></span> <span class='ocrx_word' id='word_1_610' title='bbox 1050 3838 1180 3910; x_wconf 83' lang='grc' dir='ltr'><strong>πρὸς</strong></span> <span class='ocrx_word' id='word_1_611' title='bbox 1233 3853 1288 3887; x_wconf 84' lang='grc' dir='ltr'><strong>τε</strong></span> <span class='ocrx_word' id='word_1_612' title='bbox 1339 3839 1535 3906; x_wconf 70' lang='grc' dir='ltr'>γνῶσιν</span> <span class='ocrx_word' id='word_1_613' title='bbox 1587 3833 1790 3908; x_wconf 75' lang='grc' dir='ltr'>ἀσφαλῆ</span> <span class='ocrx_word' id='word_1_614' title='bbox 1828 3838 1963 3906; x_wconf 78' lang='grc'><strong>(24),</strong></span> 
     </span>
    </p>
   </div>
   <div class='ocr_carea' id='block_1_75' title="bbox 2116 3833 3739 3911">
    <p class='ocr_par' dir='ltr' id='par_1_75' title="bbox 2117 3836 3739 3911">
     <span class='ocr_line' id='line_1_75' title="bbox 2117 3836 3739 3911; baseline 0.001 -19"><span class='ocrx_word' id='word_1_615' title='bbox 2117 3843 2424 3894; x_wconf 91' lang='lat' dir='ltr'><strong>ccuratam</strong></span> <span class='ocrx_word' id='word_1_616' title='bbox 2449 3836 2917 3905; x_wconf 89' lang='lat' dir='ltr'><strong>confessionem,</strong></span> <span class='ocrx_word' id='word_1_617' title='bbox 2940 3842 2996 3894; x_wconf 91' lang='lat' dir='ltr'><strong>et</strong></span> <span class='ocrx_word' id='word_1_618' title='bbox 3016 3837 3093 3894; x_wconf 89' lang='lat' dir='ltr'><strong>ad</strong></span> <span class='ocrx_word' id='word_1_619' title='bbox 3111 3837 3339 3894; x_wconf 89' lang='lat' dir='ltr'><strong>cultum</strong></span> <span class='ocrx_word' id='word_1_620' title='bbox 3361 3839 3552 3911; x_wconf 90' lang='lat' dir='ltr'><strong>pium,</strong></span> <span class='ocrx_word' id='word_1_621' title='bbox 3582 3843 3639 3896; x_wconf 90' lang='lat' dir='ltr'><strong>et</strong></span> <span class='ocrx_word' id='word_1_622' title='bbox 3659 3838 3739 3894; x_wconf 89' lang='lat' dir='ltr'><strong>ad</strong></span> 
     </span>
    </p>
   </div>
   <div class='ocr_carea' id='block_1_76' title="bbox 359 3923 1982 4003">
    <p class='ocr_par' dir='ltr' id='par_1_76' title="bbox 359 3923 1966 4003">
     <span class='ocr_line' id='line_1_76' title="bbox 359 3923 1966 4003; baseline -0.003 -19"><span class='ocrx_word' id='word_1_623' title='bbox 359 3935 451 3986; x_wconf 84' lang='lat' dir='ltr'><strong>xui</strong></span> <span class='ocrx_word' id='word_1_624' title='bbox 509 3929 784 4003; x_wconf 77' lang='grc' dir='ltr'>ὁμολογίαν</span> <span class='ocrx_word' id='word_1_625' title='bbox 857 3923 1072 4000; x_wconf 76' lang='grc' dir='ltr'><strong>ἀκριϐῆ,</strong></span> <span class='ocrx_word' id='word_1_626' title='bbox 1139 3929 1228 3976; x_wconf 82' lang='grc' dir='ltr'><strong>καὶ</strong></span> <span class='ocrx_word' id='word_1_627' title='bbox 1297 3923 1536 3999; x_wconf 86' lang='grc' dir='ltr'>λατρείαν</span> <span class='ocrx_word' id='word_1_628' title='bbox 1610 3924 1819 3994; x_wconf 71' lang='grc' dir='ltr'><strong>εὐσεϐῆ,</strong></span> <span class='ocrx_word' id='word_1_629' title='bbox 1876 3932 1966 3980; x_wconf 84' lang='grc' dir='ltr'><strong>καὶ</strong></span> 
     </span>
    </p>
   </div>
   <div class='ocr_carea' id='block_1_77' title="bbox 2114 3923 3737 4003">
    <p class='ocr_par' dir='ltr' id='par_1_77' title="bbox 2114 3925 3737 3999">
     <span class='ocr_line' id='line_1_77' title="bbox 2114 3925 3737 3999; baseline 0.001 -17"><span class='ocrx_word' id='word_1_630' title='bbox 2114 3925 2450 3999; x_wconf 89' lang='lat' dir='ltr'><strong>piritualem</strong></span> <span class='ocrx_word' id='word_1_631' title='bbox 2480 3931 2536 3982; x_wconf 93' lang='lat' dir='ltr'><strong>et</strong></span> <span class='ocrx_word' id='word_1_632' title='bbox 2563 3941 2774 3982; x_wconf 87' lang='lat' dir='ltr'><strong>veram</strong></span> <span class='ocrx_word' id='word_1_633' title='bbox 2804 3925 3224 3983; x_wconf 89' lang='lat' dir='ltr'><strong>adorationem</strong></span> <span class='ocrx_word' id='word_1_634' title='bbox 3253 3927 3353 3984; x_wconf 88' lang='lat' dir='ltr'><strong>Dei</strong></span> <span class='ocrx_word' id='word_1_635' title='bbox 3385 3929 3572 3984; x_wconf 88' lang='lat' dir='ltr'><strong>Patris</strong></span> <span class='ocrx_word' id='word_1_636' title='bbox 3604 3926 3737 3984; x_wconf 80' lang='lat' dir='ltr'><strong>uni-</strong></span> 
     </span>
    </p>
   </div>
   <div class='ocr_carea' id='block_1_78' title="bbox 363 4013 1986 4096">
    <p class='ocr_par' dir='ltr' id='par_1_78' title="bbox 363 4013 1968 4096">
     <span class='ocr_line' id='line_1_78' title="bbox 363 4013 1968 4096; baseline -0.003 -22"><span class='ocrx_word' id='word_1_637' title='bbox 363 4022 722 4096; x_wconf 79' lang='grc' dir='ltr'><strong>προσκύνησιν</strong></span> <span class='ocrx_word' id='word_1_638' title='bbox 785 4017 1137 4088; x_wconf 83' lang='grc' dir='ltr'>πνευματικὴν</span> <span class='ocrx_word' id='word_1_639' title='bbox 1195 4019 1286 4066; x_wconf 86' lang='grc' dir='ltr'><strong>καὶ</strong></span> <span class='ocrx_word' id='word_1_640' title='bbox 1349 4013 1514 4074; x_wconf 76' lang='grc' dir='ltr'>ἀληθῆ</span> <span class='ocrx_word' id='word_1_641' title='bbox 1575 4022 1706 4068; x_wconf 81' lang='grc' dir='ltr'><strong>Θεον</strong></span> <span class='ocrx_word' id='word_1_642' title='bbox 1769 4019 1968 4090; x_wconf 68' lang='lat' dir='ltr'><strong>lict-:96;</strong></span> 
     </span>
    </p>
   </div>
   <div class='ocr_carea' id='block_1_79' title="bbox 2115 4013 3738 4096">
    <p class='ocr_par' dir='ltr' id='par_1_79' title="bbox 2115 4015 3738 4088">
     <span class='ocr_line' id='line_1_79' title="bbox 2115 4015 3738 4088; baseline 0.001 -16"><span class='ocrx_word' id='word_1_643' title='bbox 2115 4015 2379 4088; x_wconf 88' lang='lat' dir='ltr'><strong>enitique</strong></span> <span class='ocrx_word' id='word_1_644' title='bbox 2399 4015 2531 4086; x_wconf 85' lang='lat' dir='ltr'><strong>ejus</strong></span> <span class='ocrx_word' id='word_1_645' title='bbox 2563 4015 2686 4071; x_wconf 85' lang='lat' dir='ltr'><strong>Filii</strong></span> <span class='ocrx_word' id='word_1_646' title='bbox 2706 4015 2944 4071; x_wconf 91' lang='lat' dir='ltr'><strong>Domini</strong></span> <span class='ocrx_word' id='word_1_647' title='bbox 2977 4021 3036 4072; x_wconf 91' lang='lat' dir='ltr'><strong>et</strong></span> <span class='ocrx_word' id='word_1_648' title='bbox 3070 4017 3168 4072; x_wconf 85' lang='lat' dir='ltr'><strong>Dei</strong></span> <span class='ocrx_word' id='word_1_649' title='bbox 3201 4017 3390 4073; x_wconf 90' lang='lat' dir='ltr'><strong>nostri</strong></span> <span class='ocrx_word' id='word_1_650' title='bbox 3413 4019 3555 4073; x_wconf 81' lang='lat' dir='ltr'><strong>Jesu</strong></span> <span class='ocrx_word' id='word_1_651' title='bbox 3580 4018 3738 4075; x_wconf 88' lang='lat' dir='ltr'><strong>Chri-</strong></span> 
     </span>
    </p>
   </div>
   <div class='ocr_carea' id='block_1_80' title="bbox 363 4103 1986 4182">
    <p class='ocr_par' dir='ltr' id='par_1_80' title="bbox 363 4103 1966 4182">
     <span class='ocr_line' id='line_1_80' title="bbox 363 4103 1966 4182; baseline -0.004 -17"><span class='ocrx_word' id='word_1_652' title='bbox 363 4116 454 4165; x_wconf 79' lang='grc' dir='ltr'><strong>καὶ</strong></span> <span class='ocrx_word' id='word_1_653' title='bbox 477 4130 568 4164; x_wconf 91' lang='grc' dir='ltr'><strong>του</strong></span> <span class='ocrx_word' id='word_1_654' title='bbox 594 4126 902 4182; x_wconf 75' lang='grc' dir='ltr'>μονογενους</span> <span class='ocrx_word' id='word_1_655' title='bbox 947 4107 1071 4159; x_wconf 79' lang='grc' dir='ltr'>Υὶου</span> <span class='ocrx_word' id='word_1_656' title='bbox 1114 4103 1274 4157; x_wconf 69' lang='grc' dir='ltr'>αὐτου</span> <span class='ocrx_word' id='word_1_657' title='bbox 1327 4123 1418 4157; x_wconf 91' lang='grc' dir='ltr'>του</span> <span class='ocrx_word' id='word_1_658' title='bbox 1471 4109 1666 4180; x_wconf 83' lang='grc' dir='ltr'>Κυρίου</span> <span class='ocrx_word' id='word_1_659' title='bbox 1697 4109 1786 4158; x_wconf 84' lang='grc' dir='ltr'><strong>καὶ</strong></span> <span class='ocrx_word' id='word_1_660' title='bbox 1833 4115 1966 4159; x_wconf 87' lang='grc' dir='ltr'><strong>Θεου</strong></span> 
     </span>
    </p>
   </div>
   <div class='ocr_carea' id='block_1_81' title="bbox 2115 4103 3738 4182">
    <p class='ocr_par' dir='ltr' id='par_1_81' title="bbox 2115 4104 3738 4180">
     <span class='ocr_line' id='line_1_81' title="bbox 2115 4104 3738 4180; baseline 0 -18"><span class='ocrx_word' id='word_1_661' title='bbox 2115 4105 2170 4172; x_wconf 91' lang='lat' dir='ltr'><strong>ti,</strong></span> <span class='ocrx_word' id='word_1_662' title='bbox 2195 4111 2251 4162; x_wconf 91' lang='lat' dir='ltr'><strong>et</strong></span> <span class='ocrx_word' id='word_1_663' title='bbox 2274 4104 2364 4161; x_wconf 85' lang='lat' dir='ltr'><strong>sui</strong></span> <span class='ocrx_word' id='word_1_664' title='bbox 2382 4104 2831 4176; x_wconf 79' lang='lat' dir='ltr'><strong>ipsius.l\’omen</strong></span> <span class='ocrx_word' id='word_1_665' title='bbox 2855 4110 3056 4162; x_wconf 89' lang='lat' dir='ltr'><strong>autem</strong></span> <span class='ocrx_word' id='word_1_666' title='bbox 3075 4105 3385 4179; x_wconf 90' lang='lat' dir='ltr'><strong>quodlibet</strong></span> <span class='ocrx_word' id='word_1_667' title='bbox 3401 4107 3738 4180; x_wconf 89' lang='lat' dir='ltr'><strong>quamdam</strong></span> 
     </span>
    </p>
   </div>
   <div class='ocr_carea' id='block_1_82' title="bbox 363 4193 1986 4274">
    <p class='ocr_par' dir='ltr' id='par_1_82' title="bbox 363 4193 1968 4274">
     <span class='ocr_line' id='line_1_82' title="bbox 363 4193 1968 4274; baseline -0.002 -22"><span class='ocrx_word' id='word_1_668' title='bbox 363 4203 511 4274; x_wconf 76' lang='grc' dir='ltr'>ἡμῶν</span> <span class='ocrx_word' id='word_1_669' title='bbox 539 4199 716 4258; x_wconf 83' lang='grc' dir='ltr'>Ἰησου</span> <span class='ocrx_word' id='word_1_670' title='bbox 769 4205 1026 4272; x_wconf 80' lang='grc' dir='ltr'><strong>Χριστου,</strong></span> <span class='ocrx_word' id='word_1_671' title='bbox 1060 4198 1148 4246; x_wconf 89' lang='lat' dir='ltr'><strong>xui</strong></span> <span class='ocrx_word' id='word_1_672' title='bbox 1197 4193 1381 4247; x_wconf 84' lang='grc' dir='ltr'>ἑαυτου</span> <span class='ocrx_word' id='word_1_673' title='bbox 1412 4215 1425 4228; x_wconf 78' lang='grc' dir='ltr'><strong>ο</strong></span> <span class='ocrx_word' id='word_1_674' title='bbox 1459 4194 1682 4248; x_wconf 78' lang='grc' dir='ltr'><strong>ἑκάστου</strong></span> <span class='ocrx_word' id='word_1_675' title='bbox 1716 4195 1968 4269; x_wconf 82' lang='grc' dir='ltr'>ὀνόματος</span> 
     </span>
    </p>
   </div>
   <div class='ocr_carea' id='block_1_83' title="bbox 2116 4193 3739 4274">
    <p class='ocr_par' dir='ltr' id='par_1_83' title="bbox 2119 4193 3739 4268">
     <span class='ocr_line' id='line_1_83' title="bbox 2119 4193 3739 4268; baseline 0.001 -18"><span class='ocrx_word' id='word_1_676' title='bbox 2119 4194 2233 4250; x_wconf 91' lang='lat' dir='ltr'><strong>lius</strong></span> <span class='ocrx_word' id='word_1_677' title='bbox 2262 4193 2368 4267; x_wconf 90' lang='lat' dir='ltr'><strong>qui</strong></span> <span class='ocrx_word' id='word_1_678' title='bbox 2398 4194 2746 4250; x_wconf 88' lang='lat' dir='ltr'><strong>nominatur</strong></span> <span class='ocrx_word' id='word_1_679' title='bbox 2765 4195 3198 4268; x_wconf 89' lang='lat' dir='ltr'><strong>proprietatem</strong></span> <span class='ocrx_word' id='word_1_680' title='bbox 3216 4195 3392 4252; x_wconf 85' lang='lat' dir='ltr'><strong>nobis</strong></span> <span class='ocrx_word' id='word_1_681' title='bbox 3424 4196 3739 4254; x_wconf 88' lang='lat' dir='ltr'><strong>manifeste</strong></span> 
     </span>
    </p>
   </div>
   <div class='ocr_carea' id='block_1_84' title="bbox 361 4279 1984 4361">
    <p class='ocr_par' dir='ltr' id='par_1_84' title="bbox 361 4279 1969 4361">
     <span class='ocr_line' id='line_1_84' title="bbox 361 4279 1969 4361; baseline -0.007 -17"><span class='ocrx_word' id='word_1_682' title='bbox 361 4295 454 4350; x_wconf 74' lang='grc' dir='ltr'><strong>τὴν</strong></span> <span class='ocrx_word' id='word_1_683' title='bbox 509 4308 601 4343; x_wconf 83' lang='grc' dir='ltr'>του</span> <span class='ocrx_word' id='word_1_684' title='bbox 667 4287 1048 4361; x_wconf 70' lang='grc' dir='ltr'><strong>ὀνομαζομένου</strong></span> <span class='ocrx_word' id='word_1_685' title='bbox 1116 4286 1234 4355; x_wconf 80' lang='grc'><strong>(25)</strong></span> <span class='ocrx_word' id='word_1_686' title='bbox 1299 4279 1546 4342; x_wconf 76' lang='grc' dir='ltr'>ἰδιότητα</span> <span class='ocrx_word' id='word_1_687' title='bbox 1613 4294 1791 4358; x_wconf 69' lang='grc' dir='ltr'>σαφῶς</span> <span class='ocrx_word' id='word_1_688' title='bbox 1842 4289 1969 4360; x_wconf 74' lang='grc' dir='ltr'>ἡμῖν</span> 
     </span>
    </p>
   </div>
   <div class='ocr_carea' id='block_1_85' title="bbox 2116 4279 3739 4361">
    <p class='ocr_par' dir='ltr' id='par_1_85' title="bbox 2116 4283 3739 4358">
     <span class='ocr_line' id='line_1_85' title="bbox 2116 4283 3739 4358; baseline 0.001 -17"><span class='ocrx_word' id='word_1_689' title='bbox 2116 4302 2147 4341; x_wconf 86' lang='lat' dir='ltr'><strong>x</strong></span> <span class='ocrx_word' id='word_1_690' title='bbox 2157 4284 2368 4358; x_wconf 88' lang='lat' dir='ltr'><strong>plicat;</strong></span> <span class='ocrx_word' id='word_1_691' title='bbox 2399 4292 2577 4357; x_wconf 88' lang='lat' dir='ltr'><strong>atque</strong></span> <span class='ocrx_word' id='word_1_692' title='bbox 2605 4283 2664 4339; x_wconf 91' lang='lat' dir='ltr'><strong>in</strong></span> <span class='ocrx_word' id='word_1_693' title='bbox 2692 4299 3066 4358; x_wconf 90' lang='lat' dir='ltr'><strong>unoquoque</strong></span> <span class='ocrx_word' id='word_1_694' title='bbox 3090 4285 3268 4356; x_wconf 77' lang='lat'><strong>228</strong></span> <span class='ocrx_word' id='word_1_695' title='bbox 3285 4287 3739 4343; x_wconf 90' lang='lat' dir='ltr'><strong>nominatorum</strong></span> 
     </span>
    </p>
   </div>
   <div class='ocr_carea' id='block_1_86' title="bbox 364 4373 1987 4455">
    <p class='ocr_par' dir='ltr' id='par_1_86' title="bbox 364 4373 1971 4455">
     <span class='ocr_line' id='line_1_86' title="bbox 364 4373 1971 4455; baseline -0.007 -22"><span class='ocrx_word' id='word_1_696' title='bbox 364 4377 800 4455; x_wconf 77' lang='grc' dir='ltr'><strong>διευκρίνουντος,</strong></span> <span class='ocrx_word' id='word_1_697' title='bbox 854 4380 945 4428; x_wconf 84' lang='grc' dir='ltr'><strong>καὶ</strong></span> <span class='ocrx_word' id='word_1_698' title='bbox 996 4377 1114 4448; x_wconf 81' lang='grc' dir='ltr'><strong>περὶ</strong></span> <span class='ocrx_word' id='word_1_699' title='bbox 1166 4373 1384 4426; x_wconf 76' lang='grc' dir='ltr'><strong>ἑκάσνου</strong></span> <span class='ocrx_word' id='word_1_700' title='bbox 1430 4381 1532 4426; x_wconf 83' lang='grc' dir='ltr'><strong>τῶν</strong></span> <span class='ocrx_word' id='word_1_701' title='bbox 1581 4374 1971 4448; x_wconf 71' lang='grc' dir='ltr'>ὀνομαζομένων</span> 
     </span>
    </p>
   </div>
   <div class='ocr_carea' id='block_1_87' title="bbox 2116 4373 3739 4455">
    <p class='ocr_par' dir='ltr' id='par_1_87' title="bbox 2123 4373 3739 4448">
     <span class='ocr_line' id='line_1_87' title="bbox 2123 4373 3739 4448; baseline 0.001 -17"><span class='ocrx_word' id='word_1_702' title='bbox 2123 4375 2330 4432; x_wconf 91' lang='lat' dir='ltr'><strong>mnino</strong></span> <span class='ocrx_word' id='word_1_703' title='bbox 2350 4374 2446 4446; x_wconf 91' lang='lat' dir='ltr'><strong>pie</strong></span> <span class='ocrx_word' id='word_1_704' title='bbox 2471 4373 2800 4446; x_wconf 90' lang='lat' dir='ltr'><strong>peculiares</strong></span> <span class='ocrx_word' id='word_1_705' title='bbox 2822 4375 3107 4448; x_wconf 66' lang='lat' dir='ltr'><strong>quaedam</strong></span> <span class='ocrx_word' id='word_1_706' title='bbox 3128 4375 3524 4448; x_wconf 87' lang='lat' dir='ltr'><strong>proprietates</strong></span> <span class='ocrx_word' id='word_1_707' title='bbox 3545 4377 3739 4434; x_wconf 64' lang='lat' dir='ltr'><strong>consi.</strong></span> 
     </span>
    </p>
   </div>
   <div class='ocr_carea' id='block_1_88' title="bbox 361 4457 1984 4539">
    <p class='ocr_par' dir='ltr' id='par_1_88' title="bbox 361 4457 1968 4539">
     <span class='ocr_line' id='line_1_88' title="bbox 361 4457 1968 4539; baseline -0.002 -15"><span class='ocrx_word' id='word_1_708' title='bbox 361 4469 566 4531; x_wconf 79' lang='grc' dir='ltr'>πιίντως</span> <span class='ocrx_word' id='word_1_709' title='bbox 614 4468 764 4521; x_wconf 84' lang='grc' dir='ltr'>τινῶν</span> <span class='ocrx_word' id='word_1_710' title='bbox 803 4463 1074 4538; x_wconf 77' lang='grc' dir='ltr'>ἑξαιρέτων</span> <span class='ocrx_word' id='word_1_711' title='bbox 1117 4457 1415 4534; x_wconf 79' lang='grc' dir='ltr'><strong>ἰδιωμάτων</strong></span> <span class='ocrx_word' id='word_1_712' title='bbox 1469 4462 1694 4526; x_wconf 73' lang='grc' dir='ltr'><strong>εὐσεϐῶς</strong></span> <span class='ocrx_word' id='word_1_713' title='bbox 1743 4467 1968 4539; x_wconf 82' lang='grc' dir='ltr'>θεωρου-</span> 
     </span>
    </p>
   </div>
   <div class='ocr_carea' id='block_1_89' title="bbox 2111 4457 3734 4539">
    <p class='ocr_par' dir='ltr' id='par_1_89' title="bbox 2111 4464 3734 4538">
     <span class='ocr_line' id='line_1_89' title="bbox 2111 4464 3734 4538; baseline 0.001 -16"><span class='ocrx_word' id='word_1_714' title='bbox 2111 4467 2384 4532; x_wconf 83' lang='lat' dir='ltr'><strong>lerantur,</strong></span> <span class='ocrx_word' id='word_1_715' title='bbox 2415 4466 2582 4520; x_wconf 88' lang='lat' dir='ltr'><strong>Pater</strong></span> <span class='ocrx_word' id='word_1_716' title='bbox 2609 4464 2860 4537; x_wconf 89' lang='lat' dir='ltr'><strong>quidem</strong></span> <span class='ocrx_word' id='word_1_717' title='bbox 2904 4465 2966 4521; x_wconf 91' lang='lat' dir='ltr'><strong>in</strong></span> <span class='ocrx_word' id='word_1_718' title='bbox 3009 4465 3374 4538; x_wconf 89' lang='lat' dir='ltr'><strong>proprietate</strong></span> <span class='ocrx_word' id='word_1_719' title='bbox 3404 4466 3615 4530; x_wconf 86' lang='lat' dir='ltr'><strong>Patris,</strong></span> <span class='ocrx_word' id='word_1_720' title='bbox 3651 4465 3734 4524; x_wconf 83' lang='lat' dir='ltr'><strong>Fi-</strong></span> 
     </span>
    </p>
   </div>
   <div class='ocr_carea' id='block_1_90' title="bbox 435 4588 2058 4663">
    <p class='ocr_par' dir='ltr' id='par_1_90' title="bbox 435 4588 2058 4663">
     <span class='ocr_line' id='line_1_90' title="bbox 435 4588 2058 4663; baseline -0.008 -12"><span class='ocrx_word' id='word_1_721' title='bbox 435 4595 458 4631; x_wconf 77' lang='lat'><strong>‘</strong></span> <span class='ocrx_word' id='word_1_722' title='bbox 485 4597 724 4658; x_wconf 78' lang='lat' dir='ltr'><strong>Joan.1,</strong></span> <span class='ocrx_word' id='word_1_723' title='bbox 750 4595 802 4648; x_wconf 88' lang='lat'><strong>3.</strong></span> <span class='ocrx_word' id='word_1_724' title='bbox 903 4591 924 4626; x_wconf 80' lang='grc'><strong><em>⁵</em></strong></span> <span class='ocrx_word' id='word_1_725' title='bbox 953 4588 1186 4663; x_wconf 85' lang='lat' dir='ltr'><strong>Coloss.</strong></span> <span class='ocrx_word' id='word_1_726' title='bbox 1226 4605 1262 4656; x_wconf 85' lang='grc' dir='ltr'>ι,</span> <span class='ocrx_word' id='word_1_727' title='bbox 1304 4591 1390 4644; x_wconf 84' lang='lat' dir='ltr'><strong>l7.</strong></span> <span class='ocrx_word' id='word_1_728' title='bbox 1494 4589 1722 4663; x_wconf 46' lang='lat' dir='ltr'><strong>fJoan.</strong></span> <span class='ocrx_word' id='word_1_729' title='bbox 1755 4607 1791 4658; x_wconf 82' lang='grc' dir='ltr'>ι,</span> <span class='ocrx_word' id='word_1_730' title='bbox 1815 4593 1868 4649; x_wconf 84' lang='grc'><strong>1.</strong></span> <span class='ocrx_word' id='word_1_731' title='bbox 1968 4593 1986 4626; x_wconf 83' lang='lat'><strong>7</strong></span> <span class='ocrx_word' id='word_1_732' title='bbox 2019 4595 2058 4648; x_wconf 80' lang='grc' dir='ltr'>Β</span> 
     </span>
    </p>
   </div>
   <div class='ocr_carea' id='block_1_91' title="bbox 2111 4588 3734 4663">
    <p class='ocr_par' dir='ltr' id='par_1_91' title="bbox 2111 4589 3734 4663">
     <span class='ocr_line' id='line_1_91' title="bbox 2111 4589 3734 4663; baseline 0.002 -17"><span class='ocrx_word' id='word_1_733' title='bbox 2111 4589 2274 4646; x_wconf 89' lang='lat' dir='ltr'><strong>ruch.</strong></span> <span class='ocrx_word' id='word_1_734' title='bbox 2308 4606 2381 4659; x_wconf 86' lang='grc' dir='ltr'>ιιι,</span> <span class='ocrx_word' id='word_1_735' title='bbox 2413 4593 2503 4647; x_wconf 91' lang='lat'><strong>38.</strong></span> <span class='ocrx_word' id='word_1_736' title='bbox 2609 4590 2630 4623; x_wconf 82' lang='grc'><strong>⁸</strong></span> <span class='ocrx_word' id='word_1_737' title='bbox 2659 4589 2915 4663; x_wconf 82' lang='lat' dir='ltr'><strong>Philipp.</strong></span> <span class='ocrx_word' id='word_1_738' title='bbox 2947 4607 3002 4657; x_wconf 90' lang='grc' dir='ltr'>ιι,</span> <span class='ocrx_word' id='word_1_739' title='bbox 3030 4593 3139 4646; x_wconf 89' lang='lat'><strong>6-8.</strong></span> <span class='ocrx_word' id='word_1_740' title='bbox 3247 4593 3267 4626; x_wconf 75' lang='grc' dir='ltr'>θ</span> <span class='ocrx_word' id='word_1_741' title='bbox 3307 4593 3331 4649; x_wconf 90' lang='lat' dir='ltr'><strong>I</strong></span> <span class='ocrx_word' id='word_1_742' title='bbox 3373 4594 3505 4650; x_wconf 87' lang='lat' dir='ltr'><strong>Cor.</strong></span> <span class='ocrx_word' id='word_1_743' title='bbox 3545 4608 3648 4660; x_wconf 82' lang='lat' dir='ltr'><strong>xv,</strong></span> <span class='ocrx_word' id='word_1_744' title='bbox 3677 4593 3734 4649; x_wconf 82' lang='grc'><strong>4.</strong></span> 
     </span>
    </p>
   </div>
   <div class='ocr_carea' id='block_1_92' title="bbox 367 4661 1990 4742">
    <p class='ocr_par' dir='ltr' id='par_1_92' title="bbox 367 4661 1990 4742">
     <span class='ocr_line' id='line_1_92' title="bbox 367 4661 1990 4742; baseline -0.002 -19"><span class='ocrx_word' id='word_1_745' title='bbox 367 4667 414 4705; x_wconf 72' lang='grc' dir='ltr'><strong>ιο</strong></span> <span class='ocrx_word' id='word_1_746' title='bbox 444 4668 621 4724; x_wconf 87' lang='lat' dir='ltr'><strong>Marc.</strong></span> <span class='ocrx_word' id='word_1_747' title='bbox 642 4681 723 4735; x_wconf 84' lang='lat' dir='ltr'><strong>1x,</strong></span> <span class='ocrx_word' id='word_1_748' title='bbox 751 4667 839 4720; x_wconf 79' lang='grc'><strong>43.</strong></span> <span class='ocrx_word' id='word_1_749' title='bbox 922 4663 963 4742; x_wconf 50' lang='grc' dir='ltr'><strong>τ’</strong></span> <span class='ocrx_word' id='word_1_750' title='bbox 992 4661 1305 4733; x_wconf 84' lang='lat' dir='ltr'><strong>Ephes.1v,</strong></span> <span class='ocrx_word' id='word_1_751' title='bbox 1335 4663 1423 4716; x_wconf 85' lang='grc'><strong>30.</strong></span> <span class='ocrx_word' id='word_1_752' title='bbox 1502 4661 1548 4696; x_wconf 80' lang='grc'>¹²</span> <span class='ocrx_word' id='word_1_753' title='bbox 1571 4663 1739 4717; x_wconf 78' lang='lat' dir='ltr'><strong>Rom.</strong></span> <span class='ocrx_word' id='word_1_754' title='bbox 1765 4677 1883 4725; x_wconf 72' lang='lat' dir='ltr'><strong>vru,</strong></span> <span class='ocrx_word' id='word_1_755' title='bbox 1914 4668 1990 4720; x_wconf 80' lang='grc'><strong>15.</strong></span> 
     </span>
    </p>
   </div>
   <div class='ocr_carea' id='block_1_93' title="bbox 1542 4661 3165 4742">
    <p class='ocr_par' dir='ltr' id='par_1_93' title="bbox 1542 4661 3165 4734">
     <span class='ocr_line' id='line_1_93' title="bbox 1542 4661 3165 4734; baseline -0.001 -17"><span class='ocrx_word' id='word_1_756' title='bbox 1542 4663 1739 4717; x_wconf 70' lang='lat' dir='ltr'><strong>&#39;Rom.</strong></span> <span class='ocrx_word' id='word_1_757' title='bbox 1765 4677 1883 4725; x_wconf 80' lang='lat' dir='ltr'><strong>Vill,</strong></span> <span class='ocrx_word' id='word_1_758' title='bbox 1914 4668 1999 4720; x_wconf 80' lang='lat' dir='ltr'><strong>l5.</strong></span> <span class='ocrx_word' id='word_1_759' title='bbox 2077 4665 2123 4699; x_wconf 82' lang='grc'>¹³</span> <span class='ocrx_word' id='word_1_760' title='bbox 2151 4663 2171 4716; x_wconf 93' lang='grc' dir='ltr'><strong>Ι</strong></span> <span class='ocrx_word' id='word_1_761' title='bbox 2196 4665 2326 4719; x_wconf 89' lang='lat' dir='ltr'><strong>Cor.</strong></span> <span class='ocrx_word' id='word_1_762' title='bbox 2358 4677 2462 4732; x_wconf 84' lang='lat' dir='ltr'><strong>xu,</strong></span> <span class='ocrx_word' id='word_1_763' title='bbox 2489 4665 2572 4717; x_wconf 83' lang='lat' dir='ltr'><strong>ll.</strong></span> <span class='ocrx_word' id='word_1_764' title='bbox 2663 4663 2708 4696; x_wconf 74' lang='lat'>“</span> <span class='ocrx_word' id='word_1_765' title='bbox 2734 4661 2906 4718; x_wconf 83' lang='lat' dir='ltr'><strong>Joan.</strong></span> <span class='ocrx_word' id='word_1_766' title='bbox 2938 4677 3051 4734; x_wconf 76' lang='lat' dir='ltr'><strong>XIV,</strong></span> <span class='ocrx_word' id='word_1_767' title='bbox 3077 4665 3165 4718; x_wconf 84' lang='lat'><strong>26.</strong></span> 
     </span>
    </p>
   </div>
   <div class='ocr_carea' id='block_1_94' title="bbox 439 4784 2062 4862">
    <p class='ocr_par' dir='ltr' id='par_1_94' title="bbox 439 4784 2044 4860">
     <span class='ocr_line' id='line_1_94' title="bbox 439 4784 2044 4860; baseline -0.003 -11"><span class='ocrx_word' id='word_1_768' title='bbox 439 4796 553 4859; x_wconf 80' lang='lat'><strong>(20)</strong></span> <span class='ocrx_word' id='word_1_769' title='bbox 579 4789 742 4860; x_wconf 84' lang='lat' dir='ltr'><strong>Regii</strong></span> <span class='ocrx_word' id='word_1_770' title='bbox 761 4789 884 4846; x_wconf 92' lang='lat' dir='ltr'><strong>duo</strong></span> <span class='ocrx_word' id='word_1_771' title='bbox 923 4803 1072 4845; x_wconf 87' lang='lat' dir='ltr'><strong>mss.</strong></span> <span class='ocrx_word' id='word_1_772' title='bbox 1099 4791 1156 4842; x_wconf 92' lang='lat' dir='ltr'><strong>et</strong></span> <span class='ocrx_word' id='word_1_773' title='bbox 1184 4784 1366 4842; x_wconf 90' lang='lat' dir='ltr'><strong>editio</strong></span> <span class='ocrx_word' id='word_1_774' title='bbox 1386 4787 1534 4841; x_wconf 86' lang='lat' dir='ltr'><strong>Ven.</strong></span> <span class='ocrx_word' id='word_1_775' title='bbox 1573 4785 1636 4841; x_wconf 90' lang='lat' dir='ltr'><strong>in</strong></span> <span class='ocrx_word' id='word_1_776' title='bbox 1681 4791 1964 4844; x_wconf 87' lang='lat' dir='ltr'><strong>contextu</strong></span> <span class='ocrx_word' id='word_1_777' title='bbox 2000 4790 2044 4843; x_wconf 94' lang='lat' dir='ltr'><strong>D</strong></span> 
     </span>
    </p>
   </div>
   <div class='ocr_carea' id='block_1_95' title="bbox 2110 4784 3733 4862">
    <p class='ocr_par' dir='ltr' id='par_1_95' title="bbox 2112 4785 3733 4862">
     <span class='ocr_line' id='line_1_95' title="bbox 2112 4785 3733 4862; baseline 0 -20"><span class='ocrx_word' id='word_1_778' title='bbox 2112 4792 2130 4844; x_wconf 70' lang='grc' dir='ltr'><strong>ί</strong></span> <span class='ocrx_word' id='word_1_779' title='bbox 2177 4790 2332 4862; x_wconf 62' lang='lat' dir='ltr'><strong>Reg.</strong></span> <span class='ocrx_word' id='word_1_780' title='bbox 2361 4786 2604 4862; x_wconf 59' lang='lat' dir='ltr'><strong>Primus</strong></span> <span class='ocrx_word' id='word_1_781' title='bbox 2661 4794 2856 4858; x_wconf 73' lang='grc' dir='ltr'>γνῶσιν</span> <span class='ocrx_word' id='word_1_782' title='bbox 2898 4785 3080 4862; x_wconf 64' lang='grc' dir='ltr'><strong>Δᾀιληθιῖθ</strong></span> <span class='ocrx_word' id='word_1_783' title='bbox 3119 4792 3217 4862; x_wconf 78' lang='lat' dir='ltr'><strong>xui</strong></span> <span class='ocrx_word' id='word_1_784' title='bbox 3265 4788 3455 4862; x_wconf 79' lang='grc' dir='ltr'><strong>ἀκριϐῆ</strong></span> <span class='ocrx_word' id='word_1_785' title='bbox 3510 4793 3600 4842; x_wconf 82' lang='grc' dir='ltr'><strong>καὶ</strong></span> <span class='ocrx_word' id='word_1_786' title='bbox 3641 4789 3733 4862; x_wconf 20' lang='grc' dir='ltr'>,λαι-</span> 
     </span>
    </p>
   </div>
   <div class='ocr_carea' id='block_1_96' title="bbox 367 4857 1990 4939">
    <p class='ocr_par' dir='ltr' id='par_1_96' title="bbox 367 4857 1965 4939">
     <span class='ocr_line' id='line_1_96' title="bbox 367 4857 1965 4939; baseline -0.005 -20"><span class='ocrx_word' id='word_1_787' title='bbox 367 4857 567 4937; x_wconf 74' lang='grc' dir='ltr'>ἀγαθὸν</span> <span class='ocrx_word' id='word_1_788' title='bbox 599 4857 809 4939; x_wconf 73' lang='grc' dir='ltr'><strong>Κύριον.</strong></span> <span class='ocrx_word' id='word_1_789' title='bbox 841 4863 972 4918; x_wconf 78' lang='lat' dir='ltr'><strong>Mox</strong></span> <span class='ocrx_word' id='word_1_790' title='bbox 1003 4862 1142 4929; x_wconf 81' lang='lat' dir='ltr'><strong>Reg.</strong></span> <span class='ocrx_word' id='word_1_791' title='bbox 1171 4873 1330 4914; x_wconf 90' lang='lat' dir='ltr'><strong>unus</strong></span> <span class='ocrx_word' id='word_1_792' title='bbox 1358 4875 1448 4910; x_wconf 87' lang='grc' dir='ltr'><strong>του</strong></span> <span class='ocrx_word' id='word_1_793' title='bbox 1484 4862 1677 4932; x_wconf 81' lang='grc' dir='ltr'>Κυρίου</span> <span class='ocrx_word' id='word_1_794' title='bbox 1703 4863 1793 4912; x_wconf 89' lang='grc' dir='ltr'>καί</span> <span class='ocrx_word' id='word_1_795' title='bbox 1833 4868 1965 4914; x_wconf 67' lang='grc' dir='ltr'><strong>Θεοῦ</strong></span> 
     </span>
    </p>
   </div>
   <div class='ocr_carea' id='block_1_97' title="bbox 2111 4857 3734 4939">
    <p class='ocr_par' dir='ltr' id='par_1_97' title="bbox 2111 4857 3734 4939">
     <span class='ocr_line' id='line_1_97' title="bbox 2111 4857 3734 4939; baseline 0.004 -27"><span class='ocrx_word' id='word_1_796' title='bbox 2111 4857 2487 4939; x_wconf 53' lang='grc' dir='ltr'>θείανέΕᾶιιιο</span> <span class='ocrx_word' id='word_1_797' title='bbox 2535 4857 2828 4939; x_wconf 81' lang='lat' dir='ltr'><strong>Ven._pro</strong></span> <span class='ocrx_word' id='word_1_798' title='bbox 2885 4857 3050 4939; x_wconf 62' lang='grc' dir='ltr'>ἀληθῆ</span> <span class='ocrx_word' id='word_1_799' title='bbox 3113 4860 3297 4939; x_wconf 76' lang='lat' dir='ltr'><strong>habet</strong></span> <span class='ocrx_word' id='word_1_800' title='bbox 3333 4857 3406 4939; x_wconf 78' lang='lat' dir='ltr'><strong>in</strong></span> <span class='ocrx_word' id='word_1_801' title='bbox 3457 4861 3734 4931; x_wconf 87' lang='lat' dir='ltr'><strong>margine</strong></span> 
     </span>
    </p>
   </div>
   <div class='ocr_carea' id='block_1_98' title="bbox 371 4929 1994 5010">
    <p class='ocr_par' dir='ltr' id='par_1_98' title="bbox 371 4929 1859 5010">
     <span class='ocr_line' id='line_1_98' title="bbox 371 4929 1859 5010; baseline 0 0"><span class='ocrx_word' id='word_1_802' title='bbox 371 4929 688 5010; x_wconf 39' lang='grc' dir='ltr'><strong>ἡμέρης</strong></span> <span class='ocrx_word' id='word_1_803' title='bbox 1007 4929 1859 5010; x_wconf 86' lang='lat'>_</span> 
     </span>
    </p>
   </div>
   <div class='ocr_carea' id='block_1_99' title="bbox 2110 4929 3733 5010">
    <p class='ocr_par' dir='ltr' id='par_1_99' title="bbox 2110 4929 3733 5010">
     <span class='ocr_line' id='line_1_99' title="bbox 2110 4929 3733 5010; baseline 0.004 -29"><span class='ocrx_word' id='word_1_804' title='bbox 2110 4930 2280 5010; x_wconf 48' lang='lat' dir='ltr'><strong>quia?</strong></span> <span class='ocrx_word' id='word_1_805' title='bbox 2295 4946 2360 5010; x_wconf 84' lang='lat' dir='ltr'><strong>-_q</strong></span> <span class='ocrx_word' id='word_1_806' title='bbox 2370 4945 2512 4986; x_wconf 89' lang='lat' dir='ltr'><strong>uam</strong></span> <span class='ocrx_word' id='word_1_807' title='bbox 2526 4929 2886 5010; x_wconf 74' lang='lat' dir='ltr'><strong>scripturam</strong></span> <span class='ocrx_word' id='word_1_808' title='bbox 2899 4936 3046 5010; x_wconf 86' lang='lat' dir='ltr'><strong>puto</strong></span> <span class='ocrx_word' id='word_1_809' title='bbox 3061 4947 3181 5010; x_wconf 61' lang='lat' dir='ltr'><strong>prae</strong></span> <span class='ocrx_word' id='word_1_810' title='bbox 3189 4929 3733 5010; x_wconf 49' lang='lat' dir='ltr'><strong>(erendamme&#39;vox</strong></span> 
     </span>
    </p>
   </div>
   <div class='ocr_carea' id='block_1_100' title="bbox 445 4999 2068 5078">
    <p class='ocr_par' dir='ltr' id='par_1_100' title="bbox 445 4999 1966 5078">
     <span class='ocr_line' id='line_1_100' title="bbox 445 4999 1966 5078; baseline -0.011 -15"><span class='ocrx_word' id='word_1_811' title='bbox 445 5008 560 5074; x_wconf 79' lang='grc'><strong>(21)</strong></span> <span class='ocrx_word' id='word_1_812' title='bbox 587 5008 728 5075; x_wconf 79' lang='lat' dir='ltr'><strong>Reg.</strong></span> <span class='ocrx_word' id='word_1_813' title='bbox 760 5019 918 5058; x_wconf 91' lang='lat' dir='ltr'><strong>unus</strong></span> <span class='ocrx_word' id='word_1_814' title='bbox 943 5005 1114 5078; x_wconf 76' lang='grc' dir='ltr'><strong>πάντα</strong></span> <span class='ocrx_word' id='word_1_815' title='bbox 1149 5005 1215 5055; x_wconf 82' lang='grc' dir='ltr'><strong>τὰ</strong></span> <span class='ocrx_word' id='word_1_816' title='bbox 1247 4999 1542 5078; x_wconf 43' lang='grc' dir='ltr'><strong>εἰς-ἑαυτρν,</strong></span> <span class='ocrx_word' id='word_1_817' title='bbox 1574 5006 1664 5054; x_wconf 85' lang='grc' dir='ltr'><strong>καὶ</strong></span> <span class='ocrx_word' id='word_1_818' title='bbox 1692 5008 1808 5078; x_wconf 68' lang='grc' dir='ltr'><strong>περὶ</strong></span> <span class='ocrx_word' id='word_1_819' title='bbox 1841 5003 1966 5057; x_wconf 75' lang='grc' dir='ltr'><strong>ἐαυ-</strong></span> 
     </span>
    </p>
   </div>
   <div class='ocr_carea' id='block_1_101' title="bbox 2110 4999 3733 5078">
    <p class='ocr_par' dir='ltr' id='par_1_101' title="bbox 2110 4999 3733 5078">
     <span class='ocr_line' id='line_1_101' title="bbox 2110 4999 3733 5078; baseline 0.003 -24"><span class='ocrx_word' id='word_1_820' title='bbox 2110 4999 2239 5061; x_wconf 69' lang='grc' dir='ltr'><strong>).ἡοῆ</strong></span> <span class='ocrx_word' id='word_1_821' title='bbox 2269 4999 2360 5056; x_wconf 77' lang='lat' dir='ltr'><strong>bis</strong></span> <span class='ocrx_word' id='word_1_822' title='bbox 2402 4999 3129 5078; x_wconf 25' lang='lat' dir='ltr'><strong>continenter‘repetatur.</strong></span> <span class='ocrx_word' id='word_1_823' title='bbox 3163 5006 3296 5060; x_wconf 80' lang='lat' dir='ltr'><strong>Mox</strong></span> <span class='ocrx_word' id='word_1_824' title='bbox 3327 4999 3580 5078; x_wconf 86' lang='lat' dir='ltr'><strong>utraque</strong></span> <span class='ocrx_word' id='word_1_825' title='bbox 3611 5005 3733 5060; x_wconf 87' lang='lat' dir='ltr'><strong>edi-</strong></span> 
     </span>
    </p>
   </div>
   <div class='ocr_carea' id='block_1_102' title="bbox 372 5072 1995 5148">
    <p class='ocr_par' dir='ltr' id='par_1_102' title="bbox 372 5072 1964 5148">
     <span class='ocr_line' id='line_1_102' title="bbox 372 5072 1964 5148; baseline -0.003 -16"><span class='ocrx_word' id='word_1_826' title='bbox 372 5072 487 5132; x_wconf 74' lang='grc' dir='ltr'><strong>τοῦ.</strong></span> <span class='ocrx_word' id='word_1_827' title='bbox 518 5072 855 5148; x_wconf 66' lang='lat' dir='ltr'><strong>Aliquantq</strong></span> <span class='ocrx_word' id='word_1_828' title='bbox 873 5080 1013 5148; x_wconf 63' lang='lat' dir='ltr'><strong>post</strong></span> <span class='ocrx_word' id='word_1_829' title='bbox 1039 5073 1200 5130; x_wconf 90' lang='lat' dir='ltr'><strong>idem</strong></span> <span class='ocrx_word' id='word_1_830' title='bbox 1230 5072 1423 5130; x_wconf 81' lang='lat' dir='ltr'><strong>codex</strong></span> <span class='ocrx_word' id='word_1_831' title='bbox 1451 5073 1522 5135; x_wconf 83' lang='grc' dir='ltr'><strong>εἰς</strong></span> <span class='ocrx_word' id='word_1_832' title='bbox 1549 5078 1666 5134; x_wconf 77' lang='grc' dir='ltr'>τοὺς</span> <span class='ocrx_word' id='word_1_833' title='bbox 1696 5072 1964 5148; x_wconf 70' lang='grc' dir='ltr'>οὐρανοὺς,</span> 
     </span>
    </p>
   </div>
   <div class='ocr_carea' id='block_1_103' title="bbox 2110 5072 3733 5148">
    <p class='ocr_par' dir='ltr' id='par_1_103' title="bbox 2110 5072 3733 5148">
     <span class='ocr_line' id='line_1_103' title="bbox 2110 5072 3733 5148; baseline 0.004 -23"><span class='ocrx_word' id='word_1_834' title='bbox 2110 5078 2156 5131; x_wconf 69' lang='lat' dir='ltr'><strong>L0</strong></span> <span class='ocrx_word' id='word_1_835' title='bbox 2200 5078 2554 5148; x_wconf 62' lang='grc' dir='ltr'>πνευματικὴν</span> <span class='ocrx_word' id='word_1_836' title='bbox 2611 5078 2700 5125; x_wconf 84' lang='grc' dir='ltr'><strong>καὶ</strong></span> <span class='ocrx_word' id='word_1_837' title='bbox 2720 5145 2728 5148; x_wconf 17' lang='grc' dir='ltr'><strong>Α</strong></span> <span class='ocrx_word' id='word_1_838' title='bbox 2748 5072 2914 5131; x_wconf 75' lang='grc' dir='ltr'>ἁληθῆ</span> <span class='ocrx_word' id='word_1_839' title='bbox 2963 5074 3240 5148; x_wconf 66' lang='grc' dir='ltr'>ρμολργίαν</span> <span class='ocrx_word' id='word_1_840' title='bbox 3272 5084 3405 5130; x_wconf 83' lang='grc' dir='ltr'>Θεον</span> <span class='ocrx_word' id='word_1_841' title='bbox 3435 5097 3448 5110; x_wconf 75' lang='grc' dir='ltr'><strong><em>ο</em></strong></span> <span class='ocrx_word' id='word_1_842' title='bbox 3479 5072 3584 5132; x_wconf 72' lang='grc' dir='ltr'><strong>ἒθά</strong></span> <span class='ocrx_word' id='word_1_843' title='bbox 3616 5078 3733 5134; x_wconf 89' lang='lat' dir='ltr'><strong>hoc</strong></span> 
     </span>
    </p>
   </div>
   <div class='ocr_carea' id='block_1_104' title="bbox 374 5141 1997 5217">
    <p class='ocr_par' dir='ltr' id='par_1_104' title="bbox 374 5141 1957 5217">
     <span class='ocr_line' id='line_1_104' title="bbox 374 5141 1957 5217; baseline -0.003 -14"><span class='ocrx_word' id='word_1_844' title='bbox 374 5153 466 5203; x_wconf 86' lang='lat' dir='ltr'><strong>xui</strong></span> <span class='ocrx_word' id='word_1_845' title='bbox 492 5141 724 5205; x_wconf 67' lang='grc' dir='ltr'>κάθηται</span> <span class='ocrx_word' id='word_1_846' title='bbox 745 5145 800 5198; x_wconf 81' lang='grc' dir='ltr'><strong>ἐκ</strong></span> <span class='ocrx_word' id='word_1_847' title='bbox 827 5141 1021 5205; x_wconf 75' lang='grc' dir='ltr'><strong>ὃέξίών¹</strong></span> <span class='ocrx_word' id='word_1_848' title='bbox 1038 5165 1148 5200; x_wconf 86' lang='grc' dir='ltr'>του.</span> <span class='ocrx_word' id='word_1_849' title='bbox 1325 5216 1328 5217; x_wconf 15' lang='grc' dir='ltr'><em>ν</em></span> <span class='ocrx_word' id='word_1_850' title='bbox 1757 5141 1767 5148; x_wconf 75' lang='grc'><em>’</em></span> <span class='ocrx_word' id='word_1_851' title='bbox 1952 5141 1957 5142; x_wconf 20' lang='grc' dir='ltr'><strong>ί</strong></span> 
     </span>
    </p>
   </div>
   <div class='ocr_carea' id='block_1_105' title="bbox 2104 5141 3727 5217">
    <p class='ocr_par' dir='ltr' id='par_1_105' title="bbox 2104 5141 3727 5217">
     <span class='ocr_line' id='line_1_105' title="bbox 2104 5141 3727 5217; baseline 0.002 -15"><span class='ocrx_word' id='word_1_852' title='bbox 2104 5141 2354 5217; x_wconf 14' lang='grc' dir='ltr'>θεοίνοιι</span> <span class='ocrx_word' id='word_1_853' title='bbox 2407 5144 2684 5217; x_wconf 73' lang='grc' dir='ltr'>ὁμολογίαν</span> <span class='ocrx_word' id='word_1_854' title='bbox 2716 5145 2776 5200; x_wconf 91' lang='lat' dir='ltr'><strong>in</strong></span> <span class='ocrx_word' id='word_1_855' title='bbox 2801 5141 3180 5203; x_wconf 61' lang='lat' dir='ltr'><strong>veteri&#39;nullo</strong></span> <span class='ocrx_word' id='word_1_856' title='bbox 3217 5146 3372 5204; x_wconf 90' lang='lat' dir='ltr'><strong>libro</strong></span> <span class='ocrx_word' id='word_1_857' title='bbox 3403 5149 3727 5205; x_wconf 86' lang='lat' dir='ltr'><strong>invenitur.</strong></span> 
     </span>
    </p>
   </div>
   <div class='ocr_carea' id='block_1_106' title="bbox 446 5216 3727 5300">
    <p class='ocr_par' dir='ltr' id='par_1_106' title="bbox 446 5216 3727 5300">
     <span class='ocr_line' id='line_1_106' title="bbox 446 5216 3727 5300; baseline 0.002 -30"><span class='ocrx_word' id='word_1_858' title='bbox 446 5225 562 5300; x_wconf 65' lang='lat' dir='ltr'><strong>(g2)</strong></span> <span class='ocrx_word' id='word_1_859' title='bbox 591 5222 731 5300; x_wconf 80' lang='lat' dir='ltr'><strong>Reg.</strong></span> <span class='ocrx_word' id='word_1_860' title='bbox 773 5219 980 5300; x_wconf 72' lang='lat' dir='ltr'><strong>tertius</strong></span> <span class='ocrx_word' id='word_1_861' title='bbox 1023 5220 1108 5268; x_wconf 82' lang='grc' dir='ltr'><strong>τὸν</strong></span> <span class='ocrx_word' id='word_1_862' title='bbox 1136 5216 1688 5300; x_wconf 43' lang='grc' dir='ltr'><strong>Παράκλητρνηθιλιθ.</strong></span> <span class='ocrx_word' id='word_1_863' title='bbox 1725 5234 1969 5299; x_wconf 87' lang='lat' dir='ltr'><strong>quoque</strong></span> <span class='ocrx_word' id='word_1_864' title='bbox 2077 5216 2326 5300; x_wconf 55' lang='lat' dir='ltr'><strong>[iasilius</strong></span> <span class='ocrx_word' id='word_1_865' title='bbox 2353 5216 2689 5300; x_wconf 83' lang='lat' dir='ltr'><strong>respexisse</strong></span> <span class='ocrx_word' id='word_1_866' title='bbox 2718 5217 2954 5300; x_wconf 69' lang='lat' dir='ltr'><strong>videtur</strong></span> <span class='ocrx_word' id='word_1_867' title='bbox 2969 5217 3052 5300; x_wconf 77' lang='lat' dir='ltr'><strong>ad</strong></span> <span class='ocrx_word' id='word_1_868' title='bbox 3081 5217 3228 5300; x_wconf 72' lang='lat' dir='ltr'><strong>illud</strong></span> <span class='ocrx_word' id='word_1_869' title='bbox 3257 5220 3512 5300; x_wconf 79' lang='lat' dir='ltr'><strong>Joannis</strong></span> <span class='ocrx_word' id='word_1_870' title='bbox 3533 5223 3727 5300; x_wconf 77' lang='lat' dir='ltr'><strong>lv_,23:_</strong></span> 
     </span>
    </p>
   </div>
   <div class='ocr_carea' id='block_1_107' title="bbox 371 5269 3735 5362">
    <p class='ocr_par' dir='ltr' id='par_1_107' title="bbox 371 5269 3735 5362">
     <span class='ocr_line' id='line_1_107' title="bbox 371 5269 3735 5362; baseline -0.001 -11"><span class='ocrx_word' id='word_1_871' title='bbox 371 5269 989 5362; x_wconf 52' lang='lat' dir='ltr'><strong>scii‘ﬁiuﬁi‘ihvési‘iii</strong></span> <span class='ocrx_word' id='word_1_872' title='bbox 1010 5269 1290 5362; x_wconf 85' lang='lat' dir='ltr'><strong>secundis</strong></span> <span class='ocrx_word' id='word_1_873' title='bbox 1309 5269 1967 5362; x_wconf 34' lang='lat' dir='ltr'><strong>curis&#39;in&#39;lie&#39;gfpi&#39;imo&#39;.</strong></span> <span class='ocrx_word' id='word_1_874' title='bbox 2074 5269 2371 5362; x_wconf 55' lang='lat' dir='ltr'><strong>ETﬁcihé</strong></span> <span class='ocrx_word' id='word_1_875' title='bbox 2390 5269 2792 5362; x_wconf 57' lang='grc' dir='ltr'><strong>’ὲὲίῆέιξίηιιὸ</strong></span> <span class='ocrx_word' id='word_1_876' title='bbox 2847 5291 2978 5345; x_wconf 84' lang='lat' dir='ltr'><strong>veri</strong></span> <span class='ocrx_word' id='word_1_877' title='bbox 3011 5290 3360 5348; x_wconf 86' lang='lat' dir='ltr'><strong>adoratores</strong></span> <span class='ocrx_word' id='word_1_878' title='bbox 3388 5269 3735 5350; x_wconf 49' lang='lat' dir='ltr'><strong>adorabunt</strong></span> 
     </span>
    </p>
   </div>
   <div class='ocr_carea' id='block_1_108' title="bbox 373 5359 1996 5434">
    <p class='ocr_par' dir='ltr' id='par_1_108' title="bbox 373 5359 1970 5434">
     <span class='ocr_line' id='line_1_108' title="bbox 373 5359 1970 5434; baseline -0.007 -12"><span class='ocrx_word' id='word_1_879' title='bbox 373 5359 604 5422; x_wconf 77' lang='lat' dir='ltr'><strong>Ibidem</strong></span> <span class='ocrx_word' id='word_1_880' title='bbox 635 5378 787 5434; x_wconf 84' lang='lat' dir='ltr'><strong>mss.</strong></span> <span class='ocrx_word' id='word_1_881' title='bbox 813 5359 944 5434; x_wconf 86' lang='lat' dir='ltr'><strong>_du0</strong></span> <span class='ocrx_word' id='word_1_882' title='bbox 999 5360 1369 5434; x_wconf 57' lang='lat' dir='ltr'><strong>llu9u&#39;xlm&#39;0v,_</strong></span> <span class='ocrx_word' id='word_1_883' title='bbox 1390 5365 1448 5413; x_wconf 86' lang='grc' dir='ltr'><strong>τὸ</strong></span> <span class='ocrx_word' id='word_1_884' title='bbox 1483 5367 1690 5434; x_wconf 86' lang='grc' dir='ltr'>Πνενμα</span> <span class='ocrx_word' id='word_1_885' title='bbox 1708 5359 1767 5414; x_wconf 75' lang='grc' dir='ltr'>τό</span> <span class='ocrx_word' id='word_1_886' title='bbox 1796 5361 1970 5434; x_wconf 74' lang='grc' dir='ltr'><strong>ἅγιον,</strong></span> 
     </span>
    </p>
   </div>
   <div class='ocr_carea' id='block_1_109' title="bbox 1412 5359 3035 5434">
    <p class='ocr_par' dir='ltr' id='par_1_109' title="bbox 1412 5359 3035 5434">
     <span class='ocr_line' id='line_1_109' title="bbox 1412 5359 3035 5434; baseline 0.002 -22"><span class='ocrx_word' id='word_1_887' title='bbox 1412 5365 1448 5412; x_wconf 82' lang='grc' dir='ltr'><strong>’ὁ</strong></span> <span class='ocrx_word' id='word_1_888' title='bbox 1483 5367 1690 5434; x_wconf 85' lang='grc' dir='ltr'>Πνενμα</span> <span class='ocrx_word' id='word_1_889' title='bbox 1708 5359 1767 5414; x_wconf 77' lang='grc' dir='ltr'><strong>τό</strong></span> <span class='ocrx_word' id='word_1_890' title='bbox 1796 5361 1970 5434; x_wconf 74' lang='grc' dir='ltr'>ἅγιον,</span> <span class='ocrx_word' id='word_1_891' title='bbox 2075 5361 2412 5434; x_wconf 70' lang='lat' dir='ltr'><strong>Patrem-in</strong></span> <span class='ocrx_word' id='word_1_892' title='bbox 2433 5359 2656 5429; x_wconf 84' lang='lat' dir='ltr'><strong>spiritu</strong></span> <span class='ocrx_word' id='word_1_893' title='bbox 2681 5366 2736 5434; x_wconf 79' lang='lat' dir='ltr'><strong>et</strong></span> <span class='ocrx_word' id='word_1_894' title='bbox 2767 5361 3035 5434; x_wconf 80' lang='lat' dir='ltr'><strong>veritate.</strong></span> 
     </span>
    </p>
   </div>
   <div class='ocr_carea' id='block_1_110' title="bbox 377 5430 2000 5506">
    <p class='ocr_par' dir='ltr' id='par_1_110' title="bbox 377 5430 1973 5506">
     <span class='ocr_line' id='line_1_110' title="bbox 377 5430 1973 5506; baseline 0.001 -17"><span class='ocrx_word' id='word_1_895' title='bbox 377 5434 424 5489; x_wconf 73' lang='grc' dir='ltr'><strong>ἓν</strong></span> <span class='ocrx_word' id='word_1_896' title='bbox 545 5435 660 5492; x_wconf 88' lang='lat' dir='ltr'><strong>Sed</strong></span> <span class='ocrx_word' id='word_1_897' title='bbox 685 5431 864 5506; x_wconf 76' lang='lat' dir='ltr'><strong>illud,</strong></span> <span class='ocrx_word' id='word_1_898' title='bbox 879 5435 940 5506; x_wconf 76' lang='grc' dir='ltr'><strong>τὸ</strong></span> <span class='ocrx_word' id='word_1_899' title='bbox 973 5430 1183 5506; x_wconf 63' lang='grc' dir='ltr'>Πνενμα</span> <span class='ocrx_word' id='word_1_900' title='bbox 1227 5435 1285 5483; x_wconf 82' lang='grc' dir='ltr'><strong>τὸ</strong></span> <span class='ocrx_word' id='word_1_901' title='bbox 1335 5430 1734 5506; x_wconf 38' lang='grc' dir='ltr'><strong>άγιονλὶῐιεέρῐθ</strong></span> <span class='ocrx_word' id='word_1_902' title='bbox 1765 5430 1847 5489; x_wconf 74' lang='lat' dir='ltr'><strong>ab</strong></span> <span class='ocrx_word' id='word_1_903' title='bbox 1869 5433 1973 5490; x_wconf 88' lang='lat' dir='ltr'><strong>ali-</strong></span> 
     </span>
    </p>
   </div>
   <div class='ocr_carea' id='block_1_111' title="bbox 2112 5430 3735 5506">
    <p class='ocr_par' dir='ltr' id='par_1_111' title="bbox 2149 5431 3735 5506">
     <span class='ocr_line' id='line_1_111' title="bbox 2149 5431 3735 5506; baseline 0.004 -20"><span class='ocrx_word' id='word_1_904' title='bbox 2149 5435 2263 5494; x_wconf 79' lang='lat'><strong>(25)</strong></span> <span class='ocrx_word' id='word_1_905' title='bbox 2283 5433 2380 5506; x_wconf 68' lang='lat' dir='ltr'><strong>Sic</strong></span> <span class='ocrx_word' id='word_1_906' title='bbox 2404 5435 2548 5506; x_wconf 80' lang='lat' dir='ltr'><strong>Reg.</strong></span> <span class='ocrx_word' id='word_1_907' title='bbox 2571 5431 2780 5506; x_wconf 81' lang='lat' dir='ltr'><strong>tertius</strong></span> <span class='ocrx_word' id='word_1_908' title='bbox 2802 5438 2856 5488; x_wconf 89' lang='lat' dir='ltr'><strong>et</strong></span> <span class='ocrx_word' id='word_1_909' title='bbox 2879 5433 3024 5487; x_wconf 89' lang='lat' dir='ltr'><strong>alter</strong></span> <span class='ocrx_word' id='word_1_910' title='bbox 3057 5432 3266 5506; x_wconf 86' lang='lat' dir='ltr'><strong>itidem</strong></span> <span class='ocrx_word' id='word_1_911' title='bbox 3299 5435 3535 5506; x_wconf 81' lang='lat' dir='ltr'><strong>Regius.</strong></span> <span class='ocrx_word' id='word_1_912' title='bbox 3571 5437 3735 5493; x_wconf 64' lang='lat' dir='ltr'><strong>Utrao</strong></span> 
     </span>
    </p>
   </div>
   <div class='ocr_carea' id='block_1_112' title="bbox 377 5502 2000 5581">
    <p class='ocr_par' dir='ltr' id='par_1_112' title="bbox 377 5502 1888 5581">
     <span class='ocr_line' id='line_1_112' title="bbox 377 5502 1888 5581; baseline -0.001 -18"><span class='ocrx_word' id='word_1_913' title='bbox 377 5502 499 5581; x_wconf 85' lang='lat' dir='ltr'><strong>quo</strong></span> <span class='ocrx_word' id='word_1_914' title='bbox 535 5507 729 5581; x_wconf 83' lang='lat' dir='ltr'><strong>otioso</strong></span> <span class='ocrx_word' id='word_1_915' title='bbox 750 5503 1030 5581; x_wconf 76' lang='lat' dir='ltr'><strong>additum</strong></span> <span class='ocrx_word' id='word_1_916' title='bbox 1044 5502 1233 5581; x_wconf 62' lang='lat' dir='ltr'><strong>fuisse</strong></span> <span class='ocrx_word' id='word_1_917' title='bbox 1258 5502 1405 5581; x_wconf 79' lang='lat' dir='ltr'><strong>satis</strong></span> <span class='ocrx_word' id='word_1_918' title='bbox 1428 5502 1888 5562; x_wconf 48' lang='lat' dir='ltr'><strong>vident’omnes.</strong></span> 
     </span>
    </p>
   </div>
   <div class='ocr_carea' id='block_1_113' title="bbox 2112 5502 3735 5581">
    <p class='ocr_par' dir='ltr' id='par_1_113' title="bbox 2112 5502 3735 5581">
     <span class='ocr_line' id='line_1_113' title="bbox 2112 5502 3735 5581; baseline 0.001 -22"><span class='ocrx_word' id='word_1_919' title='bbox 2112 5520 2198 5576; x_wconf 42' lang='lat' dir='ltr'><strong>ille</strong></span> <span class='ocrx_word' id='word_1_920' title='bbox 2227 5502 2407 5581; x_wconf 76' lang='lat' dir='ltr'><strong>editio</strong></span> <span class='ocrx_word' id='word_1_921' title='bbox 2460 5503 2702 5581; x_wconf 37' lang='grc' dir='ltr'><strong>ἑκάστου.</strong></span> <span class='ocrx_word' id='word_1_922' title='bbox 2733 5503 2977 5581; x_wconf 68' lang='grc' dir='ltr'>ονοματος</span> <span class='ocrx_word' id='word_1_923' title='bbox 3015 5512 3106 5581; x_wconf 75' lang='grc' dir='ltr'><strong>τοῦ</strong></span> <span class='ocrx_word' id='word_1_924' title='bbox 3157 5502 3540 5581; x_wconf 70' lang='grc' dir='ltr'>ᾆνομαζομένου</span> <span class='ocrx_word' id='word_1_925' title='bbox 3565 5527 3578 5540; x_wconf 91' lang='grc'><strong>·</strong></span> <span class='ocrx_word' id='word_1_926' title='bbox 3611 5525 3735 5581; x_wconf 88' lang='lat' dir='ltr'><strong>quo</strong></span> 
     </span>
    </p>
   </div>
   <div class='ocr_carea' id='block_1_114' title="bbox 452 5574 3738 5653">
    <p class='ocr_par' dir='ltr' id='par_1_114' title="bbox 452 5574 3738 5653">
     <span class='ocr_line' id='line_1_114' title="bbox 452 5574 3738 5653; baseline 0.001 -19"><span class='ocrx_word' id='word_1_927' title='bbox 452 5580 560 5650; x_wconf 78' lang='lat'><strong>(23)</strong></span> <span class='ocrx_word' id='word_1_928' title='bbox 582 5579 825 5653; x_wconf 60' lang='lat' dir='ltr'><strong>Antiqui</strong></span> <span class='ocrx_word' id='word_1_929' title='bbox 847 5577 970 5632; x_wconf 91' lang='lat' dir='ltr'><strong>duo</strong></span> <span class='ocrx_word' id='word_1_930' title='bbox 996 5574 1135 5653; x_wconf 83' lang='lat' dir='ltr'><strong>libri</strong></span> <span class='ocrx_word' id='word_1_931' title='bbox 1163 5575 1263 5653; x_wconf 68' lang='grc' dir='ltr'>ὅσοι</span> <span class='ocrx_word' id='word_1_932' title='bbox 1283 5575 1481 5653; x_wconf 68' lang='grc' dir='ltr'><strong>ἀκουειέ</strong></span> <span class='ocrx_word' id='word_1_933' title='bbox 1621 5651 1652 5653; x_wconf 92' lang='lat'>_</span> <span class='ocrx_word' id='word_1_934' title='bbox 1749 5648 1758 5653; x_wconf 92' lang='lat'>_</span> <span class='ocrx_word' id='word_1_935' title='bbox 1877 5650 1900 5653; x_wconf 73' lang='lat'><strong><em>_</em></strong></span> <span class='ocrx_word' id='word_1_936' title='bbox 2077 5574 2212 5632; x_wconf 80' lang='lat' dir='ltr'><strong>loco</strong></span> <span class='ocrx_word' id='word_1_937' title='bbox 2239 5575 2298 5653; x_wconf 64' lang='grc' dir='ltr'>ιη</span> <span class='ocrx_word' id='word_1_938' title='bbox 2330 5581 2586 5653; x_wconf 78' lang='lat' dir='ltr'><strong>utraque</strong></span> <span class='ocrx_word' id='word_1_939' title='bbox 2611 5574 2878 5653; x_wconf 75' lang='lat' dir='ltr'><strong>editione</strong></span> <span class='ocrx_word' id='word_1_940' title='bbox 2891 5575 3097 5653; x_wconf 87' lang='lat' dir='ltr'><strong>posita</strong></span> <span class='ocrx_word' id='word_1_941' title='bbox 3119 5574 3352 5647; x_wconf 84' lang='lat' dir='ltr'><strong>virgula</strong></span> <span class='ocrx_word' id='word_1_942' title='bbox 3372 5574 3462 5634; x_wconf 78' lang='lat' dir='ltr'><strong>est</strong></span> <span class='ocrx_word' id='word_1_943' title='bbox 3482 5574 3738 5653; x_wconf 50' lang='lat' dir='ltr'><strong>post-vo-</strong></span> 
     </span>
    </p>
   </div>
   <div class='ocr_carea' id='block_1_115' title="bbox 451 5645 2074 5726">
    <p class='ocr_par' dir='ltr' id='par_1_115' title="bbox 451 5645 1974 5726">
     <span class='ocr_line' id='line_1_115' title="bbox 451 5645 1974 5726; baseline -0.001 -22"><span class='ocrx_word' id='word_1_944' title='bbox 451 5645 571 5726; x_wconf 59' lang='grc' dir='ltr'><strong>(ἓξ)</strong></span> <span class='ocrx_word' id='word_1_945' title='bbox 601 5651 692 5706; x_wconf 87' lang='lat' dir='ltr'><strong>Sic</strong></span> <span class='ocrx_word' id='word_1_946' title='bbox 719 5645 858 5726; x_wconf 73' lang='lat' dir='ltr'><strong>Reg.</strong></span> <span class='ocrx_word' id='word_1_947' title='bbox 893 5647 1097 5726; x_wconf 75' lang='lat' dir='ltr'><strong>tertius</strong></span> <span class='ocrx_word' id='word_1_948' title='bbox 1126 5651 1184 5702; x_wconf 91' lang='lat' dir='ltr'><strong>et</strong></span> <span class='ocrx_word' id='word_1_949' title='bbox 1210 5646 1357 5725; x_wconf 78' lang='lat' dir='ltr'><strong>alter</strong></span> <span class='ocrx_word' id='word_1_950' title='bbox 1375 5647 1580 5726; x_wconf 71' lang='lat' dir='ltr'><strong>itidem</strong></span> <span class='ocrx_word' id='word_1_951' title='bbox 1621 5648 1974 5726; x_wconf 83' lang='lat' dir='ltr'><strong>Regius_Co_-</strong></span> 
     </span>
    </p>
   </div>
   <div class='ocr_carea' id='block_1_116' title="bbox 2114 5645 3737 5726">
    <p class='ocr_par' dir='ltr' id='par_1_116' title="bbox 2117 5645 3737 5726">
     <span class='ocr_line' id='line_1_116' title="bbox 2117 5645 3737 5726; baseline 0.003 -29"><span class='ocrx_word' id='word_1_952' title='bbox 2117 5664 2212 5703; x_wconf 88' lang='lat' dir='ltr'><strong>em</strong></span> <span class='ocrx_word' id='word_1_953' title='bbox 2242 5645 2644 5720; x_wconf 72' lang='grc' dir='ltr'>ὀνομαζομένου.</span> <span class='ocrx_word' id='word_1_954' title='bbox 2666 5649 2797 5705; x_wconf 84' lang='lat' dir='ltr'><strong>Mox</strong></span> <span class='ocrx_word' id='word_1_955' title='bbox 2827 5645 3062 5720; x_wconf 76' lang='lat' dir='ltr'><strong>aliquot</strong></span> <span class='ocrx_word' id='word_1_956' title='bbox 3084 5645 3238 5706; x_wconf 59' lang='lat' dir='ltr'><strong>mss:</strong></span> <span class='ocrx_word' id='word_1_957' title='bbox 3252 5655 3344 5704; x_wconf 84' lang='grc' dir='ltr'><strong>καὶ</strong></span> <span class='ocrx_word' id='word_1_958' title='bbox 3367 5645 3499 5726; x_wconf 65' lang='grc' dir='ltr'><strong>περί</strong></span> <span class='ocrx_word' id='word_1_959' title='bbox 3517 5652 3737 5704; x_wconf 77' lang='grc' dir='ltr'>ἕκαστον</span> 
     </span>
    </p>
   </div>
   <div class='ocr_carea' id='block_1_117' title="bbox 381 5717 2203 5796">
    <p class='ocr_par' dir='ltr' id='par_1_117' title="bbox 381 5717 2203 5796">
     <span class='ocr_line' id='line_1_117' title="bbox 381 5717 2203 5796; baseline -0.005 -16"><span class='ocrx_word' id='word_1_960' title='bbox 381 5717 500 5782; x_wconf 58' lang='lat' dir='ltr'><strong>de:</strong></span> <span class='ocrx_word' id='word_1_961' title='bbox 527 5723 695 5778; x_wconf 87' lang='lat' dir='ltr'><strong>Voss.</strong></span> <span class='ocrx_word' id='word_1_962' title='bbox 722 5717 846 5796; x_wconf 70' lang='grc' dir='ltr'><strong>πρός</strong></span> <span class='ocrx_word' id='word_1_963' title='bbox 904 5719 1181 5792; x_wconf 75' lang='grc' dir='ltr'>ἐπίγνωσιν</span> <span class='ocrx_word' id='word_1_964' title='bbox 1230 5717 1462 5791; x_wconf 76' lang='grc' dir='ltr'>ἀσφαλῆ.</span> <span class='ocrx_word' id='word_1_965' title='bbox 1493 5719 1665 5776; x_wconf 87' lang='lat' dir='ltr'><strong>Liber</strong></span> <span class='ocrx_word' id='word_1_966' title='bbox 1705 5719 1974 5778; x_wconf 86' lang='lat' dir='ltr'><strong>Combef.</strong></span> <span class='ocrx_word' id='word_1_967' title='bbox 2084 5728 2203 5776; x_wconf 83' lang='grc' dir='ltr'><strong>τῶν,</strong></span> 
     </span>
    </p>
   </div>
  </div>
