4110 6424
376 389 479 443 687

1733 382 1790 438 8.
1833 380 2082 436 BASILII
2120 381 2341 438 MAGNI

3640 387 3747 445 688

370 512 487 569 lius
505 526 650 568 vero
678 509 739 566 in
770 505 1134 581 proprietate
1165 505 1308 575 Filii,
1332 509 1579 561 sanctus
1602 508 1803 561 autem
1839 502 2018 576 Spiri-

2138 507 2319 575 μένων,
2377 524 2469 559 του
2659 507 2864 580 Πατρός
2895 504 2942 558 ἐν
2969 511 3042 575 τῷ
3093 500 3344 579 ἰδιώματι
3387 526 3482 563 του
3513 512 3744 583 Πατρός,

372 607 468 659 tus
504 600 566 657 in
596 596 917 670 suaipsius
940 595 1328 667 proprietate.
1372 598 1576 667 Neque
1599 593 1850 666 Spiritus
1895 606 2031 647 san-

372 695 506 748 ctus
532 705 568 745 a
589 688 787 760 seipso
813 685 1166 756 loquitur”,
1197 700 1396 757 neque
1430 684 1609 740 Filius
1644 699 1681 738 a
1711 681 2034 754 semetipso

373 779 517 836 facit
544 776 887 851 quidquam
913 776 956 808 ¹⁶
983 792 996 828 :
1027 778 1083 828 et
1105 776 1271 829 Pater
1301 772 1549 845 quidem
1580 771 1757 827 mittit
1790 769 2034 845 Filium;

372 869 554 925 Filius
576 882 717 922 vero
740 865 917 921 mittit
945 863 1231 936 Spiritum
1263 869 1565 919 sanctum.
1596 862 1687 916 Sic
1717 859 2035 924 sentimus,

375 959 582 1031 sicque
625 955 1009 1027 baptizamus
1075 953 1136 1008 in
1202 952 1483 1009 Trinitate
1532 948 2038 1007 consubstantiali

370 1050 546 1121 juxta
560 1050 935 1119 praeceptum
964 1042 1155 1115 ipsius
1176 1041 1410 1097 Domini
1433 1040 1623 1097 nostri
1644 1042 1780 1094 .lesu
1804 1038 2035 1103 Christi,

375 1138 483 1211 qui
508 1137 682 1193 dixit:
706 1136 932 1190 Euntes
963 1134 1163 1188 docete
1186 1147 1391 1187 omnes
1419 1136 1643 1201 gentes,
1669 1128 2035 1197 baptizantcs

377 1242 473 1284 eos
500 1228 563 1283 in
595 1225 834 1281 nomine
880 1222 1109 1290 Patris,
1136 1227 1191 1277 et
1221 1222 1386 1292 Filii,
1422 1228 1473 1275 et
1500 1220 1759 1288 Spiritus
1787 1218 1987 1273 sancti
2016 1234 2028 1271 :

376 1317 649 1373 docentes
680 1328 773 1370 eos
802 1325 1042 1368 servare
1092 1312 1292 1365 omnia
1324 1322 1694 1380 quaecunque
1744 1307 2038 1363 mandavi

375 1405 540 1463 vobis
565 1405 631 1457 ¹“¹.
662 1404 803 1468 Quae
835 1402 885 1456 si
906 1399 1367 1463 servaverimus,
1403 1397 1785 1452 dilectionem
1806 1396 1867 1450 in
1890 1411 2031 1450 eum

374 1499 642 1551 nostram
670 1489 1273 1561 ostendimus,atque,
1308 1486 1391 1542 uti
1420 1486 1709 1558 scriptum
1740 1490 1845 1553 est,
1865 1484 2033 1555 digni

375 1580 669 1641 efﬁcimur
698 1580 804 1652 qui
839 1578 903 1634 in
930 1594 1001 1634 ea
1032 1593 1391 1633 maneamus
1416 1578 1459 1610 ¹⁸
1496 1592 1509 1629 :
1543 1575 1591 1629 si
1622 1590 1765 1630 vero
1807 1590 1879 1630 ea
1906 1590 2032 1630 non

374 1684 709 1737 servemus,
740 1669 821 1726 ita
850 1668 1021 1724 aliter
1040 1666 1229 1722 atTecti
1258 1664 1699 1735 redarguimur.
1732 1664 1846 1731 Qui
1869 1664 2033 1720 enim

373 1778 496 1820 non
516 1761 719 1830 diligit
733 1774 845 1825 me,
867 1756 1063 1829 inquit
1087 1756 1703 1821 Dominus,sermones
1732 1768 1888 1810 meos
1911 1769 2034 1809 non

2141 611 2231 644 του
2272 590 2332 646 δὲ
2382 600 2504 648 Υἱον
2536 594 2585 648 ἰν
2614 603 2688 667 τῷ
2728 592 2979 667 ἰδιώματι
3026 614 3117 647 του
3156 597 3300 664 Υἰου,
3341 617 3434 651 του
3494 594 3554 652 δὴ
3593 597 3747 670 ἀγίου

2145 685 2441 755 Πνεύματος
2490 683 2538 737 ἐν
2588 693 2662 756 τῷ
2718 685 2889 755 οἰκείῳ
2930 680 3218 757 ἰδιώματι·
3263 691 3396 759 μήτε
3442 706 3537 742 του
3590 687 3747 760 ἁγίου

2148 775 2443 844 Πνεύματος
2508 772 2591 847 ἀφ’
2656 773 2839 827 ἑαυτου
2904 772 3200 842 λαλουντος,
3268 780 3397 848 μήτε
3465 795 3558 830 του
3619 779 3746 831 Υἰου

2147 859 2233 933 ἀφ’
2271 861 2455 916 ἑαυτου
2494 882 2544 915 τι
2590 871 2893 924 ποιοῦντος⁶
2945 868 3035 916 καὶ
3063 883 3154 917 του
3208 868 3298 937 μεν
3348 857 3553 942 Πατρός
3610 870 3744 941 πέμ-

2143 969 2328 1012 ποντος
2374 956 2462 1004 τὸν
2510 954 2648 1023 Υὶόν,
2700 972 2793 1006 του
2840 949 2899 1006 δε
2954 955 3080 1006 Υἰου
3132 957 3426 1027 πέμποντος
3478 959 3539 1008 τὸ
3596 956 3743 1028 ἅγιον

2146 1046 2373 1113 Πνευμα.
2444 1042 2622 1105 Οὕτως
2680 1061 2982 1115 φρονουμεν,
3049 1047 3140 1095 καὶ
3195 1044 3361 1106 οὕτως
3410 1043 3745 1119 βαππίζομεν

2144 1128 2211 1189 εἰς
2263 1126 2470 1204 Τριάδα
2508 1133 2785 1203 ὅμοούσιον
2832 1133 2964 1203 (26),
3004 1133 3139 1184 κατὰ
3185 1138 3280 1191 τὴν
3333 1131 3537 1193 ἐντολὴν
3584 1134 3745 1188 αὐτου

2140 1235 2232 1269 του
2293 1222 2487 1293 Κυρίου
2539 1221 2684 1291 ἡμῶν
2718 1219 2893 1277 Ἰησον
2934 1227 3170 1293 Χριστου
3210 1221 3487 1285 εἰπόντος.ο
3543 1228 3743 1299 Πορευ-

2143 1308 2309 1368 θέντες
2380 1310 2748 1379 μαθητεύσατε
2822 1311 2991 1362 πάντα
3069 1312 3135 1362 τὰ
3218 1313 3367 1379 ἔθνη,
3448 1310 3742 1385 βαπτίζον-

2139 1414 2221 1458 τες
2283 1398 2471 1459 αύτούς
2552 1397 2622 1459 εἰς
2696 1402 2755 1449 τὸ
2832 1402 2993 1470 ὄνομα
3051 1417 3144 1451 του
3219 1403 3423 1474 Ηατρὸς
3493 1407 3583 1455 καὶ
3647 1411 3740 1455 τοῦ

2139 1486 2263 1537 Υὶου
2320 1491 2410 1538 καὶ
2467 1506 2558 1538 του
2625 1486 2778 1559 ἁγίου
2846 1490 3164 1561 Πνεύματος,
3234 1485 3575 1553 διδάσκοντες
3642 1492 3743 1543 αύ-

2140 1577 2261 1635 τούς
2325 1583 2500 1649 τηρεῖν
2565 1577 2736 1629 πάντα
2800 1579 2901 1630 ὅσα
2983 1576 3305 1651 ἐνετειλάμην
3371 1581 3515 1651 ύμῖν,
3579 1585 3742 1654 Ἀπερ

2139 1683 2418 1739 τηρουντες
2461 1668 2574 1738 μὲν,
2619 1670 2713 1724 τὴν
2754 1666 2827 1728 εἰς
2874 1666 3031 1722 αὑτὸν
3070 1665 3277 1738 ἀγάπην
3316 1665 3741 1741 ἰπιδεικνυμεθα,

2141 1757 2230 1807 καὶ
2261 1752 2310 1806 ἰν
2355 1754 2486 1828 αὐτῇ
2538 1759 2704 1827 μένειν
2750 1755 3160 1829 καταξιούμεθα,
3208 1759 3378 1819 καθὼς
3405 1762 3695 1830 γέγραπται
3726 1780 3739 1797 ο

373 1856 576 1910 servat
601 1853 667 1905 ι’.
694 1851 762 1906 Et
791 1864 1039 1904 rursus:
1095 1846 1211 1914 Qui
1237 1845 1410 1902 habet
1467 1844 1759 1900 mandata
1804 1858 1938 1900 mea
1978 1859 2018 1902 et

2142 1848 2215 1918 μὴ
2291 1864 2567 1919 τηρουντες
2643 1842 2723 1911 δὲ,
2800 1844 3040 1908 ἐναντίως
3114 1850 3323 1920 ἔχοντες
3397 1847 3737 1922 ἐλεγχόμεθα.

375 1948 576 2003 servat
603 1955 700 1999 ea:
729 1940 833 1997 ille
851 1943 933 1996 est
963 1937 1069 2010 qui
1089 1936 1284 2007 diligit
1313 1950 1406 1992 me
1421 1936 1491 1990 ²⁰.

449 2215 500 2269 5.
530 2209 704 2270 Miror
729 2212 930 2266 autem
958 2204 1138 2265 valde
1159 2202 1518 2268 admodum,
1546 2200 1715 2275 quod
1743 2215 1883 2257 cum
1904 2198 2033 2272 ipse

373 2302 668 2361 Dominus
693 2303 899 2356 noster
925 2297 1096 2353 Jesus
1124 2294 1391 2350 Christus
1420 2292 1583 2348 dicat
1613 2308 1626 2345 :
1658 2291 1860 2347 Nolite
1885 2304 2033 2359 gau-

370 2393 681 2464 dere,quia
709 2387 1005 2446 dcemonia
1021 2384 1183 2442 vobis
1203 2382 1635 2452 subjiciuntur:
1643 2379 1903 2451 gaudete
1921 2394 2027 2434 au-

372 2480 674 2555 tem,quod
697 2479 941 2536 nomina
963 2481 1162 2532 vestra
1184 2476 1412 2542 scripta
1440 2478 1581 2528 sunt
1608 2473 1672 2528 in
1692 2471 1903 2527 caelis"
1930 2486 1943 2524 :
1974 2473 2030 2525 et

365 2573 606 2631 iterum:
620 2570 692 2625 In
712 2569 821 2625 hoc
846 2570 1199 2637 cognoscent
1222 2577 1420 2619 omnes
1442 2563 1587 2633 quia
1606 2561 1893 2630 discipuli
1912 2560 2031 2615 mei

366 2663 528 2730 estis,
559 2660 615 2716 si
628 2656 1005 2714 dilectionem
1031 2652 1357 2710 habueritis
1379 2652 1460 2707 ad
1488 2651 1746 2707 invicem
1761 2652 1807 2685 ²²
1830 2665 1842 2703 :
1863 2649 2024 2704 unde

362 2749 685 2825 Apostolus
710 2747 770 2803 in
784 2744 1069 2802 omnibus
1091 2742 1254 2798 chari
1264 2742 1397 2798 tatis
1425 2741 1842 2796 necessitatem
1863 2738 2024 2795 exhi-

362 2840 466 2898 bet
491 2856 561 2895 ac
578 2834 1093 2905 testatur,dicens:
1108 2832 1178 2887 Si
1198 2830 1424 2901 linguis
1446 2831 1753 2885 hominum
1783 2830 2021 2900 loquar,

362 2935 420 2989 et
448 2924 1187 3001 angelorum,charitatem
1199 2926 1395 2977 autem
1410 2934 1529 2975 non
1543 2919 2022 2989 habeamfactus

360 3036 493 3077 sum
525 3020 688 3075 velut
716 3032 792 3072 aes
814 3029 1058 3077 sonans,
1090 3017 1195 3068 aut
1227 3010 1571 3082 cymbalum
1596 3011 1882 3066 tinniens.‘
1898 3015 1950 3065 et
1972 3010 2027 3065 si

363 3110 631 3169 habuero
649 3105 1111 3178 prophetiam,et
1132 3102 1399 3157 noverim
1420 3101 1708 3170 mysteria
1737 3100 2024 3165 omniu,et

2139 1932 2199 1985 Ὀ
2254 1938 2326 2006 μὴ
2369 1932 2584 2006 ἀγαπῶν
2645 1954 2727 2007 με,
2781 1938 2883 2010 γάρ
2934 1955 3092 2009 φησιν
3140 1939 3167 1990 ὁ
3228 1940 3438 2013 Κύριος,
3495 1942 3618 2001 τοὺς
3662 1938 3744 1993 3.6-

2140 2042 2265 2096 γους
2292 2044 2393 2097 μου
2422 2024 2482 2077 ού
2529 2032 2717 2099 τηρεῖ·
2772 2030 2863 2078 καὶ
2900 2026 3054 2079 πάλιν
3081 2043 3095 2057 ·
3135 2026 3193 2080 '0
3238 2029 3376 2099 ἔχων
3406 2030 3496 2090 τὰς
3543 2026 3745 2091 ἐντολάς

2142 2133 2263 2186 μου,
2291 2119 2381 2167 καὶ
2407 2122 2579 2190 τηρῶν
2610 2115 2790 2184 αὐτὰς,
2824 2114 3014 2179 ἐκεῖνός
3052 2115 3193 2171 ἔστιν
3223 2116 3249 2169 ὁ
3515 2137 3599 2192 με.

2214 2208 2265 2260 5.
2300 2205 2571 2277 Θαυμάζω
2602 2201 2662 2258 δε
2708 2209 3109 2280 περισσοτέρως,
3151 2208 3253 2275 ὃτι,
3298 2207 3461 2261 αύτου
3502 2226 3597 2262 του
3646 2214 3746 2264 Κυ-

2139 2296 2256 2367 ρίου
2318 2295 2464 2367 ἡμῶν
2503 2294 2681 2352 Ἰησου
2735 2303 2968 2370 Χριστου
3028 2296 3305 2369 λέγοντος·
3362 2301 3450 2357 Μὴ
3508 2303 3740 2373 χαίρετε,

2140 2384 2221 2437 ὅτι
2282 2385 2351 2437 τά
2413 2380 2664 2457 δαιμόνια
2728 2387 2850 2457 ὑμῖν
2909 2387 3308 2441 ὑποτάσσεταιο
3376 2392 3595 2463 χαίρετε
3660 2385 3740 2457 δι,

2138 2474 2218 2525 ὅτι
2272 2476 2338 2526 τὰ
2402 2472 2631 2547 ὀνόματα
2696 2475 2838 2547 ὑμῶν
2906 2479 3203 2549 γέγραπται
3267 2475 3320 2529 ἓν
3388 2484 3500 2541 τοῖς
3578 2477 3740 2552 ούρα-

2135 2570 2237 2623 νοῖς
2270 2584 2282 2597 ·
2360 2568 2450 2615 καὶ
2514 2562 2668 2615 πάλιν
2698 2583 2711 2596 ο
2776 2561 2853 2616 Ἐν
2933 2566 3103 2636 τούτῳ
3174 2571 3466 2637 γνώσονται
3529 2568 3738 2634 πάντες,

2133 2654 2215 2705 ὅτι
2281 2650 2393 2724 ἐμοὶ
2457 2653 2693 2725 μαθηταί
2752 2651 2888 2720 ἐστε,
2957 2653 3046 2706 έάν
3119 2652 3329 2726 ἀγάπην
3407 2658 3570 2728 ἔχητε
3623 2640 3742 2726 (2⁸1)

2132 2741 2242 2815 μετ’
2298 2739 2528 2799 ἀλλήλων
2563 2758 2577 2772 ·
2624 2743 2737 2796 ὃθεν
2785 2744 2811 2794 ὁ
2862 2742 3202 2810 Ἀπόστολος,
3254 2743 3307 2797 ἰν
3355 2751 3491 2798 πᾶσῖ
3526 2750 3586 2799 τὸ
3638 2753 3702 2806 τῆ
3715 2765 3737 2808 ς

2134 2830 2345 2902 ἀγάπης
2410 2828 2691 2903 ἀναγκαῖον
2754 2828 2979 2899 δεικνύς,
3046 2829 3464 2909 διαμαρτύρεται
3525 2834 3684 2907 λέγων
3715 2856 3731 2872 ο

2136 2922 2253 2974 Ἐὰν
2306 2929 2423 2984 ταῖς
2476 2920 2743 2992 γλώσσαις
2801 2931 2903 2975 τῶν
2969 2920 3249 2996 ἀνθρώπων
3301 2922 3439 2977 λαλῶ
3483 2930 3574 2979 καὶ
3632 2933 3733 2979 τῶν

2133 3009 2361 3083 ἀγγέλων
2391 3053 2404 3078 ,
2483 3010 2691 3083 ἀγάπην
2768 3007 2828 3064 δέ
2899 3015 2973 3084 μὴ
3049 3014 3196 3083 ἔχω,
3270 3016 3462 3086 γιγονα
3532 3014 3736 3087 χαλκὸς

2133 3102 2306 3173 ἠχῶν,
2370 3103 2398 3160 ἦ
2469 3101 2731 3175 κύμϐαλον
2802 3101 3061 3163 ἀλαλάζον
3093 3118 3107 3132 ⁸
3183 3101 3281 3155 κᾶν
3353 3106 3464 3176 ἔχω
3534 3123 3735 3179 προφη.

362 3215 593 3258 omnem
618 3197 929 3253 scientiam
965 3209 978 3248 :
1014 3198 1067 3249 et
1094 3192 1147 3248 si
1176 3190 1437 3246 habuero
1454 3204 1684 3245 omnem
1702 3190 1904 3259 ﬁdem,
1935 3190 2018 3246 ita

2132 3196 2295 3264 τείαν,
2352 3196 2442 3245 καὶ
2506 3187 2634 3245 εἰδῶ
2702 3194 2769 3244 τὰ
2832 3197 3103 3267 μυστήρια
3165 3195 3353 3261 πάντα,
3411 3198 3502 3247 καὶ
3554 3200 3730 3249 πᾶσαν

361 3296 429 3346 ut
457 3293 681 3345 montes
711 3284 1097 3354 transferam,
1130 3281 1488 3337 charitatem
1519 3285 1715 3334 autem
1754 3295 1875 3334 non
1914 3278 2019 3335 ha-

364 3377 566 3449 buero,
597 3375 757 3431 nihil
785 3390 917 3430 sum
933 3371 1010 3426 3’:
1042 3376 1099 3425 et
1118 3368 1302 3442 paulo
1323 3373 1489 3441 post:
1514 3369 1653 3424 Sive
1674 3374 1871 3424 autem
1882 3383 2023 3438 pro-

359 3467 581 3538 phetia:
609 3462 1086 3528 evacuabuntur,
1118 3461 1241 3516 sive
1280 3460 1505 3530 linguae
1531 3459 1865 3523 cessabunt,
1899 3462 2022 3516 sive

360 3557 612 3614 scientia
635 3551 1054 3621 destruetur",
1082 3555 1139 3606 et
1159 3554 1391 3618 caetera,
1425 3548 1647 3620 quibus
1670 3548 1805 3619 subj
1817 3549 2015 3620 ungit:

359 3647 539 3705 Nunc
562 3651 760 3702 autem
784 3647 985 3699 manet
1012 3641 1181 3710 ﬁdes,
1213 3655 1360 3710 spes,
1396 3637 1823 3706 charitas,tria
1852 3638 2015 3695 hwc:

358 3738 560 3806 major
577 3740 779 3791 autem
799 3732 1013 3787 horum
1036 3734 1117 3786 est
1136 3728 1406 3785 Charitas
1423 3728 1492 3794 ’5;
1529 3742 1667 3782 cum
1689 3726 1871 3796 igitur
1887 3727 2018 3785 haec

360 3830 418 3884 et
450 3824 592 3882 talia
628 3840 665 3880 a
694 3821 949 3878 Domino
984 3824 1042 3875 et
1066 3818 1145 3874 ab
1176 3816 1467 3890 Apostolo
1517 3822 1879 3882 statuantur,
1911 3819 2018 3875 mi-

356 3908 1077 3986 ror,inquam,quomodo
1105 3906 1384 3963 homines
1413 3921 1509 3961 res
1531 3906 1937 3963 destruendas
1959 3914 2017 3965 et

358 4008 704 4061 cessaturas
736 4004 901 4055 tanto
951 3997 1151 4053 studio
1178 4001 1235 4052 et
1258 3994 1475 4051 affectu
1515 4003 1964 4067 prosequantur
1997 4015 2011 4054 ε

355 4090 671 4166 quomodo
691 4104 830 4145 vero
855 4102 928 4143 ea
948 4102 1082 4159 quae
1112 4086 1793 4157 manent,etprzesertim
1820 4086 2011 4143 chari-

352 4184 541 4238 tatem
593 4177 868 4234 omnium
898 4174 1253 4241 maximam,
1294 4189 1430 4245 quas
1461 4173 1861 4230 Christianum
1902 4192 2014 4233 suo

352 4270 603 4343 proprio
621 4268 965 4323 charactere
985 4265 1309 4331 constituit,
1335 4279 1458 4320 non
1489 4263 1673 4320 modo
1703 4264 1819 4337 ipsi
1843 4266 2013 4324 nullo

352 4361 542 4419 modo
564 4356 910 4426 curent,sed
939 4356 1117 4411 etiam
1148 4354 1500 4411 curantibus
1526 4352 2012 4426 adversentur,et

351 4451 501 4508 dum
532 4449 825 4508 adversus
845 4461 947 4503 eos
972 4448 1270 4519 pugnant,
1301 4444 1556 4516 implent
1578 4444 1745 4517 quod
1780 4445 2007 4503 dictum

2132 3286 2226 3340 τὴν
2299 3290 2529 3354 γνῶσιν,
2605 3286 2695 3333 καὶ
2769 3280 2854 3334 ἐὰν
2929 3284 3038 3354 ἔχω
3111 3288 3286 3337 πᾶσαν
3356 3287 3454 3342 τὴν
3526 3287 3727 3353 πίστιν,

2130 3372 2266 3424 ὥστε
2318 3374 2411 3446 ὄρη
2470 3372 2818 3444 μεθιστάνειν,
2875 3369 3085 3443 ἀφάπην
3147 3368 3208 3425 δε
3261 3376 3333 3445 μὴ
3398 3375 3530 3445 ἔχω,
3580 3373 3729 3428 οὐθέν

2130 3461 2238 3533 εἰμι
2295 3464 2408 3533 (28)
2439 3478 2453 3492 ο
2524 3465 2617 3514 καὶ
2675 3459 2785 3533 μετ’
2853 3460 3006 3532 ὀλίγα
3032 3481 3046 3495 ·
3107 3464 3226 3515 Εἴτε
3293 3458 3354 3516 δ⁴ε
3417 3468 3730 3537 προφητεῖαι

2128 3552 2624 3626 καταργηθήσονται
2645 3592 2659 3617 ,
2724 3553 2824 3603 εἶτε
2902 3550 3146 3622 γλωσσαι
3217 3554 3513 3606 παύσονται
3533 3593 3548 3621 ,
3626 3553 3729 3607 εἶτε

2127 3650 2319 3713 γνῶσις
2361 3642 2846 3716 κατοργηθήσεται,
2878 3645 2970 3693 καὶ
3021 3643 3089 3694 τὰ
3133 3640 3274 3709 ἰξῆς,
3326 3643 3407 3704 οἷς
3451 3640 3680 3717 ἐπιφέρει
3711 3663 3725 3678 ·

2126 3734 2258 3785 Νυνὶ
2332 3728 2392 3784 δε
2464 3735 2600 3803 μένει
2673 3735 2875 3795 πίστις,
2950 3729 3115 3799 ἐλπὶς,
3192 3729 3395 3804 ἀγάπη,
3469 3733 3539 3785 τὰ
3607 3735 3731 3807 τρία

2125 3829 2329 3874 ταῦτα·
2393 3821 2585 3893 μείζων
2647 3816 2707 3873 δὲ
2758 3822 2954 3872 τούτων
3006 3822 3037 3878 ἡ
3101 3819 3279 3893 ἀγάπη
3315 3841 3329 3855 ·
3387 3823 3585 3874 τούτων
3635 3820 3728 3876 καὶ

2125 3919 2225 3964 τῶν
2280 3912 2527 3962 τοιούτων
2584 3909 2743 3970 οὕτως
2808 3910 2910 3961 ύπό
2968 3928 3024 3963 τε
3081 3918 3176 3964 τοῦ
3235 3915 3432 3985 Κυρίου
3481 3915 3574 3965 καὶ
3626 3918 3725 3965 τοῦ

2123 3998 2449 4054 Ἀποστόλου
2501 3994 2879 4073 διωρισμένων,
2927 3999 3210 4072 θαυμάζων
3253 4003 3409 4073 φημὶ,
3460 4007 3568 4061 πῶς
3609 4001 3725 4073 (29)

2121 4088 2242 4164 περί
2288 4091 2377 4161 μὲν
2432 4090 2500 4140 τὰ
2539 4089 2937 4160 καταργούμενα
2988 4092 3080 4141 καί
3140 4093 3408 4162 παυόμενα
3457 4091 3721 4149 τοσαύτην

2122 4180 2341 4250 ἔχουσιν
2362 4179 2411 4230 οἱ
2436 4178 2702 4251 ἄνθρωποι
2751 4174 2991 4236 σπουδήν
3038 4182 3129 4232 καὶ
3178 4184 3403 4237 πτόησιν
3436 4179 3571 4248 (30),
3601 4183 3722 4257 περὶ

2124 4264 2183 4321 δέ
2224 4270 2289 4320 τὰ
2326 4271 2562 4341 μένοντα,
2596 4272 2686 4320 καὶ
2728 4264 2963 4340 μαἹιστα
2991 4271 3086 4326 τὴν
3126 4268 3290 4341 μείζω
3337 4268 3541 4322 πάντων
3584 4267 3723 4341 ἀγά-

2119 4378 2245 4427 πην,
2272 4363 2367 4417 τὴν
2396 4361 2904 4433 χαρακτηρίζουσαν
2950 4361 3036 4411 τὸν
3076 4362 3411 4434 Χριστιανὸν,
3460 4359 3521 4413 ού
3566 4362 3720 4432 μόνον

2121 4447 2271 4499 αύτοί
2328 4444 2583 4523 φροντίδα
2646 4444 2898 4520 οὐδεμίαν
2958 4467 3252 4517 ποιουνται,
3312 4447 3441 4502 ἀλλά
3486 4452 3574 4501 καὶ
3614 4456 3721 4512 τοῖς

350 4547 460 4610 est,
482 4539 759 4596 videlicet
791 4552 987 4610 neque
1035 4534 1151 4607 ipsi
1179 4533 1621 4605 ingrediuntur,
1653 4535 1776 4592 imo
1806 4536 2005 4607 ingre-

2132 4534 2509 4591 ἓσπουδακόσιν
2568 4537 2938 4605 ἕναντιουνται,
2985 4542 3077 4590 καὶ
3115 4544 3411 4613 μαχόμενοι
3456 4538 3719 4613 πληρουσι

348 4628 869 4698 dientesingressu
890 4623 1214 4698 prohibent
1234 4625 1302 4680 ³⁸.
1320 4625 1697 4696 Quapropter
1717 4624 2004 4681 adhortor

344 4736 458 4778 vos
486 4724 544 4777 et
563 4734 731 4791 rogo,
757 4722 822 4773 ut
848 4716 1036 4773 missa
1060 4714 1303 4771 curiosa
1329 4714 1742 4787 inquisitione,
1773 4714 2005 4773 relicta-

415 4900 463 4935 ”
485 4901 656 4956 Joan.
690 4913 807 4965 xw,
844 4900 930 4951 l3.
1028 4895 1073 4931 ¹⁶
1102 4896 1273 4951 Joan.
1302 4909 1426 4963 vui,
1458 4897 1548 4951 28.

337 4970 389 5008 ¹⁰
415 4970 563 5029 ibid.
590 4975 679 5026 2t.
742 4970 789 5005 ²¹
815 4970 953 5023 Luc.
979 4982 1039 5035 x,
1066 4972 1156 5024 20.
1224 4968 1272 5002 ²²
1301 4967 1477 5024 Joan.
1509 4983 1639 5036 xm,
1663 4972 1752 5023 35.

407 5154 520 5219 (26)
553 5149 813 5221 Utraque
834 5145 1013 5204 editio
1036 5150 1094 5221 et
1127 5145 1293 5221 Regii
1322 5145 1553 5219 primus
1584 5150 1640 5202 et
1665 5147 1990 5215 secundus,

331 5226 391 5280 et
418 5215 568 5278 alter
597 5215 803 5293 itidem
855 5219 1099 5293 Regrsig
1127 5215 1341 5293 Τριάὸά
1365 5221 1664 5291 ὁμοούσιον,
1701 5221 1764 5275 in
1800 5221 1991 5276 Trini-

331 5300 516 5351 tatem
542 5292 1142 5347 consubstantialem:
1168 5290 1334 5362 quod
1366 5290 1623 5360 dignum
1646 5295 1736 5346 est
1758 5296 1988 5362 notatu,

328 5371 387 5422 et
432 5364 569 5428 tale,
597 5369 662 5418 ut
706 5362 795 5417 vel
844 5363 1087 5418 unicum
1122 5361 1326 5431 aperte
1355 5361 1987 5419 ostendatEusebium

324 5437 723 5492 Sehastenum
752 5433 889 5489 talia
915 5449 1036 5489 non
1066 5432 1399 5505 scripsisse,
1432 5450 1572 5489 cum
1622 5448 1833 5489 vocem
1868 5436 1988 5506 ὁμο-

325 5511 504 5561 ούσιον
527 5522 651 5561 non
682 5506 754 5561 ad
767 5507 1038 5560 mitteret.

412 5583 504 5647 2)
568 5571 829 5649 Utraque
883 5577 1066 5632 editio
1124 5578 1180 5630 et
1230 5578 1368 5649 Reg.
1417 5575 1722 5632 secundus
1776 5575 1985 5647 ἀγάπην

320 5650 506 5727 ἔχετε..
533 5650 645 5727 Alii
678 5648 792 5727 tres
816 5665 969 5727 mss,
1001 5651 1182 5718 ἔχητε.
1220 5648 1448 5704 Ibidem
1493 5651 1639 5719 Reg.
1693 5650 1897 5705 tertius
1928 5656 1987 5706 et

318 5718 468 5780 alter
495 5721 700 5779 itidem
730 5718 776 5771 ἐν
806 5718 1070 5780 ἀλληλοις.

1675 4893 1718 4931 ¹⁷
1754 4893 1956 4952 Matth.
2006 4909 2203 4963 xxvm,
2241 4899 2326 4965 19,
2357 4898 2454 4956 20.

1837 4967 2018 5026 I310

2142 4974 2427 5041 xm,t,2.
2495 4969 2546 5007 ιι
2572 4970 2722 5028 ibid.
2746 4974 2799 5027 8.
2867 4973 2916 5007 ἐ
2944 4970 3093 5028 ibid.
3129 4975 3211 5028 l3.
3278 4972 3489 5030 “Luc.
3523 4967 3715 5044 11,52.

2118 4629 2177 4679 τὸ
2209 4626 2472 4702 εἰρημένον
2501 4648 2514 4660 ·
2562 4630 2696 4680 Οὔτε
2736 4625 2888 4679 αὐτοὶ
2947 4625 3299 4702 εἰσέρχονται,
3326 4632 3563 4690 καὶτοὺς
3604 4628 3720 4682 εἰσ-

2114 4719 2427 4792 ερχομίνους
2488 4716 2780 4769 κωλύουσιν
2845 4715 3107 4773 εἰσελθεῖν.
3175 4722 3358 4794 Διόπερ
3432 4717 3717 4795 παρακαλῶ

2566 4896 2611 4972 1f
2638 4898 2811 4972 loeti.
2852 4909 2949 4967 xv,
2971 4901 3071 4972 to,
3188 4898 3233 4936 ¹¹
3263 4896 3431 4956 Joan.
3475 4911 3597 4972 xw,
3623 4900 3714 4958 24.

2178 5149 2293 5219 (28)
2324 5148 2515 5224 Etlitio
2539 5150 2723 5224 Paris.
2758 5145 2909 5203 οὐδέν
2932 5149 3056 5224 εἰμι.
3090 5152 3226 5207 Mss.
3260 5153 3525 5224 quatuor
3544 5150 3710 5224 ούθέν.

2171 5204 2288 5290 (29;
2330 5204 2754 5296 agninam.
2814 5204 3713 5296 θαυμάςιιέ-,ἦμῐῖέδξῑτάξω

2100 5290 2250 5349 Ven.
2275 5298 2333 5349 et
2353 5292 2476 5350 duo
2508 5310 2657 5351 mss.
2683 5290 2965 5366 θαυμάζων
2996 5290 3287 5367 φημί.ἈῙῙί
3305 5294 3429 5351 duo
3459 5295 3711 5369 θαυμάζω

2097 5383 2222 5425 πως.

2170 5438 2289 5510 (3οξ
2317 5436 2506 5493 Editio
2543 5437 2731 5492 Paris.
2780 5441 2841 5510 et
2867 5436 3032 5503 Regii
3060 5437 3297 5510 primus
3324 5441 3384 5510 et
3407 5437 3712 5494 secundus

2117 5504 2359 5582 σπουδὴν
2389 5513 2479 5582 καὶ
2507 5520 2720 5579 γνῶσιν,
2747 5513 2803 5564 et
2829 5508 2909 5563 ita
2939 5504 3188 5582 quoque
3218 5509 3439 5575 legitur
3467 5510 3527 5565 in
3568 5525 3709 5582 con-

2092 5585 2258 5635 textu
2289 5579 2570 5635 editionis
2605 5582 2855 5635 Venetae.
2890 5579 3002 5635 Alii
3033 5579 3154 5636 duo
3185 5582 3426 5637 codices
3454 5581 3615 5647 Regii
3647 5585 3703 5635 et

2094 5650 2245 5705 liber
2276 5652 2473 5719 Voss.,
2498 5657 2555 5706 et
2580 5652 2761 5709 editio
2784 5651 3034 5722 Ven.,in
3056 5653 3331 5723 margine
3361 5649 3601 5711 σπουδὴν
3620 5657 3710 5705 καὶ

2093 5728 2227 5781 πτὸη
2238 5741 2342 5792 σιν,
2374 5728 2558 5779 recte.
