4110 6408
410 340 522 397 689

1956 332 2045 387 DE
2082 331 2261 387 FIDE.

3684 334 3791 394 690

417 469 510 519 καὶ
563 460 771 539 δέομαι,
824 464 1193 536 παυσαμένους
1256 470 1348 525 τῆς
1399 466 1680 538 περιέργου
1748 462 2016 524 ζητήσεως

2132 472 2250 529 que
2306 458 2611 517 indecenti
2658 463 2980 519 verborum
3032 462 3437 532 contentione,
3478 462 3550 520 iis
3578 478 3716 537 quas
3748 477 3788 521 ε

416 560 508 608 καὶ
556 553 812 628 ἀπρεποῦς
867 553 1220 625 λογομαχίας,
1265 551 1541 626 ἀρκεῖσθαι
1598 558 1710 614 τοῖς
1769 552 1870 604 ὑπό
1919 556 2019 601 τῶν

418 643 578 716 ἁγίων
620 647 711 695 καὶ⁹
753 641 915 695 αὐτοῦ
966 647 1059 694 τοῦ
1109 645 1304 716 Κυρίου
1353 641 1660 716 εἰρημένοις,
1694 641 1818 704 ἄξια
1838 637 1897 693 δὶ
1925 646 2020 701 τῆς

419 732 725 809 ἕπουρανίου
782 731 1016 793 κλήσεως
1071 737 1290 803 φρονεῖν·
1348 736 1438 784 καὶ
1498 730 1654 794 ἀξίως
1704 738 1796 783 τοῦ
1844 728 2019 800 Εὐαγ-

417 821 590 895 γελίου
646 829 740 876 τοῦ
805 827 1042 895 Χριστοῦ
1099 819 1486 888 πολιτεύεσθαι,
1538 818 1615 873 ἐπ’
1703 815 1879 873 ἑλπίδι
1928 826 2021 879 τῆς

422 914 634 968 αἰωνίου
692 913 850 979 ζωῆς,
902 931 992 964 και
1021 910 1331 985 ἐπουρανίου
1354 910 1648 985 βασιλείας,
1680 908 1777 971 τῆς
1804 913 2023 983 ἡτοιμα-

423 1006 617 1077 σμένης
675 1008 809 1055 πᾶσι
852 1008 972 1063 ποῖς
1021 1000 1356 1074 φυλάσσουσι
1397 1004 1493 1063 τὰς
1541 1000 1747 1062 ἐντολὰς
1770 1007 1862 1053 τοῦ
1885 1006 2020 1053 Θεοῦ

419 1096 510 1145 καὶ
557 1093 782 1164 Πατρός,
830 1091 926 1152 τὰς
970 1093 1108 1142 κατὰ
1148 1093 1208 1143 τό
1261 1090 1573 1163 Εὐαγγὲλιον
1621 1097 1715 1142 τοῦ
1757 1091 2018 1163 μακαρίου

421 1188 555 1237 Θεοῦ
607 1180 786 1237 Ἰησοῦ
838 1187 1077 1254 Χριστοῦ
1122 1186 1216 1232 τοῦ
1255 1176 1452 1253 Κυρίου
1483 1182 1649 1253 ἡμῶν,
1683 1177 1731 1231 ἐν
1759 1180 2021 1251 Πνεύματι

415 1271 548 1342 ἁγίῳ
591 1273 681 1322 καὶ⁵
739 1267 976 1342 ἀληθείᾳ.
1030 1265 1211 1324 Ταῦτα
1266 1271 1679 1343 ὑπομνησθέντες
1719 1271 1865 1344 παρὰ
1923 1276 2021 1330 τῆς

414 1358 664 1435 ὑμετέρας
714 1356 980 1420 εὐλαϐείας
1036 1360 1395 1434 ὑπαγορεῦσαι
1450 1357 1500 1410 ἒν
1538 1365 1646 1420 τοῖς
1707 1358 2021 1420 τελευταίοις

412 1452 502 1501 καὶ
538 1451 598 1501 τὸ
659 1447 853 1501 ἑαυτῶν
910 1451 1152 1523 φρόνημα
1207 1452 1421 1522 φανερὸν
1450 1455 1672 1507 ποιῆσαι
1703 1449 1824 1520 ὑμῖν
1848 1466 1903 1500 τε
1932 1450 2021 1500 καὶ

414 1534 488 1590 δι’
532 1539 676 1611 ὑμῶν
732 1545 844 1599 τοῖς
890 1535 940 1589 ἓν
997 1545 1213 1610 Χριστῷ
1271 1534 1533 1610 ἀδελφοῖς,
1564 1536 1630 1597 εἰς
1667 1536 2019 1610 πληροφορίαν

411 1628 555 1700 ὑμῶν
600 1645 656 1681 τε
706 1631 797 1679 καὶ
848 1625 1014 1679 αὐτῶν
1054 1624 1102 1678 ἐν
1133 1627 1349 1699 ὀνόματι
1379 1634 1470 1678 τοῦ
1512 1631 1709 1701 Κυρίου
1739 1627 1886 1698 ἡμῶν
1920 1626 2020 1684 ’1ηο

414 1726 510 1773 σοῦ
542 1726 800 1793 Χριστοῦ,
832 1716 1116 1789 ἀναγκαῖον
1144 1722 1236 1770 καὶ
1263 1719 1390 1791 ἡμῖν
1424 1716 1694 1770 ἰπιϐάλ).ον
1726 1718 1841 1789 (31)
1891 1719 2020 1789 ἡγη-

2131 546 2355 603 sanc‘tis
2379 553 2435 604 et
2456 549 2536 605 ab
2555 550 2688 622 ipso
2703 552 2957 608 Domino
2976 551 3136 608 dicta
3158 557 3317 615 sunt,
3347 553 3610 608 contenti
3633 552 3785 622 sitis,

2129 651 2321 710 eaque
2341 653 2477 710 quas
2491 639 2635 695 caele
2645 645 2796 696 stem
2814 641 3194 697 vocationem
3209 641 3481 707 deceant,
3496 641 3784 712 sentiatis,

2130 731 2188 784 et
2212 727 2395 785 vitam
2427 730 2621 799 agatis
2635 731 2850 788 Christi
2874 730 3197 802 Evangelia
3211 731 3462 801 dignam
3485 731 3564 786 ob
3577 746 3785 804 exspe-

2130 819 2453 874 ctationem
2474 820 2604 876 vitae
2626 825 2863 877 aeternae
2884 822 3177 895 regnique
3191 820 3446 877 caelestis
3466 820 3663 893 :quod
3682 836 3787 892 ρᾶς

2128 913 2329 964 ratum
2358 914 2447 965 est
2475 910 2760 965 omnibus
2781 911 3160 967 servantibus
3182 910 3475 967 mandata
3496 910 3667 966 Deiet
3685 911 3785 965 Pa-

2131 998 2254 1065 tris,
2283 1015 2419 1071 quis
2444 1004 2583 1056 sunt
2608 1001 2946 1057 secundum
2968 999 3361 1071 Evangelium
3407 1000 3569 1057 beati
3587 999 3787 1057 Deile-

2130 1103 2200 1143 su
2228 1088 2438 1145 Christi
2472 1089 2929 1158 Domininostri,
2961 1091 3023 1146 in
3052 1089 3272 1165 Spiritu
3296 1093 3524 1155 sancto,
3555 1093 3610 1146 et
3636 1087 3786 1146 veri-

2130 1181 2272 1236 tate.
2306 1180 2386 1233 De
2413 1178 2506 1235 his
2528 1196 2564 1236 a
2591 1185 2790 1238 vestra
2819 1182 3033 1255 pietate
3060 1180 3353 1237 admoniti
3380 1195 3625 1237 necesse
3655 1195 3786 1236 esse

2129 1271 2186 1323 et
2218 1266 2417 1322 ofﬁcio
2446 1274 2651 1325 nostro
2709 1270 2887 1343 229
2936 1271 3261 1326 convenire
3303 1269 3614 1336 duximus,
3654 1268 3785 1324 haec

2127 1358 2374 1413 tandem
2404 1357 2693 1428 indicare,
2722 1365 3117 1433 nostramque
3144 1359 3503 1416 sentcntiam
3532 1357 3707 1415 vobis
3730 1360 3787 1414 et

2127 1463 2235 1520 per
2259 1452 2365 1503 vo's
2398 1447 2529 1503 aliis
2552 1448 2612 1504 in
2631 1449 2866 1505 Christo
2888 1448 3178 1505 fratribus
3209 1449 3599 1505 manifestam
3641 1446 3785 1503 red-

2127 1536 2290 1601 dere,
2312 1537 2392 1593 ad
2418 1553 2674 1592 omnem
2712 1542 2980 1595 vestram
3006 1539 3406 1612 ipsorumque
3454 1535 3785 1594 dubitatio-

2126 1641 2267 1681 nem
2288 1627 2350 1681 in
2375 1627 2622 1682 nomine
2644 1626 2877 1683 Domini
2898 1628 3090 1683 nostri
3120 1629 3263 1683 Jesu
3287 1627 3523 1685 Christu
3542 1625 3783 1701 penitus

2127 1717 2457 1773 tollendam
2485 1735 2497 1772 :
2518 1734 2593 1774 ne
2616 1718 2961 1791 aliquorum
2984 1735 3157 1775 mens
3177 1719 3299 1774 ullo
3320 1718 3506 1774 modo
3528 1717 3786 1773 circum-

416 1808 621 1882 σάμεθα
643 1810 773 1882 πρὸς
797 1810 856 1860 τὸ
883 1803 1145 1881 μηδαμῶς
1173 1809 1541 1882 περιφέρεσθαί
1569 1826 1719 1860 τινων
1766 1809 1853 1859 τὸν
1900 1813 2016 1859 νοῦν

2128 1806 2353 1863 feratur
2373 1807 2452 1863 ob
2472 1807 2880 1864 diversitatem
2894 1823 3125 1879 eorum,
3140 1824 3275 1881 qua:
3288 1807 3438 1863 alias
3465 1806 3583 1862 alio
3598 1805 3783 1862 modo

414 1897 463 1951 ἂν
500 1905 563 1970 τῇ
599 1894 830 1971 διαφορᾷ
855 1905 956 1949 τῶν
980 1895 1160 1949 ἄλλοτε
1187 1899 1278 1969 μὲν
1307 1895 1473 1957 ἄλλως
1513 1897 1639 1972 παρ’
1687 1898 1833 1969 ἡμῶν
1882 1895 2020 1949 ἐκτε-

419 1989 622 2054 θέντων,
656 1985 735 2040 ἀεὶ
775 1983 835 2040 δὶ
859 1989 991 2060 πρὸς
1018 1990 1109 2046 τὴν
1139 1984 1547 2060 ἐπεισαγομένην
1586 1987 1730 2060 παρά
1758 1993 1858 2038 τῶν
1883 1984 2022 2039 ἀντι-

418 2072 790 2149 διατιθεμίνων
846 2082 910 2147 τῇ
958 2072 1176 2146 ἀληθείᾳ
1259 2076 1507 2127 ὑπόθεσιν
1588 2072 2020 2149 ἀναγκαζομένων

416 2167 562 2237 ἡμῶν
618 2163 926 2217 ἐνίστασθαι
962 2164 1095 2237 (32),
1154 2168 1284 2236 μήτε
1308 2168 1406 2237 μὴν
1439 2160 1850 2217 διασαλεῦεσθαί
1876 2183 2022 2225 τινας

414 2251 466 2307 ἓν
516 2262 581 2327 τῇ
637 2252 959 2311 ἐναντιότητι
1000 2260 1102 2304 τῶν
1143 2251 1195 2304 ἐν
1243 2254 1368 2326 ἡμῖν
1425 2255 1492 2304 τὰ
1549 2251 1793 2325 ἀλλότρια
1837 2252 2022 2326 ἐπιφη-

413 2344 580 2417 μίζειν
625 2343 885 2409 θελόντων,
936 2343 966 2402 ἢ
1022 2347 1110 2395 καὶ
1178 2344 1243 2394 τὰ
1287 2338 1407 2394 ἴδια
1445 2343 1587 2400 πάθη
1641 2341 1891 2405 πολλάκις
1938 2340 2021 2395 ἐπὶ

411 2436 470 2486 τὸ
536 2435 874 2508 συναρπάσαι
933 2434 1052 2492 τοὺς
1121 2430 1508 2506 ἁπλουστέρους
1587 2451 1681 2484 του
1765 2434 2019 2504 ἡμετέρου

412 2528 738 2599 φρονήματος
821 2517 1312 2595 κατα-ψευδομένων
1386 2521 1478 2582 οῦς
1527 2525 1617 2574 καὶ
1681 2522 1801 2594 ὑμῖν
1861 2520 2019 2594 φυλά-

412 2612 623 2681 ξασθαι,
689 2614 760 2674 ὡς
806 2610 1109 2685 ἀλλοτρίους
1154 2618 1257 2672 τῶς
1286 2610 1604 2682 εὐαγγελικῆ
1616 2631 1637 2672 ς
1662 2615 1753 2663 καὶ
1782 2608 2017 2663 ἀποστο-

409 2701 555 2763 λικῆς
617 2704 845 2763 πίστεώς
889 2718 946 2754 τε
1001 2705 1091 2753 καὶ
1145 2698 1376 2772 ἀγάπης,
1440 2698 1742 2772 ἀναγκαῖον·
1822 2708 2020 2773 μεμνῆ-

414 2794 538 2846 σθαι
594 2787 654 2844 δὲ
703 2798 796 2844 τοῦ
844 2791 959 2862 (33)
1005 2790 1325 2844 Ἀποστὸλου
1356 2790 1604 2851 εἰπόντος·
1637 2789 1795 2843 Ἀλλά
1821 2795 1912 2845 καὶ
1933 2789 2019 2843 ἐὰν

340 2922 349 2927 .
412 2882 582 2955 ἡμεῖς,
641 2881 673 2941 ἣ
727 2880 945 2952 ἄγγελος
1024 2879 1078 2943 ἐξ
1147 2879 1367 2954 οὐρανοῦ
1439 2878 1844 2952 εὐαγγελίζηται
1896 2882 2018 2953 ὑμῖν

413 2969 534 3045 παρ’
584 2970 609 3023 ὃ
663 2969 1112 3043 εὐηγγελισάμεθα
1181 2971 1302 3042 ὑμῖν
1382 2970 1519 3042 (34),
1570 2971 1806 3043 ἀνάθεμα
1860 2972 2014 3023 ἔστω·

411 3062 495 3113 ἵνα
579 3068 857 3136 τηροῦντες
920 3059 1126 3112 κάκεῖνο
1199 3061 1279 3125 τὸ,
1367 3061 1666 3132 Προσέχετε
1743 3058 1846 3112 ἀπὸ
1916 3067 2016 3112 τῶν

2129 1894 2404 1967 exposita
2431 1911 2467 1952 a
2494 1895 2670 1950 nobis
2697 1899 2854 1962 sunt,
2879 1895 3151 1952 videlicet
3179 1904 3418 1970 semper
3431 1911 3543 1951 nos
3563 1894 3634 1950 iis
3647 1910 3784 1967 quas

2129 1998 2166 2040 a
2195 1982 2457 2040 veritatis
2477 1983 2959 2056 opugnatoribus
2980 1983 3386 2040 efferebantur
3406 1983 3784 2053 argumentis

2128 2074 2407 2130 resistere
2436 2073 2810 2144 cogebamur
2834 2089 2847 2140 ;
2867 2074 3413 2148 neveimpugnatio
3440 2089 3651 2129 eorum
3678 2072 3785 2147 qui

2128 2163 2308 2219 nobis
2334 2163 2531 2219 aliena
2553 2163 2809 2219 tribuere
2830 2163 3058 2231 volunt,
3087 2169 3190 2220 aut
3226 2163 3331 2237 qui
3370 2163 3551 2221 etiam
3597 2178 3786 2235 saepe-

2129 2268 2404 2321 numero,
2456 2256 2535 2308 ut'
2570 2252 2970 2325 simpliciores
3013 2252 3091 2309 ad
3131 2269 3194 2308 se
3233 2251 3605 2325 pertrahant,
3636 2268 3784 2309 suos

2127 2342 2398 2415 ipsorum
2431 2357 2662 2397 errores
2689 2346 2904 2403 contra
2932 2344 3201 2397 nostram
3225 2341 3582 2398 sententiam
3603 2340 3784 2397 nobis

2130 2430 2449 2502 attingunt,
2463 2446 2839 2503 quemquam
2858 2434 3270 2487 commoveat:
3301 2446 3339 2487 a
3357 2429 3581 2502 quibus
3601 2430 3785 2486 etiam

2128 2536 2258 2590 vos,
2283 2525 2348 2576 ut
2377 2520 2456 2576 ab
2477 2520 2831 2577 hominibus
2863 2521 2941 2577 ab
2972 2520 3324 2589 evangelica
3357 2523 3414 2576 et
3451 2518 3788 2593 apostolica

2126 2610 2248 2669 ﬁde
2270 2614 2450 2682 atque
2473 2610 2762 2667 charitate
2793 2609 3033 2680 alienis,
3065 2609 3412 2665 necessario
3434 2624 3645 2665 cavere
3676 2608 3784 2665 de-

2125 2699 2301 2767 betis,
2343 2714 2413 2755 ac
2460 2699 2815 2756 meminisse
2862 2699 3252 2773 Apostoliqui
3283 2698 3609 2756 dixit:Sed
3647 2699 3788 2755 licet

2125 2807 2254 2858 nos,
2282 2795 2392 2849 aut
2417 2793 2670 2862 angelus
2691 2790 2764 2848 de
2793 2792 2931 2848 cmto
2961 2790 3332 2861 evangelizet
3352 2790 3516 2847 vobis
3539 2794 3788 2859 praster-

2126 2895 2307 2951 quam
2324 2881 2484 2954 quod
2498 2881 3037 2951 evangetizavimus
3058 2879 3241 2947 vobis,
3270 2879 3600 2935 anathema
3614 2879 3691 2934 sit
3712 2878 3783 2934 ’τε

2127 2976 2191 3027 ut
2216 2970 2623 3027 custodientes
2650 2975 2706 3025 et
2720 2968 2888 3031 illud,
2913 2969 3226 3024 Attendite
3252 2983 3289 3025 a
3318 2969 3497 3039 falsis
3524 2967 3803 3039 propher

2128 3060 2203 3116 tis
2220 3061 2269 3096 ³⁸
2292 3077 2306 3114 :
2328 3059 2469 3115 item
2492 3058 2641 3114 illud
2666 3059 2766 3114 :Ut
2786 3056 3163 3114 subtrahatis
3184 3072 3285 3113 vos
3304 3058 3380 3114 ab
3400 3059 3566 3114 omni
3582 3059 3788 3126 fratre

410 3146 857 3226 ψευδοπρφοητῶν
885 3169 898 3183 ·
968 3154 1057 3202 καὶ
1120 3151 1219 3217 τὸ,
1290 3148 1593 3207 mmmam
1686 3150 1822 3223 ὑμᾶς
1915 3147 2016 3202 ἀπὸ

2126 3164 2222 3207 am
2231 3147 2909 3213 bulanteinordinate,et
2923 3161 3043 3202 non
3055 3146 3380 3203 secundum
3393 3147 3785 3203 traditionem

409 3244 605 3301 πακτός
707 3236 934 3311 ἀδελφοῦ
1027 3237 1266 3300 ἀτάκτως
1362 3246 1817 3312 περιπατοῦντος,
1926 3245 2017 3293 καὶ

408 3332 480 3401 μὴ
544 3332 681 3381 κατὰ
727 3332 822 3388 τὴν
872 3324 1195 3402 παράδοσιν,
1245 3328 1307 3387 ἣν
1355 3326 1645 3402 παρέλαϐον
1704 3330 1820 3400 (36)
1890 3328 2016 3405 παρ’

409 3419 576 3490 ἡμῶν,
639 3423 936 3490 στοιχῶμεν
994 3424 1066 3487 τῷ
1133 3420 1309 3468 κανόνι
1362 3425 1463 3468 τῶν
1518 3415 1700 3488 ἀγίων,
1736 3420 1804 3479 ὡς
1834 3419 2013 3472 Ε’ποι-

409 3502 793 3580 κοδομηθέντες
874 3503 960 3558 ἐπὶ
1047 3513 1120 3576 τῷ
1208 3504 1422 3577 θεμελίῳ
1512 3513 1613 3556 τῶν
1712 3504 2012 3561 ἀποστόλων

403 3600 495 3648 καὶ
571 3602 879 3670 προρητῶν,
974 3597 1120 3656 ὄντος
1208 3591 1585 3666 ἀκρογωνιαίου
1669 3596 1829 3648 αὑτοῦ
1919 3597 2013 3649 τοῦ

407 3688 604 3760 Κυρίου
650 3686 798 3758 ἡμῶν
852 3683 1030 3741 Ἰησου
1087 3689 1341 3756 Χριστοῦ,
1393 3682 1445 3735 ἓν
1496 3684 1538 3755 ᾧ
1574 3689 1725 3737 πᾶσα
1753 3681 2007 3759 οἰκοδομὴ

405 3773 927 3851 συναρμολογουμένη
998 3771 1142 3835 αῦξει
1231 3772 1305 3834 εἰς
1381 3774 1501 3825 ναὸν
1577 3774 1726 3845 ἅγιον
1802 3772 1850 3827 ἐν
1909 3782 2011 3829 Κυ-

400 3881 519 3938 ριῳ.
550 3860 627 3915 ’Ὀ
675 3856 733 3913 δε
779 3862 903 3923 Θεὸς
946 3869 1046 3923 τῆς
1098 3861 1308 3935 εἰρήνης
1374 3860 1600 3934 ἁγιάσαι
1657 3864 1789 3936 ὑμᾶς
1845 3864 2009 3919 ὁλοτε-

400 3950 523 4020 λεῖς,
613 3954 704 4005 καὶ
787 3949 1065 4027 ὁλόκληρον
1153 3952 1297 4025 ὑμῶν
1376 3955 1435 4004 τὸ
1512 3959 1734 4026 πνεῦμα,
1820 3959 1911 4007 καὶ
1975 3957 2004 4015 ἡ

400 4040 580 4114 ψυχὴ,
641 4043 734 4093 καὶ
810 4043 867 4093 τὸ
935 4049 1090 4114 σῶμα
1155 4038 1443 4114 ἀμέμπτως
1510 4039 1559 4095 ἐν
1618 4050 1682 4116 τῇ
1740 4049 2013 4119 παρουσίᾳ

402 4138 494 4185 τοῦ
572 4133 767 4206 Κυρίου
823 4130 971 4204 ἡμῶν
1022 4131 1200 4189 Ἰησοῦ
1273 4138 1507 4204 Χριστοῦ
1566 4134 1819 4207 τηρηθείη
1869 4137 2006 4207 (36).

2123 3254 2305 3312 quam
2325 3242 2690 3309 acceperunt
2719 3252 2756 3294 a
2777 3236 2946 3293 nobis
2969 3238 3039 3303 '9,
3072 3251 3144 3292 ex
3166 3240 3518 3292 sanctorum
3552 3233 3785 3290 institu-

2124 3331 2200 3387 tis
2230 3329 2610 3396 incedamus,
2634 3333 2933 3400 tanquam
2954 3327 3422 3397 superaediﬁcati
3438 3341 3622 3397 super
3637 3327 3781 3396 fun-

2123 3418 2470 3476 damentum
2484 3423 2692 3488 aposto
2702 3418 2896 3474 torum
2914 3423 2967 3474 et
2984 3417 3659 3488 prophetarumsummo
3673 3432 3782 3474 an-

2121 3512 2333 3581 gulari
2362 3510 2567 3579 lapide
2584 3510 2714 3579 ipso
2737 3508 2990 3564 Domino
3014 3511 3227 3563 nostro
3248 3511 3411 3565 Iesus
3433 3507 3681 3574 Christo,
3714 3508 3781 3565 in

2120 3592 2238 3671 qna
2263 3599 2454 3655 omnis
2485 3598 2802 3666 aediﬁcatio
2816 3602 3164 3653 constructa
3183 3598 3398 3653 crescit
3411 3597 3780 3666 intemplum

2118 3695 2395 3746 sanetum
2417 3689 2481 3744 in
2502 3687 2828 3743 Domino”.
2853 3686 3011 3742 Deus
3033 3691 3232 3743 autem
3249 3687 3415 3757 pacis
3436 3687 3782 3755 sanctiﬁcat

2120 3794 2220 3836 vos
2260 3784 2430 3845 totos,
2476 3784 2531 3833 et
2568 3778 2801 3847 integer
2834 3781 3024 3833 vester
3071 3775 3344 3844 spiritus,
3374 3779 3430 3832 et
3461 3776 3690 3846 anima,
3722 3781 3780 3833 et

2119 3881 2331 3938 corpus
2348 3867 2505 3921 citra
2525 3863 3048 3934 reprehensionem
3061 3864 3123 3918 in
3137 3862 3403 3919 adventu
3420 3863 3665 3919 Domini
3673 3879 3778 3920 no-

2116 3957 2235 4013 stri
2250 3957 2395 4013 Jesu
2418 3954 2647 4011 Christi
2662 3959 2955 4011 servetur.
2972 3952 3199 4010 Fidelis
3209 3954 3462 4011 estDeus
3482 3953 3591 4024 qui
3607 3967 3780 4011 voca-

2120 4048 2205 4103 vit
2236 4060 2336 4101 vos
2387 4044 2525 4115 :qui
2553 4044 2734 4100 etiam
2753 4044 2937 4113 faciet
2953 4043 3026 4113 3',
3049 4042 3098 4098 si
3118 4040 3305 4099 modo
3324 4041 3616 4100 mandata
3643 4042 3777 4114 ejus

2120 4151 2455 4203 servemus,
2478 4133 2670 4204 gratia
2699 4131 2913 4190 Christi
2932 4131 2994 4188 in
3018 4131 3237 4205 Spiritu
3255 4136 3485 4189 sancto.

403 4212 602 4284 Πιστὸς
653 4222 678 4273 ὁ
731 4222 856 4284 Θεὸς
913 4221 940 4274 ὁ
986 4218 1154 4273 καλῶν
1211 4220 1366 4293 ὑμᾶς,
1428 4219 1484 4283 ὃς
1534 4224 1627 4274 καὶ
1686 4228 1918 4290 ποιήσει,
1975 4224 2061 4279 ἐὰν
2112 4228 2206 4289 τὰς
2262 4224 2468 4287 ἐντολὰς
2524 4224 2685 4276 αὑτοῦ
2740 4227 3073 4296 τηρήσωμεν,
3118 4223 3308 4296 χάριτι
3376 4228 3469 4276 τοῦ
3533 4230 3772 4299 Χριστοῦ

397 4308 447 4365 ἓν
469 4312 731 4383 Πνεῦματι
753 4308 913 4382 ἁγίῳ.

471 4404 523 4457 6·
565 4402 642 4455 Τά
690 4403 810 4473 περὶ
855 4406 951 4461 τῆς
1001 4399 1343 4471 ὑγιαινούσης
1390 4403 1620 4462 πίστεως
1663 4402 1777 4472 (37)
1818 4400 2003 4466 ἐντοῖς

470 4545 516 4581 ιτ
542 4542 728 4603 Galat.
760 4558 803 4613 ι,
844 4544 897 4598 s.
974 4542 1022 4577 εδ
1053 4540 1254 4601 Matth.
1286 4558 1388 4614 vn,
1423 4542 1510 4599 ιε.

1587 4544 1635 4580 ²⁰
1664 4546 1709 4600 ll
1740 4545 1943 4604 Thess.
1976 4549 2054 4617 ui,
2074 4551 2125 4604 6.

2186 4409 2238 4460 6.
2273 4406 2424 4461 Cum
2452 4402 2528 4459 de
2555 4401 2651 4458 his
2679 4416 2818 4474 quae
2840 4400 2919 4458 ad
2975 4414 3194 4457 sanam
3240 4401 3427 4458 ﬁdem
3473 4401 3773 4475 pertinent

2203 4547 2252 4583 ³ο
2277 4545 2494 4620 Ephes.
2536 4561 2596 4613 ιι,
2621 4548 2711 4602 20.
2789 4545 2832 4579 θί
2878 4547 2895 4598 l
2928 4542 3132 4601 Thess.
3164 4559 3225 4614 v,
3259 4547 3350 4615 23,
3390 4546 3479 4600 24.

472 4689 580 4762 (31)
612 4687 801 4746 Editio
830 4685 1017 4744 Paris.
1059 4690 1150 4739 καὶ
1170 4686 1292 4759 ὑμῖν
1323 4684 1614 4742 ἐπιϐάλλον.
1634 4685 1830 4744 Editio
1861 4691 2002 4748 Ven.

2126 4690 2304 4762 editio
2348 4689 2515 4742 καλῶν
2558 4690 2694 4762 ὑμᾶς
2751 4688 2816 4762 ᾡς
2862 4690 3204 4762 καί-ποιήσει.
3238 4686 3438 4744 Codex
3480 4687 3756 4762 Combef.

406 4764 464 4820 et
492 4766 613 4818 tres
633 4777 787 4818 mss.
821 4764 912 4813 καὶ
933 4762 1076 4833 ἡμῖν,

472 4837 589 4906 (32),
610 4835 750 4906 Reg.
784 4829 1017 4906 primus
1047 4831 1193 4904 ἡμῶν
1217 4830 1488 4906 ῖσταγσθαῐ.
1539 4829 1697 4887 Alter
1744 4832 1885 4903 Reg.
1927 4832 2005 4887 ἐν·

406 4905 678 4959 ίστοισθαι.
713 4904 944 4960 Statim.
976 4905 1118 4972 Reg.
1142 4918 1302 4958 unus
1333 4905 1416 4955 ἐπὶ
1441 4909 1513 4973 τῷ
1542 4921 1656 4957 συν.

477 4977 586 5042 (33)
640 4975 785 5045 Reg.
833 4974 1041 5032 tertius
1091 4978 1149 5030 et
1199 4973 1354 5049 alter
1376 4973 1580 5049 itidem
1608 4973 1827 5049 Regius
1858 4973 2005 5049 ἀναγ-

405 5053 572 5121 καῖον,
594 5044 1081 5121 μεμνημένοις-του·
1119 5044 1291 5119 quod
1339 5046 1489 5119 quin
1516 5045 1703 5119 recipi
1759 5044 2004 5121 quoque

410 5116 622 5190 possit,
652 5116 778 5190 non
806 5116 1041 5174 dubito.

477 5190 589 5269 (34).
608 5186 1080 5269 Editjo_utraque
1096 5191 1155 5245 et
1169 5191 1312 5269 Reg.
1337 5186 1642 5269 secundus
1661 5188 1785 5269 παρ’
1805 5189 2006 5269 6332;7—

403 5240 1153 5335 .,.x;;.z,;,;';s,;_z.i'm_iies
1168 5240 1823 5334 satiasse—gratas
1835 5240 2003 5321 vett.

404 5330 539 5407 παρ’,
556 5330 601 5385 δ’
614 5330 1081 5407 εὐηγγελισάμεθα.

434 5422 437 5425 ·
466 5401 591 5467 ,(351
614 5401 817 5478 Ορᾷᾁκ
838 5401 1013 5478 Voss.
1045 5401 1108 5461 ἣν
1134 5402 1516 5478 παρελάϐοσαν,

477 5479 587 5550 (se)
620 5475 808 5550 Editio
838 5474 1024 5530 Paris.
1051 5478 1109 5530 et
1138 5474 1277 5543 Reg.
1305 5476 1609 5532 secundus
1637 5476 1911 5550 perinde
1943 5481 2011 5535 ut

413 5544 768 5624 editioven.
789 5546 855 5602 in
875 5550 1160 5624 contextu
1180 5555 1415 5624 Χριστοῦ
1451 5544 1663 5624 εὑρεθῇῖ
1695 5549 1844 5623 Reg.
1885 5566 2008 5624 pri-

413 5633 554 5695 mus
570 5620 817 5695 εὑρεθείη.
841 5619 953 5695 _Alii
971 5617 1094 5674 duo
1114 5617 1275 5688 Regii
1294 5636 1440 5695 mss.
1462 5617 1525 5695 et.
1535 5617 1734 5695 _Vo_ss.,
1753 5617 1816 5679 ef
1829 5617 2012 5677 editio

415 5690 562 5746 Ven.
583 5689 644 5747 ili
663 5692 939 5764 margine
957 5697 1195 5766 Χριστοῦ
1212 5692 1489 5766 τηρηθείη.
1506 5692 1741 5753 Ibidem
1758 5698 2014 5768 utraque

2119 4768 2178 4819 et
2233 4761 2333 4818 alii
2376 4762 2501 4817 duo
2538 4756 2706 4813 καλῶν
2753 4761 2890 4832 ὑμᾶς
2929 4756 2986 4820 ὃς
3035 4762 3146 4811 καὶ.
3178 4761 3318 4828 Reg.
3367 4758 3575 4815 tertius
3596 4761 3765 4814 καλῶν

2118 4836 2252 4908 ἡμᾶς
2277 4835 2352 4895 ὃς.
2380 4836 2521 4908 _l_ttox
2545 4832 2696 4908 liber
2726 4831 2900 4908 YOSS.
2931 4831 3121 4908 χάριτι
3144 4849 3236 4908 του
3279 4834 3494 4908 Κυρίου.

2189 4910 2302 4972 (37)
2356 4904 2475 4977 llla,
2522 4906 2752 4977 Trioni-:9}.
2808 4912 2899 4963 τῆς
2928 4903 3271 4977 ὑγιαινούσης
3315 4903 3559 4969 πίστεως,
3592 4906 3651 4959 et
3676 4919 3766 4977 re-

2113 4977 2279 5050 liqua
2309 4976 2515 5032 omnia
2544 4974 2624 5031 ad
2653 4973 2837 5050 tinem
2867 4973 3083 5050 usque,
3115 4974 3197 5029 ita
3215 4973 3412 5050 locata
3440 4978 3584 5050 sunt
3619 4980 3675 5050 et
3700 4974 3765 5032 in

2114 5045 2372 5105 editione
2415 5049 2557 5103 Ven.
2604 5052 2659 5102 et
2687 5047 2749 5103 in
2781 5045 2988 5102 codice
3029 5048 3198 5101 Voss.
3230 5050 3287 5101 et
3314 5045 3375 5101 in
3402 5045 3537 5102 aliis
3569 5046 3765 5102 tribus

2110 5120 2278 5193 libi-is
2307 5118 2730 5193 vete_ribus,_ut_
2744 5117 3438 5193 conjunganturcumjls
3458 5133 3595 5193 quae
3614 5133 3767 5193 pre-

2115 5192 2335 5248 cedunt
2395 5191 2524 5246 sine
2571 5190 2689 5247 ullo
2715 5188 3032 5245 intervallo
3058 5194 3115 5244 et
3158 5188 3286 5245 sine
3315 5188 3436 5246 ullo
3467 5188 3675 5259 titulo;
3708 5196 3781 5249 et.

2114 5264 2198 5320 ita
2228 5263 2324 5319 edi
2377 5262 2595 5318 debere
2636 5265 2804 5335 puto,
2834 5263 3207 5335 _c_um_totum
3233 5259 3402 5332 illud,
3426 5261 3593 5335 quod
3617 5261 3762 5335 dixi,

2114 5336 2355 5409 proprie
2381 5335 2565 5405 hujus
2598 5331 2683 5409 De
2697 5334 2817 5409 ﬁde
2834 5331 3016 5409 libelli
3036 5331 3311 5409 epilogus
3327 5331 3766 5409 ess§_videaturL

2118 5403 2252 5485 meo
2278 5422 2414 5480 quas
2438 5403 2877 5485 notavi_verba,
2938 5405 3004 5485 τὰ
3033 5406 3170 5485 περί,
3203 5410 3350 5485 etc.,
3379 5405 3646 5485 efﬁciunt
3663 5421 3771 5479 pe-

2119 5474 2405 5535 culiarem
2437 5476 2784 5550 quamdam
2803 5474 3391 5531 lucubratiunculam
3415 5476 3476 5532 in
3508 5474 3770 5533 editione

2124 5551 2313 5606 Paris.
2355 5546 2490 5605 cum
2523 5550 2638 5604 hoc
2660 5546 2852 5622 titulo,
2883 5550 3163 5622 ῌροοίμιρν
3214 5555 3314 5622 τῶν
3352 5551 3566 5622 ᾑθικῶν,
3615 5550 3772 5622 Pro-

2126 5623 2362 5679 temium
2381 5622 2738 5678 ethicorum.
2760 5617 2999 5675 Titulua
3017 5617 3417 5690 quilegiturin
3431 5621 3772 5690 Reg.tertio.

2123 5694 2292 5754 haud
2313 5693 2511 5766 magis
2533 5690 2835 5752 convenit.
2852 5692 2952 5750 Est
2969 5693 3173 5750 autem
3188 5690 3511 5765 ejusmodi,
3533 5697 3658 5768 Περὶ
3675 5700 3776 5747 τῶν
