4110 6394
299 295 397 352 691

1681 295 1740 352 8.
1781 292 2032 352 BASILII
2066 292 2290 353 HAGNI

299 417 445 476 satis
468 430 580 490 pro
600 419 872 490 tempore
920 415 983 474 in
1023 417 1444 490 superioribus
1466 434 1504 476 ει
1529 418 1709 477 nobis
1731 418 1959 475 dictum

2077 421 2175 493 πρὸ
2229 420 2424 474 τούτων
2463 421 2736 497 αὐτάρκως
2781 421 3028 495 ιιρῆσθαι
3082 421 3212 495 πρὸς
3239 421 3299 474 τὸ
3338 421 3504 496 παρὸν
3532 420 3672 494 λογι-

298 507 486 564 fuisse
506 511 812 581 putemus,
830 507 961 578 jam
988 507 1261 576 moralia,
1283 525 1421 582 quae
1444 509 1858 582 promisimus.
1897 508 1959 564 in

298 597 546 654 nomine
597 595 833 652 Domini
861 597 1053 653 nostri
1081 600 1224 654 Iesu
1252 598 1466 655 Christi
1501 598 1736 655 tradere
1784 613 1962 653 cone-

300 703 458 744 mur.
482 688 872 758 Quaecunque
905 687 1086 757 igitur
1104 687 1401 744 hactenus
1427 689 1684 762 sparsim
1714 687 1774 744 in
1799 691 1962 744 Novo

299 779 682 833 Testamento
705 781 809 831 aut
839 777 1159 832 interdicta
1205 782 1310 833 aut
1356 778 1697 850 approbata
1736 776 1964 835 inveni-

302 883 459 937 mus,
484 883 556 922 ea
586 882 695 938 pro
716 870 921 922 nostra
938 867 1092 924 virili
1113 873 1285 940 parte
1301 868 1363 924 in
1392 869 1635 940 regulas
1657 867 1960 942 quasdam

303 955 810 1029 compendiarias,
837 972 960 1028 quo
984 957 1215 1013 facilius
1254 974 1290 1013 a
1320 959 1537 1031 quovis
1568 957 1964 1027 intelligeren-

304 1049 419 1113 tur,
452 1045 733 1116 colligere
755 1046 1129 1116 curavimus,
1154 1049 1434 1121 apposito
1463 1047 1542 1104 ad
1565 1046 1835 1118 singulas
1874 1061 1963 1102 re-

307 1134 478 1206 gulas
532 1151 788 1191 numero
830 1135 1012 1191 etiam
1061 1137 1333 1209 capitum
1377 1137 1718 1209 Scripturae,
1741 1152 1877 1210 qua
1899 1135 1964 1192 in

305 1223 573 1298 qualibet
623 1223 836 1294 regula
883 1224 1313 1295 continentur;
1345 1226 1471 1282 sive
1516 1242 1589 1282 ex
1639 1224 1964 1296 Evangelia

308 1317 554 1387 sumpta
576 1312 715 1383 sint,
747 1313 872 1369 sive
897 1330 969 1370 ex
990 1313 1300 1386 Apostolo,
1332 1315 1490 1372 Actis
1520 1331 1588 1371 ve
1613 1333 1624 1372 :
1650 1319 1715 1371 ut
1743 1315 1850 1389 qui
1877 1330 1966 1371 re-

308 1403 513 1475 gulam
533 1402 763 1474 legerit,
788 1419 1238 1477 numerumque
1270 1405 1324 1461 ei
1356 1405 1706 1479 appositum
1729 1404 1962 1475 viderit,

305 1492 474 1548 verbi
506 1493 721 1564 gratia,
755 1493 1020 1566 primum
1044 1499 1147 1550 aut
1178 1494 1780 1559 secundum,deinde
1811 1493 1965 1553 Scri-

307 1585 547 1654 pturam
566 1581 764 1654 ipsam
797 1583 1204 1655 sumpseritin
1218 1599 1462 1654 manus,
1487 1589 1542 1641 et
1564 1583 1834 1658 praedicti
1857 1598 1968 1640 nu-

305 1671 456 1727 meri
475 1675 661 1745 caput
694 1671 1163 1743 investigaverit,
1186 1673 1268 1730 ita
1287 1673 1536 1731 demum
1553 1674 1966 1731 testimonium

2070 509 2298 582 ξόμενοι,
2350 511 2577 565 ἐντεῦθεν
2624 516 2718 570 τὴν
2762 515 2880 585 περί
2941 520 3040 564 τῶν
3108 510 3302 569 ἠθικῶν
3359 509 3670 584 ἔπαγγελίαν

2067 597 2116 652 ἓν
2147 599 2361 673 ὀνόματι
2413 621 2504 654 του
2569 606 2762 674 Κυρίου
2803 603 2950 674 ἡμων
3005 601 3183 660 Ἰησου
3258 609 3500 676 Χρισταυ
3541 600 3671 660 πλη-

2066 698 2236 765 ρῶσαι
2289 690 2692 765 σπουδάσωμεν.
2734 690 2877 744 Ὀσα
2939 696 3108 745 τοίνυν
3163 691 3468 766 εὑρίσκομεν
3533 692 3670 746 κατὰ

2067 784 2161 838 τὴν
2231 787 2422 840 Καινὴν
2478 786 2599 842 τέως
2653 783 2915 840 Διαθήκην
2971 777 3248 855 σποραδην
3271 779 3670 856 ἀπηγορευμένα

2067 870 2096 930 ἦ
2159 874 2514 946 ἐγκεκριμένα,
2565 891 2751 938 ταυτα,
2807 873 2945 924 κατὰ
2990 874 3049 924 τὸ
3105 867 3328 923 δυνατὸν
3395 871 3542 943 ἡμῖν,
3594 871 3668 935 εἰς

2068 962 2222 1034 ὅρους
2257 958 2630 1035 κεφαλαιώδεις
2685 965 2814 1037 πρὸς
2870 966 2929 1015 τὸ
2981 961 3232 1021 εὔληπτον
3263 967 3368 1022 τοῖς
3409 959 3668 1034 βουλομέ-

2067 1069 2176 1112 νοις
2247 1047 2654 1124 ἐσπουδάσαμεν
2724 1058 3058 1124 συναγαγεῖν·
3109 1051 3425 1124 παραθέντες
3465 1047 3670 1122 ἑκάστῳ

2069 1139 2171 1214 ὅρῳ
2245 1145 2335 1194 καὶ
2409 1143 2496 1192 τὸν
2563 1139 2782 1215 ἀριθμὸν
2853 1148 2954 1192 τῶν
2999 1139 3500 1213 ἐμπεριειλημμίνων
3531 1138 3672 1210 αὐτῷ

2067 1238 2333 1304 γραφικῶν
2401 1229 2708 1303 κεφαλαίων,
2779 1233 2879 1283 εἴτε
2919 1229 2974 1281 ἐκ
3029 1248 3122 1282 του
3180 1229 3520 1302 Εύαγγελίου,
3575 1231 3675 1283 εἶτα

2070 1316 2125 1370 ἐκ
2172 1338 2263 1372 του
2316 1319 2655 1388 Ἀποστὸλου,
2689 1321 2718 1380 ἦ
2777 1327 2879 1372 τῶν
2933 1319 3193 1394 Πράξεων·
3227 1319 3310 1372 ἵνα
3341 1320 3369 1371 ὁ
3418 1317 3675 1391 ἀναγνοὺς

2069 1411 2157 1462 τὸν
2205 1410 2341 1484 ὅρον,
2375 1415 2466 1464 καὶ
2517 1407 2641 1463 ἰδὼν
2684 1413 3058 1484 παρακείμενον
3128 1408 3268 1480 αύτῷ
3311 1410 3399 1462 τὸν
3445 1416 3674 1482 πρῶτον,

2074 1497 2120 1550 εἰ
2174 1501 2352 1570 τύχοι,
2400 1499 2430 1558 ἦ
2490 1501 2576 1552 τὸν
2627 1495 2866 1574 δεύτερον
2925 1496 3166 1572 ἀριθμὸν,
3222 1495 3336 1550 εἶτα
3409 1495 3675 1550 ἀναλαϐὼν

2074 1585 2236 1646 αὐτὴν
2302 1592 2395 1648 τὴν
2470 1592 2699 1662 Γραφὴν,
2758 1592 2848 1641 καὶ
2903 1586 3248 1649 ἀναζητήσας
3293 1589 3354 1641 τὸ
3401 1586 3677 1660 κεφάλαιον

2074 1695 2166 1729 του
2214 1682 2590 1753 προειρημένου
2650 1677 2897 1754 ἀριθμου,
2956 1678 3118 1740 οὕτως
3170 1676 3292 1752 εὕρῃ
3325 1680 3420 1734 τὴν
3470 1695 3677 1752 μαρτυ-

306 1777 380 1816 ex
399 1777 523 1835 quo
545 1760 758 1832 regula
784 1762 1059 1818 confecta
1085 1769 1194 1832 est,
1215 1764 1500 1820 inveniat.
1530 1763 1815 1820 Volebam
1836 1763 1965 1837 qui-

2077 1771 2193 1841 ρίαν
2255 1771 2384 1843 πρὸς
2441 1768 2501 1827 ἣν
2532 1769 2558 1821 ὁ
2590 1770 2707 1844 ὅρος
2754 1771 3056 1824 πεποίηται.
3115 1765 3432 1840 Ἐϐουλόμην
3585 1761 3674 1818 οὖν

305 1849 445 1907 dem
467 1852 756 1924 primum,
784 1868 856 1909 ea
887 1853 1069 1909 etiam
1101 1869 1238 1926 quae
1270 1870 1344 1911 ex
1373 1855 1561 1911 Veteri
1589 1857 1966 1911 Testamento

304 1940 717 2014 proferuntur,
739 1958 880 1998 cum
903 1942 1156 2012 singulis
1188 1944 1332 2000 Novi
1361 1944 1724 2000 Testamenti
1768 1947 1969 2000 aucto-

307 2029 589 2086 ritatibus
613 2030 1072 2104 responderent,
1099 2031 1324 2104 regulis
1345 2033 1457 2088 illis
1481 2032 1810 2103 adjungere
1832 2032 1969 2089 :sed

310 2135 449 2176 cum
493 2120 820 2176 necessitas
885 2127 1142 2192 urgeret,
1193 2122 1414 2179 nostris
1434 2123 1611 2194 230
1649 2122 1708 2178 in
1739 2123 1968 2179 Christo

309 2209 595 2266 fratribus
619 2210 990 2283 jampridem
1010 2211 1123 2268 sibi
1149 2211 1454 2285 promissa
1472 2229 1634 2268 nunc
1655 2212 1918 2269 maxime
1933 2229 1970 2269 a

307 2298 486 2355 nobis
508 2300 808 2370 majorem
840 2300 900 2356 in
931 2301 1184 2357 modum
1210 2302 1612 2373 exigentibus,
1635 2302 1885 2358 memini
1903 2301 1968 2359 il-

305 2387 444 2456 lius,
477 2390 583 2463 qui
613 2390 763 2446 dixit
788 2408 801 2447 :
829 2393 921 2448 Da
951 2393 1217 2462 sapienti
1243 2393 1612 2449 occasionem
1653 2400 1708 2449 et
1735 2395 1970 2463 sapien-

311 2479 429 2535 tior
457 2481 567 2536 erit
588 2481 655 2535 δ’.
692 2481 1103 2548 Quamobrem
1135 2482 1183 2537 si
1231 2482 1322 2537 cui
1355 2481 1617 2547 libuerit,
1651 2481 1971 2538 sufﬁcienti

309 2569 629 2625 occasione
659 2586 732 2625 ex
759 2570 830 2626 iis
853 2587 988 2643 quae
1009 2577 1402 2644 apponuntur
1421 2571 1777 2628 testimoniis
1799 2571 1974 2627 abre-

309 2661 432 2731 pta,
459 2658 643 2714 Vetus
665 2662 1113 2716 Testamentum
1159 2677 1474 2716 assumere
1519 2666 1732 2734 potest,
1790 2665 1971 2734 atque

307 2763 417 2822 per
431 2750 700 2823 seipsum
715 2750 992 2807 omnium
1007 2750 1354 2807 divinarum
1367 2751 1814 2824 Scripturarum
1834 2767 1972 2807 con-

309 2839 581 2896 cordiam
595 2856 666 2896 ac
683 2857 1053 2897 consensum
1071 2856 1456 2912 cognoscere,
1477 2841 1808 2914 praesertim
1831 2857 1972 2897 cum

310 2927 718 3000 eredentibus,
737 2931 1008 3004 nihilque
1025 2931 1098 2987 de
1113 2932 1360 2988 veritate
1384 2931 1711 2988 verborum
1737 2931 1974 2988 Domini

309 3018 732 3076 dubitantibus
761 3022 908 3077 satis
939 3022 1014 3077 sit
1033 3021 1126 3078 vel
1142 3021 1320 3078 unica
1341 3022 1540 3078 dictio.
1567 3023 1762 3088 Quare
1789 3022 1972 3078 etiam

2075 1859 2144 1910 τὰ
2195 1865 2379 1931 πρῶτα
2425 1863 2514 1911 καί
2570 1857 2625 1910 ἐκ
2690 1864 2786 1921 τῆς
2844 1855 3072 1918 Παλαιᾶς
3118 1857 3384 1920 mem;
3439 1857 3506 1910 τὰ
3545 1857 3676 1930 πρὸς

2075 1948 2292 2001 ἕκαστον
2342 1955 2442 2000 τῶν
2481 1947 2529 2000 ἐν
2561 1955 2621 2020 τῇ
2685 1947 2853 2020 Καινῇ
2903 1950 3191 2019 συμφώνως
3241 1945 3486 2019 εἰρημένα
3509 1963 3677 2019 παρα-

2079 2038 2240 2090 θεῖναι
2264 2039 2380 2108 (38)
2436 2045 2548 2099 τοῖς
2578 2039 2738 2111 ὅροις·
2773 2032 2953 2095 ἐπειδὴ
2989 2032 3050 2089 δὲ
3078 2041 3388 2108 κατήπειγεν
3417 2036 3450 2094 ἠ
3491 2039 3670 2110 χρεία,

2076 2135 2176 2180 τῶν
2226 2126 2276 2180 ἐν
2334 2135 2548 2201 Χριστῷ
2603 2125 2834 2200 ἀδελφῶν
2876 2147 2964 2178 νυν
3019 2125 3252 2200 μάλιστα
3325 2121 3676 2180 σπουδαιότε-

2076 2236 2165 2291 ρον
2253 2215 2655 2277 ἁπαιτησάντων
2730 2217 2872 2290 ἡμᾶς
2944 2217 3011 2268 τὰ
3081 2215 3246 2270 πάλαι
3301 2213 3676 2290 ἕπηγγελμένα,

2079 2306 2437 2381 ἕμνημὸνευσα
2488 2327 2579 2360 του
2638 2306 2870 2367 εἰπόντος
2929 2305 3064 2377 (39)·
3117 2301 3277 2358 Δίδου
3325 2312 3468 2377 σοφῷ
3515 2302 3680 2378 ἀφορ-

2079 2402 2181 2472 μὴν
2261 2403 2350 2450 καὶ
2433 2401 2722 2472 σοφώτερος
2790 2399 2962 2450 ἔσται.
3005 2393 3166 2448 ’.Ω-στι
3214 2394 3381 2458 ἔξεστι
3435 2401 3509 2465 τῷ
3554 2393 3683 2468 βουο

2077 2487 2270 2561 λομένῳ
2319 2485 2554 2560 ἀφορμὴν
2615 2486 2851 2560 αύτάρκη
2919 2483 2973 2538 ἐκ
3028 2492 3129 2536 τῶν
3186 2487 3573 2557 παρακειμένων
3615 2482 3684 2537 εἰ·

2079 2577 2265 2650 ληφότι
2313 2575 2582 2629 ἀναλαϐεῖν
2641 2580 2733 2634 τὴν
2783 2575 3015 2629 Παλαιὰν
3083 2577 3367 2642 Διαθήκην,
3417 2578 3507 2635 καὶ
3553 2594 3684 2646 γνω-

2079 2673 2230 2741 ρίσαι
2281 2665 2365 2739 ἀφ’
2421 2666 2604 2718 ἑαυτοῦ
2665 2670 2759 2724 τὴν
2801 2663 2849 2718 ἐν
2906 2667 3100 2726 πάσαις
3166 2671 3278 2727 ταῖς
3331 2666 3686 2724 θεοπνεύστοις

2083 2763 2310 2831 Γραφαῑς
2369 2760 2689 2829 συμφωνίαν,
2740 2753 2906 2816 ἄλλως
2960 2773 3014 2807 τε
3063 2758 3154 2806 καὶ
3209 2759 3336 2826 μιᾶς
3395 2763 3564 2827 φωνῆς
3591 2751 3680 2825 ἀρο

2081 2852 2279 2910 κούσης
2357 2854 2464 2908 τοῖς
2535 2853 2744 2908 πιστοῖς
2823 2864 2913 2898 και
2973 2843 3514 2920 πεπληροφορημένοις
3585 2847 3679 2902 τὴν

2085 2937 2328 2997 ἀλήθειαν
2383 2946 2482 2990 τῶν
2531 2956 2623 2988 του
2679 2939 2874 3010 Κυρίου
2926 2935 3195 3009 ῥημάτων.
3247 2937 3333 2988 Διό
3377 2937 3466 2987 καὶ
3531 2935 3598 2985 τὰ
3631 2931 3681 2986 ἄν

2084 3035 2144 3100 τῇ
2205 3033 2366 3100 Καινῇ
2425 3028 2651 3099 Διαθήκῃ
2704 3024 2762 3077 ού
2793 3024 2982 3092 πάντα,
3013 3021 3162 3096 ὀλίγα
3196 3019 3254 3076 δὲ
3275 3021 3329 3076 ἐκ
3352 3025 3554 3076 πάντων
3584 3040 3684 3075 παο

315 3109 462 3166 satis
491 3127 623 3167 esse
645 3111 810 3177 duxi,
836 3111 884 3167 si
911 3127 1036 3168 non
1059 3113 1286 3182 omnia,
1307 3128 1445 3186 quae
1465 3112 1526 3168 in
1563 3114 1725 3168 Novo
1768 3115 1969 3169 Testa-

2083 3119 2338 3195 ραθέσθαι
2363 3120 2615 3192 αὔταρκες
2646 3114 2985 3190 ἐλογισάμην.

314 3205 520 3257 mento
552 3201 956 3276 reperiuntur,
983 3201 1087 3259 sed
1115 3217 1314 3275 pauca
1341 3218 1414 3260 ex
1448 3201 1736 3259 omnibus
1777 3217 1975 3277 appo-

315 3305 544 3348 nerem.

336 3450 342 3453 ‘
384 3439 432 3473 ³³
461 3441 632 3496 Prov.
665 3455 745 3504 IX,
776 3439 831 3495 9.

313 3587 414 3640 ύπὸ
461 3595 558 3648 τῆς
618 3589 757 3649 Θείας
806 3593 1013 3661 Γραφῆς
1044 3586 1475 3661 ἀπηγορευμένων
1516 3588 1545 3646 ἦ
1577 3585 1972 3661 ἐγκεκριιιένων,

314 3660 402 3715 De
445 3661 523 3731 iis
583 3675 717 3731 qum
747 3675 783 3716 a
813 3660 1024 3717 divina
1054 3660 1375 3730 Scriptum
1397 3666 1504 3716 aut
1529 3660 1833 3725 vetantur,
1867 3664 1975 3716 aut

314 3730 579 3803 probant
589 3730 680 3787 ur.

390 3803 499 3873 (38)
528 3806 788 3876 Utraque
820 3803 1001 3860 editio
1033 3808 1090 3861 et
1118 3806 1258 3875 Reg.
1289 3804 1497 3861 tertius
1528 3805 1771 3880 εἰρημένα
1809 3823 1977 3878 παρα-

2090 3588 2262 3645 ϐῆναι.
2317 3583 2426 3640 Alii
2464 3582 2600 3656 duo
2641 3598 2791 3638 mss.
2821 3582 3152 3656 παραθεῖναι.
3183 3580 3396 3656 Statim
3425 3581 3686 3656 utraque

2088 3659 2272 3714 editio
2324 3666 2422 3728 τῷν
2452 3653 2706 3728 ἀδελφῶν,
2737 3651 2937 3710 Codex
2971 3655 3138 3709 Voss.
3165 3659 3222 3708 et
3241 3652 3340 3709 alii
3368 3658 3485 3708 tres
3514 3660 3615 3705 τῶν
3637 3651 3690 3704 ἐν

2088 3737 2304 3805 Χριστῷ
2327 3725 2579 3801 ἀδελφῶν.

2159 3795 2284 3871 (39)⁷
2305 3795 2472 3857 Liber
2505 3798 2688 3856 Vossii
2713 3797 3161 3872 ἐμνημονεύσαμεν
3200 3816 3290 3850 του
3324 3795 3568 3856 εἰπόντος.

1504 4148 1858 4230 INDEX
1913 4145 2522 4232 MORALIUM

336 4486 353 4537 t
401 4485 478 4537 De
529 4478 900 4552 pmnitentia,
943 4483 997 4534 et
1029 4479 1190 4550 quod
1223 4477 1555 4550 sittempus
1590 4478 1874 4535 idoneum
1909 4478 1969 4532 ac

2099 4477 2142 4532 α’
2188 4482 2311 4552 Περὶ
2362 4481 2658 4550 μετανοίας,
2711 4479 2798 4527 καὶ
2846 4474 2981 4536 τίςὸ
3040 4479 3135 4534 τῆς
3177 4475 3454 4544 μετανοίας
3492 4473 3695 4544 καιρὸς,

400 4572 835 4644 paenitentiam,
859 4570 1056 4642 deque
1080 4570 1574 4641 proprietatibus,
1601 4576 1657 4626 et
1697 4570 1988 4626 fructibus

399 4662 609 4736 ipsius.

329 4758 363 4810 2
403 4757 482 4810 De
499 4769 591 4820 eo,
608 4752 776 4825 quod
803 4751 906 4825 qui
931 4767 965 4806 a
991 4753 1108 4807 Deo
1129 4750 1280 4806 inire
1302 4750 1557 4821 gratiam
1579 4750 1836 4816 studeat,
1861 4751 1908 4821 ej
1921 4767 1991 4805 us

403 4843 672 4900 studium
690 4857 820 4898 esse
851 4843 1153 4897 sincerum
1176 4841 1376 4910 debet,
1401 4847 1580 4914 atque
1604 4841 1682 4896 ab
1703 4841 1871 4898 omni
1891 4857 1990 4914 pe-

401 4937 562 4991 nitus
597 4933 679 4990 rei
705 4932 1020 4989 contrariaa
1053 4930 1416 4988 admistione
1437 4947 1729 4987 vacuum.

333 5031 364 5085 3
406 5028 485 5082 De
533 5024 819 5080 charitate
878 5037 1022 5093 erga
1059 5022 1269 5089 Deum,
1321 5026 1378 5079 et
1405 5021 1720 5094 quomodo
1750 5037 1823 5079 ea
1853 5037 1991 5078 vere

404 5113 806 5185 cognoscitur.

332 5208 368 5265 4
406 5204 516 5271 Qui
543 5203 619 5258 sit
637 5203 834 5260 honor
856 5218 1000 5274 erga
1030 5203 1242 5271 Deum,
1274 5204 1330 5258 et
1384 5217 1521 5275 quae
1568 5201 1714 5258 item
1774 5205 1990 5258 contu-

404 5293 614 5352 melia.

336 5391 390 5445 5.
431 5389 512 5444 De
540 5383 829 5442 charitate
851 5386 1083 5453 mutua,
1116 5387 1175 5441 et
1199 5382 1668 5457 proprietatibus
1696 5381 1906 5456 ipsius.

2169 4573 2257 4620 καὶ
2305 4575 2421 4643 περὶ
2480 4576 2578 4618 τῶν
2657 4563 2956 4638 ἰδιωμάτων
3021 4563 3204 4630 αὐτῆς,
3264 4581 3355 4614 και
3409 4564 3525 4635 περὶ
3599 4569 3698 4614 τῶν

2168 4667 2380 4733 καρπῶν
2411 4659 2540 4716 αὐτῆ
2555 4679 2594 4720 ς.

2099 4747 2148 4823 β’
2189 4754 2314 4822 Περὶ
2373 4756 2463 4801 τοῦ
2512 4746 2676 4820 ἀμιγῆ
2737 4748 2930 4806 παντὸς
2989 4744 3240 4811 ἐναντίου,
3308 4747 3397 4795 καὶ
3465 4743 3698 4817 καθαρὰν

2171 4837 2298 4891 εἶναι
2350 4843 2444 4896 τὴν
2496 4834 2735 4896 σπουδὴν
2793 4843 2889 4888 τῶν
2939 4834 3288 4910 εὐαρεστῆσαι
3321 4840 3394 4904 τῷ
3439 4837 3544 4902 Θεῷ
3576 4829 3700 4905 βου-

2167 4929 2407 5003 λομένων.

2097 5021 2143 5096 γ’
2174 5026 2299 5094 Περὶ
2347 5027 2442 5080 τῆς
2491 5018 2557 5080 εἰς
2595 5020 2718 5072 Θεὸν
2759 5018 2868 5077 (40)
2914 5015 3138 5090 ἀγάπης,
3194 5019 3284 5069 καὶ
3328 5017 3403 5075 τίς
3442 5016 3472 5076 ἡ
3505 5016 3702 5078 ταύτης

2174 5107 2467 5172 ἀπόδειξις.

2102 5198 2148 5256 δ’
2185 5206 2280 5264 Τίς
2310 5203 2338 5260 ἠ
2377 5199 2446 5262 εἰς
2477 5201 2607 5252 Θεὸν
2639 5201 2787 5272 τιμὴ,
2821 5200 2907 5249 καὶ
2935 5199 3012 5261 τίς
3042 5197 3070 5256 ἡ
3107 5195 3315 5270 ἀτιμία.

2101 5381 2132 5435 ε’
2173 5383 2298 5454 Περὶ
2363 5387 2453 5440 τῆς
2501 5377 2568 5439 εἰς
2624 5375 2875 5438 ἀλλήλους
2917 5375 3151 5449 ἀγάπης,
3196 5378 3286 5428 καὶ
3342 5381 3441 5428 τῶν
3506 5374 3704 5436 ταύτης

2175 5467 2496 5544 ἰδιωμάτων.

409 5654 526 5729 (40)
559 5655 702 5726 Reg.
735 5651 945 5711 tertius
961 5656 1194 5730 περὶτῆς
1220 5655 1352 5730 πρὸς
1393 5656 1542 5712 Θεὸν.
1573 5653 1784 5713 Statim
1811 5651 1969 5710 idem

2077 5650 2208 5709 »ἀει
2234 5653 2352 5728 περὶ
2378 5655 2469 5710 τῆς
2498 5649 2629 5726 πρὸς
2659 5643 2924 5713 ἀλλήλους.
