4110 6418
377 321 479 380 603
1747 305 2120 368 MORALIUH
2155 307 2369 366 INDEX

3636 315 3746 374 694

379 443 425 509 ς’
453 445 578 519 Περὶ
604 447 696 496 τοῦ
726 436 834 494 δεῖν
871 436 1338 513 παρρησιάζεσθαι
1383 433 1432 488 ἰν
1485 441 1550 508 τῇ
1586 431 1837 507 ὁμολογίᾳ
1880 437 1966 486 τοῦ

2097 435 2117 487 Β
2160 433 2332 498 Quod
2362 433 2423 490 in
2453 435 2830 496 confessione
2862 438 2984 509 Dei,
3033 441 3092 496 et
3133 437 3348 496 Christi
3375 439 3530 512 ejus,
3557 437 3748 496 ﬁden-

449 539 597 600 Θεοῦ,
628 535 720 584 καὶ
747 536 840 583 τοῦ
869 535 1103 604 Χριστοῦ
1135 526 1316 580 αὐτοῦ.

379 621 424 686 ζ’
449 621 571 675 Ὀτι
599 625 669 694 μὴ
704 619 851 693 ἀρκεῖ
878 620 1009 691 πρὸς
1031 620 1294 690 σωτηρίαν
1326 616 1354 673 ἡ
1385 612 1634 686 ὁμολογία
1659 618 1752 665 τοῦ
1780 614 1975 686 Κυρίου

445 718 550 772 τοῖς
577 712 668 772 τάς
697 707 900 770 ἐντολὰς
930 707 1084 760 αὐτοῦ
1110 704 1544 780 παραϐαίνουσιν.

378 799 423 861 η’
453 805 578 874 Περὶ
602 804 824 860 πίστεως
855 801 943 850 καὶ
971 795 1326 872 πληροφορίας
1349 801 1449 846 τῶν
1497 799 1590 844 τοῦ
1636 795 1826 864 Κυρίου
1873 789 1976 866 ῥη-

447 910 622 964 ματων
630 930 652 949 ο

377 979 419 1036 θ’
450 984 576 1054 Περὶ
599 983 836 1053 γνώσεως
861 977 891 1038 ᾖ
926 975 1139 1049 ἀγνοίας
1166 981 1266 1027 τῶν
1295 971 1670 1028 ἐπιϐαλλόντων
1700 972 1846 1044 ἡμῖν.

375 1156 406 1214 ι’
435 1161 498 1213 Τί
527 1159 584 1211 τὸ
623 1155 763 1220 τελος
791 1162 887 1220 τῆς
924 1154 1204 1230 ἁμαρτίας,
1253 1154 1343 1207 καὶ
1389 1153 1442 1204 τί
1487 1157 1582 1214 τῆς
1627 1147 1833 1211 ἐντολῆς
1880 1153 1972 1200 τοῦ

442 1254 600 1306 Θεοῦ.

371 1336 436 1392 ια’
463 1341 591 1415 Περὶ
621 1337 888 1415 χριμάτων
928 1340 1083 1402 Θεοῦ,
1114 1336 1204 1390 καὶ
1231 1339 1322 1388 τοῦ
1354 1329 1442 1385 ἀπ’
1465 1329 1633 1384 αὐτῶν
1660 1326 1842 1403 φόϐου.

2157 527 2243 579 ter
2271 524 2616 600 fortiterque
2648 529 2959 599 agendum
2990 530 3084 588 sit.

2085 619 2116 668 7
2159 615 2331 680 Quod
2353 632 2477 672 non
2497 619 2570 675 sit
2593 620 2739 675 satis
2759 619 2840 676 ad
2879 620 3134 677 salutem
3172 619 3472 678 confessio
3485 620 3746 692 Domini,

2154 702 2514 762 facientibus
2543 713 2754 766 contra
2783 710 3077 768 mandata
3102 709 3254 780 ejus.

2087 796 2118 848 8
2160 796 2238 849 De
2263 795 2382 851 ﬁde
2413 801 2468 852 et
2489 814 2730 854 summa
2755 799 3107 855 auctoritate
3139 815 3210 854 ac
3238 797 3590 855 certitudine
3617 812 3748 854 ver-

2155 884 2376 942 borum
2408 888 2664 945 Domini.

2084 979 2116 1034 9
2153 976 2234 1032 De
2265 978 2606 1047 cognitione
2653 978 2780 1036 sive
2827 978 3079 1036 scientia
3123 978 3621 1051 ignorationeque
3649 991 3744 1034 re-

2153 1081 2288 1122 rum
2313 1067 2390 1122 ad
2419 1067 2687 1123 ofﬁcium
2713 1073 2984 1124 nostrum
3011 1067 3465 1141 pertinentium.

2087 1158 2152 1211 10
2191 1156 2334 1222 Quis
2365 1157 2440 1214 sit
2464 1157 2602 1214 ﬁnis
2631 1159 2882 1232 peccati,
2906 1158 3118 1232 quisve
3140 1157 3284 1214 item
3304 1158 3590 1231 praecepti
3617 1155 3742 1213 Dei.

2084 1340 2142 1393 11
2188 1338 2266 1394 De
2282 1337 2303 1410 j
2317 1337 2528 1396 udiciis
2547 1338 2670 1412 Dei,
2694 1342 2750 1397 et
2766 1342 3141 1414 quantopere
3159 1353 3232 1396 ea
3249 1337 3369 1396 sint
3385 1335 3733 1398 metuenda.

369 1516 442 1592 ιβ’
471 1521 596 1592 Περὶ
625 1515 916 1580 ἀθετήσεως
943 1518 1034 1569 καὶ
1065 1512 1377 1587 ἀντιλογίας,
1409 1513 1438 1574 ἣ
1465 1513 1704 1575 ὑπακοῆς
1727 1512 1819 1565 καὶ
1865 1529 1966 1583 φυ-

2097 1522 2144 1578 l2
2183 1522 2265 1578 De
2283 1521 2730 1595 improbatione
2753 1524 2813 1578 et
2838 1522 3296 1594 impugnatione
3315 1523 3421 1579 aut
3438 1517 3738 1580 contradi-

435 1607 600 1673 λακῆς
628 1616 727 1662 τῶν
764 1614 858 1663 τοῦ
889 1614 1021 1662 Θεοῦ
1046 1605 1364 1678 θελημάτων.

2147 1610 2367 1681 ctione,
2398 1611 2494 1670 vel
2530 1612 2874 1670 obedientia
2911 1617 2971 1670 et
3015 1611 3436 1668 observatione
3464 1608 3738 1668 volunta-

2145 1703 2276 1756 tum
2316 1702 2438 1758 Dei.

367 1790 431 1865 ιγ’
461 1792 589 1867 Περὶ
615 1795 708 1850 τῆς
742 1785 791 1841 ἕν
837 1789 990 1841 παντὶ
1017 1792 1184 1859 καιρῷ
1235 1783 1564 1858 ἑτοιμότητος
1600 1784 1692 1837 καὶ
1739 1779 1963 1855 ἀνυπερ-

2111 1795 2140 1848 3
2182 1795 2262 1847 De
2282 1807 2354 1848 eo
2377 1791 2545 1864 quod
2571 1791 2825 1863 singulis
2846 1789 3174 1849 momentis
3188 1788 3499 1848 voluntate
3525 1805 3598 1847 ac
3611 1793 3744 1848 stu-

440 1882 588 1936 θέτου
620 1875 864 1940 σπουδῆς
891 1885 990 1932 τῶν
1021 1878 1152 1951 πρὸς
1183 1873 1523 1951 εὐαρέστησιν
1554 1879 1687 1928 Θεοῦ
1720 1867 1895 1926 σπουδ
1899 1890 1962 1924 α-

435 1970 682 2045 ζομένων.

368 2057 436 2114 ιδ’
467 2066 594 2138 Περὶ
622 2067 714 2120 τῆς
752 2056 975 2112 ἑκάστου
1023 2061 1120 2108 τῶν
1167 2055 1304 2108 κατά
1347 2056 1498 2128 μέρος
1541 2053 1964 2129 κατορθουμένων

437 2149 725 2224 εὐκαιρίας.

368 2238 420 2294 ιε’
443 2237 564 2292 ’Ότι
592 2243 662 2312 μὴ
699 2234 783 2292 δεῖ
805 2245 915 2300 τοῖς
953 2234 1116 2288 ἄλλων
1159 2236 1560 2309 κατορθώμασιν
1605 2230 1962 2300 ἐπελπίζοντα,

434 2337 536 2382 τῶν
564 2327 680 2382 καθ’
714 2327 891 2384 ἑαυτὸν
921 2325 1146 2400 ἀμελεῖν.

366 2418 435 2486 ις’
461 2425 586 2494 Περὶ
610 2426 709 2471 τῶν
740 2417 982 2490 οἰομένων
1014 2414 1322 2489 ὠφελεῖσθαί
1350 2433 1402 2466 τι
1441 2413 1496 2466 ἐκ
1523 2420 1616 2466 τοῦ
1658 2412 1824 2486 συξῇν
1855 2419 1964 2474 τοῖς

434 2508 612 2572 καλοῖς
641 2512 731 2562 καὶ
771 2506 1084 2582 εὖαρίστοις,
1137 2509 1228 2558 καὶ
1274 2503 1488 2566 ἑαυτοὺς
1531 2509 1602 2578 μὴ
1653 2503 1966 2578 κατορθοῦν-

434 2618 533 2653 των
559 2601 695 2670 (ιι).

367 2688 430 2752 ιζ
461 2696 579 2753 Πῶς
604 2685 689 2742 δεῖ
716 2689 846 2761 πρὸς
872 2688 958 2740 τόν
987 2687 1221 2760 παρόντα
1257 2686 1438 2759 καιρὸν
1471 2679 1827 2737 διατίθεσθαι.

369 2867 435 2930 ιη’
467 2874 592 2946 Περὶ
628 2871 823 2945 τρόπου
875 2871 966 2922 καὶ
1020 2862 1306 2927 διαθέσεως
1357 2873 1456 2919 τῶν
1512 2867 1632 2940 περὶ
1679 2866 1773 2922 τὴν
1830 2862 1966 2916 ἐντο-

437 2959 530 3018 λὴν
563 2960 671 3032 (42)
695 2967 787 3014 τοῦ
821 2965 954 3013 Θεοῦ
987 2952 1412 3011 ἐσπουδακότων.

368 3139 432 3194 ιϐ’
459 3144 584 3218 Περὶ
613 3135 985 3215 ἐμποδίζοντος
1010 3140 1102 3191 καὶ
1141 3132 1555 3212 ἐμποδιζομένου
1583 3133 1656 3197 εἰς
1696 3138 1790 3195 τὴν
1831 3132 1968 3187 ἕντο-

433 3231 526 3291 λήν
551 3239 644 3285 τοῦ
685 3237 839 3286 Θεοῦ.

361 3319 406 3373 κ’
436 3324 562 3396 Περὶ
590 3319 982 3393 βαπτίσματος,
1005 3322 1097 3370 καὶ
1123 3320 1204 3380 τίς
1233 3317 1260 3370 ὁ
1288 3316 1436 3389 λόγος
1460 3320 1550 3369 καὶ
1570 3317 1599 3375 ἠ
1633 3312 1852 3389 δύναμις
1871 3322 1964 3369 τοῦ

434 3408 803 3483 βαπτίσματος
832 3409 970 3478 (43).

360 3497 440 3554 κοί
467 3503 592 3574 Περὶ
621 3501 887 3558 κοινωνίας
916 3502 1008 3549 τοῦ
1051 3500 1310 3568 σώματος,
1343 3497 1434 3547 καὶ
1479 3501 1571 3548 τοῦ
1609 3496 1827 3568 αἳματος
1872 3503 1965 3547 τοῦ

433 3596 691 3663 Χριστοῦ,
713 3593 804 3642 καὶ
832 3592 914 3651 τίς
939 3588 964 3640 ὁ
993 3588 1192 3648 ταύτης
1214 3585 1382 3658 λόγος.

361 3679 446 3756 ιβ’
477 3687 596 3743 Πῶς
625 3677 1066 3757 ἀπαλλοτριοῦταί
1094 3697 1176 3740 τις
1204 3683 1359 3743 Θεοῦ,
1400 3679 1490 3730 καὶ
1542 3672 1635 3729 διὰ
1686 3677 1835 3730 τίνων
1884 3676 1965 3730 οἰ-

430 3777 662 3826 κειοῦται
693 3776 829 3841 Θεῷ.

360 3861 441 3937 κγ’
471 3865 715 3937 Περὶτῶν
744 3861 1050 3934 ἡττωμένων
1093 3861 1184 3912 καὶ
1234 3856 1306 3919 εἰς
1351 3855 1386 3910 ἂ
1426 3864 1678 3930 μισοῦσιν
1731 3856 1965 3935 ἁμαρτή-

433 3971 594 4024 ματα.

361 4039 442 4097 ad"
473 4047 599 4118 Περὶ
622 4037 855 4114 ψεύδους
883 4043 972 4094 καὶ
997 4037 1258 4102 ἀληθείας.

358 4133 428 4189 κε’
459 4138 584 4208 Περὶ
614 4132 945 4208 ἀργολογίας,
977 4134 1068 4184 καὶ
1094 4135 1211 4207 περὶ
1240 4138 1332 4192 τῆς
1375 4136 1474 4184 τῶν
1517 4125 1820 4182 σπουδαίων
1871 4128 1962 4182 λό-

430 4245 534 4298 γων
573 4223 891 4297 οἰκονομίας.

2146 1881 2247 1938 dio
2272 1881 2522 1940 indilato
2542 1882 2736 1955 parati
2757 1898 2890 1939 esse
2906 1882 3242 1938 debeamus
3257 1878 3338 1937 ad
3358 1895 3450 1949 ea,
3465 1895 3578 1953 per
3591 1895 3731 1954 qua

2145 1973 2454 2045 possimus
2479 1973 2629 2029 inire
2656 1972 2759 2028 Dei
2788 1972 3067 2043 gratiam.

2078 2066 2141 2120 14
2184 2066 2263 2119 De
2276 2063 2618 2119 maturitate
2635 2067 2982 2136 opportuna
2998 2063 3058 2118 et
3070 2058 3398 2120 commoda
3409 2057 3734 2132 cujuslibet

2145 2159 2302 2210 recte
2327 2153 2487 2222 facti.

2079 2248 2142 2299 l5
2184 2244 2357 2311 Quod
2386 2260 2509 2299 non
2530 2243 2711 2300 debet
2729 2243 2888 2316 quis,
2918 2257 3171 2315 sperans
3201 2241 3264 2299 in
3288 2241 3546 2299 aliorum
3573 2244 3732 2299 recte

2144 2333 2334 2402 factis,
2363 2334 2664 2405 negligere
2695 2334 2825 2406 ipse
2862 2331 3130 2389 ofﬁcium
3159 2347 3361 2388 suum.

2073 2427 2141 2482 16
2182 2426 2262 2479 De
2292 2424 2368 2480 iis
2407 2425 2511 2497 qui
2540 2423 2830 2496 prodesse
2878 2422 2993 2477 sibi
3041 2421 3272 2494 aliquid
3301 2421 3650 2494 opinantur,
3681 2421 3733 2479 si

2145 2531 2284 2572 cum
2309 2515 2488 2572 bonis
2517 2518 2575 2571 et
2598 2515 2719 2570 Deo
2750 2513 2952 2570 charis
2975 2512 3330 2570 hominibus
3357 2512 3584 2584 vivant,
3615 2513 3734 2587 ipsi

2146 2612 2349 2662 autem
2379 2605 2526 2662 boni
2551 2603 2699 2660 nihil
2724 2603 2967 2660 faciant.

2078 2701 2140 2754 17
2187 2697 2504 2764 Quomodo
2525 2695 2845 2752 occasione
2866 2696 3003 2752 vitae
3021 2693 3225 2766 hujus,
3258 2693 3324 2750 in
3342 2709 3468 2767 qua
3495 2707 3732 2768 sumus,

2146 2787 2232 2842 uti
2261 2786 2582 2843 debemus.

2079 2882 2142 2942 18
2175 2881 2255 2935 De
2285 2878 2470 2936 modo
2501 2882 2558 2935 et
2584 2877 2900 2934 affectione
2939 2875 3146 2944 animi,
3179 2891 3316 2950 quas
3341 2875 3530 2934 teneri
3554 2876 3728 2948 231

2146 2968 2224 3025 ab
2256 2969 2347 3024 his
2374 2969 2612 3035 debeat,
2647 2969 2753 3041 qui
2801 2967 3074 3024 studium
3124 2983 3306 3023 suum
3355 2966 3648 3024 adhibent
3671 2965 3736 3023 in

2146 3058 2582 3116 conservandis
2609 3057 2928 3130 praeceptis
2960 3057 3082 3114 Dei.

2079 3152 2143 3204 19
2184 3151 2262 3204 De
2291 3147 2495 3221 iis,qui
2516 3147 2665 3204 alios
2683 3145 3149 3219 impediunt,vel
3169 3144 3248 3202 ab
3264 3145 3393 3202 aliis
3412 3145 3533 3219 ipsi
3548 3145 3738 3219 impe-

2145 3239 2413 3307 diuntur,
2431 3237 2758 3312 quominus
2771 3237 2937 3294 obire
2958 3236 3196 3310 possint
3219 3236 3581 3294 mandatum
3612 3236 3736 3296 Dei.

2074 3331 2145 3384 2O
2186 3329 2266 3384 De
2296 3327 2686 3401 baptismate,
2715 3330 2773 3382 et
2801 3343 2936 3400 quae
2969 3326 3215 3384 sitratio
3246 3330 3304 3382 et
3330 3325 3516 3382 virtus
3543 3325 3738 3399 bapti-

2149 3417 2380 3475 smatis.

2075 3511 2136 3562 21
2185 3510 2264 3563 De
2294 3507 2723 3564 communione
2753 3506 3023 3580 corporis
3053 3508 3112 3562 et
3139 3505 3459 3578 sanguinis
3489 3505 3734 3577 Christi,

2149 3601 2204 3652 et
2231 3613 2367 3669 quae
2397 3597 2472 3652 sit
2501 3597 2654 3652 ratio
2679 3597 2862 3667 hujus
2892 3595 3279 3652 sacramenti.

2075 3686 2145 3739 22
2185 3682 2504 3750 Quomodo
2535 3681 2830 3738 alienatur
2857 3681 3076 3755 aliquis
3105 3697 3142 3738 a
3167 3683 3312 3752 Deo,
3341 3680 3734 3755 quomodove

2145 3773 2284 3829 item
2343 3772 2715 3829 conciliatur.

2075 3867 2142 3920 23
2183 3865 2264 3918 De
2293 3863 2386 3931 iis,
2419 3863 2544 3936 qui,
2576 3878 2702 3936 prae:
2735 3861 2923 3919 animi
2944 3861 3325 3935 impotentia,
3355 3861 3420 3919 in
3447 3875 3522 3920 ea
3547 3861 3732 3920 etiam

2145 3971 2283 4028 quae
2314 3953 2592 4026 oderunt,
2620 3958 2873 4027 peccata
2898 3951 3329 4026 prolabuntur.

2071 4049 2143 4102 24
2181 4048 2263 4102 De
2292 4043 2611 4101 mendacio
2633 4049 2692 4101 et
2718 4043 2988 4100 veritate.

2071 4141 2139 4193 25
2185 4139 2261 4192 De
2289 4135 2485 4192 inutili
2514 4139 2694 4207 atque
2715 4133 2905 4190 otioso
2929 4148 3226 4202 sermone,
3259 4133 3458 4207 deque
3494 4131 3730 4191 utilium

2144 4231 2203 4282 et
2231 4225 2640 4283 studiosorum
2697 4239 3052 4280 sermonum
3095 4239 3208 4280 usu
3251 4239 3323 4281 ac
3351 4224 3729 4282 tractatione.

359 4313 427 4378 κς’
455 4317 582 4390 Περὶ
607 4320 700 4367 τοῦ
733 4309 840 4366 δεῖν
870 4313 1174 4387 κεχρῆσθαι
1203 4318 1404 4386 πρῶτον
1435 4313 1524 4384 μεν
1555 4319 1664 4373 ταῖς
1715 4311 1816 4365 ἀπὸ
1864 4319 1962 4365 τῶν

2097 4320 2140 4374 :6
2182 4316 2358 4384 Quod
2379 4316 2458 4372 ad
2479 4331 2550 4372 ea
2570 4314 3159 4388 conﬁrmanda,quas
3181 4331 3218 4372 a
3235 4313 3416 4371 nobis
3435 4315 3534 4372 vel
3551 4315 3724 4386 ﬁunt,

431 4411 643 4479 Γραφῶν
672 4406 990 4478 μαρτυρίαις
1012 4401 1127 4472 (44)
1157 4399 1229 4461 εἰς
1257 4403 1516 4453 σύστασιν
1545 4410 1644 4453 τῶν
1674 4404 1797 4480 παρ’
1817 4403 1846 4461 ἡ
1855 4411 1964 4478 μῶν

429 4496 708 4568 γινομένων
730 4494 758 4553 ἦ
783 4492 1082 4566 λεγομένων,
1116 4493 1292 4543 ἔπειτα
1317 4487 1352 4542 δ
1356 4493 1377 4543 ἒς
1397 4495 1486 4544 καὶ
1516 4499 1619 4553 τοῖς
1645 4490 1692 4545 ἐν
1721 4501 1782 4567 τῇ
1810 4512 1966 4552 συνη-

435 4585 547 4658 θείᾳ
573 4584 990 4659 γνωριζομένοις,

361 4673 440 4736 κζ’
472 4679 596 4749 Περὶ
626 4682 721 4737 τῆς
749 4677 879 4748 πρὸς
905 4673 1034 4726 Θεὸν
1064 4674 1154 4724 καὶ
1178 4673 1308 4744 πρὸς
1337 4674 1456 4734 τοὺς
1486 4670 1665 4744 ἁγίους
1693 4675 1832 4725 κατὰ
1861 4669 1963 4725 δύ-

430 4784 583 4838 ναμιν
610 4763 933 4839 ἐξομοιώσεω
943 4783 982 4826 ς.

362 4853 441 4912 κη’
469 4860 593 4930 Περὶ
613 4863 705 4908 τοῦ
733 4851 1060 4930 διακριτικὸν
1082 4849 1212 4905 εἶναι
1235 4854 1351 4929 περὶ
1370 4859 1468 4906 τῶν
1498 4850 1705 4924 ἀγαθῶν
1736 4850 1835 4907 ἀνδ
1836 4861 1960 4929 ρῶν,

434 4949 524 4997 καὶ
555 4952 655 4997 τῶν
685 4942 945 5000 ἐναντίων.

364 5031 440 5085 κθ’
462 5038 589 5108 Περὶ
617 5040 730 5106 τοῦ³
762 5038 894 5106 ποίῳ
923 5038 1098 5108 τρόπῳ
1119 5036 1176 5090 τὸ
1209 5031 1512 5108 ἐπάγγελμα
1531 5031 1723 5088 ἑαυτῶν
1746 5039 1962 5090 πιστού-

434 5125 588 5198 μεθα.

433 5305 550 5384 (41)
751 5299 958 5384 tertius
987 5299 1302 5384 ιεξῖοιρέστοιςξ
1333 5309 1424 5359 καὶ
1440 5303 1666 5384 ,ἑαυτοὺς
1695 5309 1796 5384 μὴ.-
1821 5305 1966 5384 διορ-

366 5373 611 5504 ἓοῦντὲυν.
647 5373 817 5442 Illud,
867 5379 956 5427 καὶ
1003 5373 1238 5444 ἑαύτούς,
1287 5377 1351 5432 in
1391 5381 1646 5450 utraque
1695 5373 1964 5436 editione

411 5465 510 5504 ees
543 5488 555 5502 .

437 5520 555 5600 (4:)
586 5518 738 5575 Edili
779 5525 880 5570 τῶν
906 5519 1051 5593 παρὰ
1079 5521 1167 5578 τὴν
1199 5518 1428 5581 ἐντολήν.
1479 5521 1726 5596 Antiqui
1755 5527 1873 5580 tres
1901 5522 1966 5580 li-

365 5589 461 5647 br]
479 5600 579 5644 τῶν
603 5596 722 5647 περὶ
746 5594 862 5647 τόν.

443 5594 722 5665 ἱτῷνγπερὶ
746 5594 862 5649 τὴν.

442 5664 551 5734 (43)
576 5659 718 5736 Reg.
744 5662 951 5722 tertius
981 5659 1207 5739 δύναμις
1234 5671 1326 5720 τοῦ
1371 5665 1526 5740 ἁγίου
1573 5666 1984 5744 β(οπιιιιντίοτνμιιιεινος.Δ

2145 4406 2238 4463 vel
2264 4406 2568 4474 dicuntur,
2618 4405 2883 4479 primum
2922 4404 3122 4478 petitis
3165 4404 3239 4460 de
3269 4405 3493 4461 sanctis
3519 4403 3730 4462 litteris

2144 4496 2499 4554 testimoniis
2530 4496 2823 4554 utendum
2868 4495 2959 4566 sit,
3002 4494 3222 4551 deinde
3250 4494 3322 4550 iis
3351 4495 3558 4561 etiam,
3589 4511 3727 4568 qua:

2145 4588 2206 4645 in
2237 4587 2551 4645 communi
2574 4587 2710 4643 vitae
2739 4585 3174 4655 consuetudine
3199 4589 3345 4642 nota
3373 4589 3533 4643 sunt.

2071 4683 2138 4735 27
2181 4678 2353 4746 Quod
2373 4694 2484 4751 pro
2505 4677 2728 4732 viribus
2749 4675 3100 4732 enitendum
3121 4673 3302 4731 nobis
3323 4679 3432 4744 est,
3456 4679 3522 4731 ut
3539 4691 3727 4748 quam

2143 4767 2430 4825 simillimi
2463 4770 2580 4824 Deo
2607 4771 2665 4823 et
2695 4765 2924 4823 sanctis
2949 4765 3080 4837 ejus
3111 4764 3326 4822 simus.

2073 4861 2140 4915 28
2179 4858 2350 4922 Quod
2383 4857 2763 4930 perspicaces
2809 4872 2942 4912 esse
2985 4856 3280 4914 debemus
3311 4859 3366 4913 et
3391 4854 3634 4912 discreti
3660 4854 3725 4914 in

2142 4946 2428 5005 habendo
2458 4947 2759 5003 bonorum
2785 4949 2842 5003 et
2873 4945 3173 5003 malorum
3198 4944 3452 5002 delectu.

2070 5041 2140 5094 29
2178 5039 2309 5104 Qua
2359 5036 2590 5094 ratione
2635 5036 2870 5094 efﬁcere
2907 5036 3235 5109 possimus,
3267 5039 3333 5092 ut
3365 5032 3729 5109 professioni

2143 5131 2362 5185 nostrae
2394 5127 2814 5185 auctoritatem
2841 5143 3289 5202 comparemus.

2074 5311 2206 5366 Mox
2231 5307 2620 5382 idemhcodex
2650 5303 2744 5382 διὰ
2781 5311 2930 5382 τίνων
2962 5307 3246 5362 οἰκειοῦται
3285 5316 3421 5382 Θεῷ.
3469 5311 3594 5366 Vox
3635 5309 3730 5367 ul-

2073 5381 2220 5437 tima
2247 5382 2308 5438 in
2339 5380 2513 5437 editis
2539 5379 3024 5437 desiderabatur.

2147 5456 2262 5523 (lii)
2295 5455 2435 5522 Reg.
2470 5452 2792 5525 secundus
2838 5457 2894 5507 et
2944 5455 3200 5525 utraque
3243 5451 3423 5508 editio

2074 5529 2386 5599 μαρτυρίας.
2420 5523 2535 5599 Alii
2557 5523 2681 5579 duo
2711 5539 2856 5589 mss,
2889 5523 3169 5599 rai;....:._._
3193 5525 3731 5599 μαρτυρίαις.Ρᾳ1110

2074 5575 2213 5672 'po‘si
2238 5575 2385 5672 Reg:
2408 5575 2770 5672 caiisa;
2785 5575 2905 5667 ..δέ
2925 5575 3091 5667 eo}...
3106 5575 3289 5667 mea;
3305 5575 3439 5670 ea
3452 5575 3569 5667 οδες
3587 5575 3730 5654 age:

2073 5667 2168 5728 rat
2185 5669 2247 5727 in
2271 5667 2551 5740 vulgatis.
