4110 6438
339 343 442 398 695

337 468 408 522 30
446 466 527 521 De
550 462 780 521 honore
806 462 1097 521 habendo
1124 464 1306 520 rebus
1337 462 1702 520 consecratis
1742 463 1882 517 Deo.

336 559 400 612 3t
445 558 525 611 De
555 572 676 611 usu
703 571 906 612 rerum
935 571 1073 628 quae
1107 555 1330 612 sanctis
1356 559 1495 610 sunt
1526 551 1845 610 attributae.

337 648 405 701 32
446 645 525 701 De
557 644 772 701 debitis
799 649 856 701 et
882 644 1418 717 persolutionibus.

339 739 405 795 33
449 739 527 791 De
552 735 622 792 iis
643 737 750 808 qui
794 735 947 793 alios
999 734 1431 802 scandalizent,
1480 734 1572 791 vel
1613 731 1855 790 aliunde
1879 730 2000 806 ipsi

412 825 925 882 scandalizantur.

341 918 409 972 34
440 915 613 981 Quod
647 915 868 971 debeat
896 915 1319 988 unusquisque
1349 929 1459 988 pro
1490 913 1742 969 modulo
1776 911 1999 968 virium

416 1021 667 1061 suarum
718 1008 1034 1078 exemplar
1081 1020 1143 1061 se
1187 1004 1266 1062 ad
1312 1019 1406 1061 res
1455 1003 1742 1060 honestas
1773 1001 2001 1058 czeteris

410 1094 706 1169 praebere.

344 1191 412 1244 35
454 1187 533 1241 De
560 1187 631 1241 iis
659 1185 763 1259 qui
792 1201 886 1242 res
914 1185 1202 1242 honestas
1233 1201 1303 1242 ac
1333 1185 1530 1241 bonas
1559 1183 1926 1255 vituperant.

347 1280 415 1332 36
454 1275 534 1332 De
554 1276 782 1331 honore
813 1281 868 1332 et
893 1276 1078 1332 animi
1113 1274 1521 1348 propensione
1559 1289 1705 1343 erga
1733 1277 1998 1327 sanctos.

348 1369 415 1422 37
449 1366 529 1422 lle
558 1366 628 1421 iis
659 1365 764 1437 qui
787 1366 848 1421 in
879 1365 1063 1420 rebus
1093 1364 1340 1420 minutis
1381 1362 1652 1420 studium
1687 1378 1865 1417 suum
1896 1357 2003 1416 ad-

419 1455 630 1511 hibent
655 1471 765 1528 pro
794 1455 1078 1511 facultate
1109 1471 1244 1511 sua.

351 1550 418 1602 38
462 1544 778 1610 Quomodo
791 1543 1554 1617 acoipienditractandique
1571 1544 1688 1599 sint
1706 1541 1884 1613 hospi
1894 1545 2003 1607 tes,

352 1639 420 1692 39
461 1638 540 1691 De
562 1635 844 1691 ﬁrmitate
862 1638 918 1690 et
933 1633 1278 1690 constantia
1299 1633 1488 1691 animi
1511 1634 1571 1688 in
1591 1631 1898 1688 scandalis
1919 1645 2007 1686 re-

423 1724 690 1780 ﬁnenda.

349 1818 422 1870 ιο
457 1815 540 1870 De
570 1814 638 1869 iis
669 1814 774 1887 qui
801 1813 970 1871 aliter
994 1815 1232 1871 docent.

353 1907 417 1961 41
463 1904 634 1971 Quod
658 1903 854 1961 excidi
874 1904 1116 1971 debent,
1140 1904 1243 1976 qui
1270 1907 1548 1960 auctores
1575 1902 2008 1958 scandalorum

428 1999 591 2064 sunt,
623 1999 681 2050 et
736 1993 904 2066 quod
945 2010 1082 2049 cum
1121 1993 1559 2050 inﬁrmioribus
1598 1996 1926 2066 temperate
1955 1996 2012 2048 et

423 2085 810 2156 indulgenter
837 2088 926 2141 est
951 2083 1282 2154 agendum.
1894 2084 1895 2087 “

252 2162 260 2167 ’
354 2179 424 2232 42
462 2179 544 2232 De
585 2191 654 2232 eo
693 2174 862 2248 quod
906 2174 1198 2230 Dominus
1237 2173 1464 2229 venerit
1508 2171 1587 2229 ad
1629 2172 2011 2245 implendam

423 2265 642 2336 legem.

351 2359 421 2414 43
466 2356 642 2428 232
663 2356 742 2410 De
763 2353 1267 2410 differentiainter
1285 2352 1579 2410 mandata
1597 2351 1749 2422 legis
1765 2357 1824 2408 et
1842 2367 2013 2409 man-

426 2447 569 2504 data
588 2444 912 2516 Evangelii.

354 2540 422 2594 44
463 2536 636 2602 Quod
665 2551 822 2592 onus
850 2534 1086 2591 Domini
1115 2534 1244 2591 leve
1276 2535 1370 2603 sit,
1411 2537 1468 2590 et
1496 2533 1661 2608 quod
1691 2538 2010 2608 peccatum

425 2641 628 2697 grave.

351 2719 421 2773 45
463 2718 543 2772 De
578 2714 920 2788 aequalitate
967 2715 1028 2770 in
1073 2716 1411 2771 honoribus
1458 2714 1781 2782 servanda,
1833 2718 1890 2770 et
1936 2713 2011 2770 de

425 2804 861 2860 summissione
887 2804 1094 2871 animi,
1130 2805 1256 2860 sive
1286 2805 1644 2862 humilitate.
1742 2871 1752 2877 η

353 2897 421 2952 46
463 2897 541 2952 De
561 2893 757 2953 studio
777 2897 934 2952 recte
957 2893 1254 2953 factorum
1280 2895 1586 2966 majorum
1607 2898 1664 2951 et
1681 2894 2006 2950 minorum.

347 3082 415 3137 47
460 3083 537 3136 De
564 3079 786 3136 divitiis
814 3083 870 3135 et
906 3083 1284 3151 paupertate,
1308 3082 1362 3134 et
1384 3078 1459 3134 de
1489 3077 1562 3134 iis
1593 3093 1730 3150 quae
1760 3076 1856 3132 his
1879 3091 2010 3132 esse

419 3169 613 3226 solent
641 3169 931 3242 adjuncta
958 3174 1015 3226 et
1037 3173 1515 3241 consequuntur.

347 3265 414 3318 48
457 3265 536 3317 De
580 3261 980 3317 beneﬁcentia
1009 3261 1071 3316 in
1101 3261 1345 3330 fratres,
1374 3263 1433 3315 et
1473 3258 1640 3332 quod
1687 3262 2011 3331 propterea

419 3368 576 3424 opus
599 3350 948 3407 faciendum
970 3351 1066 3406 sit.

345 3444 417 3497 49
461 3443 540 3496 De
564 3441 654 3512 iis,
688 3440 880 3513 quiin
922 3440 1153 3513 judicio
1200 3439 1614 3512 experiuntur,
1665 3455 1736 3497 ac
1775 3439 2012 3511 litigant

421 3535 478 3586 et
511 3529 746 3603 seipsos
775 3529 1126 3601 defendunt,
1159 3529 1255 3586 vel
1278 3529 1464 3586 etiam
1497 3528 1671 3587 alios.

351 3622 418 3676 50
458 3623 538 3676 De
565 3635 715 3692 pace
741 3623 798 3675 et
827 3619 1269 3693 paciﬁcatione.

351 3715 411 3766 51
458 3709 810 3780 Cujusmodi
827 3725 958 3765 esse
975 3709 1195 3766 debeat
1208 3709 1281 3780 is,
1300 3709 1405 3783 qui
1421 3709 1769 3782 proximum
1785 3709 2012 3765 nitatur

421 3801 740 3870 corrigere.

348 3894 415 3946 52
455 3891 535 3946 De
556 3905 814 3946 maerore
843 3889 1236 3963 suscipiendo
1266 3906 1473 3947 eorum
1504 3907 1711 3958 causa,
1745 3890 1848 3964 qui
1868 3905 2009 3964 pec-

417 3984 578 4048 cant,
627 3980 1016 4054 quomodove
1065 3998 1207 4038 cum
1265 3981 1383 4038 illis
1445 3981 2005 4053 congrediendum:

417 4069 668 4143 quando
697 4069 1066 4141 defugiendi,
1099 4071 1471 4146 quandoque
1497 4073 1638 4129 item
1665 4072 1726 4127 in
1753 4086 2010 4136 consor-

418 4160 572 4216 tium
595 4175 735 4216 cum
765 4161 993 4216 caeteris
1023 4160 1375 4235 recipiendi.

349 4254 415 4308 53
457 4250 633 4316 Quod
672 4250 747 4308 sit
775 4267 987 4308 eorum
1007 4252 1324 4324 judicium,
1351 4253 1456 4326 qui
1485 4252 1843 4324 injuriarum
1881 4270 2006 4310 me-

421 4339 680 4396 moriam
702 4339 980 4408 retinent,
1003 4357 1139 4413 quae
1163 4341 1279 4398 sibi
1301 4341 1485 4398 fuisse
1511 4340 1790 4398 videntur
1809 4341 2006 4400 illatae.
2044 4348 2087 4402 D

351 4431 420 4486 54
461 4431 542 4486 De
553 4429 802 4500 judicio,
817 4434 874 4486 et
879 4433 902 4502 j
912 4431 1092 4487 udicii
1111 4432 1507 4504 suspensione
1521 4430 2006 4490 veldiscretione.

316 4536 322 4552 ·
351 4523 418 4574 55
458 4520 539 4575 De
569 4518 886 4576 affectione
918 4520 1104 4577 animi
1147 4537 1291 4591 erga
1334 4520 1544 4588 Deum,
1573 4522 2009 4596 quomodoque

422 4609 554 4680 ejus
602 4608 900 4667 beneﬁcia
946 4611 1282 4683 praedicare
1321 4611 1636 4679 debemus,
1687 4616 1745 4668 et
1789 4627 1901 4684 pro
1938 4614 2010 4669 iis

423 4699 646 4769 gratias
665 4715 864 4772 agere.

351 4794 419 4846 56
459 4793 540 4846 De
565 4791 859 4862 oratione,
891 4795 949 4848 et
978 4791 1254 4865 quando,
1288 4796 1348 4850 et
1365 4791 1538 4866 quid,
1565 4796 1623 4849 et
1643 4793 1983 4867 quomodo,

421 4884 480 4936 et
507 4896 620 4953 pro
644 4881 866 4954 quibus
895 4883 1198 4939 orandum
1227 4883 1319 4940 sit.

354 4975 418 5026 5‘.’
460 4971 539 5027 De
561 4971 818 5028 elatione
843 4973 1054 5041 animi,
1081 4990 1218 5046 quze
1239 4990 1310 5030 ex
1336 4979 1495 5030 recte
1515 4973 1690 5030 factis
1711 4975 2003 5031 nascitur.

354 5062 420 5116 58
460 5063 539 5116 De
586 5063 981 5136 acquisitione
1012 5062 1314 5120 donorum
1347 5065 1469 5133 Dei,
1499 5069 1555 5120 et
1584 5063 1655 5119 de
1683 5079 1895 5120 eorum
1943 5065 2007 5120 in

421 5149 572 5207 alios
602 5152 1176 5210 communicatione.

351 5242 418 5296 59
460 5242 538 5296 De
565 5241 796 5298 honore
825 5246 883 5298 et
904 5242 1096 5312 gloria
1118 5243 1425 5300 humanis.

350 5331 420 5385 60
455 5332 536 5386 De
548 5329 884 5389 differentia
895 5333 1197 5390 donorum
1210 5333 1577 5401 divinorum,
1591 5334 1787 5410 deque
1799 5350 2009 5393 eorum

419 5509 533 5580 (45)
565 5511 828 5583 Utraque
881 5511 1063 5569 editio
1109 5519 1228 5587 περὶ
1280 5523 1375 5578 τῆς
1423 5514 1472 5568 ἐν
1525 5522 1630 5576 τοῖς
1687 5512 2002 5580 σκανδάλοις

419 5579 712 5638 ερῥότητος.
754 5585 895 5638 Rea.
929 5586 1135 5638 tertius
1159 5591 1277 5638 περὶ
1306 5597 1400 5638 τῆς
1431 5587 1478 5638 ἐν
1509 5595 1617 5638 reic
1647 5588 1824 5638 καλοῖς
1856 5589 1996 5638 στιό.

349 5587 712 5647 στερρότητος.
754 5587 895 5647 Reg.
929 5587 1135 5642 tertius
1159 5591 1277 5647 περὶ
1306 5597 1400 5647 τῆς
1431 5587 1478 5640 ἐν
1509 5595 1617 5647 τοῖς
1647 5588 1824 5647 καλοῖς
1856 5589 1996 5647 στερ.

417 5590 712 5656 ερρότητος.
754 5590 895 5666 Heg.
929 5590 1135 5642 tertius
1159 5591 1277 5659 περὶ
1306 5597 1400 5652 τῆς
1431 5590 1478 5640 ἐν
1509 5595 1617 5651 τοῖς
1647 5590 1824 5652 καλοῖς
1856 5590 1974 5664 στερ

416 5655 532 5726 (46)
554 5656 695 5726 Reg.
729 5657 942 5714 tertius
974 5655 1333 5732 ἐντυγχάνειν.

1725 335 1780 393 S.
1834 333 2085 392 BASIL"
2121 332 2342 395 MAGNI

3608 338 3715 395 696

2023 460 2078 519 Α
2106 459 2146 512 λ’
2178 466 2303 536 Περὶ
2331 469 2493 536 τιμῆς
2521 461 2872 536 ἀναθημάτων
2894 468 3048 517 Θεοῦ.

2104 548 2182 602 λα’
2212 556 2336 626 Περὶ
2366 557 2610 627 χρήσεως
2637 561 2739 604 τῶν
2777 559 2886 614 τοῖς
2917 551 3076 624 ἁγίοις
3107 550 3496 629 ἀφωρισμένων.

2107 638 2188 712 λβ
2222 645 2347 716 Περὶ
2376 650 2548 718 χρεῶν
2569 647 2658 695 καὶ
2686 639 3008 698 ἁποδόσεων.

2107 729 2184 802 λγ⁷
2211 736 2337 806 Περὶ
2366 729 2820 793 σκανδαλιζόντων
2851 737 2941 784 καὶ
2970 728 3476 806 σκανδαλιζομῄιων.

2108 907 2188 964 λὸν
2229 915 2353 986 Περὶ
2385 920 2474 964 τοῦ
2507 909 2615 964 δεῖν
2645 914 2862 966 ἕκαστον
2889 911 2936 965 ἓν
2962 921 3035 985 τῷ
3071 909 3127 968 ἰδ
3133 919 3192 986 ίῳ
3223 917 3394 988 μέτρῳ
3423 915 3584 969 τύπον
3612 925 3712 971 τῶν

2178 1001 2347 1054 καλῶν
2378 1004 2692 1078 προκεῖσθαι
2720 1010 2825 1064 τοῖς
2849 1002 3043 1065 ἄλλοις.

2109 1184 2175 1238 λε’
2204 1189 2329 1260 Περὶ
2349 1195 2449 1239 τῶν
2487 1189 2553 1238 τὰ
2581 1185 2716 1238 καλὰ
2745 1186 3114 1260 φαυλιζὸντων.

2109 1273 2179 1337 λς’
2210 1281 2334 1349 Περὶ
2358 1285 2449 1337 τῆς
2476 1276 2542 1337 εἰς
2565 1280 2682 1337 τοὺς
2713 1277 2892 1349 ἁγίους
2911 1284 3070 1350 τιμῆς
3092 1279 3183 1329 καὶ
3215 1273 3514 1338 διαθέσεως·

2112 1365 2189 1426 λζ’
2217 1372 2342 1440 Περὶ
2369 1373 2467 1418 τῶν
2496 1366 2648 1439 ὀλίγα
2671 1370 2806 1420 κατὰ
2846 1365 3070 1439 δύναμιν
3101 1368 3557 1441 προθυμουμένων.

2113 1544 2190 1602 λη’
2211 1543 2391 1608 Ὀπως
2417 1551 2528 1620 χρὴ
2561 1542 2885 1609 δεξιοῦσθαι.

2114 1635 2189 1689 λθ
2221 1642 2344 1712 Περί
2374 1645 2468 1700 τῆς
2501 1635 2547 1689 ἐν
2577 1645 2682 1699 τοῖς
2717 1635 3027 1715 σκανδάλοις
3059 1637 3390 1714 στερρότητος
3421 1639 3559 1710 (45).
3647 1657 3650 1660 ’

2037 1825 2079 1881 Β
2117 1816 2168 1892 μ’
2198 1821 2323 1892 Περὶ
2343 1813 2970 1893 ἕτεροδιδασκαλούντων.

2119 1908 2203 1982 μα’
2235 1913 2361 1982 Περὶ
2389 1908 2618 1971 ἐκκοπῆς
2645 1917 2744 1962 τῶν
2778 1907 3252 1979 σκανδαλιζόντων,
3285 1931 3376 1964 και
3396 1909 3602 1985 φειδοῦς
3623 1920 3722 1965 τῶν

2192 1997 2592 2074 ἀσθενεστέρων.
3417 2019 3421 2024 '

2123 2177 2216 2252 μβ
2237 2183 2362 2253 Περὶ
2389 2185 2478 2231 τοῦ
2503 2183 2588 2231 τόν
2616 2181 2805 2255 Κύριον
2833 2178 2915 2232 ἐπὶ
2935 2187 3006 2251 τῷ
3027 2179 3306 2255 πληρῶσαι
3325 2184 3413 2236 τὸν
3437 2185 3591 2256 νόμον
3614 2182 3727 2242 ἐλη-

2195 2267 2398 2320 λυθέναι

2122 2355 2208 2428 μγ¹
2240 2359 2364 2430 Περὶ
2398 2353 2653 2430 διαφορᾶς
2684 2355 2893 2410 ἐντολῶν
2925 2363 3015 2410 τοῦ
3040 2361 3199 2431 νόμου
3231 2364 3320 2412 καὶ
3359 2367 3451 2412 τοῦ
3500 2359 3727 2434 13:50:77:-

2193 2446 2323 2502 λίου.

2121 2533 2210 2610 μδ’
2238 2535 2361 2589 Ὀτι
2391 2535 2606 2610 ἐλαφρὸν
2638 2539 2694 2590 τό
2726 2544 2817 2590 τοῦ
2852 2541 3047 2612 Κυρίου
3075 2541 3302 2613 φορτίον,
3339 2536 3530 2612 βαρεῖα
3577 2536 3636 2594 δὲ
3692 2543 3723 2600 ἡ

2193 2626 2446 2700 ἁμαρτία.

2121 2716 2195 2790 με’
2227 2723 2353 2792 Περὶ
2382 2717 2647 2791 ἰσοτιμίας
2674 2721 2764 2769 καὶ
2795 2718 3286 2792 ταπεινοφροσύνης.

2120 2898 2193 2973 μς’
2223 2903 2349 2972 Περὶ
2383 2893 2618 2958 σπουδῆς
2643 2897 3060 2972 κατορθωμάτων
3084 2897 3334 2970 μειζόνων
3365 2897 3395 2956 ἦ
3429 2896 3721 2955 ἐλαττόνων.

2120 3079 2206 3154 μζ
2238 3086 2362 3154 Περὶ
2390 3079 2616 3133 πλούτου
2646 3082 2736 3132 καὶ
2767 3081 3058 3151 πτωχείας,
3099 3081 3190 3130 καὶ
3215 3085 3316 3131 τῶν
3339 3081 3537 3141 τούτοις
3557 3101 3722 3158 παρε-

2193 3175 2445 3244 πομένων.

2120 3261 2206 3335 μη’
2239 3266 2363 3336 Περὶ
2392 3269 2488 3322 τῆς
2514 3261 2585 3324 εἰς
2615 3263 2737 3321 τοὺς
2767 3256 3015 3332 ἀδελφοὺς
3046 3258 3299 3331 εὐποιίας,
3340 3263 3427 3313 καὶ
3483 3269 3580 3323 τῆς
3628 3259 3722 3316 διὰ

2191 3355 2385 3410 ταύτην
2419 3349 2687 3425 ἐργασίας.

2119 3442 2203 3517 μθ’
2235 3447 2362 3518 Περὶ
2393 3439 2740 3516 δικαζομένου
2789 3445 2878 3494 καὶ
2927 3437 3256 3504 ἐκδικοῦντος
3308 3441 3511 3515 ἑαυτὸν,
3555 3443 3585 3502 ἦ
3635 3448 3725 3496 καὶ

2192 3536 2378 3607 ἕτερον.

2117 3621 2157 3674 ν’
2187 3628 2311 3697 Περὶ
2342 3623 2544 3696 εἰρήνης
2578 3627 2668 3674 καὶ
2699 3621 3067 3697 εἰρηνοποιίας.

2118 3713 2192 3764 να⁷
2223 3716 2459 3775 Ποταπός
2492 3711 2679 3785 ὀφείλει
2723 3710 2852 3764 εἶναι
2895 3713 2921 3765 ό
2968 3715 3056 3765 τόν
3102 3713 3326 3771 πλησίον
3375 3709 3723 3790 διορθοῦσθαι

2188 3807 2520 3875 πειρώμενος.

2117 3890 2196 3966 νβ’
2237 3897 2364 3966 Περὶ
2393 3900 2484 3952 τῆς
2509 3889 2593 3943 ἐπὶ
2622 3897 2727 3952 τοῖς
2765 3891 3127 3968 ἁμαρτάνουσι
3154 3893 3337 3961 λύπης,
3362 3898 3449 3946 καὶ
3477 3896 3614 3956 ὅπως
3634 3895 3723 3948 αύ-

2188 3989 2297 4044 τοίς
2326 3984 2706 4053 συντυγχάνειν
2739 3983 2854 4052 (46)
2882 3987 2992 4056 χρή
3021 4024 3034 4039 .
3067 3987 3157 4036 καὶ
3186 3987 3310 4037 πότε
3353 3983 3540 4048 αὐτοὺς
3597 3983 3722 4038 ἀπο-

2193 4073 2527 4146 στρέφεσθαι,
2556 4072 2584 4130 ἣ
2611 4075 2736 4124 πότε
2767 4069 3191 4148 προσδέχεσθαι.

2117 4251 2191 4324 νγ’
2215 4255 2279 4305 Τί
2308 4255 2365 4304 τὸ
2395 4257 2561 4326 χρῖμα
2589 4256 2687 4303 τῶν
2713 4248 2786 4324 ἐφ’
2814 4249 2887 4313 οἷς
2917 4247 3099 4315 ἔδοξαν
3132 4248 3436 4307 ἀδικεῖσθαι
3460 4254 3577 4327 (47)
3593 4273 3721 4329 μνη-

2192 4361 2564 4396 σικακουντων.

2118 4433 2194 4489 νδ’
2226 4441 2352 4512 Περὶ
2380 4444 2471 4489 τοῦ
2497 4441 2705 4512 κρίνειν,
2731 4441 2822 4490 καὶ
2846 4440 2964 4510 περὶ
2996 4443 3086 4490 τοῦ
3118 4433 3504 4513 διακρίνεσθαι.

2117 4525 2179 4579 νε’
2211 4531 2336 4600 Περὶ
2369 4523 2647 4588 διαθέσεως
2674 4532 2763 4579 καὶ
2793 4525 3075 4600 ὁμολογίας
3101 4534 3202 4578 τῶν
3241 4535 3332 4579 τοῦ
3382 4535 3516 4580 Θεοῦ
3563 4548 3722 4606 χαρι-

2195 4618 2420 4690 σμάτων,
2453 4621 2545 4669 καὶ
2574 4624 2669 4680 τῆς
2701 4615 2779 4670 ἐπ’
2804 4616 2983 4679 αὐτοῖς
3012 4617 3375 4693 εὐχαριστίας.

2118 4797 2184 4860 νς’
2216 4802 2339 4870 Περὶ
2364 4804 2692 4872 προσευχῆς,
2721 4801 2811 4849 καὶ
2840 4802 2984 4864 πότε,
3017 4802 3106 4850 καὶ
3127 4801 3198 4866 τί,
3223 4801 3456 4865 καὶπῶς,
3481 4803 3571 4852 καὶ
3591 4800 3717 4874 ὑπερ

2188 4893 2324 4950 τίνος
2354 4889 2750 4964 προσεύχεσθαι
2781 4883 2882 4942 δεῖ.

2113 4977 2190 5038 νζ¹
2218 4981 2343 5050 Περὶ
2373 4984 2466 5040 τῆς
2497 4975 2580 5029 ἐπὶ
2609 4983 2718 5038 τοῖς
2747 4979 3148 5051 κατορθώμασιν
3181 4977 3465 5054 ἐπάρσεως.

2114 5066 2189 5126 νη’
2217 5070 2338 5141 Περὶ
2362 5072 2593 5130 κτήσεως
2621 5070 2973 5144 χαρισμάτων
3001 5075 3154 5134 Θεοῦ,
3197 5075 3286 5124 καὶ
3324 5066 3678 5145 μεταδόσεως.

2115 5246 2193 5300 νϐ’
2216 5252 2340 5321 Περὶ
2369 5255 2528 5320 τιμῆς
2557 5253 2646 5301 καὶ
2675 5245 2831 5310 δόξης
2862 5246 3156 5322 ἀνθρωπίνη
3170 5271 3209 5312 ς,

2119 5336 2157 5401 ξ
2206 5342 2327 5412 Περὶ
2375 5334 2631 5415 διαφορᾶς
2688 5341 3036 5414 χαρισμάτων
3089 5347 3274 5422 ,Θεοῦ,
3356 5344 3446 5394 καὶ
3507 5361 3717 5416 συμφω-

2182 5518 2296 5604 (417)
2329 5521 2486 5604 Βος.
2799 5515 2982 5604 ἔδοξαν
3030 5517 3348 5604 ᾑδικῆισθαρ.
3393 5521 3716 5604 Aliquanto

2110 5596 2252 5663 post
2281 5595 2538 5678 utraque
2555 5589 2737 5678 editio
2775 5596 2864 5644 καὶ
2893 5599 2984 5645 τοῦ
3019 5589 3402 5670 διακρίνεσθαι.
3440 5589 3554 5652 Alii
3591 5594 3717 5652 duo

2108 5677 2260 5724 mss.
2299 5681 2388 5716 και
2417 5677 2535 5736 περι
2563 5677 2678 5718 του.
