4110 6376
267 366 371 421 697

336 493 442 550 νίας
494 494 592 542 τῶν
641 485 692 541 έν
747 488 949 548 τούτοις
1003 487 1381 563 ὑπερεχόντων,
1436 487 1466 546 ἢ
1535 483 1861 542 ύπόϐεϐηκὸ-
1891 481 1942 537 Α

334 599 451 634 των.

268 668 341 732 Eoi
372 673 497 744 Περὶ
532 677 621 729 τῆς
658 670 723 729 ὡς
771 667 818 720 έν
852 667 1142 743 ἀνθρώποις
1169 669 1284 739 (48)
1325 667 1572 730 εὐτελείας
1607 673 1710 720 τῶν
1730 666 1864 718 ὐπο-

341 757 637 832 δεχομένων
674 762 769 817 τὴν
796 765 886 811 τοῦ
911 766 1046 811 Θεοῦ
1075 760 1257 834 χάριν.

391 854 515 925 Περὶ
559 858 880 924 πειρασμῶν,
926 853 1016 902 καὶ
1041 854 1163 902 πότε
1202 852 1291 922 μὲν
1348 849 1720 923 ὑπαναχωρεῖν
1761 843 1863 914 δεῖ,

340 946 464 994 πότε
497 937 556 994 δὲ
595 939 921 1009 ἐνίστασθαι,
961 945 1052 993 καὶ
1098 949 1204 1002 πῶς
1257 947 1360 1002 τοῖς
1404 940 1654 1003 ἐναντίοις
1711 937 1868 991 ἀπαν-

341 1035 453 1102 τᾷν.

271 1120 346 1193 ξγ’
376 1125 500 1194 Περὶ
533 1117 730 1182 δειλίας
753 1123 838 1172 καὶ
874 1121 1103 1194 θάρσους
1141 1119 1189 1173 ἐν
1220 1128 1336 1183 ταῖς
1365 1121 1729 1194 περιστάσεσι.

271 1207 350 1278 ξδ’
376 1214 500 1284 Περὶ
524 1216 700 1286 χαρᾶς
722 1217 818 1272 τῆς
857 1209 906 1263 ἓν
937 1218 1046 1273 τοῖς
1073 1212 1199 1286 ὑπὲρ
1227 1217 1459 1284 Χριστοῦ
1487 1211 1818 1284 παθήμασιν.

267 1390 329 1456 ξε’
352 1389 527 1454 Ὀπως
561 1386 646 1443 δεῖ
672 1393 762 1442 καὶ
793 1388 841 1444 έν
871 1389 1012 1461 αύτῷ
1043 1398 1114 1462 τῷ
1145 1389 1276 1445 τεἏει
1303 1393 1722 1464 προσεύχεσθαι.

266 1570 344 1635 ξς·’
394 1575 520 1644 Περὶ
576 1578 677 1623 τῶν
729 1569 1280 1643 ἐγκαταλιμπανὸντων
1335 1573 1456 1632 τοὺς
1531 1569 1656 1647 ὑπὲρ
1726 1570 1866 1624 edas-

336 1659 473 1722 ϐείας
503 1661 618 1728 (49)
649 1657 1080 1732 ἀγωνιζομένους,
1107 1664 1197 1712 καὶ
1222 1665 1339 1734 περὶ
1359 1668 1459 1713 τῶν
1483 1663 1684 1722 τούτοις
1713 1681 1866 1714 συνα-

333 1749 711 1822 γωνιζομένων.

267 1839 338 1906 ξζ¹
370 1843 495 1918 Περὶ
520 1847 619 1894 τῶν
651 1837 733 1894 ἐπὶ
770 1845 876 1900 τοῖς
899 1837 1294 1898 ἀποθνήσκουσι
1331 1839 1682 1916 λυπουμένων.

266 2023 343 2088 ξη’
382 2025 509 2099 Περὶ
539 2018 792 2097 διαφορᾶς
822 2030 913 2075 τοῦ
951 2027 1201 2100 παρόντος
1241 2023 1422 2086 αἰῶνος
1469 2027 1560 2076 καὶ
1599 2031 1690 2076 τοῦ
1738 2024 1864 2098 μέλ-

333 2111 524 2174 λον-τος.

264 2200 337 2265 ξθ’
365 2206 494 2277 Περὶ
514 2209 614 2254 τῶν
640 2202 769 2275 ὁμοῦ
813 2205 904 2254 καὶ
952 2204 1088 2255 κατά
1143 2203 1420 2275 συνάφειαν
1471 2202 1863 2278 ἀπαγορευομέ-

329 2313 426 2344 νων
450 2294 559 2364 (50)
590 2295 689 2344 ὑπὸ
721 2301 812 2352 τῆς
845 2298 1072 2366 Γραφῆς,
1103 2293 1132 2352 ἢ
1168 2291 1556 2366 ἐγκρινομένων.

261 2380 299 2434 ο’
339 2387 463 2457 Περὶ
498 2389 599 2434 τῶν
652 2385 710 2434 τὸ
760 2388 1009 2455 κήρυγμα
1055 2390 1146 2434 τοῦ
1192 2383 1516 2454 Εύαγγε).ίου
1569 2382 1864 2459 ἐγχειριζο-

331 2477 510 2546 μένων,
571 2475 661 2524 καὶ
708 2475 850 2538 ποτε,
901 2477 990 2523 καὶ
1037 2477 1197 2542 τίνας,
1247 2476 1337 2524 καὶ
1366 2478 1417 2525 τί
1445 2470 1744 2539 διδάσκειν,
1772 2480 1862 2527 καὶ

327 2570 436 2625 πῶς
487 2561 700 2623 ἑαυτοὺς
749 2563 1140 2636 προκατορθοῦν
1200 2566 1321 2624 τοὺς
1377 2566 1645 2625 τοιούτους
1705 2569 1856 2639 χρή·

327 2655 418 2703 καὶ
465 2653 602 2712 ὅπως
641 2651 690 2703 ἐν
739 2659 810 2721 τῷ
859 2654 1162 2727 κηρύγματι
1217 2651 1700 2727 παρρησιάζεσθαι,
1769 2658 1859 2706 καὶ

272 2753 274 2756 ’
328 2750 437 2804 πῶς
503 2740 856 2814 ἐπιμελεῖσθαι
913 2749 1013 2793 τῶν
1074 2746 1510 2816 πεπιστευμένων,
1579 2749 1666 2796 καὶ
1734 2747 1861 2816 ποία

330 2828 584 2897 διαθέσει,
633 2835 725 2883 καὶ
767 2835 884 2906 περὶ
929 2837 1056 2884 ποῖα
1105 2840 1206 2885 τῶν
1257 2829 1679 2908 σπονδασμάτων
1735 2853 1860 2908 προ-

333 2924 628 2991 ηγουμένως
682 2922 1057 2993 καταγίνεσθαι
1114 2926 1228 2990 (51)
1259 2944 1272 2956 ⁶

333 3012 496 3084 ρεύειν
550 3007 650 3061 ἀπὸ
705 3018 804 3062 τῶν
861 3013 926 3071 ὡς
979 3011 1064 3064 ἐπὶ
1111 3015 1170 3063 τὸ
1218 3011 1456 3065 πλεῖστον
1496 3017 1858 3088 παρεπομένων

1357 2928 1448 2976 καὶ
1504 2925 1641 2986 ὅπως
1688 2927 1858 2976 καθα-

333 3098 718 3172 έλαττωμάτων,
789 3105 880 3153 καὶ
938 3100 1022 3153 ἐπὶ
1089 3109 1234 3154 ποῖον
1300 3104 1443 3173 ἄγειν
1505 3107 1689 3177 μέτρον
1742 3108 1860 3164 τούς

331 3185 765 3263 διδασκομένους,
808 3195 898 3244 καὶ
943 3200 1050 3252 πῶς
1097 3191 1293 3264 ἐνάγειν
1339 3196 1462 3255 τοὺς
1511 3189 1859 3247 ἀντιδιατιθε-
1888 3210 1928 3265 α

327 3283 526 3352 μένους,
594 3283 684 3330 καὶ
743 3283 861 3331 τίνα
907 3285 1095 3355 τρόπον
1156 3285 1306 3334 εἴκειν
1365 3286 1487 3344 τοὺς
1545 3279 1639 3334 διὰ
1705 3282 1858 3355 φόϐον

323 3372 772 3441 παραιτουμένους
826 3371 958 3438 (52),
1038 3375 1126 3422 καὶ
1199 3380 1311 3433 πῶς
1383 3371 1674 3446 ἀναχωρεῖν
1757 3381 1856 3424 τῶν

324 3451 399 3507 δι’
427 3453 799 3528 ἀγνωμοσύνην
830 3461 903 3530 μὴ
943 3455 1382 3532 καταδεχομένων
1408 3479 1420 3494 ο
1481 3465 1570 3512 καὶ
1617 3469 1726 3521 πῶς
1781 3481 1856 3512 τι-

322 3565 409 3607 νας
456 3554 793 3619 χειροτονεῖν,
855 3548 884 3606 ἡ
945 3547 1250 3601 ἀποϐάλλειν
1281 3551 1396 3620 (53)
1448 3554 1567 3610 τοὺς
1622 3569 1856 3625 κεχειρο-

322 3640 669 3709 τονημένουςο
726 3642 817 3690 καὶ
862 3638 942 3690 ὃτι
982 3642 1091 3714 χρὴ
1122 3648 1222 3691 τῶν
1251 3644 1590 3714 προεστώτων
1637 3641 1854 3693 ἕκαστον

323 3727 607 3778 ὑπεύθυνον
663 3725 845 3779 ἑαυτὸν
900 3729 1145 3800 ἡγεῖσθαι
1197 3730 1330 3799 (54),
1399 3733 1489 3781 καὶ
1540 3737 1646 3790 τοῖς
1697 3749 1854 3783 πεπι-

326 3819 622 3891 στευμένοις
671 3817 813 3889 αὐτῷ
859 3817 932 3882 εἰς
980 3822 1076 3878 τὴν
1118 3823 1236 3893 περὶ
1273 3819 1341 3871 ὧν
1388 3827 1528 3874 ποιεῖ
1580 3823 1670 3873 καὶ
1720 3819 1856 3891 λέγει

324 3905 696 3983 πληροφορίαν.

255 4181 330 4234 οα’
360 4182 487 4256 Περὶ
515 4187 614 4233 τῶν
642 4180 779 4232 κατὰ
809 4182 1087 4252 συνάφειαν
1116 4178 1200 4234 ἐπὶ
1246 4186 1354 4243 τοῖς
1383 4189 1680 4255 προεστῶσι
1729 4178 1765 4234 δ
1770 4201 1856 4235 ια-

323 4275 663 4346 τεταγμένων.

255 4361 539 4436 οβ”Οπως
587 4359 670 4414 δεῖ
715 4364 834 4422 τοὺς
886 4357 1304 4434 διδασκομένους
1377 4359 1665 4435 διακρίνειν
1739 4367 1858 4424 τοὺς

324 4455 704 4526 πνευματικῶς
731 4459 833 4504 τῶν
863 4447 899 4503 δ
905 4447 1204 4503 ιδασκάὶων
1245 4449 1346 4503 ἀπὸ
1397 4459 1498 4504 τῶν
1547 4456 1618 4524 μὴ
1678 4455 1855 4505 τοιού-

324 4561 444 4609 των,
487 4546 574 4594 xui
604 4542 741 4603 ὅπως
779 4543 905 4616 πρὸς
935 4539 1118 4600 αὐτοὺς
1149 4536 1504 4608 διατίθεσθαι,
1552 4541 1579 4598 ἦ
1630 4544 1696 4594 τὰ
1731 4543 1856 4618 παρ’
1890 4571 1933 4625 D

325 4631 496 4685 αὐτῶν
526 4628 804 4704 δέχεσθαι.

251 4721 327 4795 ογ’
365 4727 490 4798 Περὶ
511 4729 611 4774 τῶν
637 4719 686 4774 έν
714 4722 887 4794 γάμῳ.

252 4809 327 4866 ad"
360 4815 486 4888 Περὶ
514 4818 720 4888 χηρῶν.

251 4901 313 4956 οε¹
342 4906 466 4977 Περὶ
498 4897 696 4954 δούλων
725 4905 815 4953 καὶ
845 4897 1134 4956 δεσποτῶν.

251 4991 330 5058 of
369 4994 496 5067 Περὶ
523 4994 709 5043 τέκνων
734 4995 822 5043 καὶ
856 4997 1062 5064 γονέων.

466 5119 607 5194 Beg.
641 5115 851 5194 tertius
877 5121 996 5192 περὶ
1023 5127 1113 5180 τῆς
1137 5118 1193 5194 έν.
1218 5117 1526 5194 ἀνθρώποις.

324 5187 435 5261 (49)
465 5191 606 5259 Reg.
628 5187 871 5263 primus
895 5187 1013 5262 περὶ
1033 5198 1124 5250 τῆς
1143 5187 1427 5253 εὐσεϐείας.
1452 5190 1681 5248 Ibidem
1703 5193 1847 5263 Reg.

249 5260 454 5319 tertius
484 5270 584 5314 τῶν
616 5260 665 5314 ἐν
693 5261 919 5320 τούτοις.

255 5403 267 5414 .
298 5337 434 5414 .(50)
456 5338 597 5414 Reg.
627 5331 834 5414 tertius
863 5333 1156 5414 λσυνάφεεαν
1201 5333 1650 5410 ἀπηγορευμένων.
1712 5335 1850 5392 Mox

251 5399 630 5462 idem'cod'ex
656 5409 746 5457 καὶ
775 5408 828 5457 τί
849 5399 933 5456 δεῖ
971 5399 1270 5462 διδάσκειν.

321 5475 817 5553 (51)Editio_V_/en.
848 5475 912 5553 in
947 5477 1223 5553 margine
1247 5483 1650 5553 προηγουμένως
1679 5499 1848 5553 κατα-

247 5549 626 5626 γινώσκεσθαι,
651 5550 782 5606 Mox
806 5552 1062 5626 utraque
1087 5548 1268 5605 editio
1288 5548 1679 5626 ’παρεπομένων
1709 5551 1850 5604 ἐλατ-

250 5619 523 5744 Ξλτιὲμάτων.
589 5618 734 5690 Reg.
808 5618 1014 5678 tertius
1068 5618 1437 5698 παρεχομένων
1491 5618 1606 5688 ταῖς
1659 5622 1852 5698 ἀρχαῖς

367 5710 418 5744 τ.

246 5710 418 5745 εΑαττ.

1629 357 2000 417 MORALIUM
2046 360 2277 416 INDEX.

3528 358 3635 414 698

2042 483 2197 540 inter
2227 500 2288 541 se
2329 483 2674 557 concordia,
2723 483 2830 558 qui
2867 482 2928 541 in
2970 481 3064 539 his
3107 480 3480 557 praecellunt,
3533 477 3634 536 vel

2051 575 2232 632 etiam
2263 576 2575 636 interiores
2617 581 2776 632 sunt.

1975 670 2036 722 61
2079 669 2157 722 De
2196 668 2433 739 abjecta
2463 667 2805 724 conditione
2830 666 2902 738 (si
2931 669 2996 721 ut
3025 664 3302 722 homines
3324 661 3635 734 respicias)

2045 773 2257 814 eorum
2286 761 2389 832 qui
2422 759 2763 832 suscipiunt
2794 757 3046 828 gratiam
3081 755 3200 812 Dei.

1977 850 2044 903 62
2072 849 2153 904 De
2179 849 2634 914 tentationibus,
2658 853 2714 904 et
2734 847 2984 920 quando
3004 845 3076 902 iis
3102 842 3432 901 concedere
3457 855 3636 914 opor-

2049 942 2187 1000 teat,
2221 943 2278 994 et
2303 946 2554 1012 quando
2582 939 2724 994 item
2756 937 3046 1006 resistere,
3085 931 3474 1008 quomodove
3527 928 3632 986 ad-

2046 1027 2327 1084 versariis
2352 1044 2688 1085 occurrere.

1978 1124 2043 1177 63
2077 1123 2157 1177 Dc
2186 1121 2397 1178 timore
2425 1119 2520 1176 vel
2552 1118 2740 1176 animi
2771 1116 3094 1191 praesentia
3130 1114 3192 1171 in
3223 1109 3520 1187 periculis.

1978 1212 2046 1268 64
2085 1210 2164 1264 De
2189 1210 2412 1278 ltetitia,
2435 1225 2625 1282 quam
2654 1207 2879 1265 habere
2915 1206 3209 1262 debemus
3251 1203 3312 1259 in
3351 1201 3444 1272 iis,
3494 1215 3630 1272 quae

2047 1299 2259 1355 Christi
2291 1315 2479 1356 causa
2509 1296 2901 1354 incommoda
2928 1294 3317 1350 sustinemus.

1975 1394 2041 1447 65
2070 1390 2389 1456 Quomodo
2411 1390 2471 1445 in
2494 1388 2626 1461 ipso
2646 1387 2826 1443 etiam
2849 1390 3117 1442 extremo
3129 1383 3261 1439 vitae
3279 1379 3442 1437 exitu
3458 1393 3632 1435 orare

2046 1497 2158 1536 nos
2189 1479 2528 1537 conveniat.

1975 1575 2041 1627 66
2074 1574 2152 1628 De
2183 1570 2256 1626 iis
2299 1570 2404 1644 qui
2450 1585 2553 1625 eos
2601 1567 2905 1633 deserunt,
2953 1564 3058 1638 qui
3091 1579 3204 1637 pro
3247 1560 3632 1619 defendenda

2044 1661 2263 1734 pietate
2295 1659 2626 1716 certamina
2647 1656 3006 1728 suscipiunt,
3029 1655 3293 1726 itemque
3315 1651 3389 1708 de
3420 1648 3631 1725 iis,qui

2045 1766 2149 1806 eos
2180 1750 2493 1822 adjuvant.

1897 1848 1942 1904 B
1974 1843 2040 1897 67
2073 1844 2150 1896 De
2178 1841 2248 1897 iis
2279 1841 2382 1915 qui
2405 1837 2789 1896 morientium
2814 1851 2998 1894 causa
3030 1834 3247 1891 misere
3269 1846 3527 1890 mmrore
3560 1845 3628 1886 se

2047 1932 2341 2002 afﬂigunt.

1973 2027 2040 2080 68
2093 2026 2168 2080 De
2199 2023 2373 2094 233
2409 2019 2765 2088 differentia,
2794 2035 2931 2093 quas
2960 2021 3052 2075 est
3080 2016 3235 2073 inter
3257 2012 3445 2070 vitam
3469 2013 3630 2069 hanc

2044 2119 2102 2170 et
2129 2114 2415 2169 futuram.

1973 2208 2040 2261 69
2065 2208 2143 2260 De
2174 2205 2262 2276 iis,
2293 2221 2428 2278 qua:
2460 2202 2640 2259 simul
2672 2205 2728 2257 et
2758 2200 3130 2273 conjunctim
3162 2212 3198 2253 a
3229 2194 3453 2252 sanctis
3482 2193 3632 2249 litte-

2042 2296 2124 2352 ris
2147 2295 2244 2352 vel
2263 2299 2561 2364 vetantur,
2593 2291 2687 2348 vel
2718 2291 2897 2348 etiam
2924 2289 3232 2362 jubentur.

1971 2391 2038 2444 7O
2071 2390 2149 2443 De
2165 2385 2485 2458 iis,quibus
2503 2382 2804 2454 Evangelii
2825 2380 3172 2451 praedicatio
3195 2373 3624 2433 committitur:

2041 2475 2386 2550 etquando,
2416 2478 2472 2529 et
2501 2490 2681 2545 quos,
2709 2478 2766 2528 et
2790 2470 2937 2544 quid
2963 2470 3202 2538 docere,
3230 2472 3288 2522 et
3315 2462 3628 2538 quomodo

2041 2572 2176 2622 ante
2198 2565 2495 2635 corrigere
2525 2564 2759 2636 seipsos
2784 2559 3177 2633 debeant,qui
3198 2557 3347 2614 tales
3369 2559 3508 2611 sunt
3533 2571 3546 2610 :
3572 2557 3631 2610 et

2039 2655 2350 2730 quomodo
2367 2655 2426 2710 in
2441 2652 2868 2726 praedicatione
2889 2651 3075 2706 libere
3097 2655 3154 2705 et
3178 2647 3405 2704 fortiter
3426 2659 3626 2715 agere,

2039 2744 2428 2820 quomodove
2451 2759 2662 2799 eorum
2685 2741 2790 2815 qui
2821 2741 2933 2796 sibi
2964 2738 3173 2796 crediti
3201 2738 3336 2805 sint,
3362 2747 3629 2790 commo-

2040 2835 2134 2890 dis
2159 2839 2215 2890 et
2243 2832 2417 2889 saluti
2441 2831 2779 2905 providere,
2807 2835 2862 2887 et
2893 2827 3237 2901 cujusmodi
3267 2823 3456 2882 animi
3487 2820 3632 2878 alre-

2040 2925 2253 2991 ctione,
2289 2928 2345 2978 et
2373 2923 2434 2978 in
2466 2920 2809 2994 cujusmodi
2857 2919 3070 2975 studiis
3109 2917 3369 2973 versari:
3400 2919 3456 2969 et
3479 2928 3629 2986 quo-

2040 3014 2225 3070 modo
2251 3017 2447 3068 castos
2489 3026 2550 3066 se
2581 3009 2660 3065 ab
2684 3010 2754 3064 iis
2787 3009 2943 3063 vitiis
2973 3021 3354 3074 conservare,
3385 3019 3523 3077 quae
3564 3005 3629 3058 ut

2039 3105 2366 3178 plurimum
2389 3099 2690 3172 ejusmodi
2713 3099 3032 3154 hominum
3057 3095 3258 3168 generi
3281 3095 3472 3151 solent
3493 3107 3627 3148 esse

2037 3197 2356 3267 adjuncta:
2391 3197 2447 3248 et
2476 3207 2632 3264 quos
2665 3188 2976 3245 docendos
3002 3185 3394 3259 susceperint,
3418 3183 3494 3240 ad
3527 3199 3628 3240 cu-

2033 3283 2304 3358 jusmodi
2334 3298 2685 3338 mensuram
2718 3296 2820 3336 eos
2852 3279 3203 3352 perducere,
3236 3274 3628 3349 quomodove

2035 3377 2396 3433 reluctantes
2417 3373 2732 3429 inducere:
2756 3378 2811 3427 et
2832 3369 3143 3444 quomodo
3171 3368 3241 3424 iis
3262 3366 3623 3434 auscultare,

2035 3466 2139 3539 qui
2154 3470 2399 3539 prOpter
2409 3473 2636 3520 metum
2652 3462 2909 3535 aliquem
2923 3476 3133 3517 eorum
3147 3458 3626 3533 praidicationem

2035 3559 2344 3620 recusant,
2363 3552 2798 3626 quomodoque
2828 3552 2970 3607 item
3001 3551 3080 3606 ab
3110 3549 3182 3604 iis
3211 3546 3627 3620 recedere,qui

2036 3644 2234 3717 ipsam
2265 3659 2340 3698 ex
2368 3640 2758 3714 improbitate
2783 3639 2998 3696 nolunt
3021 3637 3360 3700 admittere,
3387 3640 3446 3692 et
3470 3651 3625 3709 quo-

2036 3733 2222 3790 modo
2252 3732 2488 3805 aliquos
2517 3730 2857 3801 designare,
2877 3729 2974 3785 vel
2994 3728 3340 3799 designatos
3365 3727 3494 3798 jam
3517 3726 3626 3782 im-

2035 3823 2294 3898 probare
2309 3841 2322 3878 :
2343 3825 2740 3895 oportereque
2755 3832 3258 3892 unumquemque
3271 3815 3376 3890 qui
3395 3815 3626 3872 ceteris

2034 3913 2260 3988 praesit,
2292 3913 2627 3969 obnoxium
2649 3928 2712 3967 se
2733 3926 2862 3968 esse
2884 3909 3224 3966 existimare
3247 3907 3327 3963 ad
3365 3905 3624 3963 redden-

2037 4004 2183 4060 dam
2205 4003 2276 4060 iis
2297 4002 2402 4076 qui
2423 4003 2555 4074 ejus
2591 4018 2751 4058 curae
2788 3999 2997 4056 crediti
3026 3999 3165 4068 sint,
3203 3997 3505 4055 rationem
3547 3995 3624 4053 de

2036 4094 2326 4152 omnibus
2352 4109 2491 4166 quae
2519 4091 2747 4148 faciant
2775 4095 2833 4147 et
2859 4081 3087 4146 dican‘t.

1965 4190 2024 4241 7t
2062 4187 2142 4240 De
2168 4185 2238 4240 iis
2269 4199 2408 4256 quae
2447 4181 2820 4254 conjunctim
2869 4182 3176 4254 preecepta
3223 4181 3364 4235 sunt
3404 4176 3476 4234 iis
3517 4177 3626 4251 qui

2038 4273 2169 4332 aliis
2189 4277 2477 4346 prmsunt.

1965 4369 2035 4420 72
2065 4365 2196 4430 Qua
2226 4363 2456 4419 ratione
2481 4361 2747 4418 debeant
2774 4360 2833 4428 ii,
2856 4360 2962 4434 qui
2991 4359 3306 4423 docentur,
3346 4357 3626 4432 spiritua-

2034 4453 2122 4510 les
2171 4453 2493 4523 magistros
2541 4451 2881 4508 discernere
2930 4451 3009 4507 ab
3053 4449 3126 4506 iis
3167 4450 3274 4523 qui
3313 4449 3459 4505 tales
3498 4463 3624 4505 non

2037 4542 2616 4614 sunt,,quomodow
2647 4557 2790 4613 erga
2833 4541 3000 4614 ipsos
3038 4555 3169 4596 esse
3215 4538 3488 4608 animati,
3531 4535 3624 4596 vel

2036 4632 2350 4705 quomodo
2377 4648 2512 4705 quae
2541 4631 2619 4688 ab
2647 4631 2798 4704 ipsis
2828 4630 3108 4687 dicantur
3135 4628 3460 4701 suscipere.

1965 4728 2032 4780 73
2077 4727 2155 4780 De
2187 4723 2280 4794 iis,
2308 4722 2414 4795 qui
2444 4721 2833 4778 matrimonio
2859 4719 3167 4793 conjuncti
3195 4721 3354 4775 sunt.

1964 4819 2036 4871 74
2077 4817 2154 4871 De
2186 4812 2407 4869 viduis.

1964 4909 2034 4961 75
2077 4907 2155 4960 De
2187 4903 2376 4960 servis
2405 4905 2463 4959 et
2490 4901 2778 4959 dominis.

1963 4997 2033 5049 '76
2073 4997 2152 5050 De
2183 4993 2320 5048 ﬁliis
2352 4997 2408 5050 et
2438 4993 2814 5067 parentibus.

2027 5121 2144 5192 (52)
2172 5123 2312 5192 Reg.
2375 5120 2770 5193 tertiushsi'xew
2817 5125 2928 5181 τοῖς
2973 5115 3068 5172 διὰ
3116 5116 3268 5191 φόϐον
3334 5137 3619 5193 παραιτου-

1957 5191 2149 5266 μένοις.
2208 5191 2467 5266 Utraque
2522 5191 2704 5249 editio
2758 5194 2910 5245 εἴκειν
2972 5193 3200 5252 τούς.....
3268 5191 3619 5264 παραιτουμέ‹

1956 5283 2147 5410 ῗοῖἒίῦ)
2177 5336 2370 5410 Editio
2420 5339 2563 5392 Ven.
2590 5336 2652 5410 in
2695 5338 2980 5410 contextu
3032 5343 3350 5410 χειροτονεῖν
3392 5335 3432 5410 -ἣ
3497 5332 3620 5410 ξενα-

1959 5405 2159 5480 6άλ).ειν
2189 5429 2211 5480 σν
2249 5413 2310 5464 at
2355 5409 2417 5464 in
2451 5408 2726 5480 margine
2763 5406 2947 5480 habet
2973 5405 3289 5480 χειροτονεῖν
3321 5406 3352 5465 ἣ
3383 5405 3616 5459 ἀποϐάλ-

1957 5479 2079 5551 λειν,
2111 5485 2170 5536 et
2200 5479 2284 5536 ita
2307 5495 2551 5552 quoque
2595 5479 2884 5552 scriptum
2924 5479 3226 5535 invenitur
3257 5479 3321 5534 in
3350 5481 3493 5550 Reg.
3522 5493 3615 5534 se-

1956 5552 2182 5696 ωέἶῗ.
2202 5623 2296 5680 Sic
2343 5622 2480 5680 libri
2534 5627 2784 5682 veteres.
2845 5622 3036 5682 Editio
3095 5621 3279 5685 Paris.
3329 5623 3614 5679 ὑπεύθυνον

1958 5697 2228 5768 ἡγεῖσθαι,
2254 5701 2384 5760 τοῖς.
