4110 6378
185 353 287 415 τοι

1699 352 2040 412 κοιωι.

3451 357 3561 414 702

186 482 358 552 φωνῆς
381 475 564 545 αὐτοῦ,
602 477 691 535 καὶ
732 475 1154 554 ἕκπορεύσόνται,
1196 480 1246 534 οἱ
1293 480 1361 533 τὰ
1414 477 1589 553 ἀγαθὰ
1629 482 1772 537 ποιή-

1891 484 2167 551 egerunt,
2188 480 2253 537 in
2272 481 2772 539 resurrectionem
2779 479 3009 552 judicii
3019 480 3227 551 (Joan.
3239 496 3301 548 ν,
3322 484 3414 551 28,
3436 482 3559 554 29).

188 585 386 635 σαντες,
421 565 493 628 εἰς
520 563 809 620 ἀνάστασιν
839 570 973 631 ζωῆς
1003 588 1019 606 ο
1059 571 1110 623 οἱ
1153 566 1213 624 δὲ
1239 571 1305 622 τὰ
1332 569 1503 641 φαῦλα
1546 568 1781 644 πράξαν-

184 674 285 722 τες,
314 654 386 719 εἰς
411 653 698 708 ἀνάστασιν
726 660 969 731 κρίσεως.
998 665 1167 712 ΠΡΟΣ
1204 666 1364 714 ΡΩΜ.
1382 657 1405 677 ⁷
1445 665 1486 711 H
1516 665 1609 711 τοῦ
1630 656 1784 710 πλού-

183 763 274 797 του
304 753 401 807 τῆς
427 749 793 820 χρηστότητος
822 746 1004 812 αὐτοῦ,
1049 753 1137 802 καὶ
1166 757 1258 811 τῆς
1285 747 1507 821 ἀνοχῆς,
1555 752 1647 799 καὶ
1688 755 1782 808 τῆς

183 835 545 908 μακροθυμίας
590 844 947 910 καταφρονεῖς,
997 835 1215 910 ἀγνοῶν,
1270 840 1353 891 ὅτι
1407 840 1468 891 τό
1541 839 1782 912 χρηστὸν

182 930 275 977 τοῦ
305 931 440 979 Θεοῦ
468 925 535 987 εἰς
565 926 835 998 μετάνοιάν
885 945 944 980 σε
970 927 1127 1000 ἄγει;
1170 931 1316 983 Κατὰ
1345 925 1407 983 δὲ
1433 933 1528 987 τήν
1550 927 1782 1001 σκληρό-

182 1014 317 1072 τητά
380 1032 495 1080 σου,
553 1017 643 1067 καὶ
711 1013 1058 1087 ἀμετανόητον
1114 1015 1362 1092 καρδίαν,
1445 1016 1783 1091 θησαυρίζεις

182 1100 348 1155 ἱαυτῶ
394 1102 553 1178 ὀργήν
590 1103 645 1156 ἐν
697 1106 867 1181 ἡμέρᾳ
911 1106 1071 1182 ὀργῆς
1116 1112 1207 1161 καὶ
1256 1106 1649 1179 ἀποκαλύψεως,
1690 1109 1781 1159 καὶ

181 1187 572 1269 δικαιοκρισίας
590 1201 682 1247 τοῦ
713 1201 868 1264 Θεοῦ,
899 1196 956 1259 ὃς
984 1194 1268 1252 ἁπωδώσει
1293 1197 1494 1272 ἑκάστῳ
1535 1199 1671 1251 κατὰ
1712 1197 1782 1252 τὰ

179 1281 305 1357 ῖργα
358 1282 540 1339 αὑτοῦ.
600 1288 897 1343 ΠΡΑΞΕΙΣ.
945 1289 1076 1349 Τοὺς
1124 1288 1217 1361 μὶν
1263 1288 1352 1342 οὖν
1410 1291 1633 1363 χρόνους
1687 1292 1780 1347 τῆς

176 1368 386 1443 ἐννοίας
433 1370 696 1449 ὑπεριδὼν
747 1375 774 1429 ὀ
830 1379 975 1449 Θεὸς,
1030 1380 1098 1432 τὰ
1145 1386 1262 1433 νῦν⁸
1289 1378 1635 1455 παραγγέλλει
1671 1383 1779 1438 τοῖς

1889 570 1990 625 Αη
2010 570 2253 628 divitias
2283 571 2565 628 bonitatis
2584 573 2736 642 ejus,
2760 577 2814 627 et
2826 571 3164 640 patientiae,
3197 578 3255 627 et
3287 572 3562 642 longani-

1890 660 2119 718 mitatis
2140 663 2489 727 contemnis,
2512 664 2802 733 ignorans
2823 660 2985 733 quod
3005 660 3337 731 benignitas
3354 663 3463 717 Dei
3480 662 3562 717 ad
3595 682 3605 691 ο

1888 751 2301 819 paenitentiam
2316 756 2371 808 te
2384 751 2631 807 adducit
2654 754 2681 806 ?
2696 750 3038 806 Secundum
3052 755 3253 806 autem
3267 750 3560 806 duritiam

1892 844 2056 895 tuam
2080 846 2134 897 et
2148 842 2530 911 imposnitens
2541 839 3041 908 cor,thesaurizas
3064 838 3175 894 tibi
3196 839 3356 895 iram
3380 843 3445 895 in
3466 840 3564 897 die

1888 927 2000 984 irae
2030 934 2086 985 et
2110 932 2519 995 reuelationis,
2544 935 2601 987 et
2629 931 2791 1000 justi
2820 929 3052 999 judicii
3067 929 3197 994 Dei,
3230 929 3332 1000 qui
3354 927 3563 985 reddet

1888 1017 2219 1089 unicuique
2259 1019 2584 1075 secundum
2617 1033 2800 1088 opera
2835 1019 2961 1087 ejus
2984 1018 3180 1086 (Rom.
3202 1032 3262 1081 ιι,
3282 1017 3427 1086 4-6).
3481 1015 3563 1072 Et

1889 1108 2155 1175 tempora
2180 1108 2419 1179 quidem
2443 1108 2625 1178 hujus
2641 1106 3006 1178 ignorantia
3022 1104 3355 1174 despiciens
3375 1105 3556 1174 Deus,

1885 1206 2051 1252 nunc
2060 1200 2390 1254 annuntiat
2410 1197 2523 1270 23
2535 1198 2587 1271 5
2610 1196 2950 1255 hominibus
2967 1195 3263 1264 omnibus,
3286 1200 3355 1249 ut
3370 1193 3564 1265 ρωπί-

1888 1286 2136 1341 tentiam
2159 1292 2389 1358 agant;
2413 1302 2479 1343 eo
2504 1286 2668 1358 quod
2680 1287 2899 1343 statuit
2916 1285 3167 1357 diem,in
3186 1298 3301 1356 quo
3310 1282 3560 1354 judica-

1892 1376 2068 1430 turus
2098 1380 2184 1431 est
2208 1376 2409 1432 orbem
2432 1376 2592 1446 (Act.
2622 1391 2759 1444 xm,
2786 1378 2873 1446 30,
2903 1374 3018 1439 31).

183 1457 471 1538 ἀνθρώποις
496 1469 630 1521 πᾶσι
665 1475 946 1541 πανταχοῦ
974 1474 1233 1543 μετανοεῖν
1257 1489 1272 1504 ο
1321 1472 1508 1523 καθότι
1536 1471 1750 1527 ἔστησεν
1787 1462 2007 1537 ἡμέραν,
2036 1462 2085 1516 ἐν
2175 1465 2343 1539 μέλλει
2366 1469 2557 1539 κρίνειν
2582 1469 2676 1525 τήν
2713 1464 3038 1538 οἰκουμένην.

171 1638 296 1694 Ὀτι
361 1637 447 1696 δεῖ
499 1646 618 1707 τοὺς
668 1653 1044 1719 μετανοοῦντας
1094 1647 1289 1703 κλαίειν
1333 1656 1549 1724 πικρῶς,
1594 1652 1685 1704 καὶ
1713 1649 1781 1705 τὰ

240 1728 418 1875 locri:
450 1733 552 1787 ὅσα
578 1730 700 1789 ἴδια
715 1744 810 1799 τῆς
849 1742 1147 1814 μετανοίας,
1196 1738 1254 1797 ἐκ
1299 1735 1528 1817 καρδίας
1574 1736 1779 1796 ίπιδεί-

240 1838 379 1874 me
412 1840 488 1875 αι.

239 1838 488 1880 κνυσσαι.

817 1988 1008 2065 Κεφάλ.
1065 1996 1135 2064 7‘.

239 2094 613 2151 ΜΔΤΘΔΙΟΣ.
663 2099 766 2151 Καὶ
812 2095 1045 2170 ἐμνήσθη
1094 2099 1123 2152 ὀ
1166 2103 1360 2174 Πέτρος
1400 2105 1495 2153 τοῦ
1543 2100 1775 2176 ῥήματος

171 2178 353 2241 Ἰησοῦ
380 2182 646 2258 εἰρηκότος
675 2185 837 2259 αὐτῷ,
866 2189 947 2241 ὅτι
977 2194 1109 2263 Πρὶν
1131 2190 1161 2250 ἢ
1209 2188 1462 2266 ἀλέκτορα
1511 2199 1770 2263 φωνῆσαι,

166 2274 276 2345 τρὶς
296 2269 579 2348 ἀπαρνήσῃ
605 2295 690 2348 με.
725 2279 827 2330 Καὶ
869 2275 1080 2341 ὄξελθὼν
1128 2278 1243 2347 ἔξω,
1292 2278 1513 2332 ἓκλαυσε
1552 2287 1771 2354 πικρῶς.

170 2364 341 2415 ΠΡΟΣ
383 2367 535 2419 KOP.
598 2362 669 2437 β’.
725 2364 859 2419 Ἀλλ’
910 2368 938 2420 ὁ
983 2368 1297 2444 παρακαλῶν
1333 2373 1456 2432 τοὺς
1481 2372 1769 2436 ταπεινοὺς,

168 2451 512 2527 παρεκάλεσεν
562 2455 698 2529 ἡμᾶς
748 2455 800 2509 ἓν
852 2465 916 2531 τῇ
966 2464 1235 2534 παρουσίᾳ
1279 2463 1458 2516 Τίτου.
1506 2459 1581 2513 Οὐ
1615 2464 1770 2534 μόνον

170 2535 231 2592 δι
259 2538 391 2615 ἔντῇ
422 2548 692 2619 παρουσία
720 2544 903 2615 αὐτοῦ,
938 2544 1068 2600 ἄλλα
1092 2553 1185 2602 καὶ
1233 2547 1284 2601 ἐν
1326 2556 1390 2623 τῇ
1440 2548 1770 2625 παρακλήσει

169 2628 201 2703 ᾖ
247 2631 552 2708 παρεκλήθη
609 2634 694 2708 ὑφ’
742 2637 885 2709 ὑμῖν,
929 2635 1251 2711 ἀναγγέλλων
1311 2641 1436 2713 ἡμῖν
1483 2643 1579 2699 τήν
1626 2640 1772 2713 ὑμῶν

171 2718 502 2786 ἕπιπόθησιν,
533 2726 625 2777 τὸν
651 2725 793 2799 ὑμῶν
824 2723 1077 2803 ὀδυρμόν,
1107 2731 1196 2782 τόν
1246 2729 1390 2804 ὑμῶν
1445 2728 1598 2794 ζῆλον
1642 2730 1769 2806 ὑπὲρ

170 2808 318 2886 ίμοῦ.
345 2817 449 2867 Καὶ
477 2814 587 2888 μετ’
616 2815 771 2888 ὀλίγα
791 2837 806 2852 ο
856 2815 997 2873 Ἰδοὺ
1025 2822 1129 2897 γὰρ
1159 2820 1290 2874 αὐτὸ
1330 2829 1486 2875 τοῦτο
1531 2823 1592 2875 τὸ
1634 2822 1772 2875 κατά

171 2903 302 2955 Θεὸν
331 2901 650 2988 ,λυπηθῆναι
694 2908 846 2981 ὑμᾶς,
900 2914 1074 2969 πόσην
1118 2914 1507 2988 κατειργάσατο
1552 2911 1602 2964 ἓν
1649 2912 1772 2985 ὑμῖν

172 2987 416 3050 σπουδήν
438 3011 454 3027 ·
516 2991 644 3047 ἄλλὰ
693 2994 995 3071 ἀπολογίαν,
1043 2998 1171 3053 ἀλλὰ
1214 2987 1591 3073 ἀγανάκτησιν,
1645 2999 1773 3054 ἀλλὰ

169 3078 349 3153 φόϐον,
404 3080 536 3135 ἀλλὰ
589 3082 921 3157 ἐπιπόθησιν,
978 3088 1108 3143 ἀλλὰ
1153 3091 1330 3159 ζῆλον,
1388 3091 1516 3146 ἀλλά
1562 3088 1774 3150 ἐκδίκη-

1889 1645 2060 1714 Quod
2089 1646 2510 1721 pmoitentiam
2539 1650 2788 1719 agentes
2815 1647 3094 1719 oporteat
3136 1657 3345 1703 amare
3388 1641 3553 1713 ﬂere,

1957 1739 2018 1793 et
2034 1735 2288 1810 reliqua,
2309 1753 2446 1812 quae
2466 1737 2829 1815 pmnitentise
2845 1735 3093 1811 propria
3112 1739 3350 1803 sunt,ex
3372 1730 3557 1793 corde

1816 1848 1859 1910 Β
1958 1826 2248 1902 proferre.

2545 1988 2747 2059 Caput
2774 1987 2894 2045 III.

1951 2097 2035 2155 Et
2062 2099 2421 2157 recordatus
2449 2106 2535 2157 est
2563 2101 2772 2157 Petrus
2796 2097 2966 2155 verbi
2981 2098 3146 2162 Jesu,
3181 2095 3291 2169 qui
3306 2095 3552 2153 dixerat

1879 2187 1975 2246 ei:
2001 2189 2370 2262 Priusquam
2413 2190 2620 2260 gallus
2651 2193 2873 2258 cantet,
2911 2192 3004 2243 ter
3029 2200 3124 2243 me
3162 2185 3436 2257 negabis.
3481 2186 3552 2243 Et

1878 2293 2149 2350 egressus
2164 2280 2338 2349 foras
2356 2280 2524 2349 ﬂevit
2544 2293 2750 2335 amare
2771 2276 3014 2342 tMatth.
3038 2291 3186 2340 xxvx,
3217 2278 3403 2345 75)....
3436 2275 3553 2332 Sed

1879 2370 1984 2441 qui
1997 2371 2346 2426 consolatur
2356 2368 2975 2435 humiles,consolatus
2989 2371 3074 2425 est
3092 2382 3199 2422 nos
3214 2367 3277 2421 in
3289 2363 3549 2422 adventu

1885 2459 2020 2514 Titi.
2044 2459 2182 2515 Non
2195 2460 2388 2515 solum
2410 2464 2609 2516 autem
2630 2459 2694 2513 in
2716 2457 2983 2514 adventu
3004 2456 3264 2527 ejus,sed
3283 2456 3461 2512 etiam
3482 2454 3548 2510 in

1878 2549 2287 2605 consolatione
2296 2563 2417 2621 qua
2434 2547 2780 2605 consolatus
2797 2552 2882 2603 est
2893 2548 2956 2603 in
2972 2545 3433 2615 vobis,referens
3444 2555 3552 2599 ηο-

1878 2636 1965 2693 bis
2001 2644 2263 2695 vestrum
2303 2639 2687 2702 desiderium,
2717 2642 2982 2694 vestrum
3021 2636 3247 2706 ﬂetum,
3289 2641 3548 2691 vestram

1878 2730 2322 2787 aemulationem
2340 2744 2454 2800 pro
2472 2744 2564 2786 me
2585 2729 2674 2801 (II
2683 2714 3350 2799 Cor,vu,6.7).Etpaulo
3366 2727 3509 2798 post
3530 2741 3545 2781 :

1876 2819 2033 2875 Ecce
2051 2820 2207 2877 enim
2234 2820 2345 2877 hoc
2363 2821 2583 2890 ipsum,
2611 2819 2941 2876 secundum
2961 2818 3151 2874 Deum
3193 2815 3553 2873 contristari

1878 2914 2297 2982 vos,quantam
2321 2910 2384 2964 in
2405 2909 2568 2965 vobis
2588 2909 2785 2980 e/recit
2802 2906 3305 2977 sollicitudinem;
3321 2906 3425 2962 sed
3451 2905 3549 2961 de-

1876 2996 2954 3069 fensionem,sedindtgnationem,sed
2971 2995 3371 3065 timorem,sed
3388 2995 3547 3052 desi-

1878 3087 2243 3153 derium,sed
2251 3089 2693 3145 aemulationem
2702 3087 2828 3153 ,sed
2838 3087 2936 3142 vin
2943 3086 3189 3141 dictam:
3200 3085 3263 3139 in
3276 3083 3547 3139 omnibus

170 3186 257 3224 σιν
279 3189 294 3206 ο
332 3168 383 3223 ἓν
409 3177 565 3227 παντὶ
597 3182 956 3236 συνεστήσατε
985 3178 1203 3244 ἑαυτοὺς
1227 3180 1415 3254 ἁγνοὺς
1443 3178 1572 3235 εἶναι
1615 3180 1664 3234 ἄν
1697 3188 1772 3253 τῷ

1890 3192 1980 3235 υοε
2005 3178 2360 3235 εωήίὺαίεῑίε
2387 3177 2896 3234 incontaminatos
2931 3190 3054 3232 esse
3075 3174 3314 3245 negotio
3348 3172 3542 3244 (ibid.,

165 3260 459 3335 πράγματι.
512 3267 809 3322 ΠΡΑΞΕΙΣ.
862 3268 1048 3322 Πολλοὶ
1093 3289 1150 3323 τε
1191 3279 1291 3324 τῶν
1349 3276 1772 3326 πεπιστευκότων

1890 3271 1991 3338 li).
2011 3269 2311 3340 Multique
2327 3268 2699 3325 credentium
2729 3265 3070 3331 veniebant,
3105 3268 3451 3334 conﬁtentes
3489 3266 3547 3320 et

164 3349 420 3421 ἤρχοντο,
453 3349 911 3429 ἐξομολογούμενοι
952 3361 1041 3411 καὶ
1070 3357 1468 3432 ἀναγγέλλοντες
1508 3364 1604 3423 τὰς
1629 3363 1773 3436 πρά·-

162 3436 267 3502 ξεις
308 3438 504 3496 αὐτῶν.
559 3440 748 3496 Ἱκανοί
801 3463 858 3498 τε
904 3454 1008 3499 τῶν
1057 3450 1124 3501 τὰ
1171 3454 1422 3525 περίεργα
1466 3451 1771 3525 πραξάντων

162 3533 578 3605 συγκομισαντες
604 3534 697 3598 τὰς
724 3532 943 3611 βίϐλους
966 3540 1239 3593 κατέκαιον
1266 3538 1478 3593 ἐνώπιον
1508 3541 1697 3597 αὐτῶν.

156 3708 280 3765 Ὀτι
306 3719 420 3776 τοῖς
448 3722 788 3788 μετανοοῦσιν
812 3716 907 3771 οὐκ
946 3717 1095 3795 ἀρκεῖ
1120 3723 1247 3797 πρὸς
1277 3726 1539 3799 σωτηρίαν
1569 3723 1601 3783 ἦ
1651 3721 1772 3776 ἁνα-

229 3808 480 3879 χὼρησις
525 3810 657 3879 μόνη
703 3816 802 3860 τῶν
852 3808 1264 3885 ἁμαρτημάτων,
1313 3817 1475 3887 χρεία
1505 3810 1564 3868 δε
1595 3813 1769 3879 αὐτοῖς

229 3897 576 3976 καὶικαρπῶν
616 3894 773 3965 ἀξίων
800 3907 896 3963 τῆς
923 3905 1219 3978 μετανοίας.
1492 3898 1509 3903 ﬁ

807 4062 997 4136 Κεφάλ.
1050 4060 1116 4122 δ’.

223 4170 602 4223 ΜΑΤΘΔΙΟΣ.
630 4163 780 4222 Ἰδὼν
812 4165 872 4222 δε
916 4170 1132 4235 πολλοὺς
1172 4181 1275 4228 τῶν
1330 4178 1625 4248 Φαρισαίων
1676 4179 1767 4229 καὶ

153 4252 539 4310 Σαδδουκαίων
590 4255 904 4333 ἐρχομένους
949 4260 1033 4315 ἐπὶ
1097 4266 1155 4315 τὸ
1240 4262 1525 4338 βάπτισμα
1584 4264 1764 4332 αὐτοῦ,

154 4341 289 4401 εἶπεν
343 4346 531 4408 αὐτοῖς
562 4368 576 4381 ⁸
652 4353 951 4423 Γεννήματα
1025 4349 1272 4425 ἐχιδνῶν,
1353 4359 1434 4417 τίς
1500 4352 1765 4419 ὑπέδειξεν

152 4437 275 4508 ὑμῖν
306 4444 493 4510 φυγεῖν
525 4435 626 4492 ἀπὸ
656 4445 748 4500 τῆς
776 4439 1067 4513 μελλούσης
1097 4443 1257 4518 ὀργῆς
1287 4463 1300 4509 ;
1362 4449 1626 4503 Ποιήσατε
1678 4441 1766 4498 οὖν

151 4531 389 4600 καρποὺς
421 4527 607 4591 ἀξίους
633 4538 726 4591 τῆς
755 4536 1044 4604 μετανοίας,
1096 4537 1184 4585 καὶ
1213 4538 1283 4606 μή
1320 4530 1508 4597 δοξητε
1532 4534 1695 4608 λέγειν
1716 4533 1764 4587 ἐν

154 4614 498 4683 ἑαυτοῖς(ὅ9)
524 4640 536 4651 ·
572 4624 779 4697 Πατέρα
807 4624 996 4694 ἔχομεν
1026 4626 1112 4674 τὸν
1155 4620 1414 4698 Ἀϐραάμ.
1464 4628 1614 4696 Λέγω
1660 4627 1761 4701 γὰρ

152 4705 295 4778 ὑμῖν,
329 4707 406 4759 ὄτι
441 4703 669 4762 δύναται
698 4711 725 4763 ὁ
755 4714 881 4772 Θεὸς
918 4709 973 4763 ἐκ
1011 4720 1110 4764 τῶν
1140 4711 1295 4765 λίθων
1336 4715 1530 4766 τούτων
1570 4712 1765 4791 ἐγεῖραι

153 4797 308 4847 τέκνα
336 4805 411 4869 τῷ
444 4797 693 4873 Λϐραάμ.
725 4796 869 4859 Ἤδη
903 4797 963 4854 δὲ
992 4806 1082 4855 καὶ
1108 4803 1137 4861 ἠ
1178 4801 1326 4865 ἀξίνη
1375 4805 1502 4878 πρὸς
1547 4808 1641 4863 τήν
1687 4804 1766 4881 ῥί-

156 4882 252 4947 ζαν
291 4896 396 4939 τῶν
423 4883 659 4962 δένδρων
695 4897 884 4947 κεῖται.
914 4898 1022 4944 Πᾶν
1053 4888 1140 4944 οὖν
1173 4889 1409 4967 δένδρον,
1461 4898 1533 4966 μὴ
1584 4900 1765 4947 ποιοῦν

150 4979 355 5051 καρπὸν
380 4975 559 5045 καλὸν,
588 4975 910 5049 ἐκκόπτεται,
938 4986 1030 5035 καὶ
1062 4982 1128 5044 εἰς
1157 4990 1261 5056 πῦρ
1304 4981 1570 5057 βάλλεται.

149 5154 276 5211 Ὀτι
332 5159 469 5232 μετὰ
510 5163 604 5218 τήν
662 5158 885 5215 ἐντεῦθεν
926 5159 1227 5237 ἀπαλλαγήν
1281 5164 1378 5219 οὐκ
1425 5167 1543 5219 ἔστι
1586 5168 1770 5241 καιρὸς

227 5252 675 5331 κατορθωμάτων,
760 5259 852 5306 τοῦ
933 5260 1066 5308 Θεοῦ
1148 5257 1236 5309 τὸν
1303 5261 1536 5335 παρόντα
1586 5261 1769 5335 καιρὸν

1879 3361 2319 3415 annuntiantes
2337 3364 2511 3415 actus
2530 3372 2687 3414 suos.
2709 3357 2896 3413 Multi
2913 3357 3096 3412 etiam
3116 3368 3194 3412 ea:
3216 3355 3432 3427 eis,qui
3447 3368 3546 3410 cu-

1828 3492 1832 3497 .
1879 3450 2472 3511 riosaexercuerant,
2504 3450 2731 3506 allatas
2759 3447 2941 3504 libros
2971 3444 3422 3503 combusserunt
3449 3459 3546 3502 co-

1877 3552 2010 3597 ram
2040 3540 2186 3609 ipsis
2215 3540 2376 3601 (Act.
2406 3553 2516 3605 xxx,
2546 3544 2632 3609 18,
2668 3538 2777 3607 19).

1879 3717 2053 3786 Quod
2082 3716 2231 3773 illud
2257 3731 2382 3773 non
2413 3716 2558 3772 satis
2580 3715 2657 3773 sit
2676 3714 3127 3789 paenitentibus,
3185 3714 3236 3772 si
3278 3717 3522 3778 tantum

1950 3807 2136 3864 modo
2166 3806 2525 3864 recesserint
2548 3823 2585 3864 a
2623 3807 2910 3879 peccatis,
2942 3804 3048 3861 sed
3087 3804 3173 3860 eis
3203 3819 3359 3878 opus
3387 3820 3543 3874 esse,

1949 3902 2015 3955 ut
2042 3897 2271 3955 fructus
2298 3897 2662 3971 pcenitentim
2684 3895 2904 3966 dignos
2932 3894 3146 3952 ferant.

2541 4058 2743 4128 Caput
2773 4058 2880 4114 IV.

1952 4169 2161 4226 Videris
2178 4174 2379 4226 autem
2400 4168 2620 4224 multos
2636 4168 3088 4225 Pharisaeorum
3103 4172 3156 4225 et
3178 4166 3540 4224 Sadducaso-

1875 4276 2011 4316 rum
2035 4261 2332 4317 venientes
2352 4259 2433 4315 ad
2451 4259 2811 4328 baptismum
2832 4256 3191 4328 suum,d.:cit
3203 4258 3309 4313 eis:
3327 4258 3547 4330 Proge-

1874 4350 2002 4406 nies
2021 4350 2392 4418 viperarum,
2418 4349 2545 4420 quis
2566 4347 3002 4404 demonstravit
3043 4345 3208 4402 vobis
3243 4347 3464 4417 fugere
3505 4361 3545 4404 α

1874 4446 2131 4497 ventura
2154 4439 2292 4495 ira?
2333 4438 2541 4494 Facite
2580 4453 2720 4507 ergo
2744 4438 2987 4506 fructus
3017 4436 3231 4505 dignos
3247 4437 3541 4506 paeniten-

1874 4530 2004 4585 tiae:
2024 4536 2079 4585 et
2102 4545 2175 4585 nc
2192 4529 2353 4586 vobis
2378 4529 2559 4585 libeat
2572 4528 2770 4583 dicere
2786 4530 2951 4582 intra
2971 4541 3070 4582 vos
3085 4527 3274 4595 ipsos:
3298 4526 3541 4581 Patrem

1874 4618 2158 4675 habemus
2179 4622 2221 4674 Α
2238 4617 2514 4674 braham.
2535 4619 2676 4673 Dico
2696 4616 2853 4673 enim
2873 4615 3223 4685 vobis,quod
3232 4620 3444 4684 potens
3456 4619 3540 4671 est

1873 4708 2032 4765 Deus
2050 4708 2123 4765 de
2145 4708 2446 4777 lapidibus
2460 4715 2586 4764 istas
2601 4709 2897 4763 suscitare
2904 4706 3064 4775 ﬁlios
3081 4704 3128 4761 A
3141 4704 3370 4760 bra/zz.
3400 4704 3537 4760 Jam

1873 4799 2028 4855 enim
2050 4805 2104 4855 et
2126 4800 2351 4855 securis
2370 4798 2453 4855 ad
2471 4797 2735 4854 radicem
2748 4796 3034 4853 arborum
3051 4795 3249 4865 posita
3271 4798 3377 4850 est.
3408 4792 3538 4849 0m-

1872 4889 1969 4945 nis
1989 4903 2130 4959 ergo
2150 4887 2491 4959 arbor,quas
2515 4903 2629 4942 non
2642 4887 2805 4957 facit
2824 4886 3093 4957 fructum
3119 4883 3359 4952 bonum,
3382 4883 3540 4941 exci-

1875 4979 2063 5052 ditur,
2101 4984 2157 5036 et
2184 4978 2248 5034 in
2272 4979 2471 5049 ignem
2491 4979 2757 5035 mittitur
2770 4977 3013 5046 (Matth.
3038 4990 3120 5046 ιιι,
3147 4975 3320 5042 7-11).

1878 5158 2050 5226 Quod
2070 5161 2207 5232 post
2226 5156 2563 5216 discessum
2588 5172 2660 5215 ex
2680 5157 2796 5215 hac
2838 5156 2961 5213 vita
2984 5171 3108 5214 non
3158 5158 3247 5212 est
3294 5156 3539 5228 tempus

1946 5263 2107 5320 recte
2140 5256 2478 5321 factorum:
2520 5253 3023 5334 quandoquidem
3069 5256 3231 5313 Deus
3266 5267 3535 5330 prasens

218 5591 337 5667 (59)
362 5592 534 5683 Hunc
556 5594 761 5655 locum
797 5593 882 5655 ita
910 5595 1338 5671 interpretatur
1357 5601 1680 5663 Erasmus:
1725 5601 1808 5669 Et
1834 5616 1909 5661 ne
1929 5601 2061 5660 sitis
2092 5600 2209 5664 hac
2237 5604 2548 5683 mente,ut
2576 5599 2796 5667 dicatis
2821 5599 2989 5670 intra
3040 5614 3140 5669 vos
3170 5599 3352 5683 ipsos,
3409 5604 3527 5672 etc,

148 5684 243 5743 Ad
270 5682 559 5746 verbum.
580 5687 673 5745 Ne
696 5686 1025 5755 videamini
1036 5688 1259 5757 dicere,
1289 5692 1403 5750 etc.
