4110 6398
495 363 601 418 703

562 574 682 636 bus
702 576 894 648 gratia
922 575 1112 650 ipsius
1137 576 1512 637 conciliatur.

1166 727 1361 796 Caput
1425 725 1488 782 V.

578 831 744 887 Tunc
762 832 956 889 simile
977 832 1089 888 erit
1110 847 1361 903 regnum
1383 835 1670 890 caelorum
1700 834 1896 890 decem
1921 831 2160 902 virgini-

501 919 770 991 bus,qute
782 923 1135 992 accipientes
1152 925 1457 993 lampades
1468 926 1913 993 suas,e.zierunt
1926 922 2158 980 obviam

497 1024 736 1080 sponso.
766 1011 1035 1084 Quinque
1058 1019 1260 1070 autem
1289 1029 1364 1071 ex
1388 1015 1468 1070 eis
1493 1020 1667 1071 erant
1703 1014 2053 1083 prudentes,
2103 1016 2158 1068 et

501 1101 766 1171 quinque
789 1102 1019 1170 fatuae:
1061 1119 1192 1174 qua
1227 1105 1438 1174 fatua},
1481 1105 1736 1174 acceptis
1778 1102 2158 1173 lampadibus

497 1190 769 1256 suis,non
789 1195 1376 1261 sumpseruntoleum
1396 1195 1572 1266 236
1585 1209 1780 1249 secum
1793 1210 1814 1249 :
1830 1193 2159 1263 prudentes

501 1293 640 1336 vero
651 1289 1010 1348 acceperunt
1027 1284 1220 1339 oleum
1235 1286 1296 1338 in
1321 1286 1475 1340 vasis
1489 1287 1608 1340 suis
1624 1301 1751 1340 cum
1779 1282 2159 1352 lampadibus

500 1369 646 1423 suis.
677 1370 912 1426 Moram
930 1378 1127 1428 autem
1142 1375 1403 1444 faciente
1422 1390 1658 1443 sponso,
1680 1375 2158 1430 dormilaverunt

502 1471 701 1513 omnes
731 1464 786 1514 et
817 1460 1216 1519 dormierunt.
1256 1464 1461 1519 Med-ia
1492 1471 1690 1521 autem
1717 1469 1889 1519 nocte
1930 1462 2162 1518 clamor

494 1545 694 1615 factus
718 1553 839 1604 est:
866 1549 1021 1606 Ecce
1039 1567 1291 1621 sponsus
1306 1557 1648 1621 venit,e:cite
1663 1553 1896 1609 obviam
1909 1553 1984 1608 ei.
1998 1553 2162 1607 Tunc

495 1646 894 1696 surrexerunt
915 1656 1116 1699 omnes
1137 1643 1399 1712 virgines
1415 1645 2004 1710 ill:e,etornaverunt
2019 1643 2165 1698 lam-

495 1727 685 1797 pades
700 1744 861 1785 suas.
875 1732 990 1788 Fat
997 1748 1087 1790 uae
1097 1741 1296 1790 autem
1311 1735 1678 1805 sapientibus
1691 1736 2003 1792 dixerunt:
2020 1737 2166 1790 Date

501 1817 671 1873 nobis
693 1820 766 1875 de
784 1822 912 1877 oleo
926 1833 1133 1891 vestro,
1156 1826 1299 1896 quia
1323 1826 1630 1896 lampades
1652 1832 1872 1880 nostra?
1888 1825 2162 1894 extingu.
2194 1846 2234 1901 Β

504 1909 1187 1979 untur.Responderunt
1210 1929 1346 1969 vero
1372 1915 1724 1983 prudentes,
1747 1914 2050 1970 dicentes:
2077 1912 2167 1968 Ne

502 1995 668 2064 forte
695 2013 816 2054 non
845 2000 1113 2068 sufﬁciat
1136 2002 1303 2058 nobis
1324 2009 1378 2059 et
1401 2004 1599 2072 vobis;
1620 2006 1699 2059 ite
1716 2006 1914 2073 potius
1931 2004 2013 2058 ad
2035 2018 2167 2058 ven-

506 2085 732 2154 dentes,
759 2095 812 2142 et
838 2091 1013 2146 emite
1033 2092 1220 2149 vobis.
1243 2094 1400 2150 Dum
1422 2102 1621 2150 autem
1654 2096 1811 2150 irent
1840 2109 2049 2159 emere,
2079 2108 2169 2149 ve-

507 2175 600 2228 nit
628 2191 910 2244 sponsus:
937 2184 991 2234 et
1007 2197 1139 2252 quae
1153 2190 1390 2251 paratae
1410 2189 1606 2249 erant,
1633 2186 2012 2239 intraverunt
2033 2198 2169 2238 cum

505 2277 572 2320 eo
591 2265 675 2320 ad
693 2268 959 2336 nuptias,
983 2275 1036 2324 et
1068 2271 1277 2327 clausa
1312 2277 1397 2328 est
1433 2275 1656 2342 janua.
1697 2273 2028 2328 Novissime
2064 2286 2171 2328 au-

505 2357 620 2410 tem
639 2357 888 2413 veniunt
901 2365 954 2414 et
978 2361 1228 2433 reliquae
1260 2363 1542 2434 virgines,
1573 2363 1868 2420 dicentes:
1897 2363 2168 2433 Domine,

501 2443 776 2514 Domine,
799 2451 974 2517 aperi
1000 2450 1188 2506 nobis.
1223 2453 1300 2507 At
1325 2453 1430 2509 ille
1449 2453 1814 2522 respondens
1839 2453 1923 2508 ait
1937 2452 2168 2509 .‘Amen

504 2533 640 2588 dico
671 2535 852 2603 vobis,
887 2540 1084 2594 nescio
1113 2555 1212 2596 vos
1246 2543 1491 2609 (Matth.
1523 2559 1654 2600 xxv.
1691 2547 1860 2612 1-13).
1913 2543 2166 2598 Conten-

506 2623 630 2679 dite
675 2625 912 2684 intrare
952 2645 1067 2700 per
1113 2638 1432 2700 angustam
1481 2639 1748 2702 portam,
1788 2634 1932 2704 quia
1968 2633 2165 2693 multi.

506 2714 641 2770 dico
668 2719 848 2786 vobis,
880 2726 1150 2791 quaerent
1173 2723 1425 2791 intrare,
1457 2730 1509 2779 et
1539 2739 1659 2778 non
1682 2728 1988 2792 poterunt.
2019 2721 2167 2778 Cum

507 2811 705 2862 autem
726 2812 1063 2866 surrexerit
1070 2813 1606 2882 paterfamilias,et
1621 2813 1908 2869 clauserit
1931 2819 2168 2883 ostium,

507 2902 563 2955 et
584 2900 880 2966 ceperitis
896 2900 1054 2968 foris
1077 2908 1324 2965 stare,et
1342 2905 1593 2973 pulsare
1611 2909 1845 2969 ostium,
1876 2903 2166 2961 dicentes:

509 2985 782 3056 Domine,
804 2989 1074 3058 Domine,
1102 2993 1278 3062 aperi
1295 2993 1463 3049 nobis
1488 3010 1501 3047 :
1554 2998 1610 3048 et
1637 2993 2001 3063 respondens
2021 2993 2171 3049 dicet

509 3077 704 3132 vobis:
719 3078 933 3135 Nescio
955 3095 1054 3136 vos
1077 3083 1236 3138 unde
1253 3083 1380 3138 sitis
1400 3085 1547 3150 (Luc
1574 3098 1697 3150 XIII,
1731 3085 1821 3149 2i,
1852 3083 1966 3148 25).
2015 3083 2172 3138 Ecce

506 3180 672 3223 nunc
700 3175 929 3238 tempus
961 3173 1347 3242 acceptabilc,
1381 3187 1508 3230 ecce
1549 3189 1711 3228 nunc
1757 3173 1881 3230 dies
1915 3173 2165 3230 salutis:

2280 3171 2480 3235 ἄνοιξον
2534 3172 2658 3243 ἡμῖν
2692 3191 2705 3203 ·

507 3258 736 3314 nemini
757 3259 969 3317 dantes
1007 3262 1202 3318 ullam
1231 3263 1641 3332 offensionem,
1669 3278 1745 3319 ne
1774 3265 2168 3332 vituperetur,

507 3347 902 3404 ministerium
914 3350 1036 3412 ,sed
1045 3353 1107 3406 in
1127 3352 1399 3407 omnibus
1420 3352 1762 3409 exhibentes
1783 3354 2170 3422 nosmetipsos

507 3435 661 3490 sicut
712 3437 822 3494 Dei
868 3441 1175 3496 ministros
1206 3443 1298 3512 (II
1331 3441 1469 3498 Cor.
1515 3459 1596 3509 v1,
1639 3447 1672 3498 '2
1705 3443 1784 3514 4).
1835 3444 1999 3513 Ergo
2025 3443 2169 3498 dum

511 3529 735 3669 tgmpus
791 3527 1097 3598 habemus,
1145 3547 1466 3600 operemur
1509 3532 1726 3592 bonum
1782 3547 1925 3604 erga
1971 3548 2172 3591 omnes

511 3625 526 3671 ι
587 3616 672 3671 al.
705 3632 784 3671 γι.
810 3619 917 3671 10).

506 3619 672 3698 (Gal.
705 3632 784 3685 γι,
810 3619 917 3680 10).

1755 3767 1796 3781 ο

1152 3861 1429 3918 REGULA
1467 3864 1534 3917 II.

511 3964 688 4032 Quod
715 3964 844 4021 ﬁeri
873 3966 1102 4039 nequit,
1129 3971 1195 4022 ut
1231 3968 1282 4022 is
1310 3968 1414 4039 qui
1445 3984 1574 4023 sese
1600 3968 1784 4024 etiam
1831 3969 2087 4040 negotiis
2134 3985 2172 4027 a

743 4053 963 4129 pietate
980 4055 1187 4114 alienis
1205 4057 1528 4129 immiscet,
1555 4058 1676 4116 Deo
1696 4058 1931 4116 serviat.

1158 4221 1433 4279 CAPUT
1462 4223 1516 4280 Ι.

583 4327 770 4384 Nemo
794 4332 989 4396 potest
1017 4328 1250 4385 duobus
1269 4329 1527 4386 dominis
1555 4330 1810 4388 servire:
1860 4335 1969 4388 aut
2006 4330 2168 4388 enim

512 4431 700 4472 unum
723 4416 856 4472 odio
889 4416 1147 4489 habebit,
1173 4424 1228 4475 et
1249 4420 1506 4476 alterum
1543 4420 1782 4490 diliget:
1830 4426 1937 4477 aut
1983 4437 2166 4477 unum

511 4506 845 4570 sustinebit,
871 4513 926 4563 et
951 4509 1214 4564 alterum
1246 4515 1603 4566 contemnet.
1620 4511 1756 4566 Non
1772 4511 2018 4580 potestis
2045 4511 2170 4568 Deo

1890 359 1948 414 S.
1977 355 2232 413 ΒΑειιιι
2254 355 2472 412 MAGNI

561 487 804 558 tempus
822 485 885 542 in
907 484 1149 543 lenitate
1167 485 1496 559 impertivit
1516 485 1596 545 ad
1627 483 1908 545 facienda
1931 480 2158 554 ea,qui~
2185 479 2232 536 A

3757 365 3868 421 70b

2336 478 2776 554 ἐπιμετρήσαντος
2805 483 2922 555 (60)
2945 482 2996 536 ἐν
3025 485 3364 560 μακροθυμίᾳ
3387 484 3455 547 είς
3484 483 3736 566 ἐργασίαν
3763 496 3864 542 τῶν

2335 573 2467 650 πρὸς
2489 576 2583 633 τήν
2613 571 2772 630 αὐτοῦ
2811 573 3176 652 εὐαρέστησιν.

2929 723 3115 797 Κεφάλ.
3151 724 3204 778 ε’.

2338 837 2704 889 ΜΑΤΘΑΙΟΣ,
2762 836 2889 886 Τότε
2945 831 3330 905 ὁμοιωθήσεται
3395 834 3424 890 ἠ
3483 831 3728 904 βασιλεία
3763 841 3866 885 τῶν

2267 925 2495 996 οὐρανῶν
2526 918 2656 974 δέκα
2682 924 2974 996 παρθένοις,
3007 923 3210 989 αἵτινες,
3243 920 3502 975 λαϐοῦσαι
3530 924 3621 983 τὰς
3647 921 3865 995 λαμπά-

2269 1007 2367 1074 δας
2397 1011 2586 1077 αὐτῶν,
2615 1011 2825 1074 ἐξῆλθον
2873 1012 2943 1074 εἰς
2973 1011 3266 1070 ἀπάντησιν
3303 1019 3396 1064 τοῦ
3423 1016 3668 1084 νυμφίου.
3710 1016 3869 1064 Πέντε

2270 1097 2328 1153 δὲ
2353 1101 2487 1159 ἦσαν
2513 1100 2566 1163 ἐξ
2592 1101 2758 1152 αὐτῶν
2789 1105 3053 1175 φρόνιμοι,
3077 1107 3167 1154 καὶ
3203 1105 3352 1155 nam
3404 1106 3578 1174 μωραί
3601 1122 3615 1135 ο
3677 1102 3868 1164 αἵτινες

2267 1195 2460 1265 μωραὶ,
2487 1189 2744 1242 λαϐοῦσαι
2774 1193 2868 1253 τὰς
2892 1188 3171 1264 λαμπάδας
3202 1193 3390 1258 αὐτῶν,
3420 1191 3514 1244 οὐκ
3543 1190 3724 1244 ἂαϐον
3754 1190 3867 1264 μεθ’

2269 1280 2462 1334 ἑαυτῶν
2491 1279 2657 1333 ἔλαιον
2689 1301 2702 1314 ο
2755 1284 2810 1334 αἱ
2842 1278 2901 1334 δε
2934 1286 3173 1356 φρόνιμοι
3222 1281 3401 1336 ἔλαϐον
3457 1281 3622 1334 ἔλαιον
3665 1280 3714 1333 ἐν
3759 1287 3874 1344 τοῖς

2269 1368 2502 1443 ἀγγείοις
2527 1373 2695 1423 αὐτῶν
2723 1374 2855 1445 μετά
2887 1372 2989 1425 τῶν
3017 1369 3306 1445 λαμπάδων
3338 1375 3524 1427 αὐτῶν.
3579 1372 3874 1447 Χρονίζον-

2269 1481 2352 1523 τος
2379 1459 2438 1514 δὲ
2468 1469 2560 1514 τοῦ
2590 1466 2838 1534 νυμφίου,
2867 1461 3149 1526 ἐνύσταξαν
3196 1469 3367 1516 πᾶσαι
3424 1467 3514 1515 καὶ
3562 1457 3871 1516 ἐκάθευδον.

2271 1555 2452 1614 Μέσης
2483 1548 2541 1604 δὲ
2570 1555 2750 1612 νυκτὸς
2775 1557 2976 1627 κραυγή
3009 1557 3212 1624 γέγονεν
3236 1573 3249 1586 ’
3283 1548 3423 1604 Ἰδοὺ
3454 1553 3479 1603 ό
3527 1556 3741 1624 νυμφίος
3783 1553 3874 1625 ἔρ-

2272 1661 2450 1714 χεται,
2486 1640 2760 1715 ἐξέρχεσθε
2791 1642 2858 1703 είς
2888 1640 3182 1700 ἀπάντησιν
3212 1641 3391 1698 αὐτοῦ.
3422 1645 3550 1696 Τότε
3574 1642 3880 1716 ἠγέρθησαν

2274 1738 2445 1785 πᾶσαι
2471 1734 2525 1783 αὶ
2553 1733 2800 1806 παρθένοι
2847 1729 3056 1798 ἐκεῖναι,
3088 1737 3179 1785 καὶ
3205 1730 3509 1804 ἐκόσμησαν
3537 1733 3632 1793 τὰς
3659 1729 3878 1802 λαμπά-

2279 1818 2372 1883 δας
2417 1823 2606 1876 αὐτῶν.
2653 1823 2718 1876 Αἰ
2765 1819 2824 1875 δὲ
2867 1826 3040 1897 μωραὶ
3082 1830 3197 1885 ταῖς
3227 1826 3494 1897 φρονίμοις
3520 1817 3658 1874 εἷπον
3689 1841 3704 1854 ·
3755 1823 3882 1872 Δότε

2277 1914 2402 1984 ἡμῖν
2429 1911 2484 1964 ἐκ
2512 1919 2604 1964 τοῦ
2631 1910 2802 1964 ἐλαίου
2833 1913 2994 1984 ὑμῶν,
3023 1913 3105 1964 ὅτι
3135 1913 3189 1963 αἱ
3217 1908 3485 1984 λαμπάδες
3527 1913 3671 1984 ἡμῶν
3722 1909 3879 1962 σϐέν-

2277 2021 2473 2056 νυνται.
2518 2001 2902 2074 Ἀπεκρίθησαν
2944 1998 3003 2054 δε
3041 2003 3096 2054 αἱ
3135 2005 3394 2076 φρόνιμοι,
3434 2000 3685 2072 λέγουσαι
3718 2019 3731 2033 ⁸
3791 2004 3878 2058 Μή

2277 2110 2402 2144 ποτε
2426 2090 2520 2143 οὐκ
2546 2089 2741 2164 ἀρκέσῃ
2770 2093 2895 2164 ἡμῖν
2920 2095 3009 2144 καὶ
3035 2093 3155 2164 ὑμῖν
3180 2111 3192 2124 ·
3261 2092 3539 2165 πορεύεσθε
3581 2086 3642 2142 δὶ
3685 2088 3877 2162 μᾶλλον

2277 2185 2408 2256 πρὸς
2436 2185 2553 2242 τοὺς
2581 2180 2898 2247 πωλουντας,
2941 2186 3030 2234 καὶ
3062 2179 3360 2256 ἀγοράσατε
3406 2179 3633 2240 ἑαυταῖς.
3695 2179 3877 2254 Ἀπερ-

2276 2275 2514 2343 χομένων
2547 2267 2605 2324 δὲ
2645 2270 2810 2323 αὐτῶν
2843 2268 3125 2345 ἀγοράσαι,
3159 2267 3306 2329 ἦλθεν
3348 2271 3373 2322 ό
3402 2273 3641 2342 νυμφίος,
3680 2274 3771 2320 καὶ
3821 2271 3878 2321 αἱ

2276 2361 2475 2434 ἕτοιμοι
2497 2360 2734 2420 εἰσῆλθον
2764 2359 2873 2432 μετ’
2902 2360 3062 2414 αὐτον
3089 2360 3160 2422 εἰς
3189 2363 3307 2421 τοὺς
3333 2362 3552 2433 γάμους,
3585 2364 3675 2412 καὶ
3713 2357 3880 2412 ἐκλεί-

2280 2454 2379 2510 σθη
2413 2454 2442 2510 ἡ
2479 2453 2630 2526 θύρα.
2661 2450 2906 2526 ’Υστερον
2931 2447 2990 2504 δε
3029 2454 3276 2522 ἔρχονται
3305 2454 3397 2503 καὶ
3439 2451 3495 2502 αἱ
3522 2449 3700 2503 λοιπαὶ
3746 2469 3880 2522 παρ-

2281 2543 2431 2608 θένοι,
2464 2540 2754 2611 λέγουσαι·
2817 2543 2992 2614 Κύριε,
3045 2543 3220 2614 Κύριε,
3272 2539 3473 2603 ἄνοιξον
3523 2535 3668 2610 ημῖν.
3712 2539 3770 2590 Ὀ
3819 2535 3881 2591 δί

2277 2631 2598 2701 ἀποκριθεὶς,
2632 2628 2803 2684 εἶπενο
2853 2630 3017 2704 Ἀμήν
3067 2630 3196 2702 λέγω
3239 2632 3381 2704 ὑμῖν,
3429 2630 3525 2683 ούκ
3549 2625 3674 2682 οἶδα
3719 2631 3874 2701 ὑμᾶς.

2282 2728 2567 2776 ΛΟΥΚΑΣ.
2612 2719 2971 2792 Ἀγωνίσασθε
2997 2719 3238 2773 εἰσελθεῖν
3265 2721 3380 2786 (61)
3433 2715 3527 2772 διὰ
3562 2727 3658 2780 τῆς
3695 2727 3880 2780 στενῆς

2278 2811 2467 2879 πύλης,
2515 2812 2595 2864 ὅτι
2629 2809 2825 2879 πολλοὶ,
2859 2809 2988 2882 iii-rw
3031 2812 3174 2882 ύμῖν,
3231 2810 3556 2871 ζητήσουσιν
3607 2808 3878 2873 εἰσελθεῖν,

2279 2906 2369 2954 καὶ
2389 2902 2482 2954 οὐκ
2515 2902 2858 2974 ἰσχύσουσιν.
2903 2899 3012 2972 Ἀφ’
3043 2899 3104 2952 οὗ
3135 2897 3196 2951 ἆν
3248 2898 3431 2975 ἐγερθῇ
3484 2900 3510 2951 ό
3560 2894 3880 2952 οἰκοδεσπό-

2279 3011 2390 3059 της,
2422 2996 2512 3044 καὶ
2542 2989 2824 3063 ἀποκλείσῃ
2857 2994 2951 3048 τήν
2979 2991 3161 3064 θύραν,
3188 2994 3279 3042 καὶ
3303 2989 3537 3065 ἄρξησθε
3579 2988 3673 3052 ἔξω
3719 2987 3880 3040 ἐστά-

2277 3103 2382 3150 ναι,
2437 3086 2528 3134 καὶ
2579 3083 2782 3154 κρούειν
2824 3084 2919 3138 τήν
2960 3081 3138 3154 θύραν,
3179 3079 3406 3150 λέγοντες
3430 3099 3442 3113 ·
3487 3080 3663 3150 Κύριε,
3699 3079 3875 3150 Κύριε,

2765 3172 2856 3222 καὶ
2900 3167 3200 3241 ἀποκριθεὶς
3253 3166 3355 3241 ἐρεὶ
3394 3167 3504 3238 (62)
3553 3168 3713 3238 ύμῖν·
3765 3165 3882 3219 Οὐκ

2280 3259 2404 3316 οἶδα
2432 3264 2563 3334 ὑμᾶς
2591 3261 2743 3313 πόθεν
2774 3258 2907 3313 ἐστέ.
2942 3265 3111 3312 ΠΡΟΣ
3151 3264 3298 3314 KOP.
3329 3255 3400 3330 β’.
3453 3252 3594 3310 Ἰδού
3635 3276 3725 3308 νυν
3763 3276 3885 3310 και·

2279 3354 2368 3426 ρός
2398 3346 2796 3425 εὐπρόσδεκτος,
2832 3345 2952 3401 ἰδού
2981 3369 3069 3400 νυν
3120 3349 3290 3422 ἡμέρα
3337 3351 3600 3422 σωτηρίας
3629 3365 3645 3380 ·
3706 3341 3882 3418 μηδε-

2279 3446 2399 3516 μίαν
2430 3439 2478 3492 ἐν
2509 3436 2698 3513 μηδενὶ
2728 3435 2964 3501 διδόντες
2989 3441 3280 3513 προκοπήν,
3313 3436 3396 3489 ἵνα
3440 3440 3512 3508 μή
3563 3436 3788 3508 μωμηθῇ
3845 3436 3878 3494 ἡ
3973 3433 3978 3437 ’

2282 3529 2545 3596 διακονία,
2578 3528 2684 3582 ἀλλ’
2718 3527 2768 3580 ἐν
2792 3532 2948 3581 παντὶ
2981 3535 3322 3589 συνιστῶντες
3353 3525 3586 3590 ἑαυτοὺς,
3638 3527 3704 3586 ὡς
3745 3530 3882 3578 Θεου

2283 3618 2522 3674 διάκονοι
2548 3626 2716 3673 ΠΡΟΣ
2745 3624 2897 3672 ΓΑΛ.
2930 3615 3070 3692 Ἀρα
3089 3613 3176 3669 οὖν
3203 3619 3267 3678 ὡς
3287 3619 3470 3690 καιρὸν
3494 3617 3703 3687 ἔχομεν,
3731 3613 3884 3688 ἐργα-

2283 3712 2493 3786 ζώμεθα
2519 3711 2578 3764 τὸ
2609 3708 2803 3783 ἀγαθὸν
2831 3709 2958 3782 πρὸς
2985 3709 3200 3770 πάντας.

2941 3857 3110 3904 ΟΡΟΣ
3146 3848 3217 3905 Β’.

2278 3963 2399 4016 Ὀτι
2422 3959 2680 4016 ἀδύνατον
2709 3957 2745 4014 δ
2749 3959 2996 4014 ουλενσαι
3025 3967 3140 4030 Θεῷ
3170 3960 3260 4011 τὸν
3307 3963 3396 4011 καὶ
3443 3963 3548 4018 τοῖς
3597 3955 3883 4032 ἀλλοτρίοις

2485 4060 2576 4114 τῆς
2603 4050 2896 4114 θεοσεϐείας
2925 4049 3319 4124 ἐπιμιγνύμενον
3347 4049 3671 4124 πράγμασιν,

2869 4211 3152 4286 Κεφάλαιον
3189 4211 3255 4267 α’.
3743 4283 3746 4288 ι

2348 4329 2716 4380 ΜΑΤΘΑΙΟΣ.
2743 4318 2934 4384 Οὐδεὶς
2957 4319 3180 4374 δύναται
3203 4317 3331 4373 δυσὶ
3345 4323 3549 4396 κυρίοις
3568 4316 3840 4392 δομλεύειν
3862 4341 3879 4355 ο

2279 4419 2308 4478 ἢ
2337 4420 2436 4491 γὰρ
2463 4421 2550 4468 τὸν
2595 4417 2682 4468 ἕνα
2723 4419 2963 4488 μισήσει,
3004 4417 3096 4465 καὶ
3139 4414 3224 4466 τὸν
3272 4413 3439 4486 ἕτερον
3492 4409 3755 4484 ἀγαπήσει
3783 4432 3797 4446 ·
3849 4413 3879 4471 ἣ

2281 4508 2388 4570 ἐνὸς
2422 4505 2703 4572 ἀνθέξεται,
2736 4507 2825 4557 καὶ
2853 4523 2943 4556 του
2991 4502 3166 4577 ἐτέρου
3209 4507 3610 4576 καταφρονήσει.
3664 4501 3742 4554 OG
3791 4498 3888 4554 δύο

511 4597 737 4654 servire
747 4602 802 4652 et
817 4565 2051 4671 mammonae(Matth.vx,24).Noliteiugum

2279 4565 2438 4651 νασθε
2459 4565 2573 4666 Θεῷ
2606 4565 2867 4648 δούλεύειν
2898 4596 2988 4645 xui
3018 4565 3242 4665 μαμωνᾴ
3271 4565 3440 4644 ΠΡδΣ
3466 4598 3619 4648 ΚΟΡ.
3793 4596 3882 4650 Μὴ

513 4702 645 4744 cere
663 4703 798 4743 cum
818 4687 1329 4757 inﬁdelibus.Quw
1344 4689 1499 4745 enim
1509 4691 1905 4760 participatio
1914 4692 2174 4760 justitiae

511 4792 646 4834 cum
669 4777 988 4848 iniquitate
1007 4777 1035 4833 ?
1055 4784 1163 4834 aut
1183 4793 1316 4851 quae
1339 4779 1587 4836 societas
1621 4780 1745 4835 luci
1767 4780 1850 4837 ad
1867 4781 2176 4838 tenebras?

514 4881 646 4940 quae
674 4873 876 4924 autem
906 4868 1218 4924 conventio
1243 4869 1484 4925 Christo
1502 4869 1584 4925 ad
1624 4870 1823 4926 Belial
1843 4874 1868 4924 .7
1910 4876 2016 4926 aut
2041 4886 2174 4942 qua:

505 4971 659 5028 pars
686 4957 865 5027 fideli
883 4973 1014 5014 cum
1031 4958 1265 5026 inﬁdeli
1278 4962 1303 5012 .9
1323 4960 1456 5031 quis
1476 4965 1675 5017 autem
1693 4975 2011 5018 consensus
2036 4965 2176 5017 tem-

512 5049 617 5120 plo
637 5049 749 5104 Dei
765 5063 900 5103 cum
925 5047 1104 5104 idolis
1123 5051 1152 5102 ?
1175 5048 1261 5119 (ΙΙ
1277 5048 1406 5105 Cor.
1435 5065 1515 5120 vr,
1543 5049 1750 5120 lli-i6),

519 5193 691 5260 Quod
715 5197 953 5266 oportet
973 5210 1109 5250 eum
1137 5195 1243 5267 qui
1281 5193 1606 5266 Evangelia
1643 5193 1868 5263 obedit,
1915 5193 2177 5265 primum

587 5284 836 5359 purgari
859 5284 938 5342 ab
966 5285 1134 5341 omni
1162 5284 1624 5357 inquinamento
1663 5283 1862 5341 carnis
1907 5288 1964 5340 et
2006 5283 2178 5358 spiri-

593 5573 722 5646 (60)_
739 5574 998 5641 Utraque
1023 5571 1205 5628 editio
1228 5573 1409 5646 καιρὸν
1440 5569 1654 5645 ἐπιμερή
1666 5587 1866 5633 σαντος.
1899 5569 2059 5628 Libri
2084 5584 2184 5627 ve-

521 5643 675 5720 tetes
705 5643 950 5720 ἐπιμετρή
961 5663 1115 5720 σαντο
1127 5665 1164 5720 ς..

592 5718 704 5795 (61)
734 5713 1111 5789 Βὲ8.’ῑθι·ιὶυε
1133 5714 1452 5790 ἀγωνίζεσθε
1490 5713 1752 5771 εῖσελθείν.

2281 4688 2484 4760 γίνεσθε
2515 4685 2930 4760 ἑτεροζυγουντες
2960 4680 3222 4742 ἀπίστοις.
3261 4685 3352 4743 Τίς
3397 4681 3499 4754 γὰρ
3543 4685 3747 4754 μετοχή
3805 4677 3889 4733 δι-

2281 4778 2534 4849 καιοσύνῃ
2566 4779 2656 4827 καὶ
2688 4772 2876 4847 ἀνομίᾳ
2909 4791 2922 4841 ;
2961 4773 2990 4832 ἦ
3036 4777 3112 4833 τίς
3149 4775 3393 4825 κοινωνία
3421 4775 3552 4843 φωτὶ
3580 4773 3706 4845 πρὸς
3755 4773 3888 4822 σκό-

2282 4888 2365 4930 τος
2394 4886 2408 4937 ;
2440 4872 2521 4927 τίς
2553 4862 2613 4919 δὶ
2654 4871 2994 4938 συμφώνησις
3036 4871 3249 4937 Χριστῷ
3288 4866 3414 4938 πρὸς
3469 4860 3688 4928 Βελίαλς
3720 4863 3749 4921 ἧ
3804 4867 3889 4923 τίς

2283 4961 2426 5032 μερὶς
2455 4963 2627 5027 πιστῷ
2653 4955 2783 5027 μετά
2812 4951 3077 5020 ustio-sou;
3119 4957 3200 5016 τίς
3249 4948 3309 5004 δὲ
3349 4952 3736 5024 συγκατάθεσις
3781 4958 3886 5020 ναῷ

2286 5057 2418 5104 Θεου
2445 5049 2575 5121 μετά
2605 5042 2828 5099 εἰδώλων
2858 5061 2872 5112 ;

2283 5190 2404 5244 Ὀτι
2436 5193 2521 5243 τὸν
2561 5191 2935 5244 ὑπακούσαντα
2985 5188 3098 5259 (63)
3150 5196 3222 5258 τῷ
3279 5185 3573 5259 Εύάγγελίῳ
3623 5183 3707 5239 δεῖ
3749 5192 3889 5258 πρῶ-

2358 5301 2443 5336 τον
2504 5282 2895 5357 καθαρισθῆναι
2947 5277 3048 5331 ἀπὸ
3115 5281 3305 5339 παντὸς
3369 5276 3641 5350 μολυσμου
3699 5277 3891 5350 σαρκός

2299 5643 2312 5660 ε
2361 5569 2473 5659 (_62)
2504 5567 2700 5657 pditio
2721 5568 2978 5639 utraque
3017 5563 3137 5640 ἐρεῖ,
3184 5563 3299 5618 οὐκ.
3350 5565 3492 5636 Reg.
3539 5563 3747 5622 tertius
3794 5561 3903 5641 ἐρεῖ

2290 5643 2432 5715 ὑμῖν,
2460 5639 2574 5694 ούκ.

2363 5713 2481 5788 (63)
2513 5714 2654 5784 Reg.
2686 5709 2894 5768 tertius
2917 5711 3006 5762 τὸν
3029 5709 3380 5766 ὑπακούοντα.
