4110 6374
215 339 326 396 705

1731 321 2066 379 MORALIA.

3469 337 3576 391 706

291 468 381 518 καὶ
412 463 718 535 πνεύματος,
749 460 832 512 ἶνα
855 459 1015 519 οὑτως
1045 452 1386 530 εύπρὸδεκτος
1404 459 1478 522 τῷ
1518 457 1631 521 Θεῷ
1668 450 1818 521 γένη·
1848 492 1853 502 .

1981 465 2044 514 ιε,
2086 452 2148 505 ut
2180 449 2264 506 sic
2285 454 2568 524 acceptus
2598 451 2705 508 ﬁat
2733 453 2852 510 Deo
2885 453 2947 510 in
2995 458 3412 527 perpetrandis
3439 475 3578 517 san-

289 573 378 608 ται
403 551 451 606 ἕν
476 559 584 614 τοῖς
612 561 708 613 τῆς
734 549 1034 622 ἁγιωσύνης
1062 547 1488 621 κατορθώμασιν.

862 692 1052 766 Κεφάλ.

294 809 661 860 ΜΑΤΘΑῘΟΣ.
713 805 848 856 Οὐαὶ
878 805 1016 875 ὑμῖν,
1064 806 1388 875 γραμματεῖς
1425 800 1514 849 καὶ
1544 799 1821 869 Φαρισαῖοι

225 896 527 970 ὑποκριταὶ,
559 896 638 947 ὅτι
665 893 972 966 καθαρίζετε
997 894 1054 943 τὸ
1088 890 1267 953 ἔξωθεν
1298 895 1389 941 τοῦ
1436 889 1688 960 ποτηρίου
1732 883 1822 935 καί

226 981 659 1059 τῆςπαροψίδος,
713 983 899 1035 ἔσωθεν
951 977 1009 1034 δὲ
1049 984 1302 1052 γέμουσιν
1350 977 1404 1040 ἐξ
1452 976 1690 1051 ἁρπαγῆς
1733 977 1823 1025 καὶ

229 1073 484 1150 ἀκρασίας
514 1075 644 1142 (64).
695 1079 946 1146 Φαρισαῖε
991 1069 1164 1143 τυφλὲ,
1215 1070 1501 1141 καθάρισον
1532 1073 1733 1140 πρῶτον
1765 1066 1822 1115 τὸ

230 1163 485 1228 ἐντὸςτοῦ
540 1167 790 1236 ποτηρίου
839 1166 929 1213 καὶ
975 1170 1071 1221 τῆς
1117 1155 1436 1232 παροψίδος,
1486 1158 1568 1209 ἵνα
1612 1159 1826 1226 γένηται

230 1260 320 1308 καὶ
345 1258 403 1307 τὸ
434 1251 580 1314 ἐκτὸς
609 1252 776 1305 αὐτῶν
807 1253 1056 1326 καθαρόν.
1103 1256 1272 1302 ΠΡΟΣ
1305 1254 1453 1302 ΚΟΡ.
1626 1248 1830 1305 Ταύτας

230 1340 318 1396 οὖν
375 1346 582 1414 ἔχοντες
627 1346 720 1404 τάς
772 1341 1140 1413 έππαγγελίας,
1201 1337 1486 1411 ἀγαπητοι,
1531 1338 1828 1410 καθαρίσω-

230 1450 320 1505 μεν
347 1431 563 1492 ἑαυτοὺς
583 1429 682 1483 ἀπὸ
735 1434 928 1491 παντὸς
975 1429 1247 1502 μολυσμοῦ
1303 1429 1491 1500 σαρκὸς
1546 1429 1636 1477 καὶ
1681 1427 1830 1476 πνεύ-

232 1539 418 1594 ματος,
445 1519 787 1582 ἐπιτελοῦντες
817 1519 1114 1592 ἁγιωσύνην
1145 1515 1192 1569 έν
1223 1515 1360 1589 φόϐῳ
1387 1523 1540 1568 Θεοῦ.

229 1736 351 1791 Ὀτι
376 1732 634 1790 ἀδύνατον
654 1735 897 1809 μαθητὴν
925 1742 1017 1787 τοῦ
1050 1737 1245 1808 Κυρίου
1275 1733 1514 1805 γενέσθαι
1537 1732 1624 1783 τὸν
1667 1747 1830 1805 προσ-

301 1828 483 1888 παθῶς
521 1829 714 1898 ἔχοντα
749 1827 880 1898 πρὸς
923 1843 974 1877 τι
1015 1830 1116 1875 τῶν
1162 1827 1451 1896 παρόντων,
1501 1821 1532 1879 ἦ
1582 1818 1829 1891 ἀνεχόμεο
1859 1803 1906 1858 Β

302 1921 389 1969 νόν
416 1935 550 1978 τινος
577 1924 678 1969 τῶν
697 1919 788 1968 καὶ
818 1913 896 1966 ἐπ’
928 1912 1101 1986 ὅλιγον
1127 1915 1242 1984 (65)
1275 1910 1590 1984 ἀφελκόντων
1626 1907 1832 1969 ἐντολῆς

306 2012 462 2062 Θεοῦ.

874 2128 1064 2202 Κεφάλ.
1121 2126 1190 2201 γ’.

303 2223 672 2276 ΜΑΤΘΑῘΟΣ.
713 2218 773 2272 Ὀ
821 2219 975 2292 φιλῶν
1023 2221 1224 2294 πατέρα
1271 2217 1300 2276 ἦ
1351 2220 1553 2291 μητέρα
1585 2218 1711 2290 ὑπὲρ
1749 2215 1844 2290 ἔμε

237 2312 330 2365 οὐκ
357 2314 472 2364 ἔστι
497 2330 598 2384 μου
625 2309 785 2373 ἄξιος.
820 2314 922 2363 Καὶ
945 2311 969 2361 ὁ
997 2308 1153 2382 φιλῶν
1184 2311 1294 2360 υἱον
1335 2308 1364 2366 ἡ
1415 2309 1678 2380 θυγατέρα
1707 2308 1833 2381 ὑπερ

240 2401 346 2475 ἐμὲ,
387 2400 481 2454 ούκ
506 2403 620 2453 ἔστι
651 2419 750 2473 μου
781 2399 947 2462 ἄξιος.
983 2404 1084 2452 Καὶ
1110 2397 1163 2461 ὃς
1184 2399 1242 2450 ού
1268 2396 1518 2470 λαμϐάνει
1547 2400 1634 2449 τὸν
1679 2415 1838 2449 σταυ-

239 2491 328 2564 ρὸν
385 2491 570 2554 αὑτοῦ,
630 2493 721 2562 γαὶ
763 2486 1037 2542 ἀκολουθεῖ
1086 2487 1255 2540 ὀπίσω
1307 2506 1431 2559 μου,
1472 2485 1564 2538 οὐκ
1603 2488 1716 2537 ἔστι
1736 2504 1835 2558 μου

241 2579 516 2642 ἄξιος......
550 2581 612 2633 Εἰ
638 2598 716 2640 τις
742 2577 872 2632 θέλει
897 2578 1066 2630 ὀπίσω
1091 2596 1192 2650 μου
1224 2575 1402 2643 ἐλθεῖν,
1447 2575 1839 2650 ἀπαρνησάσθω

244 2667 443 2737 ἐαυτὸν,
476 2673 568 2722 καὶ
608 2667 785 2744 ἀράτω
809 2670 895 2720 τὸν
927 2671 1150 2742 σταυρὸν
1177 2667 1357 2732 αὑτοῦ,
1381 2670 1471 2718 καὶ
1496 2663 1842 2717 ἀκολουθείτω

244 2778 356 2833 μοι.
381 2757 478 2822 Ὃς
495 2760 596 2834 γὰρ
623 2757 684 2810 ἃν
709 2758 824 2832 θέλῃ
861 2762 954 2818 τήν
982 2757 1169 2830 ψυχήν
1209 2759 1368 2809 αὐτου
1425 2764 1616 2822 σῶσαι,
1665 2753 1843 2807 ἀπολέ-

247 2868 328 2904 σει
347 2849 510 2908 αὐτήν
523 2850 660 2920 (66).

905 2979 1072 3026 οΡοΣ
1109 2969 1179 3030 Γ.

245 3061 369 3116 Ὀτι
395 3066 573 3137 πρώτη
605 3067 694 3115 καὶ
721 3063 920 3137 μεγάλη
968 3061 1138 3120 ἐντολή
1201 3060 1250 3114 έν
1302 3069 1376 3132 τῷ
1413 3064 1553 3135 νόμῳ
1590 3060 1691 3112 ὑπὸ
1752 3077 1844 3112 του

1929 538 2232 595 οιὶωοῃὶω
2262 541 2570 613 operibus.

2597 686 2795 757 Caput
2830 688 2912 744 ῙῙ.

2013 797 2112 854 Vae
2151 797 2334 864 vobis,
2369 799 2579 855 scribae
2621 805 2674 855 et
2705 799 3004 855 Pharisazi
3047 799 3398 871 hypocrita,
3441 804 3584 874 quia

1932 885 2240 941 mundatis
2270 893 2581 944 externam
2605 889 2812 956 poculi
2840 889 3184 961 patinaeque
3215 898 3473 959 partem,
3496 895 3585 948 in-

1934 975 2224 1032 trinsecus
2237 983 2434 1033 autem
2443 979 2629 1047 plena
2639 984 2779 1033 sunt
2794 981 3015 1047 rapina
3027 985 3078 1035 et
3093 980 3584 1050 intemperantia.

1933 1066 2243 1124 Pharisave
2274 1083 2446 1136 cwce,
2467 1069 2696 1125 munda
2715 1070 2885 1138 prius
2916 1069 3078 1140 quod
3105 1076 3189 1126 est
3217 1073 3384 1129 intra
3410 1089 3591 1142 pocu-

1937 1156 2063 1212 lum
2093 1163 2148 1212 et
2165 1158 2465 1226 patinam,
2506 1164 2570 1212 ut
2615 1164 2670 1215 et
2713 1160 3036 1215 exteriores
3075 1161 3342 1229 ipsorum
3380 1169 3588 1232 partes

1931 1261 2107 1314 pura?
2143 1249 2298 1314 ﬁant
2348 1248 2592 1316 (Matth.
2645 1263 2808 1316 xxxii,
2864 1251 2954 1314 25,
3003 1251 3117 1319 26).
3145 1249 3269 1306 Has
3309 1267 3451 1322 ergo
3483 1253 3591 1309 ha-

1940 1334 2136 1390 bentes
2169 1335 2340 1406 237
2375 1337 2817 1407 promissiones,
2844 1339 3204 1408 charissimi,
3237 1342 3592 1398 mandemus

1938 1439 2046 1479 nos
2075 1424 2150 1479 ab
2177 1427 2340 1480 omni
2366 1427 2821 1497 inquinamento
2847 1429 3052 1483 carnis
3081 1433 3134 1484 et
3166 1431 3440 1498 spiritus,
3465 1447 3596 1501 per-

1937 1515 2198 1584 ﬁcientes
2227 1516 2763 1585 sanctiﬁcationem
2803 1517 2866 1574 in
2915 1518 3126 1575 timore
3180 1522 3282 1576 Dei
3329 1519 3420 1590 (II
3453 1521 3590 1578 Cor.

1939 1621 2038 1674 vn,
2073 1606 2120 1677 1)

1942 1733 2118 1800 Quod
2139 1733 2514 1806 impossibile
2539 1737 2628 1791 est
2647 1733 3014 1808 discipulum
3044 1737 3280 1794 Domini
3299 1739 3424 1796 ﬁeri
3452 1755 3595 1797 eum

2011 1824 2116 1898 qui
2171 1839 2235 1879 re
2275 1823 2480 1897 aliqua
2533 1826 2816 1897 praesenti
2872 1825 3148 1896 afﬁcitur,
3207 1834 3313 1886 aut
3363 1830 3594 1902 aliquid

2011 1911 2247 1981 tolerat,
2297 1912 2466 1984 quod
2516 1929 2578 1968 se
2634 1911 2727 1970 vel
2781 1912 3018 1970 modice
3070 1930 3108 1971 a
3159 1915 3264 1972 Dei
3303 1919 3596 1976 mandato

2014 2005 2242 2060 avocet.

2598 2129 2799 2198 Caput
2829 2129 2946 2187 III.

2019 2217 2136 2285 Qui
2151 2223 2318 2274 amat
2333 2223 2572 2287 patrem
2599 2224 2702 2275 aut
2718 2225 2970 2276 matrem
2991 2221 3132 2290 plus
3147 2237 3326 2294 quam
3347 2241 3461 2297 me,
3478 2241 3602 2285 non

1944 2310 2027 2364 est
2053 2323 2147 2364 me
2169 2307 2259 2377 dig
2271 2323 2402 2362 nus.
2426 2307 2504 2362 Et
2535 2312 2640 2380 qui
2682 2315 2847 2364 amat
2882 2310 3074 2378 ﬁliam
3098 2319 3202 2367 aut
3226 2314 3424 2381 ﬁlium
3461 2317 3602 2386 plus

1946 2413 2126 2469 quam
2155 2413 2265 2462 me,
2299 2413 2419 2453 non
2440 2404 2523 2453 est
2555 2413 2645 2455 me
2677 2399 2918 2469 dignus.
2953 2401 3030 2456 Et
3077 2404 3184 2473 qui
3211 2419 3333 2459 non
3381 2407 3604 2476 accipit

1949 2501 2184 2543 crucem
2213 2501 2384 2542 suam
2411 2493 2464 2543 et
2516 2490 2791 2558 sequitur
2827 2504 2938 2559 me,
2987 2506 3108 2546 non
3152 2498 3237 2548 est
3266 2509 3360 2548 me
3383 2494 3605 2565 dignus

1952 2575 2192 2642 (Matth.
2223 2592 2274 2636 x.
2309 2579 2398 2636 37.
2422 2580 2536 2646 38).
2566 2576 2632 2632 Si
2659 2578 2792 2648 quis
2813 2579 2945 2633 vult
2972 2585 3105 2648 post
3133 2596 3228 2637 me
3255 2584 3477 2652 venire,
3507 2585 3606 2641 ab-

1951 2671 2122 2736 neget
2141 2667 2537 2735 semetipsum,
2561 2671 2614 2721 et
2641 2666 2816 2722 tollat
2839 2683 3077 2724 crucem
3098 2685 3288 2735 suam,
3327 2679 3381 2728 et
3402 2689 3608 2745 sequa-

1954 2761 2053 2811 tur
2070 2769 2180 2811 me.
2212 2756 2323 2814 Qui
2339 2755 2494 2811 enim
2516 2755 2640 2810 vult
2659 2757 2923 2812 animam
2942 2773 3114 2814 suam
3131 2760 3361 2818 salvam
3377 2762 3606 2835 facere,

1947 2843 2158 2914 perdet
2189 2857 2317 2900 eam
2337 2842 2582 2914 (Matth.
2615 2859 2732 2907 xw,
2755 2847 2846 2911 24,
2869 2849 2981 2914 25).

2577 2969 2863 3026 REGULA
2894 2969 2986 3026 Ill.

1955 3057 2132 3126 Quod
2170 3055 2437 3130 primum
2477 3061 2535 3113 et
2579 3073 2874 3128 magnum
2927 3062 3283 3120 mandatum
3317 3065 3375 3122 in
3421 3064 3615 3139 leges

320 3157 517 3228 Κυρίου
543 3152 901 3227 ἐμαρτυρήθη,
935 3150 1143 3224 ἀγαπᾷν
1172 3154 1258 3203 τὸν
1307 3154 1435 3205 Θεὸν
1485 3149 1539 3213 ἐξ
1583 3149 1705 3212 ὅλης
1756 3157 1846 3211 τῆς

2029 3145 2284 3204 Domino
2305 3145 2678 3202 declaratum
2704 3149 2781 3203 sit
2801 3148 2948 3203 illud
2974 3165 3127 3222 esse,
3153 3152 3341 3210 Deum
3366 3155 3614 3227 diligere

317 3239 574 3318 καρδίας·
634 3247 726 3296 καὶ
779 3238 1018 3317 δευτέρα,
1083 3240 1290 3313 ἀγαπᾷν
1346 3244 1434 3293 τὸν
1494 3239 1717 3300 πλησίον
1782 3242 1847 3302 ὡς

319 3332 518 3387 ἑαυτὸν.

890 3437 1080 3510 Κεφάλ.
1143 3435 1207 3492 α’.

319 3533 688 3586 ΜΔΤΘΑΙΟΣ.
745 3525 806 3579 Ὀ
837 3523 896 3580 δὲ
924 3526 1126 3587 Ἰησους
1154 3527 1247 3598 ἔφη
1277 3525 1418 3597 αύτῷ
1461 3548 1474 3560 ο
1538 3526 1854 3599 Ἀγαπήσεις

251 3623 444 3696 Κύριον
471 3623 560 3674 τὸν
591 3623 720 3672 Θεὸν
761 3637 855 3670 σου
883 3617 935 3679 έξ
963 3616 1081 3677 ὅλης
1109 3625 1202 3678 τῆς
1243 3613 1471 3692 καρδίας
1506 3636 1622 3684 σου,
1667 3623 1757 3669 καὶ
1803 3617 1855 3680 ἐξ

252 3711 371 3772 ὅλης
389 3719 481 3771 τῆς
503 3709 688 3781 ψυχῆς
719 3726 835 3774 σου,
862 3711 953 3758 καὶ
983 3705 1026 3766 ἐς
1053 3705 1170 3767 ὅλης
1196 3715 1291 3769 τῆς
1325 3706 1515 3778 ἰσχύος
1542 3726 1657 3774 σου,
1690 3711 1781 3759 καὶ
1802 3707 1856 3770 ἐξ

254 3800 372 3862 ὅλης
399 3807 494 3862 τῆς
526 3796 760 3859 διανοίας
791 3815 908 3851 σου.
944 3796 1085 3853 Αύτη
1120 3795 1260 3848 ἐστὶν
1291 3797 1321 3854 ή
1360 3801 1541 3870 πρώτη
1569 3802 1659 3849 καὶ
1685 3798 1856 3869 μεγά-

253 3891 318 3950 λη
341 3889 514 3948 έντολή
544 3909 558 3924 ο
601 3884 822 3962 δευτέρα
851 3883 910 3939 δε
939 3886 1113 3958 ὁμοία,
1148 3885 1280 3943 αὕτη
1313 3887 1430 3951 (67)
1457 3907 1469 3920 ·
1534 3885 1858 3958 Ἀγαπήσεις

253 3983 343 4034 τὸν
381 3978 602 4038 πλησίον
634 3996 728 4030 σου
759 3979 829 4039 ὡς
858 3975 1060 4031 έαυτόν.

252 4104 372 4158 Ὀτι
401 4104 614 4176 ἔλεγχος
651 4109 743 4155 τοῦ
772 4107 843 4176 μὴ
888 4099 1094 4172 ἀγαπᾷν
1124 4103 1212 4152 τὸν
1263 4103 1412 4168 Θεὸν,
1458 4104 1548 4152 καὶ
1597 4101 1687 4153 τὸν
1730 4107 1860 4174 Χρι-

330 4198 447 4248 στὸν
473 4194 652 4260 αύτου,
684 4195 763 4259 τὸ,
797 4193 891 4254 τὰς
919 4189 1120 4252 ἐντολὰς
1147 4189 1307 4243 αὐτου
1339 4195 1410 4263 μή
1443 4197 1618 4264 τηρεῖν
1653 4211 1665 4223 ·
1723 4187 1860 4242 ἀπὸ-

332 4279 496 4346 δειξις
522 4278 581 4335 δὲ
622 4300 714 4333 του
747 4279 973 4352 ἀγαπᾷν,
1024 4280 1052 4336 ἡ
1104 4283 1328 4352 τήρησις
1366 4286 1466 4330 τῶν
1516 4278 1722 4331 ἐντολῶν
1768 4297 1861 4330 του

329 4381 588 4447 Χριστου,
613 4370 660 4423 ἐν
683 4371 914 4443 ὑπομονῇ
944 4367 1058 4440 68)
1085 4376 1182 4419 τῶν
1211 4367 1368 4420 αύτου
1411 4369 1737 4440 παθημάτων
1777 4371 1863 4441 μέ·
1895 4406 1939 4460 D

331 4483 430 4538 χρι
463 4463 706 4515 θανάτου.

904 4564 1094 4638 Κεφάλ.

336 4685 660 4738 ΙΩΑΝΝΗΣ.
714 4677 772 4730 '0
826 4678 962 4749 ἔχων
1014 4674 1105 4734 τὰς
1161 4671 1360 4734 ἐντολάς
1431 4691 1556 4746 μου,
1617 4679 1709 4728 καὶ
1775 4693 1866 4734 τη-

339 4970 461 5042 (64)
476 4963 783 5042 γοᾲοιιὶθζίξ
807 4963 1035 5042 addida
1062 4965 1244 5042 este};
1259 4961 1521 5035 antiquis
1543 4960 1873 5042 (111619118ιί-

267 5033 410 5100 bris.
439 5033 674 5095 Ibidem
699 5039 838 5111 Reg.
872 5037 1104 5109 primus
1131 5034 1184 5098 ἐξ
1212 5033 1426 5111 ἁρπαγῆ
1437 5055 1459 5096 ς
1497 5040 1588 5088 καὶ
1634 5033 1867 5104 ἀδικίας,

268 5117 494 5185 rapina
514 5117 568 5168 et
591 5110 930 5185 iniquitate.

340 5178 459 5260 (65)
494 5186 635 5260 Reg.
659 5178 866 5260 textilis
897 5183 986 5260 κάὶ
1015 5178 1131 5260 κατ’
1153 5178 1344 5260 ὀλίγον,

340 5249 454 5329 (66)
505 5249 640 5329 Post
694 5250 860 5329 illud,
914 5249 1150 5302 ἀπολέσει
1209 5249 1671 5329 αὐτὴν,ηειᾴάὶιθἈ
1713 5251 1876 5308 inve-

268 5323 518 5388 niuntur
560 5327 663 5382 illa
715 5339 790 5379 ex
842 5325 1003 5396 Luca
1061 5338 1136 5396 ιε.
1198 5327 1258 5377 61
1303 5328 1360 5396 e_t
1405 5326 1492 5396 62,
1523 5323 1582 5377 in
1613 5323 1708 5378 his
1739 5340 1876 5396 quin

271 5365 508 5388 μιυμιυ.
560 5365 663 5382 μ...
716 5365 790 5379 υ..
842 5365 996 5378 ..ι-υ...
1062 5365 1136 5376 η..
1201 5365 1258 5377 υ.
1304 5365 1360 5377 υ.
1408 5365 1472 5378 ν..
1613 5365 1707 5378 ...υ
1740 5365 1876 5396 ,μιν

268 5396 722 5474 jam_in_dic_avi
769 5391 1402 5474 exemplaribus-"sim
1461 5365 1529 5452 δὴ
1620 5400 1710 5447 καὶ
1777 5397 1879 5448 ἓτε-

275 5464 386 5548 ρρς,
415 5469 773 5548 ἀκολουθήσω,
802 5471 858 5522 et
875 5464 1206 5548 eastera'ad
1250 5464 1381 5546 illas
1428 5481 1620 5548 usque
1676 5482 1878 5548 voces,

279 5535 352 5604 εἰς
375 5535 469 5600 τὴν
493 5541 764 5613 βασιλείαν
803 5546 895 5613 τοῦ
927 5544 1082 5590 Θεοῦ.
1117 5535 1372 5613 Item___in
1422 5535 1676 5613 utroque
1726 5537 1881 5613 libro

277 5617 447 5672 Mess.
472 5606 527 5668 et
555 5616 692 5681 Reg.
716 5611 884 5668 tertio
905 5613 1242 5680 sequuntur
1264 5606 1365 5663 illa
1385 5623 1454 5662 ex
1483 5606 1697 5664 eodem
1727 5611 1885 5665 Luca

279 5702 404 5756 xxv,
434 5686 504 5739 26
535 5687 592 5740 et
613 5699 726 5755 sq.,
776 5685 821 5735 εἶ
862 5701 941 5744 τις
994 5683 1210 5754 ἔρχεται
1250 5682 1382 5751 πρὸς
1423 5698 1506 5750 με,
1554 5685 1611 5737 et
1667 5687 1885 5738 caetera

2028 3253 2102 3293 ex
2128 3241 2250 3293 toto
2295 3235 2478 3292 corde
2503 3253 2514 3289 :
2543 3235 2878 3293 secundum
2910 3253 3074 3304 vero.
3102 3239 3348 3314 diligere
3377 3247 3620 3318 proxin-

2029 3343 2201 3383 mum
2232 3327 2384 3382 sicut
2411 3325 2698 3399 seipsum.

2641 3434 2842 3504 Caput
2891 3435 2940 3491 Ι.

2037 3523 2137 3579 Ait
2163 3524 2262 3578 illi
2282 3523 2480 3579 Jesus:
2518 3524 2733 3594 Diliges
2766 3527 3084 3584 Dominum
3109 3530 3298 3586 Deum
3325 3538 3496 3589 tuum
3544 3550 3621 3594 ea:

1965 3617 2085 3669 toto
2111 3613 2288 3668 corde
2319 3619 2438 3680 tuo,
2471 3618 2525 3668 et
2542 3628 2618 3668 ex
2642 3618 2767 3668 tota
2789 3616 2996 3670 anima
3021 3622 3146 3682 tua,
3172 3621 3225 3674 et
3249 3635 3322 3674 ex
3348 3627 3473 3678 tota
3487 3624 3621 3693 for-

1966 3701 2225 3758 titudine
2250 3706 2374 3768 tua,
2398 3707 2453 3758 et
2475 3716 2549 3758 ea:
2571 3707 2691 3758 tota
2712 3709 2906 3759 mente
2933 3709 3065 3760 tua.
3095 3706 3222 3762 Hoc
3247 3714 3332 3764 est
3357 3712 3622 3779 primum

1966 3797 2024 3848 et
2052 3806 2338 3862 magnum
2387 3791 2771 3857 mandatum;
2799 3792 3122 3850 secundum
3170 3803 3368 3854 autem
3408 3800 3623 3868 simile,

1968 3880 2132 3937 istud
2160 3886 2241 3936 est
2269 3894 2290 3936 :
2316 3880 2542 3950 Diliges
2577 3880 2928 3949 proximum
2983 3887 3152 3940 tuum
3183 3885 3338 3940 sicut
3369 3888 3625 3957 teipsum

1967 3969 2212 4042 (Matth.
2235 3984 2377 4038 xx",
2410 3972 2618 4048 37-39).

1970 4095 2143 4162 Quod
2165 4099 2595 4166 argumentum
2617 4094 2870 4168 sitquod
2885 4095 3021 4169 quis
3041 4099 3230 4154 Deum
3252 4114 3376 4157 non
3398 4101 3632 4173 diligat,

2043 4191 2101 4241 et
2124 4185 2318 4257 ipsius
2349 4184 2670 4248 Christum,
2723 4186 2772 4240 si
2805 4187 2993 4258 ipsius
3025 4188 3320 4246 mandata
3350 4207 3475 4248 non
3505 4209 3632 4250 ser-

2040 4280 2178 4331 vat:
2212 4273 2551 4331 dilectionis
2577 4281 2780 4331 autem
2829 4277 3173 4334 testiﬁcatio
3205 4285 3292 4337 est
3319 4283 3638 4340 mandato-

2043 4381 2183 4422 rum
2214 4365 2427 4422 Christi
2472 4364 2820 4421 observatio
2867 4365 2930 4420 in
2963 4367 3296 4425 tolerandis
3337 4387 3536 4445 usque
3558 4374 3638 4431 ad

2044 4460 2305 4511 mortem
2326 4451 2774 4521 afﬂictionibus,
2788 4471 2923 4527 quae
2941 4455 3100 4512 illius
3119 4473 3308 4516 causa
3330 4461 3634 4519 eveniunt.

2647 4563 2848 4634 Caput
2879 4565 2964 4620 II.

2052 4675 2169 4745 Qui
2186 4674 2363 4732 habet
2388 4672 2684 4731 mandata
2705 4688 2858 4745 mea,
2886 4678 2944 4730 et
2962 4681 3166 4733 servat
3193 4690 3282 4746 ea,
3306 4677 3414 4735 ille
3432 4685 3515 4736 est
3537 4683 3645 4753 qui

1979 4975 2176 5038 usque
2209 4961 2498 5038 advoces
2527 4959 2662 5038 has,
2693 4955 2746 5038 ξς
2791 4957 2884 5015 ούκ
2937 4959 3297 5038 ἀποτάσσεται
3341 4970 3475 5017 πᾶσι
3535 4972 3647 5026 τοῖς

1980 5031 2163 5110 ἑαυτοῦ
2193 5034 2553 5109 ὑπάρχουσιν,
2575 5034 2652 5110 μού.
2681 5031 2903 5087 δύναταί
2934 5054 3034 5108 μου
3068 5032 3194 5088 εἶναι
3224 5038 3433 5110 μαθητή
3447 5057 3488 5099 ς.

2055 5108 2166 5180 (67)
2200 5106 2459 5179 υιγεζῳιε
2512 5106 2698 5162 editio
2743 5113 2799 5162 et
2852 5106 3084 5180 antiqui
3128 5106 3246 5162 tres
3288 5109 3423 5164 libri
3470 5111 3649 5180 ὁμοία,

1983 5164 2505 5245 αὖέηξδθσιιηὲἰιιηι
2532 5184 2733 5234 autem
2771 5177 2934 5249 quod
2977 5164 3062 5233 εἐι
3103 5181 3317 5240 simile.
3346 5164 3512 5236 istud
3542 5164 3648 5237 est:

1985 5256 2056 5306 At
2078 5257 2271 5306 textus
2301 5267 2472 5306 sacer
2505 5256 2608 5306 aut
2636 5250 2790 5322 αὐτῇ,
2825 5254 2930 5305 aut
2967 5252 3152 5323 ταύτῃ,
3185 5253 3514 5308 secundum
3546 5269 3655 5310 au-

1987 5328 2102 5380 tem
2129 5323 2331 5378 simile
2361 5323 2523 5378 huic.

2057 5396 2174 5470 (68)
2209 5395 2468 5470 Utraque
2507 5392 2689 5470 e_ditio
2731 5399 2790 5450 et
2833 5395 2971 5470 Reg.
3021 5393 3348 5470 secundus,
3395 5402 3650 5470 Χριστοῦ,

1989 5466 2039 5518 ἐν
2069 5467 2324 5537 ὑπομονῇ.
2361 5464 2479 5537 Alii
2493 5465 2628 5537 duo
2659 5481 2802 5520 mss.
2830 5465 3085 5537 ὑπομονὴ,
3119 5471 3302 5537 atque
3326 5464 3655 5525 tolerantia

1989 5535 2416 5608 afﬂictionum.
2462 5536 2694 5592 Ibidem
2746 5539 2884 5605 Reg.
2935 5535 3168 5608 primus
3203 5535 3433 5594 recenti
3468 5555 3655 5596 manu

1990 5617 2092 5662 τῶν
2115 5609 2242 5682 ὑπερ
2266 5607 2428 5661 αύτού
2448 5609 2794 5680 παθημάτων,
