4110 6394
455 375 560 428 707
1840 346 1899 406 s.
1938 338 2189 402 assum
2224 336 2444 401 nam
3722 351 3829 410 ποθ

454 495 656 564 diligit
686 506 795 549 me.
830 489 946 558 Qui
964 501 1083 541 non
1103 482 1306 554 diligit
1328 494 1439 551 me,
1472 489 1771 535 sermones
1791 485 1950 529 meos
1990 484 2100 525 non

2224 474 2329 540 ρῶν
2356 470 2537 539 αὐτὰς,
2588 471 2772 534 ἐκεῖνός
2819 473 2959 527 ἐστιν
2990 474 3016 526 6
3056 473 3270 547 ἀγαπῶν
3313 493 3396 548 με.
3462 481 3506 527 Ο
3566 476 3638 549 μὴ
3700 474 3828 549 ἀγα-

450 590 651 644 servat
710 583 909 651 (Joan.
982 593 1102 640 xw,
1166 578 1255 633 2i.
1313 574 1423 637 24).
1481 569 1547 625 Si
1610 572 1913 636 praecepta
1983 573 2115 615 mea

454 672 862 739 servaveritis,
913 665 1232 724 manebitis
1283 664 1347 718 in
1396 660 1711 716 dilectione
1760 668 1912 722 mea,
1961 651 2116 706 sicut

453 772 507 823 et
538 780 642 835 ego
671 764 968 832 praecepta
1023 756 1229 812 Patris
1280 753 1398 808 mei
1427 751 1686 816 servavi,
1720 751 1775 802 et
1806 757 2020 799 maneo

455 830 589 926 ejus
614 830 936 908 dilectione
964 846 1158 918 (Joan.
1191 859 1287 907 xv,
1327 845 1433 899 10).
1472 839 1615 906 Quis
1662 851 1769 892 nos
1809 830 2115 926 separabit

453 924 491 1002 ά
521 943 822 1000 charitate
851 936 1083 995 Christi
1107 939 1133 990 ι
1154 932 1468 989 tribulatio
1499 931 1528 984 γ
1571 942 1651 983 an
1681 924 1963 994 angustia
1984 924 2010 975 γ
2037 935 2114 975 an

449 1032 784 1106 persecutio
805 1033 830 1083 .9
858 1044 939 1085 an
964 1028 1158 1097 fames
1191 1027 1215 1077 .9
1239 1039 1320 1080 an
1350 1020 1597 1076 nuditas
1617 1034 1695 1074 an
1723 1013 2064 1085 periculum
2093 1014 2119 1065 Ρ

450 1139 534 1182 an
554 1121 792 1193 gladius
813 1120 842 1175 ?
861 1117 1027 1174 Sicut
1056 1117 1339 1184 scriptum
1381 1117 1464 1167 est
1484 1125 1506 1165 :
1535 1108 1828 1177 Quoniam
1865 1107 2119 1173 propter

452 1221 510 1271 te
561 1211 1002 1278 mortiﬁcamur
1052 1212 1177 1261 tota
1202 1204 1327 1270 die;
1370 1199 1649 1257 aestimati
1700 1210 1904 1253 sumus
1958 1193 2115 1249 sicut

449 1317 584 1362 oves
613 1298 940 1358 occisionis.
958 1295 1075 1352 Sed
1092 1296 1153 1349 in
1172 1292 1264 1348 his
1282 1290 1555 1347 omnibus
1574 1299 1949 1355 superamus.
1969 1297 2115 1353 pro-

442 1399 588 1465 pter
614 1407 746 1449 eum
778 1388 884 1461 qui
901 1385 1120 1442 dilexit
1165 1397 1272 1439 nos
1302 1382 1497 1450 (Rom,
1545 1393 1673 1445 vni,
1707 1375 1873 1433 35-38
1906 1372 2112 1443 ;Ps.il.

450 1498 606 1555 nm,
630 1485 743 1537 22v.

964 1583 1143 1657 23s
1175 1581 1456 1639 BEGULA
1494 1575 1587 1633 1v.

448 1680 618 1750 Quod
652 1682 702 1737 is
728 1679 962 1737 honore
989 1673 1251 1745 etgloria
1273 1668 1459 1727 afﬁcit
1483 1670 1691 1734 Deum,
1716 1664 1823 1739 qui
1843 1662 2115 1721 volunta-

515 1777 641 1829 tem
684 1770 847 1826 illius
891 1764 1109 1823 efﬁcit:
1161 1767 1219 1819 et
1260 1764 1497 1829 contra,
1559 1754 1944 1823 contumelia,
2007 1751 2114 1826 qui

516 1860 717 1933 legem
742 1857 904 1916 illius
926 1854 1134 1913 molat.

1137 1959 1337 2028 Caput
1375 1957 1424 2013 Ι.

516 2052 1249 2129 Egotegloriﬁcavisuper
1266 2054 1494 2105 terram
1524 2060 1706 2116 ;opus
1736 2056 2109 2100 consumma-

448 2150 526 2217 vi,
550 2147 713 2221 quod
730 2144 951 2202 dedisti
975 2140 1126 2198 mihi
1154 2145 1219 2195 ut
1236 2138 1470 2206 faciam
1489 2137 1691 2207 (Joan.
1719 2149 1873 2203 xvn,
1901 2137 1981 2203 4).
2011 2132 2110 2189 Sic

448 2238 647 2295 luceat
696 2237 809 2292 tua:
834 2238 1035 2291 vestra
1092 2243 1295 2286 coram
1342 2225 1704 2292 hominibus,
1749 2228 1816 2279 ut
1865 2222 2111 2280 videant

442 2343 628 2400 opera
656 2333 855 2385 vestra
900 2325 1075 2392 bona,
1116 2326 1170 2377 et
1202 2318 1544 2391 gloriﬁcent
1578 2317 1824 2374 Patrem
1847 2320 2109 2370 vestrum

444 2422 549 2491 qui
575 2418 641 2474 in
669 2416 828 2473 ccelis
860 2420 947 2471 est
1008 2410 1241 2476 (Matth.
1294 2425 1354 2476 ν,
1420 2407 1525 2477 16).
1556 2406 1630 2462 Ut
1654 2406 1787 2461 sitis
1806 2404 2030 2460 sinceri
2053 2408 2107 2459 et

442 2512 572 2567 sine
591 2508 821 2578 oﬂ’ensa
850 2506 921 2560 in
950 2503 1107 2560 diem
1131 2500 1375 2567 Christi,
1404 2497 1619 2568 repleti
1643 2494 1950 2565 fructibus
1967 2495 2110 2564 jus-

443 2597 611 2662 titits,
646 2595 753 2667 qui
771 2596 909 2649 sunt
924 2607 1039 2662 per
1065 2592 1269 2647 Jesum
1296 2587 1632 2651 Christum,
1652 2585 1717 2640 in
1747 2584 2012 2654 gloriam
2052 2587 2110 2639 et

443 2685 686 2743 laudem
712 2683 828 2740 Dei
855 2681 1155 2749 (Philipp.
1190 2695 1228 2747 ι,
1272 2681 1359 2744 10,
1391 2676 1500 2746 11).
1526 2674 1642 2743 Οιιί
1661 2675 1725 2730 in
1744 2668 1872 2744 lege
1916 2673 2108 2743 glori-

438 2774 596 2844 aris,
622 2787 739 2843 per
760 2768 1330 2841 pravaricationem
1379 2765 1526 2837 legis
1552 2764 1744 2821 Deum
1784 2761 2106 2820 inhonorus

439 2863 639 2921 (Rom.
670 2877 729 2925 ιι,
753 2861 869 2932 23).

1079 2964 1360 3021 REGULA
1385 2962 1456 3018 V.

435 3057 610 3125 Quod
633 3052 970 3130 oportetab
1030 3052 1199 3110 omni
1240 3051 1382 3108 odio
1431 3065 1575 3121 erga
1625 3064 1840 3106 omnes
1872 3064 2097 3123 purum

504 3163 660 3213 esse,
715 3151 774 3204 et
819 3143 1100 3202 inimicos
1159 3141 1454 3212 diligere:
1527 3155 1640 3214 pro
1688 3139 1899 3196 amicis
1952 3156 2096 3197 vero
2127 3183 2169 3239 ο

503 3237 777 3294 animam
818 3249 1069 3308 ponere,
1105 3231 1210 3288 ubi
1265 3229 1601 3287 necessitas
1631 3229 1863 3286 vocarit
1887 3247 1902 3298 ;
1925 3234 1985 3286 et
2007 3235 2096 3287 ta-

499 3325 623 3383 lem
679 3324 902 3381 habere
948 3320 1353 3390 dilectionem,
1397 3318 1645 3393 qualem
1697 3317 1913 3376 habuit
1952 3334 2099 3390 erga

503 3428 619 3472 nos
649 3416 826 3481 Deus,
857 3416 917 3469 et
943 3410 1212 3467 Christus
1239 3408 1461 3481 ipsius.

1106 3518 1305 3586 Caput
1354 3516 1421 3574 V.

499 3607 796 3675 Audistis,
868 3605 1030 3678 quod
1073 3605 1304 3662 dictum
1353 3608 1439 3660 est
1480 3604 1791 3676 antiquis:
1861 3604 2096 3675 Diliges

423 3699 774 3769 proximum
805 3702 997 3764 tuum,
1038 3700 1093 3751 et
1121 3695 1256 3751 odio
1289 3694 1532 3751 habebis
1564 3694 1875 3751 inimicum
1902 3702 2094 3750 tuum.

423 3788 555 3859 Ego
585 3792 786 3844 autem
825 3785 959 3842 dico
997 3783 1202 3842 vobis:
1238 3784 1489 3855 Diligite
1544 3784 1817 3840 inimicos
1870 3790 2096 3841 vestros

423 3877 673 3967 (Matth.
735 3892 793 3947 γ,
849 3873 1119 3967 43p“).
1181 3872 1480 3967 Et_paulo
1541 3873 1845 3967 inferius:
1892 3874 2096 3967 rEritis

423 3963 562 4038 ergo
591 3981 692 4023 vos
723 3964 1002 4036 perfecti,
1041 3964 1198 4019 sicut
1240 3963 1429 4019 Pater
1455 3969 1651 4021 vester
1678 3964 1926 4020 caelestis
1949 3979 2095 4033 per-

420 4057 617 4127 fectus
667 4062 753 4112 est
805 4053 978 4125 (ibid.
1036 4053 1131 4122 49)
1334 4052 1435 4109 Sic
1487 4056 1643 4110 enim
1687 4054 1835 4109 Deus
1878 4054 2095 4111 dilexit

421 4146 739 4215 mundum,
797 4149 866 4200 ut
936 4143 1166 4200 Filium
1233 4157 1407 4199 suum
1474 4145 1852 4214 unigenitum
1918 4145 2095 4203 daret

421 4235 626 4309 (Joan.
665 4250 749 4306 ιιι,
788 4237 875 4293 16)
1150 4233 1284 4290 Hoc
1334 4239 1421 4290 est
1466 4241 1837 4304 praeceptum
1870 4250 2087 4305 meum,

421 4333 491 4382 ut
534 4326 808 4397 diligatis
856 4324 1133 4389 invicem,
1175 4326 1332 4380 sicut
1370 4323 1566 4381 dilexi
1618 4340 1740 4381 vos.
1795 4324 2089 4396 Majorem

422 4414 584 4473 hanc
629 4414 989 4471 charitatem
1033 4427 1206 4469 nemo
1263 4413 1463 4480 habet,
1514 4428 1692 4485 quam
1730 4421 1795 4470 ut
1819 4416 2088 4473 animam

2224 566 2333 609 πῶν
2362 579 2445 632 με,
2474 566 2592 623 τοὺς
2617 561 2799 635 λόγους
2827 582 2927 636 μου
2976 564 3035 616 οὐ
3088 572 3255 638 τηρεῖ.
3303 564 3420 618 Ἐὰν
3480 583 3575 626 τας
3626 562 3827 629 ἐντολάς

2224 668 2325 720 μου
2347 656 2636 724 τὴρήσητε,
2666 653 2933 725 μωεῖτεὲν
2985 662 3047 728 τῇ
3110 653 3283 728 ἀγάπῃ
3332 674 3454 728 μου,
3505 656 3680 717 καθὼς
3725 656 3825 729 ἐγὼ

2223 740 2317 800 τὰς
2346 738 2548 803 ἐντολὰς
2593 761 2683 795 του
2716 749 2916 819 Πατρός
2953 764 3053 817 μου
3100 749 3382 820 τετήρηκα,
3423 750 3514 797 καὶ
3560 749 3694 818 μένω
3736 746 3826 798 αὖ·

2224 844 2315 880 τον
2343 827 2391 882 ἐν
2420 836 2482 902 τῇ
2517 829 2716 906 ἀγάπῃ.
2746 840 2912 887 ΗΡΟΣ
2939 841 3098 891 ΡΩΜ.
3149 840 3235 896 Τίς
3277 836 3414 909 ἡμᾶς
3455 840 3682 909 χωρίσει
3722 832 3825 889 ἀπὸ

2223 924 2319 978 τῆς
2345 916 2551 989 ἀγάπης
2580 940 2671 973 του
2701 929 2937 995 Χριστου
2965 940 2978 990 ;
3024 924 3202 995 θλίψις
3234 941 3248 992 ;
3291 924 3320 982 ἦ
3366 927 3727 997 στενοχωρίαε
3788 924 3820 984 ἦ

2226 1002 2492 1081 διωγμὸςς
2533 1011 2563 1069 ἦ
2596 1008 2785 1084 λιμός;
2837 1013 2866 1072 ἦ
2898 1019 3196 1087 γυμνότης
3240 1014 3268 1073 ἦ
3306 1009 3585 1081 κίνδυνοςς
3636 1013 3665 1072 ἧ
3715 1015 3826 1088 μά-

2223 1116 2396 1172 χαιρα
2417 1114 2430 1165 ;
2467 1101 2648 1164 Καθὼς
2668 1106 2963 1176 γέγραπται
2988 1125 3003 1138 ·
3026 1104 3147 1157 Ὀτι
3176 1106 3318 1158 ἕνεκα
3341 1123 3436 1156 σον
3466 1104 3827 1177 θανατούμεθα

2223 1192 2398 1239 πᾶσαν
2421 1189 2617 1265 ἡμέραν
2644 1194 2781 1263 (69),
2813 1190 3154 1268 ἐλογίσθημεν
3196 1197 3265 1258 ὡς
3305 1192 3547 1270 πρόϐατα
3594 1198 3823 1265 σφαγῆς.

2226 1274 2363 1330 Ἀλλ’
2392 1276 2440 1330 ἔν
2470 1282 2671 1343 τούτοις
2700 1288 2863 1335 πᾶσιν
2888 1285 3239 1361 ὑπερνικῶμεν
3273 1280 3367 1338 διὰ
3395 1304 3487 1338 του
3520 1281 3829 1357 ἀγαπήσαν-

2224 1384 2311 1429 τος
2349 1369 2503 1441 ἡμᾶς,
2536 1375 2627 1423 καὶ
2653 1371 2720 1424 τὰ
2745 1371 2885 1436 ἱξῆς.

2884 1576 3050 1626 ΟΡΟΣ
3100 1571 3167 1628 Δῖ.

2221 1651 2341 1707 Ὀτι
2370 1662 2500 1731 τιμᾷ
2526 1662 2616 1712 καὶ
2647 1655 2861 1723 δοξάζει
2890 1665 2977 1714 τὸν
3003 1665 3133 1715 Θιὸν
3164 1664 3189 1715 6
3215 1665 3274 1717 τὸ
3316 1665 3516 1741 θέλημα
3544 1667 3705 1722 αὐτον
3750 1668 3831 1746 ἐρ·

2292 1746 2612 1820 γαζόμενοΨ
2660 1748 2907 1825 ἀτιμάζει
2951 1748 3030 1821 δὲ,
3080 1753 3105 1805 ὁ
3149 1752 3483 1829 παραϐαίνων
3533 1758 3693 1813 αὐτον
3737 1761 3829 1813 τὸν

2139 1822 2186 1879 Β
2293 1841 2468 1911 νόμον.

2678 2016 2681 2019 Α
2880 1950 3069 2024 Κεφάλ.
3100 1950 3168 2010 α’.

2291 2040 2612 2095 ῙΩΛΝΝΙῙΣ.
2640 2039 2773 2111 Ἐγώ
2805 2059 2862 2093 σε
2888 2037 3118 2105 ἐδόξασα
3144 2042 3227 2096 ἐπὶ
3246 2051 3341 2107 τῆς
3367 2052 3468 2117 γῆς
3494 2064 3509 2080 ·
3567 2044 3627 2100 τὸ
3677 2049 3827 2124 ἔργον

2218 2123 2507 2193 ἐτιλείωσα,
2562 2129 2589 2181 ὃ
2633 2126 2869 2192 δέδωκάς
2897 2151 2986 2205 μοι
3034 2132 3118 2186 ἵνα
3164 2140 3393 2193 ποιήσω.
3453 2123 3824 2199 ΜΑΤΘΑῘΟΣ.

2218 2216 2402 2279 Οὕτως
2423 2216 2682 2292 λαμψάτω
2718 2222 2779 2273 τὸ
2812 2228 2911 2293 φῶς
2952 2224 3096 2297 ὑμῶν
3143 2226 3432 2300 ἔμπροσθεν
3469 2234 3572 2279 τῶν
3621 2225 3824 2303 ἀνθρώ-

2218 2325 2350 2372 πων,
2380 2308 2519 2369 ὅπως
2536 2305 2729 2362 ἴδωσιν
2757 2311 2900 2384 ὑμῶν
2928 2315 2996 2365 τὰ
3032 2313 3167 2366 καλὰ
3213 2315 3358 2390 ἔργα,
3400 2320 3493 2369 καὶ
3550 2313 3827 2381 δοξάσωσι

2218 2397 2307 2447 τὸν
2336 2401 2545 2472 Πατέρα
2567 2400 2710 2471 ὑμῶν
2738 2402 2825 2453 τόν
2850 2399 2899 2453 ἐν
2930 2408 3036 2464 τοῖς
3064 2403 3320 2477 οὐρανοῖς.
3373 2411 3544 2459 ΠΡΟΣ
3607 2411 3821 2465 ΦΙΛΙΠ.

2216 2482 2329 2539 Ἵνα
2356 2482 2447 2545 ἦτε
2472 2486 2763 2564 εἰλικρινεῖς
2791 2495 2882 2543 καὶ
2909 2489 3240 2567 ἀπρόσκοποι
3288 2493 3359 2557 εἰς
3414 2496 3612 2569 ἡμέραν
3657 2504 3825 2573 Χρισ-

2216 2582 2331 2643 τοῦ,
2357 2574 2749 2652 πεπληρωμένοι
2776 2590 2990 2655 καρπῶν
3027 2578 3376 2647 δικαιοσύνης
3420 2593 3521 2638 τῶν
3567 2582 3662 2639 διὰ
3711 2587 3822 2647 ’ἰηι-

2220 2672 2315 2718 σοῦ
2344 2674 2605 2741 Χριστοῦ,
2637 2667 2711 2731 εἰς
2742 2665 2902 2734 δόξαν
2929 2676 3020 2724 καὶ
3044 2674 3248 2726 ἔπαινον
3275 2681 3431 2729 Θεοῦ.
3462 2682 3629 2729 ΠΡΟΣ
3656 2682 3816 2734 ΡΩΜ.

2212 2752 2308 2817 ⁶Ος
2346 2754 2395 2808 έν
2417 2759 2558 2829 νόμῳ
2586 2765 2886 2830 καυχᾶσαι,
2920 2756 3016 2815 διὰ
3039 2768 3136 2825 τῆς
3162 2762 3508 2837 παραϐάσεως
3534 2772 3629 2819 τοῦ
3654 2769 3819 2840 νόμον

2213 2847 2300 2897 τὸν
2330 2847 2461 2899 Θεὸν
2499 2846 2794 2921 ἀτιμάζεις.

2871 2964 3039 3012 ΟΡΟΣ
3076 2958 3151 3017 Ε’.

2209 3038 2331 3095 Ὀτι
2356 3038 2459 3114 δεῖ,
2488 3047 2683 3108 παντὸς
2704 3051 2892 3120 μίσους
2919 3052 3052 3123 πρὸς
3072 3050 3268 3112 πάντας
3295 3053 3647 3126 καθαρεύοντα
3671 3051 3809 3125 (76),

2281 3137 2372 3187 καὶ
2406 3139 2524 3196 τοὺς
2551 3134 2781 3211 ἱχθροὺς
2809 3134 3018 3209 ἀγαπᾷν
3051 3158 3065 3174 ο
3110 3140 3237 3214 ὑπερ
3284 3138 3345 3195 δὲ
3370 3149 3472 3195 τῶν
3520 3141 3676 3214 φίλων
3712 3147 3812 3201 τὴν

2279 3222 2468 3296 ψυχὴν
2505 3228 2722 3294 τιθέναι,
2749 3228 2871 3280 ὅταν
2918 3232 3081 3301 χρεία
3124 3229 3277 3303 κοιλῇ,
3321 3233 3567 3290 τοιαύτην
3612 3233 3813 3303 ἔχοντα

2282 3311 2511 3385 ἀγάπην,
2544 3316 2656 3368 οἷαν
2685 3319 2819 3390 ἔσχε
2839 3320 2971 3393 πρὸς
2999 3320 3135 3392 ἡμᾶς
3161 3321 3187 3373 6
3219 3322 3366 3388 Θεὸς,
3385 3324 3474 3374 καὶ
3500 3321 3528 3374 6
3574 3323 3814 3397 Χριστὸς

2279 3422 2460 3462 αντου.

2847 3515 3039 3589 Κεφάλ.
3100 3516 3167 3573 α’.

2274 3615 2643 3667 ΜΔΤΘΑΙΟΣ.
2738 3612 3047 3682 Ἠκούσατε,
3123 3616 3206 3668 ὅτι
3277 3613 3461 3691 ἇῤῥέθη
3534 3624 3642 3679 τοῖς
3718 3615 3811 3692 ἆρ-

2204 3705 2383 3772 χαίοις
2413 3721 2428 3734 ·
2507 3701 2829 3774 Ἀγαπήσεις
2899 3705 2988 3756 τὸν
3043 3702 3267 3763 πλησίον
3319 3724 3439 3774 σου,
3490 3709 3581 3760 καὶ
3635 3713 3807 3780 μισή-

2209 3808 2318 3853 σεις
2366 3793 2454 3844 τὸν
2507 3789 2702 3867 ἔχθρὸν
2760 3811 2877 3848 σου.
2935 3791 3066 3865 Ἐγὼ
3120 3790 3181 3847 δε
3235 3793 3366 3867 λέγω
3422 3796 3587 3870 ὑμῖν·
3639 3798 3807 3869 ’Δγοιε

2204 3886 2335 3933 πᾱτε
2384 3884 2505 3943 τοὺς
2559 3879 2783 3955 ἐχθροὺς
2835 3883 2979 3955 ὑμῶν
3010 3903 3026 3918 ο
3082 3888 3184 3937 Καὶ
3233 3869 3351 3957 ’μετ’
3402 3883 3592 3958 ὀλίγαν
3655 3884 3807 3941 ’Ἐσε-

2206 3971 2299 4023 σθε
2349 3966 2438 4023 οὖν
2494 3970 2642 4043 ὑμεῖς
2696 3970 2898 4043 τέλειοι,
2959 3974 3133 4048 ὥσπερ
3208 3975 3236 4026 6
3301 3978 3484 4050 Πατὴρ
3560 3977 3704 4049 ὑμῶν
3777 3977 3806 4029 ὁ

2203 4059 2442 4134 οὐράνιος
2517 4059 2703 4121 τέλειός
2776 4058 2939 4117 ἐστιν.
3034 4066 3350 4119 ΙΩΑΝΝΗΣ.
3440 4064 3618 4127 Οὕτως
3698 4068 3802 4141 γὰρ

2203 4149 2476 4221 ἠγάπησεν
2550 4151 2575 4203 6
2660 4152 2786 4211 Θεὸς
2858 4154 2944 4203 τὸν
3036 4156 3255 4227 κόσμον,
3327 4155 3464 4208 ὥστε
3535 4158 3623 4208 τὸν
3684 4157 3803 4210 Υἰόν

2201 4241 2362 4292 αὑτοῦ
2445 4242 2532 4293 τὸν
2611 4247 2859 4312 μονογενῆ
2947 4236 3136 4295 ἔδωκεν
3216 4243 3348 4315 (⁸71).
3441 4243 3584 4304 Αὕτη
3660 4243 3803 4299 ἔστιν

2199 4332 2229 4389 ἡ
2302 4328 2478 4388 ἐντολὴ
2565 4330 2596 4389 ἡ
2685 4328 2801 4403 ἐμὴ,
2874 4329 2957 4383 ἵνα
3013 4330 3246 4404 ἀγαπᾶτε
3298 4331 3568 4401 ἀλλήλους,
3629 4336 3805 4399 καθὼς

2194 4418 2297 4491 ἐγὼ
2350 4421 2611 4492 ἠγάπησα
2663 4420 2815 4492 ὑμᾶς.
2870 4421 3099 4482 Μείζονα
3145 4424 3338 4484 ταύτης
3416 4421 3625 4496 ἀγάπην
3705 4425 3803 4477 οὐ-

418 4520 591 4566 suam
640 4509 831 4576 ponat
896 4517 1032 4576 quis
1094 4518 1211 4573 pro
1278 4503 1485 4560 amicis
1550 4505 1674 4560 suis
1740 4506 1943 4566 (Joan.
1982 4522 2082 4575 xv,

2207 4505 2307 4572 θεὶς
2353 4511 2489 4582 ἔχει,
2574 4511 2657 4562 ἶνα
2716 4528 2792 4571 τις
2868 4514 2964 4569 τὴν
3029 4510 3225 4584 ψωχὴν
3306 4512 3467 4566 αὐτοῦ
3531 4516 3592 4587 θῇ
3671 4515 3801 4588 ὑπὲρ

423 4602 511 4666 12,
563 4596 675 4668 13.)
894 4593 976 4649 Ει
1020 4594 1186 4649 eritis
1236 4593 1359 4663 ﬁlii
1392 4592 1713 4662 Altissimi,
1763 4596 1908 4666 quia
1958 4596 2084 4664 ipse

417 4687 710 4758 benignus
731 4689 816 4742 est
848 4698 1035 4753 super
1065 4685 1342 4755 ingratos
1367 4689 1423 4740 et
1460 4684 1676 4740 malos.
1704 4684 1915 4743 Estote
1943 4701 2080 4759 ergo

415 4774 856 4841 misericordes,
887 4775 1044 4829 sicut
1081 4778 1139 4829 et
1184 4774 1379 4830 Pater
1405 4779 1599 4830 vester
1624 4776 1963 4832 misericors
1992 4782 2079 4833 est

414 4868 584 4937 (Luc.
616 4881 693 4933 γι,
726 4868 816 4924 35)
967 4903 1015 4919 ..
1053 4862 1447 4919 Commendat
1486 4868 1689 4919 autem
1717 4865 2077 4923 charitatem

415 4971 590 5013 suam
619 4954 776 5010 Deus
816 4952 880 5008 in
927 4949 1134 5006 nobis:
1177 4948 1338 5021 quod
1384 4962 1522 5006 cum
1569 4950 1774 5008 adhuc
1801 4959 2078 5021 peccato-

414 5058 511 5102 res
565 5057 844 5109 essemus,
914 5038 1192 5097 Christus
1242 5054 1356 5109 pro
1426 5040 1597 5096 nobis
1663 5048 1935 5100 mortuus
1989 5050 2077 5102 est

419 5134 611 5204 (Rom.
663 5147 723 5202 v,
780 5133 838 5204 8)
1130 5129 1341 5186 Estote
1382 5143 1526 5201 ergo
1587 5130 1916 5189 imitatores
1967 5135 2079 5193 Dei

417 5224 572 5279 sicut
608 5222 726 5290 ﬁlii
753 5219 1136 5278 charisszmi:
1187 5224 1243 5276 et
1283 5218 1591 5276 ambulate
1632 5222 1695 5276 in
1726 5221 2072 5296 dilectione,

415 5313 572 5370 sicut
617 5317 675 5368 et
724 5312 999 5370 Christus
1038 5310 1254 5369 dilexit
1297 5326 1427 5385 nos,
1467 5316 1523 5370 et
1577 5311 1831 5371 tradidit
1871 5322 2072 5375 semet-

484 5500 602 5658 ξ69)
627 5513 1012 5597 Reg._tertius
1045 5515 1166 5575 ὅλην
1195 5517 1291 5575 τὴν
1320 5512 1539 5591 ἡμέραν.

512 5589 794 5657 70)Hegn
814 5587 1046 5658 primus
1089 5595 1148 5645 et
1197 5588 1405 5646 tertius
1455 5592 1539 5642 atad

512 5587 1046 5665 7Q)Hegii9rimus
1089 5595 1148 5645 et
1197 5586 1929 5665 ιοτιὶιιε’καθαρεύοντας....
1984 5596 2076 5648 καὶ

414 5663 509 5720 τὴν
539 5659 795 5735 ψυχὴν...
828 5661 1066 5731 ἔχοντας.

2192 4606 2293 4651 τῶν
2346 4598 2503 4671 φίλων
2552 4597 2734 4653 αὐτοῦ.
2795 4603 3081 4657 ΛΟΥΚΑΣ.
3164 4605 3264 4653 Καὶ
3310 4603 3491 4655 ἔσεσθε
3543 4604 3650 4656 υἱοὶ
3704 4610 3799 4656 τοῦ

2187 4687 2463 4759 Ὑψίστου,
2531 4689 2613 4740 ὅτι
2664 4687 2823 4750 αὐτὸς
2877 4693 3121 4764 χρηστός
3168 4687 3311 4744 ἔστιν
3366 4689 3450 4745 ἐπὶ
3490 4696 3611 4755 τοὺς
3659 4689 3800 4765 ἁχα-

2186 4782 2404 4853 ρίστους
2479 4782 2571 4831 καὶ
2639 4780 2913 4852 πονηρούς.
2999 4781 3211 4833 Γίνεσθε
3284 4776 3375 4833 οὖν
3448 4780 3793 4857 οἰκτίρμονες,

2186 4869 2356 4930 καθὼς
2421 4872 2513 4920 καὶ
2582 4868 2609 4919 6
2684 4872 2867 4943 Πατὴρ
2920 4868 3066 4941 ὑμῶν
3119 4868 3404 4943 οἰκτίρμων
3451 4868 3567 4924 ἔστί
3624 4878 3795 4925 ΠΡΟΣ

2187 4966 2346 5013 ΡΩΜ.
2404 4962 2692 5017 Συνίστησι
2759 4955 2821 5012 δε
2885 4962 2980 5018 τὴν
3052 4959 3234 5014 ἑαυτοῦ
3304 4958 3515 5033 ἀγάπην
3580 4959 3608 5015 6
3660 4967 3794 5026 Θεὸς

2187 5047 2257 5111 εἰς
2314 5050 2472 5120 ἡμᾶς,
2525 5049 2624 5115 ὅτι,
2670 5050 2746 5100 ἔτι
2793 5047 3114 5121 ἁμαρτωλῶν
3191 5050 3338 5123 ἡμῶν
3415 5054 3593 5119 ὄντων,
3664 5059 3797 5126 Χρι-

2188 5140 2310 5199 στὸς
2368 5137 2495 5211 ὑπερ
2554 5138 2701 5210 ἡμῶν
2748 5135 3016 5193 ἀπέθανεν.
3096 5144 3269 5193 ΠΡΟΣ
3332 5144 3513 5195 ΕΦΕΣ.
3579 5140 3792 5195 Γίνεσθε

2184 5225 2272 5281 οὖν
2333 5233 2562 5301 μιμηταὶ
2625 5234 2715 5282 τοῦ
2786 5236 2920 5283 Θεοῦ
2995 5230 3061 5291 ὡς
3131 5235 3286 5284 τέκνα
3348 5229 3615 5304 ἀγαπητὰ,
3701 5236 3790 5285 καὶ

2183 5326 2514 5395 περιπατεῖτε
2574 5314 2624 5372 ἂν
2676 5316 2878 5393 ἀγάπῃ,
2918 5320 3094 5383 καθὼς
3137 5324 3231 5375 καὶ
3296 5322 3325 5376 6
3376 5325 3607 5397 Χριστὸς
3660 5324 3793 5397 ἠγά-

2257 5527 2368 5597 (71)
2404 5520 2553 5599 ΑΒΘε.
2589 5523 2798 5599 tertius
2825 5533 3070 5599 μονογενῆ
3102 5521 3316 5595 ἔδωκεν,
3360 5528 3445 5581 ἶνα
3467 5532 3572 5591 πᾶς
3602 5531 3627 5583 ὁ
3659 5545 3790 5584 πισ-

2182 5600 2342 5650 τεύων
2374 5597 2440 5659 εἰς
2467 5597 2621 5650 αὑτὸν
2643 5601 2715 5669 μὴ
2748 5596 3030 5669 ἀποληται,
3051 5606 3118 5657 ut
3148 5602 3342 5658 omnis
3365 5602 3471 5673 qui
3508 5603 3703 5660 credit
3722 5607 3789 5661 in

2184 5684 2340 5741 eum,
2366 5685 2489 5727 non
2514 5674 2748 5740 pereat.
