4112 6396
454 335 553 387 ’711

1132 502 1329 573 Caput
1363 499 1413 555 Ι.

524 643 697 715 Quod
729 641 864 697 dico
894 636 1058 696 vobis
1097 637 1161 693 in
1187 633 1468 697 tenebris,
1508 630 1687 686 dicite
1716 628 1779 682 in
1829 623 2057 680 lumine
2088 638 2102 676 :

450 751 508 804 et
537 744 698 818 quod
741 736 807 791 in
836 746 1045 789 aurem
1084 725 1421 786 audivistis,
1451 720 1777 818 praedicate
1809 729 1991 818 super
2028 717 2106 767 te-

450 807 570 893 cta:
624 833 703 889 Et
759 828 945 885 nolite
994 823 1201 876 timere
1244 830 1358 879 eos,
1388 811 1491 884 qui
1538 807 1819 865 occidunt
1865 816 2103 870 corpus,

449 926 718 982 animam
761 924 959 976 autem
988 926 1110 968 non
1144 908 1395 978 possunt
1424 899 1692 956 occidere
1715 912 1736 952 ,ο
1755 893 1857 950 sed
1906 897 2107 961 potius

454 1012 634 1085 240
665 1012 865 1066 timete
885 1018 1041 1063 eum,
1064 999 1167 1072 qui
1190 996 1459 1085 potestet
1503 989 1787 1085 animiam‘
1886 995 2104 1050 corpus

441 1072 698 1175 {id}:
724 1100 790 1154 in
818 1096 1154 1168 gehennam
1194 1081 1439 1151 (Matth.
1503 1093 1565 1145 κ,
1624 1074 1708 1131 17.

452 1161 657 1249 Cmnis
685 1161 841 1258 ergo'
857 1184 962 1257 qui
991 1176 1369 1247 conﬁtebitur
1395 1185 1487 1225 me
1506 1181 1705 1224 coram
1733 1161 2101 1258 hominibus,

450 1251 779 1351 conﬁtebor
806 1251 981 1343 et—ego
1013 1282 1217 1325 coram
1247 1265 1436 1352 Patre
1453 1272 1602 1319 meo,
1633 1254 1740 1352 qui
1769 1259 1852 1352 est
1882 1251 1947 1352 in
1983 1263 2101 1306 cae-

450 1374 526 1429 lis
555 1344 724 1443 (ibid.
755 1367 947 1431 32)...
970 1402 983 1416 .
1005 1401 1018 1414 .
1041 1398 1055 1414 .
1092 1356 1249 1413 Nam
1289 1351 1395 1423 qui
1416 1362 1508 1404 me
1526 1344 1831 1403 erubuerit
1862 1345 1915 1396 et
1944 1352 2103 1394 meos

446 1435 766 1523 serinones,
790 1455 953 1511 hunc
984 1447 1175 1505 Filius
1199 1439 1457 1500 hominis
1486 1435 1811 1501 erubescet,
1845 1444 1979 1486 cum
2001 1442 2101 1483 ve-

446 1553 604 1609 nerit
655 1548 720 1603 in
766 1544 1083 1613 majestate
1118 1549 1252 1604 sua,
1292 1536 1346 1588 et
1386 1529 1614 1593 Patris,
1649 1528 1705 1579 et
1751 1524 2101 1613 sanctorum

446 1641 803 1713 angelorum
826 1612 998 1702 (Luc.
1028 1644 1110 1698 ιι,
1129 1624 1272 1695 26)..
1295 1666 1308 1679 .
1330 1664 1345 1678 .
1372 1619 1524 1713 ANoli
1543 1617 1743 1687 itaque
1761 1612 2104 1713 erubescere

448 1703 851 1790 testimonium
889 1718 1133 1778 Domini
1182 1711 1398 1779 nostri,
1454 1721 1646 1778 neque
1695 1719 1787 1761 me
1832 1703 2099 1758 vinctum

1819 311 1876 366 S.
1918 305 2170 364 BASILII
2208 304 2450 363 MAGNI.

2138 430 2186 483 Α

2848 488 3059 562 Κ“εφώ)..
3129 490 3194 548 α’.

2286 626 2655 677 ΜΑΤΘΑΙΟΣ.
2687 621 2753 675 Ὀ
2780 622 2912 695 λέγω
2943 626 3064 697 ὑμῖν
3095 623 3145 679 ἐν
3174 632 3237 701 τῇ
3282 631 3488 700 σκοτίᾳ,
3548 630 3727 681 εἴπατε
3769 626 3817 681 ἕν

2212 718 2283 780 τῷ
2315 716 2445 782 φωτί
2470 732 2483 744 ·
2514 717 2605 764 καὶ
2634 712 2660 765 ὃ
2691 713 2762 776 εἰς
2786 717 2844 766 τὸ
2875 711 2961 775 οὖς
2986 717 3263 783 ἠκούσατε,
3296 717 3555 791 κηρύξατε
3584 715 3668 771 ἐπὶ
3716 726 3815 771 τῶν

2215 795 2491 872 δωμάτων.
2529 807 2628 855 Καὶ
2652 809 2723 876 μὴ
2758 803 2999 876 φοϐεῖσθε
3035 804 3137 858 ἀπὸ
3185 814 3285 857 τῶν
3317 804 3717 861 ἀποκτεινόντων
3754 812 3813 862 τὸ

2217 897 2389 961 σῶμα,
2421 896 2515 951 τὴν
2547 888 2606 946 δὲ
2635 893 2821 965 ψυχὴν
2846 899 2918 967 μή
2953 892 3250 969 δυναμένων
3282 895 3583 949 ἀποκτεῖναι
3607 919 3621 931 ·
3652 897 3811 971 φοϐή-

2215 981 2338 1038 θητε
2368 976 2428 1033 δὴ
2468 981 2658 1054 μᾶλλον
2687 987 2776 1035 τὸν
2819 980 3102 1058 δυνάμενον
3153 991 3244 1038 καὶ
3292 986 3474 1058 ψυχὴν
3519 992 3611 1040 καὶ
3661 997 3812 1062 σῶμα

2214 1066 2463 1122 ἀπολέσαι
2493 1068 2541 1122 ἓν
2570 1076 2766 1146 γεέννῃ.
2799 1080 2905 1137 Πᾶς
2934 1072 3043 1144 οὖν,
3070 1077 3215 1137 ὅστις
3245 1076 3562 1149 ὁμολογήσει
3610 1075 3659 1129 ἂν
3699 1076 3812 1151 ἐμοὶ

2211 1162 2499 1236 ἔμπροσθεν
2522 1170 2619 1214 τῶν
2650 1160 2951 1238 ἀνθρώπων,
2983 1165 3291 1238 ὁμολογήσω
3319 1164 3466 1238 κάγὼ
3493 1165 3545 1218 ἐν
3569 1167 3709 1238 αὐτῷ
3728 1170 3813 1240 ἔμ-

2209 1252 2432 1325 προσθεν
2461 1258 2554 1303 τοῦ
2580 1256 2778 1326 Πατρός
2804 1272 2904 1326 μου
2932 1261 3024 1308 τοῦ
3054 1254 3105 1307 ἐν
3125 1255 3381 1330 οὐρανοῖς.
3410 1262 3697 1311 ΛΟΥΚΔΣ.
3718 1256 3814 1320 ⁸ος

2208 1342 2311 1413 γὰρ
2341 1339 2401 1393 ἃν
2431 1339 2763 1414 ἐπαισχυνθῇ
2799 1362 2862 1415 με
2884 1349 2977 1395 καὶ
2996 1348 3117 1407 τοὺς
3141 1344 3292 1418 εμοὺς
3319 1344 3522 1418 λόγους,
3548 1354 3730 1399 τοῦτον
3782 1348 3809 1399 ὁ

2211 1432 2327 1491 Υἱὸς
2355 1439 2448 1483 τοῦ
2481 1429 2755 1507 ἀνθρώπου
2785 1431 3296 1506 ἐπαισχυνθήσεται,
3329 1438 3451 1488 ὅταν
3479 1436 3602 1509 ἔλθῃ
3642 1435 3695 1489 ἄν
3744 1443 3806 1510 τῇ

2212 1515 2340 1593 δόξῃ
2383 1520 2564 1590 αὐτοῦ,
2606 1527 2696 1575 καὶ
2731 1530 2826 1575 τοῦ
2856 1528 3079 1598 Πατρός,
3112 1530 3329 1579 καὶτῶν
3372 1525 3530 1599 ἁγίων
3561 1524 3806 1598 ἀγγέλων.

2210 1615 2379 1663 ΠΡΟΣ
2404 1617 2545 1667 ΤΙΜ.
2680 1617 2765 1672 Μὴ
2807 1614 2895 1666 οὖν
2926 1613 3289 1688 ἐπαισχυνθῇς
3316 1619 3373 1668 τὸ
3404 1617 3690 1690 μαρτύριον
3720 1623 3809 1670 τοῦ

2212 1703 2408 1773 Κυρίου
2437 1702 2601 1774 ἡμῶν,
2634 1699 2775 1776 μηδι
2805 1701 2891 1777 ἇμε
2914 1708 3000 1757 τὸν
3028 1700 3243 1778 δέσμιον
3275 1705 3434 1758 αὐτοῦ
3464 1726 3477 1739 ’
3523 1703 3649 1758 ἀλλά
3674 1725 3808 1778 συγ-

448 1778 1137 1893 ἓᾶδζητξᾶνοοιιαῦονα
1180 1778 1539 1872 Evangelia,
1583 1800 1647 1851 ut
1697 1793 1883 1849 bonus
1929 1790 2094 1847 miles

2208 1792 2582 1850 κακοπάθησον
2610 1800 2680 1864 τῷ
2710 1793 3028 1867 Εὗαγγελίῳ,
3069 1797 3140 1859 ὡς
3165 1794 3323 1857 καλὸς
3358 1800 3679 1870 στρατιώτης
3711 1796 3808 1853 Ἰη-

451 1908 679 1969 Christi
700 1906 790 1980 (II
816 1905 967 1960 Tim.
989 1914 1030 1968 ι,
1054 1898 1134 1968 3).

1052 2038 1338 2097 REGULA
1374 2031 1494 2089 VII.

448 2178 623 2253 Quod
648 2177 785 2238 licet
814 2171 951 2248 quis
996 2167 1271 2226 videatur
1328 2159 1651 2253 hominum
1708 2152 1998 2253 conﬁteri,
2046 2156 2103 2209 et

516 2275 648 2345 ejus
674 2246 984 2326 sermones
1007 2256 1328 2318 auscultet:
1378 2252 1428 2309 is
1452 2258 1677 2316 tamen,
1702 2246 1912 2345 si-ejus
1932 2260 2101 2345 num.

515 2334 673 2420 datis
694 2373 817 2416 non
846 2356 1077 2429 pareat,
1110 2345 1555 2404 condemnatus
1593 2342 1701 2403 est,
1733 2336 1869 2429 licet
1894 2334 2100 2429 aliquo

515 2454 619 2512 Dei
643 2426 899 2508 consilio
927 2441 1298 2518 permissum
1328 2432 1422 2501 sit,
1454 2436 1521 2487 ut
1542 2429 1722 2486 fuerit
1759 2427 1937 2484 donis
1981 2426 2098 2500 spi-

512 2539 831 2600 rituahbus
848 2537 1115 2593 ornatus.

1123 2674 1325 2742 Caput
1364 2666 1415 2724 Ι.

511 2812 649 2869 Νοη
671 2804 862 2865 omnis
882 2802 988 2876 qui
1011 2800 1157 2857 dicit
1186 2795 1358 2860 mihi,
1401 2790 1669 2859 Domine,
1700 2788 1968 2853 Domine,
2003 2787 2096 2842 in-

440 2901 628 2959 trabit
645 2900 711 2954 in
736 2909 985 2966 regnu-u
1020 2889 1335 2946 calorum:
1378 2881 1480 2938 sed
1499 2895 1603 2952 qui
1623 2878 1777 2949 facit
1817 2877 2095 2933 volunta-

440 2998 554 3048 tem
593 2988 799 3044 Patris
812 2965 956 3050 mei,
978 2980 1086 3052 qui
1107 2983 1190 3034 est
1210 2976 1275 3030 in
1306 2973 1489 3030 caelis.
1513 2969 1698 3025 Multi
1714 2967 1912 3023 dicent
1941 2965 2095 3022 mihi

434 3082 500 3139 in
524 3081 641 3137 illa
670 3078 786 3140 die,
816 3071 1086 3136 Domine,
1113 3066 1381 3129 Domine,
1409 3075 1611 3118 nonne
1638 3061 1699 3115 in
1728 3058 1967 3114 nomine
1986 3061 2090 3113 tuo

2213 1888 2308 1934 σοῦ
2340 1889 2596 1958 Χριστοῦ.

2866 2034 3034 2084 0P0}:
3075 2026 3151 2087 z'.

2208 2149 2346 2220 Ὀτι,
2378 2152 2473 2206 κᾶν
2505 2149 2540 2208 δ
2543 2162 2635 2229 οκῇ
2660 2175 2738 2219 τις
2760 2155 3027 2229 ὁμολογεῖν
3048 2160 3135 2210 τὸν
3164 2158 3374 2233 Κύριον,
3393 2162 3483 2211 καὶ
3504 2156 3668 2233 ἀκούῃ
3692 2159 3806 2232 (75)

2280 2251 2380 2295 τῶν
2404 2242 2569 2316 λόγων
2600 2246 2780 2314 αὐτοῦ,
2814 2245 3000 2321 ἀπειθῇ
3035 2244 3070 2300 δ
3073 2251 3096 2300 's
3118 2256 3233 2310 ταῖς
3263 2246 3492 2310 ἐντολαῖς
3517 2248 3694 2316 αὐτοῦ,
3717 2270 3814 2308 κα,

2277 2338 2595 2409 τακέκριται,
2629 2334 2724 2388 κᾶν
2753 2335 2803 2388 ἓν
2829 2340 3139 2411 χαρίσμασι
3168 2346 3531 2412 πνευματικοῖς
3570 2334 3664 2392 διά
3691 2358 3808 2392 τινα

2280 2424 2577 2498 οἰκονομίαν
2602 2427 2845 2499 γενέσθαι
2873 2447 3128 2502 συγχωρη
3139 2430 3200 2501 θῇ
3211 2467 3224 2480 .

2847 2663 3036 2737 Κεφάλ.
3092 2662 3161 2721 α’.

2273 2792 2641 2843 ΜΑΤΘΑῙΟΣ.
2674 2788 2750 2841 Οῦ
2780 2795 2877 2850 πᾶς
2906 2791 2931 2842 ὁ
2960 2789 3118 2861 λέγων
3147 2809 3258 2864 μοι,
3292 2793 3470 2866 Κύριε,
3504 2793 3681 2865 Κύριε,
3724 2790 3799 2844 εἰ·

2206 2874 2499 2929 σελεύσεται
2520 2877 2590 2939 εἰς
2618 2881 2712 2937 τὴν
2740 2877 3013 2952 βασιλείαν
3041 2887 3141 2932 τῶν
3171 2880 3421 2954 οὐρανῶν,
3455 2878 3559 2933 ἀλλ’
3592 2883 3618 2933 ὁ
3638 2888 3797 2934 ποιῶν

2198 2968 2258 3018 τὸ
2293 2966 2488 3039 θέλημα
2525 2975 2617 3020 τοῦ
2649 2971 2855 3043 Πατρός
2892 2988 2992 3043 μου
3048 2976 3142 3022 τοῦ
3190 2969 3239 3021 ἕν
3288 2970 3547 3045 οὐρανοῖς.
3612 2970 3797 3025 Πολλοὶ

2198 3053 2378 3128 ἔροῦσί
2403 3076 2493 3129 μοι
2522 3054 2569 3108 ἐν
2600 3055 2761 3131 ἐκείνῃ
2786 3066 2848 3131 τῇ
2881 3060 3069 3132 ἡμέρᾳ.
3106 3062 3283 3136 Κύριε,
3316 3063 3489 3135 Κύριε,
3523 3061 3583 3114 οῦ
3603 3069 3676 3132 τῷ
3719 3068 3796 3132 σῷ

431 3138 964 3244 prophetavimus?
995 3165 1049 3217 et
1078 3161 1142 3214 in
1173 3157 1413 3212 nomine
1442 3160 1541 3209 tuo
1571 3152 1869 3208 daemonia
1921 3149 2087 3220 ejeci—

2204 3143 2411 3218 ὀνόματι
2441 3150 2896 3221 προεφητεύσαμεν
2922 3166 2936 3213 ;
2968 3152 3057 3202 καὶ
3084 3157 3156 3221 τῷ
3189 3157 3264 3221 σῷ
3294 3151 3504 3223 ὀνόματι
3543 3146 3795 3223 δαιμόνια

435 3241 568 3317 mus
589 3258 618 3314 τ
644 3263 700 3315 et
730 3258 796 3311 in
817 3254 1055 3310 nomine
1078 3254 1180 3304 tuo
1217 3247 1469 3303 virtutes
1515 3244 1740 3299 multas
1784 3241 2037 3308 /ecimus
2060 3243 2088 3296 ?

437 3351 516 3406 Et
544 3356 688 3404 tunc
708 3338 1209 3411 conﬁteborillis:
1265 3335 1591 3404 Nunquam
1616 3332 1759 3387 novi
1796 3345 1916 3387 vos.
1963 3330 2091 3384 Dis-

437 3439 626 3498 cedite
652 3449 818 3503 ame,
849 3432 954 3504 qui
972 3426 1310 3500 operamini
1328 3425 1699 3495 iniquitatem
1717 3419 1962 3493 (Matth.
1982 3435 2086 3482 vn,
2114 3436 2119 3443 υ

434 3531 658 3594 21-23),
688 3530 799 3581 etc.
815 3564 828 3577 .
852 3565 865 3579 .
888 3564 902 3578 .
923 3564 937 3578 .
959 3561 973 3576 .
1020 3517 1177 3588 Quid
1195 3520 1393 3573 autem
1419 3514 1645 3570 vocatis
1664 3527 1776 3583 me,
1818 3513 2086 3578 Domine,

433 3618 707 3679 Domine,
732 3619 787 3670 et
816 3626 938 3666 non
958 3609 1163 3679 facitis
1191 3620 1320 3678 quae
1347 3605 1480 3660 dico
1503 3606 1670 3675 (Luc,
1693 3618 1772 3671 v1,
1806 3604 1893 3671 46)
1924 3607 2088 3657 etc...

436 3708 820 3776 Conﬁtentur
839 3715 899 3758 se
922 3712 1091 3755 nosse
1130 3698 1339 3760 Deum,
1378 3695 1564 3764 factis
1595 3701 1794 3750 autem
1821 3696 2091 3762 negant;

436 3814 570 3856 cum
598 3796 721 3853 sint
754 3786 1201 3848 abominabiles.
1223 3790 1277 3842 et
1300 3785 1460 3841 dicto
1481 3798 1604 3840 non
1663 3782 1995 3851 audientes,
2034 3784 2090 3837 et

443 3888 525 3945 ad
552 3898 725 3942 omne
746 3893 896 3950 opus
925 3879 1144 3935 bonum
1184 3874 1432 3945 reprobi
1456 3874 1603 3943 (Tit.
1635 3889 1674 3945 ι,
1710 3877 1817 3938 16).

1023 4020 1307 4079 REGULA
1348 4020 1489 4076 VIII.

433 4154 608 4224 Quod
627 4168 750 4210 non
770 4153 1007 4224 oportet
1022 4147 1331 4218 ambigere
1357 4150 1415 4203 et
1440 4144 1721 4202 dubitare
1749 4145 1826 4201 de
1852 4144 1926 4201 iis
1950 4161 2088 4219 qum

504 4261 541 4302 ει
568 4244 822 4301 Domino
852 4239 1170 4296 dicuntur:
1222 4236 1326 4292 sed
1354 4234 1705 4308 persuaderi
1746 4250 1928 4291 omne
1986 4235 2088 4291 Dei

501 4332 758 4390 verbum
789 4344 1000 4385 verum
1025 4342 1158 4385 esse
1186 4341 1257 4382 ac
1287 4324 1592 4399 possibile,
1624 4324 1734 4381 etsi
1764 4330 1982 4383 natura
1997 4340 2088 4382 re-

502 4427 757 4497 pugnat.
782 4418 886 4477 Hic
912 4420 1074 4475 enim
1104 4415 1286 4473 situm
1306 4420 1399 4471 est
1426 4414 1568 4472 ﬁdei
1597 4421 1923 4472 certamen.

1111 4564 1311 4634 Caput
1353 4563 1405 4619 Ι.

505 4697 739 4767 Quarta
756 4699 959 4753 autem
989 4693 1203 4765 vigilia
1224 4693 1415 4750 noctis
1445 4692 1612 4751 venit
1654 4694 1826 4750 Jesus
1856 4693 1938 4749 ad
1982 4706 2087 4753 eos

430 4787 751 4847 ambulans
780 4799 964 4854 super
980 4798 1167 4841 mare.
1217 4784 1296 4840 Et
1350 4783 1617 4840 videntes
1637 4798 1767 4841 eum
1800 4784 2089 4853 discipuli

428 4892 614 4948 super
637 4890 807 4932 mare
830 4872 1264 4942 ambulantem,
1305 4872 1538 4929 turbati
1576 4879 1736 4944 sunt,
1780 4873 2082 4930 dicentes:

428 4966 813 5023 Phantasma
831 4969 953 5020 est:
988 4968 1042 5019 et
1069 4977 1197 5032 pra
1226 4962 1440 5018 timore
1466 4962 1905 5019 clamauerunt.
1941 4965 2087 5020 Sta-

430 5056 655 5127 timque
689 5054 864 5111 Jesus
896 5053 1132 5110 locutus
1162 5057 1246 5109 est
1283 5052 1365 5109 eis
1389 5052 1591 5109 dicens
1618 5069 1631 5107 :
1664 5052 1894 5111 Habete
1919 5054 2085 5123 ﬁdu-

501 5254 616 5335 (75‘3)
668 5253 845 5335 peg:_
876 5250 1081 5335 tertius
1128 5254 1217 5335 καὶ
1255 5247 1496 5335 «ἄκουε-ιν.
1546 5249 1774 5335 ibidem
1827 5257 2085 5335 utraque

430 5316 611 5381 editio
660 5316 853 5397 annos
899 5316 957 5374 δὲ
1001 5326 1096 5384 τὰς
1144 5322 1581 5397 ivi-aunﬂegii
1612 5326 1845 5397 primus
1883 5333 1941 5384 et
1979 5316 2088 5384 ter-

429 5396 547 5453 tius
585 5402 700 5456 ταῖς
728 5394 976 5470 ἐντολαῖς,
1010 5394 1514 5470 recte._lloc_ipso
1544 5394 1759 5452 in‘loco
1792 5400 1912 5470 Reg
1964 5400 2087 5470 pri-

427 5484 569 5543 m_u_s_
594 5469 974 5543 κατακρίνεται.
995 5468 1143 5543 fast
1164 5465 1308 5543 illud
1320 5509 1341 5543 ,_
1355 5463 1695 5543 ἐργαζόμενοι
1723 5473 1817 5527 τὴν
1849 5463 2084 5543 ἀνομίαν,

426 5539 639 5596 addita
696 5537 855 5608 sunt
880 5537 942 5593 in
992 5539 1162 5593 Mess.
1221 5542 1279 5593 et
1327 5537 1388 5592 in
1467 5537 1647 5608 Regio
1708 5537 1950 5597 nostro'
1987 5558 2090 5598 co-

427 5610 561 5668 dice
587 5608 775 5667 verba
801 5606 904 5665 illa
948 5607 1207 5666 Matthsai
1243 5623 1346 5680 vn,
1390 5610 1461 5663 24
1508 5606 1576 5666 et
1617 5625 1788 5684 seq.:
1845 5617 1949 5674 Πᾶς
2000 5610 2089 5666 οὖν

2115 4494 2163 4549 D

2197 3232 2495 3308 ἐξεϐάλομεν
2519 3252 2533 3303 ;
2561 3240 2651 3288 καὶ
2679 3243 2749 3307 τῷ
2779 3245 2853 3308 σῷ
2875 3236 3085 3311 ὀνόματι
3118 3234 3365 3313 δυνάμεις
3392 3238 3579 3300 πολλὰς
3609 3236 3792 3297 ἔποιή-

2199 3344 2360 3398 σαμεν
2385 3341 2398 3393 ;
2425 3330 2526 3379 Καὶ
2554 3332 2672 3379 τότε
2692 3327 3001 3400 ὁμολογήσω
3024 3328 3220 3397 αὐτοῖς,
3249 3330 3326 3382 ὃτι
3355 3325 3621 3383 Οὐδέποτε
3642 3332 3795 3402 ἔγνων

2198 3416 2354 3489 ὑμᾶς.
2416 3417 2768 3493 Ἀποχωρεῖτε
2825 3417 2912 3471 ἀπ’
2939 3418 3085 3492 ἐμοῦ,
3119 3420 3168 3473 οἱ
3193 3418 3644 3493 ἔργαζόμενοιτήν
3675 3417 3797 3472 ἀνο-

2198 3511 2343 3579 μίαν,
2370 3525 2461 3560 και
2486 3510 2552 3560 τὰ
2571 3507 2705 3571 ἑξῆς.
2749 3514 3040 3566 ΛΟΥΚΑΣ.
3079 3514 3142 3562 Τί
3172 3506 3234 3563 δέ
3256 3528 3320 3583 με
3344 3509 3564 3576 καλεῖτε,
3618 3511 3796 3584 Κύριε,

2202 3598 2379 3670 Κύριε,
2406 3601 2496 3650 καὶ
2520 3598 2579 3651 οῦ
2608 3606 2775 3652 ποτίτε
2804 3597 2839 3651 ἃ
2866 3598 2996 3671 λέγω
3019 3615 3035 3666 ;
3074 3604 3166 3652 καὶ
3194 3602 3261 3653 τὰ
3286 3600 3419 3663 ἑξῆς.
3449 3606 3617 3653 ΠΡΟΣ
3666 3605 3796 3653 TIT.

2200 3688 2329 3738 Θεὸν
2359 3686 2700 3760 ὁμολογοῦσιν
2748 3684 2960 3756 εἰδέναι,
3006 3697 3117 3751 τοῖς
3166 3685 3232 3742 δέ
3278 3691 3445 3762 ἔργοις
3484 3687 3795 3763 ἀρνοῦνται⁸

2200 3771 2482 3848 βδελυκτοὶ
2510 3781 2670 3848 ὄντες,
2700 3783 2791 3831 καὶ
2819 3776 3067 3847 ἀπειθεῖς,
3098 3784 3187 3832 καὶ
3213 3781 3346 3851 πρὸς
3377 3785 3475 3832 πᾶν
3505 3781 3650 3854 ἔργον
3671 3776 3800 3850 ἁγα-

2191 3865 2288 3916 .θὸν
2327 3862 2596 3939 ἀδόκιμοι.

2858 4036 3025 4083 oro:
3064 4029 3142 4087 11'.

2193 4153 2393 4208 Ὀτιού
2420 4150 2503 4208 δεῖ
2532 4150 2896 4229 διακρίνεσθαι
2937 4162 3029 4209 καὶ
3077 4152 3352 4219 διστάζειν
3387 4158 3507 4229 (76)
3555 4156 3639 4211 ἰπὶ
3685 4162 3798 4221 τοῖς

2267 4246 2368 4297 ὑπό
2397 4251 2490 4297 τοῦ
2535 4248 2730 4319 Κυρίου
2770 4244 3082 4319 λεγομένοις,
3125 4244 3254 4299 ἆλλά
3294 4247 3796 4323 πεπληροφορῆσθαι

2264 4339 2367 4386 πᾶν
2391 4335 2539 4409 ῥῆμα
2567 4342 2701 4387 Θεοῦ
2729 4331 2912 4399 ἄληθες
2936 4332 3066 4389 εἶναι
3084 4341 3175 4390 καὶ
3196 4333 3438 4406 δυνατὸν,
3458 4335 3554 4390 κᾶν
3584 4339 3615 4396 ἡ
3645 4340 3797 4410 φύσις

2264 4426 2532 4497 μάχηται.
2566 4423 2820 4479 Ἐνταῦθα
2846 4428 2948 4499 γὰρ
2974 4430 3065 4479 καὶ
3094 4427 3121 4480 ὁ
3152 4425 3291 4499 ἄγων
3319 4435 3414 4490 τῆς
3442 4431 3686 4490 πίστξως,

2840 4569 3030 4643 Κεφάλ.
3086 4570 3150 4627 α’.

2265 4700 2632 4752 ΜΑΤΘΔῙΟΣ.
2706 4695 2934 4769 Τετάρτῃ
3024 4692 3085 4749 δὲ
3157 4695 3359 4770 φυλακῇ
3431 4704 3530 4760 τῆς
3617 4700 3799 4758 νυκτὸς

2196 4789 2409 4862 ἔρχεται
2472 4786 2498 4837 ὁ
2568 4783 2770 4845 Ἰησοῦς
2844 4787 2975 4859 πρός
3034 4785 3146 4857 (77)
3233 4785 3425 4849 αὐτοὺς
3498 4795 3795 4861 περιπατῶν

2196 4875 2280 4930 ἐπὶ
2337 4883 2428 4936 τῆς
2481 4874 2767 4935 θαλάσσης.
2841 4878 2943 4927 Καὶ
2995 4871 3193 4936 ἰδόντες
3249 4875 3406 4929 αὐτὸν
3458 4878 3510 4929 οἱ
3563 4878 3797 4949 μαθηταὶ

2196 4965 2281 5019 ἐπὶ
2360 4970 2453 5024 τὴν
2525 4964 2794 5019 θάλασσαν
2887 4973 3293 5039 περιπατοῦντα,
3390 4964 3792 5040 ἔταράχθησαν,

2194 5055 2462 5128 λέγοντες·
2541 5055 2827 5127 Φάντασμά
2891 5051 3005 5106 ἔστι
3037 5074 3051 5089 ·
3128 5059 3219 5107 καὶ
3294 5054 3394 5109 ἀπὸ
3464 5062 3557 5108 τοῦ
3636 5054 3797 5129 φόϐου

2193 5255 2339 5319 ὅστις
2399 5253 2575 5328 ἀκούει
2626 5272 2729 5328 μου
2779 5256 2904 5316 τοὺς
2948 5250 3250 5326 λόγους.....
3295 5253 3327 5313 ἡ
3374 5262 3578 5317 πτῶσις
3631 5252 3799 5317 αὐτῆς

2195 5329 2390 5402 μεγάλη
2440 5324 2647 5400 σφόδρα
2660 5371 2671 5383 .

2412 5393 2550 5475 Bég.
2580 5393 2791 5475 tertius
2819 5397 2856 5475 ἦ
2886 5393 3179 5475 διστάξξιν.

2267 5468 2380 5541 (77)
2413 5468 2552 5544 Reg.
2578 5468 2809 5542 primus
2830 5470 3045 5542 ἔρχεται
3074 5471 3101 5522 ὀ
3134 5470 3339 5531 Ἰησοῦς
3359 5473 3509 5544 πρός.
3534 5471 3799 5544 Utraque

2197 5541 2381 5600 editio
2413 5542 2624 5616 ἔρχεται
2663 5544 2762 5613 πρό
2771 5557 2810 5601 ς.
