4112 6416
402 377 509 432 713

1786 369 1840 424 S.
1880 362 2128 420 BASILII
2160 364 2382 423 MAGNI

3656 366 3780 434 τίδ’

394 514 500 572 ego
523 488 836 572 nunquam
863 494 1346 554 scandalizabor.
1372 496 1414 550 Α
1427 495 1471 551 it
1497 495 1595 550 illi
1621 495 1789 549 Jesus
1814 506 1826 547 :
1852 492 2025 546 Amer

2159 495 2259 545 Καὶ
2290 491 2331 544 εἰ
2359 496 2544 556 πάντες
2575 492 3127 556 σκανδαλισθήσονται
3167 497 3214 551 ἐν
3249 504 3352 565 σοὶ,
3386 498 3485 571 ἐγὼ
3528 497 3588 553 δὲ
3613 498 3761 555 οὐδε-

391 589 731 659 dicotibi,in
750 588 865 645 hac
880 591 1394 657 nocte,antequam
1406 584 1611 656 gallus
1629 584 2048 650 cantet,terme

391 679 639 751 negabis
694 677 940 748 (Matth.
1004 690 1165 746 xxvs,
1234 677 1445 745 31-34).
1524 674 1774 743 Vespere
1841 674 2041 726 autem

386 770 573 841 facta,
608 766 1017 824 discumbebat
1062 781 1198 823 cum
1245 765 1560 821 duodecim
1597 760 1947 830 discipulis:
1987 762 2045 813 et

388 857 701 917 edentibus
719 858 864 926 illis,
886 856 1044 914 dixit
1062 857 1143 912 eis
1163 870 1185 911 .’
1206 855 1352 911 Dico
1367 855 1550 923 vobis,
1573 852 1734 924 quod
1752 862 1909 905 unus
1924 861 2046 904 ves-

393 956 555 1006 trum
578 963 670 1005 me
690 947 1034 1004 traditurus
1056 951 1159 1001 est.
1185 946 1263 1001 Et
1284 943 1629 1001 contristati
1649 941 1840 1010 valde,
1864 957 2042 1012 caepe-

388 1045 537 1097 runt
566 1038 798 1109 singuli
815 1037 1008 1096 dicere
1021 1036 1078 1093 ei
1098 1046 1112 1092 :
1134 1034 1431 1107 Nunquid
1449 1046 1557 1105 ego
1584 1048 1716 1089 sum
1746 1033 1997 1089 Domine
2014 1032 2045 1089 ?

387 1130 565 1203 (Ibid.
590 1128 804 1200 20-22.)
823 1126 902 1183 Et
925 1128 1097 1198 facta
1135 1131 1221 1183 est
1259 1139 1376 1182 vox
1396 1124 1479 1181 ad
1496 1137 1672 1180 eum:
1693 1124 1913 1193 Surge,
1935 1123 2044 1179 Pe-

387 1226 501 1287 tre,
531 1219 751 1288 occide,
780 1223 835 1275 et
855 1217 1176 1274 manduca.
1208 1216 1312 1272 Ait
1342 1219 1541 1272 autem
1564 1215 1819 1271 Petrus:
1844 1213 2039 1284 Absit,

382 1313 657 1378 Domine,
678 1311 822 1383 quia
837 1322 1150 1381 nunquam
1166 1307 1531 1363 manducavi
1544 1305 1872 1377 quidquam
1888 1320 2040 1362 com-

382 1417 582 1474 mune,
612 1407 719 1459 aut
745 1399 1123 1456 immundum
1154 1403 1173 1455 !
1201 1398 1282 1454 Et
1305 1412 1423 1454 vox
1444 1398 1661 1453 iterum
1679 1396 1939 1453 secundo
1958 1396 2042 1454 ad

380 1509 542 1552 eum:
564 1493 706 1561 Quae
717 1493 875 1548 Deus
891 1489 1265 1560 purificavit,
1283 1492 1349 1544 tu
1361 1487 1703 1543 communia
1718 1502 1793 1543 ne
1807 1487 2037 1543 dixeris

377 1583 537 1655 (Act.
584 1580 861 1650 x,l3-i5).
925 1578 1186 1635 Consilia
1234 1577 1625 1641 destruentes,
1694 1578 1748 1632 et
1803 1591 2033 1632 omnem

377 1671 554 1746 242
587 1670 977 1729 altitudinem
997 1668 1384 1727 extollentem
1409 1682 1468 1725 se
1485 1668 1772 1724 adversus
1800 1668 2037 1724 scienti-

371 1778 471 1820 am
496 1762 684 1833 Dei,et
699 1763 765 1818 in
789 1761 1199 1832 captivitatem
1217 1761 1553 1829 redigentes
1587 1773 1818 1816 omnem
1853 1758 2030 1815 intel-

368 1853 583 1911 lectum
611 1852 677 1909 in
705 1850 1045 1926 obsequium
1078 1848 1304 1908 Christi
1320 1849 1399 1923 (II
1415 1850 1556 1908 Cor.
1588 1863 1648 1919 κ,
1674 1849 1747 1919 5).

991 2034 1275 2093 REGULA
1300 2032 1398 2093 1X.

363 2143 537 2211 Quod
556 2159 680 2202 non
701 2146 940 2219 oportet
974 2158 1354 2217 quemquam
1388 2141 1793 2213 negligentem
1813 2155 1943 2197 esse
1963 2136 2025 2194 in

429 2237 524 2295 his
552 2232 1166 2308 cognoscendis,qute
1198 2232 1379 2291 oﬁicii
1404 2232 1495 2289 sui
1518 2235 1661 2287 sunt.
1685 2249 1696 2286 :
1719 2230 1825 2287 sed
1846 2227 2026 2285 debet

429 2326 669 2386 Domini
698 2326 889 2384 verba
936 2328 1160 2384 attente
1209 2324 1421 2383 audita
1450 2322 1805 2396 intelligere,
1837 2325 1893 2378 et
1920 2336 2024 2378 vo-

2154 598 2277 634 ποτε
2304 581 2854 660 σκανδαλισθήσομαι,
2878 587 3010 661 Ἔφη
3040 588 3179 659 αὐτῷ
3223 590 3248 640 6
3289 588 3496 652 Ἰησοῦς
3518 611 3533 624 ο
3595 589 3760 664 Ἀμήν

2152 669 2282 743 λέγω
2317 690 2420 742 σοι,
2463 671 2511 725 ἐν
2538 678 2701 748 ταύτῃ
2730 683 2795 749 τῇ
2825 680 2991 745 νυκτὶ,
3034 682 3156 752 πρὶν
3207 676 3457 753 ἀλέκτορα
3496 688 3757 751 φωνῆσαι,

2152 766 2266 835 τρὶς
2304 760 2578 837 ἀπαρνήσῃ
2613 784 2811 838 με......
2855 765 3047 837 Ὀψίας
3094 762 3153 820 δέ
3180 772 3473 841 γενομένης,
3531 767 3757 824 ἀνέκειτο

2151 854 2282 925 μετὰ
2309 860 2407 905 τῶν
2439 850 2651 907 δώδεκα
2668 858 2911 929 μαθητῶν
2935 878 2949 890 ·
2979 860 3064 909 ea}.
3093 856 3370 910 ἐσθιόντων
3401 859 3590 927 αὐτῶν,
3622 858 3754 932 λέγει

2151 942 2325 1004 αὐτοῖς
2349 965 2362 978 υ
2400 948 2544 1016 Λέγω
2574 946 2719 1018 ὑμῖν,
2748 948 2827 999 ὅτι
2859 948 2930 1010 εἷς
2957 946 3009 1011 ἐξ
3036 947 3179 1021 ὑμῶν
3208 945 3517 1021 παραδώσει
3547 969 3627 1022 με.
3654 956 3752 1004 Καὶ

2150 1033 2460 1108 λυπούμενοι
2492 1032 2718 1110 σφόδρα,
2752 1037 2973 1110 ἤρξαντο
3001 1037 3165 1109 λέγειν
3211 1037 3352 1109 αὐτῷ
3389 1040 3608 1101 ἕκαστος
3656 1040 3752 1092 αὖ·

2150 1133 2287 1179 τῶνο
2333 1130 2478 1184 Μήτι
2505 1124 2605 1197 ἐγώ
2636 1127 2760 1200 εἰμι,
2806 1130 2999 1201 Rupis;
3056 1132 3349 1183 ΠΡΑΞΕΙΣ.
3402 1133 3506 1183 Καὶ
3556 1128 3752 1202 ἐγένετο

2152 1221 2289 1291 φωνή
2322 1220 2453 1292 πρὸς
2479 1217 2633 1270 αὐτόν
2659 1240 2670 1252 ·
2714 1217 2990 1280 Ἀναστὰς.
3041 1224 3219 1294 Πέτρε,
3272 1221 3450 1286 θῦσον,
3483 1225 3573 1273 καὶ
3604 1223 3750 1293 φάγε.

2148 1307 2207 1362 Ὀ
2238 1305 2298 1362 δὲ
2318 1313 2506 1383 Πέτρος
2538 1304 2644 1361 εἶπε
2670 1310 2805 1379 (83).
2837 1305 3134 1382 Μηδαμῶς,
3170 1312 3328 1384 Κύριε
3354 1330 3367 1344 ·
3398 1312 3479 1362 ὅτι
3502 1307 3756 1363 οὐδέποτε

2149 1401 2336 1473 ἔφαγον
2378 1406 2480 1453 πᾶν
2517 1402 2685 1453 κοινόν
2725 1400 2754 1458 ἦ
2799 1398 3112 1476 ἀκάθαρτον.
3165 1405 3265 1453 Καὶ
3306 1404 3444 1472 φωνὴ
3494 1399 3647 1453 πάλιν
3695 1399 3751 1453 ἐκ

2150 1488 2395 1567 δευτέρου
2450 1494 2581 1564 πρὸς
2628 1489 2820 1543 αὐτόν·
2861 1489 2923 1542 *Δ
2974 1492 2998 1542 ό
3048 1493 3177 1553 Θεὸς
3228 1488 3526 1565 ἓκαθάρισε,
3570 1494 3636 1542 σὺ
3675 1494 3747 1562 μὴ

2145 1587 2339 1637 κοίνου.
2370 1589 2538 1635 ΠΡΟΣ
2580 1588 2728 1637 ΚΟΡ.
2892 1584 3194 1655 Λογισμοὺς
3238 1582 3627 1654 καθαιροῦντες,
3659 1584 3751 1634 καὶ

2144 1679 2246 1726 πᾶν
2293 1672 2489 1747 ὕψωμα
2537 1671 2869 1747 ἐπαιρόμενον
2906 1672 3045 1725 κατὰ
3081 1679 3177 1733 τῆς
3199 1676 3441 1742 γνώσεως
3476 1677 3570 1723 τοῦ
3615 1677 3750 1725 Θεοῦ

2142 1763 2278 1835 (84),
2319 1768 2409 1815 καὶ
2440 1762 2920 1836 αἰχμαλωτίζοντες
2959 1766 3060 1816 πᾶν
3111 1762 3283 1834 νόημα
3328 1760 3401 1823 εἰς
3460 1763 3555 1817 τὴν
3607 1762 3747 1812 ὑπα-

2062 1850 2109 1907 Β
2140 1857 2267 1913 κοὴν
2290 1861 2383 1907 τοῦ
2409 1861 2665 1929 Χριστοῦ.

2798 2041 2964 2089 ΟΡΟΣ
3003 2040 3084 2089 ϐ’.

2134 2147 2252 2202 ’Ότι
2300 2146 2357 2201 οὐ
2415 2142 2499 2201 δεῖ
2545 2142 2746 2221 ἀμελεῖν
2784 2154 2879 2207 τῆς
2922 2151 3023 2198 τῶν
3055 2140 3427 2197 ἐπιϐαλλόντων
3465 2145 3739 2214 γνὼσεωςο

2204 2241 2336 2313 μετὰ
2360 2246 2639 2315 προσοχῆς
2665 2232 2723 2289 δὲ
2749 2244 2848 2288 τῶν
2879 2242 2970 2287 τοῦ
3005 2237 3199 2307 Κυρίου
3241 2229 3405 2303 λόγων
3588 2228 3743 2283 ἀκού-

2205 2348 2329 2384 οντα
2357 2332 2603 2396 συνιέναι,
2637 2329 2726 2380 καὶ
2754 2332 2918 2379 ποιεῖν
2950 2326 3007 2378 τό
3042 2320 3239 2397 θέλημα
3269 2319 3449 2376 αὐτοῦ.

426 2416 875 2511 luntatemejus
905 2415 1124 2475 facere.

1062 2577 1253 2650 Caput
1276 2578 1321 2634 1.

425 2686 808 2760 Respondens
824 2691 1023 2744 autem
1040 2685 1255 2742 Petrus
1275 2668 1431 2743 dixit
1452 2684 1530 2741 ei:
1551 2684 1831 2743 Edissere
1852 2682 2020 2743 nobis

353 2778 716 2850 parabotam
736 2778 939 2834 istam.
955 2776 1037 2833 At
1056 2776 1227 2832 Jesus
1248 2775 1406 2831 dixit
1435 2792 1446 2829 :
1470 2775 1682 2833 Adhuc
1702 2781 1757 2832 et
1776 2792 1876 2833 vos
1893 2778 2020 2833 sine

353 2870 667 2926 intellectu
706 2867 890 2924 estis?
936 2865 1223 2922 Nondum
1259 2865 1599 2936 intelligitis
1640 2866 1802 2938 quod
1847 2882 2020 2924 omne

354 2958 519 3032 quod
546 2959 611 3015 in
631 2973 695 3015 os
720 2957 936 3025 intrat,
964 2958 1027 3012 in
1058 2959 1326 3013 ventrem
1346 2954 1537 3051 vadit,
1561 2961 1614 3012 et
1638 2956 1702 3011 in
1723 2972 2016 3014 secessum

355 3048 697 3107 emittitur?
722 3062 859 3121 quae
895 3053 1096 3104 autem
1132 3042 1472 3116 procedunt
1498 3045 1571 3103 de
1599 3062 1720 3109 ore,
1744 3046 1818 3103 de
1837 3046 2017 3105 corde

2141 3064 2227 3125 ui,
2261 3059 2352 3109 καὶ
2392 3055 2465 3118 εἰς
2496 3049 2769 3129 ἀφεδρῶνα
2794 3047 3095 3104 ἓκϐάλλεται
3120 3063 3135 3117 ;
3184 3051 3252 3101 τὰ
3278 3042 3336 3101 δε
3366 3044 3743 3120 ἐκπορευόμενα

354 3144 596 3206 exeunt,
617 3143 671 3195 et
690 3152 760 3195 ea
804 3137 1202 3209 coinquinant
1247 3135 1586 3194 hominem?
1627 3137 2015 3210 (Matth.,xv,

2141 3147 2185 3200 ἱκ
2223 3154 2313 3202 τοῦ
2342 3151 2619 3220 στόματος,
2652 3142 2705 3199 ἐκ
2735 3152 2827 3205 τῆς
2864 3137 3091 3216 καρδίας
3122 3138 3411 3215 ἐξέρχεται,
3442 3139 3531 3189 καὶ
3578 3142 3743 3189 κοινοῖ

356 3230 564 3297 15·18.)
588 3227 737 3286 Cum
754 3227 947 3301 quivis
968 3226 1140 3284 audit
1161 3240 1492 3284 sermonem
1515 3228 1770 3299 regni,et
1790 3244 1911 3287 non
1934 3230 2021 3286 in-

2141 3241 2217 3291 τόν
2257 3238 2560 3311 οἱνθρωπον;
2764 3235 2959 3293 Παντὸς
2990 3229 3267 3291 ἀκούοντος
3322 3230 3407 3281 τόν
3449 3224 3599 3300 λόγον
3645 3232 3740 3286 τῆς

356 3318 773 3389 telligit,venit
795 3317 1076 3384 malus,et
1100 3316 1264 3387 rapit
1285 3316 1448 3388 quod
1466 3318 1825 3377 seminatum
1846 3326 1929 3377 est
1956 3322 2021 3379 in

2141 3327 2428 3401 βασιλείας,
2462 3328 2642 3400 καὶμὴ
2688 3327 2966 3388 συνιέντος,
3018 3323 3233 3397 ἔρχεται
3275 3319 3300 3370 6
3347 3318 3594 3389 πονηρὸς,
3649 3319 3741 3367 καὶ

357 3408 539 3466 corde
564 3409 729 3478 ejus:
766 3408 865 3464 hic
884 3411 971 3464 est
1011 3405 1118 3478 qui
1153 3422 1322 3463 secus
1361 3408 1522 3465 viam
1570 3412 1900 3467 seminatus
1935 3417 2019 3469 est

2141 3416 2357 3492 Ξιρπάξει
2384 3421 2443 3469 τὸ
2469 3415 2790 3490 ἐσπαρμένον
2820 3411 2870 3466 ἐν
2892 3420 2954 3486 τῇ
2983 3407 3181 3487 καρδίᾳ
3203 3408 3383 3464 αὐτοῦ.
3409 3404 3575 3470 Οὗτός
3602 3405 3741 3459 ἐστιν

357 3496 608 3569 (Matth.
638 3497 879 3568 xm,l9).
906 3498 973 3553 Et
1008 3494 1197 3569 paulo
1239 3500 1415 3569 post:
1449 3499 1565 3566 Qui
1590 3507 1789 3557 autem
1810 3501 1876 3558 in
1909 3506 2023 3559 ter-

2141 3491 2332 3582 όπαρὰ
2360 3510 2454 3565 τὴν
2481 3502 2604 3559 ὀδόν
2648 3506 2883 3580 σπαρείς.
2926 3507 3030 3556 Καὶ
3060 3500 3168 3572 μετ’
3200 3498 3369 3572 ὢλγον
3400 3497 3509 3569 (86)
3538 3514 3552 3531 ο
3590 3494 3651 3548 Ὀ
3681 3491 3742 3547 δι

358 3601 493 3644 ram
526 3587 742 3643 bonam
763 3586 1089 3643 seminatus
1112 3590 1217 3654 est,
1251 3587 1350 3643 hic
1369 3594 1453 3644 est
1474 3590 1582 3660 qui
1607 3591 1779 3646 audit
1804 3606 2024 3649 sermo-

358 3691 517 3747 nem,
541 3683 597 3734 et
632 3677 927 3749 intelligit
956 3693 969 3733 :
1012 3677 1119 3749 qui
1150 3677 1407 3749 denique
1438 3680 1715 3749 fructum
1738 3681 1938 3752 aﬁ'ert,
1962 3683 2023 3742 et

357 3768 699 3837 facit,alius
718 3767 958 3838 quidem
976 3767 1451 3840 centesimum,al
1458 3771 1548 3825 ius
1569 3776 1765 3829 autem
1784 3789 2028 3846 sexage-

357 3857 594 3925 simum,
642 3858 805 3914 alius
843 3872 985 3914 vero
1025 3856 1390 3914 tricesimum
1440 3860 1613 3926 (Ibid.
1646 3863 1762 3933 23).
1808 3865 1876 3919 Et
1917 3864 2026 3921 ad-

360 3960 579 4004 vocans
604 3952 792 4003 totam
840 3946 1106 4014 turbam,
1134 3946 1371 4004 dicebat
1397 3949 1525 4006 illis
1562 3968 1576 4006 :
1600 3952 1826 4010 Audite
1851 3968 1946 4011 me
1970 3960 2030 4012 et

360 4036 689 4107 intelligite
745 4036 963 4107 (Marc.
1024 4050 1121 4099 vn,
1190 4035 1298 4107 14).
1372 4039 1574 4098 Videte
1634 4044 1841 4115 itaque
1888 4061 2030 4117 quo-

359 4126 534 4182 modo
556 4132 730 4183 caute
749 4125 1103 4183 ambuletis:
1127 4139 1248 4181 non
1269 4129 1449 4198 quasi
1471 4130 1948 4202 insipientes,sed
1958 4144 2030 4194 ut

360 4216 658 4286 sapientes
689 4233 702 4272 :
731 4216 1088 4272 redimentes
1110 4220 1362 4288 tempus,
1393 4226 1678 4292 quoniam
1706 4224 1831 4283 dies
1878 4229 2032 4285 mali

359 4311 527 4365 sunt.
555 4307 889 4378 Propterea
916 4306 1104 4368 nolite
1118 4307 1260 4377 ﬁeri
1283 4310 1714 4385 imprudentes,
1730 4318 1837 4375 sed
1856 4318 2029 4377 intel-

363 4396 616 4468 ligentes
641 4413 779 4470 qua
814 4401 890 4457 sit
908 4402 1185 4461 voluntas
1208 4404 1321 4462 Dei
1339 4404 1583 4477 (Ephes.
1615 4421 1676 4476 v,
1711 4409 1915 4482 15-17).

2793 2575 2984 2654 Κεφᾶλ.
3014 2584 3076 2634 Α.

2203 2697 2571 2749 ΜΔΤΘΑΙΟΣ,
2606 2690 2935 2767 Ἀποκριθεὶς
2966 2682 3025 2742 δε
3068 2688 3094 2741 6
3135 2688 3325 2762 Πέτρος
3377 2680 3512 2738 εἶπεν
3560 2683 3733 2756 αὐτῷ·

2136 2786 2339 2861 Φράσον
2365 2785 2489 2858 ἡμῖν
2518 2786 2611 2842 τὴν
2631 2779 2932 2858 παραϐολὴν
2957 2781 3172 2838 ταύτην.
3212 2775 3270 2830 Ὀ
3320 2773 3379 2829 δί
3428 2775 3637 2837 Ἰησοῦς
3661 2769 3736 2828 εἶ·-

2127 2894 2217 2929 πεν
2243 2916 2257 2930 .
2292 2874 2490 2948 Ἀκμὴν
2520 2878 2610 2926 καὶ
2632 2873 2780 2946 ὑμεῖς
2819 2868 3059 2923 ἀσύνετοί
3090 2866 3242 2935 Ean;
3278 2866 3438 2920 Οὔπω
3460 2872 3638 2933 νοεῖτε,
3662 2865 3740 2917 ὅτι

2128 2972 2228 3019 πᾶν
2250 2968 2309 3018 τὸ
2341 2964 2761 3041 εἰσπορευόμενον
2790 2961 2860 3023 εἰς
2898 2963 2957 3012 τὸ
2987 2964 3158 3033 στόμα
3187 2958 3260 3021 εἰς
3284 2960 3378 3015 τὴν
3404 2954 3603 3009 κοιλίαν
3630 2976 3741 3029 χω-

2134 3597 2218 3651 ἕπὶ
2245 3602 2341 3656 τὴν
2364 3603 2463 3668 γῆν
2484 3598 2577 3654 τὴν
2598 3592 2759 3652 καλὴν
2788 3595 3021 3666 σπαρεὶς,
3062 3589 3208 3651 οὗτός
3238 3587 3380 3641 ἐστιν
3409 3588 3435 3639 6
3472 3588 3561 3638 τὸν
3588 3583 3741 3656 λόγον

2134 3687 2335 3741 ἀκούων
2363 3692 2454 3740 καὶ
2486 3689 2699 3753 συνιὼν,
2733 3684 2783 3746 ὃς
2814 3679 2882 3743 δὴ
2923 3686 3261 3757 καρποφορεῖ,
3293 3682 3383 3731 καὶ
3410 3680 3551 3730 ποιεῖ
3593 3676 3620 3727 6
3648 3675 3740 3748 μὶν

2137 3778 2338 3845 ἑκατὸν,
2372 3779 2397 3829 6
2430 3773 2488 3829 δι
2518 3774 2785 3841 ἑξήκοντα,
2818 3772 2847 3826 6
2867 3769 2928 3827 δε
2956 3773 3257 3847 τριάκοντα.
3288 3772 3578 3822 ΜΑΡΚΟΣ.
3640 3767 3741 3818 Καὶ

2135 3867 2623 3943 προσκαλεσάμενος
2652 3866 2824 3919 πάντα
2846 3865 2935 3917 τὸν
2982 3860 3163 3934 ὄχλον,
3210 3855 3346 3914 εἶπεν
3390 3856 3571 3917 αὐτοῖς
3589 3872 3607 3890 ο
3658 3852 3739 3907 Ἀ.

2138 3941 2314 4013 κούετέ
2342 3975 2465 4032 μου,
2494 3960 2587 4009 καὶ
2612 3958 2833 4011 συνίετε.
2866 3958 3035 4007 ΠΡΟΣ
3064 3954 3242 4007 ΕΦΕΣ.
3270 3948 3485 4003 Βλέπετε
3513 3941 3602 3999 οὖν
3633 3951 3747 4004 πῶς

2140 4048 2364 4123 ἀκριϐῶς
2388 4053 2755 4122 περιπατεῖτεο
2797 4048 2869 4118 μὴ
2912 4046 2982 4106 ὡς
3019 4044 3230 4115 ἄσοφοι,
3281 4037 3389 4092 ἀλλ’
3438 4040 3506 4099 ὡς
3556 4037 3748 4108 σοφοί·

2138 4138 2573 4215 ἐξαγοραζόμενοι
2600 4139 2690 4190 τὸν
2714 4137 2919 4210 καιρὸν,
2949 4134 3032 4187 ὄτι
3061 4134 3118 4185 αἱ
3147 4133 3340 4205 ἡμέραι
3366 4129 3595 4204 πονηραί
3626 4124 3751 4180 εἱσι.

2135 4232 2233 4284 Διά
2259 4237 2414 4283 τοῦτο
2443 4231 2515 4303 μὴ
2548 4227 2752 4302 γίνεσθε
2776 4225 3013 4299 ἄφρονες,
3046 4221 3175 4277 ἀλλὰ
3207 4222 3463 4282 συνιέντες
3490 4221 3544 4271 τί
3570 4219 3632 4272 τό
3664 4216 3755 4270 θε-

2135 4320 2280 4394 λημα
2305 4327 2398 4374 τοῦ
2423 4326 2581 4375 Θεοῦ.

361 4561 538 4629 Quod
561 4562 625 4621 in
643 4564 828 4623 rebus
856 4567 1110 4626 minime
1128 4568 1210 4627 ad
1236 4585 1351 4628 nos
1382 4571 1823 4645 pertinentibus
1853 4576 2023 4636 nullo

2141 4580 2254 4636 Ὀτι
2286 4586 2403 4655 περὶ
2451 4589 2550 4633 τῶν
2593 4583 2665 4653 μὴ
2711 4574 3084 4632 ἐπιϐαλλόντων
3123 4573 3184 4630 οὐ
3226 4567 3310 4626 δεῖ
3358 4569 3737 4646 πολυπραγμοω

716 4655 908 4714 modo
930 4657 1227 4717 debemus
1258 4660 1481 4720 curiosi
1509 4678 1681 4722 esse;
2872 4673 2992 4722 νεῖν.

1039 4820 1231 4893 Caput
1263 4822 1339 4882 ιι.

428 4920 509 4982 Et
528 4931 661 4996 post
680 4924 1012 4986 bucceltam
1028 4930 1304 4989 introivit
1324 4935 1387 4990 in
1404 4950 1537 4993 eum
1551 4942 1832 4998 Satanas.
1848 4940 1923 5001 Et
1935 4943 2022 5001 di-

358 5014 436 5071 cit
458 5015 512 5071 ei
526 5016 697 5073 Jesus
722 5034 734 5072 :
762 5016 934 5086 Quod
940 5019 1232 5093 facis,fac
1252 5025 1450 5081 citius.
1468 5025 1598 5085 Hoc
1624 5036 1824 5089 autem
1850 5048 2021 5092 nemo

354 5103 530 5161 scivit
542 5105 1044 5166 discumbentium
1056 5112 1157 5178 ,ad
1175 5112 1325 5185 quid
1338 5115 1497 5173 dixit
1516 5118 1572 5175 ei
1585 5122 1785 5186 (Joan.
1803 5128 2018 5195 1111,27,

354 5198 471 5255 28).
509 5195 710 5266 Igitur
733 5199 841 5270 qui
873 5210 1301 5275 convenerant,
1347 5206 1815 5281 interrogabant
1863 5231 1994 5274 eum

353 5287 618 5343 dicentes
634 5301 647 5341 :
662 5287 1065 5361 Domine,siin
1080 5295 1463 5364 temporehoc
1475 5267 1751 5359 restitues
1763 5267 2021 5377 regnum,

2773 4831 2964 4907 Κεφάλ.
3023 4835 3096 4885 Β“.

2207 4956 2521 5006 ΙΩΑΝΝΙΙΣ.
2585 4950 2684 5001 Καὶ
2723 4947 2855 5020 μετὰ
2902 4945 2960 4997 τὸ
3012 4940 3235 5013 ψωμίον,
3313 4938 3430 4989 τότε
3503 4930 3739 5020 εἰσῆλθεν

2131 5043 2198 5104 εἰς
2264 5040 2449 5094 ἐκεῖνον
2498 5041 2524 5091 6
2572 5042 2817 5097 Σατανᾶς.
2886 5036 3039 5104 Λέγει
3104 5028 3244 5099 αὐτῷ
3299 5027 3325 5079 6
3386 5025 3613 5085 Ἰησοῦς.
3670 5018 3740 5073 Ὀ

2120 5139 2316 5200 ποιεῖς,
2374 5136 2598 5189 ποίησον
2663 5128 2873 5200 τάχιον.
2959 5128 3125 5176 Τοῦτο
3201 5114 3261 5171 6“:
3352 5112 3527 5177 οὐδεὶς
3609 5114 3740 5185 ἔγνω

2130 5233 2230 5276 τῶν
2286 5221 2649 5295 ἀνακειμένων,
2706 5220 2834 5292 πρὸς
2896 5217 2949 5267 τί
3006 5209 3139 5266 εἶπεν
3207 5208 3368 5279 αὐτῷ.
3437 5205 3737 5261 ΠΡΔΞΕΙΣ.

2129 5315 2197 5366 Οἱ
2256 5315 2347 5385 μὲν
2421 5293 2509 5363 οὖν
2576 5306 2901 5367 συνελθόντες
2970 5301 3251 5376 ἕπηρώτων
3323 5295 3482 5350 αὐτὸν
3554 5293 3736 5366 λέγον-

422 5463 538 5537 (82)
586 5463 1007 5555 lgditionperis.
1041 5474 1098 5528 et
1122 5475 1320 5555 textus
1352 5491 1523 5555 sever
1549 5478 1834 5555 vulgatus
1865 5489 1891 5543 6
1947 5486 2007 5545 6“:

350 5534 543 5624 Πέτρος
581 5534 707 5624 εἷπε.
752 5538 902 5624 Illud
922 5539 1051 5624 ἐἶπε
1088 5560 1202 5624 nec
1226 5534 1577 5624 in_editione
1600 5534 1913 5618 ῗνέἷιῗῇἑο
1942 5534 2004 5619 in

344 5612 566 5668 nostris
595 5612 898 5667 veteribus
920 5613 1086 5669 libris
1111 5616 1430 5676 invenitur.

415 5685 530 5754 (84)
552 5684 693 5755 Reg.
725 5682 962 5756 primus
990 5688 1122 5741 κατὰ
1145 5696 1234 5750 τῆς
1266 5687 1532 5767 δυνάμεως
1560 5716 1652 5752 τον
1684 5709 1838 5773 Θεον,
1868 5720 2007 5765 con-

2117 5498 2215 5551 tra
2241 5492 2574 5562 potentiam
2604 5488 2760 5562 Dei._
2881 5558 2889 5562 _
3125 5560 3133 5562 _
3224 5555 3234 5562 _
3340 5548 3393 5562 η,
3562 5541 3702 5562 mg,

2840 5558 2927 5609 τὸν
2953 5561 3069 5635 τοῦ-
3101 5555 3296 5635 Κυρίου
3340 5548 3511 5621 λόγον.
3562 5539 3729 5615 Regii

2113 5625 2350 5709 ρείωιιε
2375 5641 2431 5691 et
2464 5625 2667 5709 tertius
2687 5640 2787 5683 ’.ὧν
2810 5637 2902 5709 τοᾷ
2932 5631 3131 5709 ξυρεῖου
3170 5625 3353 5696 λόγων.

2182 5710 2293 5781 (86)
2329 5710 2472 5778 Reg.
2505 5704 2744 5779 primus
2775 5700 2884 5776 μετ’
2919 5699 3089 5772 ὀλίγα.
