4112 6374
276 352 377 406 ’ΠΤ

1791 342 2123 401 MOBALIA.

3530 362 3637 421 718

274 494 368 535 τις·
422 478 600 549 Κύριε,
676 472 720 526 εἰ
777 471 825 526 ἓν
883 480 955 543 τῷ
1019 475 1196 545 χρόνῳ
1278 474 1440 543 τούτῳ
1514 470 1869 525 ἀποκαθιστά-

1994 468 2186 526 Israe'l
2206 471 2423 531 tDixit
2464 478 2665 534 autem
2702 479 2786 534 eis
2817 495 2833 535 :
2865 481 2990 536 Non
3020 486 3107 537 est
3157 489 3419 542 vestrum
3465 501 3639 543 nosse

276 583 380 627 νεις
432 568 527 622 τὴν
586 561 860 636 βασιλείαν
914 570 986 633 τῷ
1042 560 1255 636 Ἰσραήλ
1314 577 1328 628 ;
1394 556 1519 614 Eine
1572 557 1632 612 δὲ
1659 563 1786 634 πρὸς
1810 558 1876 614 αύ

278 657 418 716 τούς·
492 653 614 725 Οὐχ
679 655 823 726 ὑμῶν
868 650 1002 704 ἰστι
1056 659 1249 722 γνῶναι
1298 654 1520 725 χρόνους
1568 652 1598 710 ἧ
1640 653 1875 723 καιρούς,

277 744 366 804 οὓς
387 745 412 795 ό
442 747 624 818 Πατὴρ
656 744 797 796 ἔθετο
836 741 883 795 ἐν
908 750 969 814 τῇ
1007 738 1123 813 ἰδίᾳ
1151 740 1385 813 ίξουσίᾳ.

274 831 397 887 Ὀτι
421 828 479 885 id
482 852 557 887 ιον
587 841 688 885 τῶν
719 831 944 905 ἐχόντων
976 828 1218 889 σπουδὴν
1241 839 1337 893 τῆς
1388 834 1520 905 πρὸς
1569 830 1684 903 (87)
1746 833 1874 885 Θεὸν

420 921 806 996 εὐαρεστήσεως
833 924 892 975 τὸ
941 926 1030 974 καὶ
1079 919 1338 996 ἕπερωτᾷν
1376 925 1494 996 περὶ
1522 921 1590 973 ὧν
1623 917 1727 979 δεῖ.

918 1100 1082 1174 Κεφά)
1095 1120 1109 1137 ο
1161 1098 1230 1157 Γ.

347 1196 703 1246 ΜΑΤΘΑΙΟΣ.
773 1197 874 1245 Καὶ
946 1192 1243 1266 προσῆλθον
1318 1190 1461 1262 αὐτῷ
1533 1190 1584 1245 οί
1640 1192 1875 1265 μαθηταὶ

276 1280 433 1336 αὐτοῦ
529 1280 788 1352 λέγοντεςο
886 1284 1090 1356 Φράσον
1186 1283 1311 1355 ἡμῖν
1386 1286 1481 1340 τὴν
1572 1281 1873 1358 παραϐολὴν

274 1380 372 1424 τῶν
454 1369 697 1432 ζιζανίων
772 1389 866 1424 του
955 1369 1138 1447 ἀγροῦ.
1175 1413 1188 1426 .
1225 1412 1239 1426 .
1271 1413 1284 1427 .
1315 1413 1330 1426 .
1421 1375 1522 1425 Καὶ
1591 1369 1731 1437 ἰδού,
1801 1370 1874 1436 εἷς

272 1460 588 1535 προσελθὼν,
659 1456 794 1514 εἶπεν
836 1460 1013 1533 ,αύτῷ
1043 1481 1055 1496 ο
1142 1458 1441 1515 Διδάσκαλε
1533 1459 1715 1534 ἀγαθὲ,
1821 1468 1873 1516 τί

273 1549 468 1623 ἀγαθὸν
508 1554 738 1622 ποιήσω,
787 1549 872 1603 ἱνα
913 1553 1022 1623 ἔχω
1088 1551 1227 1612 ζωὴν
1285 1550 1490 1604 αἰώνιον
1537 1558 1869 1618 ;ΑΟΥΚΑΣ.

270 1641 472 1714 Ἔλεγεν
563 1636 651 1693 οὖν
743 1648 853 1703 τοῖς
942 1639 1355 1717 ἐκπορευομένοις
1426 1641 1601 1713 ἄλλοις
1670 1640 1873 1715 βαπτι-

273 1731 461 1789 σθῆναι
535 1728 623 1782 ὑπ’
690 1730 868 1783 αὐτοῦ·
944 1736 1239 1803 Γεννήματα
1310 1727 1558 1802 ἐχιδνῶν,
1627 1734 1708 1792 τίς
1776 1732 1872 1785 ύπ-

1988 564 2259 630 tempora
2279 564 2375 619 vel
2400 572 2718 636 momenta,
2767 584 2902 640 quae
2945 572 3134 628 Pater
3155 575 3352 643 posuit
3393 578 3455 633 in
3522 592 3638 635 sua

1984 648 2174 720 ipsius
2196 656 2491 720 potestate
2517 655 2674 727 (Act,
2696 673 2735 726 ι,
2767 661 2822 727 6,
2853 661 2930 732 7),

1986 826 2161 894 Quod
2202 831 2520 904 proprium
2579 839 2928 908 esteorum,
2959 839 3068 912 qui
3095 840 3172 897 de
3200 841 3472 902 ineunda
3496 860 3642 904 cum

2055 920 2176 976 Deo
2232 923 2428 990 gratia
2474 923 2711 983 solliciti
2740 932 2902 998 sunt,
2931 929 3005 986 de
3035 931 3216 989 rebus
3260 933 3342 993 ad
3370 935 3641 995 ofﬁcium

2053 1007 2329 1082 ipsorum
2349 1015 2789 1087 pertinentibus
2809 1022 3177 1094 percontari.

2628 1110 2827 1181 Caput
2877 1112 2996 1169 ιιι.

2051 1191 2131 1248 Et
2162 1203 2544 1256 accesserunt
2572 1199 2654 1255 ad
2685 1212 2815 1257 eum
2846 1202 3139 1274 discipuli
3163 1206 3293 1276 ejus
3321 1206 3587 1267 dicentes
3621 1227 3636 1268 :

1985 1280 2259 1340 Edissere
2277 1285 2445 1343 nobis
2462 1290 2824 1357 parabotam
2843 1293 3217 1352 zizaniorum
3236 1298 3379 1368 agri
3398 1298 3636 1365 (Matth.

1980 1387 2097 1443 xm,
2121 1376 2232 1445 36).
2256 1375 2334 1431 Et
2363 1391 2514 1445 ecce,
2529 1394 2689 1436 unus
2716 1383 3022 1448 accedens,
3053 1385 3139 1441 ait
3168 1386 3271 1442 illi
3298 1404 3314 1443 :
3346 1388 3649 1460 Magister

1984 1460 2151 1533 bone,
2183 1465 2331 1535 quid
2358 1465 2498 1523 boni
2525 1470 2778 1537 faciam,
2811 1478 2879 1527 ut
2934 1473 3188 1532 habeam
3241 1478 3423 1536 vitam
3470 1485 3642 1537 ωεενο

1980 1566 2123 1609 nam
2153 1554 2439 1624 ?(Matth.
2490 1574 2605 1626 xix,
2667 1560 2777 1624 16.)
2822 1562 3072 1621 Dicebat
3128 1580 3270 1637 ergo
3317 1567 3401 1624 ad
3427 1570 3641 1627 turbas

1980 1656 2111 1712 qua:
2135 1643 2383 1701 exibant
2404 1653 2471 1702 ut
2503 1647 2967 1718 baptizarentur
2989 1653 3065 1710 ab
3102 1655 3231 1725 ipso
3262 1672 3277 1712 :
3317 1658 3641 1717 Genimina

1982 1732 2331 1800 viperarum
2381 1738 2515 1807 quis
2562 1740 2823 1796 ostendit
2872 1741 3035 1798 vobis
3060 1744 3279 1815 fugere
3301 1762 3340 1804 a
3384 1755 3641 1807 ventura

269 1817 458 1884 ἔδειξεν
515 1821 636 1894 ὑμῖν
691 1827 868 1893 φυγεῖν
934 1818 1035 1875 ἀπὸ
1106 1829 1198 1882 ’ῆς
1266 1820 1551 1894 μελλούσης
1640 1820 1799 1896 ὀργῆς
1853 1837 1867 1889 ;

1994 1821 2076 1878 ira
2102 1824 2313 1893 ?(Luc.
2333 1840 2414 1893 ιιι,
2443 1827 2523 1891 7.)
2552 1829 2621 1883 Et
2649 1830 2834 1900 paulo
2863 1838 3040 1903 post:
3065 1835 3145 1889 Et
3172 1836 3640 1908 interrogabant

270 1915 370 1963 Καὶ
417 1909 527 1984 μετ’
572 1909 741 1982 ὀλίγα·
796 1914 895 1963 Καὶ
940 1909 1219 1986 ἐπηρώτων
1260 1910 1415 1963 αὐτόν
1482 1913 1532 1963 oi
1592 1910 1743 1983 ὄχλοι
1795 1911 1873 1964 λέεο

264 2019 481 2072 γοντες·
563 2004 627 2054 Τί
715 2004 1002 2073 ποιήσομεν
1079 2001 1260 2072 (88);
1325 1998 1544 2074 Ὁμοίως
1635 2000 1867 2070 τελῶναι,

267 2091 460 2164 ὁμοίως
535 2094 931 2164 στρατευόμενοι
1014 2094 1309 2148 ΠΡΑΞΕΙΣ.
1390 2090 1725 2154 Ἀκούσαντες
1810 2088 1870 2144 δι

267 2183 626 2253 κατενύγησαν
692 2186 785 2240 τὴν
847 2175 1093 2253 καρδίαν,
1148 2182 1290 2233 εἶπόν
1347 2200 1401 2233 τε
1453 2185 1580 2256 πρός
1628 2184 1716 2236 τόν
1765 2186 1869 2235 Πέ-

265 2290 415 2346 τροη,
480 2275 570 2323 καὶ
652 2274 771 2333 τούς
850 2270 1059 2332 λοιπούς
1140 2269 1478 2335 ἀποστόλους
1542 2274 1607 2324 Τί
1650 2277 1869 2331 ποιήσο-

267 2379 377 2435 μεν,
404 2357 591 2437 ἄνδρες
612 2362 728 2432 (89)
755 2357 968 2434 ἀδελφοί
997 2377 1011 2429 ;

266 2448 387 2505 Ὀτι
416 2445 499 2504 δεῖ
528 2448 902 2528 ἐπερωτωμένῳ
925 2450 1213 2525 φροντίζειν
1243 2451 1352 2525 (90)
1396 2450 1676 2525 ἀξιολόγως
1732 2448 1867 2506 ἀπο-

931 2542 1223 2614 κρίνεσθαι.

938 2630 1127 2705 Κεφάλ.
1162 2628 1209 2685 Δ’

336 2725 623 2777 ΛΟΥΚΑΣ.
694 2723 795 2774 Καὶ
850 2715 990 2791 ἰδού,
1046 2724 1258 2795 νομικός
1304 2742 1385 2786 τις
1453 2720 1637 2782 ἀνίστη
1695 2721 1866 2779 ἐκπει-

267 2811 441 2885 ράζων
488 2810 665 2882 αὐτόν,
724 2814 815 2864 καὶ
877 2808 1056 2883 λέγων’
1113 2807 1427 2879 Διδάσκαλε,
1504 2818 1557 2866 τί
1613 2834 1864 2883 ποιησας,

267 2900 408 2960 ζωὴν
454 2900 658 2953 αἰώνιον
698 2899 1077 2975 κληρονομήσω
1120 2915 1134 2970 ;
1191 2895 1318 2956 Εἷπε
1375 2899 1434 2955 δὲ
1506 2907 1631 2978 πρὸς
1687 2904 1862 2958 αὐτόν·

269 2987 351 3042 Ἐν
416 2997 488 3061 τῷ
552 2994 689 3065 νόμῳ
736 2994 788 3044 τί
853 2992 1149 3064 γέγραπται
1198 3006 1212 3060 ;
1262 2999 1373 3054 πῶς
1440 2990 1863 3066 ἁναγινώσκειςς

268 3078 327 3132 Ὀ
394 3076 453 3134 δὲ
510 3078 809 3156 ἀποκριθεὶς
883 3076 1037 3135 εἶπεν·
1115 3079 1436 3154 ’Λγαπήσεις
1509 3086 1696 3160 Κύριον
1776 3088 1862 3138 τὸν

1981 1925 2114 1966 eum
2135 1911 2310 1985 243
2339 1915 2554 1985 turbae,
2584 1917 2847 1976 dicentes
2871 1935 2897 1976 .·
2923 1920 3078 1987 Quid
3112 1924 3442 1995 faciemus?
3462 1928 3637 1998 (ibid.

1984 2000 2066 2071 i0)
2092 2017 2105 2056 :
2128 2004 2308 2059 Erant
2327 2009 2532 2062 autem
2557 2022 2695 2063 cum
2717 2008 3051 2081 publicani,
3076 2017 3206 2070 tum
3239 2015 3475 2074 milites.
3523 2020 3637 2075 His

1979 2095 2180 2148 autem
2219 2093 2465 2165 auditis,
2515 2101 2864 2167 compuncti
2886 2107 3029 2158 sunt
3049 2104 3322 2174 corde,et
3349 2107 3638 2166 dia-erunt

1977 2180 2058 2237 ad
2088 2181 2357 2252 Petrum,
2378 2189 2436 2241 et
2463 2186 2547 2241 ad
2570 2187 2834 2259 reliquos
2872 2192 3172 2261 apostolos
3206 2209 3220 2249 :
3251 2193 3410 2262 Quid
3450 2197 3636 2267 facie-

1978 2286 2109 2327 mus
2126 2273 2247 2328 viri
2260 2274 2489 2343 fratres
2511 2279 2537 2330 .9
2566 2278 2725 2345 (Act.
2758 2295 2817 2350 ιι,
2843 2281 2958 2353 37.)

1976 2449 2152 2517 Quod
2171 2451 2513 2511 curandum
2532 2453 2608 2514 sit
2634 2457 2689 2513 ei
2712 2457 2819 2532 qui
2845 2457 3274 2533 interrogatur,
3300 2468 3369 2523 ut
3398 2468 3557 2524 recte
3578 2470 3639 2526 et

2437 2545 2728 2618 praeiere
2775 2550 3167 2622 respondeat.

2654 2637 2850 2709 Caput
2877 2640 2974 2696 IV

2045 2723 2124 2779 Et
2181 2736 2331 2792 ecce,
2372 2725 2621 2797 quidam
2669 2728 3052 2800 legisperitus
3102 2735 3372 2793 surrexit
3390 2741 3635 2796 tentans

1975 2827 2131 2881 eum,
2146 2817 2202 2871 et
2223 2814 2453 2872 dicens:
2474 2817 2786 2891 Magister,
2810 2821 2959 2891 quid
2974 2823 3257 2891 faciendo
3270 2828 3453 2885 vitam
3467 2838 3632 2890 ceter-

1975 2917 2118 2959 nam
2135 2905 2446 2973 possidebo
2469 2906 2497 2961 ?
2521 2908 2601 2963 At
2624 2909 2730 2967 ille
2752 2909 2909 2968 dirit
2930 2912 3014 2969 ad
3031 2927 3194 2972 eum:
3225 2917 3298 2973 In
3320 2919 3450 2991 lege
3487 2922 3635 2996 quid

1972 2993 2264 3064 scriptum
2293 2999 2378 3051 est
2399 2998 2720 3067 tquomodo
2736 2999 2879 3069 legis
2894 2998 3037 3059 ?Ille
3062 2993 3629 3075 respondensdixit:

1971 3082 2193 3152 Diliges
2213 3084 2531 3141 Dominum
2552 3087 2741 3143 Deum
2773 3094 2938 3147 tuum
2958 3106 3036 3149 ex
3064 3097 3184 3151 toto
3210 3098 3390 3155 corde
3417 3104 3541 3168 tuo,
3572 3110 3630 3161 et

265 3173 392 3224 Θεόν
452 3189 547 3223 σου
614 3169 667 3235 ἐξ
742 3168 864 3234 ὅλης
910 3179 1002 3234 τῆς
1056 3167 1275 3248 καρδίας
1330 3192 1447 3242 σου,
1494 3177 1581 3226 καὶ
1634 3171 1688 3237 ἐξ
1744 3173 1861 3237 ὅλης

1994 3184 2049 3227 ιω
2069 3174 2195 3228 tota
2219 3172 2428 3230 anima
2458 3180 2585 3245 tua,
2611 3182 2668 3233 et
2693 3192 2769 3236 ex
2793 3184 2919 3237 tota
2941 3189 3136 3239 mente
3156 3189 3283 3253 tua,
3325 3193 3383 3245 et
3411 3193 3631 3260 proxi-

262 3266 359 3322 τῆς
408 3258 593 3334 ψυχῆς
652 3280 767 3327 σου,
818 3265 909 3313 καὶ
954 3260 1008 3324 ἐξ
1074 3261 1196 3326 ὅλης
1241 3270 1337 3326 τῆς
1419 3259 1652 3326 διανοίας
1743 3284 1858 3333 σου,

262 3355 352 3405 καὶ
390 3355 477 3406 τὸν
524 3350 746 3408 πλησίον
801 3368 896 3404 σου
941 3353 1006 3413 ὡς
1058 3352 1258 3408 ἑαυτόν.
1316 3350 1441 3409 Εἴπε
1506 3351 1565 3408 δὲ
1602 3360 1735 3429 πρὸς
1764 3355 1862 3408 αύ-

261 3445 369 3494 τόν·
438 3440 636 3515 Ὀρθῶς
710 3437 1009 3514 ἀπεκρίθης.
1077 3447 1241 3494 Τοῦτο
1316 3447 1472 3512 ποίει,
1540 3447 1630 3500 καὶ
1702 3444 1861 3520 ζήσῃ.

266 3535 436 3583 ΠΡΟΣ
487 3535 768 3584 ΚΟΛΟΣΣ.
828 3529 885 3581 Ὀ
933 3527 1080 3602 λόγος
1136 3531 1280 3605 ὑμῶν
1332 3533 1552 3586 πάντοτε
1583 3531 1631 3585 ἐν
1651 3534 1861 3611 χάριτι,

266 3616 420 3670 ἅλατι
466 3618 767 3692 ἠρτυμένος.
821 3614 1012 3671 εἰδέναι
1065 3626 1178 3683 πῶς
1234 3615 1316 3674 δεῖ
1376 3621 1513 3694 ὑμᾶς
1550 3621 1621 3676 ἑνὶ
1660 3622 1863 3697 ἑκάστῳ

268 3706 662 3782 ἀποκρίνεσθαι.

264 3793 386 3850 Ὀτι
436 3804 615 3872 χεῖρον
656 3800 748 3871 μὲν
797 3797 909 3871 (91)
955 3799 1014 3852 τὸ
1040 3806 1206 3873 κρῖμα
1227 3808 1329 3854 τῶν
1355 3803 1649 3873 συνιέντων,
1672 3808 1762 3858 καὶ
1789 3806 1862 3879 μὴ

339 3890 644 3942 ποιούντων
697 3891 814 3943 οὔτε
867 3884 926 3942 δὲ
978 3891 1035 3943 τὸ
1090 3892 1226 3943 κατὰ
1271 3892 1484 3964 ἄγνοίαν
1556 3893 1867 3973 ἁμαρτάνειν

338 3972 631 4031 ἀκίνδυνον.

926 4067 1114 4141 Κεφάλ.
1139 4068 1210 4125 Ε’.

338 4160 626 4214 ΛΟΥΚΑΣ.
680 4155 901 4220 Ἐκεῖνος
946 4155 1006 4211 δὲ
1059 4163 1085 4212 ό
1137 4155 1342 4227 δοῦλος,
1396 4158 1424 4213 ὁ
1471 4165 1623 4234 γνοὺς
1690 4166 1748 4216 τό
1783 4165 1869 4217 θέ-

264 4245 412 4321 λημα
464 4255 557 4301 τοῦ
602 4252 787 4323 κυρίου
842 4246 1026 4320 αὐτοῦ,
1063 4251 1169 4302 -καὶ
1240 4254 1312 4324 μὴ
1371 4248 1682 4324 ἐποιμοίσας,
1730 4250 1871 4327 μηδὲ

266 4342 499 4401 ποιήσας
566 4339 697 4413 πρὸς
764 4340 823 4393 τὸ
905 4337 1104 4410 θέξημα
1165 4339 1345 4408 αὐτοῦ,
1411 4335 1700 4416 δαρὴσιται
1751 4343 1871 4396 πολ-

268 4426 378 4488 λάς.
436 4425 495 4481 Ὀ
558 4424 618 4481 δε
675 4431 748 4502 μὴ
807 4429 979 4500 γνούς,
1028 4433 1259 4492 ποιήσας
1325 4426 1386 4482 δέ
1458 4429 1584 4494 οῐξια
1637 4431 1868 4507 πληγῶν,

274 4512 310 4569 ὃ
314 4519 412 4592 αρή
423 4534 568 4571 σεται
592 4515 794 4589 ὀλίγας.

942 4613 1110 4665 ΟΡΟΣ
1155 4605 1209 4661 Γ·

661 4693 782 4752 Ὀτι
806 4682 951 4759 τέλος
974 4697 1233 4772 ἁμαρτίας
1255 4698 1491 4761 θάνατος.

931 4787 1124 4861 Κεφάλ.
1154 4784 1212 4842 Α⁹

350 4880 666 4932 InANNHz.
709 4870 768 4930 ‘0
818 4873 878 4932 δι
927 4876 1150 4933 ἀπειθῶν
1207 4887 1279 4951 τῷ
1363 4882 1467 4951 rit};
1517 4877 1609 4934 οὐκ
1695 4879 1880 4955 ἅψεται

276 4969 373 5027 τὴν
436 4967 596 5035 ζωὴν,
648 4964 755 5021 ἀλλ’
813 4966 845 5027 ἡ
887 4966 1016 5046 ὀργὴ
1064 4976 1156 5025 τοῦ
1206 4976 1341 5025 Θεοῦ
1383 4977 1524 5045 μινιῖ
1578 4970 1657 5027 ἐπ’
1702 4974 1876 5032 αὐτόν.

354 5184 470 5265 (82)
490 5180 683 5265 Editio
705 5181 895 5265 Paris.
932 5179 1171 5265 σπουδὴν
1190 5191 1337 5265 πρός.
1364 5188 1586 5248 Codex.
1611 5191 1884 5251 Combef.

283 5261 342 5315 et
364 5251 471 5313 tliii
499 5256 637 5331 dp_0_
656 5251 901 5331 πουδῄν
928 5264 1025 5320 τῆς
1053 5262 1203 5331 πρός.

355 5331 466 5409 ςβ8)
490 5326 681 5385 Editio
716 5326 981 5409 Pa_ris.__ot
1010 5326 1152 5409 Reg.
1190 5330 1398 5409 tertius
1449 5337 1514 5386 Τί
1565 5339 1886 5409 ποιήσωμεν.

285 5398 395 5480 alii
424 5398 724 5480 ὁμοιως.
756 5405 813 5456 et
842 5399 1002 5480 edito
1039 5398 1188 5456 Ven.
1211 5408 1519 5480 ποιήσομεν.
1554 5406 1733 5463 Paulo
1753 5398 1894 5480 post

291 5476 429 5547 Reg.
457 5472 662 5547 tertius
692 5474 1058 5547 κατενύγησαν
1083 5480 1143 5545 τῇ
1176 5471 1394 5547 καρδίᾳ.

359 5544 474 5623 (89)
498 5546 760 5623 Utraque
791 5544 973 5623 editio
1000 5544 1325 5619 ποιήσωμεν,
1352 5544 1563 5623 ἄνδρες.
1621 5552 1696 5606 At
1741 5566 1892 5607 mss.

291 5615 412 5691 tres
434 5614 551 5691 hoc
569 5614 701 5691 109D
729 5620 1041 5691 ποιήσομεν.

359 5664 1261 5761 ἰόὁῑῐίέέἷίνρὶἱὲἀζᾶ-ῑθῖῐὶιιε
1305 5664 1383 5745 ὅτι
1441 5688 1527 5745 δεῖ
1563 5693 1898 5771 ἑπερωτωμέ-

1972 3274 2135 3316 mum
2156 3262 2338 3320 tuum‘
2355 3263 2512 3321 sicut
2534 3266 2809 3336 teipsum.
2840 3269 3122 3343 Dixitque
3141 3275 3240 3331 illi
3261 3291 3284 3332 :
3307 3278 3485 3337 Recte
3512 3297 3631 3340 res-

1970 3350 2257 3421 pondisti.
2301 3354 2427 3413 Fac
2479 3355 2586 3414 hoc
2631 3364 2686 3414 et
2718 3360 2876 3417 vives
2902 3363 3068 3427 (Luc.
3112 3381 3166 3436 ιι,
3189 3370 3399 3438 25-29).
3422 3371 3630 3432 Sermo

1973 3447 2167 3498 vester
2184 3457 2416 3513 semper
2435 3446 2497 3502 in
2525 3449 2750 3517 gratia,
2781 3452 2910 3509 sale
2936 3454 3014 3509 sit
3034 3457 3336 3527 conditus,
3364 3466 3435 3521 ut
3477 3466 3630 3523 scia-

1975 3531 2049 3587 tis
2079 3532 2371 3603 quomodo
2428 3550 2528 3592 vos
2570 3545 2839 3608 oporteat
2882 3544 3210 3618 unicuique
3266 3554 3630 3621 respondere

1976 3621 2219 3695 (Coloss.
2255 3640 2334 3695 iv,
2360 3626 2437 3699 6.)

1977 3803 2151 3872 Quod
2189 3806 2432 3878 gravius
2483 3813 2575 3866 est
2619 3808 2922 3882 judicium
2945 3830 3157 3881 eorum
3176 3820 3281 3893 qui
3308 3832 3629 3898 noverunt,

2047 3910 2160 3953 nec
2182 3901 2385 3955 tamen
2434 3897 2664 3958 faciunt
2722 3918 2736 3957 :
2770 3902 2905 3962 licet
2934 3921 2971 3962 a
2992 3908 3261 3979 periculo
3287 3928 3413 3972 non
3437 3897 3630 3985 vacet.

2051 4001 2191 4044 cum
2220 3986 2357 4060 quis
2385 4003 2492 4061 per
2510 3988 2920 4061 ignorantiam
2946 4003 3181 4068 peccat.

2654 4081 2857 4153 Caput
2891 4085 2956 4144 V.

2051 4166 2169 4224 Ille
2186 4172 2385 4226 autem
2419 4184 2647 4242 servus,
2679 4173 2786 4245 qui
2827 4179 3102 4247 cognovit
3148 4183 3517 4247 voluntatem
3538 4189 3639 4249 do-

1979 4258 2134 4314 mini
2170 4258 2286 4327 sui,
2347 4265 2401 4318 et
2444 4276 2567 4318 non
2617 4269 3014 4335 prwparavit,
3046 4275 3102 4327 et
3120 4288 3241 4330 non
3253 4276 3403 4346 fecit
3430 4294 3639 4338 secum

1982 4347 2124 4405 dum
2138 4350 2510 4408 voluntatem
2542 4353 2671 4423 ejus
2701 4357 3016 4425 vapulabit
3043 4364 3271 4423 multis.
3306 4367 3422 4434 Qui
3438 4377 3640 4431 autem

1983 4452 2105 4531 non
2123 4440 2422 4511 cognovit,
2444 4447 2499 4499 et
2521 4443 2673 4513 fecit
2693 4444 2882 4516 digna
2888 4448 3118 4520 plagis,
3150 4457 3469 4525 vapulabit
3491 4475 3644 4531 pau-

1908 4552 1952 4605 D
1984 4526 2253 4599 cis(Luc.
2278 4543 2400 4600 xui,
2432 4533 2519 4603 47,
2546 4533 2665 4603 48).

2625 4623 2758 4680 REG
2768 4624 2905 4682 ULA
2933 4629 2997 4683 X.

2416 4708 2588 4776 Quod
2618 4710 2758 4767 ﬁnis
2784 4715 3018 4786 peccati
3047 4733 3241 4778 mors.

2676 4801 2877 4872 Caput
2912 4806 2961 4860 Ι.

2061 4885 2178 4955 Qui
2204 4887 2557 4947 incredulus
2580 4897 2661 4948 est
2689 4893 2864 4963 Filio,
2888 4911 3010 4953 non
3031 4897 3254 4958 videbit
3287 4901 3490 4972 vitam,
3541 4904 3649 4963 sed

1992 4974 2088 5035 ira
2143 4979 2252 5036 Dei
2300 4980 2562 5039 manebit
2598 4997 2783 5054 super
2828 5000 2962 5044 eum
2995 4985 3202 5051 (Joan.
3233 5007 3312 5066 ιιι,
3348 4993 3463 5067 36).
3495 4993 3649 5054 Cum

1994 5210 2111 5254 νους
2140 5194 2447 5276 «ηροντίζιιν,
2470 5195 2538 5253 id
2566 5200 2906 5281 curandum
2929 5203 3002 5260 iis
3009 5204 3139 5331 (fui
3167 5205 3649 5288 interrogantur,

1998 5270 2066 5320 ut
2086 5270 2233 5323 scite
2257 5271 2314 5322 et
2333 5277 2758 5328 convenienter
2785 5288 3002 5331 respon
3051 5286 3214 5331 eant.

1998 5270 2314 5343 ut_sci_teet
2333 5270 2758 5343 convenienter
2785 5270 3214 5343 respondeant.

2451 5338 2620 5421 illud,
2649 5343 2730 5421 ὅτι
2757 5338 2938 5421 χεῖρον
2966 5351 3075 5420 μὲν,
3110 5354 3202 5406 etc
3234 5393 3247 5418 ,
3294 5350 3357 5408 in
3399 5356 3656 5416 modum

2003 5406 2154 5488 unm
2171 5406 2450 5488 positum
2473 5406 2641 5488 estin
2667 5406 2816 5488 Reg.
2846 5406 3082 5488 'prix'no';
3111 5426 3169 5478 et
3192 5406 3274 5480 ita
3295 5406 3660 5487 Ὴιεῖἶιξῖῑῖᾶ

2002 5478 2429 5571 ξοοιὶι-ἶάρῦιᾳτθ
2459 5499 2560 5571 res
2578 5484 2727 5571 ipsa.
2748 5478 3033 5571 loquitur,
3065 5478 3203 5571 cum
3224 5478 3496 5571 Eat—iiiis;
3516 5478 3662 5558 ista:

2007 5550 2113 5608 tim
2136 5567 2209 5607 ex
2228 5553 2390 5609 Actis
2380 5550 2934 5682 ιιΕισοιθιξὶ·ιιιιιιιιυξιιά
2949 5550 3395 5633 prtecedentcni
3407 5550 3661 5630 titulum

2008 5622 2312 5682 quadrare
2336 5641 2376 5682 ιι
2465 5641 2503 5682 o
2532 5627 2718 5682 modo
2748 5632 3010 5682 nossint.

2008 5622 2312 5697 quadrare
2336 5622 2503 5686 nullo
2532 5627 2718 5687 modo
2746 5622 3010 5705 possint.
