4112 6392
452 361 558 414 719

1835 347 1892 404 S.
1937 343 2185 401 BASILII
2223 345 2437 401 MAGNI

3721 346 3829 399 720

448 482 604 539 enim
616 477 985 537 serviessetis
995 479 1241 546 peccati,
1259 476 1433 532 liberi
1438 474 1644 545 fuistis
1646 469 2102 543 justitiz.0uem

2232 474 2401 520 ΠΡΟΣ
2452 477 2608 524 PRM.
2669 468 2794 521 ’Ὁτε
2851 470 2951 542 γὰρ
3011 464 3191 519 δοῦλοι
3239 463 3329 525 ἦτε
3389 474 3481 527 11;“;
3547 466 3826 543 ἁμαρτίας,

448 588 589 644 ergo
616 572 890 641 fructum
916 569 1211 625 habuistis
1226 574 1372 623 tunc
1388 569 1452 622 in
1465 567 1609 625 illis.
1630 567 1692 619 in
1716 562 1931 636 quibus
1952 573 2115 615 nunc

450 661 793 718 erubescitis
818 659 845 714 ?
876 660 1031 714 Nam
1052 658 1192 726 ﬁnis
1226 658 1474 713 illorum
1501 670 1660 711 mors
1682 655 1873 724 (Rom.
1896 666 1979 717 v1,
2001 650 2112 718 20).

449 750 561 821 2t).
591 753 656 804 Et
688 748 874 821 paulo
904 752 1041 820 post
1063 762 1083 801 :
1105 745 1415 816 Stipendia
1458 744 1701 813 peccati
1742 757 1902 798 mors
1939 738 2106 811 (ibid.

448 842 564 911 23).
623 839 919 895 Stimulus
956 842 1158 892 autem
1208 836 1419 892 mortis
1474 839 1805 904 peceatum.
1864 831 1920 891 (Ι
1971 831 2108 886 Cor.

450 945 550 997 xv,
584 929 698 992 56).

593 1018 764 1084 Quod
799 1017 948 1089 ﬁnis
988 1015 1261 1073 mandati
1318 1015 1420 1072 Dei
1444 1017 1533 1070 est
1560 1012 1687 1070 vita
1713 1015 1961 1070 aeterna.

1124 1106 1323 1176 Caput
1353 1106 1429 1161 II.

519 1199 731 1264 Amen,
757 1211 931 1253 amen
952 1197 1086 1252 dico
1117 1196 1280 1251 vobis
1304 1213 1316 1250 :
1336 1196 1536 1266 siquis
1566 1207 1895 1251 sermonem
1909 1206 2102 1248 meum

445 1288 792 1356 servaverit,
824 1291 1073 1342 mortem
1104 1300 1225 1340 non
1252 1285 1477 1340 videbit
1507 1285 1571 1339 in
1592 1288 1879 1339 aeternum
1907 1282 2103 1353 (Joan.

444 1393 565 1445 vm,
593 1379 708 1446 5|).
742 1375 859 1431 Sed
888 1376 994 1447 qui
1019 1376 1181 1430 misit
1210 1388 1303 1430 me
1322 1375 1529 1441 Pater,
1555 1374 1684 1443 ipse
1733 1371 1885 1428 mihi
1927 1387 2105 1427 man-

444 1467 655 1523 datum
684 1464 868 1530 dedit,
902 1464 1049 1535 quid
1075 1465 1295 1530 dicam,
1329 1470 1383 1519 et
1414 1463 1563 1535 quid
1605 1463 1842 1534 loquar.
1874 1462 1954 1518 Et
1982 1461 2104 1517 scio

441 1555 603 1626 quod
631 1553 985 1610 mandatum
1012 1554 1138 1621 ejus
1168 1553 1293 1608 vita
1320 1558 1546 1608 aeterna
1575 1558 1659 1609 est
1685 1552 1990 1618 (Joan.xu,
2008 1553 2100 1621 49,

443 1645 551 1715 50).
606 1644 785 1700 Nunc
839 1658 979 1698 vero
1029 1642 1273 1698 liberati
1325 1657 1363 1697 a
1410 1647 1678 1711 peccato,
1703 1642 1863 1697 servi
1902 1646 2103 1696 autem

437 1735 596 1804 facti
638 1735 782 1796 Deo.
811 1732 1039 1789 habetis
1063 1733 1337 1802 fructum
1380 1739 1645 1789 vestrum
1672 1732 1738 1788 in
1764 1732 2103 1800 sanctiﬁca-

440 1823 678 1891 tionem,
708 1823 887 1891 ﬁnem
918 1836 1058 1879 vero
1099 1822 1286 1878 vitam
1317 1826 1608 1879 ceternam
1639 1822 1836 1885 (Rom.
1873 1835 1957 1891 γι,
1987 1820 2098 1891 22).
2133 1827 2174 1880 Β

962 1980 1140 2054 244
1164 1981 1445 2038 REGULA
1476 1984 1565 2038 XI.

442 2088 617 2155 Quod
663 2104 788 2145 non
828 2093 969 2145 sunt
1024 2088 1473 2146 contemnenda
1516 2088 1619 2145 Dei
1681 2087 1932 2160 judicia,
1992 2088 2101 2145 sed

512 2177 799 2251 timenda,
858 2178 996 2237 licet
1045 2178 1252 2236 debita
1280 2194 1464 2252 pmna
1489 2193 1617 2235 non
1664 2178 1867 2235 statim
1890 2178 2101 2236 subse-

511 2272 756 2341 quatur.

1120 2358 1339 2428 Caput.
1370 2359 1419 2415 Ι.

420 2474 425 2481 ‘
507 2465 630 2521 Sed
663 2465 864 2534 potius
909 2466 1108 2523 timete
1148 2481 1302 2533 eum,
1336 2467 1444 2538 qui
1464 2471 1654 2537 potest
1681 2471 1739 2524 et
1757 2466 2024 2523 animam
2046 2470 2102 2523 et

440 2568 661 2623 corpus
689 2554 940 2624 perdere
964 2556 1027 2611 in
1054 2554 1385 2626 gehennam
1409 2556 1650 2613 (Matth.
1672 2572 1733 2625 Χ,
1764 2557 1906 2627 28)..
1932 2556 2103 2625 Quod

439 2646 494 2700 si
520 2644 750 2700 dixerit
778 2660 984 2701 servus
1034 2645 1141 2701 ille
1168 2647 1233 2701 in
1272 2646 1451 2703 corde
1479 2662 1585 2703 suo
1614 2664 1626 2703 :
1661 2648 1897 2703 Moram
1943 2647 2101 2716 facit

443 2734 722 2791 dominus
754 2749 917 2791 meus
942 2736 1171 2792 venire:
1201 2742 1255 2791 et
1278 2738 1525 2806 coeperit
1545 2743 1862 2806 percutere
1878 2751 2099 2803 servos,

444 2829 498 2880 et
540 2825 826 2890 ancillas,
856 2830 910 2879 et
940 2824 1132 2892 edere,
1156 2830 1210 2881 et
1240 2825 1457 2892 bibere,
1488 2831 1544 2882 et
1574 2825 1874 2882 inebriari
1884 2826 2102 2883 :veniet

442 2911 721 2968 dominus
754 2913 911 2968 servi
950 2913 1139 2980 illius,
1180 2913 1246 2968 in
1274 2912 1367 2970 die
1396 2914 1456 2968 in
1500 2929 1621 2985 qua
1646 2929 1766 2970 non
1787 2919 2012 2983 sperat,
2047 2918 2103 2969 et

442 2999 597 3056 hora
650 3016 770 3072 qua
807 3002 1018 3067 nescit,
1049 3012 1099 3058 et
1131 3002 1357 3059 dividet
1402 3018 1555 3074 eum,
1582 3009 1943 3075 partemque
1972 3004 2102 3072 ejus

439 3105 574 3147 cum
605 3091 948 3161 inﬁdelibus
974 3098 1157 3161 ponet
1184 3092 1346 3148 (Luc.
1375 3109 1476 3161 xu,
1498 3097 1701 3163 45-47).
1742 3094 1893 3161 Vide,
1917 3107 2102 3149 sanus

434 3182 643 3251 factus
689 3196 784 3237 es:
806 3184 943 3251 jam
986 3182 1118 3238 noli
1163 3198 1435 3253 peccare,
1463 3199 1540 3240 ne
1567 3184 1830 3240 deterius
1859 3182 1970 3239 tibi
1992 3184 2104 3239 ali-
2136 3184 2178 3239 C

439 3271 587 3343 quid
642 3272 955 3342 contingat
1000 3272 1203 3343 (Joan.
1235 3289 1294 3338 γ,
1331 3275 1486 3343 14)...
1509 3274 1693 3330 Nemo
1725 3289 1825 3330 vos
1857 3274 2107 3331 seducat

440 3361 729 3417 inanibus
770 3361 964 3416 verbis
987 3366 1240 3431 propter
1260 3362 1386 3419 haec
1416 3363 1571 3420 enim
1598 3364 1759 3420 venit
1786 3366 1884 3421 ira
1912 3364 2025 3421 Dei
2042 3364 2105 3419 in

439 3449 599 3519 ﬁlios
619 3449 978 3520 difﬁdentia:
1001 3451 1243 3523 (Ephes.
1277 3468 1333 3509 v.
1368 3453 1441 3524 6).

443 3734 615 3804 Quod
642 3735 746 3810 qui
772 3740 1018 3809 propter
1038 3735 1244 3810 priora
1270 3738 1521 3809 peccata.
1548 3741 1858 3810 correptus
1888 3736 2020 3802 fuit,
2050 3742 2107 3795 et

512 3827 753 3884 veniam
782 3830 1147 3884 consecutus
1179 3830 1289 3895 est,
1318 3826 1368 3883 si
1395 3842 1639 3883 rursum
1678 3827 1962 3901 peccarit,
1992 3828 2107 3886 sibi

480 3958 483 3963 .
513 3916 748 3991 ipsiirts
768 3915 1068 3988 judicium
1107 3916 1308 3989 priore
1331 3917 1573 3988 gravius
1602 3921 1799 3991 parat.

1120 4095 1320 4166 Caput
1352 4097 1415 4152 ΙΙ
1423 4138 1435 4153 .

535 4185 701 4253 Vide,
723 4199 908 4241 sanus
957 4186 1156 4255 factus
1186 4201 1262 4248 es,
1287 4189 1423 4256 jam
1452 4188 1583 4243 noli
1607 4200 1875 4257 peccare,
1906 4203 1984 4245 ne
2011 4189 2105 4245 de-

445 4275 631 4331 terius
648 4273 759 4329 tibi
777 4274 1015 4344 aliquid
1038 4276 1351 4346 contingat
1373 4276 1574 4347 (Joan.
1603 4292 1657 4344 v,
1684 4277 1794 4345 14).

445 4363 620 4430 Quod
640 4379 781 4420 cum
811 4364 1083 4437 quipiam
1129 4364 1191 4421 in
1233 4364 1533 4436 judicium
1576 4367 1680 4424 irae
1738 4367 1838 4424 Dei
1883 4367 2108 4425 incide-

515 4453 654 4521 rint,
683 4454 883 4511 caeteri
912 4460 1077 4511 metu
1108 4455 1373 4528 perculsi
1401 4455 1626 4513 erudiri
1658 4461 1713 4514 et
1740 4458 1959 4532 corrigi
2003 4459 2103 4517 de-

511 4543 720 4601 beant.

1106 4636 1307 4706 Caput
1346 4636 1455 4694 III.

510 4744 787 4802 Aderant
846 4750 1047 4802 autem
1103 4745 1343 4817 quidam
1371 4748 1499 4817 ipso
1530 4748 1593 4806 in
1617 4755 1896 4820 tempore,
1947 4767 2101 4808 nun-

444 4837 662 4893 tiantes
683 4837 782 4891 illi
801 4836 874 4892 de
895 4837 1184 4906 Galilan‘s,
1206 4853 1460 4907 quorum
1483 4842 1838 4911 sanguinem
1859 4842 2101 4899 Pilatus

438 4929 765 4983 miscuerat
788 4942 920 4982 cum
942 4928 1257 4995 sacriﬁciis
1283 4943 1507 4985 eorum.
1530 4930 1612 4986 Et
1633 4932 1995 5000 respondens
2006 4934 2101 4989 Je-

436 5033 535 5073 sus
551 5019 708 5074 discit
727 5019 875 5074 illis:
895 5020 1134 5074 Putatis
1155 5020 1317 5089 quod
1337 5020 1402 5075 hi
1418 5020 1660 5077 (ἵειιίιωί
1677 5037 1807 5091 prte
1827 5024 2101 5081 omnibus

435 5106 702 5164 Galilteis
720 5112 1064 5177 peccatores
1089 5107 1348 5179 fuerint,
1383 5110 1526 5181 quia
1569 5110 1718 5167 talia
1743 5114 1909 5182 passi
1923 5113 2101 5170 sunt?

875 5320 1062 5400 Euris.
1096 5322 1285 5400 ἐσρίειν
1315 5320 1544 5400 δέᾶἰοε.
1559 5327 1793 5400 primus
1814 5328 2003 5382 ἐσθίειν
2023 5350 2097 5389 τε.

439 5391 619 5483 Μ(93)
654 5394 845 5450 Editio
893 5395 1077 5451 Paris.
1132 5391 1276 5463 ἰδού,
1310 5397 1431 5468 {qua
1446 5391 1763 5472 ;.'Ahtiqui
1796 5406 1916 5459 tres
1946 5401 2090 5465 libr.

438 5480 622 5606 £02.94)
662 5541 723 5594 In
756 5538 903 5614 Reg.
934 5538 1100 5596 tertio
1133 5544 1189 5597 et
1209 5539 1454 5614 inmss.
1516 5546 1654 5614 post
1702 5544 1875 5603 illud,
1923 5556 1974 5604 τί
2014 5571 2100 5605 σοι

433 5613 670 5687 γένηται,
745 5610 984 5687 adjecta
1039 5616 1181 5687 sunt
1240 5611 1358 5687 ilia
1410 5610 1719 5687 ex'Actis
1769 5634 1887 5687 xm,
1950 5627 2021 5681 40
2081 5640 2095 5679 :

433 5679 645 5736 Βλέπετε
723 5679 838 5736 οὖν⁷
889 5687 963 5757 μὴ
1035 5681 1223 5758 ἐπέλθῃ
1282 5681 1360 5758 ἐφ’
1421 5686 1556 5760 ὑμᾶς
1604 5690 1663 5742 τὸ
1712 5679 2009 5767 εἰρημὲνονί
2040 5699 2086 5753 ὲ,

2109 4543 2180 4596 \D

2226 554 2477 632 ἕλεύθεροι
2540 556 2631 617 ἦτε
2715 565 2778 631 τῇ
2865 553 3203 629 δικαιοσύνῃ.
3270 561 3399 609 Τίνα
3472 552 3561 608 οὖν
3627 563 3826 634 καρπόν

2224 648 2393 718 εἴχετε
2442 652 2577 716 τότε,
2648 646 2723 719 ἐφ’
2793 648 2866 708 οἷς
2921 653 3009 697 νῦν
3062 645 3453 717 ἐπαισχύνεσθε
3502 662 3518 713 ;
3577 649 3648 700 Τὸ
3734 651 3824 721 μὶν

2219 738 2322 808 γὰρ
2395 736 2530 797 τέλος
2601 735 2801 789 ἐκείνων
2881 737 3117 797 θάνατος.
3190 739 3291 787 Καὶ
3350 735 3463 807 μετ’
3522 735 3689 808 ὀλιγα·
3747 740 3826 791 Tit

2217 827 2320 901 γὰρ
2400 825 2600 899 ὀψώνια
2645 835 2740 890 τῆς
2797 825 3053 900 ἁμαρτίας
3101 825 3384 887 Θάνατος...
3452 829 3522 879 Τὸ
3579 822 3639 879 δὲ
3702 832 3819 881 κίν-

2217 936 2337 992 τρον
2362 925 2455 970 τοῦ
2482 918 2708 970 θανάτου
2736 919 2765 975 ἠ
2800 915 3052 991 αμαρτὶα.

2464 1005 2585 1060 Ὀτι
2613 1006 2759 1069 τελος
2788 1006 2988 1067 ἐντολῆς
3021 1012 3156 1060 Θεοῦ
3187 1005 3298 1067 ζωὴ
3339 1004 3567 1069 αἰώνιος.

2877 1096 3048 1169 Κιφάλ
3083 1095 3151 1151 Β’.

2289 1190 2606 1239 ΙΩΑΝΝΙ-ΙΣ·
2698 1185 2863 1259 ’Δμὴν
2942 1184 3082 1259 ἀμὴν
3147 1184 3280 1257 λέγω
3344 1186 3488 1259 ὑμῖν,
3562 1184 3648 1238 ἐάν
3738 1205 3820 1250 τις

2213 1279 2298 1328 τόν
2380 1276 2531 1348 λόγον
2608 1280 2696 1329 τόν
2784 1275 2907 1348 ὶμὸν
2992 1279 3223 1349 τηρήσῃ,
3314 1277 3532 1328 θάνατον
3605 1276 3665 1328 οὐ
3740 1281 3814 1350 μὴ

2217 1368 2455 1441 θεωρήσῃ
2508 1365 2580 1428 εἰς
2624 1368 2712 1418 τόν
2779 1373 2960 1431 αἰῶνα,
3017 1395 3088 1405 -
3129 1363 3264 1417 Ἀλλ’
3322 1364 3585 1437 ὁπίμψας
3613 1384 3675 1438 με
3708 1372 3815 1419 Πα-

2213 1460 2333 1529 τὴρ,
2417 1456 2575 1517 αὐτὸς
2653 1475 2744 1528 μοι
2820 1453 3025 1514 ἐντολὴν
3092 1451 3275 1524 ἔδωκε,
3318 1458 3371 1507 τί
3420 1457 3568 1508 εἴπω.
3620 1459 3706 1507 καὶ
3761 1459 3816 1508 τί

2213 1544 2423 1604 λαλήσω
2448 1589 2463 1613 ,
2545 1549 2635 1598 καὶ
2699 1541 2825 1598 οἶδα
2848 1586 2861 1599 .
2939 1546 3019 1598 ὅτι
3089 1547 3120 1604 ἡ
3208 1543 3381 1602 ἐντολή
3461 1542 3620 1596 αὐτοῦ
3701 1544 3809 1605 ζωὴ

2214 1635 2415 1696 αἰώνιός
2490 1634 2621 1689 ἐστι.
2680 1642 2847 1687 ΠΡΟΣ
2905 1642 3062 1689 ΡΩΜ.
3122 1639 3253 1687 Νυνὶ
3337 1630 3397 1686 δί
3454 1632 3813 1707 ἕλευθσρωθέν-

2213 1742 2293 1786 τες
2355 1722 2459 1776 ἀπὸ
2540 1732 2636 1786 τῆς
2685 1722 2965 1797 ἁμαρτίας,
3028 1720 3371 1783 δουλωθέντες
3428 1718 3488 1775 δε
3550 1730 3635 1793 τῷ
3702 1728 3813 1793 Οεῷ

2213 1816 2359 1886 ἔχετε
2422 1816 2509 1866 τόν
2552 1816 2751 1887 καρπόν
2801 1814 2943 1887 ὑμῶν
2992 1812 3062 1875 εἰς
3116 1812 3405 1885 ἁγιασμόν,
3448 1814 3508 1864 τὸ
3563 1808 3623 1864 δι
3678 1810 3816 1872 τέλος

2213 1923 2337 1955 αιων
2345 1922 2418 1955 ιον
2425 1943 2438 1957 .

2854 1999 3022 2047 ΟΡΟΣ
3082 1998 3173 2047 ΙΔ.

2209 2101 2330 2154 Ὀτι
2376 2102 2434 2155 οὔ
2504 2099 2588 2156 δεῖ
2637 2109 2974 2177 καταφρονεῖν
3029 2102 3304 2175 κμιμοίτων
3350 2104 3500 2166 Θεοῦ,
3544 2097 3673 2151 ἀλλὰ
3725 2117 3816 2171 φο-

2292 2188 2522 2262 ϐεῖσθαι,
2596 2191 2691 2245 κᾶν
2764 2196 2837 2267 μή
2924 2195 3228 2265 παραυτίκα
3296 2194 3391 2247 τὴν
3459 2185 3815 2242 ἀνταπόδοσιν

2282 2291 2405 2362 ἔχῃ.

2853 2370 3042 2444 Κεφάλ.
3094 2374 3170 2425 Λ’.

2282 2491 2643 2543 ΜΑΤΘΛΙΟΣ.
2718 2480 2986 2539 Φοϐήθητε
3063 2473 3123 2531 δὲ
3197 2474 3387 2550 μᾶλλον
3444 2478 3530 2528 τὸν
3580 2471 3811 2548 δυνάμε-

2210 2601 2293 2633 νον
2372 2583 2463 2630 καὶ
2539 2576 2725 2647 ψυχὴν
2795 2575 2885 2623 καὶ
2958 2578 3111 2643 σῶμα
3161 2564 3413 2619 ἀπολέσαι
3494 2563 3543 2617 ἓν
3610 2568 3806 2638 γεέννῃ,

2214 2675 2499 2725 ΛΟΥΚΑΣ.
2587 2665 2704 2719 Ἐὰν
2781 2658 2839 2715 δι
2912 2663 3027 2733 εἴπῃ
3085 2660 3110 2710 ὁ
3161 2654 3346 2718 δονλος
3402 2657 3591 2717 ἐκεῖνος
3644 2657 3691 2707 ἓν
3744 2663 3807 2727 τῇ

2210 2757 2411 2836 καρδίᾳ
2458 2756 2639 2809 αὐτον·
2686 2752 2930 2829 Χρονίζει
2987 2751 3012 2801 ὀ
3063 2750 3243 2821 κύριός
3284 2765 3385 2819 μου
3419 2746 3686 2821 ἔρχεσθαι’
3721 2749 3811 2796 καὶ

2212 2850 2436 2926 ἄρξηται
2508 2848 2711 2899 τύπτειν
2776 2843 2899 2903 τοὺς
2942 2833 3142 2899 παῖδας
3199 2841 3288 2889 καὶ
3352 2838 3448 2897 τὰς
3493 2829 3806 2899 παιδίσκας,

2213 2921 2401 2993 ἐσθίειν
2445 2956 2499 2989 τε
2549 2939 2657 2999 (92)
2705 2937 2795 2984 καὶ
2851 2934 3037 2995 πίνειν,
3086 2931 3177 2979 καὶ
3220 2925 3600 2999 μεθύσκεσθαι·
3651 2921 3809 2984 ἧξειό

2213 3034 2394 3105 κύριος
2444 3047 2535 3080 τον
2592 3022 2781 3078 δούλου
2830 3024 3024 3074 ἑκείνου
3073 3017 3121 3070 ἐν
3152 3018 3384 3090 ἡμέρᾳ
3418 3014 3478 3066 οὐ
3508 3008 3808 3089 προσδοκᾷ,

2213 3126 2304 3174 καὶ
2357 3120 2404 3172 ἐν
2446 3120 2556 3190 ὥρᾳ
2694 3112 2752 3167 οὗ
2809 3116 3078 3184 γινώσκει,
3113 3111 3202 3159 καὶ
3252 3102 3608 3177 διχοτομήσει
3629 3101 3808 3168 αὑτὸν,

2214 3216 2304 3265 καὶ
2374 3213 2432 3261 τὸ
2481 3211 2631 3283 μέρος
2717 3201 2876 3255 αὐτου
2946 3202 3073 3272 μετὰ
3142 3205 3243 3249 τῶν
3313 3192 3549 3246 ἀπίστων
3659 3193 3815 3249 θήσει

2216 3280 2555 3357 ΙΩΑΝΝΙΙΣ(
2594 3291 2725 3362 Ἴδε,
2768 3294 2922 3365 ὑγιὴς
2971 3290 3079 3354 (93)
3126 3292 3360 3360 γέγονας·
3413 3285 3602 3357 μηκέτι
3645 3280 3809 3355 ἁμαρ-

2214 3412 2352 3460 τανε,
2412 3393 2495 3443 ἵνα
2549 3392 2619 3460 μὴ
2680 3389 2860 3461 χεῖρόν
2899 3385 2950 3433 τί
3006 3399 3091 3432 σοι
3154 3381 3369 3451 γένηται
3425 3374 3563 3437 (94).
3617 3375 3813 3461 ΠΙΡςδΣ

2465 3457 2688 3537 ΙΣῙῚῚ-δεὶς⁷
2757 3457 2893 3547 ὖμᾶς
2942 3469 3193 3523 ἀπατάτω
3248 3472 3411 3528 κενοῖς
3462 3463 3657 3535 λόγοις·
3719 3457 3814 3514 διὰ

2214 3592 2384 3626 ταυτα
2423 3572 2526 3643 γὰρ
2572 3569 2785 3642 ἔρχεται
2826 3563 2857 3621 ἡ
2914 3561 3043 3636 ὀργὴ
3095 3576 3187 3611 τον
3246 3563 3379 3608 Θεου
3404 3554 3487 3606 ἐπὶ
3526 3554 3648 3612 τοὺς
3670 3550 3814 3611 νίοὺς

2214 3667 2306 3724 τὴς
2337 3660 2616 3717 ἀπειθείας.

2213 3751 2335 3806 Ὀτι
2382 3751 2408 3803 ὁ
2457 3747 2540 3801 ἐπὶ
2585 3751 2689 3805 τοῖς
2731 3745 2957 3818 πρώτοις
2987 3736 3339 3812 ἁμαρτήμασι
3375 3727 3693 3796 παιδευθεὶς,
3721 3731 3815 3781 καὶ

2286 3849 2383 3903 τῆς
2460 3836 2684 3910 ἀφέσεως
2765 3828 3123 3893 καταξιωθεὶς,
3208 3824 3293 3877 ἐὰν
3358 3820 3513 3876 πάλιν
3579 3819 3814 3893 ἁμάρτῃ,

2286 3938 2467 4005 χεῖρον
2505 3933 2598 3980 τοῦ
2626 3926 2881 4000 προτέρου
2920 3915 3303 3977 κατασκευάζει
3331 3912 3493 3983 ἑαυτῷ
3544 3912 3603 3963 τὸ
3650 3914 3819 3985 κρῖμα

2288 4029 2349 4080 τῆ
2363 4039 2385 4082 ς
2424 4017 2551 4094 ὀργῆ
2566 4036 2606 4078 ς.

2862 4096 3050 4171 Κεφάλ.
3099 4094 3171 4151 Β’.

2289 4203 2605 4263 ΙΩΑΧΝΙΙΣ,
2690 4188 2822 4258 Ἴδε,
2904 4190 3055 4261 ὑγιὴς
3141 4186 3259 4255 (95)
3335 4185 3573 4255 γέγονας,
3628 4180 3819 4253 μηκέτι

2215 4291 2497 4367 ἁμάρτανε,
2528 4289 2611 4339 ἱνα
2640 4287 2709 4358 μὴ
2743 4282 2924 4354 χεῖρόν
2953 4280 3006 4330 τί
3037 4294 3122 4329 σοι
3150 4276 3385 4348 γένηται.

2213 4360 2352 4448 "bri,
2404 4382 2623 4455 κρίματι
2668 4372 2826 4448 ὀργῆς
2876 4374 3011 4421 Θεοῦ
3076 4385 3226 4419 τινων
3268 4362 3655 4427 ὑποπεσόντων,
3694 4360 3818 4419 τοὺς

2462 4446 2671 4526 λοιποὺς
2697 4446 3065 4536 νφοϐουμίνους
3091 4450 3430 4508 ταιδεύεσθαι
3460 4446 3562 4504 δεῖ.

2854 4638 3042 4713 Κειράλ.
3097 4634 3166 4693 Γ’.

2287 4762 2573 4815 ΛΟΥΚᾹΣ.
2627 4757 2879 4826 Παρῆσαν
2941 4742 3001 4799 δε
3057 4762 3186 4805 τινες
3241 4739 3291 4794 ἐν
3339 4739 3482 4810 αὐτῷ
3529 4744 3602 4808 τῷ
3625 4742 3812 4810 καιρῷ,

2213 4847 2623 4923 ἀπαγγέλλοντες
2716 4840 2855 4912 αὐτῷ
2950 4838 3068 4911 περὶ
3143 4841 3244 4886 τῶν
3340 4828 3624 4884 Γαλιλαίων
3652 4868 3666 4894 ,
3746 4826 3815 4876 ὧν

2211 4947 2270 4996 τό
2325 4937 2457 5014 αἷμα
2503 4934 2727 4996 Πιλᾶτος
2792 4928 2931 5004 ἔμιξε
2995 4927 3128 4999 μετὰ
3183 4931 3282 4975 τῶν
3368 4923 3557 4973 ονσιὼν
3624 4916 3812 4970 αὐτῶν.

2214 5036 2315 5086 Καὶ
2383 5007 2687 5100 αποκριθεὶς
2756 5022 2783 5073 ό
2849 5018 3057 5078 Ἰησοῦς
3142 5009 3276 5067 εἶπεν
3334 5007 3527 5070 αὗοίς.
3590 5013 3812 5070 Δοκεῖτε,

2211 5124 2293 5175 ὄτι
2373 5121 2422 5172 οἰ
2493 5097 2755 5169 Γαλιλαῖοι
2834 5109 2980 5162 οὗτοι
3047 5101 3347 5179 ἁμαρτωλοὶ
3403 5098 3548 5174 παρὰ
3616 5097 3819 5156 πάντας

2212 5344 2322 5397 τοῖς
2374 5337 2685 5409 προφήταις·
2730 5322 2895 5380 Ἴδετε
2939 5322 2989 5375 οἱ
3034 5320 3446 5408 καταφρονηταὶ,
3479 5318 3578 5401 ’καὶ
3607 5307 3815 5409 ξπτιϐλέ..

2210 5384 2386 5480 @135,
2413 5384 2863 5474 καὶ-Θαυμάσατε
2915 5384 3217 5467 θαυμάσια,
3286 5392 3377 5441 καὶ
3469 5384 3815 5459 ἀφανίσθητε·

2213 5469 3020 5548 διότιξογον...ἐκδιπῖῆῖαιο-
3101 5536 3112 5548 _
3212 5531 3348 5548 un.
3424 5532 3436 5544 ,
3524 5534 3534 5547 ,
3621 5524 3769 5548 πλη,

2281 5526 2689 5623 ξὸὲῖᾝζιιιέειιε
2741 5526 2924 5623 editio
2986 5536 3171 5595 Paris.
3212 5531 3380 5600 Ἰδοὺ,
3414 5532 3590 5602 ὑγιής.
3621 5526 3817 5583 Editio

2214 5608 2361 5682 Ve‘n.
2377 5608 2457 5679 ἐι
2483 5619 2607 5676 duo
2628 5631 2778 5673 mss.
2806 5608 2918 5666 Ἴδε
