4112 6378
354 273 453 326 721
1868 270 1959 324 ΜΟ

2062 268 2186 322 ,ΜΛ
2197 309 2210 323 .
3623 275 3731 337 782

352 413 474 456 τους
562 392 865 454 Γαλιλαίους
948 393 1196 466 ἐγένοντο,
1261 395 1342 447 ὅτι
1423 416 1643 449 τοιαυτα
1702 394 1956 447 πεπόνθα-

2062 390 2220 460 Νοη,
2242 391 2376 447 dico
2403 393 2610 451 vobis:
2638 396 2741 452 sed
2767 397 2890 453 nisi
2902 398 3319 467 pmnitentiam
3345 400 3731 470 egeritis,om-

356 499 477 551 σιν;
511 483 676 556 Οὐχὶ,
707 483 838 557 λέγω
885 483 1006 557 ύμῖν
1036 503 1049 517 ο
1102 481 1207 535 ἀλλ’
1245 482 1330 537 ἐὰν
1379 490 1449 557 μὴ
1501 491 1782 559 μετανοῆτε
1822 483 1951 555 (96),

2062 496 2163 537 nes
2190 481 2470 538 similiter
2495 483 2790 551 peribitis.
2820 486 2945 541 Aut
2968 487 3065 542 illi
3082 487 3279 543 decem
3300 493 3357 544 et
3376 495 3524 557 octo,
3545 506 3729 561 super

352 574 535 635 πάντες
616 575 869 637 ὡσαύτως
943 571 1234 629 ἀπολεῖσθε.
1304 572 1370 629 Ἦ
1449 573 1629 629 ἐκεῖνοι
1711 575 1760 626 οἰ
1827 569 1956 625 δέκα

2062 586 2208 643 quos
2235 570 2447 626 cecidit
2477 574 2670 631 turris
2701 573 2765 628 in
2796 575 2982 642 Siloe,
3022 581 3077 631 et
3097 575 3313 631 occidit
3340 592 3455 644 eos,
3490 581 3727 647 putatis

2060 660 2221 731 quod
2245 660 2362 729 ipsi
2389 660 2684 718 debitores
2709 662 2948 732 fuerint
2973 669 3199 733 praster
3220 680 3421 720 omnes
3455 666 3723 725 homines

2061 746 2403 806 habitantes
2429 751 2492 805 in
2519 750 2862 808 Jerusalem
2888 753 2915 809 ?
2934 755 3092 822 Non,
3124 754 3260 810 dico
3293 753 3454 810 vobis
3473 770 3498 811 .·
3542 756 3646 812 sed
3669 757 3724 812 si

2055 839 2470 907 paenitentiam
2498 854 2620 895 non
2647 843 2909 910 egeritis,
2931 858 3131 899 omnes
3152 842 3431 898 similiter
3443 844 3722 912 peribitis

2059 928 2227 990 (Luc.
2258 945 2385 996 xui,
2422 930 2647 1001 l-5).....
2687 932 2956 989 Audiens
3014 938 3213 989 autem
3260 932 3537 1003 Ananias
3589 933 3720 990 hac

2056 1019 2256 1082 verba,
2267 1019 2487 1076 cadens
2498 1022 2935 1091 exspiravit.Et
2952 1024 3155 1094 factus
3168 1028 3251 1080 est
3266 1024 3446 1077 timor
3460 1038 3719 1095 magnus

2055 1124 2237 1179 super
2264 1124 2464 1165 omnes
2485 1112 2591 1182 qui
2604 1112 2933 1169 audierunt
2955 1114 3082 1169 haec
3100 1113 3321 1183 (Act.v,
3342 1115 3489 1182 5)....
3512 1114 3720 1185 Neque

2053 1200 2623 1267 murmuretis,sicut
2644 1202 2890 1272 quidam
2919 1216 3124 1258 eorum
3153 1209 3714 1273 murmuraverunt,

2053 1293 2108 1344 et
2122 1290 2432 1358 perierunt
2452 1289 2529 1345 ab
2545 1291 3187 1348 exterminatore.H:vc
3209 1298 3406 1347 autem
3429 1293 3492 1347 in
3508 1294 3715 1362 ﬁgura

2054 1380 2482 1450 contingebant
2508 1381 2634 1438 illis
2658 1399 2671 1437 :
2705 1384 2935 1452 scripta
2964 1388 3105 1438 sunt
3135 1387 3335 1439 autem
3375 1382 3456 1438 ad
3484 1398 3713 1439 correc-

2054 1472 2271 1525 tionem
2297 1476 2587 1534 nostram,
2620 1471 2683 1527 in
2713 1486 2857 1543 quos
2879 1472 3027 1542 ﬁnes
3074 1472 3435 1529 saeculorum
3464 1472 3710 1530 devene-

2051 1564 2197 1614 runt
2220 1558 2280 1630 (Ι
2306 1556 2444 1615 Cor.
2477 1574 2531 1631 Χ,
2567 1561 2651 1624 10,
2687 1559 2792 1631 lt).

353 668 442 716 καὶ
500 662 653 730 ὀκτὼ,
697 661 768 736 ἐφ’
828 661 916 727 οὓς
961 664 1139 716 ἔπεσεν
1197 665 1223 715 ὀ
1262 666 1461 740 πύργος
1512 663 1563 717 vi
1610 672 1684 737 τῷ
1723 662 1949 736 Σιλωὰμ,

353 758 442 808 καὶ
508 749 798 807 ἀπέκτεινεν
866 752 1069 820 αύτούς,
1132 749 1352 822 δοκεῖτε,
1421 756 1498 807 ὅτι
1559 755 1704 807 οὗτοι
1760 751 1952 826 ὀφειλέ-

352 861 439 894 ται
505 839 733 915 ἐγένοντο
799 844 943 917 παρὰ
1008 844 1207 905 πάντας
1266 847 1390 906 τοὺς
1450 842 1753 920 ἀνθρώπους
1832 846 1953 904 τοὺς

352 940 722 994 κατοικοῦντας
781 930 829 985 ἐν
893 931 1279 1009 ’Ῑερουσαλήμ;
1352 933 1518 1006 Οὐχὶ,
1579 932 1711 1006 λέγω
1781 933 1900 1006 ὑμῖν
1932 950 1947 965 ο

354 1019 462 1074 ἀλλ’
551 1020 635 1074 ἐὰν
724 1026 797 1094 μὴ
872 1031 1195 1095 μετανοῆτε,
1270 1026 1453 1084 πάντες

354 1110 569 1165 ολεῖσθε.
637 1114 933 1164 ΠΡΛΞΕΙΣ·
982 1112 1209 1164 Ἀκούων
1267 1109 1326 1167 δε
1388 1117 1636 1177 Ἀνανίας
1686 1114 1809 1175 τοὺς
1870 1110 1952 1164 λό-

349 1220 477 1273 γους
538 1202 771 1268 τούτους,
839 1205 1012 1254 πεσὼν
1074 1200 1306 1274 έξέψυξε.
1374 1206 1476 1256 Καὶ
1543 1201 1733 1275 ἐγένετο
1800 1200 1950 1275 φόϐος

346 1293 509 1361 μέγας
574 1287 658 1341 ἕπὶ
723 1292 917 1353 πάντας
985 1295 1101 1353 τούς
1170 1289 1452 1356 ἀκούοντας
1518 1300 1703 1347 ταῦτα.
1781 1298 1948 1344 ΠΡΟΣ

348 1381 501 1435 ΚΟΡ.
561 1378 625 1437 α’.
694 1378 849 1439 Μηδὲ
913 1382 1217 1455 γογγύζετε,
1277 1384 1508 1457 καθάπερ
1562 1387 1713 1446 ’τινὲς
1780 1385 1946 1435 αὐτῶν

344 1466 677 1540 ἐγόγγυσαν,
762 1475 852 1523 καὶ
919 1469 1184 1525 ἀπώλοντο
1260 1473 1359 1524 ὑπὸ
1441 1479 1533 1525 τοῦ
1618 1472 1943 1547 ὀλοθρευτοῦ.

342 1564 518 1611 Ταῦτα
584 1555 646 1613 δὲ
679 1563 861 1614 “τύποι
931 1560 1226 1614 συνέϐαινον
1292 1560 1500 1623 ἐκείνοις
1532 1582 1547 1595 ο
1617 1559 1813 1636 ἕγροίφη
1890 1559 1949 1616 δε

1536 1023 1783 1082 ὡσαύτως
1863 1019 1953 1073 ἀκ-

343 1649 477 1724 πρὸς
508 1650 783 1703 νουθεσίαν
834 1652 862 1709 ἡ
870 1660 1002 1725 μῶν,
1043 1652 1114 1715 εἰς
1145 1649 1234 1715 οὓς
1264 1654 1330 1704 τά
1357 1651 1475 1711 τέλη
1514 1672 1615 1705 των
1642 1652 1837 1705 αἰώνων
1858 1673 1948 1705 κα-

341 1742 499 1798 τήντη
510 1758 612 1794 σεν.
1980 1757 2024 1815 Β

339 1833 458 1880 Ὅτι
501 1834 592 1883 καὶ
623 1830 800 1895 αὐτοῖς
848 1840 957 1896 τοῖς
1009 1841 1102 1895 τῆς
1147 1839 1337 1896 κακίας
1393 1836 1565 1908 ἰργοις
1620 1836 1750 1909 πρὸς
1798 1853 1943 1906 τιμο-

2062 1828 2229 1896 Quod
2257 1828 2393 1902 quis
2434 1828 2793 1903 plerumque
2831 1829 2975 1904 ipsis
3005 1829 3185 1886 etiam
3214 1828 3497 1903 nequitiae
3530 1826 3706 1902 245

412 1924 531 1994 ρίαν
575 1919 824 1984 πολλάκις
866 1919 1226 1997 παραδίδοταί
1253 1943 1335 1987 τις
1365 1919 1458 1977 διὰ
1485 1925 1942 2000 προϋπάρχουσαν

413 2007 670 2067 ἀσέϐειαν.

996 2122 1187 2197 Ksed),
1231 2122 1298 2180 Δ’.

412 2216 580 2264 ΠΡΟΣ
629 2215 787 2266 ΡΩΜ.
822 2214 923 2266 Καὶ
966 2214 1137 2276 καθὼς
1184 2212 1279 2266 ούκ
1332 2208 1655 2287 έδοκίμασαν
1694 2215 1780 2266 τὸν
1811 2217 1939 2266 Θεὸν

2121 1918 2409 1992 operibus
2436 1935 2631 1993 paenae
2660 1919 2797 1977 loco
2829 1920 3107 1989 traditur,
3157 1920 3237 1976 ob
3268 1918 3710 1993 praecedentem

2120 2008 2513 2084 impietatem.

2710 2120 2909 2176 Caput
2946 2118 3049 2176 IV.

2710 2134 2797 2177 ua
2844 2134 2909 2176 ut
2946 2134 2974 2175 ι
2993 2134 3049 2176 γ.

2119 2209 2198 2266 Et
2211 2209 2366 2266 sicut
2387 2225 2506 2266 non
2516 2134 2933 2280 probaverunt
2952 2210 3140 2265 Deum
3164 2208 3382 2266 habere
3396 2210 3459 2265 in
3476 2209 3709 2278 notitia,

2052 2300 2306 2355 tradidit
2338 2301 2476 2357 illos
2505 2301 2664 2356 Deus
2685 2300 2748 2356 in
2767 2299 3085 2369 reprobum
3114 2305 3445 2367 sensum,ut
3469 2300 3713 2370 faciant

2051 2403 2122 2445 ea
2151 2404 2283 2461 quas
2312 2405 2431 2445 non
2459 2391 2825 2445 conveniunt
2844 2389 3053 2455 '(Rom.
3093 2403 3132 2448 ι,
3163 2389 3418 2457 28).......
3447 2387 3535 2442 Eo
3554 2385 3715 2460 quod

2049 2479 2407 2536 charitatem
2440 2481 2715 2536 veritatis
2745 2494 2867 2535 non
2924 2482 3276 2549 receperunt
3306 2483 3369 2532 ut
3408 2477 3568 2533 salvi
3607 2476 3710 2546 ﬁe-

2045 2575 2203 2638 rent,
2234 2570 2366 2626 ideo
2396 2570 2579 2625 mittit
2610 2569 2733 2625 illis
2763 2570 2923 2624 Deus
2944 2568 3351 2637 operationem
3383 2567 3714 2636 erroris,ut

2046 2660 2295 2717 credant
2316 2660 2629 2717 mendacio
2659 2660 2748 2721 (II
2770 2658 2974 2715 Tliess.
3007 2672 3069 2726 ιι,
3100 2660 3183 2724 l0,
3222 2661 3333 2727 11).

339 2300 478 2374 ἔχειν
536 2300 585 2353 έν
652 2299 949 2375 ἓπιγνώσει,
1007 2299 1304 2378 παρέδωκεν
1371 2304 1557 2365 αὐτοὺς
1613 2305 1638 2356 6
1692 2308 1820 2367 Οεὸς
1874 2303 1940 2366 εἰς

341 2386 592 2465 ἀδόκιμον
631 2398 769 2459 νοῦν,
797 2399 962 2445 ποιεῖν
1005 2394 1071 2446 τά
1099 2398 1170 2467 μὴ
1202 2395 1519 2452 καθήκοντα.
1544 2400 1713 2447 ΠΡΟΣ
1757 2400 1939 2450 ΘΕΣΣ.

342 2479 410 2556 β’.
441 2483 578 2537 ’Δνθ’
625 2484 692 2535 ὧν
741 2488 834 2543 τὴν
889 2482 1096 2557 ἀγάπην
1125 2494 1186 2546 τῆ
1201 2507 1222 2547 ς
1252 2483 1495 2548 ἀληθείας
1544 2486 1639 2539 ούκ
1678 2482 1937 2553 ίδέξαντο,

341 2571 408 2634 εἰς
458 2576 518 2626 τὸ
568 2576 802 2633 σωθῆναι
855 2573 1066 2640 αύτούς,
1102 2571 1196 2627 διὰ
1248 2581 1405 2629 τοῦτο
1452 2580 1643 2649 πέμπει
1687 2575 1860 2637 αὐτοῖς
1913 2575 1939 2628 ὁ

341 2666 465 2728 Θεὸς
513 2661 768 2739 ἐνέργειαν
824 2662 1041 2733 πλάνης,
1094 2665 1165 2729 εἰς
1204 2667 1265 2719 τὸ
1318 2674 1601 2720 πιστεῦσαι
1641 2667 1829 2729 αὐτούς
1868 2674 1939 2739 τῷ

351 2749 542 2809 θεύδεε.

334 2774 542 2824 ψεύσει.

333 2839 455 2895 Ὅτι
494 2842 621 2917 ούχὶ
648 2844 847 2908 πλῆθος
876 2844 1192 2921 ἁμαρτωλῶν
1243 2841 1482 2900 δυσωπεῖ
1517 2850 1604 2900 τὸν
1649 2850 1797 2914 Οεόν,
1829 2846 1938 2901 ἀλλ’

407 2932 435 2983 ὁ
474 2931 759 3008 εὐαρεστῶν
807 2934 970 3007 αὐτῷ,
1027 2934 1123 2988 κᾶν
1180 2934 1309 3011 ἀνὴρ
1362 2938 1601 3012 τυγχάνῃ
1654 2936 1787 3011 (97),
1841 2935 1936 2989 κάν

404 3025 534 3093 γυνή
544 3064 557 3077 .

976 3118 1179 3209 Κεφάλ,
1211 3132 1281 3191 Ε.

400 3226 687 3279 ΛΟΥΚΑΣ.
754 3224 865 3278 Ἐπ’
927 3222 1175 3287 ἀληθείας
1237 3222 1368 3297 λέγω
1425 3226 1569 3300 ύμῖν,
1616 3228 1696 3277 ὅτι
1747 3224 1933 3279 πολλαὶ

2048 2839 2222 2911 Quod
2269 2838 2592 2897 multitudo
2620 2843 3010 2914 peccatorum
3062 2851 3461 2911 nequaquam
3510 2834 3715 2909 placat

2118 2935 2340 2989 Deum:
2375 2931 2483 2987 sed
2511 2930 2561 2986 is
2591 2928 2696 3004 qui
2717 2929 2835 3002 ipsi
2857 2933 3143 3002 acceptus
3175 2933 3262 2984 est
3289 2927 3413 2983 sive
3445 2925 3556 2998 vir,
3584 2924 3710 2983 sive

2116 3021 2334 3079 mulier
2363 3020 2463 3079 sit.

2728 3128 2927 3185 Caput
2970 3129 3033 3184 V.

2728 3145 2927 3198 caput
2977 3145 3033 3184 γ.

2116 3224 2189 3278 In
2220 3222 2478 3281 veritate
2505 3221 2639 3277 dico
2670 3219 3073 3289 vobis,multce
3094 3217 3291 3275 vidua’
3312 3222 3484 3274 erant
3507 3217 3569 3273 in
3592 3216 3712 3274 die-

2046 3316 2152 3373 bus
2169 3314 2314 3371 Elite
2330 3315 2392 3370 in
2413 3310 2880 3384 Israel,quando
2901 3311 3173 3367 clausum
3192 3315 3274 3365 est
3297 3310 3510 3366 caelum
3533 3307 3712 3365 annis

2042 3405 2235 3460 tribus
2257 3409 2309 3459 et
2332 3402 2633 3458 mensibus
2644 3415 2910 3471 sex,cum
2924 3399 3096 3469 facta
3113 3403 3259 3454 esset
3273 3398 3469 3469 fames
3486 3408 3712 3468 magna

2040 3495 2106 3550 in
2132 3495 2299 3550 omni
2324 3498 2531 3563 terra;
2575 3495 2629 3547 et
2664 3490 2745 3546 ad
2792 3489 3032 3545 nullam
3082 3489 3336 3544 illarum
3362 3489 3577 3543 missus
3625 3491 3709 3543 est

2039 3584 2235 3651 Elias,
2259 3582 2380 3637 nisi
2420 3582 2484 3637 in
2510 3577 2868 3649 Saraplitlia
2892 3577 3132 3634 Sidonis
3162 3577 3244 3633 ad
3272 3578 3585 3634 mulierem
3624 3577 3710 3632 vi-

2040 3675 2225 3730 duam
2247 3674 2414 3745 (Luc.
2450 3687 2528 3739 iv,
2552 3674 2640 3736 23,
2667 3673 2895 3726 261......
2921 3668 3077 3724 Nolo
3100 3668 3255 3724 enim
3276 3683 3374 3723 vos
3398 3669 3708 3737 ignorare,

2037 3760 2457 3833 fratres,quod
2469 3766 2676 3831 patres
2694 3759 2888 3814 nostri
2906 3773 3106 3814 omnes
3126 3756 3234 3813 sub
3258 3755 3413 3812 nube
3427 3757 3707 3825 fuerunt,

2040 3859 2093 3910 et
2116 3866 2317 3908 omnes
2336 3865 2503 3907 mare
2531 3849 2998 3913 transierunt,et
3030 3861 3228 3902 omnes
3254 3846 3318 3901 in
3341 3845 3544 3914 Moyse
3565 3845 3708 3914 bap-

2041 3942 2215 3998 tizati
2241 3941 2474 4007 sunt,in
2499 3938 2675 4004 nube,
2700 3943 2754 3994 et
2787 3940 2848 3993 in
2876 3937 3076 3993 mari:
3107 3942 3161 3992 et
3211 3950 3409 3991 omnes
3440 3934 3706 3991 eamdem

2040 4047 2233 4090 escam
2249 4030 2587 4101 spiritalem
2598 4027 3198 4094 manducaverunt,et
3217 4039 3414 4081 omnes
3437 4024 3706 4081 eumdem

324 4122 626 4179 πτίσθησαν
692 4119 739 4172 έν
792 4128 854 4193 τῇ
922 4119 1097 4193 νεφέλη
1156 4125 1247 4173 καὶ
1315 4118 1362 4172 έν
1527 4118 1789 4196 θαλάσσῃ,
1840 4128 1930 4176 καὶ

2062 4127 2246 4178 votum
2275 4119 2610 4189 spiritalem
2633 4117 2937 4174 biberunt:
2964 4115 3238 4171 bibebant
3261 4115 3417 4170 enim
3438 4113 3511 4169 de
3528 4112 3709 4182 spiri-

324 4212 513 4273 πάντες
577 4215 635 4262 τὸ
702 4210 828 4263 αὐτὸ
897 4208 1090 4285 βρῶμα
1140 4213 1488 4283 πνευματικὸν
1564 4213 1771 4285 ἔφαγον,
1840 4218 1929 4266 καὶ

2062 4213 2159 4268 ‘ali
2177 4215 2459 4283 sequente
2486 4224 2580 4264 eos
2610 4215 2809 4279 petra,
2824 4213 3003 4277 petra
3023 4212 3222 4261 autem
3245 4208 3374 4260 erat
3403 4204 3701 4259 Christus.

325 4301 510 4363 πάντες
558 4303 616 4354 τὸ
691 4300 817 4353 αύτό
892 4303 1039 4372 πόμα
1092 4302 1437 4374 πνευματικὸν
1505 4303 1644 4353 ἔπιον
1674 4322 1687 4335 ·
1756 4304 1927 4355 ἔπινον

2062 4300 2164 4357 S‘ed
2192 4314 2311 4356 non
2341 4300 2407 4354 in
2435 4298 2716 4368 pluribus
2737 4312 2942 4353 eorum
2966 4294 3405 4363 beneplacitum
3437 4295 3521 4348 est
3540 4292 3704 4348 Deo:

321 4393 423 4466 γὰρ
491 4390 545 4443 ἐκ
599 4396 955 4463 πνευματικῆς
1024 4388 1413 4452 ἀκολουθούσης
1470 4394 1660 4465 πέτρας
1693 4412 1706 4424 ·
1766 4394 1796 4451 ἠ
1869 4390 1928 4447 δε

2062 4405 2186 4447 iam
2211 4390 2514 4460 prostrati
2529 4393 2670 4444 sunt
2699 4388 2761 4442 in
2788 4386 3020 4443 deserto
3043 4384 3102 4448 (Ῑ
3122 4381 3251 4439 Cor.
3280 4397 3340 4453 κ,
3369 4380 3500 4444 1-5).

321 4485 486 4555 πέτρα
539 4479 602 4541 ἦν
659 4482 685 4535 ὁ
741 4484 991 4555 Χριστός,
1045 4479 1181 4533 Ἀλλ’
1243 4479 1337 4534 οὐκ
1402 4478 1452 4533 ἓν
1517 4488 1623 4544 τοῖς
1692 4481 1924 4538 πλείοσιν
1990 4483 2160 4539 αὐτῶν
2216 4476 2501 4538 εὐδόκησεν
2558 4480 2583 4530 6
2646 4481 2772 4541 Οεὸς
2806 4496 2819 4510 ·
2869 4474 3310 4549 κατεστρώθησαν
3366 4472 3469 4546 γὰρ
3529 4470 3577 4524 ἑν
3633 4479 3696 4531 τῆ

323 4590 518 4649 ερημῳ.

325 3317 501 3386 χῆραι
555 3307 691 3370 ἦσαν
723 3310 772 3364 ἓν
822 3319 937 3376 ταῖς
991 3315 1212 3389 ἡμέραις
1261 3313 1439 3367 Ἠλίου
1488 3312 1537 3366 ἓν
1594 3322 1667 3387 τῷ
1695 3315 1930 3390 Ἰσραὴλ,

325 3400 409 3453 ὅτε
461 3399 699 3459 ἐκλείσθη
760 3400 872 3474 (98)
922 3403 948 3454 ὁ
990 3401 1205 3477 οὐρανὸς
1263 3401 1347 3455 ἐπὶ
1400 3405 1485 3461 ἔτη
1527 3407 1646 3479 τρία
1691 3409 1782 3457 καὶ
1834 3413 1933 3480 μῆ-

323 3509 414 3552 νας
490 3488 562 3560 ἒξ,
631 3491 701 3551 ὡς
758 3489 951 3564 ἐγένετο
1016 3491 1169 3564 λιμὸς
1232 3496 1397 3565 μέγας
1462 3490 1545 3545 ἐπὶ
1609 3499 1783 3545 πᾶσαν
1836 3499 1929 3553 τὴν

323 3588 444 3653 γῆν,
496 3585 586 3633 καὶ
634 3582 765 3655 πρὸς
809 3577 1060 3654 οὐδεμίαν
1123 3580 1291 3633 αὐτῶν
1350 3579 1581 3656 ἐπέμφθη
1641 3581 1834 3651 Ἠλίας,
1888 3584 1932 3637 εἰ

323 3673 396 3742 μή
465 3669 536 3731 εἰς
602 3671 848 3743 Σάραφθα
915 3678 1011 3732 τῆς
1068 3666 1289 3732 Σιδῶνος
1352 3674 1482 3744 πρὸς
1547 3680 1773 3744 γυναῖκα
1826 3677 1932 3744 1r;-

324 3779 420 3834 ραν
495 3760 635 3831 (99).
712 3764 883 3813 ΠΡΟΣ
958 3765 1108 3814 KOP.
1169 3758 1234 3817 α’.
1295 3760 1370 3812 0'3
1450 3760 1573 3813 θέλω
1632 3764 1731 3835 γὰρ
1794 3762 1928 3835 ὑμᾶς

328 3846 558 3922 ἀγνοεῖν.
629 3846 865 3923 ἀδελφοὶ,
939 3848 1021 3902 ὅτι
1088 3852 1138 3902 οἱ
1220 3854 1434 3923 πατέρες
1516 3853 1663 3924 ἡμῶν
1746 3853 1929 3913 πάντες

325 3940 425 3992 ὑπὸ
479 3942 571 3997 τὴν
614 3939 819 4013 vagiam
868 3936 1023 4006 ἦσαν,
1079 3944 1169 3992 καὶ
1224 3936 1409 4003 πάντες
1488 3936 1582 3993 διά
1636 3949 1731 4003 τῆς
1832 3944 1929 3995 θα-

319 4029 526 4092 λάσσης
584 4026 821 4089 διῆλθον.
874 4032 965 4081 καὶ
1018 4031 1203 4093 πάντες
1264 4030 1334 4091 εἰς
1371 4032 1458 4082 τὸν
1511 4037 1744 4090 Μωῦσῆν
1802 4030 1928 4084 ἔϐα-

2643 4658 2925 4715 REGULA.
2976 4657 3090 4712 Χ11.

2038 4752 2214 4820 Quod
2242 4750 2442 4809 omnis
2472 4747 2887 4815 contradictio,
2917 4743 3151 4803 etiamsi
3179 4758 3254 4801 ex
3273 4743 3474 4800 amico
3502 4757 3574 4799 ac
3596 4741 3697 4814 pio

963 4667 1131 4715 ΟΡΟΣ
1189 4659 1284 4717 ΠΥ.

316 4751 441 4805 Ὀτι
495 4758 644 4806 πᾶσα
701 4749 984 4823 ἀντιλογία,
1027 4749 1123 4802 κᾶν
1176 4749 1232 4802 ἑκ
1289 4750 1500 4823 φιλικῆς
1545 4756 1634 4804 καὶ
1682 4751 1930 4815 εύλαϐοῦς

395 4840 680 4905 διαθέσεως
740 4845 972 4913 γένηται,
1032 4839 1371 4915 ἀπαλλοτριοῖ
1431 4848 1523 4893 τοῦ
1585 4847 1784 4916 Κυρίου
1840 4846 1927 4896 τὸν

392 4930 717 5003 ἀντιλέγοντα
746 4952 760 4965 ο
792 4937 894 4984 πᾶν
935 4927 994 4985 δὲ
1021 4932 1168 5007 ῥῆμα
1198 4936 1393 5005 Κυρίου
1433 4933 1564 5005 μετὰ
1587 4934 1764 4995 πάσης
1794 4932 1924 4991 πλη-

392 5024 640 5096 ροφορίας
660 5016 1056 5093 καταδέχεσθαι
1083 5017 1164 5074 δεί
1195 5019 1301 5088 (1).

2108 4837 2330 4895 affectu
2380 4836 2628 4904 oriatur,
2662 4850 2698 4891 a
2748 4833 3007 4890 Domino
3052 4828 3361 4886 abalienat
3395 4827 3699 4885 contradi-

2105 4934 2341 4986 centem
2375 4945 2389 4984 :
2444 4927 2735 5001 quodque
2782 4922 3039 4981 verbum
3068 4920 3305 4978 Domini
3356 4935 3498 4975 cum
3527 4918 3696 4975 omni

2107 5019 2462 5078 certitudine
2491 5015 2946 5090 suscipiendum
2974 5018 3087 5071 est.

391 5200 497 5270 (96)
527 5200 595 5255 Et
620 5196 720 5254 hic
745 5195 992 5272 etiner
1016 5200 1160 5272 Reg.
1191 5199 1399 5256 tertius
1429 5205 1801 5272 μετανοήσητε.

816 5205 992 5284 intra.
1017 5205 1160 5284 Reg.
1191 5205 1399 5284 tertius
1429 5205 1801 5284 μετανρήσητξ.
1880 5276 1903 5284 φ
2031 5216 2250 5284 vocem
2276 5205 2448 5284 χήραν

387 5275 500 5347 (97)
526 5273 668 5340 Reg.
700 5272 906 5324 tertius
931 5272 1025 5321 κᾶν
1051 5272 1201 5344 ἁνήρ.
1235 5273 1496 5344 Utraque
1524 5272 1709 5329 editio
1732 5273 1828 5326 κᾶν
1854 5276 1927 5336 εἷς

2106 5243 2618 5343 δῖ’-ἧιξίηξιιίίιιε
2674 5265 3075 5343 κααδέχεσθαι
3128 5263 3512 5343 χρή.ηνειδξ)ᾷ
3563 5263 3694 5319 haec

318 5337 437 5418 nr}.
614 5337 638 5340 “
1047 5413 1063 5418 ᾉ
1396 5337 1502 5418 ’ν

2062 5345 2290 5418 latthwi
2303 5337 2446 5416 νινε,
2476 5350 2567 5418 21,
2597 5346 2667 5418 22
2695 5349 2752 5398 et
2780 5337 3029 5418 23-ξξΑπό
3061 5337 3184 5418 τότε
3203 5338 3398 5413 ἤρξατο
3429 5338 3455 5390 ὁ
3487 5337 3693 5418 Ἰησοῦς

389 5408 499 5494 (98)
531 5420 793 5489 Utraque
823 5413 1007 5472 editio
1036 5413 1155 5469 ὅταν
1181 5415 1443 5476 ἐκλείσθη.
1477 5417 1570 5474 At.
1605 5433 1751 5474 mss.
1783 5433 1925 5476 nos-

2062 5408 2453 5494 ΐεικνύειν...τ..’.
2472 5408 2599 5494 ἀλλά
2618 5416 2685 5466 τά
2704 5423 2804 5494 τῶν
2836 5408 3260 5494 ἀνθρώπωνλιρό
3284 5424 3531 5494 quoque
3558 5408 3694 5464 loco

319 5482 525 5545 tristi.
692 5482 715 5489 ’
936 5558 941 5559 ί
2036 5488 2338 5546 inculcata
2366 5489 2757 5546 inveniuntur
2783 5486 2846 5546 in
2876 5482 3023 5559 Reg.
3066 5483 3241 5542 tertio
3271 5482 3329 5539 et
3367 5482 3441 5539 in’
3477 5482 3695 5539 Messa-

390 5560 498 5631 (99)
531 5561 652 5631 Illa,
682 5564 769 5613 καὶ
812 5562 877 5614 τὰ
921 5558 1005 5613 ἐπὶ
1047 5578 1140 5613 του
1188 5567 1303 5614 Νῶε
1327 5566 1418 5615 καὶ
1446 5563 1513 5614 τὰ
1543 5560 1629 5614 ἐπὶ
1656 5580 1746 5614 τον
1781 5568 1921 5629 Λώτ,
2035 5560 2230 5625 nensi.

317 5631 598 5698 leguntur
625 5632 687 5689 in
710 5632 783 5689 iis
810 5646 967 5710 quOS
996 5631 1220 5710 saepius
1245 5633 1558 5691 nominavi
1597 5632 1763 5689 libris
1788 5641 1930 5707 post
