4112 6380
237 309 343 367 729

1751 305 2067 363 MORALIA
2079 349 2094 365 .

3503 326 3611 381 730

237 434 548 505 Υποκριταὶ,
623 434 683 485 τὸ
740 433 1019 507 πρόσωπον
1075 439 1166 493 τῆς
1216 439 1314 505 γῆς
1359 434 1451 485 καὶ
1500 437 1594 485 τοῦ
1678 429 1832 503 οὖρα-

1953 432 2069 503 56.)
2103 435 2242 492 Jam
2300 443 2532 509 tempus
2588 441 2764 499 breve
2809 448 2917 510 est,
2962 449 3033 499 ut
3097 449 3153 501 et
3201 448 3307 518 qui
3382 448 3610 506 habent

237 536 329 582 νοῦ
374 526 557 584 οῖδατε
599 526 925 602 δοκιμάζειν,
994 533 1083 583 τὸν
1150 526 1210 583 δὲ
1264 532 1447 604 καιρὸν
1505 537 1688 584 τοῦτον
1735 537 1842 594 πᾶς

237 618 299 671 οὐ
363 615 677 691 δοκιμάζετε
726 635 741 687 ;
793 625 962 673 ΠΡΟΣ
1022 625 1177 675 KOP.
1246 617 1309 676 α’.
1367 618 1428 673 Ὁ
1469 623 1653 696 καιρὸς
1711 640 1838 675 συν-

239 707 545 781 εσταλμένος
601 707 715 761 ἐστὶ
752 712 811 762 τὸ
871 708 1048 762 λοιπὸν
1105 709 1241 780 (19),
1297 707 1383 762 ἱνα
1418 714 1508 762 καὶ
1547 712 1596 763 οἱ
1630 714 1840 784 ἔχοντες

235 804 489 868 γυναῖκας
535 799 607 860 ὡς
670 802 742 871 μὴ
810 801 1020 871 ἔχοντες
1061 793 1185 851 ὦσιο
1241 803 1333 852 καὶ
1384 800 1434 852 οἱ
1482 798 1746 864 κλαίοντες
1774 803 1839 862 ὡς

236 891 308 959 μὴ
368 886 646 949 κλαίοντες·
696 892 788 940 καὶ
851 889 900 940 οἱ
953 892 1250 963 χαίροντες,
1301 891 1369 951 ὡς
1424 892 1498 961 μὴ
1538 893 1834 966 χαίροντες·

236 980 328 1029 καὶ
393 978 445 1029 οἱ
508 975 868 1050 ἀγοράζοντες,
938 978 1010 1039 ὡς
1082 982 1155 1049 μὴ
1237 981 1568 1051 κατέχοντες·
1637 983 1726 1033 καὶ
1789 980 1840 1032 οἱ

234 1069 505 1139 χρώμενοι
570 1074 643 1136 τῷ
714 1070 917 1139 κόσμῳ,
982 1068 1048 1130 ὡς
1115 1072 1188 1141 μὴ
1238 1072 1641 1143 καταχρώμενοι
1699 1069 1835 1141 (20)-

237 1156 462 1228 παράγει
498 1156 599 1227 γὰρ
619 1157 678 1206 τὸ
711 1161 906 1226 σχῆμα
926 1161 1020 1208 τοῦ
1043 1158 1246 1229 κόσμου
1276 1158 1485 1211 τοτῖτου.

900 1250 1067 1298 ΟΡΟΣ
1100 1244 1182 1299 ΗΓ

232 1330 351 1385 Ὀτι
394 1328 478 1384 δεῖ
529 1333 625 1395 τὰς
654 1332 856 1394 ἐντολὰς
896 1341 987 1387 τοῦ
1026 1342 1161 1389 Θεοῦ
1191 1334 1327 1388 οὓτω
1354 1342 1541 1402 ποιεῖν,
1573 1338 1645 1398 ὡς
1672 1337 1700 1389 ὁ
1726 1338 1837 1391 Κύ-

302 1440 416 1497 ριος
464 1422 799 1497 προσέταξεν.
847 1422 905 1476 Ὀ
950 1426 1052 1499 γάρ
1106 1428 1224 1501 περὶ
1269 1428 1358 1478 τὸν
1405 1428 1595 1501 τρόπον
1624 1434 1722 1488 τῆς
1758 1424 1839 1500 ἄρα

301 1514 498 1584 γασίας
550 1508 864 1581 διαπταίων,
915 1512 1010 1565 κᾶν
1062 1508 1193 1588 δόξῃ
1251 1522 1413 1568 ποιεῖν
1470 1519 1564 1574 τὴν
1606 1513 1836 1586 ἐντολὴν,

303 1596 561 1674 ἀδόκιμος
591 1599 704 1655 ἑστι
732 1603 877 1677 παρὰ
902 1610 975 1674 τῷ
1015 1610 1153 1674 Θεῷ.

876 1692 1064 1767 Κεφοὲλ.
1119 1692 1192 1751 A'.

1949 536 2191 593 uxores,
2214 530 2509 600 tanquam
2533 545 2656 586 non
2679 530 2964 588 habentes
2988 533 3110 588 sint
3144 550 3157 588 :
3192 540 3247 590 et
3285 537 3394 607 qui
3432 538 3606 607 ﬂent,

1948 616 2240 684 tanquam
2265 633 2388 673 non
2400 617 2614 688 ﬂentes
2639 639 2654 676 :
2686 625 2741 676 et
2761 624 2869 692 qui
2885 621 3460 695 gaudenttanquam
3486 641 3607 683 nou

1947 703 2276 771 gaudentes
2320 713 2419 764 :et
2473 709 2581 780 qui
2640 715 2869 781 emunt,
2914 716 3207 783 tanquam
3250 728 3373 769 non
3415 716 3605 783 possi-

1948 791 2165 851 dentes
2204 812 2219 852 :
2252 802 2305 853 et
2344 799 2450 869 qui
2472 804 2735 856 utuntur
2753 799 2865 857 hoc
2885 800 3125 868 mundo,
3161 807 3454 874 (unquam
3484 819 3605 859 non

1946 889 2206 940 utantur
2262 904 2276 942 :
2328 890 2606 957 praeterit
2647 891 2802 947 enim
2847 892 3053 962 ﬁgura
3097 890 3283 963 huius
3309 893 3525 950 mundi
3552 893 3614 962 (Ι

1949 980 2088 1037 Cor.
2117 984 2460 1055 vn,'29-3t).

2413 1252 2592 1327 249
2623 1256 2903 1313 REGULA
2942 1256 3137 1316 xvm.

1947 1338 2123 1405 Quod
2146 1339 2441 1400 mandata
2472 1343 2575 1401 Dei
2594 1359 2666 1401 eo
2715 1346 2902 1402 modo
2956 1346 3086 1403 ﬁeri
3143 1346 3386 1417 debent,
3426 1352 3609 1422 prout

2019 1430 2314 1487 Dominus
2372 1433 2679 1505 praecepit.
2748 1435 2857 1498 Qui
2901 1435 3066 1492 enim
3111 1436 3174 1492 in
3203 1437 3389 1493 modo
3419 1454 3492 1494 ea
3519 1438 3607 1495 fa-

2017 1519 2216 1577 ciendi
2228 1522 3014 1590 offenditJicetmandatum
3029 1527 3281 1600 exsequi
3299 1528 3599 1598 videatur,

2016 1612 2317 1684 reprobus
2338 1618 2428 1671 est
2459 1613 2625 1687 apud
2656 1618 2866 1672 Deum.

2647 1705 2847 1777 Caput
2872 1707 2910 1763 Ι

304 1786 588 1838 ΛΟΥΚΑΣ.
658 1781 835 1855 Ἔλεγε
889 1779 951 1836 δὲ
1004 1788 1096 1837 καὶ
1146 1790 1220 1855 τῷ
1302 1783 1578 1845 κεκληκότι
1652 1785 1828 1840 αὐτόν·

2015 1793 2265 1851 Dicebat
2282 1801 2479 1851 autem
2500 1800 2556 1852 et
2575 1797 2648 1863 ei,
2664 1810 2765 1867 qui
2783 1810 2844 1852 se
2859 1796 3225 1853 invitaverat
3244 1813 3258 1853 :
3285 1798 3434 1854 Cum
3446 1798 3604 1869 facis

225 1868 389 1925 Ὀταν
452 1879 651 1945 ποιῇς·
694 1871 907 1945 ἄριστον
961 1873 993 1933 ἦ
1068 1870 1296 1941 δεῖπνον,
1378 1879 1452 1948 μὴ
1502 1881 1654 1949 φώνει
1710 1879 1833 1940 τοὺς

227 1960 408 2035 φίλους
465 1981 581 2031 σου,
650 1958 791 2035 μηδι
841 1965 965 2025 τοὺς
1009 1959 1264 2036 ἀδελφούς
1328 1983 1447 2032 σου,
1509 1961 1650 2038 μηδι
1710 1969 1835 2029 τοὺς

229 2058 499 2124 air/wet;
579 2071 696 2119 σου,
786 2048 927 2126 μηδὲ
1024 2057 1257 2125 γείτονας
1331 2053 1635 2121 πλουσίους,
1721 2058 1833 2129 μή·

225 2159 352 2195 ποτε
395 2144 487 2194 καὶ
551 2139 702 2194 αὐτοί
760 2159 819 2194 σε
882 2139 1282 2210 ἂντικαλίσωσι,
1328 2148 1420 2197 καὶ
1473 2147 1686 2215 γένηταί
1748 2163 1833 2198 σοι

229 2227 592 2303 ἀνταπόδομα.
697 2229 832 2283 Ἀλλ’
932 2229 1054 2284 ὃταν
1153 2240 1312 2306 ποιῇς
1405 2229 1601 2304 δοχὴν,
1687 2232 1834 2287 nam.

228 2323 499 2393 πτωχοὺς,
541 2318 898 2394 ἀναπήρουφς,
959 2320 1189 2393 χωλούς,
1262 2321 1506 2395 τυφλοὺς,
1566 2326 1656 2376 καὶ
1724 2342 1834 2396 μα-

229 2411 413 2484 κιξριος
490 2411 609 2483 ἔσῃ,
668 2410 751 2463 ὅτι
838 2409 933 2463 οὐκ
990 2412 1209 2482 ἔχουσιν
1271 2407 1658 2465 ἀνταποδοῦναί
1725 2431 1830 2464 σοι⁸

234 2495 718 2559 ἀνταποδοθήσεται
797 2499 900 2575 γάρ
995 2518 1081 2552 σοι
1145 2498 1194 2553 ἰν
1257 2508 1323 2574 τῇ
1388 2498 1676 2555 ἀναστάσει
1733 2509 1835 2556 τῶν

233 2584 453 2642 δικαίων
477 2588 617 2659 (21).

229 2683 349 2731 Ὀτι
385 2678 444 2731 οὐ
495 2674 715 2738 δείἨτήν
760 2685 856 2731 τοῦ
917 2686 1053 2733 Θεοῦ
1104 2677 1309 2740 ἰντολὴν
1341 2676 1434 2735 διὰ
1452 2685 1548 2741 τὴν
1577 2683 1709 2756 πρὸς
1739 2680 1833 2734 διν-

303 2769 539 2842 θρὼπους
593 2764 887 2844 ἀρέσκειαν,
945 2769 975 2828 ἣ
1026 2765 1099 2823 δι’
1144 2768 1267 2823 ἄλλο
1325 2791 1375 2823 τι
1425 2772 1608 2840 πάθος,
1641 2778 1830 2840 ποιεῖν,

301 2856 408 2910 ἀλλ’
463 2856 512 2911 ὲν
575 2864 733 2912 παντὶ
800 2861 994 2913 σκοπὸν
1041 2862 1310 2933 ἔχεινμτῷ
1343 2867 1457 2933 Θεῷ
1506 2859 1716 2937 ἀρέσαι,
1741 2865 1835 2916 καὶ

303 2949 437 3001 Θεὸν
462 2944 707 3011 δοξάσαι.

869 3038 1058 3113 Κεφὰλ,
1124 3046 1162 3092 Β

299 3132 659 3185 ΜΑΤΘΔῙΟΣ·
729 3135 1025 3206 Προσέχετε
1088 3135 1185 3190 τὴν

226 3221 300 3291 μὴ
392 3225 559 3272 ποιεῖν
632 3220 921 3295 ἔμπροσθεν
992 3228 1088 3273 τῶν
1137 3218 1459 3294 ἀνθρώπων,
1546 3222 1679 3296 πρὸς
1769 3224 1831 3275 τὸ

229 3308 477 3367 θεαθῆναι
541 3304 739 3370 αὐτοῖς·
807 3307 852 3361 εἰ
913 3305 975 3362 δι
1037 3313 1198 3382 μήτε,
1262 3311 1455 3382 μισθὸν
1494 3309 1615 3362 ὀὐκ
1682 3311 1831 3382 ἔχετε

223 3398 369 3470 παρὰ
414 3403 488 3466 τῷ
543 3399 711 3469 Πατρὶ
764 3398 908 3469 ὑμῶν
962 3405 1036 3468 τῷ
1092 3396 1142 3451 ἕν
1186 3405 1298 3460 τοῖς
1353 3397 1612 3471 οὐρανοῖς.
1671 3398 1831 3453 Ὅταν

225 3481 316 3538 οὖν
375 3511 385 3522 -
417 3493 575 3558 ποιῇς
674 3484 1043 3558 ἐλεημοσύνην,
1100 3472 1208 3561 γμὴ
1298 3486 1559 3561 σαλπίσῃς
1629 3489 1830 3563 ἔμπρο-

228 3576 349 3629 σθεν
429 3577 545 3648 (22)
615 3582 716 3627 τῶν
805 3572 1108 3649 ἀνθρώπων,
1188 3576 1362 3651 ὥσπερ
1450 3577 1501 3628 οἱ
1556 3576 1832 3652 ὑποκριταὶ

222 3671 469 3719 ποιοῦσιν
508 3662 557 3717 ἄν
615 3671 732 3727 ταῖς
783 3669 1113 3736 συναγωγαῖς
1174 3668 1267 3718 καὶ
1330 3662 1381 3718 ἓν
1408 3714 1413 3719 ,
1443 3672 1560 3728 ταῖς
1616 3665 1828 3740 ῥύμαις,

225 3754 367 3818 ὁπως
447 3750 781 3818 δοξασθῶσιν
868 3755 970 3807 ὑπὸ
1065 3760 1177 3807 τῶν
1271 3751 1574 3830 ἀνθρώπων,
1666 3754 1830 3828 Ἀμήν

223 3844 359 3917 λέγω
413 3846 557 3917 ὑμῖν,
614 3841 883 3916 ἀπέχουσι
946 3846 1034 3897 τὸν
1099 3844 1292 3916 μισθὸν
1351 3844 1543 3911 αὐτῶν,
1598 3848 1690 3897 καὶ
1765 3845 1834 3898 τὰ

224 3933 362 3997 ἕξῆς.
429 3940 599 3988 ΠΡΟΣ
669 3940 818 3990 ΚΟΡ.
887 3932 953 3989 α’.
1032 3932 1147 3986 Εἲτι
1194 3932 1283 3985 οῦν
1330 3932 1544 4000 ἐσθίετε,
1617 3937 1718 3987 εἶτε
1746 3938 1832 3987 πί-

222 4042 352 4093 νετε,
407 4027 503 4077 εἴτε
556 4042 612 4078 τι
673 4030 886 4089 ποιεῖτε,
935 4024 1102 4076 πάντα
1157 4022 1226 4085 εἰς
1270 4018 1431 4086 δόξαν
1485 4030 1619 4077 θεοῦ
1665 4029 1833 4076 ποιεῖο

221 4133 278 4168 τε
355 4121 525 4168 ΠΡΟΣ
609 4117 783 4169 ΘΕΣΣ.
871 4110 936 4168 α’.
1026 4111 1181 4164 Ἀλλὰ
1275 4114 1445 4174 καθὼς
1535 4109 1831 4185 δεδοκιμά-

224 4204 396 4277 σμεθα
441 4204 542 4256 ῦπό
596 4210 687 4256 τοῦ
749 4207 897 4271 Θεοῦ,
966 4203 1313 4261 πιστευθῆναι
1367 4206 1427 4255 τὸ
1492 4201 1827 4275 Εὖαγγέλιον,

221 4292 360 4347 οὕτω
420 4291 672 4366 λαλοῦμεν
696 4334 712 4362 ,
780 4291 887 4365 οὐχ
956 4295 1022 4353 ὡς
1119 4290 1411 4365 ἀνθρώποις
1507 4289 1828 4365 ἂρεσκοντες,

225 4384 357 4437 ἀλλὰ
393 4391 466 4456 τῷ
533 4392 648 4455 Θεῷ
734 4390 805 4455 τῷ
854 4379 1197 4455 δοκιμάζοντι
1248 4385 1344 4444 τὰς
1386 4379 1615 4456 καρδίας
1661 4384 1827 4455 ἡμῶν.

1934 1884 2294 1953 prandium,
2342 1890 2449 1940 aut
2505 1898 2758 1955 coenam,
2791 1887 2922 1942 noli
2964 1900 3182 1943 vocare
3203 1887 3422 1942 amicos
3446 1892 3600 1957 tuos,

1940 1987 2131 2045 neque
2155 1974 2386 2044 fratres
2406 1981 2558 2040 tuos,
2589 1989 2779 2046 neque
2809 1980 3094 2045 cognatos
3113 1982 3264 2042 tuos,
3297 1991 3483 2048 neque
3514 1979 3602 2033 vi-

1939 2063 2101 2119 cinos
2154 2063 2386 2130 divites,
2440 2078 2516 2120 ne
2537 2065 2701 2135 forte
2728 2069 2784 2121 et
2813 2065 2932 2134 ipsi
2960 2068 3017 2122 te
3043 2065 3393 2134 reinvitent,
3416 2071 3469 2122 et
3492 2067 3606 2136 fiat

1942 2153 2053 2209 tibi
2093 2152 2431 2209 retributio.
2490 2153 2613 2210 Sed
2648 2168 2784 2210 cum
2820 2155 2983 2224 facis
3042 2155 3406 2224 convivium,
3459 2169 3606 2211 voca

1938 2257 2250 2315 pauperes,
2279 2242 2521 2312 debiles,
2543 2243 2790 2299 claudos
2820 2249 2874 2300 et
2904 2258 3111 2310 caecos,
3139 2249 3195 2300 et
3226 2242 3430 2300 beatus
3483 2244 3602 2300 eris

1941 2332 2085 2403 quia
2114 2347 2234 2388 non
2252 2338 2503 2402 possunt
2530 2332 3017 2390 retribueretibi:
3045 2332 3420 2389 retribuetur
3443 2334 3602 2390 enim

1943 2421 2054 2479 tibi
2077 2421 2142 2477 in
2167 2422 2611 2480 resurrectione
2628 2423 2934 2492 justorum
2964 2423 3136 2494 (Luc.
3166 2438 3283 2488 xxv,
3318 2422 3527 2493 12-14).

1943 2688 2120 2756 Quod
2145 2703 2271 2746 non
2296 2692 2531 2762 Oportet
2554 2689 2657 2745 Dei
2672 2689 3036 2745 mandatum
3057 2688 3254 2746 facere
3274 2687 3354 2744 ad
3381 2687 3602 2746 huma-

2010 2793 2160 2836 nam
2194 2778 2456 2851 gratiam
2506 2777 2977 2849 conciliandam,
3003 2782 3110 2835 aut
3138 2781 3384 2850 propter
3413 2776 3602 2835 ullam

2013 2867 2199 2925 aliam
2251 2868 2632 2926 aﬁ'ectionem
2656 2885 2671 2924 :
2696 2869 2798 2925 sed
2835 2867 2899 2924 in
2925 2867 3211 2924 omnibus
3254 2867 3419 2924 hunc
3464 2883 3603 2924 sco-

2013 2971 2165 3031 pum
2181 2955 2433 3038 habere,
2453 2962 2521 3014 ut
2541 2956 2788 3030 placeas
2816 2958 2961 3027 Deo,
2977 2960 3038 3012 et
3053 2955 3231 3013 detur
3249 2958 3369 3012 Deo
3390 2955 3602 3027 gloria.

2611 3047 2815 3116 Caput
2842 3046 2927 3101 II.

1264 3128 1446 3204 ἄλεημο
1454 3133 1614 3192 σύνην
1686 3130 1832 3204 ὑμῶν

2013 3135 2343 3201 Attendite,
2366 3151 2444 3193 ne
2462 3136 2898 3205 eleemosynam
2919 3138 3178 3192 vestram
3205 3134 3458 3204 faciatis
3499 3149 3600 3191 co-

1940 3241 2074 3283 ram
2103 3225 2462 3294 homim‘bus,
2490 3230 2559 3281 ut
2587 3224 2916 3281 videamini
2932 3223 3008 3280 ab
3039 3224 3120 3281 eis
3150 3240 3164 3279 :
3197 3224 3430 3294 alioqui
3447 3238 3601 3280 mer-

1940 3314 2140 3372 cedem
2188 3330 2311 3371 non
2369 3313 2602 3372 habetis
2630 3314 2800 3384 apud
2822 3314 3068 3371 Patrem
3101 3318 3387 3377 vestrum,
3406 3312 3513 3385 qui
3531 3312 3599 3368 in

1939 3405 2103 3461 caelis
2132 3410 2236 3461 est.
2258 3404 2407 3461 Cum
2437 3418 2578 3475 ergo
2598 3404 2758 3474 facis
2775 3404 3231 3473 eleemosynam,
3283 3402 3416 3458 noli
3453 3400 3598 3458 tuba

1940 3510 2154 3552 canere
2166 3509 2370 3551 coram
2386 3494 2746 3560 hominibus,
2762 3494 2917 3549 sicut
2935 3493 3272 3562 hypocrita?
3276 3492 3522 3562 faciunt
3534 3492 3600 3547 in

1937 3586 2286 3657 synagogis,
2316 3590 2371 3641 et
2393 3584 2457 3640 in
2476 3584 2727 3653 vicis,ut
2749 3581 3310 3652 honoriﬁcenturab
3343 3580 3600 3637 homini-

1940 3675 2068 3732 bus.
2112 3675 2307 3732 Amen
2349 3674 2482 3731 dico
2517 3674 2700 3741 vobis,
2734 3672 3035 3743 recipiunt
3055 3671 3386 3728 mercedem
3423 3684 3595 3726 suam

1939 3765 2282 3837 (Humum,
2317 3765 2457 3835 L2),
2481 3768 2539 3820 et
2568 3766 2853 3820 cetera...
2873 3763 3009 3819 Sive
3026 3777 3170 3832 ergo
3209 3760 3599 3817 manducatis

1938 3856 2063 3911 sive
2079 3852 2300 3925 bibitis,
2314 3854 2437 3910 sive
2448 3852 2625 3910 aliud
2633 3852 2781 3923 quid
2786 3852 3018 3923 facitis,
3030 3851 3234 3907 omnia
3248 3854 3312 3906 in
3332 3850 3598 3920 gloriam

1937 3945 2052 4002 Dei
2059 3943 2326 4015 facite([
2342 3944 2481 4000 Cor.
2512 3958 2573 4012 χ,
2611 3946 2778 4011 31)...
2804 3943 2925 3999 Sed
2958 3944 3116 3998 sicut
3129 3940 3374 4011 probati
3390 3954 3598 3995 sumus

1939 4050 1979 4093 a
2019 4035 2163 4101 Deo,
2218 4038 2287 4089 ut
2339 4033 2691 4090 crederetur
2716 4031 2887 4088 nobis
2935 4031 3361 4100 Evangelium,
3392 4030 3483 4084 ita
3515 4028 3601 4084 lo-

1939 4128 2184 4197 quimur
2229 4138 2350 4179 non
2381 4125 2556 4195 quasi
2586 4121 2927 4178 hominibus
2966 4121 3296 4190 placentes,
3328 4117 3432 4174 sed
3449 4118 3597 4185 Deo,

1939 4215 2048 4287 qui
2090 4213 2315 4284 probat
2359 4213 2546 4269 corda
2591 4218 2820 4268 nostra.
2854 4210 3060 4282 Neque
3080 4210 3238 4266 enim
3259 4207 3597 4279 aliquando

1934 4303 2169 4373 fuimus
2193 4303 2259 4358 in
2286 4315 2558 4357 sermone
2584 4299 2978 4367 adulationis,
3008 4299 3164 4355 sicut
3184 4297 3366 4362 scitis,
3410 4309 3605 4367 neque

1938 4393 2005 4448 in
2034 4392 2344 4449 occasione
2371 4390 2686 4447 avaritia:
2718 4390 2877 4445 Deus
2907 4388 3070 4445 testis
3121 4391 3205 4443 est
3234 4403 3247 4441 :
3275 4400 3385 4443 nec
3439 4399 3600 4455 que-

224 4477 359 4527 Οῦτε
437 4477 540 4550 γάρ
627 4491 750 4527 ποτε
838 4470 886 4524 ἓν
970 4470 1106 4543 λόγῳ
1182 4470 1454 4533 κολακείας
1520 4470 1829 4544 ἐγενήθημεν

1953 4486 2138 4539 rentes
2156 4481 2234 4538 ab
2266 4480 2606 4538 hominibus
2634 4479 2920 4549 gloriam,
2962 4491 3156 4548 neque
3201 4490 3239 4532 a
3281 4474 3467 4537 vobis,
3497 4488 3602 4529 ne-

222 4563 360 4636 (23),
434 4566 609 4627 καθὼς
690 4558 891 4630 οἴδατε,
978 4563 1094 4617 οὔτε
1178 4563 1439 4635 προφάσει
1515 4560 1826 4631 πλεονεξίας,

227 4656 337 4717 θεὸς
417 4657 636 4729 μάρτυς·
725 4654 842 4707 οὔτε
925 4651 1197 4714 ζητοῦντες
1261 4648 1315 4714 ἕξ
1377 4649 1679 4725 ,ἀνθρώπων
1741 4646 1829 4705 δό·

224 4743 338 4815 ξαν,
375 4743 490 4800 οὒτε
519 4742 604 4818 ἀφ’
635 4745 800 4818 ὑμῶν,
829 4746 946 4797 οὔτε
970 4740 1058 4795 ἀπ’
1095 4739 1281 4798 ἄλλων.
1326 4774 1331 4781 ~

299 4975 318 5037 (
328 4974 415 5029 19)
447 4970 654 5027 Posita
683 4968 917 5039 virgula
945 4973 1034 5026 est
1064 4967 1124 5024 in
1177 4968 1435 5039 utraque
1482 4964 1743 5039 editione
1774 4970 1833 5023 et

220 5044 285 5101 in
315 5045 459 5111 Reg.
490 5041 691 5113 primo
728 5038 868 5113 post
883 5055 1098 5113 vocem
1164 5038 1362 5092 λοιπόνῖ
1410 5053 1600 5110 quam
1650 5038 1832 5113 inter-

223 5110 840 5193 punctionemsecuti.
853 5111 936 5166 ita
946 5112 1256 5193 yertimus,
1266 5113 1399 5193 jam
1407 5116 1640 5193 tempus
1657 5110 1833 5193 breve

222 5180 331 5255 Est,
356 5191 424 5243 ut
450 5190 509 5243 et
527 5184 653 5256 qui,
678 5185 790 5238 etc.
824 5199 837 5248 ;
862 5182 966 5238 sed
996 5183 1047 5256 si
1078 5180 1645 5256 locabis_virgulam
1685 5186 1830 5256 ante

223 5252 404 5316 voces
454 5260 513 5311 τὸ
538 5252 758 5321 ’λοιπὸν,
810 5257 954 5309 tunc
1001 5252 1468 5324 interpretaberé
1491 5252 1575 5308 uti
1600 5252 1662 5308 in
1684 5252 1829 5309 Vul-

225 5335 364 5399 gata
392 5336 624 5400 tempus
646 5326 821 5400 breve
842 5329 949 5400 est,
990 5325 1290 5400 reliquum
1315 5330 1423 5400 est,
1446 5329 1560 5382 etc.

296 5396 896 5472 (20)Utraque_editio
926 5399 984 5452 et
1026 5397 1167 5466 Reg.
1194 5396 1500 5453 secundus
1544 5401 1832 5471 παραχρώ-

227 5468 401 5544 μενοιζ
417 5473 557 5544 Reg.
581 5468 793 5527 tertius
823 5473 1244 5544 καταχρώμενοι,

298 5542 414 5610 (2t)
451 5536 588 5596 Post
619 5554 835 5596 vocem
865 5536 1092 5611 aqua;
1109 5540 1403 5611 sequntur
1429 5538 1531 5595 illa
1560 5539 1623 5595 in
1654 5542 1823 5595 Mess.

225 5617 286 5687 ut
316 5611 379 5667 in
397 5608 546 5687 Reg.
573 5610 855 5687 primo,_&
881 5608 970 5687 οὖν
998 5611 1098 5683 ἄγὼ
1140 5608 1501 5687 36651546»;
1531 5614 1706 5687 εἴρηκε
1734 5629 1825 5684 μοι

227 5685 255 5737 ὁ
298 5679 518 5754 Πατὴρ,
554 5679 686 5736 οῖῦτω
738 5679 895 5741 λαλῶ.
949 5679 1068 5736 Ἐάν
1126 5679 1324 5738 δεκοιὶ
1350 5680 1479 5756 ἀθλῇ
1504 5679 1606 5753 τις,
1629 5683 1689 5739 οῦ
1723 5679 1837 5738 ore.

1940 4585 2055 4643 que
2073 4570 2151 4629 ab
2170 4570 2307 4627 aliis
2337 4570 2381 4642 (ι
2411 4569 2611 4626 Thess.
2650 4584 2714 4639 ιι,
2754 4568 2890 4640 4-6)-

1944 4972 2216 5048 φανοῦται,
2249 4961 2697 5048 ἑὰνεμήῃνομιίμςδνς
2727 4959 2956 5044 ἀθλήσῃ.
2987 4959 3147 5048 ,Οιιω
3197 4972 3336 5048 ergo
3368 4970 3479 5048 Ego
3522 4956 3609 5040 lQ-‘

1942 5028 2114 5109 quor,
2133 5028 2290 5093 sicut
2310 5028 2467 5091 dixit
2483 5028 2636 5091 mihi
2648 5035 2853 5099 Pater,
2875 5033 2962 5109 sic
2979 5033 3211 5109 loquor.
3230 5028 3403 5109 Quod
3408 5028 3462 5082 si
3470 5028 3604 5109 quis

1942 5101 2121 5166 Etiam
2143 5112 2356 5174 certat,
2377 5122 2499 5163 non
2516 5110 2863 5167 coronatur,
2876 5105 2996 5159 nisi
3008 5101 3269 5172 legitime
3279 5101 3606 5156 certaverit

1940 5196 2092 5253 quin
2109 5178 2294 5236 verba
2320 5178 2605 5253 leguntur
2632 5176 2853 5253 partim
2885 5174 3382 5253 apuduloannem
3402 5174 3599 5240 111,50,

1940 5246 2162 5324 partim
2183 5249 2350 5324 apud
2376 5246 2654 5310 Paulum:
2684 5248 2753 5324 il,
2780 5246 3019 5324 Τίιιιςιι,
3049 5250 3100 5308 5,
3203 5314 3216 5324 _
3475 5318 3485 5324 _
3539 5313 3575 5324 ﬂ

2010 5326 2123 5395 (22)
2156 5314 2240 5395 Ita
2260 5321 2484 5395 habent
2510 5319 2701 5395 nostri
2727 5314 2945 5395 omnes
2968 5322 3102 5395 tum
3128 5314 3602 5395 calamonotazti,

1940 5384 2069 5451 tum
2100 5384 2261 5466 typis
2286 5391 2573 5464 descripti
2600 5390 2762 5447 libri.
2797 5389 2977 5445 Paulo
3005 5386 3180 5444 aliter
3200 5386 3263 5443 in
3291 5384 3498 5442 Bibliis
3519 5387 3606 5458 ῖμ-

1937 5467 2306 5541 προσθένῌσου,
2328 5471 2473 5541 ante
2489 5471 2577 5541 _te.

2006 5540 2123 5608 (23)
2154 5527 2345 5593 Editio
2375 5535 2554 5608 Paris,
2598 5534 2956 5606 ἐγεννήθημεν.
2984 5529 3184 5589 Codex
3225 5527 3501 5587 Combei’.
3545 5533 3604 5585 et

1936 5607 2078 5682 Reg.
2110 5609 2342 5683 primus
2373 5607 2703 5681 ἐγενήθημεν.
