4112 6392
503 327 599 382 731

1863 314 1919 367 S.
1967 307 2215 367 BASILII
2252 307 2494 370 IAGNI.

3759 321 3872 376 732

499 449 675 517 Quod
731 443 966 503 Domini
1025 440 1318 500 mandata
1365 446 1424 498 et
1467 456 1675 498 coram
1707 441 1826 496 Deo
1859 441 1914 495 et
1943 448 2144 492 coram

2265 431 2384 488 *Οτι
2440 434 2524 489 δεῖ
2564 440 2656 502 τὰς
2705 438 2907 503 ἐντολὰς
2955 449 3045 496 τοῦ
3099 447 3294 518 Κυρίου
3343 445 3475 517 μετὰ
3515 440 3869 507 συνειδήσεως

569 535 923 595 hominibus
991 550 1130 590 cum
1201 531 1573 588 conscientia
1632 534 1690 586 et
1718 529 1882 586 bono
1957 524 2153 581 studio

571 624 944 701 perﬁcienda
985 626 1143 679 unt.
1187 621 1300 689 Qui
1336 621 1499 678 enim
1545 634 1670 678 non
1717 619 1802 676 sic
1827 617 1992 685 facit,
2014 629 2155 672 con-

572 719 898 777 damnatus
940 718 1047 770 est.

1143 803 1333 874 Caput
1400 803 1499 858 ΙΙΙ
1499 843 1511 856 .

580 900 680 956 Va:
708 896 892 964 vobis,
933 895 1143 951 scribat
1169 899 1224 951 et
1254 893 1556 950 Pharisaei
1602 891 1956 961 hypocriten,
2010 888 2154 959 quia

496 987 805 1046 mundatis
827 995 1139 1042 externam
1165 984 1371 1054 poculi
1386 983 1737 1053 patinaeque
1763 985 1999 1050 partem
2015 994 2037 1040 _:
2063 980 2155 1034 in.

501 1085 592 1137 tus
621 1083 819 1135 autem
837 1077 1024 1146 plena
1049 1080 1188 1130 sunt
1203 1075 1425 1144 rapina
1446 1079 1499 1128 et
1515 1072 1980 1140 intemperantia
1993 1069 2159 1124 Pha-

498 1170 670 1225 riszee
693 1181 861 1231 caece,
877 1165 1107 1221 munda
1124 1165 1298 1233 prius
1321 1165 1623 1219 internam
1643 1161 1910 1231 poculiet
1930 1159 2155 1228 patina?

490 1263 751 1328 partem,
773 1261 834 1310 ut
867 1259 923 1311 et
950 1254 1276 1311 exteriores
1288 1253 1684 1321 hujuspartes
1701 1265 1873 1320 pura:
1892 1248 2155 1304 evadant

498 1347 739 1420 (Matth.
789 1349 951 1411 χχιιι,
1005 1342 1257 1413 25,26)...
1321 1343 1435 1409 Qui
1483 1342 1692 1398 tribuit
1759 1341 1822 1398 in
1869 1337 2155 1408 simplici-

498 1442 620 1495 tate
639 1437 825 1506 (Rom.
853 1449 952 1490 xu.
977 1432 1342 1502 8)...0mnia
1387 1433 1575 1501 facite
1627 1431 1755 1486 sine
1810 1441 2156 1484 murmura-

498 1525 757 1584 tionibus
783 1529 837 1579 et
857 1521 1378 1592 disceptationibus
1399 1521 1692 1589 (Philipp.
1720 1533 1780 1584 ιι,
1811 1518 1963 1586 ll)...
1985 1517 2153 1572 Finis

2337 531 2427 580 καὶ
2486 523 2773 592 διαθέσεως
2828 529 3031 603 ἀγαθῆς
3071 537 3203 608 πρὸς
3247 551 3302 586 τε
3345 535 3476 586 Θεὸν
3540 538 3631 586 καὶ
3671 535 3871 609 ἀνθρὼ-

2335 634 2462 678 πονς
2511 626 2697 675 ποιεῖν.
2748 620 2805 678 Ὀ
2861 624 2960 695 γὰρ
3007 625 3078 695 μὴ
3134 622 3271 677 οὕτω
3330 631 3491 676 ποιῶν
3561 627 3869 699 κατακέκρι-

2334 725 2440 762 ται.

2905 800 3094 873 Κεφάλ.
3148 801 3220 858 Γ’.

2335 893 2694 946 ΜΑΤΘΔΙΟΣ.
2747 891 2883 945 Οὐαὶ
2927 893 3069 965 ὑμῖν,
3129 899 3473 966 γραμματεῖς,
3575 898 3665 948 καὶ
3712 901 3868 970 Φαριο

2267 986 2411 1034 σαῖσι
2499 981 2800 1054 ὑποκριταί,
2901 983 2982 1034 ὅτι
3045 983 3356 1056 καθαρίζετε
3409 985 3469 1036 τὸ
3523 983 3709 1046 ἔξωθεν
3772 993 3866 1038 τοῦ

2263 1072 2516 1144 ποτηρίον
2593 1075 2682 1123 καὶ
2757 1077 2855 1133 τῆς
2908 1067 3225 1146 παροψίδος,
3289 1073 3478 1125 ἔσωθεν
3546 1069 3607 1126 δε
3677 1077 3867 1148 γέμον-

2266 1177 2348 1210 σιν
2410 1157 2465 1221 ἐξ
2546 1159 2782 1232 ἁρπαγῆς
2866 1165 2956 1212 καὶ
3030 1158 3311 1232 ἀκρασίας.
3379 1168 3630 1236 Φαρισαῖε
3685 1163 3863 1236 τυφλὶ,

2263 1249 2552 1324 καθάρισον
2641 1253 2841 1324 πρῶτον
2941 1253 3001 1302 τὸ
3082 1249 3218 1310 ἐντὸς
3295 1257 3386 1303 τοῦ
3448 1256 3702 1326 ποτηρίου
3773 1257 3866 1304 καὶ

2262 1347 2356 1399 τῆς
2415 1335 2736 1414 παροψίδος,
2803 1336 2886 1392 ἶνα
2949 1342 3161 1411 γένηται
3224 1344 3313 1392 καὶ
3379 1343 3440 1392 τὸ
3503 1339 3640 1402 ἐκτὸς
3699 1342 3866 1395 αὐτοῦ

2264 1431 2379 1498 (24)
2431 1431 2679 1501 καθαρόν,
2740 1436 2909 1482 ΠΡΟΣ
2962 1436 3118 1484 vim.
3178 1428 3235 1481 τυ
3266 1426 3582 1502 μεταδιδοὺς
3623 1429 3672 1482 έν
3704 1430 3866 1484 ἁπλό-

2263 1537 2402 1577 τητι·
2463 1526 2632 1573 ΠΡΟΣ
2703 1525 2915 1574 “Alli.
2977 1521 3154 1572 Πάντα
3217 1527 3407 1573 ποιεῖτε
3447 1526 3619 1593 χωρὶς
3670 1541 3867 1594 γογγυ-

495 1580 696 1670 autem
729 1613 906 1684 250
924 1580 1212 1680 pracepti
1233 1616 1317 1666 est
1339 1580 1607 1666 Charitas
1628 1580 1702 1666 de
1727 1580 2071 1678 cor'lepuro
2097 1612 2144 1661 et

2265 1618 2408 1682 σμῶν
2456 1615 2546 1661 καὶ
2599 1607 2978 1682 διαλογισμῶν.
3037 1617 3200 1664 ΠΡΟΣ
3279 1580 3545 1666 ΤΙΒι1.ἀ’.⁵
3583 1580 3864 1664 116.66.66-

497 1702 856 1758 conscientia
886 1700 1039 1756 bona
1068 1701 1112 1767 (Ι
1174 1700 1298 1754 Tim
1339 1716 1379 1766 ι,
1438 1699 1560 1769 5)...
1611 1698 1854 1754 Habens
1892 1697 2069 1766 ﬁdem
2095 1703 2151 1753 et

497 1792 708 1848 bonam
767 1789 1214 1857 conscientiam,
1249 1804 1430 1859 quam
1469 1787 1711 1858 quidam
1773 1788 2149 1856 repellentes,

498 1876 893 1948 naufragium
924 1877 1203 1945 fecerunt
1233 1875 1397 1930 circa
1421 1874 1599 1943 ﬁdem
1632 1873 1796 1934 (ibid.
1833 1878 1938 1943 19).

497 2055 672 2125 Quod
695 2059 944 2128 propter
965 2070 1203 2128 aequam
1235 2052 1537 2110 minorum
1567 2051 2152 2110 administrationem

709 2169 780 2212 ex
811 2154 975 2225 justo
987 2153 1221 2225 judicio
1243 2151 1651 2212 retribuantur
1675 2150 1933 2222 majora.

1159 2331 1359 2401 Caput
1379 2332 1412 2386 1
1425 2331 1487 2386 V.

561 2424 750 2494 Euge,
779 2438 944 2481 serve
983 2422 1132 2480 bone
1159 2429 1212 2480 et
1236 2422 1453 2492 ﬁdelis,
1512 2436 1696 2491 super
1739 2435 1939 2490 pauca
1971 2420 2152 2490 fuisti

489 2513 705 2582 ﬁdelis,
729 2528 910 2582 super
930 2513 1125 2568 multa
1147 2518 1200 2568 te
1220 2513 1581 2568 constituam
1611 2528 1622 2565 :
1649 2512 1816 2566 intra
1876 2511 1938 2564 in
1994 2525 2146 2580 gau-

493 2602 658 2658 dium
703 2603 933 2657 domini
982 2603 1074 2656 tui
1107 2601 1344 2666 (Matth.
1398 2617 1533 2666 xxv,
1557 2604 1664 2661 23).
1693 2603 1758 2655 Et
1780 2600 1982 2673 paucis
2011 2603 2149 2672 post

490 2692 820 2763 interjectis
838 2707 860 2750 ,ο
881 2693 1058 2748 Omni
1080 2693 1235 2749 enim
1268 2691 1798 2760 habentidabitur,
1849 2697 1903 2747 et
1959 2691 2148 2747 abun~

492 2781 698 2839 dabit:
741 2781 818 2838 ab
871 2797 936 2838 eo
986 2795 1122 2838 vero
1168 2783 1274 2853 qui
1297 2797 1417 2838 non
1447 2781 1648 2847 habet,
1678 2786 1734 2838 et
1765 2780 1924 2852 quod
1946 2779 2144 2850 habet,

492 2872 812 2941 auferetur
835 2871 999 2928 (ibid.
1024 2875 1136 2927 29..
1167 2872 1267 2939 )Si
1295 2886 1437 2941 ergo
1453 2871 1516 2926 in
1547 2871 1756 2942 iniquo
1803 2885 2146 2928 mammona

489 2939 695 3030 ﬁdeles
762 2977 884 3017 non
941 2961 1146 3030 fuistis
1177 2939 1379 3033 :quod
1419 2976 1624 3018 verum
1647 2939 1756 3030 est,
1788 2964 1921 3033 quis
1946 2962 2146 3035 credet
2176 2939 2217 2993 ο

492 3053 797 3108 vobis?Et
841 3053 892 3108 si
927 3053 990 3108 in
1020 3054 1220 3110 alieno
1261 3052 1466 3120 ﬁdeles
1526 3068 1646 3108 non
1708 3053 1953 3116 fuistis:
1985 3053 2148 3125 quod

491 3147 755 3198 vestrum
783 3145 872 3198 est
898 3141 1032 3212 quis
1060 3141 1227 3198 dabit
1250 3140 1410 3198 vobis
1438 3141 1465 3197 τί
1492 3145 1661 3203 )Luc.
1683 3157 1777 3198 xw
1810 3145 1896 3207 ll,
1925 3142 2032 3214 l2.)

495 3319 668 3386 Quod
702 3319 939 3375 Domini
967 3318 1262 3376 mandata
1289 3334 1430 3376 cum
1460 3319 1807 3392 inexplebili
1850 3320 2150 3378 desiderio

563 3414 707 3464 sunt
745 3408 1118 3481 peragenda,
1169 3424 1408 3482 semper
1437 3409 1683 3468 ulterius
1707 3410 2072 3468 festinando.

1163 3589 1361 3660 Caput
1404 3591 1470 3648 V.

559 3679 738 3734 Beati
757 3679 866 3750 qui
890 3678 1161 3734 esuriunt
1191 3685 1246 3736 et
1294 3680 1504 3735 sitiunt
1543 3680 1846 3749 justitiam
1899 3681 2144 3741 (Matth.

489 3771 610 3837 ϐ)...
640 3768 910 3832 Fratres,
928 3783 1136 3838 egome
1162 3769 1432 3826 nondum
1460 3770 1730 3826 arbitror
1763 3771 2149 3840 comprehen-

487 3859 662 3915 disse.
703 3859 898 3914 Unum
910 3864 1281 3929 autem,quae
1293 3860 1534 3930 quidem
1558 3865 1720 3916 retro
1736 3867 1879 3916 sunt
1899 3861 2147 3917 oblivis-

487 3962 646 4014 cens,
675 3948 756 4004 ad
777 3962 846 4004 ea
874 3963 1011 4004 vero
1035 3963 1166 4019 qua
1192 3951 1407 4017 priora
1428 3955 1570 4006 sunt
1593 3950 1921 4007 extendens
1967 3952 2148 4020 meip.

485 4053 639 4104 sum,
653 4040 843 4106 juxta
871 4051 1113 4107 scopum
1129 4053 1462 4110 persequor
1487 4040 1569 4095 ad
1587 4040 2148 4110 braviumsupernze

488 4127 816 4183 vocationis
846 4127 909 4182 in
933 4127 1177 4183 Christo
1202 4129 1335 4185 Jesu
1365 4129 1662 4200 (Philipp.
1692 4145 1771 4201 ιη,
1811 4135 1894 4201 13,
1929 4134 2036 4200 14).

2261 1699 2342 1760 λος
2432 1708 2522 1760 τῆς
2609 1699 2964 1774 παραγγελίας
3051 1698 3188 1752 ἐστὶν
3265 1698 3440 1771 ἀγάπη
3512 1699 3566 1752 ἐκ
3633 1702 3865 1776 καθαρᾶς

2261 1786 2489 1865 καρδίας
2551 1793 2639 1842 καὶ
2705 1787 3058 1851 συνειδήσεως
3124 1787 3449 1860 ἀγαθῆς.....

2264 1898 2378 1934 στιν
2452 1884 2543 1932 καὶ
2614 1881 2814 1950 αγαθὴν
2895 1876 3222 1947 συνείδησιν,
3284 1883 3346 1940 ἣν
3406 1899 3536 1942 τινες
3584 1878 3864 1954 ἀπωσάμε-

2261 1988 2340 2022 νοι
2369 1975 2488 2043 περὶ
2515 1974 2608 2028 τὴν
2629 1971 2808 2024 πίστιν
2830 1968 3182 2042 έναυάγησαν.

2259 2058 2380 2112 Ὀτι
2429 2057 2530 2113 ἀπὸ
2579 2067 2672 2120 τῆς
2721 2064 2838 2134 περὶ
2883 2061 2952 2111 τὰ
2999 2057 3244 2112 ἰλάττονα
3267 2061 3668 2133 εὐγνωμοσύνης
3696 2063 3725 2119 ἡ
3780 2059 3868 2114 ἐπὶ

3528 1789 3705 1862 Ἐχων
3777 1797 3864 1844 πί-

2330 2155 2442 2211 τοῖς
2501 2149 2711 2222 μείζοσι
2765 2157 2858 2210 τῆς
2915 2146 3319 2213 ἁνταποδὸσεως
3377 2155 3556 2223 κρίσις
3613 2147 3866 2204 δικαιοῦ-

2331 2257 2439 2291 ται.

2905 2327 3099 2401 Κεφάλο
3150 2328 3216 2384 Δ’.

2329 2423 2688 2486 ΜΛΤΘΑΙΟΣ,
2772 2415 2861 2486 Εὖ,
2914 2415 3068 2472 δοῦλε
3145 2417 3261 2489 (25)
3320 2416 3483 2490 ὰγαθε
3533 2422 3624 2471 καὶ
3680 2421 3862 2489 πιστὶ,

2257 2508 2341 2562 ἄιε-ἱ
2408 2509 2560 2581 ὀλίγα
2623 2507 2687 2569 ἧς
2749 2511 2961 2575 πίστὸς,
3026 2507 3110 2560 ἐπί
3176 2507 3373 2560 πολλῶν
3424 2527 3483 2561 σε
3509 2514 3860 2566 καταστήσωο

2259 2598 2451 2653 εἴσελοε
2496 2599 2566 2659 εἰς
2618 2603 2713 2657 τὴν
2779 2600 2956 2673 χαρὰν
3008 2605 3100 2649 τοῦ
3144 2601 3328 2670 κυρίου
3407 2617 3522 2654 σου.
3586 2603 3687 2651 Καὶ
3746 2597 3858 2671 μετ’

2258 2688 2433 2761 ὀλίγαν
2520 2695 2604 2758 Τῷ
2682 2689 2784 2763 γὰρ
2853 2690 3032 2760 ἔχοντι
3083 2692 3237 2741 παντὶ
3291 2685 3598 2755 δοθήσεται,
3644 2693 3731 2740 καὶ
3772 2707 3862 2741 πε-

2256 2779 2687 2852 ρισσενθήσεται·

2258 2871 2390 2940 ἔχει,
2443 2866 2732 2943 ἀρθήσεται
2775 2866 2865 2919 ἀπ’
2918 2867 3100 2920 αὐτοῦ.
3161 2873 3446 2922 ΛΟΥΚΛΣ.
3521 2868 3579 2920 Εἰ
3657 2863 3742 2920 οὖν
3805 2867 3856 2919 ἐν

2256 2966 2327 3028 τῷ
2389 2953 2560 3028 ἀδίκῳ
2611 2961 2875 3030 μαμμωνᾲ
2915 2960 3098 3008 πιστοὶ
3141 2955 3235 3008 οὐκ
3306 2954 3556 3028 ἐγένεσθε,
3619 2959 3680 3008 τὸ
3735 2955 3859 3014 ἁλη-

2772 2775 2873 2830 ἆπὸ
2961 2774 3020 2830 δὲ
3096 2785 3185 2831 τοῦ
3253 2781 3323 2850 μὴ
3388 2779 3616 2849 ἔχοντος,
3674 2782 3764 2830 καὶ
3832 2778 3860 2830 ὃ

2259 3049 2396 3100 θινὸν
2461 3051 2540 3108 τὶς
2603 3048 2723 3120 ὑμῖν
2783 3049 3074 3113 πιστεύσει,
3146 3051 3247 3100 Καὶ
3304 3045 3346 3099 εἰ
3407 3045 3456 3098 ἐν
3489 3053 3562 3116 τῷ
3608 3045 3859 3120 άλλοτρίῳ

2258 3142 2443 3190 πιστοὶ
2517 3139 2612 3195 οὐκ
2678 3135 2926 3210 ἐγένεσθε,
2989 3139 3048 3189 τὸ
3106 3137 3346 3212 ὑμέτερον
3410 3141 3486 3198 τίς
3549 3136 3672 3209 ὑμῖν
3757 3132 3860 3189 δώ-

2261 3245 2340 3280 σει
2363 3244 2378 3294 ;

2256 3316 2377 3370 Ὀτι
2422 3312 2506 3369 δεῖ
2555 3316 2650 3377 τὰς
2707 3315 2914 3378 έντολὰς
2962 3322 3056 3369 τοῦ
3115 3321 3308 3389 Κυριου
3390 3317 3517 3389 μετὰ
3575 3313 3862 3389 ἕπεθυμίας

2329 3407 2616 3482 ἀκορέστου
2681 3414 2868 3474 ποιεῖν,
2966 3405 3044 3460 ἀεὶ
3117 3409 3244 3482 πρὸς
3285 3409 3344 3459 τὸ
3395 3406 3545 3459 πλέον
3586 3405 3854 3481 ἐπειγόμε-

2327 3516 2431 3553 νον.

2902 3586 3090 3660 Κεφάλ·
3140 3586 3210 3641 Ε’.

2327 3683 2692 3733 ΜΑΤΘΑΙΟΣ.
2740 3680 3007 3752 Μακάριοι
3061 3679 3111 3730 οἱ
3167 3684 3432 3737 πεινῶντες
3489 3679 3580 3729 κει)⁵
3661 3672 3860 3747 διψῶν-

2256 3788 2335 3830 τες
2388 3774 2483 3827 τὴν
2542 3766 2904 3826 δικαιοσύνην.
2970 3774 3140 3820 ΠΡΟΣ
3205 3773 3422 3822 “Mill.
3495 3766 3648 3838 Ἐγὼ,
3708 3762 3858 3818 ἀδελ-

2257 3866 2364 3934 φοὶ,
2448 3858 2669 3924 έμαυτόν
2744 3860 2888 3912 οὔπω
2961 3858 3242 3930 λογίζομαι
3321 3856 3684 3929 κατειληφέναι
3771 3855 3858 3910 Ἐν

2259 3947 2338 4016 δε,
2436 3957 2535 4001 τῶν
2612 3950 2701 4022 μεν
2763 3947 2975 4000 ὄπισθεν
3042 3948 3156 4016 (26)
3219 3945 3690 4019 ἐπιλανθανόμενος,
3755 3952 3861 4005 τοῖς

2259 4035 2318 4092 δί
2388 4041 2678 4114 ἔμπροσθεν
2743 4035 3174 4110 ἐπεκτεινόμενος,
3248 4038 3386 4088 κατὰ
3463 4039 3659 4088 σκοπὸν
3729 4032 3863 4088 διώ-

2255 4149 2330 4181 κω
2382 4127 2465 4181 ἐπὶ
2529 4131 2587 4181 τὸ
2633 4126 2877 4201 βραϐεῖον
2933 4134 3031 4189 τῆς
3081 4127 3186 4178 ἄνω
3247 4124 3485 4189 κλήσεως
3535 4124 3585 4178 ἐν
3636 4133 3862 4201 Χριστῷ

2258 4218 2457 4277 Ἰησοῦ.

487 4303 658 4366 Quod
710 4303 1002 4362 mandata
1040 4304 1140 4362 Dei
1183 4304 1267 4362 ita
1305 4305 1433 4361 fieri
1477 4305 1720 4372 debent,
1754 4310 1820 4362 ut
1843 4312 2142 4380 quantum

2257 4317 2390 4362 Ὀτιο
2449 4306 2534 4362 δεῖ
2574 4311 2666 4370 τὰς
2725 4306 2927 4368 ἓντολὰς
2984 4315 3075 4360 τοῦ
3125 4315 3260 4364 Θεοῦ
3316 4307 3452 4362 οὕτω
3477 4313 3664 4375 ποιεῖν,
3697 4307 3860 4372 ὥστε,

555 4393 616 4448 in
659 4393 915 4450 faciente
973 4394 1156 4451 situm
1200 4400 1310 4464 est,
1357 4410 1570 4452 omnes
1607 4395 2055 4468 illuminentur,
2088 4403 2145 4456 et

554 4482 746 4556 gloria
766 4482 1064 4541 afﬁciatur
1079 4487 1255 4540 Deus.

1152 4577 1348 4646 Caput
1387 4577 1474 4632 Vl.

566 4666 674 4721 Vos
698 4667 836 4723 estis
859 4668 964 4722 lus:
982 4667 1211 4722 mundi.
1246 4668 1380 4722 Non
1408 4673 1602 4737 potest
1623 4669 1834 4725 civitas
1855 4669 2146 4726 abscondi

478 4769 662 4824 supra
683 4763 938 4812 montem
975 4760 1170 4826 posita
1197 4775 1208 4812 :
1243 4773 1432 4829 neque
1450 4759 1785 4815 accendunt
1809 4761 2136 4824 lucernam,

480 4850 534 4900 et
571 4852 806 4914 ponunt
833 4847 938 4901 sub
959 4847 1175 4913 modio,
1206 4848 1310 4902 sed
1349 4863 1530 4916 super
1570 4849 2034 4919 candelabrum,
2086 4857 2142 4907 et

483 4936 640 4992 lucet
661 4937 932 4992 omnibus
964 4938 1065 5007 qui
1093 4938 1156 4991 in
1188 4937 1360 4993 domo
1380 4944 1540 4994 sunt.
1574 4939 1676 4996 Sic
1695 4939 1892 4998 luceat
1917 4941 2028 4997 lux
2051 4957 2120 4999 ve

477 5030 823 5083 stracoram
835 5026 1260 5093 hominibus,ut
1277 5028 1518 5086 videant
1539 5045 1724 5098 opera
1747 5038 1944 5088 vestra
1965 5031 2140 5118 bona,

480 5122 534 5171 et
593 5117 934 5186 gloriﬁcent
989 5117 1235 5173 Patrem
1293 5125 1553 5175 vestrum
1605 5121 1712 5192 qui
1767 5124 1828 5177 in
1860 5122 2026 5178 cwlis
2059 5117 2145 5178 est

473 5205 724 5278 (Matth.
780 5221 838 5262 ν.
894 5205 1201 5274 14-16).....
1273 5207 1457 5264 Nemo
1542 5217 1739 5267 autem
1803 5212 2140 5269 accendens

552 5384 820 5459 (24)_Hoc
846 5385 979 5442 loco
1010 5389 1266 5459 utraque
1292 5388 1493 5446 editio.
1526 5391 1708 5446 αὐτοῦ.
1743 5393 1813 5446 At
1834 5393 2028 5447 textus
2051 5408 2144 5448 sa-

479 5471 578 5511 cer
603 5456 856 5530 vulgatis
889 5459 1078 5527 αὐτῶν,
1113 5456 1336 5530 [uirum
1348 5468 1550 5530 partes
1582 5464 1923 5519 exteriores.

551 5530 667 5598 (25)
703 5528 892 5603 Editio
923 5528 1277 5603 Rarissﬁyi,
1313 5528 1485 5588 eis)...
1525 5533 1725 5590 Codex
1775 5533 2043 5592 Combef.
2085 5541 2142 5592 et

479 5603 621 5667 Reg.
649 5601 883 5672 primus
916 5599 989 5667 εὖ,
1023 5599 1195 5658 δοῦλε.

547 5673 657 5745 (26)
686 5675 942 5746 Utraque
973 5673 1154 5732 editio
1183 5683 1282 5728 τῶν
1314 5677 1403 5748 μεν
1437 5678 1667 5735 ὄπισθεν.
1716 5678 1961 5756 Antiqui
2008 5679 2133 5736 duo

2323 4401 2443 4453 ὅσον
2496 4400 2612 4469 (2‘7)
2666 4397 2752 4451 ἐπὶ
2808 4406 2881 4469 τῷ
2935 4406 3191 4470 ποιοῦντι,
3228 4398 3552 4471 φωτίζεσθαι
3577 4401 3699 4460 τοὺς
3726 4400 3864 4451 πάνυ

2321 4509 2434 4555 τας,
2459 4495 2548 4546 καὶ
2579 4491 2664 4542 τὸν
2691 4491 2820 4541 Θεὸν
2851 4485 3186 4558 δοξάλεσθαι,

2894 4579 3082 4652 Κεφάλ.
3151 4578 3218 4638 ς’.

2322 4674 2682 4723 ΜΑΤΘΑΙΟΣ.
2741 4667 2918 4741 Ὑμεῖς
2977 4669 3089 4722 έστε
3143 4673 3202 4722 τὸ
3269 4677 3370 4742 φῶς
3451 4677 3544 4723 τοῦ
3625 4673 3854 4743 κόσμου.

2252 4758 2327 4810 Οὐ
2388 4754 2610 4810 δύναται
2657 4756 2828 4818 πόλις.
2880 4757 3136 4830 κρυϐῆναι
3209 4757 3376 4811 ἐπάνω
3447 4763 3599 4832 ὅρους
3692 4764 3863 4831 κειμέ-

2249 4869 2333 4906 νη·
2404 4844 2528 4900 οὐδε
2591 4852 2805 4900 καίουσι
2861 4848 3074 4920 λύχνον,
3148 4854 3238 4900 καὶ
3318 4849 3554 4900 τιθέασιν
3607 4849 3705 4901 ὑπὸ
3771 4853 3862 4901 τὸν

2251 4936 2458 5014 μόδιον,
2529 4937 2637 4990 ἀλλ’
2698 4937 2781 4991 ἐπὶ
2849 4943 2943 4996 τὴν
3009 4938 3251 5012 λυχνίαν,
3322 4943 3412 4991 καὶ
3475 4938 3669 5016 λάμπει
3725 4946 3864 4994 πᾶσι

2252 5036 2362 5092 τοῖς
2421 5028 2470 5081 ἐν
2529 5037 2589 5102 τῇ
2643 5028 2804 5101 οἰκίᾳ.
2870 5029 3021 5080 Οὕτω
3108 5027 3367 5102 λαμψάτω
3446 5031 3505 5082 τὸ
3564 5037 3668 5103 φῶς
3722 5031 3864 5102 ὑμῶν

2254 5121 2542 5194 ἔμπροσθεν
2619 5127 2720 5174 τῶν
2805 5117 3109 5191 ἀνθρώπων,
3196 5120 3336 5179 ὅπως
3400 5115 3561 5173 ἴδωσι
3611 5122 3681 5174 τὰ
3732 5119 3869 5174 καλὰ

2254 5211 2378 5283 ἔργα
2442 5211 2604 5282 ὑμῶν,
2673 5213 2762 5260 καὶ
2838 5203 3112 5269 δοξάσωσι
3174 5211 3261 5260 τὸν
3315 5211 3520 5281 Πατέρα
3572 5210 3713 5281 ὑμῶν
3773 5211 3865 5258 τόν

2253 5391 2389 5448 libri
2411 5398 2510 5444 τῶν
2541 5391 2630 5462 μιν
2659 5388 2848 5442 ὀπίσω·
2884 5391 3002 5462 Nec
3030 5387 3112 5462 ita
3141 5387 3332 5462 multo
3372 5391 3508 5459 post
3531 5385 3712 5444 editio
3751 5387 3871 5462 Pa-

2252 5465 2352 5521 ris.
2385 5457 2617 5520 κλήσεως
2642 5469 2733 5513 τοῦ
2768 5468 2899 5514 Θεοῦ
2930 5460 2997 5516 ἐν.
3029 5457 3202 5528 lllud,
3236 5468 3326 5512 τοῦ
3360 5457 3508 5524 Θεοῦ,
3554 5475 3752 5530 neque
3808 5459 3875 5515 in

2253 5535 2513 5616 editione
2542 5538 2683 5591 Ven.
2719 5548 2916 5607 neque
2936 5531 2997 5590 in
3017 5529 3238 5590 nostris
3269 5530 3568 5588 veteribus
3588 5529 3760 5587 libris
3782 5531 3874 5590 in-

2254 5612 2512 5668 venitur.

2259 5722 2283 5741 .
2317 5680 2432 5754 (27)
2466 5681 2608 5751 Reg.
2640 5677 2875 5756 primus
2911 5682 3075 5738 ποιεῖν
3107 5678 3176 5739 ὡς
3213 5679 3269 5734 τὸ
3301 5677 3443 5741 ὅσον,
