4112 6376
317 323 427 377 733

1839 317 2178 378 MORALIA.

3590 342 3698 398 734

319 444 367 498 ἐν
396 452 506 508 τοῖς
529 444 784 520 οὐρανοῖς.
819 450 1110 503 ΛΟΥΚΑΣ.
1161 443 1350 508 Οὐδεὶς
1390 443 1470 512 δε,
1517 444 1711 518 λύχνον
1761 441 1922 514 ἅψας,

2043 447 2572 524 lucernam,operit
2597 473 2725 515 eam
2751 467 3021 529 vase,aut
3045 463 3250 521 subter
3271 467 3486 524 lectum
3498 467 3694 537 ponit,

319 539 534 611 κρύπτει
564 536 716 592 αὐτὸν
742 537 929 601 σκεύει,
964 536 992 598 ἦ
1029 538 1273 592 ύποκάτω
1320 535 1497 602 κλίνης
1551 536 1782 599 τίθησιν,
1817 531 1924 585 ἀλλ’

320 625 404 684 ἀπὶ
441 625 664 696 λυχνίας
693 623 988 682 ἄπιτίθησιν
1019 627 1151 696 (28),
1183 628 1265 679 ἵνα
1294 628 1342 680 οἱ
1373 625 1790 698 εἰσπορεύομενοι
1812 620 1926 695 βλέ-

318 734 460 770 πωσι
497 718 556 771 τὸ
587 723 707 789 φῶς.
739 722 907 770 ΠΡΟΣ
938 719 1150 773 ΦΙΛΙΠ.
1198 714 1308 771 Ἵνα
1339 713 1426 774 ἧτε
1473 714 1777 788 εἰλικρινεῖς,
1833 715 1924 767 καὶ

320 802 649 878 ἀπρόσκοποι
680 804 752 868 εἰς
781 806 976 877 ἡμέραν
1007 810 1262 877 Χρίστοῦ,
1295 804 1686 881 πεπληρωμένοι
1716 808 1926 875 καρπῶν

318 889 684 961 δικαιοσύνης,
711 891 804 950 διά
829 894 1005 952 Ἰησοῦ
1041 901 1271 969 Χριστοῦ
1321 895 1390 960 εἰς
1441 891 1600 960 δόξαν
1647 897 1736 948 καὶ
1786 895 1926 950 ἔπαι-

315 1004 397 1036 νον
433 992 589 1041 Θεοῦ,

975 1081 1140 1127 ΟΡΟΣ
1182 1073 1266 1127 ΙΘ’

317 1162 436 1217 Ὀτι
465 1164 522 1218 ού
556 1159 636 1218 δεῖ
675 1160 976 1236 ἆμποδίζειν
998 1173 1070 1236 τῷ
1101 1170 1335 1221 ποιοῦντι
1386 1164 1583 1238 θέλημα
1632 1170 1787 1233 Θεοῦ,
1831 1166 1928 1217 εἶτε

387 1253 500 1306 κατ’
521 1251 725 1311 ἐντολὴν
755 1261 910 1322 Θεοῦ,
940 1258 1040 1310 εἶτε
1061 1274 1196 1308 κατα
1237 1254 1386 1328 λόγον
1436 1253 1820 1308 ἀκολουθοῦντα
1862 1250 1922 1325 τῇ

386 1339 596 1416 ἐντολῇι·
622 1345 740 1399 οὔτε
770 1348 872 1416 μὴν
903 1353 1154 1398 ποιοῦντα
1175 1343 1460 1416 ἀνέχεσθαι
1490 1353 1590 1397 τῶν
1621 1342 1921 1399 κωλυόντων

383 1430 480 1485 κᾶν
519 1436 732 1508 γνήσιοι
771 1434 918 1502 ὦσιν,
946 1433 1052 1487 ἀλλ’
1085 1433 1338 1511 ἐπιμένειν
1368 1442 1430 1509 τῇ
1463 1438 1656 1510 κρίσει.

976 1613 1166 1686 Ksed}.
1217 1612 1268 1666 A'

391 1706 767 1758 ΜΑΤΘΑῙΟΣ.
835 1705 959 1756 Τότε
996 1708 1368 1776 παραγίνεται
1408 1705 1434 1756 ό
1488 1704 1693 1765 Ἰησοῦς
1734 1701 1834 1756 ἀπὸ
1858 1699 1920 1762 τῆ

313 1789 595 1853 Γαλιλαίας
625 1789 710 1844 ἐπὶ
751 1794 839 1844 τὸν
876 1789 1144 1867 Ἰορδάνην
1193 1796 1323 1866 πρὸς
1378 1795 1465 1847 τὸν
1514 1793 1773 1860 Ἰωάννην,

313 1878 683 1953 βαπτισθῆναι
715 1881 800 1934 ὑπ’
829 1882 1010 1936 αὐτοῦ.
1043 1881 1102 1933 Ὀ
1133 1879 1192 1934 δε
1237 1883 1473 1946 Ἰωάννης
1505 1880 1777 1936 διεκώλυεν
1825 1880 1923 1934 αύ-

312 1973 419 2040 τὸν,
454 1969 611 2043 λέγων
643 1992 656 2004 -
708 1970 837 2044 Ἐγὼ
866 1977 1052 2048 χρείαν
1083 1975 1192 2046 ἔχω
1223 1975 1322 2025 ὑπὸ
1383 1980 1478 2028 σοῦ
1537 1969 1920 2045 βαπτισθῆναι,

307 2064 400 2114 καὶ
431 2063 496 2112 σὺ
526 2063 662 2135 ἔρχῃ
709 2064 837 2135 πρὸς
858 2065 956 2136 μέ;
1011 2061 1338 2135 ’Δποκριθεὶς
1387 2059 1446 2116 δὲ
1495 2063 1521 2114 ό
1552 2061 1770 2126 Ἰησοῦς,
1815 2057 1924 2122 εἷπε

307 2153 438 2226 πρὸς
467 2149 626 2204 αὐτόν
649 2171 662 2189 ο
714 2149 869 2225 ’Ἄφες
901 2152 1018 2227 ἄρτι
1052 2172 1065 2188 ο
1125 2153 1260 2206 οὕτω
1289 2155 1391 2227 γὰρ
1419 2145 1612 2229 πρέπον
1638 2155 1764 2228 ἡμῖν
1809 2150 1922 2206 ἐστι

306 2239 587 2314 πληρῶσαι
617 2247 792 2296 πᾶσαν
819 2238 1163 2300 δικαιοσύνην
1193 2245 1327 2314 (29),
1361 2249 1451 2299 καὶ
1489 2245 1554 2298 τὰ
1584 2244 1763 2308 ἑξῆς...
1793 2242 1920 2296 ’Λπό

309 2335 426 2385 τότε
455 2330 652 2406 ἤρξατο
683 2330 709 2383 ό
743 2330 944 2396 Ἰησοῦς
988 2329 1240 2386 δεικνύειν
1271 2339 1382 2394 τοῖς
1432 2335 1692 2406 μαθηταῖς
1738 2324 1918 2403 αὐτοῦ,

310 2422 392 2474 ὅτι
431 2416 512 2474 δεῖ
552 2421 708 2473 αὐτὸν
740 2419 975 2477 ἀπελθεῖν
1009 2423 1074 2483 εἰς
1104 2422 1456 2496 Ἱεροσόλυμα,
1504 2429 1593 2476 καὶ
1622 2422 1787 2476 πολλὰ
1819 2442 1920 2476 πα-

317 2511 417 2565 θεῖν
448 2512 548 2564 ὑπὸ
580 2513 689 2583 (30)
739 2520 839 2565 τῶν
897 2511 1281 2586 πρεσϐυτέρων,
1330 2519 1420 2566 καὶ
1477 2512 1783 2588 ἀρχιερέων,
1833 2518 1922 2566 καὶ

308 2605 654 2676 γραμματίων
680 2621 692 2634 -
749 2605 838 2656 καὶ
869 2599 1278 2671 ἀποκτανθῆναι,
1318 2608 1495 2676 καὶτῇ
1547 2608 1698 2677 τρίτῃ
1755 2606 1924 2678 ἡμέρᾳ

307 2688 601 2769 ἐγερθῆναι.
638 2696 738 2744 Καὶ
770 2691 1189 2768 προσλαϐόμενος
1219 2693 1376 2746 αὐτὸν
1409 2695 1433 2746 ό
1477 2699 1691 2768 Πέτρος,
1727 2694 1923 2767 ἤρξατο

308 2777 554 2856 ἐπιτιμᾷν
585 2780 726 2855 αὐτῷ
756 2780 914 2853 λέγων
940 2802 952 2818 ·
997 2780 1168 2844 Ἵλεώς
1199 2802 1303 2851 σοι,
1337 2786 1494 2857 Κύριε
1516 2805 1530 2818 ο
1583 2783 1642 2837 ού
1672 2789 1744 2858 μὴ
1779 2787 1925 2837 ἔσται

309 2888 395 2925 σοι
439 2879 613 2926 τοῦτο.
662 2870 720 2922 Ὀ
761 2867 838 2939 δε,
894 2878 1160 2946 στραφεὶς,
1195 2871 1304 2927 εἷπε
1341 2882 1413 2946 τῷ
1460 2878 1638 2949 Πέτρῳ
1665 2895 1677 2910 ·
1728 2873 1926 2946 Ὕπαγε

317 2958 489 3013 ὀπίσω
525 2980 646 3033 μου,
681 2967 879 3016 Σατανᾶ
901 2982 914 2998 ο
962 2958 1254 3015 σκάνδαλον
1281 2982 1381 3036 μου
1409 2960 1472 3029 εἶ,
1503 2966 1584 3016 ὅτι
1622 2964 1680 3016 ού
1731 2970 1925 3038 φρονεῖς

308 3051 376 3106 τὰ
400 3057 488 3104 τού
520 3055 665 3119 Θεοῦ,
709 3050 838 3104 ἀλλά
886 3053 952 3106 τὰ
995 3059 1094 3105 τῶν
1139 3050 1440 3127 ἀνθρώπων.
1484 3058 1772 3108 ΜΑΡΚΟΣ.
1825 3057 1924 3106 Καὶ

307 3143 624 3216 προσέφερον
655 3141 794 3214 αὐτῷ
813 3138 1029 3205 παιδία,
1059 3143 1144 3194 ἵνα
1169 3142 1337 3196 αὐτῶν
1369 3143 1590 3216 ἅψηται.
1641 3146 1706 3196 Οἱ
1737 3141 1795 3198 δὲ
1817 3163 1924 3217 μα-

312 3231 487 3296 θηταὶ,
524 3229 770 3305 ἐπετιμων
799 3239 907 3295 τοῖς
934 3236 1340 3307 προσφέρουσιν.
1377 3230 1526 3288 Ἰδὼν
1561 3232 1621 3288 δὲ
1651 3237 1676 3286 ό
1696 3235 1922 3303 Ἰησοῦς,

312 3320 584 3392 ἠγανακτη
596 3339 673 3387 σε,
706 3326 795 3372 καὶ
824 3318 956 3375 εἶπεν
987 3321 1166 3385 αὐτοῖς
1190 3343 1202 3356 ·
1228 3322 1412 3397 ’Ἄφετε
1433 3327 1499 3377 τὰ
1523 3321 1716 3378 παιδία
1741 3328 1924 3398 ἔρχεθ’⁸

312 3411 408 3462 θαι
435 3413 568 3482 πρὸς
597 3412 680 3482 με,
709 3415 799 3462 καὶ
828 3415 900 3483 μὴ
934 3410 1151 3463 κωλύετε
1181 3412 1315 3464 αὐτά
1341 3433 1353 3448 ·
1398 3423 1498 3466 τῶν
1547 3418 1647 3490 γὰρ
1680 3419 1926 3468 τοιούτων

313 3497 458 3550 ἐστὶν
489 3501 517 3557 ἡ
545 3497 792 3572 βασιλεία
820 3508 919 3552 τῶν
945 3500 1199 3576 οὐρανῶν.
1238 3505 1530 3556 ΠΡΑΞΕΙΣ.
1559 3505 1926 3577 Ἐπιμενόντων

318 3594 377 3651 δὲ
399 3601 598 3671 ἡμέρας
619 3600 732 3670 (31)
771 3599 998 3665 πλείους,
1028 3599 1254 3658 κατῆλθέ
1274 3620 1355 3663 τις
1385 3599 1484 3653 ἀπὸ
1516 3610 1606 3662 τῆς
1665 3598 1928 3663 Ἰουδαίας

307 3695 583 3765 προφήτης
615 3689 836 3762 ὀνόματι
873 3688 1125 3762 ’Ἄγαϐος⁶
1180 3695 1280 3743 Καὶ
1309 3689 1465 3745 ἐλθὼν
1495 3696 1620 3770 πρὸς
1651 3695 1804 3764 ἡμᾶς,
1839 3695 1927 3744 καὶ

309 3781 444 3856 ἄρας
483 3782 578 3838 τὴν
607 3781 777 3840 ζώνην
809 3780 1039 3846 Παύλου,
1073 3785 1162 3832 καὶ
1195 3777 1364 3842 δήσας
1395 3781 1578 3834 ἑαυτοῦ
1609 3787 1728 3844 τοὺς
1756 3779 1928 3847 πόδας

307 3873 396 3921 καὶ
425 3871 514 3930 re;
545 3877 757 3943 χεῖρας,
788 3864 895 3922 εἷπε
924 3889 937 3903 ·
988 3865 1130 3923 Τάδε
1158 3869 1294 3942 λέγει
1323 3875 1382 3924 τό
1417 3878 1624 3945 Πνεῦμα
1653 3875 1710 3923 τὸ
1738 3871 1885 3943 άγιον
1909 3893 1922 3905 ·

306 3961 402 4012 Τόν
434 3955 626 4031 ἄνδρα,
659 3959 719 4011 οὗ
746 3957 888 4012 ἐστιν
917 3962 945 4018 ἡ
993 3960 1128 4022 ζώνη
1173 3961 1327 4026 αῦτη,
1381 3961 1515 4014 οὕτω
1569 3957 1830 4019 δήσουσιν
1879 3959 1926 4014 ἐν

310 4048 661 4123 Ἰερουσαλὴμ
691 4052 739 4102 οἱ
769 4046 1040 4118 Ἰουδαῖοι,
1073 4055 1164 4105 καὶ
1197 4048 1609 4128 παραδώσουσιν
1641 4052 1709 4115 εἰς
1739 4061 1926 4126 χεῖρας

316 4136 495 4194 ἐθνῶν.
529 4138 618 4201 Ὠς
642 4134 699 4192 δὲ
730 4139 1026 4214 ἠκούσαμεν
1057 4148 1243 4208 ταῦτα,
1284 4141 1669 4215 παρεκαλοῦμεν
1696 4144 1842 4214 ἡμεῖς
1874 4155 1926 4194 τε

305 4232 394 4280 καὶ
439 4231 489 4282 οἰ
536 4227 778 4297 ἐντόπιοι,
827 4235 918 4281 τοῦ
962 4234 1032 4302 μὴ
1084 4228 1374 4283 ἀναϐαίνειν
1436 4232 1506 4293 εἰς
1556 4231 1920 4305 Ἰερουσαλήμ,

309 4317 590 4395 Ἀπεκρίθη
627 4316 685 4372 δὲ
716 4321 740 4371 ό
772 4318 972 4384 Παῦλος
999 4340 1010 4353 ⁸
1043 4325 1107 4373 Τί
1137 4329 1330 4373 ποιεῖτε
1353 4321 1640 4387 κλαίοντες,
1672 4328 1760 4374 καὶ
1795 4343 1922 4374 συν-

311 4410 621 4483 θρύπτοντοές
645 4429 744 4482 μου
777 4413 870 4468 τὴν
901 4405 1130 4482 καρδίαν
1165 4427 1178 4477 ;
1216 4411 1346 4482 Ἰίγὼ
1373 4413 1474 4486 γὰρ
1502 4412 1560 4464 ού
1587 4416 1740 4484 μόνον
1770 4408 1924 4470 δεθῆ-

2037 540 2140 594 sed
2159 556 2334 613 super
2357 547 2892 618 candelabrum,ut
2912 553 3212 610 intrantes
3230 556 3471 612 videant
3494 558 3696 613 lumen

2037 629 2204 700 (Luc.
2229 648 2348 700 vm,
2387 638 2542 704 16)...
2594 638 2663 694 Ut
2705 640 2836 695 sitis
2867 642 3108 708 sinceri,
3149 649 3203 700 et
3223 645 3352 702 sine
3377 646 3605 714 offensa
3634 647 3696 701 in

2039 720 2193 778 diem
2213 722 2683 798 Christi,repleti
2696 730 3002 799 fructibus
3031 731 3304 804 justitia,
3339 749 3450 804 per
3495 735 3696 792 Jesum

2043 811 2349 872 Christum
2372 816 2435 872 in
2454 818 2716 890 gloriam
2737 825 2793 878 et
2811 820 3051 880 laudem
3074 823 3183 880 Dei
3203 822 3498 894 (Philipp.
3523 842 3560 894 ι,
3583 826 3697 887 10).

2643 1111 2924 1166 REGULA
2963 1114 3094 1169 XIX.

2041 1197 2213 1266 Quod
2244 1196 2292 1252 is
2311 1197 2593 1272 impediri
2619 1214 2743 1254 non
2769 1199 2948 1256 debet
2971 1202 3076 1275 qui
3105 1203 3202 1259 Dei
3221 1203 3593 1262 volontatem
3614 1205 3698 1262 fa-

2111 1287 2225 1343 cit:
2272 1287 2396 1342 sive
2435 1304 2507 1343 ex
2536 1289 2633 1344 Dei
2656 1295 2982 1362 praecepto,
3018 1291 3144 1348 sive
3170 1308 3243 1349 ex
3267 1295 3499 1350 ratione
3522 1310 3697 1350 men-

2110 1377 2252 1433 dato
2283 1382 2522 1450 pareat:
2548 1395 2745 1451 neque
2771 1378 2998 1436 faciens
3030 1381 3208 1440 debet
3229 1399 3469 1440 morem
3493 1399 3696 1454 gerere

2107 1466 2743 1540 impedientibus,iicet
2769 1470 2887 1526 sint
2907 1473 3346 1533 necessitudine
3370 1473 3695 1547 conjuncti,

2109 1561 2216 1612 sed
2244 1557 2305 1614 in
2337 1573 2447 1616 sua
2471 1559 2764 1615 sententia
2787 1574 3200 1632 perseverare.

2724 1651 2925 1720 Caput
2964 1652 3014 1707 Ι.

2116 1735 2280 1792 Tunc
2302 1737 2461 1793 venit
2479 1738 2650 1793 Jesus
2665 1753 2700 1795 a
2725 1741 2978 1797 Galilma
2990 1742 3052 1797 in
3069 1741 3395 1798 Jordanem
3411 1742 3492 1798 ad
3510 1743 3696 1799 Joan-

1831 1810 1923 1903 ῖξν
1954 1805 1995 1863 Β
2035 1831 2262 1893 nem,ut
2287 1825 2784 1898 baptizareturab
2807 1845 2889 1887 eo.
2921 1833 3180 1888 Joannes
3203 1839 3400 1888 autem
3421 1833 3697 1903 prohibe-

2037 1913 2136 1969 bat
2179 1929 2332 1982 eum,
2369 1917 2600 1973 dicens:
2645 1919 2772 1988 Ego
2817 1935 2961 1990 opus
3002 1921 3209 1988 habeo,
3235 1928 3302 1976 ut
3350 1922 3520 1994 251
3564 1935 3600 1977 a
3641 1927 3697 1977 te

2037 2005 2324 2074 baptizer,
2339 2011 2391 2061 et
2415 2013 2480 2062 tu
2504 2009 2665 2063 venis
2685 2008 2766 2064 ad
2778 2010 2905 2066 me?
2917 2011 3295 2080 Respondens
3313 2017 3508 2067 autem
3522 2011 3693 2066 Jesus

2035 2095 2190 2150 dixit
2226 2096 2314 2154 ei:
2362 2098 2506 2153 Sine
2543 2098 2748 2154 modo:
2800 2101 2885 2155 sic
2927 2102 3079 2156 enim
3113 2101 3277 2157 decet
3308 2115 3414 2157 nos
3446 2099 3698 2171 implere

2033 2200 2264 2240 omnem
2313 2188 2625 2257 justitiam
2702 2188 2948 2260 (Matth.
3004 2207 3089 2258 ιιι,
3152 2191 3363 2262 13-15),
3427 2195 3688 2249 etc.....

2031 2275 2272 2332 Exinde
2293 2278 2467 2347 ccepit
2493 2279 2664 2334 Jesus
2685 2279 2993 2337 ostendere
3020 2281 3332 2351 discipulis
3363 2281 3505 2350 suis,
3537 2279 3699 2352 quod

2031 2370 2257 2434 oportet
2284 2381 2413 2422 eum
2439 2369 2530 2423 ire
2546 2369 3069 2439 .lerosolymam,et
3089 2372 3284 2426 multa
3306 2371 3442 2442 pati
3455 2383 3491 2426 α
3511 2371 3698 2426 senio-

2033 2455 2281 2526 ribus,et
2289 2456 2671 2526 principibus
2681 2459 3144 2528 sacerdotum,et
3161 2461 3456 2530 scribis,et
3484 2459 3695 2524 occidi,

2033 2550 2088 2601 et
2102 2545 2285 2602 tertia
2301 2545 2396 2602 die
2407 2549 2823 2617 resurgere.Et
2843 2550 3300 2618 apprehendens
3315 2565 3445 2605 eum
3460 2549 3698 2619 Petrus,

2035 2636 2212 2704 ctepit
2239 2637 2558 2705 increpare
2589 2638 2785 2704 illum,
2829 2638 3064 2694 dicens:
3107 2640 3419 2704 Propitius
3459 2639 3570 2694 tibi
3596 2640 3698 2706 sis,

2037 2727 2324 2784 Domine:
2375 2743 2496 2783 non
2534 2730 2646 2784 erit
2674 2729 2785 2783 tibi
2809 2728 2939 2785 hoc.
2975 2729 3090 2796 Qui
3131 2744 3473 2798 conversus,
3539 2729 3700 2785 dixit

2036 2818 2214 2874 Petro
2239 2837 2251 2873 :
2294 2819 2452 2874 Vade
2477 2824 2614 2888 post
2640 2833 2748 2885 me,
2774 2823 3024 2887 satana;
3063 2818 3422 2874 scandalum
3445 2833 3502 2874 es
3516 2818 3688 2885 mihi,

2035 2909 2177 2980 quia
2197 2923 2316 2962 non
2338 2909 2500 2976 sapis
2532 2922 2601 2963 ea
2631 2923 2762 2978 quae
2786 2909 2895 2963 Dei
2921 2913 3082 2974 sunt,
3109 2909 3211 2964 sed
3245 2923 3313 2964 ea
3345 2923 3474 2981 quae
3516 2907 3701 2964 homi-

2033 3015 2176 3055 num
2219 2998 2464 3070 (Malth.
2516 3015 2637 3061 xw,
2687 3001 3019 3067 21-23)....
3082 2998 3161 3052 Et
3221 2999 3553 3069 offerebant
3602 2997 3703 3055 illi

2031 3089 2344 3160 parvulos,
2368 3093 2433 3143 ut
2457 3091 2728 3159 tangeret
2750 3089 2908 3144 illos.
2959 3086 3264 3158 Discipuli
3289 3093 3486 3144 autem
3509 3089 3700 3145 incre-

1955 3165 1994 3222 Ο
2031 3177 2261 3250 pabant
2283 3178 2618 3248 o/I‘erentes.
2636 3177 2850 3232 Videns
2863 3183 3060 3234 autem
3074 3177 3517 3247 Jesus,indigne
3535 3178 3700 3232 tulit-

2036 3274 2089 3325 et
2117 3270 2202 3324 ait
2233 3269 2383 3324 illis:
2408 3268 2604 3324 Sinite
2619 3269 2914 3336 parvulos
2931 3270 3135 3324 venire
3156 3267 3236 3323 ad
3256 3274 3428 3339 me,et
3458 3283 3534 3323 ne
3552 3282 3697 3336 pro-

2037 3358 2347 3414 hibueritis
2369 3369 2502 3426 eos;
2555 3357 2771 3412 talium
2821 3362 2904 3413 est
2949 3357 3104 3413 enim
3127 3373 3380 3427 regnum
3411 3359 3698 3413 caelorum

2034 3448 2314 3518 (Marc.x.
2355 3451 2434 3514 13,
2467 3449 2581 3516 14).
2607 3489 2617 3500 .
2643 3488 2655 3500 .
2679 3488 2691 3502 .
2745 3446 2825 3501 Et
2864 3462 2999 3502 cum
3027 3462 3404 3503 moraremur
3424 3461 3532 3516 per
3570 3447 3698 3502 dies

2029 3535 2507 3604 plures,advenit
2531 3534 2776 3606 quidam
2803 3550 2842 3591 α
2864 3535 3104 3602 Judwa,
3125 3535 3443 3605 propheta,
3462 3537 3702 3592 nomine

2035 3625 2299 3696 Agabus.
2331 3625 2389 3679 Is
2409 3640 2545 3680 cum
2577 3626 2827 3681 venisset
2855 3624 2935 3680 ad
2954 3625 3232 3692 nos,tulit
3256 3639 3467 3682 zonam
3493 3627 3698 3682 Pauli:

2037 3721 2090 3769 et
2113 3715 2377 3784 alligans
2403 3714 2517 3772 sibi
2535 3715 2713 3784 pedes
2744 3720 2797 3772 et
2828 3729 3071 3779 manus,
3105 3714 3257 3770 dixit
3279 3728 3303 3769 ,ο
3351 3715 3500 3771 Haec
3548 3715 3696 3770 dicit

2034 3804 2300 3874 Spiritus
2323 3808 2605 3859 sanctus:
2658 3804 2883 3872 Virum,
2914 3805 3087 3872 cujus
3111 3809 3196 3859 est
3232 3818 3384 3858 zona
3425 3803 3571 3870 haec,
3611 3803 3696 3859 sic

2035 3893 2381 3964 alligabunt
2408 3894 2470 3948 in
2499 3894 2832 3949 Jerusalem
2852 3893 3089 3949 Judtei:
3128 3898 3180 3948 et
3216 3893 3458 3949 tradent
3487 3894 3550 3948 in
3570 3907 3695 3949 ma-

2036 4000 2149 4040 nus
2171 3984 2468 4054 gentium.
2485 3982 2621 4038 Cum
2646 3990 2844 4039 autem
2867 3984 3238 4040 audissemus
3262 3984 3410 4049 haec,
3439 3983 3696 4053 rogaba-

2033 4090 2162 4129 mus
2187 4081 2240 4129 et
2263 4089 2390 4140 nos,
2415 4079 2468 4130 et
2492 4075 2596 4146 qui
2613 4073 2730 4128 loci
2751 4074 2918 4128 illius
2933 4079 3214 4142 erant,ne
3231 4073 3581 4130 ascenderet
3599 4074 3695 4128 Je-

2033 4164 2507 4234 rosolymam.At
2527 4163 2833 4232 respondit
2855 4163 3089 4219 Paulus
3112 4180 3124 4218 :
3153 4162 3310 4230 Quid
3326 4163 3533 4232 facilis
3549 4164 3698 4232 [len-

2035 4259 2139 4319 tes,
2171 4259 2225 4310 et
2247 4253 2590 4322 afﬂigentes
2613 4267 2717 4308 cor
2746 4251 2980 4308 meum?
3024 4252 3156 4322 Ego
3177 4253 3332 4308 enim
3357 4268 3480 4308 non
3500 4252 3694 4308 solum

2033 4343 2305 4412 alligari,
2335 4342 2440 4404 sed
2459 4347 2512 4398 et
2533 4342 2691 4398 mori
2709 4346 2969 4411 paratus
3002 4357 3136 4398 sum
3160 4357 3278 4411 pro
3316 4341 3555 4400 nomine
3581 4341 3696 4396 Do-

2030 4434 2184 4488 mini
2199 4433 2444 4488 Jesu.Et
2475 4447 2608 4488 cum
2639 4432 2695 4487 ei
2721 4447 2843 4488 non
2864 4430 3697 4500 suaderetur,quievimus,di-

306 4519 412 4566 ναι,
448 4498 575 4552 ἀλλά
599 4504 689 4551 καὶ
721 4497 995 4552 ἀποθανεῖν
1036 4499 1253 4573 ἑτοίμως
1292 4503 1401 4572 ἔχω
1431 4502 1557 4578 ὑπὲρ
1589 4510 1680 4553 τοῦ
1727 4501 1921 4575 ὀνόμα,

2043 4529 2254 4578 centes:
2290 4522 2532 4580 Domini
2563 4522 2842 4576 voluntas
2870 4521 2980 4589 ﬁat
3008 4521 3166 4592 (Act.
3196 4497 3315 4586 ἀι,
3353 4522 3569 4578 10-14).
3593 4561 3606 4574 .
3629 4560 3642 4576 .
3665 4560 3679 4576 .

308 4609 393 4653 τος
425 4597 515 4642 τοῦ
550 4594 743 4664 κυρίου
775 4595 951 4647 Ἰησοῦ
985 4591 1117 4659 (32).
1169 4594 1252 4648 Μὴ
1309 4592 1613 4664 πειθομένου
1647 4587 1706 4644 δὲ
1737 4591 1918 4659 αὑτοῦ,

308 4681 662 4754 ἡσυχάσαμεν
696 4680 960 4742 εἰπόντες·
993 4683 1062 4733 Τὸ
1098 4679 1295 4752 θέλημα
1321 4688 1411 4733 τοῦ
1441 4685 1636 4755 Κυρίου
1662 4684 1909 4753 γενέσθω,

310 4777 480 4824 ΠΡΟΣ
521 4775 700 4822 ΘΕΣΣ.
739 4769 801 4824 α’.
843 4777 954 4822 Τῶν
1001 4774 1092 4822 καὶ
1143 4773 1230 4822 τὸν
1277 4776 1464 4845 Κύριον
1512 4769 1918 4829 ἀποκτεινάντων

308 4861 536 4929 Ἰησοῦν,
570 4865 660 4912 καὶ
688 4864 810 4922 τοὺς
841 4856 1011 4922 ἰδίους
1040 4864 1326 4935 προφήτας,
1358 4866 1448 4913 καὶ
1477 4863 1618 4933 ἡμᾶς
1642 4859 1918 4926 ἐκδιωξάν-

306 4973 426 5017 των,
460 4955 550 5002 καὶ
581 4957 694 5020 Θεῷ
723 4955 793 5022 μὴ
821 4949 1159 5023 ἀρεσκόντων,
1183 4957 1273 5004 καὶ
1293 4957 1454 5004 πᾶσιν
1473 4951 1759 5026 ἀνθρώποις
1780 4953 1918 5006 ἐναν-

304 5046 448 5107 τίων,
473 5038 772 5091 κωλυόντων
802 5041 940 5112 ἡμᾶς
960 5048 1066 5102 τοῖς
1088 5043 1257 5094 ἔθνεσι
1273 5041 1521 5110 λαλῆσαι,
1547 5044 1629 5094 ἵνα
1652 5046 1912 5111 σωθῶσιν,

305 5131 378 5192 εἰς
397 5133 454 5182 τό
489 5127 863 5200 ἀναπληρῶσαι
895 5129 1060 5181 αὐτῶν
1089 5133 1182 5192 τὰς
1213 5131 1472 5206 ἁμαρτίας
1521 5135 1738 5185 πάντοτε
1760 5155 1770 5166 ·
1825 5136 1914 5207 ἔφ-

304 5223 430 5274 θασε
459 5216 519 5273 δὲ
541 5218 605 5272 ἐπ
647 5217 837 5280 αύτούς
872 5220 902 5276 ἡ
935 5218 1062 5292 ὀργὴ
1099 5219 1171 5283 εἰς
1199 5221 1360 5284 τέλος.

375 5396 483 5464 (28)
510 5399 652 5466 Reg.
676 5393 884 5449 tertius
909 5393 1133 5466 λυχνίας
1156 5396 1385 5452 τίθησιν.

318 5533 330 5547 ﬁ
373 5462 486 5532 (29')
515 5462 655 5537 Reg.
685 5466 890 5523 tertius
927 5462 1291 5533 δικαιοσύνην,
1324 5471 1440 5519 τότε
1489 5465 1705 5539 ἀφίησιν
1755 5469 1911 5521 αὐτὸν

309 5541 431 5591 από.
454 5542 556 5592 etc.

310 5577 770 5735 ζξέίὲᾜῑτᾶςηο
799 5609 982 5668 editio
1011 5610 1193 5670 παθεῖν
1224 5610 1344 5680 ὑπὸ,
1376 5610 1531 5669 Libri
1561 5615 1792 5683 veteres
1813 5633 1910 5682 πα·

345 5697 412 5731 ειν
478 5700 562 5735 πο.

345 5697 412 5731 ειν
445 5696 562 5738 απο.

2033 4610 2140 4677 Qui
2169 4615 2222 4665 et
2253 4611 2570 4665 Dominum
2597 4609 2946 4664 occiderunt
2967 4609 3254 4675 Jesum,et
3285 4622 3420 4663 suos
3437 4608 3693 4678 prophe—

2031 4706 2214 4766 tas,et
2237 4699 2661 4771 nosﬁpersecuti
2695 4703 2856 4768 sunt,
2905 4704 2959 4754 et
2989 4699 3109 4753 Deo
3141 4712 3261 4752 non
3299 4697 3548 4766 placent
3582 4715 3594 4751 :
3635 4703 3691 4751 et

2028 4791 2300 4846 omnibus
2323 4787 2660 4845 hominibus
2680 4788 3106 4852 adversantur,
3156 4787 3535 4855 prohibentes
3581 4801 3688 4841 nos

2025 4881 2304 4952 gentibus
2337 4879 2520 4950 loqui,
2549 4885 2614 4934 ut
2641 4879 2798 4934 salvi
2823 4879 2997 4948 ﬁant,
3028 4882 3094 4931 ut
3124 4877 3415 4946 impleant
3439 4881 3687 4944 peccata

2025 4987 2134 5027 sua
2166 4986 2431 5040 semper:
2468 4969 2745 5039 pervenit
2767 4973 2966 5024 autem
2995 4969 3086 5023 ira
3117 4981 3298 5037 super
3319 4966 3454 5021 illos
3501 4979 3688 5035 usque

2025 5063 2087 5118 in
2120 5061 2302 5131 finem
2334 5061 2394 5132 (Ι
2427 5060 2626 5116 Thess.
2655 5073 2714 5127 ιι,
2751 5058 2836 5125 15,
2870 5059 2979 5117 16).

2096 5400 2210 5470 (31)
2241 5400 2380 5464 Reg.
2408 5394 2614 5470 tertius
2641 5393 2977 5470 ἐπιμενόντων
3019 5389 3078 5445 δε
3110 5393 3278 5445 αὐτῶν
3308 5393 3523 5465 ἡμέρας.
3559 5393 3684 5447 Sta.-

2021 5465 2127 5526 tiln
2160 5473 2301 5536 Reg.
2336 5469 2568 5540 primus
2611 5474 2702 5518 τοι)
2728 5465 2964 5518 Παύλου.

2093 5543 2203 5614 (32)
2238 5535 2376 5608 Reg.
2403 5540 2611 5595 tertius
2641 5546 2730 5590 τοῦ
2766 5542 2960 5614 Κυρίου
2993 5538 3137 5610 ἡμῶν
3193 5535 3369 5596 Ἰησοῦ
3419 5541 3676 5609 Χριστοῦ.

2019 5611 2161 5681 MOI.
2193 5616 2334 5689 Reg.
2373 5617 2420 5670 Ι.
2453 5614 2649 5686 Κυρίου
2678 5611 2921 5689 γινέσθω,
