4112 6384
415 355 519 409 735

1785 327 1842 383 S.
1884 312 2139 377 BASILII
2177 310 2409 372 MAGNI

3682 315 3791 369 736

418 474 594 543 Quod
616 474 668 531 is
686 470 795 546 qui
817 465 1062 525 conﬁcit
1078 462 1180 519 Dei
1198 458 1561 519 mandatum
1583 455 1792 512 animo
1809 462 1935 507 non
1957 442 2080 545 sin-

2225 446 2308 492 )τι
2364 443 2451 494 τὸν
2512 451 2763 497 ποιοῦντα
2802 442 3006 502 ἐντολὴν
3057 448 3191 495 Θεοῦ
3257 445 3327 513 μὴ
3396 438 3452 493 ἔκ
3506 434 3794 502 διαθέσεως

2270 531 2282 543 .
2390 539 2410 546 -
2627 536 2638 546 ,
2849 538 2859 546 .
2986 536 2995 546 .
3185 534 3194 546 .
3459 529 3518 546 ...
3742 534 3751 546 .

488 580 650 629 coro,
672 534 733 619 et
749 565 957 616 tamen
980 557 1043 612 in
1063 551 1329 627 speciem
1358 548 1762 605 sinceritatem
1791 534 2079 597 doctrinm

491 653 730 711 Domini
758 651 958 706 servat
981 659 1126 715 ,non
1147 637 1563 716 prohibendus
1583 638 1675 692 est
1697 651 1713 699 ;
1759 632 2081 716 propterea

493 744 662 820 quod
692 713 988 815 quantum
1009 751 1117 808 per
1136 713 1265 789 rem
1295 732 1493 803 ipsam
1522 727 1678 787 licet,
1698 737 1881 820 nemo
1908 713 2078 820 hedi—

493 810 592 891 tur
619 852 632 889 :
664 810 790 890 imo
812 842 955 885 vero
973 823 1165 897 aliqui
1182 820 1489 878 interdum
1517 816 1597 873 ab
1613 816 1749 888 ipso
1764 810 2078 883 juvantur;

495 917 926 980 admonendus
945 920 1147 973 tamen
1170 915 1278 979 est,
1304 914 1370 967 ut
1392 910 1657 964 mentem
1682 900 1905 959 habeat
1923 898 2082 953 recte

496 1014 669 1073 factis
690 1011 965 1082 dignam.

1107 1146 1297 1218 Caput
1335 1146 1403 1200 11.

502 1267 642 1323 Cum
676 1276 817 1333 ergo
845 1259 1006 1330 facis
1035 1257 1495 1324 eleemosynam,
1520 1247 1652 1305 noli
1685 1244 1830 1301 tuba
1872 1253 2089 1298 canere

428 1361 572 1415 ante
601 1360 674 1423 te,
708 1330 862 1408 sicut
895 1347 1226 1420 hypocrita?
1248 1343 1491 1413 faciunt
1514 1341 1576 1393 in
1595 1333 2003 1423 synagogis,et
2022 1330 2087 1384 in

429 1422 667 1511 vicis,ut
690 1441 1049 1507 honoriﬁcen
1061 1443 1163 1491 tur
1183 1432 1258 1489 ab
1283 1428 1693 1488 hominibus.A
1704 1440 1837 1480 men
1851 1422 1982 1478 dico
1995 1434 2090 1475 vo-

432 1534 848 1605 bis,recipiunt
860 1527 1188 1585 mercedem
1202 1539 1394 1580 suam.
1410 1523 1483 1577 Te
1496 1524 1695 1578 autem
1707 1515 1938 1586 facient
1950 1510 2092 1567 eice-

429 1603 762 1695 mosynam,
795 1618 1024 1676 nesciat
1046 1615 1301 1672 sinistra
1328 1617 1435 1667 tua
1458 1608 1606 1682 quid
1620 1607 1817 1678 faciat
1838 1603 2092 1659 dextera

430 1692 629 1781 tua,ut
650 1711 727 1768 sit
748 1692 1126 1778 eleemosyna
1150 1712 1257 1761 tua
1296 1702 1360 1758 in
1394 1697 1778 1766 abscondito;
1818 1698 1873 1750 et
1904 1692 2095 1748 Pater

2260 531 2461 603 ὑγιοῦς,
2503 536 2638 585 κατά
2692 553 2752 605 γε
2795 538 2897 606 μὴν
2945 536 3003 585 τὸ
3053 534 3351 604 φαινόμενον
3404 529 3643 590 σώζοντα
3695 534 3793 589 τὴν

2262 618 2527 696 ἀκρίϐειαν
2578 631 2669 683 τῆς
2722 630 2815 675 τοῦ
2871 626 3066 697 Κυρίου
3125 618 3503 686 διδασκαλίας,
3578 617 3794 671 κωλύειν

2261 713 2351 782 μὲν
2399 711 2459 763 ού
2505 717 2616 785 χρὴ
2674 709 2872 765 διὰτὸ
2921 713 3041 764 ὅσον
3081 710 3163 764 ἐπὶ
3192 718 3263 781 τῷ
3292 712 3562 784 πράγματι
3591 705 3797 781 μηδένα

2265 799 2614 874 βλάπτεσθαι,
2648 800 2805 856 ἐνίοτε
2836 800 2896 856 δὲ
2924 807 3015 855 καὶ
3057 800 3365 874 ὠφελεῖσθαί
3394 819 3536 862 τινας
3586 798 3639 862 ἐξ
3694 799 3796 851 αύ-

2264 891 2356 944 τοῦ
2379 913 2392 927 ·
2456 900 2724 964 παραινεῖν
2763 889 2823 945 δὲ
2876 892 3017 964 αὐτῷ
3060 891 3211 955 ἀξίαν
3251 897 3344 943 τοῦ
3391 890 3798 963 κατορθώματος

2267 983 2406 1054 ἔχειν
2436 986 2531 1040 τὴν
2552 978 2809 1035 διάνοιαν.

2838 1123 3028 1198 Κεφάλ.
3091 1123 3157 1178 Β’.

2267 1236 2633 1286 ΜΑΤΘΑῙΟΣ.
2664 1230 2825 1285 ’Ὸταν
2856 1232 2944 1285 οὖν
2967 1239 3124 1304 ποιῇς
3153 1230 3519 1304 ἐλεημοσύνην,
3552 1234 3622 1304 μὴ
3666 1228 3801 1282 σαλ-

2196 1326 2358 1394 πίσης
2401 1322 2689 1395 ἔμπροσθέν
2754 1340 2873 1390 σου,
2921 1324 3095 1395 ὥσπερ
3144 1321 3192 1373 οὶ
3235 1322 3517 1393 ὑποκριταὶ
3558 1325 3803 1372 ποιοῦσιν

2200 1409 2247 1462 ἐν
2278 1418 2395 1473 ταῖς
2425 1416 2778 1482 συναγωγαῖς,
2808 1416 2899 1463 καὶ
2937 1408 2985 1462 ἐν
3015 1416 3131 1472 ταῖς
3166 1408 3378 1484 ῥύμαις,
3424 1408 3558 1469 ὅπως
3611 1405 3807 1470 δοξασο

2204 1502 2363 1553 θῶσιν
2393 1502 2493 1553 ύπό
2518 1508 2617 1553 τῶν
2644 1498 2944 1575 ἀνθρώπων.
2978 1499 3145 1573 Ἀμην
3173 1499 3305 1572 λέγω
3352 1500 3495 1572 ύμῖν,
3540 1496 3807 1570 ἀπέχουσι

2199 1594 2285 1643 τὸν
2316 1592 2506 1664 μισθὸν
2538 1590 2725 1645 αὐτῶν.
2756 1598 2851 1643 Σοῦ
2881 1587 2941 1643 δὲ
2986 1596 3257 1652 ποιοῦντος
3305 1587 3671 1662 ἕλεημοσύνην,
3726 1593 3797 1661 μὴ

2201 1687 2382 1754 γνώτω
2402 1683 2432 1740 ἠ
2463 1679 2713 1755 ἀριστερά
2754 1699 2848 1733 σου
2874 1685 2923 1733 τί
2950 1686 3091 1733 ποιεῖ
3116 1683 3145 1739 η
3200 1675 3349 1742 δεξιά
3393 1697 3488 1732 σου
3508 1699 3522 1712 ·
3587 1680 3720 1739 ὅπως
3768 1674 3798 1751 ᾖ

431 1767 699 1876 ίαιιεᾴιαί
706 1767 864 1859 videt
878 1800 940 1856 in
951 1767 1450 1862 ahsconditon'pse
1460 1787 1668 1847 reddet
1681 1785 1791 1842 tibi
1802 1785 1866 1840 in
1874 1795 2096 1876 propa-

2225 1790 2302 1823 rou
2333 1772 2363 1828 η
2398 1768 2716 1843 ἐλεημοσύνη
2757 1767 2805 1821 έν
2834 1778 2909 1841 τῷ
2933 1778 3145 1844 κρυπτῷ
3169 1790 3182 1804 ·
3228 1774 3319 1823 καὶ
3347 1770 3374 1821 ὁ
3412 1772 3595 1842 Πατήρ
3627 1786 3746 1835 σου,
3776 1767 3803 1821 ὀ

2225 1859 2262 1876 ῆι
2290 1865 2300 1876 1
2448 1859 2459 1875 φ
2564 1868 2584 1875 -
2809 1868 2828 1876 ς
2902 1858 2915 1869 ‘
3010 1856 3032 1876 α
3056 1866 3065 1875 ρ
3356 1859 3368 1875 ν
3413 1862 3423 1875 ι
3487 1860 3588 1876 ΙΛΛι
3640 1855 3651 1872 ν
3777 1865 3796 1875 η

431 1897 562 1955 tuto
584 1874 1115 1965 (Matth.vr,2-4).Et
1128 1886 1204 1943 de
1226 1881 1575 1959 precatione
1597 1876 1939 1965 similiter...
1956 1874 2096 1965 ,Βεε-

426 1962 643 2057 pandit
662 1987 859 2039 autem
874 1986 929 2037 et
949 1980 1214 2036 Joannes
1229 1974 1461 2031 dicens:
1508 1970 1825 2057 Magister,
1836 1962 2095 2057 vidimus

437 2052 615 2147 Q52
639 2070 953 2145 quemdam
973 2069 1037 2124 in
1056 2066 1295 2122 nomine
1311 2070 1412 2119 tuo
1434 2060 1763 2132 ejicientem
1777 2052 2095 2120 daemonia,

434 2145 542 2235 qui
563 2160 977 2232 non‘sequitur
994 2172 1122 2227 nos,
1166 2160 1220 2212 et
1243 2150 1689 2224 prohibuimus,
1709 2145 1854 2218 quia
1874 2158 1991 2199 non
2011 2156 2099 2198 se-

434 2233 642 2325 quitur
659 2266 786 2307 nos.
810 2250 981 2306 Jesus
998 2252 1196 2304 autem
1218 2244 1304 2301 ait
1329 2260 1342 2299 :
1367 2242 1569 2299 Nolite
1586 2233 1907 2309 prohibere
1932 2248 2096 2290 eum:

436 2359 607 2401 nemo
628 2347 714 2399 est
734 2341 890 2398 enim
918 2338 1024 2410 qui
1042 2337 1240 2407 faciat
1263 2334 1542 2391 virtutem
1575 2330 1634 2384 in
1671 2326 1910 2383 nomine
1946 2338 2099 2391 meo,

437 2438 494 2491 et
517 2432 702 2503 possit
733 2432 848 2486 cito
885 2429 1047 2484 male
1076 2426 1243 2499 loqui
1261 2424 1334 2480 de
1362 2437 1471 2478 me.
1525 2420 1641 2488 Qui
1677 2417 1833 2475 enim
1866 2429 1987 2470 non
2016 2416 2103 2469 est

439 2521 761 2578 adversum
785 2533 916 2581 nos,
941 2531 1054 2585 pro
1085 2513 1253 2570 nobis
1274 2516 1359 2568 est
1407 2509 1625 2581 (Marc.
1658 2522 1734 2574 ix,
1765 2504 1983 2568 37-40).
2007 2545 2020 2559 .
2043 2544 2056 2558 .
2079 2544 2092 2556 .

443 2609 701 2677 Quidam
732 2607 972 2679 quidem
998 2611 1054 2661 et
1069 2608 1323 2675 propter
1343 2599 1662 2666 invidiam,
1691 2601 1744 2653 et
1776 2590 2102 2651 contentio-

442 2714 599 2767 nem,
634 2696 879 2769 quidam
915 2699 1114 2751 autem
1135 2699 1188 2750 et
1217 2695 1465 2762 prapter
1486 2688 1699 2744 bonam
1734 2684 2106 2740 voluntatem

446 2789 747 2845 Christum
763 2785 1107 2858 praedicant
1125 2800 1137 2837 :
1162 2782 1410 2855 quidam
1428 2794 1502 2836 ea:
1518 2778 1838 2839 charitate,
1859 2773 2106 2829 scientes

444 2877 607 2950 quod
626 2878 691 2933 in
713 2877 1117 2946 defensionem
1148 2869 1476 2941 Evangelii
1500 2867 1729 2938 positus
1765 2880 1897 2919 sum
1919 2876 1943 2932 ;
1978 2861 2107 2933 qui-

444 2966 588 3022 dam
618 2970 817 3022 autem
856 2978 932 3020 ea:
969 2963 1347 3020 contentione
1386 2956 1690 3016 Christum
1731 2950 2106 3010 annuntiant

444 3070 567 3112 non
594 3055 844 3116 sincere,
872 3053 1282 3109 existimantes
1320 3063 1380 3105 se
1419 3058 1767 3117 pressuram
1811 3040 2107 3096 suscitare

2208 1859 2410 1933 ﬁlium
2440 1859 2489 1913 ἐν
2518 1868 2592 1930 τῷ
2621 1868 2859 1936 κρυπτῷ,
2893 1856 3161 1914 ἀποδώσει
3191 1879 3278 1914 σοι
3308 1859 3460 1921 αὐτὸς
3481 1860 3592 1928 (33)
3632 1855 3680 1911 ἐν
3730 1865 3805 1929 τῷ

2209 1958 2429 2024 φανερῷ.
2464 1954 2565 2005 Καὶ
2590 1954 2710 2024 περὶ
2728 1958 3033 2025 προσευχῆς
3063 1952 3273 2023 ὁμοίως.
3324 1954 3614 2003 ΜΑΡΚΟΣ.
3663 1947 3813 2003 Ἀπε-

2208 2042 2365 2116 κρίθη
2399 2036 2459 2093 δε
2489 2040 2629 2112 αὐτῷ
2654 2042 2681 2092 ὁ
2719 2039 2963 2103 Ἰωάννης
3001 2039 3161 2112 λέγων
3185 2058 3200 2074 ο
3250 2034 3564 2106 Διδάσκαλε,
3606 2034 3814 2111 εἶδομέν

2208 2149 2326 2182 τινα
2354 2127 2403 2183 ἐν
2431 2137 2503 2201 τῷ
2533 2129 2748 2203 ὀνόματί
2779 2149 2874 2182 σου
2922 2128 3235 2182 ἐκϐάλλοντα
3285 2124 3556 2201 δαιμόνια,
3607 2127 3666 2189 ὃς
3718 2126 3816 2180 οὐκ

2211 2219 2485 2274 ἀκολουθεί
2508 2220 2621 2293 μεθ’
2652 2223 2818 2293 ἡμῶν,
2842 2225 2933 2273 καὶ
2953 2217 3300 2292 ἐκωλύσαμεν,
3324 2220 3405 2272 ὅτι
3430 2218 3525 2272 ούκ
3544 2216 3821 2271 ἀκολουθεῖ

2213 2311 2357 2383 ἡμῖν.
2406 2309 2466 2362 Ὀ
2514 2306 2573 2363 δὲ
2595 2309 2798 2370 Ἰησοῦς
2845 2307 2953 2363 εἶπε
2981 2330 2994 2343 ν
3045 2313 3129 2369 Μή
3160 2307 3381 2362 κωλύετε
3410 2307 3565 2361 αὐτόν
3590 2328 3602 2340 ·
3645 2303 3819 2368 οὐδεὶς

2211 2401 2313 2473 γὰρ
2340 2398 2500 2467 ἐστιν,
2532 2401 2583 2462 ὃς
2603 2403 2816 2457 ποιησει
2846 2396 3069 2472 δύναμιν
3100 2397 3184 2451 ἐπὶ
3216 2406 3289 2469 τῷ
3320 2397 3536 2471 ὀνόματί
3564 2416 3687 2470 μου,
3727 2402 3819 2451 καὶ

2216 2486 2503 2548 δυνήσεται
2530 2494 2674 2562 ταχὺ
2699 2488 3060 2561 κακολογῆσαί
3092 2508 3173 2561 με.
3205 2488 3297 2549 Ὃς
3318 2491 3418 2561 γὰρ
3445 2487 3540 2541 ούκ
3561 2490 3673 2540 ἔστι
3700 2485 3818 2541 καθ’

2214 2582 2382 2655 ἡμῶν,
2423 2583 2551 2654 ὑπερ
2582 2583 2728 2653 ἡμῶν
2754 2579 2887 2635 ἔστι.
2944 2586 3113 2633 ΠΡΟΣ
3168 2583 3380 2634 mm.
3427 2580 3573 2639 Τινες
3610 2580 3700 2650 μεν
3730 2582 3822 2630 καὶ

2218 2669 2313 2725 διὰ
2354 2672 2536 2745 φθόνον
2580 2676 2674 2724 οιαὶ
2720 2672 2848 2747 ἔριν,
2897 2673 3032 2733 τινες
3085 2666 3144 2723 δι
3185 2673 3274 2722 καὶ
3312 2665 3385 2722 δι’
3435 2664 3681 2722 εὐδοκίαν
3731 2670 3821 2720 τὸν

2217 2766 2446 2837 Χριστὸν
2483 2765 2869 2837 κηρύσσουσιν.
2916 2763 2984 2813 Οἱ
3029 2762 3119 2833 μὲν
3140 2758 3192 2824 ἐξ
3222 2756 3451 2832 ἀγάπης,
3479 2754 3692 2825 εἰδότες,
3736 2758 3821 2810 ὅτι

2216 2854 2288 2917 εἰς
2314 2852 2598 2926 ἀπολογίαν
2618 2860 2711 2907 τοῦ
2737 2851 3056 2924 Εύαγγελίου
3094 2857 3272 2923 κεῖμαι
3295 2871 3309 2883 -
3370 2851 3420 2902 οἱ
3440 2845 3501 2903 δε
3525 2846 3576 2911 ἐξ
3604 2847 3820 2923 ἐριθείας

2216 2947 2447 3019 Χριστὸν
2473 2941 2937 3015 καταγγέλλοῦσιν,
2979 2941 3085 3013 ούχ
3132 2939 3322 3012 ἁγνῶς,
3372 2939 3595 3011 οἰόμενοι
3648 2935 3823 3007 θλίψιν

2216 3032 2470 3108 επιφέρειν
2495 3040 2601 3094 τοῖς
2630 3030 2848 3105 δεσμοῖς
2884 3050 3007 3105 μου.
3037 3035 3100 3086 Τί
3119 3030 3222 3104 γάρ
3247 3046 3261 3096 ;
3286 3028 3425 3108 Πλὴν
3449 3032 3605 3081 παντὶ
3625 3031 3826 3102 τρόπῳ,

445 3145 707 3202 vinculis
745 3144 909 3200 meis.
954 3141 1112 3211 Quid
1143 3141 1303 3197 enim
1333 3139 1360 3195 Ἰ
1407 3116 1695 3194 Attamen
1726 3131 1890 3188 omni
1908 3128 2103 3195 modo,

2225 3128 2319 3178 εἴτε
2353 3124 2634 3198 προφάσει,
2682 3125 2781 3176 εἴτε
2832 3119 3068 3193 ἀληθείᾳ,
3114 3122 3347 3193 Χριστὸς
3396 3116 3823 3188 καταγγέλλεται,

443 3234 570 3291 sive
586 3248 698 3303 per
722 3232 1116 3299 occasionem,
1144 3229 1267 3285 sive
1299 3243 1414 3298 per
1449 3228 1785 3289 veritatem,
1828 3219 2106 3275 Christus

447 3322 874 3392 annuntialur,
894 3326 948 3377 et
970 3321 1033 3376 in
1057 3308 1912 3389 hocgaudeo,sedetgaudebo.
1939 3307 2109 3379 (Phi-

451 3413 602 3483 lipp.
627 3423 666 3481 ι,
702 3412 907 3476 15-18).

1056 3553 1344 3610 REGULA
1399 3552 1504 3608 XX.

453 3661 626 3730 Quod
657 3662 912 3719 Domino
932 3661 1239 3718 credentes
1290 3656 1584 3731 baptizari
1628 3653 1851 3711 debent
1903 3652 1966 3709 in
2007 3665 2115 3709 no;

654 3751 818 3809 mine
844 3750 1029 3809 Patris
1060 3754 1118 3807 et
1145 3749 1294 3816 Filii,
1318 3753 1376 3805 et
1408 3746 1658 3821 Spiritus
1689 3742 1900 3801 sancti.

1135 3985 1333 4052 Caput
1382 3982 1432 4037 Ι.

527 4091 753 4146 Euntes
775 4091 980 4147 docete
998 4103 1199 4145 omnes
1228 4094 1454 4158 gentes,
1494 4087 1869 4157 baptizantes
1912 4099 2009 4141 eos
2050 4084 2115 4140 in
2206 4070 2211 4073 ’

452 4182 694 4236 nomine
714 4180 940 4250 Patris,
967 4184 1021 4236 et
1056 4180 1222 4243 Filii,
1255 4183 1309 4234 et
1339 4178 1604 4247 Spiritus
1633 4177 1835 4232 sam-ti
1855 4174 2107 4245 (Matth.

450 4286 608 4341 xvm,
646 4270 759 4340 19).
782 4312 795 4325 .
819 4314 832 4326 .
867 4270 1075 4335 Amen,
1102 4283 1275 4324 amen
1315 4268 1448 4323 dico
1481 4267 1610 4333 tibi,
1630 4266 1754 4328 nisi
1777 4266 1911 4335 quis
1937 4267 2117 4320 natus

448 4360 643 4431 fuerit
666 4359 882 4425 denuo,
913 4374 1034 4414 non
1055 4362 1249 4428 potest
1277 4357 1477 4414 videre
1499 4370 1751 4425 regnum
1782 4354 1895 4410 Dei
1913 4354 2113 4425 (Joan.

452 4466 532 4519 ιη,
561 4450 646 4520 3).
669 4491 681 4504 .
705 4492 718 4505 .
750 4450 816 4504 Et
834 4464 1043 4505 rursus
1067 4465 1080 4504 :
1108 4449 1321 4512 Amen,
1345 4461 1520 4503 amen
1542 4445 1675 4500 dico
1698 4444 1823 4513 tibi,
1846 4445 1967 4500 nisi
1983 4444 2118 4515 quis

2218 3219 2310 3268 καὶ
2337 3212 2387 3267 ἐν
2415 3215 2585 3286 τούτῳ
2614 3215 2813 3286 χαίρω,
2855 3208 2984 3264 ἀλλὰ
3021 3213 3113 3263 καὶ
3151 3212 3483 3285 χαρήσομαι.

2882 3542 3048 3590 ΟΡΟΣ
3091 3534 3166 3591 K'.

2220 3648 2342 3703 Ὀτι
2368 3646 2451 3703 δεῖ
2480 3651 2596 3710 τούς
2621 3648 2957 3706 πιστεύοντας
2985 3652 3059 3716 τῷ
3105 3648 3279 3717 Κυρίῳ
3311 3640 3669 3716 βαπτίζεσθαι
3762 3637 3838 3701 εἰς

2293 3743 2353 3793 τὸ
2385 3743 2546 3812 ὄνομα
2573 3745 2663 3790 τοῦ
2696 3739 2920 3812 Πατρός,
2953 3739 3043 3789 καὶ
3079 3739 3172 3787 τοῦ
3215 3734 3360 3796 Υὶοῡ,
3405 3735 3494 3782 καὶ
3539 3735 3629 3782 τοῦ
3676 3726 3837 3802 ἁγίου

2296 3830 2614 3903 Πνεύματος.

2882 3969 3071 4044 Κεφάλ.
3103 3966 3176 4023 Α’.

2298 4087 2665 4137 ΜΛΤΘΑΙΟΣ.
2734 4081 3095 4156 Πορευθέντες,
3143 4080 3508 4151 μαθητεύσατε
3555 4076 3725 4128 πάντα
3771 4075 3842 4125 τὰ

2228 4176 2367 4243 ἔθνη,
2400 4171 2743 4246 βαπτίζοντες
2769 4170 2954 4230 αύτούς
2980 4169 3052 4231 εἰς
3083 4172 3140 4221 τὸ
3173 4172 3333 4242 ὄνομα
3362 4173 3452 4218 τοῦ
3494 4167 3715 4240 Πατρός,
3748 4168 3841 4215 καὶ

2227 4271 2319 4317 τοῦ
2352 4264 2500 4323 Υἰοῦ,
2532 4266 2622 4313 καὶ
2650 4268 2740 4313 τοῦ
2768 4260 2917 4332 ἁγίου
2947 4261 3263 4331 Πνεύματος.
3309 4260 3625 4309 ΙΩΑΝΝΠΣ.
3672 4253 3840 4327 Ἀμὴν

2230 4352 2367 4427 ἀμὴν
2391 4353 2523 4424 λέγω
2556 4372 2661 4420 σοι,
2695 4349 2779 4402 ἐὰν
2818 4354 2889 4422 μή
2920 4369 3000 4410 τις
3028 4348 3246 4421 γέννηθῇ
3278 4347 3491 4411 ἄνωθεν,
3527 4344 3584 4396 ού
3618 4340 3842 4396 δύναται

2232 4440 2362 4496 ἰδεῖν
2390 4446 2483 4501 τὴν
2516 4440 2788 4515 βασιλείαν
2819 4447 2909 4492 τοῦ
2941 4446 3076 4491 Θεοῦ
3104 4459 3116 4471 ·
3163 4442 3252 4489 καὶ
3281 4436 3434 4488 πάλιν
3460 4456 3472 4468 ·
3508 4434 3674 4507 Ἀμὴν
3702 4431 3842 4505 ἁμήν

454 4510 638 4596 natus
662 4540 852 4609 fuerit
873 4554 947 4596 ex
967 4553 1129 4611 aqua
1148 4545 1202 4594 et
1224 4510 1482 4608 Spiritu,
1507 4551 1627 4593 non
1643 4510 1839 4606 potest
1862 4510 2103 4591 introire

2227 4532 2361 4604 λέγω
2394 4552 2479 4584 σοι
2508 4550 2520 4564 ·
2571 4531 2688 4584 Ἐὰν
2712 4533 2785 4603 μή
2812 4548 2895 4590 τις
2917 4529 3137 4602 γεννηθῇ
3173 4526 3226 4590 ἐξ
3255 4522 3449 4586 ὕδατος
3472 4529 3563 4576 καὶ
3609 4525 3845 4598 Πνεύμα-

455 4630 521 4687 in
550 4645 804 4701 regnum
834 4630 948 4687 Dei
969 4629 1142 4700 (ibid.
1179 4629 1255 4692 5).

457 4773 602 4839 Qua:
633 4771 711 4829 sit
736 4772 887 4828 ratio
908 4775 1014 4827 aut
1036 4771 1130 4827 vis
1151 4769 1572 4845 baptismatis?
1594 4773 1818 4841 Nempe
1839 4771 1905 4824 ut
1923 4767 2118 4840 bapti-

526 4867 696 4918 zatus
728 4866 786 4917 et
812 4866 1014 4918 mente
1040 4866 1097 4916 et
1126 4876 1406 4917 sermone
1432 4864 1490 4916 et
1540 4858 1777 4915 actione
1828 4862 2113 4928 mutetur,

526 4958 708 5024 atque
758 4967 865 5023 per
906 4952 1190 5008 virtutem
1224 4951 1340 5006 sibi
1390 4949 1600 5006 datam
1643 4948 1749 5004 ﬁat
1818 4947 2111 5021 idipsum,

529 5039 695 5112 quod
721 5044 811 5096 est
836 5038 983 5096 illud
1004 5055 1078 5095 ex
1106 5054 1230 5111 quo
1256 5043 1435 5095 natus
1468 5042 1577 5094 est.

1142 5182 1332 5253 Caput
1355 5183 1422 5239 II.

532 5289 701 5358 Quod
719 5297 930 5348 natum
967 5298 1051 5350 est
1078 5306 1154 5349 ea:
1175 5305 1529 5358 carne,caro
1550 5295 1677 5347 est:
1715 5295 1769 5346 et
1800 5288 1963 5360 quod
2010 5303 2118 5345 na-

530 5612 640 5686 (33)
681 5613 1079 5686 Combeiisius
1121 5614 1236 5670 sibi
1295 5612 1493 5684 legere
1516 5611 1700 5686 ‘visus
1747 5610 1812 5686 in
1853 5615 2113 5686 utroque

457 5682 758 5744 librosuo
787 5682 1055 5739 ἀποδώσει
1084 5704 1168 5739 σοι
1199 5682 1391 5747 αύτὸςῖ
1427 5682 1537 5741 sed
1569 5699 1691 5742 vox
1711 5683 1868 5751 αὐτὸς
1898 5682 2115 5769 reperi-

2225 4642 2329 4690 τος,
2362 4622 2421 4675 οὐ
2455 4615 2678 4673 δύναται
2710 4617 2951 4672 εἰσελθεῖν
2982 4617 3054 4679 εἰς
3083 4622 3174 4676 τὴν
3208 4613 3482 4690 βασιλείαν
3513 4621 3605 4665 τού
3647 4618 3802 4667 Θεοῦ.

2225 4771 2318 4830 Τίς
2339 4767 2367 4819 ὁ
2395 4765 2544 4837 λόγος
2564 4765 2595 4823 ᾖ
2625 4766 2655 4822 ἡ
2686 4759 2910 4836 δύναμις
2934 4768 3028 4815 τοῦ
3056 4760 3461 4834 βαπτίσματος;
3507 4761 3579 4810 Τό
3633 4756 3845 4809 ἀλλοιω-

2305 4859 2462 4914 θῆναι
2487 4858 2574 4907 τὸν
2597 4853 2983 4927 βαπτιζόμενον
3003 4853 3137 4904 κατά
3164 4870 3219 4903 τε
3242 4858 3382 4916 νοῦν,
3425 4853 3523 4905 καὶ
3551 4847 3726 4920 λόγον,
3753 4851 3847 4898 καὶ

2296 4944 2507 5020 πρᾶξιν,
2540 4950 2631 4997 καὶ
2659 4945 2903 5016 γενέσθαι
2940 4941 3103 4995 ἐκεῖνο
3130 4943 3266 4994 κατὰ
3303 4944 3393 4997 τὴν
3441 4936 3689 4993 δοθεῖσαν
3740 4932 3847 4992 δύ..

2295 5055 2473 5109 ναμιν,
2507 5036 2630 5109 ὅπερ
2660 5033 2775 5087 ἔστὶ
2803 5037 2863 5087 τὸ
2890 5031 2943 5095 ἐξ
2972 5033 3035 5085 οὗ
3068 5030 3336 5104 ὶγεννήθη.

2883 5175 3071 5249 Κεφάλ.
3106 5181 3178 5232 Β“.

2304 5291 2621 5343 ΙΩΑΝΝΗΣ.
2705 5288 2776 5338 Τὸ
2859 5288 3225 5358 γεγεννημένον
3320 5281 3374 5335 ἐκ
3455 5292 3551 5346 τῆς
3648 5278 3841 5359 σαρκὸς

2232 5614 2330 5666 tur
2348 5607 3119 5693 du‘ntasatin-Mazarinoh
3144 5606 3316 5665 deest
3368 5622 3507 5679 vero
3557 5606 3619 5685 in
3657 5607 3851 5691 Regio

2233 5682 2485 5755 perinde
2512 5687 2579 5763 ut
2604 5680 2667 5751 in
2698 5685 2954 5753 utraque
2981 5678 3261 5736 editione.
3564 5677 3569 5679 ’
3607 5677 3614 5685 “
3669 5677 3700 5691 ⁸⁸
3748 5677 3754 5699 ¹
