4112 6382
431 345 534 399 735
1800 322 1857 378 S.
1899 308 2154 372 BASIL"
2193 306 2423 369 MAGNI
3698 318 3808 372 736

433 464 607 533 Quod
630 465 682 522 is
700 461 808 536 qui
830 457 1076 516 conﬁcit
1091 455 1194 512 Dei
1212 452 1576 512 mandatum
1597 450 1806 508 animo
1824 457 1949 536 non
1972 438 2057 536 sin

2201 431 2322 488 Ὀτι
2378 440 2465 491 τὸν
2526 449 2778 495 ποιοῦντα
2816 441 3021 501 ἐντολὴν
3071 448 3205 495 Θεοῦ
3270 446 3342 516 μὴ
3411 440 3466 494 ἔκ
3520 435 3811 506 διαθέσεως

501 570 663 619 cero,
685 527 746 608 et
762 556 970 607 tamen
994 548 1056 604 in
1077 544 1343 619 speciem
1372 542 1777 599 sinceritatem
1805 530 2092 591 doctrinm

2274 527 2474 599 ὑγιοῦς,
2517 533 2652 583 κατά
2705 552 2766 604 γε
2809 537 2911 605 μὴν
2959 535 3017 585 τὸ
3067 536 3365 605 φαινόμενον
3419 531 3657 592 σώζοντα
3711 537 3809 592 τὴν

504 614 743 700 Domini
771 642 972 697 servat
993 614 1140 706 ,non
1160 632 1578 709 prohibendus
1597 633 1688 687 est
1711 646 1726 694 ;
1774 627 2094 700 propterea

2275 614 2540 693 ἀκρίϐειαν
2591 629 2683 682 τῆς
2736 629 2829 674 τοῦ
2885 627 3080 697 Κυρίου
3138 618 3517 688 διδασκαλίας,
3592 621 3810 674 κωλύειν

505 734 674 809 quod
704 735 1003 806 quantum
1022 743 1131 801 per
1150 708 1279 782 rem
1309 725 1507 797 ipsam
1535 721 1692 782 licet,
1712 731 1894 809 nemo
1922 709 2091 809 Ιφὰὶ-

2275 710 2364 778 μὲν
2412 709 2471 760 ού
2518 715 2628 783 χρὴ
2688 708 2884 764 διὰτὸ
2934 713 3054 764 ὅσον
3094 711 3177 765 επὶ
3204 719 3275 782 τῷ
3305 714 3576 786 πράγματι
3605 708 3812 784 μηδένα

504 796 604 880 {ur
632 842 645 880 :
678 796 804 879 imo
827 834 969 876 vero
987 796 1179 889 aiiqui
1196 814 1502 871 interdum
1530 811 1610 867 ab
1626 810 1762 883 ipso
1777 805 2090 877 juvantur;

2277 796 2626 871 βλάπτεσθαι,
2661 800 2818 855 ἐνίοτε
2849 799 2909 855 δε
2936 807 3028 854 καὶ
3070 801 3378 875 ὠφελεῖσθαί
3407 821 3550 864 τινας
3600 800 3652 864 ἐξ
3707 802 3810 854 αύ-

508 908 939 969 admonendus
959 887 1160 965 tamen
1183 908 1290 973 est,
1317 907 1383 960 ut
1405 904 1669 958 mentem
1694 895 1917 954 habeat
1935 892 2094 948 recte

2276 888 2368 940 τοῦ
2392 910 2405 924 ο
2469 899 2736 962 παραινεῖν
2777 887 2836 944 δε
2888 892 3029 964 αὐτῷ
3070 890 3222 956 ἀξίαν
3263 899 3356 945 τοῦ
3403 893 3812 965 κατορθώματος

509 1004 681 1062 factis
702 1002 977 1073 dignam.

2279 980 2418 1051 ἔχειν
2449 983 2543 1038 τὴν
2565 976 2821 1033 διάνοιαν.

1118 1138 1308 1210 Caput
1346 1139 1415 1193 11.
2608 1134 2616 1139 ·

2608 1134 2616 1139 “
2850 1123 3040 1197 Κεφάλ.
3102 1124 3167 1179 Β’.

512 1256 652 1314 Cum
686 1267 827 1324 ergo
855 1251 1016 1321 facis
1045 1249 1505 1317 eleemosynam,
1530 1241 1663 1299 noli
1696 1239 1841 1296 tuba
1883 1249 2101 1294 canere

2278 1234 2644 1284 ΜΛΤΘΑΙΟΣ.
2675 1229 2836 1285 Ὅταν
2866 1232 2954 1284 οὖν
2979 1239 3135 1304 ποιῇς
3164 1230 3530 1305 ἐλεημοσύνην,
3564 1237 3635 1307 μὴ
3679 1230 3813 1286 σαλ-

438 1352 582 1405 ante
611 1350 684 1413 te,
718 1319 871 1398 sicut
904 1339 1235 1411 hypocrita:
1258 1336 1500 1406 faciunt
1524 1335 1586 1387 in
1606 1329 2015 1402 synagoyis,et
2033 1326 2062 1380 i:

2207 1323 2368 1392 πίσῃς
2411 1319 2699 1393 ἔμπροσθέν
2765 1339 2883 1389 σου,
2931 1322 3105 1396 ὥσπερ
3154 1322 3203 1374 οἱ
3246 1324 3528 1394 ὑποκριταὶ
3568 1329 3813 1375 ποιοῦσιν

438 1405 682 1501 vicis,ut
699 1405 1059 1498 honoriﬁcen
1070 1433 1172 1483 tur
1192 1425 1267 1482 ab
1292 1421 1847 1481 hominibusAmen
1860 1417 1992 1473 dico
2006 1429 2062 1471 vc

2211 1405 2258 1459 ἓν
2288 1415 2405 1470 ταῖς
2435 1414 2788 1481 συναγωγαῖς,
2818 1415 2909 1462 καὶ
2946 1409 2995 1462 ἐν
3025 1416 3141 1472 ταῖς
3176 1409 3388 1484 ῥύμαις,
3434 1410 3569 1471 ὃπως
3622 1408 3818 1474 δοξάσε-

441 1497 855 1595 bis,recipiunt
868 1497 1197 1576 mercedem
1211 1531 1404 1572 suam.
1419 1516 1492 1570 Te
1506 1518 1704 1571 autem
1715 1510 1948 1580 facient
1960 1506 2065 1562 eiet

2213 1498 2372 1549 θῶσιν
2403 1499 2503 1551 ὑπὸ
2528 1506 2627 1551 τῶν
2654 1497 2954 1574 ἀνθρώπων.
2988 1499 3154 1573 Ἀμὴν
3183 1500 3315 1573 λέγω
3362 1501 3505 1574 ὑμῖν,
3551 1498 3818 1573 ἀπέχουσι

437 1587 770 1683 mosyndm,
804 1609 1033 1667 nesciat
1055 1607 1310 1663 sinistra
1336 1609 1443 1660 tua
1468 1602 1615 1675 quid
1628 1602 1827 1672 faciat
1847 1598 2061 1653 dexter

2209 1591 2295 1640 τὸν
2324 1590 2515 1661 μισθὸν
2547 1588 2734 1643 αὐτῶν.
2765 1597 2861 1643 Σοῦ
2890 1587 2951 1643 δὲ
2996 1596 3267 1653 ποιοῦντος
3314 1588 3681 1664 ἑλεημοσύνην,
3736 1596 3807 1665 μὴ

437 1676 637 1769 tua,ut
658 1702 736 1758 sit
755 1676 1134 1769 eleemosyria
1158 1703 1265 1753 tua
1304 1695 1368 1751 in
1402 1692 1786 1761 abscondito;
1826 1693 1881 1744 et
1913 1687 2061 1743 Pate

2210 1683 2391 1751 γνώτω
2411 1680 2441 1737 ἠ
2472 1676 2723 1753 ἀριστερά
2762 1699 2857 1732 σου
2883 1684 2932 1732 τί
2958 1687 3099 1733 ποιεῖ
3125 1683 3153 1739 ἡ
3208 1676 3358 1743 δεξιά
3402 1699 3497 1734 σου
3517 1701 3532 1715 ·
3596 1682 3730 1742 ὅπως
3778 1677 3808 1755 ᾖ

438 1767 707 1865 tuus,qui
714 1791 872 1849 videt
885 1792 948 1847 in
959 1767 1457 1855 abscondito,ipse
1468 1781 1676 1840 reddet
1689 1779 1799 1837 tibi
1810 1781 1874 1835 in
1882 1790 2062 1848 propt

2216 1786 2310 1820 σου
2342 1770 2371 1825 ἡ
2406 1767 2725 1841 ἐλεημοσύνη
2765 1767 2813 1820 ἕν
2842 1777 2917 1841 τῷ
2941 1778 3153 1845 κρυπτῷ
3178 1790 3191 1804 -
3237 1776 3328 1825 καὶ
3356 1771 3383 1822 ὀ
3421 1774 3604 1846 Πατήρ
3636 1789 3755 1839 σου,
3786 1771 3812 1823 ὀ

438 1887 568 1944 tulo
586 1855 1123 1954 tblatth.v1,2-4).Et
1136 1878 1212 1934 de
1234 1874 1582 1951 precatione
1605 1870 1945 1928 similiter...
1974 1870 2062 1925 Re:

2216 1855 2418 1930 βλέπων
2448 1856 2497 1911 ἐν
2527 1866 2600 1929 τῷ
2630 1867 2867 1935 κρυπτῷ,
2902 1856 3169 1914 ἀποδώσει
3200 1880 3287 1915 σοι
3316 1861 3469 1923 αὐτὸς
3490 1862 3601 1931 (33)
3641 1858 3688 1914 ἓν
3739 1868 3814 1933 τῷ

433 1951 649 2046 pandit
669 1977 865 2029 autem
881 1977 935 2029 et
957 1971 1221 2028 Joannes
1236 1967 1468 2024 dicens:
1515 1958 2057 2033 Magister,vidimi

2216 1956 2437 2021 φανερῷ.
2472 1952 2573 2003 Καὶ
2597 1953 2717 2023 περὶ
2736 1958 3041 2025 προσευχῆς
3071 1952 3281 2023 ὁμοίως.
3333 1956 3622 2005 ΜΑΡΚΟΣ.
3672 1951 3820 2007 Ἀπε-

443 2034 497 2135 ά
509 2064 621 2136 52
645 2061 959 2135 quemdam
981 2061 1045 2116 in
1063 2058 1301 2115 nomine
1318 2063 1419 2112 tuo
1441 2055 1770 2126 eiicientem
1784 2048 2067 2106 daemonia

2215 2039 2373 2112 κρίθη
2406 2034 2466 2090 δε
2496 2038 2637 2110 αὐτῷ
2662 2040 2688 2090 ὁ
2726 2038 2970 2103 Ἰωάννης
3009 2039 3169 2112 λέγων
3193 2059 3207 2075 ·
3258 2036 3571 2109 Διδάσκαλε,
3614 2037 3821 2114 εῖδομέν

440 2125 555 2225 in?
569 2125 688 2208 Xo};
709 2151 984 2223 sequitur
1000 2164 1128 2219 nos,
1172 2154 1226 2205 et
1249 2144 1695 2218 prohibuimus,
1716 2140 1860 2213 quia
1881 2154 1997 2194 non
2017 2153 2064 2194 se

2215 2146 2333 2179 τινα
2361 2125 2410 2180 ἕν
2438 2135 2510 2199 τῷ
2541 2127 2755 2201 ὀνόματί
2786 2148 2882 2181 σου
2929 2128 3242 2183 ἐκϐάλλοντα
3293 2126 3563 2203 δαιμόνια,
3615 2130 3672 2192 ὃς
3725 2129 3823 2183 οὐκ

440 2216 648 2314 quitur
664 2216 798 2299 nos:
816 2241 987 2297 Jesus
1004 2216 1201 2296 autem
1223 2216 1309 2294 ait
1335 2253 1348 2292 :
1372 2235 1575 2292 Nolite
1592 2228 1914 2304 prohibere
1939 2244 2064 2285 eum

2218 2216 2491 2271 ἀκολουθεῖ
2515 2219 2627 2292 μεθ’
2658 2221 2688 2279 ἡ
2695 2228 2825 2292 μῶν,
2849 2224 2939 2273 καὶ
2961 2217 3307 2293 ἐκωλύσαμεν,
3331 2222 3413 2274 ὅτι
3436 2220 3531 2274 οὐκ
3551 2219 3827 2274 ἀκολουθεῖ

441 2304 612 2391 nemo
633 2337 719 2389 est
740 2332 896 2389 enim
923 2330 1029 2402 qui
1048 2330 1245 2398 faciat
1268 2328 1548 2383 virtutem
1581 2325 1641 2379 in
1677 2321 1916 2378 nomine
1952 2334 2065 2376 met

2218 2307 2364 2380 ἡμῖν.
2412 2307 2471 2360 Ὀ
2520 2304 2579 2362 δὲ
2602 2308 2805 2370 Ἰησοῦς
2851 2306 2960 2363 εἶπε
2988 2330 3000 2343 ·
3052 2314 3136 2369 Μὴ
3167 2308 3387 2363 κωλύετε
3417 2309 3571 2363 αὐτόν
3596 2331 3609 2343 ·
3652 2307 3824 2372 οὐδεὶς

442 2428 499 2480 et
522 2422 707 2493 possit
737 2422 853 2477 cito
891 2395 1057 2476 male
1081 2418 1247 2490 loqui
1265 2417 1338 2474 de
1366 2431 1475 2471 me.
1531 2414 1646 2482 Qui
1682 2413 1839 2469 enim
1871 2425 1993 2466 non
2022 2424 2066 2465 ei

2217 2399 2319 2470 γὰρ
2347 2395 2506 2465 ἔστιν,
2538 2399 2589 2461 ὃς
2608 2402 2822 2456 ποιήσει
2852 2396 3075 2472 δύναμιν
3106 2399 3191 2452 ἐπὶ
3222 2408 3295 2471 τῷ
3327 2399 3542 2472 ὀνόματί
3570 2418 3693 2473 μου,
3733 2406 3825 2455 καὶ

444 2483 765 2568 adversum
791 2524 921 2573 nos,
945 2523 1059 2577 pro
1090 2483 1258 2563 nobis
1279 2510 1363 2561 est
1412 2502 1630 2574 (Marc.
1663 2517 1738 2569 ιχ,
1770 2499 1988 2563 37-40).
2013 2541 2025 2555 .
2048 2540 2062 2554 .

2221 2483 2508 2546 δυνήσεται
2535 2493 2679 2561 ταχὺ
2705 2488 3066 2561 κακολογῆσαί
3097 2509 3179 2562 με.
3211 2488 3302 2551 Ὃς
3324 2492 3424 2563 γὰρ
3451 2490 3545 2543 οὐκ
3566 2492 3679 2543 ἔστι
3706 2489 3823 2544 καθ’

447 2599 706 2667 Quidam
737 2597 978 2670 quidem
1003 2602 1058 2653 et
1074 2601 1328 2667 propter
1347 2593 1666 2660 invidiam,
1695 2596 1748 2648 et
1781 2586 2071 2646 contentio

2219 2580 2387 2652 ἡμῶν,
2429 2580 2556 2652 ὑπερ
2588 2581 2733 2652 ἡμῶν
2759 2578 2892 2635 ἐστι.
2949 2587 3118 2633 ΠΡΟΣ
3174 2584 3386 2635 mm.
3433 2582 3578 2642 Ttw‘s;
3616 2583 3705 2653 μεν
3736 2586 3826 2634 καὶ

446 2666 603 2757 nem,
638 2666 883 2759 quidam
920 2666 1118 2743 autem
1138 2691 1193 2742 et
1220 2689 1470 2755 prapter
1491 2682 1703 2738 bonam
1738 2680 2070 2735 voluntate1

2222 2666 2319 2723 διὰ
2360 2671 2540 2742 φθόνον
2586 2674 2679 2723 καὶ
2726 2672 2853 2746 ἔριν,
2902 2673 3037 2733 τινες
3089 2666 3149 2724 δέ
3190 2675 3279 2723 καὶ
3317 2667 3390 2724 δι’
3441 2667 3688 2724 εὐδοκίαν
3736 2674 3825 2724 τὸν

449 2757 751 2835 Christum
767 2777 1141 2849 praedicant:
1165 2775 1414 2847 quidam
1432 2788 1507 2830 ea:
1522 2772 1842 2834 charitate,
1863 2768 2073 2824 sciente

2222 2764 2451 2834 Χριστὸν
2489 2763 2873 2835 κηρύσσουσιν.
2921 2763 2988 2813 Οί
3033 2762 3123 2834 μὶν
3144 2759 3197 2825 ἐξ
3226 2757 3455 2833 ἀγάπης,
3483 2757 3698 2829 εἰδότες,
3742 2762 3825 2813 ὅτι

447 2867 611 2940 quod
629 2869 694 2923 in
717 2848 1120 2938 defensionem
1152 2863 1480 2934 Evangelii
1505 2861 1733 2932 positus
1769 2875 1901 2914 sum
1921 2872 1947 2928 ,'
1982 2873 2071 2929 qu:

2219 2851 2292 2915 εἰς
2319 2849 2602 2924 ἀπολογίαν
2622 2859 2716 2904 τοῦ
2742 2851 3060 2923 Εύαγγελίου
3098 2858 3276 2924 κεῖμαι
3300 2873 3313 2885 ·
3374 2854 3425 2904 οἱ
3443 2848 3505 2905 δε
3530 2849 3582 2915 ἐξ
3609 2850 3822 2927 ἐριθείας

446 2939 590 3012 dam
621 2961 819 3012 autem
858 2969 936 3012 ea:
972 2956 1350 3013 contentione
1389 2950 1693 3010 Christum
1734 2946 2070 3004 annuntian

2219 2945 2451 3016 Χριστὸν
2475 2941 2940 3014 καταγγέλλοῦσιν,
2982 2941 3089 3013 οὐχ
3135 2940 3326 3014 ἁγνῶς,
3375 2941 3600 3014 οἰόμενοι
3653 2939 3826 3011 θλίψιν

446 3060 569 3102 non
595 3045 846 3109 sincere,
874 3045 1285 3100 existimantes
1322 3056 1382 3098 se
1421 3053 1770 3111 pressuram
1814 3036 2070 3092 suscitar

2219 3030 2473 3106 ἐπιφέρειν
2499 3039 2605 3093 τοῖς
2634 3028 2852 3105 δεσμοῖς
2888 3051 3010 3105 μου.
3040 3036 3104 3086 Τί
3121 3032 3225 3105 γάρ
3250 3047 3264 3098 ;
3290 3030 3429 3111 Πλὴν
3453 3035 3608 3084 παντὶ
3628 3034 3828 3105 τρόπῳ,

447 3135 709 3193 vinculis
747 3135 910 3191 meis.
956 3133 1113 3203 Quid
1145 3134 1305 3190 enim
1336 3132 1362 3188 Ἰ
1410 3132 1697 3188 Attamen
1728 3127 1893 3183 omni
1911 3124 2071 3182 modc

2221 3125 2323 3175 εἴτε
2356 3123 2637 3196 προφάσει,
2685 3124 2784 3175 εἴτε
2835 3119 3071 3193 ἀληθείᾳ,
3119 3123 3351 3194 Χριστὸς
3399 3118 3824 3191 καταγγέλλεται,

444 3224 571 3280 sive
587 3239 699 3293 per
723 3223 1117 3290 occasionem,
1145 3222 1269 3278 sive
1300 3236 1415 3292 per
1452 3222 1787 3284 veritatem,
1831 3215 2068 3295 Chr‘istu

1860 3215 2109 3271 7hristus
2221 3216 2312 3265 καὶ
2340 3210 2389 3265 ἐν
2419 3212 2588 3283 τούτῳ
2617 3214 2815 3285 χαίρω,
2858 3209 2987 3265 ἀλλὰ
3024 3214 3115 3263 καὶ
3154 3215 3484 3286 χαρήσομαι.

447 3313 875 3383 annuntiatur,
896 3317 949 3368 et
972 3312 1035 3367 in
1058 3304 1914 3382 hocgaudeo,sedetgaudebo.
1941 3303 2112 3375 (Phi-

452 3403 602 3473 lipp.
628 3413 667 3471 ι,
703 3403 909 3467 15-18).

1055 3546 1346 3602 REGULA
1400 3545 1505 3601 XX.

2884 3542 3050 3591 ΟΡΟΣ
3092 3536 3165 3592 K'.

453 3652 627 3719 Quod
657 3653 913 3709 Domino
932 3653 1240 3710 credentes
1291 3649 1585 3725 baptizari
1629 3647 1852 3706 debent
1904 3648 1966 3705 in
2007 3663 2077 3705 nc

2220 3646 2342 3701 Ὀτι
2369 3643 2452 3701 δεῖ
2481 3649 2597 3709 τοὺς
2621 3648 2958 3707 πιστεύοντας
2986 3654 3060 3716 τῷ
3106 3648 3279 3719 Κυρίῳ
3312 3642 3671 3718 βαπτίζεσθαι
3762 3641 3835 3704 εἰς

654 3741 818 3800 mine
844 3743 1030 3801 Patris
1060 3746 1118 3800 et
1145 3741 1295 3808 Filii,
1318 3745 1377 3798 et
1408 3740 1658 3816 Spiritus
1689 3738 1899 3796 sancti.

2293 3741 2353 3791 τὸ
2385 3741 2546 3811 ὄνομα
2573 3744 2663 3790 τοῦ
2696 3739 2921 3812 Πατρός,
2953 3740 3043 3789 καὶ
3080 3740 3173 3788 τοῦ
3215 3736 3361 3799 Υίοῦ,
3407 3738 3497 3785 καὶ
3541 3739 3631 3785 τοῦ
3678 3730 3833 3806 ἁγίου

2296 3828 2614 3902 Πνεύματος.

1133 3977 1332 4045 Caput
1381 3977 1430 4031 Ι.

2881 3970 3072 4045 Κεφάλ.
3103 3968 3175 4025 Α’.

524 4081 751 4137 Euntes
773 4082 977 4139 docete
995 4097 1197 4138 omnes
1226 4087 1453 4151 gentes,
1493 4081 1867 4152 baptizantes
1910 4095 2007 4137 eos
2048 4081 2114 4136 in

2296 4052 2665 4136 hiATGAIOS.
2734 4082 3095 4156 Πορευθέντες,
3142 4082 3507 4153 μαθητεύσατε
3554 4079 3725 4131 πάντα
3770 4079 3837 4129 τὰ

448 4173 691 4227 nomine
711 4172 938 4242 Patris,
963 4176 1020 4228 et
1054 4172 1219 4236 Filii,
1252 4176 1309 4227 et
1337 4171 1602 4241 Spiritus
1632 4172 1834 4226 sancti
1853 4169 2072 4241 (Matth

2226 4173 2366 4241 ἔθνη,
2397 4169 2741 4244 βαπτίζοντες
2767 4170 2953 4231 αύτούς
2979 4169 3051 4232 εἰς
3081 4174 3139 4223 τὸ
3171 4174 3332 4244 ὄνομα
3361 4176 3451 4221 τοῦ
3493 4172 3713 4243 Πατρὸς,
3746 4172 3837 4219 καὶ

447 4276 604 4331 xvm,
644 4261 792 4331 19)..
816 4305 829 4318 .
864 4262 1073 4327 Amen,
1099 4276 1272 4317 amen
1312 4261 1446 4318 dico
1478 4261 1607 4327 tibi,
1628 4261 1752 4321 nisi
1775 4261 1909 4331 quis
1935 4263 2071 4316 nata

2225 4268 2317 4313 τοῦ
2352 4262 2498 4323 Υἰοῡ,
2530 4264 2620 4312 καὶ
2649 4268 2738 4312 τοῦ
2766 4259 2915 4332 ἁγίου
2944 4262 3261 4333 Πνεύματος.
3306 4263 3622 4312 ΙΩᾹΝΝΙΙΣ.
3670 4256 3835 4332 Ἀμὴν

444 4351 640 4421 fuerit
662 4350 879 4417 denuo,
910 4366 1031 4406 non
1051 4356 1247 4421 potest
1275 4351 1475 4407 videre
1495 4364 1748 4419 regnum
1780 4349 1892 4405 Dei
1911 4350 2068 4421 (Joai

2228 4350 2364 4424 ἀμὴν
2387 4350 2520 4423 λέγω
2554 4370 2659 4418 σοι,
2693 4348 2778 4402 ἐὰν
2816 4354 2887 4423 μή
2917 4370 2999 4412 τις
3026 4349 3245 4422 γεννηθῇ
3277 4350 3489 4414 ἄνωθεν,
3524 4348 3581 4399 ού
3616 4344 3836 4400 δύναται

448 4456 528 4508 m,
557 4440 642 4511 3).
665 4482 677 4494 .
701 4482 715 4495 .
745 4441 812 4495 Et
830 4455 1077 4496 rursus:
1105 4441 1318 4506 Amen,
1342 4455 1517 4496 amen
1539 4439 1672 4495 dico
1695 4439 1820 4508 tibi,
1842 4441 1964 4495 nisi
1980 4456 2072 4511 qui

2229 4437 2360 4494 ἰδεῖν
2388 4444 2480 4499 τὸν
2513 4438 2785 4513 βασιλείαν
2816 4447 2907 4492 τοῦ
2938 4447 3073 4492 Θεοῦ
3101 4460 3114 4472 ·
3161 4444 3250 4491 καὶ
3279 4438 3431 4490 πάλιν
3457 4459 3469 4470 ·
3505 4437 3671 4511 Ἀμὴν
3700 4435 3836 4513 ἀμὴν

449 4507 635 4586 natus
658 4531 849 4600 fuerit
869 4545 944 4587 ea:
964 4546 1125 4604 aqua
1145 4538 1199 4587 et
1220 4531 1479 4601 Spiritu,
1504 4545 1624 4586 non
1640 4536 1835 4600 potest
1859 4507 2073 4586 introii

2224 4530 2358 4601 λέγω
2391 4550 2475 4582 σοι
2505 4549 2518 4563 ⁸
2569 4530 2684 4583 Ἐάν
2709 4533 2782 4603 μή
2810 4548 2892 4590 τις
2914 4530 3135 4602 γεννηθῇ
3170 4527 3223 4592 ἐξ
3251 4525 3446 4589 ὕδατος
3470 4532 3560 4579 καὶ
3606 4529 3838 4602 Πνεῦμα-

450 4620 516 4676 in
546 4634 800 4691 regnum
829 4622 944 4679 Dei
966 4621 1138 4692 (ibid.
1175 4622 1251 4685 5).

2222 4639 2325 4686 τος,
2359 4619 2417 4673 ού
2451 4614 2675 4672 δύναται
2706 4617 2948 4671 εἰσελθεῖν
2978 4618 3051 4680 εἰς
3079 4624 3171 4678 τὴν
3204 4615 3479 4692 βασιλείαν
3509 4624 3601 4669 τοῦ
3643 4623 3796 4672 Θεοῦ.

451 4764 597 4828 Quae
629 4762 706 4819 sit
731 4763 883 4820 ratio
904 4767 1009 4819 aut
1032 4763 1125 4819 vis
1145 4762 1569 4837 baptismatis?
1590 4767 1814 4836 Nempe
1835 4767 1900 4819 ut
1919 4762 2075 4836 bapli

2221 4768 2313 4827 Τίς
2335 4765 2363 4817 ὁ
2392 4762 2540 4835 λόγος
2560 4764 2591 4822 ἦ
2621 4765 2650 4821 ἡ
2682 4758 2906 4836 δύναμις
2930 4769 3023 4816 τοῦ
3053 4761 3457 4835 βαπτίσματος;
3503 4764 3575 4813 Τὸ
3629 4759 3837 4813 ἀλλοιω-

520 4857 691 4909 zatus
722 4857 780 4908 et
807 4858 1010 4909 mente
1036 4857 1092 4909 et
1121 4868 1402 4909 sermone
1428 4857 1485 4909 et
1536 4853 1773 4909 actione
1823 4858 2108 4924 mutetur,

2301 4856 2457 4912 θῆναι
2482 4856 2569 4905 τόν
2593 4851 2979 4926 βαπτιζόμενον
2998 4854 3132 4905 κατά
3160 4871 3215 4904 τε
3239 4861 3377 4919 νοῦν,
3420 4856 3518 4909 ,καὶ
3547 4851 3720 4923 λόγον,
3748 4855 3837 4902 καὶ

521 4948 703 5014 atque
752 4957 860 5014 per
900 4943 1184 5000 virtutem
1219 4942 1335 4999 sibi
1385 4942 1595 5000 datam
1639 4943 1744 5000 ﬁat
1813 4943 2106 5017 idipsum,

2290 4943 2502 5018 πρᾶξιν,
2535 4948 2626 4996 καὶ
2653 4945 2897 5015 γενέσθαι
2935 4942 3099 4996 ἐκεῖνο
3125 4945 3261 4997 κατὰ
3298 4947 3389 5000 τὴν
3436 4938 3683 4996 δοθεῖσαν
3734 4936 3836 4996 δύ..

524 5030 690 5102 quod
715 5036 805 5088 est
830 5030 978 5087 illud
998 5047 1072 5087 ex
1101 5046 1225 5104 quo
1250 5035 1430 5088 natus
1463 5037 1571 5088 est.

2289 5053 2468 5107 ⁴υαμιν,
2501 5035 2625 5108 ὅπερ
2654 5032 2770 5086 ἔστι
2798 5037 2858 5087 τὸ
2884 5031 2939 5096 ἐξ
2967 5034 3030 5086 οὗ
3062 5031 3330 5104 ἕγεννήθη.

1135 5175 1327 5246 Caput
1348 5177 1415 5233 II.

2878 5175 3066 5249 Κεφάλ.
3100 5182 3171 5234 Β“.

525 5280 692 5349 Quod
711 5289 923 5340 natum
961 5290 1044 5341 est
1071 5299 1147 5343 ea:
1168 5298 1521 5353 carne,caro
1543 5291 1670 5342 est:
1709 5290 1764 5342 et
1794 5284 1956 5357 quod
2003 5300 2110 5342 na-

2297 5290 2615 5341 ΙΩΑΝΝΗΣ.
2699 5287 2770 5337 Τὸ
2853 5289 3219 5360 γεγεννημένον
3313 5283 3368 5338 ἐκ
3448 5295 3545 5348 τῆς
3645 5282 3832 5365 σαρκὸς

473 5605 631 5695 uti?)
666 5604 1070 5695 Combe‘ﬁ'sius
1112 5606 1251 5695 sibi,
1287 5606 1692 5695 l'egerejvisus
1739 5605 2097 5695 i’ntutroque

2225 5612 2323 5664 tur
2340 5607 3110 5695 duntaratin‘Mazarino,_
3137 5607 3308 5667 deest
3360 5624 3499 5679 vero
3549 5610 3611 5689 in
3649 5612 3834 5695 Regio

448 5674 747 5733 iib'ro'suo
778 5674 1046 5730 ἀποδώσει
1075 5697 1159 5732 σοι
1190 5674 1383 5740 αύτόςῖ
1417 5677 1528 5736 sed
1560 5694 1683 5737 τοι
1702 5678 1859 5746 αὐτὸς
1889 5674 2072 5766 reperi

2225 5680 2477 5752 perinde
2503 5679 2658 5761 utin
2690 5684 2946 5753 utraque
2972 5674 3253 5737 editione.
3439 5674 3479 5679 ”
3554 5674 3562 5683 ’
3598 5678 3605 5689 “
3660 5681 3690 5695 ⁸⁵
3736 5674 3743 5703 ‘
