4112 6392
195 369 283 422 741
1714 363 2045 422 ΜΟΗΑΙᾸΛ.

3453 377 3556 432 742

193 493 375 557 έθανεν,
441 493 524 543 ῖνα
589 493 636 542 οι
683 491 868 550 ζῶντες
918 495 1105 561 μηκέτι
1165 491 1368 552 edurat;
1442 493 1622 557 ἔωσιν,
1660 490 1786 541 ἀλλὰ

1925 507 2066 547 mem
2104 493 2452 562 frangimus
2539 493 2746 550 nonne
2806 496 3202 564 participalio
3287 501 3556 570 corporis

193 590 259 651 τῷ
349 582 474 654 ὑπὲρ
573 580 739 632 αὐτῶν
808 578 1136 647 ἀποθανόντι,
1193 586 1284 632 καὶ
1376 580 1654 652 ἐγερθέντι,
1721 581 1786 640 εἰς

192 673 245 722 τὸ
289 671 529 740 γενέσθαι
580 673 696 730 τοῦς
736 669 951 730 πολλοὺς
1000 668 1046 721 ἓν
1108 678 1260 741 σῶμα
1308 669 1355 722 ἐν
1414 678 1775 744 ’Χριστῷ......

193 765 354 812 ΠΡΟΣ
425 765 570 813 ΚΟΡ.
657 758 720 815 α’.
804 759 860 811 Ὀ
912 760 1069 832 ἄρτος
1136 758 1188 810 ὃν
1248 759 1441 831 κλῶμεν
1501 763 1629 830 οὐχὶ
1677 779 1785 812 κοι-

188 853 337 901 νωνία
396 855 486 900 τοῦ
548 852 790 920 σώματος
852 857 942 902 τοῦ
1017 856 1246 922 χριστοῦ
1323 846 1655 915 ἐστιν;”()ἑι
1722 851 1791 912 εἷς

191 936 240 989 ἐκ
279 946 368 990 τοῦ
401 938 509 999 ἐνὸς
529 939 686 1012 οῐρτον
720 938 831 1009 (4-4)
858 942 1162 1011 μετέχομεν.

188 1027 303 1079 Ὀτι
348 1024 428 1080 δεῖ
472 1031 557 1080 τὸν
594 1027 1051 1100 μεταλαμϐάνοντα
1105 1027 1205 1080 τῶν
1255 1027 1416 1099 ἁγίων
1465 1029 1639 1101 ὑμνεῖν
1695 1032 1786 1082 τὸν

887 1121 993 1193 Κύρ
1004 1137 1096 1173 ιον.

827 1207 1014 1279 Κεφάλ.
1073 1206 1140 1262 Δ’.

259 1301 303 1347 Μ
314 1299 476 1346 ΑΤΘΑ
488 1300 611 1348 ΙΟΣ.
693 1297 999 1349 Ἐσθιόντων

191 1383 256 1440 ’1η
269 1391 386 1442 σονς
464 1387 549 1435 τὸν

1105 1294 1164 1350 δὲ
1242 1297 1430 1366 αὐτῶν,
1514 1296 1680 1351 λαϐὼν
1756 1300 1780 1350 ὁ

653 1386 829 1459 ἄρτον,
919 1392 1010 1438 καὶ
1081 1385 1482 1461 εὐχαριστήσας
1576 1387 1780 1457 ἕκλασε,

187 1477 270 1525 καὶ
327 1469 510 1526 ἐδίδου
573 1482 683 1535 τοῖς
739 1476 1022 1548 μαθηταῖς,
1073 1479 1266 1529 καὶτὰ
1317 1476 1451 1539 ἑξῆς.
1514 1474 1606 1539 Οἷς
1674 1477 1784 1530 ἐπι-

189 1581 338 1635 φερευ

190 1652 418 1706 Ἐλαιῶν.

428 1567 526 1615 Καὶ
607 1565 929 1636 ὑμνήσαντες
994 1564 1202 1628 ἐξῆλθον
1252 1566 1324 1629 εἰς
1386 1570 1444 1619 τὸ
1501 1568 1618 1640 ὅρος
1682 1577 1782 1620 τῶν

827 1751 992 1798 ΟΡΟΣ
1027 1744 1139 1800 ΚΒ’.

187 1829 299 1884 Ὅτι
365 1832 395 1889 ἡ
447 1830 673 1907 ἐργασία
724 1841 819 1894 τῆς
867 1834 1129 1910 ἁμαρτίας
1183 1833 1522 1908 ἀπαλλοτριοῖ
1557 1843 1650 1889 τοῦ
1686 1844 1785 1888 Κυ-

501 1925 638 1995 ρίου,
675 1927 764 1974 καὶ
785 1930 1091 1998 προσοκειοῖ
1109 1931 1181 1995 τῷ
1210 1920 1457 1997 διαϐόλῳ.

824 2013 1009 2086 Κεράλ.
1069 2012 1144 2070 Α’.

254 2105 572 2155 ΙΩΑΝΝΗΕ.
660 2101 843 2174 Ἀμὴν,
935 2101 1072 2176 ἀμὴν
1151 2103 1282 2176 λέγω
1352 2105 1494 2177 ὑμῖν,
1566 2105 1646 2157 ὅτι
1687 2111 1786 2165 πᾶς

189 2191 424 2241 οποιὼν
506 2195 598 2248 τήν
661 2190 941 2264 ἁμαρτίαν,
1024 2189 1206 2254 δοῦλός
1287 2192 1398 2246 ἐστι
1454 2203 1545 2254 τῆς
1612 2194 1787 2270 ἁμαρ-

185 2284 315 2340 τίας.
397 2287 548 2352 Υμεῑς
615 2279 677 2332 «ἐκ
769 2289 859 2333 τοῦ
936 2285 1136 2357 πατρὸς
1180 2291 1270 2336 τοῦ
1331 2280 1581 2337 διαϐόλου
1651 2283 1782 2358 ἐστὲ,

187 2374 273 2423 καὶ
377 2371 466 2430 τὰς
565 2367 845 2443 ἐπιθυμίας
928 2378 1020 2424 τοῦ
1117 2375 1316 2447 πατρὸς
1395 2373 1536 2446 ὑμῶν
1626 2373 1789 2428 θέλετε

189 2465 369 2514 ποιεῖν.
439 2465 606 2512 ΠΡΟΣ
683 2467 840 2515 PRM.
913 2459 1034 2513 Ὃτε
1122 2463 1224 2535 γὰρ
1303 2459 1483 2516 δοῦλοι
1541 2464 1632 2522 ἦτε
1692 2472 1788 2527 τῆς

192 2547 465 2622 ἁμαρτίας,
500 2547 754 2624 ἐλεύθεροι
782 2550 873 2608 ire
896 2558 959 2623 τῇ
994 2547 1334 2625 ὃίκαιοσύνπρ.

190 2635 307 2689 *Οτι
340 2640 368 2696 ἠ
569 2641 694 2714 πρὸς
759 2643 845 2693 τὸν
905 2643 1092 2716 Κύριον
1159 2641 1414 2703 οἰκειότης
1468 2642 1560 2695 οὐκ
1617 2641 1665 2694 ἐν
1721 2650 1784 2717 τῇ

258 2729 391 2780 κατὰ
477 2730 651 2802 σάρκα
722 2735 998 2802 συγγενείᾳ
1067 2731 1400 2806 γνωρίζεται,
1465 2729 1574 2784 ἀλλ’
1627 2731 1678 2785 ἐν
1721 2741 1783 2806 τῇ

259 2813 466 2890 σπουό
499 2826 598 2871 τῶν
631 2817 930 2890 θελημάτων
960 2827 1049 2871 τοῦ
1073 2828 1206 2872 Θεοῦ
1227 2823 1589 2896 κατορθοῦται.

829 2907 1011 2982 Κεράλ.
1075 2908 1143 2964 Β’.

263 2999 586 3050 ΙΩΑΝΝΙΙΣ.
639 2994 697 3046 Ὀ
755 2997 820 3046 ὢν
871 2995 918 3047 ἐν
967 2993 1057 3049 τοῦ
1104 3006 1238 3052 Θεοῦ
1290 3001 1356 3052 τὰ
1409 3001 1624 3074 ῥήματα
1697 3008 1790 3054 τοῦ

195 3091 329 3137 Θεοῦ
420 3082 616 3142 ἀκούει.
699 3091 1001 3141 ΛΟΥΚΑΣ.
1098 3093 1197 3140 Καὶ
1295 3087 1560 3162 ἀπηγγέλη
1651 3091 1791 3162 αὐτῷ

187 3171 456 3244 λεγόντων·
537 3173 595 3227 Ἠ
676 3181 848 3250 μήτηρ
934 3195 1028 3229 σου
1114 3182 1204 3230 καὶ
1289 3181 1337 3231 οἱ
1417 3177 1632 3254 ἀδελφοί
1696 3201 1790 3234 σου

1880 853 2055 924 ἄρτος,
2122 851 2170 903 ἓν
2241 860 2392 925 σῶμα
2456 854 2505 904 οἱ
2561 851 2739 904 πολλοί
2799 850 2968 924 ἐσμεν.

1899 582 2583 649 C/iristiesl?Quoniam
2624 599 2778 638 unus
2823 585 3022 651 panis,
3086 600 3273 640 unum
3337 603 3555 656 corpus

1898 673 2078 726 multi
2096 688 2318 728 sumus.
2356 676 2566 729 Omnes
2590 676 2744 728 enim
2776 673 2848 728 de
2879 688 2998 728 uno
3025 689 3186 743 pane
3220 679 3556 746 participa-

1899 777 2028 815 mus
2058 765 2103 829 (Ι
2130 762 2268 818 Cor.
2302 779 2358 833 κ,
2391 763 2477 829 16,
2516 764 2622 832 l7).

3064 855 3128 904 Οἱ
3212 856 3312 927 γὰρ
3377 855 3558 914 πάντες

1896 1028 2065 1094 Quod
2096 1029 2344 1102 hymnis
2397 1028 2746 1085 laudandus
2768 1027 2839 1084 sit
2871 1028 3162 1085 Dominus
3211 1029 3289 1086 ab
3341 1047 3412 1087 eo
3452 1027 3558 1104 qui

2422 1124 2632 1175 sancta
2713 1118 3035 1190 participat
3496 1137 3503 1143 ν

2533 1210 2754 1278 Caput.
2807 1209 2907 1264 lV.

1967 1297 2296 1352 Edentibus
2322 1303 2521 1354 autem
2553 1299 2698 1364 illis,
2733 1300 2962 1366 accepit
2993 1299 3168 1355 Jesus
3199 1313 3438 1367 panem,
3501 1305 3557 1355 et

1893 1401 2026 1440 cum
2071 1388 2305 1456 gratias
2364 1388 2594 1456 egisset,
2659 1390 2846 1458 fregit
2905 1388 3185 1458 deditque
3233 1388 3550 1456 discipulis

1893 1474 2135 1545 (Matth.
2168 1491 2326 1542 xxw,
2350 1476 2456 1547 26).
2479 1481 2535 1531 et
2562 1493 2699 1549 quas
2728 1482 3080 1548 sequuntur.
3108 1476 3332 1541 Quibus
3347 1477 3560 1547 adjun-

1895 1563 1980 1634 git
2008 1579 2019 1616 :
2049 1565 2118 1619 Et
2173 1565 2395 1634 hymno
2444 1565 2626 1638 dicto,
2677 1568 2956 1622 exierunt
2987 1566 3049 1622 in
3074 1571 3328 1622 montem
3357 1567 3558 1622 Oliva-

1894 1669 2032 1709 rum
2063 1653 2232 1724 (ibid.
2260 1656 2377 1722 30).

2483 1745 2764 1800 REGULA
2841 1746 2988 1799 XXII

1897 1830 2070 1897 Quod
2095 1835 2434 1903 peccatum,
2465 1848 2604 1888 cum
2629 1837 3030 1906 perpetratur,
3063 1832 3369 1889 abalienat
3395 1849 3430 1890 a
3448 1835 3566 1889 Do-.

2037 1921 2206 1978 mino
2240 1939 2252 1978 :
2289 1921 2563 1978 conciliat
2589 1938 2734 1979 vero
2761 1926 2818 1980 et
2848 1921 3126 1994 adjungit
3149 1922 3411 1978 diabolo.

2580 2012 2780 2082 Caput
2846 2017 2890 2071 l.

1967 2101 2181 2172 Amen,
2230 2117 2402 2158 amen
2456 2102 2589 2158 dico
2645 2103 2831 2172 vobis,
2860 2101 3022 2172 quod
3053 2102 3244 2158 omnis
3275 2103 3382 2173 qui
3402 2101 3558 2171 facit

1893 2196 2228 2260 peccatum,
2261 2206 2466 2248 servus
2498 2196 2578 2247 est
2609 2193 2843 2259 peccati
2873 2192 3062 2261 (Joan.
3105 2207 3225 2257 vni,
3251 2193 3412 2256 34)...
3450 2191 3558 2246 Vos

1898 2293 1974 2337 ex
1993 2286 2173 2348 patre
2212 2280 2452 2337 diabolo
2473 2283 2630 2347 estis,
2658 2287 2715 2337 et
2763 2281 3063 2336 desideria
3117 2281 3312 2348 patris
3379 2281 3562 2336 vestri

1897 2370 2077 2425 vultis
2123 2370 2326 2439 facere
2375 2369 2521 2442 (ibid
2570 2370 2737 2441 44)...
2788 2370 2939 2426 Cum
2987 2371 3144 2426 enim
3172 2369 3333 2425 servi
3362 2369 3559 2428 essetis

1893 2459 2153 2529 peccati,
2177 2459 2356 2516 liberi
2373 2459 2578 2529 fuistis
2614 2460 2868 2529 iustitiae
2888 2459 3078 2530 (Rom.
3113 2474 3196 2530 τι,
3228 2459 3343 2529 20).

1902 2636 2074 2703 Quod
2134 2636 2516 2693 necessitudo
2565 2652 2706 2695 cum
2756 2636 3012 2694 Domino
3057 2651 3184 2694 non
3241 2635 3305 2692 in
3352 2636 3556 2694 carnis

1973 2726 2149 2798 255
2183 2726 2607 2798 conjunctione
2651 2726 2942 2795 noscitur,
2971 2725 3078 2782 sed
3110 2726 3172 2782 in
3222 2725 3426 2782 studio
3465 2725 3555 2782 di-

1971 2817 2122 2872 vinae
2153 2816 2481 2890 implendas
2513 2816 2838 2874 voluntatis
2871 2816 3197 2888 perﬁcitur.

2579 2909 2780 2977 Caput
2810 2911 2878 2964 ll.

1975 2995 2088 3063 Qui
2111 3010 2187 3052 ex
2214 2996 2333 3052 Deo
2356 3001 2460 3058 est,
2494 2996 2678 3054 verba
2706 2999 2820 3052 Dei
2844 2997 3016 3053 audit
3035 2996 3232 3068 (Joan.
3257 3011 3378 3063 Vlll,
3401 2997 3559 3066 47)...

1900 3085 1979 3140 Ει
2043 3087 2390 3142 nuntiatum
2451 3091 2535 3141 est
2564 3085 2685 3155 illi,
2708 3086 3057 3158 dictumque
3080 3099 3104 3142 .'
3124 3085 3324 3141 Mater
3353 3093 3479 3154 tua,
3503 3090 3562 3141 et

1897 3177 2134 3245 fratres
2158 3176 2250 3230 tui
2272 3180 2436 3231 stant
2453 3176 2632 3244 foris,
2666 3175 2930 3232 volentes
2961 3179 3017 3231 te
3045 3175 3268 3231 videre.
3296 3174 3412 3241 Qui
3447 3189 3562 3230 res-

193 3261 481 3321 ἑστήκασιν
563 3264 676 3332 ἔξω,
764 3262 895 3319 ἰδεῖν
980 3284 1037 3320 σε
1097 3266 1342 3330 θέλοντες.
1412 3268 1468 3321 '0
1531 3267 1591 3323 δὲ
1668 3268 1793 3324 απο-

1925 3265 2169 3323 )οηοιεηε
2195 3266 2350 3322 dixit
2377 3266 2460 3322 ad
2479 3281 2573 3322 eos
2601 3265 2830 3323 :Maler
2848 3280 2980 3322 mea
3009 3271 3063 3322 et
3093 3265 3322 3336 fratres
3353 3264 3470 3321 mei
3499 3263 3567 3320 hi

189 3353 384 3426 κριθεὶς
478 3353 612 3407 εἶπεν
704 3353 902 3417 αὐτοῖς’
997 3361 1184 3428 Μήτηρ
1261 3377 1361 3429 μου
1423 3363 1513 3410 καὶ
1580 3355 1794 3432 ἀδελφοί

191 3461 292 3515 μου
361 3442 506 3495 οὗτοί
555 3443 667 3514 (46)
722 3443 851 3496 εἰσιν
927 3445 976 3496 οἱ
1001 3447 1087 3496 τὸν
1125 3444 1275 3517 λόγον
1304 3454 1395 3499 τοῦ
1420 3455 1553 3500 Θεοῦ
1585 3446 1797 3502 ἀκούον-

192 3551 276 3594 τες
330 3537 420 3584 καὶ
483 3539 766 3594 ποιοῦντες.
832 3538 1151 3586 ΙΩΑΝΝΗΣ.
1214 3533 1383 3606 Ὑμεῖς
1472 3536 1608 3609 φίλοι
1694 3557 1795 3610 μου

193 3619 328 3689 ἕστε,
377 3619 460 3673 ὄάν
521 3630 706 3680 ποιῆτε
769 3623 869 3675 ὅσα
935 3621 1032 3695 ἐγὼ
1094 3622 1391 3696 ἐντέλλομαι
1452 3626 1594 3698 ὑμῖν.
1627 3632 1800 3680 ΠΡΟΣ

193 3718 352 3767 ΡΩΜ.
410 3710 567 3765 Ὀσοι
622 3715 722 3786 γὰρ
792 3715 1057 3786 Πνεύματι
1123 3721 1257 3768 Θεοῦ
1346 3715 1588 3787 ἄγονται,
1654 3715 1799 3771 οὗτοι

193 3801 300 3851 υίοὶ
343 3806 477 3852 Θεοῦ
499 3799 650 3856 εἰσιν.

831 3899 998 3946 ΟΡΟΣ
1039 3891 1154 3949 ΚΓ.

194 3974 315 4029 Ὀτι
380 3980 406 4030 ὁ
463 3980 601 4031 ἄκων
660 3980 926 4055 ἑλκόμενος
979 3983 1079 4034 ὑπὸ
1129 3982 1388 4058 ἁμαρτίας
1446 3984 1634 4058 ὀφείλει
1673 4008 1802 4059 γνω-

267 4071 428 4140 ρίζειν
496 4069 673 4123 ἑαυτὸν
723 4072 807 4144 ὑφ’
869 4072 1044 4147 ἐτέρας
1089 4078 1602 4150 προενυπαρχούσης
1666 4096 1800 4152 κρα-

268 4161 510 4232 τούμενον
603 4160 884 4236 ἁμαρτίας,
1063 4161 1189 4215 ἑκὼν
1272 4161 1550 4235 δουλεύων,
1616 4168 1802 4239 ἄγεται

269 4247 446 4302 λοιπὸν
477 4249 562 4303 ὑπ’
589 4251 720 4323 αὐτῇ
755 4253 864 4324 (47)
893 4257 984 4306 καὶ
1014 4251 1086 4325 ἐφ’
1110 4253 1145 4305 οἱ
1182 4259 1251 4326 μὴ
1279 4254 1428 4312 θελει.

847 4428 1030 4487 Κεράλ.
1083 4429 1160 4487 Δ’.

847 4449 913 4481 λε
950 4449 1030 4484 αλ.
1083 4449 1160 4487 Δ.

278 4521 447 4568 ΠΡΟΣ
501 4523 658 4570 PRM.
704 4449 943 4590 Uidetur:
992 4516 1070 4586 δὲ,
1122 4520 1204 4573 ὅτι
1269 4519 1296 4571 ὁ
1351 4538 1501 4593 νομος
1567 4543 1804 4598 πνευμα-

196 4609 344 4666 τικός
429 4603 591 4659 ἐστιν·

201 4714 285 4758 νος
337 4697 455 4768 (48)
509 4698 610 4750 ὑπὸ
657 4701 750 4756 τὴν
797 4697 1078 4773 ἁμαρτίαν.
1147 4696 1213 4751 Ὃ
1240 4699 1340 4773 γὰρ
1388 4702 1804 4776 κατεργάζομαι,

201 4784 263 4840 οὐ
328 4791 590 4859 γινώσκω.
657 4787 734 4840 Οὐ
823 4790 924 4864 γὰρ
983 4788 1011 4842 ὃ
1082 4788 1229 4858 θέλω,
1320 4797 1473 4844 τοῦτο
1555 4793 1802 4866 πράσσωο

199 4874 309 4929 ἀλλ’
361 4877 389 4928 ὃ
435 4885 597 4949 μισῶ,
665 4885 819 4931 τοῦτο
893 4887 1046 4936 ποιῶ.
1079 4878 1142 4933 Εἰ
1189 4874 1250 4932 δέ
1288 4877 1314 4931 ὃ
1363 4879 1422 4932 οὐ
1465 4880 1610 4950 Θέλω,
1656 4889 1808 4937 τοῦτο

196 4973 356 5034 ποιῶ,
413 4968 657 5039 σύμφημι
703 4976 776 5038 τῷ
834 4972 994 5042 νόμῳ,
1041 4969 1120 5022 ὅτι
1159 4968 1335 5033 καλός.
1385 4973 1516 5026 Νυνὶ
1571 4967 1632 5024 δε
1689 4972 1807 5027 οὐκ·

195 5074 252 5110 τι
327 5054 426 5128 ίγὼ
494 5058 881 5130 κατεργάζομαι
988 5059 1138 5131 αὐτὸ,
1206 5058 1314 5114 ἀλλ’
1377 5061 1408 5122 ἡ
1473 5061 1693 5119 οἰκοῦσα
1753 5063 1807 5118 ἓν

271 5330 384 5401 (lui)
419 5328 894 5412 Utraque-editio
915 5329 968 5384 ἐκ
993 5338 1085 5385 τοῦ
1109 5333 1269 5408 ἄρτου
1299 5331 1392 5389 τοῦ
1419 5333 1548 5398 ἑνός.
1581 5338 1654 5394 At
1682 5335 1808 5395 duo

199 5417 352 5456 mss.
387 5407 451 5456 ut
481 5406 541 5457 in
574 5406 880 5459 contextu.

273 5472 515 5599 {ﬂuam
542 5478 776 5530 veteres
817 5475 940 5532 duo
970 5473 1129 5533 libri.
1183 5479 1407 5537 Vocula
1457 5481 1486 5538 ἡ
1533 5479 1702 5538 deest
1743 5479 1806 5537 in

202 5558 544 5695 Ῡῃέἕῶῐλῗοχ
570 5612 732 5695 eiset,
765 5634 904 5695 quae
935 5619 997 5675 in
1024 5625 1280 5694 utraque
1305 5622 1565 5682 editione
1589 5623 1808 5695 legitur

199 5701 240 5742 a
271 5687 580 5744 veteribus
599 5687 767 5746 libris
785 5687 984 5748 abest.
1179 5687 1202 5694 “
1484 5739 1486 5744 .

1903 3361 2065 3423 sunt,
2124 3355 2229 3427 qui
2281 3355 2527 3411 verbum
2590 3356 2696 3412 Dei
2714 3355 3000 3422 audiunt,
3040 3361 3094 3410 et
3123 3355 3363 3424 faciunt
3398 3355 3560 3421 (Luc.

1904 3459 2016 3506 vm,
2038 3447 2128 3512 20,
2159 3445 2332 3515 21)...
2377 3445 2486 3500 Vos
2510 3443 2695 3501 amici
2711 3448 2824 3500 mei
2850 3445 3010 3515 estis,
3040 3443 3094 3499 si
3115 3442 3383 3512 feceritis
3427 3455 3564 3514 qua

1906 3547 2010 3603 ego
2062 3535 2355 3603 praecipio
2404 3535 2568 3591 vobis
2615 3535 2815 3605 (Joan.
2866 3550 2960 3602 xv,
3018 3533 3174 3602 lli)...
3208 3533 3564 3603 Quicunque

1906 3623 2062 3678 enim
2084 3623 2321 3691 Spiritu
2348 3625 2461 3680 Dei
2485 3629 2778 3697 aguntur,
2810 3623 2857 3682 ii
2892 3628 3033 3681 sunt
3053 3621 3176 3692 ﬁlii
3208 3623 3320 3679 Dei
3369 3623 3560 3690 (Rom.

1907 3726 2031 3780 vm,
2067 3713 2181 3783 14).

2482 3891 2762 3947 REGULA
2823 3895 3004 3955 XXIII.

1912 3980 2085 4048 Quod
2115 3980 2222 4054 qui
2242 3984 2457 4053 praeter
2476 3982 2849 4038 voluntatem
2876 3984 3133 4040 trahitur
3162 4000 3197 4040 a
3223 3986 3493 4056 peccato,
3516 3981 3566 4038 is

1982 4071 2314 4142 intelligere
2345 4071 2543 4138 debet,
2599 4087 2662 4128 se
2687 4071 2766 4128 ab
2796 4071 2914 4128 alio
2937 4078 3208 4144 peccato,
3237 4073 3406 4146 prius
3436 4089 3473 4128 a
3503 4088 3566 4128 se

1983 4162 2337 4228 commisso,
2359 4163 2750 4219 constrictum
2778 4163 2987 4232 teneri,
3020 4163 3118 4219 cui
3149 4169 3363 4236 sponte
3383 4164 3570 4220 inser-

1984 4253 2170 4320 viens,
2202 4251 2450 4310 tandem
2472 4252 2705 4325 rapitur
2734 4251 2814 4309 ab
2843 4252 2981 4326 ipso
3002 4253 3188 4310 etiam
3209 4252 3290 4310 ad
3311 4269 3386 4311 ea
3429 4269 3568 4326 quae

1983 4358 2110 4400 non
2135 4341 2284 4399 vult.

2594 4431 2792 4501 Caput
2849 4432 2890 4488 Ι.

1982 4521 2215 4579 Scimus
2246 4521 2403 4577 enim
2433 4521 2593 4593 quod
2623 4523 2722 4578 lex
2751 4521 3094 4591 spiritualis
3119 4528 3226 4590 est,
3252 4538 3356 4594 ego
3371 4528 3571 4580 autem

685 4604 785 4679 ἐγὼ
875 4603 936 4662 δὲ
1021 4611 1267 4684 σαρκικός
1350 4609 1476 4682 εἰμι,
1532 4617 1793 4688 πεπραμέ-

1925 4611 2185 4671 carnalis
2209 4626 2361 4674 sum,
2385 4610 2768 4667 venundatus
2788 4609 2896 4666 sub
2926 4615 3193 4679 pcccato.
3224 4611 3395 4678 Quod
3415 4613 3570 4668 enim

1915 4716 2150 4773 operor,
2207 4715 2331 4758 non
2368 4700 2665 4770 intelligo.
2715 4699 2851 4756 Non
2901 4699 3058 4755 enim
3087 4699 3244 4768 quod
3274 4701 3430 4769 volo,
3461 4699 3574 4757 hoc

1915 4807 2062 4864 ago:
2090 4789 2367 4862 sedquod
2387 4788 2507 4855 odi,
2520 4787 2874 4858 illudfacio.
2892 4785 2961 4843 Si
2979 4791 3176 4842 autem
3205 4786 3368 4858 quod
3408 4786 3571 4855 nolo,

1913 4881 2075 4938 illud
2102 4881 2289 4951 facio,
2312 4879 2614 4936 consentio
2639 4877 2758 4947 legi
2783 4875 2943 4949 quod
2966 4875 3121 4932 bona
3140 4880 3244 4931 est.
3267 4874 3449 4930 Nunc
3469 4889 3574 4930 au-

1917 4976 2032 5028 tem
2046 4973 2182 5040 jam
2207 4985 2328 5026 non
2353 4983 2459 5040 ego
2499 4982 2716 5037 operor
2756 4965 3049 5035 illud,sed
3068 4963 3229 5036 quod
3241 4963 3473 5020 habitat
3506 4963 3572 5020 in

1915 5075 2008 5118 me
2029 5063 2360 5132 peccatum.
2390 5057 2532 5116 Scio
2549 5057 2708 5114 enim
2729 5055 2891 5129 quod
2905 5071 3028 5112 non
3067 5053 3301 5112 habitat
3338 5053 3403 5110 in
3459 5068 3572 5122 me,

1989 5332 2104 5405 (47)
2119 5333 2261 5400 Reg.
2283 5325 2581 5405 tertiusiu’
2600 5325 2730 5399 αὐτῇ
2741 5324 2998 5405 ._Ib_iden1
3004 5322 3311 5405 duomss.
3324 5325 3399 5405 μέ)
3432 5319 3572 5405 ϐέλη.

1990 5395 2104 5473 (48)
2134 5395 2395 5473 Utraque
2424 5399 2607 5456 editio
2637 5395 2886 5471 perinde
2908 5401 2972 5473 ut
2995 5395 3337 5473 Gombeﬁsii
3360 5395 3575 5473 Regius

1918 5467 2112 5533 codei
2157 5467 2537 5546 πεπραγμένος,
2579 5467 2880 5546 οᾴιτίλιρῐιιἐ
2911 5467 3074 5546 Regii
3103 5468 3425 5546 primuset
3454 5467 3571 5546 ter-

1917 5538 2394 5618 ῒίιιεπεπραμξνος,
2427 5538 2779 5599 emendate:
2843 5539 3012 5618 Q__uod
3049 5538 3276 5618 notavit
3319 5538 3574 5618 Combe-

1916 5621 2111 5688 ﬁsius,
2153 5610 2278 5688 legi
2323 5617 2387 5672 in
2425 5619 2576 5688 Reg.
2621 5630 2732 5669 suo
2771 5612 2976 5668 codice
3027 5614 3371 5685 πεπραμένος,
3393 5610 3457 5666 in
3502 5625 3575 5666 eo

1917 5686 2121 5766 ipsum
2143 5686 2389 5763 lapsum
2412 5686 2598 5745 fuisse
2623 5699 2866 5766 moneo.
