4112 6392
507 349 611 409 743

509 478 622 535 hoc
650 482 734 534 est
777 475 843 532 in
895 488 1080 531 carne
1124 489 1280 545 mea,
1327 474 1543 530 bonum
1598 490 1612 528 :

498 572 666 636 Jacet
697 565 870 631 mihi,
898 565 1188 633 perﬁcere
1207 569 1411 620 autem
1462 562 1700 630 bonum,
1743 578 1863 619 non
1908 563 2161 619 invenio.

505 657 643 711 Non
672 656 829 712 enim
857 654 1020 725 quod
1043 655 1195 723 volo,
1227 654 1391 723 facio
1407 652 1625 710 bonum
1664 671 1674 705 :
1702 654 1807 709 sed
1832 652 1994 724 quod
2026 653 2167 707 nolo

506 745 758 810 malum,
829 743 940 799 hoc
977 758 1112 813 ago.
1148 743 1218 798 Si
1263 750 1460 799 autem
1507 743 1668 814 quod
1688 744 1826 798 nolo
1850 756 1978 811 ego,
2006 740 2168 797 illud

505 835 668 906 facio
688 850 701 889 :
725 836 851 902 iam
870 848 991 890 non
1022 847 1130 904 ego
1149 848 1385 903 operor,
1415 832 1598 901 illud,
1626 832 1730 888 sed
1746 831 1908 904 quod
1927 830 2166 888 habitat

507 926 573 981 in
594 937 688 981 me
709 929 1025 994 peccatum
1048 924 1240 990 (Rom.
1274 938 1376 994 vn,
1409 923 1626 993 14-20).

1074 1101 1360 1158 REGULA
1398 1094 1590 1156 ῚΧΧΝ.
1917 1155 1921 1159 .

507 1192 680 1259 Quod
725 1206 850 1249 non
903 1190 1318 1255 mendacium,
1369 1189 1480 1245 sed
1530 1204 1743 1245 verum
1787 1187 1850 1245 in
1875 1186 2164 1244 omnibus

1180 1279 1509 1337 dicendum

1200 1369 1400 1440 Caput
1432 1373 1472 1425 Ι,

576 1461 670 1517 Sit
716 1465 915 1516 autem
969 1474 1157 1515 sermo
1212 1465 1426 1526 vester,
1478 1459 1609 1526 Est,
1667 1464 1750 1515 est
1784 1475 1798 1515 :
1831 1459 1989 1526 Non,
2047 1472 2165 1514 non

505 1550 668 1623 quod
689 1556 891 1607 autem
913 1549 1005 1605 his
1021 1548 1432 1605 abundantius
1449 1554 1600 1609 est.a
1626 1550 1787 1607 malo
1817 1554 1902 1605 est
1917 1548 2167 1617 (Matth.

505 1656 567 1704 ν,
591 1644 621 1696 3
638 1645 754 1703 ἶ)...
782 1642 1155 1710 Deponentes
1174 1639 1577 1706 mendacium,
1612 1639 1930 1709 loquimini
1953 1639 2167 1694 verita-

509 1734 626 1786 tem
655 1730 1066 1801 unusquisque
1093 1743 1227 1785 cum
1250 1729 1527 1798 proximo
1553 1728 1918 1797 suo(Ephes.
1944 1742 2023 1795 iv,
2050 1728 2164 1798 22).

612 1818 820 1875 Nolite
847 1819 1091 1874 mentiri
1125 1817 1377 1873 invicem
1403 1817 1740 1887 (Cutoss.u,
1768 1816 1848 1887 9).

1073 1909 1356 1964 REGULA
1430 1909 1585 1963 XXV.

508 2006 681 2074 Quod
707 2004 1078 2080 quaestiones
1098 2004 1340 2061 inutiles
1359 2010 1417 2062 et
1436 2004 1829 2062 contentiosa:
1870 2020 1996 2063 non
2026 2008 2166 2062 sunt

1177 2093 1490 2151 faciendae.

1190 2187 1405 2255 Caput.
1466 2189 1487 2242 Ι

577 2277 718 2334 Haec
747 2290 1072 2345 commone,
1106 2276 1434 2346 testiﬁcaris
1459 2289 1664 2332 coram
1690 2275 1945 2331 Domino
1987 2289 2010 2331 .'
2038 2274 2169 2331 noli

510 2366 868 2423 contendere
887 2365 1080 2422 verbis
1097 2365 1181 2421 ad
1190 2365 1428 2421 nullam
1453 2365 1806 2431 utilitatem,
1820 2364 1905 2421 ad
1918 2364 2165 2421 subver-

507 2457 731 2513 sionem
763 2455 1137 2512 audientium
1170 2454 1248 2525 (Ιι
1279 2454 1425 2511 Tim.
1459 2470 1519 2523 ιι,
1568 2453 1724 2526 l-l)...
1776 2453 2014 2511 Stultus
2060 2467 2167 2510 au-

506 2551 622 2602 tem
673 2550 729 2601 et
780 2545 914 2602 sine
938 2544 1265 2614 disciplina
1313 2545 1663 2616 quaestiones
1708 2543 1931 2615 devita,
1974 2558 2165 2600 sciens

505 2635 666 2706 quod
693 2639 982 2706 generant
1016 2634 1149 2689 lites
1180 2632 1328 2700 (ibid
1352 2634 1469 2703 23).

507 2723 680 2790 Quod
724 2739 847 2779 non
895 2728 1038 2779 sunt
1097 2721 1464 2796 proferenda
1512 2720 1695 2779 verba
1762 2721 1978 2790 otiosa,
2026 2736 2165 2795 quae

581 2815 758 2887 256
781 2813 929 2869 nihil
957 2813 1227 2870 utilitatis
1266 2812 1545 2874 afferant.
1573 2814 1806 2871 Etenim
1833 2814 2019 2887 loqui,
2058 2818 2166 2871 aut.

577 2904 761 2959 etiam
816 2903 1013 2959 facere
1044 2902 1248 2976 ipsum
1277 2902 1511 2960 bonum
1553 2919 1678 2960 non
1708 2902 1788 2961 ad
1813 2902 2163 2960 aediﬁcatio-

575 3008 719 3050 nem
743 2993 906 3062 fidei,
936 2993 1000 3049 id
1029 2998 1311 3050 sanctum
1343 2993 1443 3051 Dei
1483 2994 1769 3068 Spiritum
1796 2994 2034 3052 tristitia
2078 2993 2164 3050 af-

576 3084 719 3141 ﬁcit.

1175 3175 1376 3244 Caput
1420 3174 1490 3230 ll.

577 3265 722 3321 Dico
767 3267 965 3320 autem
1020 3263 1205 3335 vobis,
1252 3263 1412 3336 quod
1457 3264 1532 3321 de
1575 3264 1741 3321 omni
1767 3265 1947 3321 verbo
1975 3264 2162 3321 otioso

504 3356 665 3427 quod
709 3353 897 3410 locuti
921 3353 1156 3424 fuerint
1184 3353 1468 3421 homines,
1500 3355 1753 3410 reddent
1772 3355 2066 3411 rationem
2095 3370 2161 3411 in

504 3443 836 3513 diejudicii
859 3441 1105 3513 (Matth.
1136 3457 1234 3509 xu,
1275 3445 1457 3513 36)....
1496 3443 1701 3499 Omnis
1747 3458 1940 3500 sermo
1983 3458 2162 3514 spur-

506 3548 609 3590 cus
640 3548 716 3590 ea:
753 3547 857 3589 ore
873 3538 1070 3589 vestro
1093 3547 1212 3588 non
1237 3532 1527 3602 procedat
1555 3550 1569 3589 :
1603 3534 1707 3590 sed
1731 3534 1787 3589 si
1815 3534 1945 3606 quis
1976 3533 2163 3590 bonus

503 3623 586 3681 ad
623 3622 1079 3692 wdiﬁcationem
1104 3623 1269 3692 ﬁdei,
1300 3629 1368 3678 ut
1392 3623 1494 3679 det
1541 3622 1807 3693 gratiam
1854 3623 2161 3679 audienti-

504 3713 632 3769 bus.
666 3712 742 3768 Et
780 3712 969 3768 nolite
988 3713 1356 3769 contristare
1378 3712 1677 3782 Spiritum
1706 3718 1979 3769 sanctum
2009 3712 2126 3769 Dei
2137 3727 2164 3769 .·

499 3802 564 3858 in
643 3816 759 3873 quo
824 3801 1126 3870 obsignati
1183 3800 1320 3857 estis
1369 3801 1433 3857 in
1511 3800 1665 3859 diem
1736 3800 2161 3872 redemptionis

503 3892 744 3962 (Ephes.
767 3907 844 3960 nr,
875 3894 968 3958 29,
994 3891 1106 3963 30).

1064 4070 1345 4127 REGULA
1416 4072 1595 4131 XXVI.

503 4160 679 4227 Quod
721 4159 974 4217 verbum
1016 4175 1196 4216 omne
1240 4165 1347 4218 aut
1399 4177 1495 4218 res
1564 4161 1909 4219 testimonio
1939 4160 2159 4218 divinae

577 4250 897 4323 Scriptum
918 4249 1307 4307 obﬁrmanda
1333 4256 1473 4308 sunt
1527 4252 1607 4308 ad
1644 4251 1941 4325 integram
1973 4253 2163 4310 bono-

572 4356 709 4396 rum
746 4339 1225 4414 persuasionem,
1278 4345 1335 4413 et
1381 4340 1461 4398 ad
1517 4342 1820 4399 malorum
1875 4357 2162 4400 verecun-

573 4429 760 4487 diam.

1185 4521 1386 4592 (‘aput
1439 4523 1482 4578 Ι.

570 4612 652 4668 Et
692 4611 980 4669 accedens
1025 4611 1108 4668 ad
1162 4627 1294 4669 eum
1345 4618 1613 4671 tentator
1649 4614 1809 4671 dixit
1840 4631 1855 4670 :
1882 4614 1950 4672 Si
1967 4615 2162 4673 Filius

500 4703 613 4759 Dei
628 4718 705 4774 es,
737 4703 834 4760 dic
855 4708 921 4759 ut
950 4702 1182 4773 lapides
1214 4703 1315 4758 isti
1333 4719 1523 4773 panes
1549 4705 1725 4773 ﬁant.
1754 4706 1871 4773 Qui
1914 4721 2159 4777 respon-

500 4791 648 4849 dens
677 4792 833 4850 dixit
860 4808 884 4850 .°
898 4793 1205 4863 Scriptum
1231 4799 1318 4850 est
1349 4811 1362 4849 :
1388 4795 1525 4851 Non
1554 4796 1618 4850 in
1647 4796 1773 4852 solo
1793 4810 1957 4866 pane
2006 4798 2163 4855 vivet

503 4882 698 4952 homo,
726 4883 829 4940 sed
857 4883 920 4939 in
951 4884 1118 4939 omni
1144 4883 1322 4939 verbo
1347 4883 1510 4954 quod
1524 4885 1799 4952 procedit
1826 4885 1897 4941 de
1929 4901 2028 4943 ore
2052 4887 2167 4944 Dei

502 4969 745 5042 (Matth.
789 4988 870 5041 iv,
930 4974 959 5026 3
995 4971 1190 5038 ;Deut
1209 4986 1329 5039 vm,
1355 4975 1480 5033 3)...
1512 4972 1590 5027 Et
1622 4973 1842 5042 repleti
1866 4980 2009 5031 sunt
2039 4990 2161 5033 om-

500 5077 603 5120 nes
650 5063 883 5132 Spiritu
928 5066 1155 5130 sancto,
1218 5064 1273 5118 et
1329 5067 1641 5131 coeperunt
1692 5064 1859 5135 loqui
1878 5065 2020 5120 aliis
2048 5066 2164 5122 lin-

500 5155 657 5226 guis,
694 5159 877 5223 prout
893 5152 1156 5221 Spiritus
1167 5157 1414 5208 sanctus
1427 5152 1616 5208 dabat
1630 5154 1835 5224 eloqui
1855 5154 1982 5210 illis
2001 5155 2070 5227 (Α
2082 5162 2163 5212 ct.

500 5243 699 5313 11,4)...
721 5241 1051 5313 Stupebant
1077 5246 1277 5297 autem
1308 5256 1528 5310 omnes,
1560 5248 1613 5296 et
1644 5243 2032 5299 miiabantur
2083 5244 2164 5300 ad

502 5332 778 5399 invicem,
806 5331 1069 5388 dicentes
1099 5345 1112 5384 :
1139 5330 1439 5399 Quidnam
1500 5333 1633 5388 vult
1689 5331 1800 5388 hoc
1830 5346 1955 5389 esse
1980 5335 2007 5389 ?
2035 5334 2168 5389 Alii

573 5619 693 5688 (49)
726 5614 1017 5672 Voculam
1047 5613 1369 5689 x‘utaddidi
1397 5631 1470 5689 ex
1492 5615 1762 5689 antiquis
1792 5618 1984 5676 libris.

577 5685 696 5762 (50)
731 5689 993 5762 Utraque
1019 5685 1201 5743 editio
1232 5685 1366 5759 λέγω
1394 5687 1537 5761 ὑμῖν.
1562 5685 1808 5747 Veteres
1864 5691 1991 5751 duo
2029 5691 2167 5754 libri

1872 351 1930 406 S.
1975 340 2230 406 BASILII
2270 349 2491 407 MAGNI

1668 489 1811 531 nam
1860 474 2017 530 velle
2053 473 2163 529 ad-

2282 471 2394 545 ἐμοὶ
2451 476 2703 552 ἁμαρτία.
2767 476 2909 533 Οἶδα
2969 477 3048 549 δί,
3103 482 3183 534 ὅτι
3234 482 3330 535 οὐχ
3367 482 3500 536 οἰκεῖ
3524 483 3575 536 ἐν
3596 483 3878 557 ἓμοι,τουτ

3772 362 3879 418 744

2280 563 2444 634 ἔστιν,
2508 567 2560 619 ἐν
2625 576 2688 641 τῇ
2744 575 2902 645 σαρκί
2954 590 3077 643 μου,
3128 571 3346 644 ἀγαθόν·
3419 576 3476 627 τὸ
3546 578 3648 648 γὰρ
3721 574 3878 628 θῆειν

2276 656 2587 728 παράκειταί
2671 677 2777 731 μοι,
2854 663 2914 712 τὸ
2983 656 3043 713 δε
3107 663 3528 735 κατεργάζεσθαι
3590 668 3655 722 τὴ
3721 663 3875 717 καλὸν

2275 742 2381 815 οὐχ
2429 746 2678 819 εὑρίσκω,
2735 746 2812 800 Οὐ
2877 750 2979 824 γὰρ
3046 749 3072 802 ὃ
3141 751 3286 819 θέλω,
3362 760 3494 804 ποιῶ
3522 750 3738 826 ἀγαθὸν,
3773 752 3877 807 ἀλλ’

2274 832 2302 884 ὂ
2367 832 2620 888 ὀῦ’θέλω
2682 842 2865 911 κακὸν,
2948 848 3100 893 τοῦτο
3164 843 3412 915 πράσσω.
3481 843 3542 896 Εἰ
3604 840 3667 896 δὲ
3732 843 3759 896 ὃ
3813 844 3873 896 οὔ

2277 923 2402 976 θέλω
2468 924 2587 997 ἐγὼ,
2650 934 2804 981 τοῦτο
2854 938 3009 999 ποιῶ,
3079 930 3253 984 οὐκέτι
3321 930 3418 1002 ἕγὼ
3483 932 3873 1007 κατεργάζομαι

2273 1011 2423 1082 αὐτὸ,
2448 1011 2554 1067 ἀλλ’
2577 1018 2607 1074 ἠ
2633 1016 2855 1072 οἰκοῦσα
2882 1017 2930 1071 ἓν
2972 1018 3085 1093 ἐμοὶ
3113 1020 3367 1096 ἁμαρτία.

2906 1117 3073 1163 ΟΡΟΣ
3114 1109 3227 1165 ΚΧ.

2426 1206 2437 1215 κ
2486 1195 2605 1250 ’Ὁτι
2636 1197 2695 1251 οὗ
2728 1194 2814 1252 δεῖ
2837 1195 3151 1271 ψεύδεσθαι,
3185 1198 3290 1253 ἀλλ’
3316 1198 3578 1260 ἀληθεύειν
3606 1199 3654 1253 ἐν

3004 1294 3162 1342 παντί

2909 1379 3098 1452 Ksed)"
3154 1384 3191 1431 A
3215 1421 3231 1438 .

2346 1472 2712 1522 ΜΑΤΘΛῙΟΣ.
2764 1467 2937 1522 Ἔστω
2997 1465 3058 1521 δι
3109 1470 3135 1521 ὁ
3187 1467 3340 1541 λόγος
3414 1469 3577 1543 ὑμῶν,
3602 1473 3708 1539 ναὶ,
3766 1474 3873 1522 ναίο

2276 1555 2359 1624 οῦ,
2419 1556 2498 1609 οὗ·
2565 1561 2623 1610 τὸ
2692 1553 2752 1610 δι
2830 1560 3084 1631 περισσὸν
3130 1561 3323 1611 τούτων
3376 1557 3432 1610 ἐκ
3488 1566 3581 1611 τοῦ
3646 1566 3876 1632 πονηροῦ

2277 1644 2438 1701 ἐστιν.
2501 1653 2670 1700 ΠΡΟΣ
2725 1653 2927 1710 ΕΦΕΣμ
2974 1647 3305 1720 Ἀποθέμενοι
3373 1652 3432 1700 τό
3496 1644 3708 1719 ψεῦδος,
3789 1647 3877 1701 λα-

2275 1734 2404 1788 λεῖτε
2489 1735 2731 1794 ἀλήθειαν
2818 1736 3036 1798 ἕκαστος
3127 1739 3260 1809 μετὰ
3328 1744 3420 1789 τοῦ
3501 1735 3726 1795 πλησίον
3786 1737 3876 1789 αὖ·

2194 1830 2236 1884 Β
2277 1832 2443 1883 τοῦ...
2502 1834 2671 1880 ΠΡΟΣ
2730 1833 2890 1895 ΚΟΛ,
2926 1831 3013 1885 Μὴ
3062 1822 3323 1897 ψεύδεσθε
3396 1826 3467 1888 εἰς
3527 1826 3799 1889 ἀλλήλους.

2920 1923 3088 1969 ΟΡΟΣ
3119 1915 3236 1973 κε’.

2382 2004 2503 2059 Ὀτι
2523 2006 2583 2058 οῦ
2608 2002 2692 2059 δεῖ
2716 2009 2958 2069 ζητήσεις
2985 2004 3253 2079 ἀνωφελεῖς
3302 2007 3331 2066 ἡ
3388 2004 3768 2081 ἑμφιλονείκους

2933 2116 2998 2150 πο
3006 2098 3219 2152 ιεῖσθαι.

2916 2186 3106 2261 Rapui).
3154 2185 3228 2244 A'.

2347 2286 2519 2333 ΠΡΟΣ
2563 2285 2705 2333 TIM.
2755 2277 2824 2351 β’,
2879 2283 3061 2331 Ταῦτα
3135 2277 3501 2349 ὑπομίμνησῑιε
3583 2270 3878 2347 διαμαρτυ-

2273 2373 2482 2446 ρόμενος
2558 2370 2770 2421 ἐνώπιον
2846 2374 2941 2419 τοῦ
3016 2369 3235 2440 Κυρίου·
3292 2368 3363 2437 μή
3428 2362 3750 2435 λογομαχεῖν
3808 2362 3875 2422 εἰς

2275 2455 2426 2513 οὐδὶν
2510 2462 2783 2532 χρήσιμον
2860 2459 2950 2531 ,ἐπὶ
3042 2459 3377 2528 καταστροφῇ
3469 2459 3571 2504 τῶν
3660 2450 3877 2503 ἀκουόν-

2273 2570 2491 2606 των.....
2568 2550 2674 2610 Τὰς
2742 2543 2801 2599 δι
2850 2547 3024 2619 μωρὰς
3073 2548 3165 2597 καὶ
3224 2538 3578 2604 ἀπαιδεύτους
3627 2541 3878 2603 ζητήσεις

2272 2646 2556 2715 παραιτοῦ,
2589 2634 2763 2703 εἰδὼς,
2791 2637 2872 2688 ὅτι
2889 2641 3111 2707 γεννῶσι
3138 2635 3342 2707 μάχας.

2271 2730 2393 2784 Ὀτι
2417 2729 2476 2783 οὐ
2509 2725 2593 2782 δεῖ
2617 2724 2931 2801 φθέγγεϐθαι
2958 2724 3111 2797 λόγον
3144 2722 3324 2798 ἀργὸν,
3354 2722 3406 2785 ἐξ
3453 2718 3514 2774 οὗ
3557 2717 3708 2774 οὐδὲν
3762 2722 3877 2793 ὄφε-

2342 2819 2445 2880 λος.
2491 2823 2560 2871 T6
2610 2819 2711 2892 γὰρ
2743 2820 2824 2889 μὼ
2855 2817 2984 2888 πρὸς
3014 2810 3301 2886 οἰκοδομὴν
3320 2819 3412 2873 τῆς
3441 2813 3659 2871 πίστεως
3679 2810 3870 2875 λαλεῖν,

2345 2911 2375 2970 ἡ
2421 2913 2510 2963 καὶ
2559 2908 2672 2979 (4-9)
2722 2914 2887 2961 ποιεῖν
2941 2904 3067 2958 αὐτὸ
3106 2906 3166 2957 τὸ
3215 2901 3432 2975 ἀγαθὸν,
3470 2900 3648 2954 λυπεῖν
3676 2904 3785 2954 ἐστι
3814 2902 3872 2952 τὸ

2342 3007 2553 3073 Πνεῦμα
2593 3000 2653 3050 τό
2692 2998 2842 3069 ἅγιον
2887 3001 2982 3049 τοῦ
3026 3000 3180 3048 Θεοῦ.

2916 3173 3086 3247 Κειράλ
3161 3171 3228 3228 Β’.

2308 3271 2670 3323 ΜΑΤΘΑῙΟΣ.
2724 3268 2870 3337 Λέγω
2923 3260 2985 3317 δέ
3033 3265 3153 3336 ὑμῖν
3204 3260 3341 3329 (50),
3424 3259 3505 3312 ὅτι
3561 3264 3662 3311 πᾶν
3725 3257 3875 3332 ῥῆμα

2275 3356 2433 3434 ἀργὸν
2499 3357 2525 3409 ὃ
2582 3354 2665 3408 ἐὰν
2714 3353 3016 3412 λαλήσωσιν
3057 3354 3107 3405 οἱ
3158 3352 3442 3425 ἄνθρωποι,
3525 3342 3875 3399 ἀποδώσουσι

2271 3453 2391 3523 περὶ
2471 3445 2631 3498 αὐτοῦ
2736 3443 2883 3515 λόγον
2959 3440 3008 3494 ἐν
3105 3443 3277 3515 ἡμέρᾳ
3362 3441 3604 3511 κρίσεως.
3702 3442 3873 3488 ΠΡοΣ

2273 3543 2453 3593 ΕΦΕΣ.
2499 3541 2605 3597 Πᾶς
2651 3533 2803 3606 λόγος
2865 3533 3067 3605 σαπρὸς
3122 3530 3177 3583 ἐκ
3222 3536 3315 3583 τοῦ
3389 3531 3648 3600 στόματος

2271 3632 2343 3703 μὴ
2419 3625 2799 3703 ἐκπορευέσθω·
2855 3622 2965 3675 ἄλλ’
3024 3625 3068 3674 εἶ
3112 3640 3195 3681 τις
3248 3617 3440 3690 ἀγαθὸς
3506 3619 3645 3688 ’πρὸς
3675 3635 3691 3651 ·
3736 3613 3875 3666 οἰκο-

2273 3714 2444 3791 δομὴν
2516 3724 2613 3777 τῆς
2668 3718 2914 3779 πίστεως,
2966 3712 3050 3764 ἵνα
3103 3706 3182 3781 δῷ
3249 3709 3412 3781 χάριν
3458 3711 3565 3764 τοῖς
3595 3701 3869 3769 ἀκούουσι,

2270 3811 2362 3860 καὶ
2449 3809 2520 3880 μὴ
2579 3803 2776 3863 λυπῆτε
2855 3803 2973 3873 (51)
3030 3802 3090 3852 τό
3164 3802 3374 3869 Πνεῦμα
3437 3796 3497 3845 τὸ
3543 3793 3693 3864 ἅγιον
3780 3798 3873 3843 τοῦ

2272 3903 2426 3963 Θεοῦ,
2487 3894 2537 3948 ἐν
2692 3891 3078 3966 ἐσφραγίσθητε
3145 3886 3213 3947 εἰς
3295 3886 3492 3958 ἡμέραν
3573 3879 3871 3955 ἀπολυτρώ-

2273 4006 2420 4050 σεως.

3727 3525 3869 3597 ὑμῶν

2342 4264 2433 4334 ρίᾳ
2474 4265 2564 4317 τῆς
2628 4255 2966 4309 θεοπνεῦοτου
3033 4256 3239 4324 Γραφῆς
3292 4246 3363 4307 εἰς
3399 4243 3870 4318 πληροφορίαν

2348 4356 2447 4400 τῶν
2482 4344 2713 4417 ἀγαθῶν,
2740 4342 2989 4417 ἐντροπὴν
3011 4335 3071 4393 δε
3098 4346 3197 4391 τῶν
3229 4342 3485 4410 πονηρῶν.

2913 4520 3101 4595 Κεφάλ.
3151 4518 3226 4575 A'.

2343 4622 2713 4676 ΜΑΤΘΑΙΟΣ.
2766 4617 2869 4668 Καὶ
2922 4609 3221 4687 προσελθὼν
3296 4606 3438 4677 αὐτῷ
3518 4605 3545 4657 ὀ
3611 4602 3875 4677 πειράζων

2271 4710 2426 4766 εἶπεν·
2513 4708 2574 4763 Εἰ
2634 4709 2755 4768 Υἱὸς
2812 4700 2860 4757 εἶ
2929 4708 3022 4754 τοῦ
3088 4703 3246 4767 Θεοῦ,
3315 4696 3443 4761 εἰπε,
3497 4694 3580 4744 ἵνα
3626 4693 3676 4744 οἱ
3725 4690 3871 4743 λίθοι

2270 4798 2416 4850 οὗτοι
2491 4795 2639 4868 ἄρτοι
2712 4791 2980 4861 γένωνταιι
3056 4784 3116 4835 Ὀ
3193 4777 3253 4835 δι
3329 4778 3638 4853 ἀποκριθεὶς
3737 4770 3870 4827 εἴπεο

2272 4867 2588 4962 Γέγραπται·
2659 4881 2771 4933 Οὐκ
2853 4876 2931 4929 ἐπ’
3004 4874 3145 4947 ἄρτῳ
3230 4875 3369 4962 μόνοι)
3409 4869 3649 4962 ζήσεται,
3677 4867 3877 4962 dubiam:

2484 4970 2593 5025 ἀλλ’
2653 4968 2737 5022 ἐπὶ
2818 4969 2977 5019 παντὶ
3050 4964 3249 5037 ῥήματι
3336 4957 3718 5033 ἐκπορευομένῳ
3778 4949 3877 5007 διὰ

3325 5053 3427 5103 Καὶ
3529 5044 3652 5105 ἑπλή
3663 5047 3762 5103 σθη
3772 5062 3871 5097 σοι)

2270 4995 2388 5042 πος,

2275 5069 2530 5138 στόματος
2623 5056 2783 5114 Θεοῦ.
2896 5056 3209 5107 ΠΡΑΞΕΙΣ.

2272 5156 2491 5214 ἅπαντες
2572 5151 2873 5221 Πνεῦματος
2953 5143 3109 5215 ἁγίου
3136 5185 3150 5210 ,
3226 5143 3317 5192 καὶ
3409 5136 3634 5211 ἤρξαντο
3707 5132 3881 5186 λαλεῖν

2274 5247 2472 5319 ἑτέραις
2528 5240 2821 5314 γλώσσαις,
2871 5236 3046 5296 καθὼς
3112 5235 3170 5285 τὸ
3248 5235 3458 5301 Πνεῦμα
3509 5221 3693 5278 ἐδίδου
3775 5223 3879 5274 αῦ-

2271 5342 2379 5397 τοῖς
2450 5329 2916 5405 ἀποφθέγγεσθαι..
2928 5366 2941 5380 .

2276 5627 2407 5699 λέγω
2424 5621 2497 5699 ,δὲ
2522 5626 2665 5679 ὑμῖν.

2347 5689 2465 5775 (51)
2494 5699 2566 5754 Ut
2595 5692 2802 5753 tertius
2832 5693 2902 5768 μὴ
2929 5689 3156 5744 λυπεῖτε.

3038 5321 3334 5386 Ἐξίσταντο
3403 5313 3463 5370 δέ
3522 5315 3727 5379 πάντες,
3786 5316 3884 5366 καὶ
3968 5362 3975 5365 _
