4112 6388
437 332 543 386 747

1921 329 2173 387 BASILII
2196 331 2415 388 MAGNI

3702 337 3813 392 748

434 452 693 511 hominis
720 455 1033 512 non‘venit
1077 458 1143 509 ut
1190 453 1651 509 ministraretur
1698 453 1829 521 sibi,
1877 454 1982 511 sed
2027 460 2091 511 ut

2212 452 2359 522 εἶναι,
2393 458 2538 510 ἔσται
2569 457 2710 530 ὑμῶν
2744 454 2947 520 δοῦλος·
2999 458 3172 533 ὥσπερ
3204 461 3236 510 ὀ¹
3258 457 3374 519 Υἱὸς
3402 463 3494 512 τοῦ
3538 457 3813 533 ἀνθρώπου

430 544 824 614 ministraret,
851 551 906 601 et
932 544 1108 601 daret
1139 544 1406 600 animam
1425 558 1599 599 suam
1628 543 2096 614 redemptionem

426 648 543 705 pro
571 636 781 692 multis
802 634 1049 707 (Matth.
1075 650 1169 704 xx,
1196 635 1478 701 25-28)....
1512 634 1713 691 Nolite
1730 634 2103 704 conformari

428 724 571 783 huic
616 726 859 796 saeculo,
908 726 1013 783 sed
1042 725 1576 795 transformamini
1606 739 1719 793 per
1755 727 2099 782 renovatio-

426 830 564 872 nem
609 817 825 873 mentis
864 822 1093 884 vestrm,
1124 821 1204 871 ut
1228 815 1496 885 probetis
1538 829 1670 886 quae
1715 816 1792 870 sit
1820 816 2097 873 voluntas

425 904 540 960 Dei
567 905 765 975 (Rom,
787 921 888 977 xu,
917 905 1091 978 2).....
1113 905 1457 961 Imitatores
1480 904 1598 960 mei
1624 908 1823 972 estote,
1859 905 2011 961 sicut
2040 910 2099 962 et

426 1008 534 1065 ego
557 992 794 1052 Christi
817 994 880 1058 (Ι
901 995 1040 1052 Cor.
1069 1009 1150 1063 xx,
1188 998 1265 1060 t).

983 1102 1269 1160 REGULA
1308 1100 1538 1159 XXVIII.

429 1209 603 1277 Quod
626 1225 754 1268 non
785 1214 1022 1284 oportet
1053 1214 1273 1268 temere
1312 1215 1367 1267 et
1414 1207 1862 1270 inconsiderate
1899 1206 2095 1284 abripi

498 1304 558 1357 et
580 1299 800 1357 attrahi
824 1299 904 1356 ab
932 1299 1004 1357 iis
1053 1300 1158 1373 qui
1190 1298 1478 1356 simulant
1507 1298 1814 1356 veritatem
1842 1315 1855 1354 :
1888 1298 1994 1354 sed
2020 1315 2095 1361 ex

496 1390 642 1447 dato
668 1389 846 1447 nobis
871 1407 909 1449 a
931 1390 1239 1465 Scriptura
1265 1388 1439 1461 signo
1460 1404 1966 1463 unumquemque
1995 1405 2092 1446 co-

500 1493 819 1551 gnoscere.

1105 1588 1305 1658 Caput
1343 1587 1396 1646 I.

428 1690 429 1693 “
490 1697 808 1755 Attendite
836 1711 873 1754 a
901 1695 1083 1767 falsis
1111 1696 1445 1767 prophetis,
1474 1696 1581 1768 qui
1602 1696 1849 1752 veniunt
1878 1696 1960 1752 ad
1989 1711 2090 1753 vos

421 1789 487 1846 in
516 1787 883 1846 vestimentis
914 1786 1138 1856 ovium,
1167 1786 1528 1842 intrinsecus
1557 1790 1756 1842 autem
1783 1791 1923 1840 sunt
1959 1786 2093 1855 lupi
2122 1820 2162 1875 Β

421 1891 695 1948 rapaces.
711 1876 764 1932 A
785 1875 1090 1948 fructibus
1108 1890 1315 1932 eorum
1337 1875 1701 1946 cognoscetis
1726 1889 1821 1932 eos
1842 1874 2085 1945 (Matth.

421 1983 527 2036 vn,
558 1967 645 2035 15,
674 1966 864 2034 t6)....
911 1965 984 2021 In
1028 1964 1141 2021 hoc
1179 1971 1535 2036 cognoscent
1565 1980 1766 2023 omnes
1786 1965 1948 2037 quod
1977 1965 2093 2021 dis-

423 2057 619 2127 cipuli
635 2056 753 2113 mei
775 2057 931 2128 estis,
963 2056 1022 2113 si
1049 2055 1429 2113 dilectionem
1453 2062 1723 2112 mutuam
1758 2055 2091 2115 habueritis

423 2148 585 2204 inter
607 2161 706 2204 vos
746 2146 953 2203 (Joan.
983 2161 1108 2214 xm,
1142 2145 1351 2217 35).....
1384 2144 1522 2202 Ideo
1553 2151 1760 2205 notum
1810 2144 1971 2203 vobis
1998 2146 2088 2214 fa-

421 2237 535 2307 cio,
566 2235 728 2310 quod
764 2251 937 2294 nemo
972 2236 1038 2293 in
1063 2236 1305 2307 Spiritu
1342 2236 1455 2295 Dei
1478 2237 1751 2310 loquens,
1779 2236 1929 2294 dicit
1954 2249 2093 2293 ana-

423 2327 626 2386 thema
648 2316 857 2386 Jesum
872 2325 934 2400 (Ι
959 2327 1104 2386 Cor.
1133 2341 1235 2397 xu,
1269 2330 1340 2392 3).

995 2436 1274 2494 REGULA
1324 2437 1501 2494 XXIX.

423 2542 602 2612 Quod
640 2541 823 2603 debet
853 2542 1277 2618 unusquisque
1308 2541 1746 2616 professionem
1775 2555 1954 2598 suam
1980 2553 2089 2614 per

882 2650 997 2693 sua
1020 2648 1211 2710 opera
1240 2633 1625 2693 conﬁrmare.

1106 2740 1309 2801 Caput
1358 2742 1410 2799 Ι.

1106 2758 1309 2817 caput
1358 2758 1410 2799 ι.

495 2850 639 2922 Ipsa
680 2864 886 2921 opera,
916 2865 1050 2925 quae
1087 2865 1186 2922 ego
1226 2850 1416 2920 facio,
1455 2848 1860 2907 testimonium
1886 2847 2088 2919 perhi-

427 2940 565 2998 bent
605 2939 676 2997 de
702 2956 814 3011 me,
854 2940 1016 3013 quod
1037 2941 1226 2997 Pater
1248 2938 1477 2996 miserit
1497 2953 1590 2996 me
1619 2939 1827 3007 (Joan.
1850 2953 1907 2994 ν.
1927 2937 2086 3008 36)...
2122 2968 2163 3024 ρ

425 3029 498 3087 Si
533 3044 654 3085 non
687 3030 856 3100 facio
883 3043 1067 3100 opera
1094 3029 1303 3086 Patris
1333 3029 1469 3098 mei,
1504 3042 1580 3085 ne
1618 3026 1878 3084 credatis
1911 3026 2091 3099 258

426 3118 622 3176 mihi:
650 3119 702 3175 si
730 3134 869 3176 vero
892 3119 1077 3191 facio,
1106 3119 1217 3176 etsi
1235 3134 1357 3175 non
1383 3116 1623 3175 creditis
1646 3117 1797 3174 mihi
1813 3116 2093 3189 operibus

428 3212 574 3267 meis
598 3209 845 3278 credite,
885 3215 949 3264 ut
981 3210 1379 3280 cognoscatis,
1407 3213 1462 3264 et
1494 3207 1758 3265 credatis
1797 3206 1954 3278 quod
1977 3207 2093 3263 Pa-

432 3307 524 3358 ter
561 3301 625 3356 in
663 3315 756 3356 me
784 3305 891 3367 est,
935 3306 991 3357 et
1016 3314 1125 3370 ego
1164 3299 1229 3354 in
1258 3293 1661 3358 Palreran.
1685 3313 1743 3363 x,
1774 3295 2091 3368 37,38).....

430 3392 683 3449 Nullam
718 3392 782 3447 in
814 3391 949 3448 ulla
979 3406 1044 3447 re
1072 3391 1285 3446 dantes
1316 3389 1720 3459 oﬁ'ensionem,
1751 3393 1818 3443 ut
1848 3403 1969 3443 non
2012 3388 2095 3443 vi-

433 3485 752 3553 tuperetur
769 3481 1191 3538 ministerium.
1214 3478 1335 3536 Sed
1359 3479 1423 3536 in
1451 3477 1725 3536 omnibus
1751 3476 2095 3534 exhibentes

433 3572 822 3641 nosmetipsos
841 3571 998 3627 sicut
1017 3570 1130 3627 Dei
1150 3570 1549 3641 ministros,in
1562 3569 1757 3625 multa
1772 3568 2093 3640 patientia,

433 3661 497 3719 in
529 3659 1024 3718 tribulationibus
1050 3657 1144 3722 (II
1167 3658 1306 3715 Cor.
1340 3674 1418 3727 vx,
1447 3662 1499 3725 3,
1532 3658 1610 3730 4),
1642 3661 1757 3714 etc.

1004 3828 1009 3833 ,
1034 3767 1312 3825 REGULA
1358 3769 1506 3824 XXX.

434 3878 612 3947 Quod
627 3893 723 3935 res
745 3891 932 3933 sacrae
957 3890 1065 3949 per
1086 3873 1515 3932 admistionem
1531 3888 1743 3932 eorum
1763 3889 1902 3948 quae
1927 3888 2094 3931 com-

505 3967 681 4028 muni
704 3965 842 4024 usui
867 3964 1249 4024 destinantur
1276 3979 1404 4023 non
1434 3969 1572 4023 sunt
1600 3962 2023 4039 profanandte.

1113 4092 1317 4163 Caput
1356 4091 1395 4149 Ι
1394 4133 1408 4148 .

502 4199 586 4260 Et
608 4201 871 4259 intravit
898 4200 1070 4258 Jesus
1104 4201 1166 4257 in
1208 4201 1495 4272 templum
1519 4199 1653 4269 Dei,
1684 4205 1739 4258 et
1775 4200 1945 4271 ejecit
1977 4215 2096 4257 om-

2209 544 2304 598 ούκ
2334 542 2456 603 ἦλθε
2486 543 2884 617 διακονηθῆναι,
2935 546 3060 600 ἀλλὰ
3101 543 3439 614 διακονῆσαι,
3490 552 3581 601 καὶ
3626 544 3812 601 δοῦναι

2206 639 2301 694 τὴν
2327 635 2513 708 ψυχὴν
2544 636 2703 691 αὑτοῦ
2732 637 2912 712 λύτρον
2945 634 3059 690 ἀντὶ
3088 636 3304 692 πολλῶν.
3334 643 3504 691 ΠΡΟΣ
3537 645 3697 693 ΡΩΜ.
3721 642 3806 698 Μὴ

2210 727 2611 799 σχηματίζεσθε
2638 735 2710 798 τῷ
2736 726 2886 779 αἰῶνι
2908 729 3092 799 τούτῳ,
3128 724 3257 779 ἀλλὰ
3280 728 3714 802 μεταμορφοῦσθε
3743 735 3805 802 τῇ

2207 813 2550 868 ἀνακαινώσει
2594 822 2684 868 τοῦ
2715 818 2828 879 νοὸς
2859 817 3021 888 ὑμῶν,
3056 816 3127 879 εἰς
3151 818 3211 868 τὸ
3252 812 3561 889 δοκιμάζειν
3592 815 3729 891 ὑμᾶς
3757 817 3809 871 τὶ

2205 906 2264 957 τὸ
2300 904 2496 978 θῇημα
2525 912 2616 958 τοῦ
2648 914 2801 960 Θεοῦ.
2836 911 3006 959 ΠΡΟΣ
3039 912 3186 962 ΚΟΡ.
3222 905 3285 961 α’.
3319 912 3561 979 Μιμηταί
3585 926 3684 980 μου
3715 911 3806 979 γί-

2204 997 2369 1063 νεσθε,
2398 998 2570 1058 καθὼς
2599 995 2744 1068 κάγὼ
2775 1004 3032 1070 Χριστοῦ.

2835 1112 2999 1158 οΡοΣ
3050 1102 3171 1159 Kll'.

2202 1209 2323 1266 Ὀτι
2351 1211 2411 1265 ού
2453 1208 2534 1267 δεῖ
2564 1212 2759 1282 ἁπλῶς,
2808 1209 2933 1267 οὐδὲ
2982 1210 3332 1276 ἀνεξετάστως
3378 1214 3478 1267 ὑπὸ
3526 1222 3626 1268 τῶν
3675 1212 3806 1271 ὑπο·

2273 1308 2581 1377 κρινομένων
2637 1308 2731 1363 τὴν
2784 1301 3027 1361 ἀλήθειαν
3087 1303 3540 1379 συναρπάζεσθαι·
3591 1303 3692 1357 ἀπὸ
3742 1300 3804 1358 δὲ

2272 1401 2364 1446 τοῦ
2398 1390 2679 1467 δεδομένου
2728 1394 2853 1466 ἡμῖν
2882 1392 3027 1471 παρά
3071 1400 3168 1455 τῆς
3215 1398 3419 1468 Γραφῆς
3464 1404 3805 1470 χαρακτῆρος

2271 1484 2543 1558 γνωρίζειν
2573 1484 2810 1538 ἕκαστον.

2842 1590 3031 1664 Κεφάλ.
3084 1588 3162 1647 Α’.

2270 1704 2630 1754 ΜΑΤΘΑΙΟΣ.
2665 1703 2961 1774 Προσέχετε
2988 1696 3047 1753 δὲ
3078 1697 3178 1752 ἀπὸ
3206 1710 3303 1751 τῶν
3325 1696 3800 1777 ψευδοπροφητῶν,

2201 1791 2385 1851 οἵτινες
2432 1792 2677 1863 ἔρχονται
2727 1793 2858 1863 πρὸς
2913 1791 3044 1861 ὑμᾶς
3097 1787 3145 1840 ἐν
3200 1785 3462 1862 ἐνδύμασι
3510 1789 3800 1866 προϐάτων,

2201 1882 2388 1936 ἔσωθεν
2420 1876 2481 1933 δέ
2510 1880 2613 1933 εἰσι
2637 1880 2785 1933 λύκοι
2809 1880 3056 1955 ἅρπαγες.
3089 1879 3215 1933 Ἀπὸ
3241 1887 3341 1932 τῶν
3387 1889 3598 1954 καρπῶν
3633 1880 3800 1932 αὐτῶν

2200 1967 2551 2040 ἐπιγνώσεσθε
2578 1968 2782 2031 αύτούς.
2802 1976 3033 2024 ΙΩΑΝΝ.
3053 1968 3132 2023 Ἐν
3151 1970 3317 2041 τούτῳ
3352 1975 3645 2041 γνώσονται
3674 1969 3804 2022 πάν-

2198 2077 2297 2125 τες,
2313 2059 2393 2111 ὃτι
2414 2057 2528 2131 ἐμοὶ
2542 2062 2779 2132 μαθηταί
2804 2059 2937 2127 ἔστε,
2952 2058 3035 2111 ἐὰν
3056 2058 3265 2131 ἀγάπην
3287 2062 3448 2131 ἔχητε
3472 2058 3519 2111 ἐν
3539 2057 3797 2121 ἀλλήλοις.

2202 2155 2370 2201 ΠΡΟΣ
2403 2155 2551 2203 ΚΟΡ.
2579 2148 2644 2203 α’.
2671 2153 2757 2202 Διὸ
2785 2149 3027 2224 γνωρίζω
3058 2148 3198 2221 ὑμῖν,
3234 2150 3314 2201 ὅτι
3358 2145 3531 2209 οὐδεὶς
3569 2146 3618 2200 ἓν
3644 2154 3801 2201 Πνευ-

2199 2256 2329 2312 ματι
2349 2245 2482 2292 Θεοῦ
2508 2238 2669 2292 λαλῶν
2694 2238 2830 2312 λέγει
2860 2238 3092 2312 ἀνάθεμα
3120 2239 3348 2298 Ἰησοῦν.

2832 2442 2998 2492 ΟΡΟΣ
3040 2433 3166 2491 ΚΘ’⁶

2196 2544 2318 2603 Ὀτι
2349 2542 2434 2601 δεῖ
2469 2543 2685 2601 ἕκαστον
2731 2538 2826 2599 διὰ
2872 2553 2971 2598 τῶν
3021 2544 3221 2598 οἰκείων
3269 2544 3430 2617 ἔργων
3475 2540 3801 2595 πιστοῦσθαι

2677 2638 2737 2690 τὸ
2767 2634 2952 2690 ἑαυτοῦ
2993 2632 3315 2708 ἐπάγγελμα.

2841 2741 3032 2816 Κεφάλ.
3086 2741 3160 2797 A'.

2272 2858 2590 2909 ΙΩΑΝΝΗΣ.
2645 2850 2787 2906 Αύτὰ
2828 2853 2895 2905 τὰ
2947 2853 3094 2924 ἔργα,
3123 2847 3159 2901 ἆ
3199 2846 3300 2921 ἐγὼ
3347 2850 3504 2917 ποιῶ,
3550 2854 3805 2923 μαρτυρεῖ

2200 2948 2317 3018 περὶ
2358 2943 2505 3017 ἐμοῦ,
2537 2945 2617 2996 ὅτι
2648 2944 2674 2995 ὁ
2706 2945 2887 3015 Πατήρ
2927 2958 2992 3014 με
3041 2937 3357 2994 ἀπέστειλεν.
3400 2938 3462 2992 Εἰ
3488 2937 3549 2990 οὐ
3577 2946 3712 2990 ποιὼ
3739 2936 3806 2989 τὰ

2202 3037 2329 3109 ἔργα
2356 3042 2445 3087 τοῦ
2478 3038 2676 3109 Πατρός
2715 3052 2835 3104 μου,
2868 3036 2941 3104 μὴ
2972 3032 3259 3097 πιστεύετέ,
3300 3047 3410 3101 μοι·
3460 3028 3503 3081 εἰ
3546 3024 3606 3080 δὲ
3647 3034 3800 3093 ποιῶ,

2202 3125 2297 3176 κᾶν
2346 3122 2460 3199 ἐμοι
2506 3128 2576 3197 μὴ
2628 3123 2932 3191 πιστεύητε,
2966 3128 3076 3183 τοῖς
3121 3123 3293 3195 ἔργοις
3320 3137 3421 3191 μου
3448 3120 3557 3189 (59)
3586 3117 3805 3170 πιστεύε-

2206 3233 2344 3267 σατε·
2387 3216 2468 3265 ἱνα
2492 3222 2652 3285 γνῶτε
2696 3217 2787 3264 καὶ
2817 3213 3157 3273 πιστεύσητε,
3211 3211 3291 3261 ὅτι
3321 3207 3368 3260 ἐν
3400 3207 3513 3281 ἐμοὶ
3543 3209 3569 3259 ὁ
3603 3210 3800 3279 Πατὴρ,

2202 3307 2348 3375 κάγὼ
2376 3303 2425 3355 ἐν
2457 3303 2619 3375 αύτῷ.
2664 3310 2830 3355 ΠΡΟΣ
2877 3308 3026 3355 ΚΟΡ.
3203 3294 3479 3371 Μηδεμίαν
3513 3296 3559 3348 ἐν
3611 3292 3802 3370 μηδενὶ

2206 3390 2444 3455 διδόντες
2466 3396 2793 3467 προσκοπήν,
2829 3393 2912 3443 ἶνα
2939 3396 3011 3463 μὴ
3045 3390 3269 3462 μωμηθῇ
3303 3384 3636 3446 ἠ-διακονὶα.
3666 3380 3803 3438 Ἀλλ’

2205 3482 2253 3537 ἓν
2273 3488 2429 3537 παντὶ
2462 3491 2802 3542 συνιστώντες
2826 3481 3042 3542 ἑαυτοὺς
3070 3482 3139 3541 ὡς
3161 3485 3296 3532 Θεοῦ
3323 3474 3580 3543 διάκονοι,
3601 3474 3650 3527 ἐν
3676 3472 3799 3525 ύπο-

2205 3582 2333 3647 μονῇ
2368 3572 2548 3645 πολλῇ,
2576 3572 2627 3625 ἐν
2656 3571 2888 3644 θλίψεσι,
2922 3575 3013 3624 καὶ
3040 3571 3108 3623 τὰ
3130 3568 3267 3632 ἑξης.

2865 3776 3032 3826 οΡοΣ
3071 3766 3151 3825 Λ’.

2203 3880 2325 3936 Ὀτι
2353 3879 2410 3934 ού
2439 3876 2606 3935 δείτὰ
2634 3879 2763 3953 ἅγια
2804 3886 2866 3953 τῇ
2912 3878 3141 3951 ἐτιμιξίᾳ
3190 3884 3291 3928 τῶν
3337 3874 3470 3948 πρὸς
3496 3874 3585 3930 τὴν
3629 3872 3806 3928 κοινὴν

2724 3974 2913 4046 χρείαν
2934 3968 3290 4043 καθυϐρίζειν.

2848 4096 3036 4171 Regni).
3090 4093 3164 4151 A'.

2276 4214 2644 4264 ΜΔΤΘΑΙΟΣ.
2678 4210 2779 4262 Καὶ
2804 4205 3042 4266 εἰσῆλθεν
3069 4206 3097 4257 ὁ
3119 4204 3328 4265 Ἰησοῦς
3357 4200 3425 4263 εἰς
3448 4203 3511 4254 τὸ
3542 4202 3675 4274 ἱερὸν
3713 4202 3809 4251 τοῦ

434 4305 538 4349 nes
584 4291 925 4357 vendentes,
974 4299 1027 4348 et
1066 4296 1320 4348 ementes
1370 4292 1434 4347 in
1477 4291 1720 4371 templo,
1762 4296 1818 4348 et
1862 4305 2091 4348 mensas

2207 4308 2361 4369 Θεοῦ,
2392 4304 2483 4354 καὶ
2528 4297 2726 4364 ἐξέϐαλε
2754 4298 2951 4360 πάντας
2993 4299 3112 4357 τοὺς
3143 4293 3438 4354 πωλοῦντας
3478 4295 3569 4345 καὶ
3603 4287 3807 4362 ἀγορά-

432 4382 1006 4448 nummulariorum,
1037 4386 1091 4438 et
1119 4380 1445 4438 cathedras
1464 4366 1850 4437 vendentium
1873 4381 2096 4438 colum-

433 4472 536 4529 bas
565 4473 819 4530 evertit:
847 4477 905 4529 et
928 4471 1072 4528 dicit
1096 4472 1176 4528 eis
1189 4486 1212 4528 .'
1239 4471 1544 4541 Scriptum
1576 4472 1663 4528 est
1678 4487 1700 4527 .’
1723 4473 1946 4529 Domus
1963 4488 2096 4531 mea

428 4561 640 4619 domus
657 4562 954 4620 orationis
986 4560 1298 4617 vocabitur
1317 4577 1338 4617 .·
1370 4576 1470 4618 vos
1490 4567 1693 4619 autem
1715 4562 1943 4632 fecistis
1963 4577 2093 4620 eam

426 4652 778 4722 speluncam
808 4653 1113 4707 latronum
1148 4650 1392 4723 (Matth.
1418 4666 1539 4718 xxr,
1578 4654 1660 4715 r2,
1696 4654 1820 4720 13,;
1850 4651 1952 4708 Isa
1982 4668 2090 4724 va,

426 4740 550 4812 7)...
582 4740 885 4812 Nunquid
923 4740 1125 4797 domos
1157 4755 1277 4796 non
1328 4739 1560 4797 habetis
1605 4739 1688 4796 ad
1719 4742 2092 4799 manducano

425 4829 567 4886 dum
600 4836 657 4887 et
682 4829 1041 4887 bibendum?
1073 4835 1181 4886 aut
1201 4830 1536 4886 Ecclesium
1558 4830 1670 4887 Dei
1689 4833 2086 4906 contemnitis,

423 4925 480 4979 et
501 4920 875 4990 confunditis
904 4935 1000 4977 eos
1030 4920 1136 4992 qui
1155 4935 1277 4976 non
1310 4919 1582 4977 habent?
1612 4920 1669 4992 (Ι
1695 4920 1809 4976 Cor
1830 4937 1907 4988 χι,
1930 4924 2084 4992 22)...

422 5011 494 5068 Si
516 5012 649 5084 quis
674 5012 884 5077 esurit,
903 5010 1069 5067 domi
1086 5010 1451 5067 manducet:
1471 5016 1538 5066 ut
1558 5025 1679 5067 non
1702 5012 1765 5067 in
1782 5011 2087 5081 judicium

420 5101 789 5158 conveniatis
817 5100 990 5169 (ibid.
1024 5103 1134 5167 34).

425 5206 599 5275 Quod
627 5208 688 5265 id
707 5208 876 5284 quod
899 5210 1022 5266 Deo
1061 5208 1329 5267 dicatum
1362 5212 1473 5277 est,
1507 5209 1721 5267 tandiu
1749 5210 1913 5268 velut
1951 5228 2087 5270 san-

492 5303 656 5356 ctum
684 5299 1118 5358 honorandum
1148 5299 1242 5365 sit,
1270 5300 1549 5374 quandiu
1575 5301 1860 5361 voluntas
1894 5303 1994 5360 Dei
2021 5301 2083 5362 in

492 5387 631 5461 ipso
659 5394 1074 5450 conservatur.

491 5590 593 5649 (59)
640 5588 899 5659 Utraque
928 5588 1110 5644 editio
1152 5593 1213 5644 et
1240 5589 1364 5645 duo
1413 5604 1562 5646 mss.
1608 5592 1774 5665 é'p'yot;
1802 5608 1926 5664 μου.
1959 5589 2077 5647 Vo-

418 5675 556 5733 cula
583 5695 684 5749 μου
716 5677 884 5734 deest
912 5678 973 5733 in
999 5680 1140 5748 Heg.
1174 5677 1393 5749 primo.

2207 4391 2391 4452 ζοντας
2419 4388 2465 4442 ἐν
2497 4398 2568 4461 τῷ
2601 4392 2737 4463 ἱερῷ,
2768 4391 2855 4440 καὶ
2892 4390 2985 4449 τὰς
3014 4388 3278 4460 τραπέζας
3322 4391 3420 4435 τῶν
3450 4377 3802 4437 κολλυϐιστῶν

2202 4479 2537 4554 κατέστρεφε,
2570 4484 2659 4531 καὶ
2701 4480 2793 4541 τὰς
2823 4472 3085 4552 καθέδρας
3115 4484 3213 4528 τῶν
3254 4473 3559 4527 πωλούντων
3584 4471 3679 4532 τὰς
3706 4487 3802 4522 πε·-

2201 4572 2465 4647 ριστεροὶς·
2497 4574 2587 4621 καὶ
2636 4567 2773 4640 λέγει
2824 4568 3021 4629 αὐτοῖς·
3056 4570 3371 4640 Γέγραπται·
3416 4561 3476 4615 Ὀ
3523 4558 3666 4621 οἶκός
3701 4577 3800 4631 μου

2202 4656 2342 4723 οἶκος
2368 4665 2672 4732 προσευχῆς
2700 4657 3036 4717 κληθήσεται·
3067 4654 3210 4728 ὑμεῖς
3242 4650 3301 4706 δε
3331 4652 3616 4710 ἐποιήσατε
3646 4647 3801 4702 αὐτὸν

2203 4751 2456 4810 σπήλαιον
2482 4750 2708 4824 λῃστῶν.
2761 4756 2928 4804 ΠΡΟΣ
2957 4754 3106 4802 ΚΟΡ.
3158 4744 3223 4801 α’.
3255 4749 3342 4803 Μὴ
3373 4745 3476 4817 γὰρ
3508 4740 3677 4801 οἰκίας
3707 4737 3803 4790 οῦκ

2200 4844 2348 4914 ἔχετε
2379 4841 2446 4903 εἰς
2474 4844 2532 4894 τὸ
2571 4840 2761 4894 ἐσθίειν
2804 4843 2895 4891 καὶ
2920 4841 3124 4903 πίνειν;
3169 4835 3200 4895 ᾖ
3234 4843 3327 4895 τῆς
3358 4831 3671 4891 Ἐκκλησίας
3707 4835 3802 4881 τοῦ

2200 4938 2328 4986 Θεοῦ
2355 4938 2742 5007 καταφρονεῖτε,
2773 4934 2863 4982 καὶ
2891 4927 3276 5000 καταισχύνετε
3296 4927 3421 5003 τοὺς
3449 4925 3521 4997 μὴ
3556 4922 3801 4994 ἔχονταςς

2198 5023 2258 5078 Εἰ
2312 5019 2372 5076 δέ
2413 5043 2488 5086 τις
2535 5028 2702 5095 πεινᾷ,
2763 5019 2811 5074 ἓν
2860 5023 2986 5093 οἴκῳ
3038 5019 3277 5089 ἐσθιέτω,
3328 5017 3411 5069 ἵνα
3441 5019 3511 5090 μὴ
3542 5013 3612 5078 εἰς
3640 5018 3804 5086 κρῖμα

2201 5116 2553 5189 συνέρχησθε.

2193 5221 2313 5276 ηοτι
2341 5225 2401 5275 τὸ
2442 5221 2882 5296 ἐπονομαζόμενον
2906 5227 2978 5292 τῷ
3026 5227 3141 5293 Θεῷ
3183 5221 3349 5295 μέχρι
3392 5220 3507 5269 τότε
3553 5213 3623 5275 ὡς
3651 5210 3798 5283 ἅγιον

2263 5320 2420 5388 τιμᾴν
2453 5310 2556 5383 δεῖ,
2590 5318 2786 5388 μέχρις
2823 5311 2882 5366 ἂν
2912 5315 2971 5367 τὸ
3014 5318 3107 5365 τοῦ
3146 5317 3282 5365 Θεοῦ
3312 5309 3430 5380 (60)
3471 5303 3667 5376 θέλημα
3692 5322 3796 5375 φυ-

2198 5454 2201 5455 ,
2261 5405 2525 5465 λάσσηται
2555 5402 2632 5456 ἐπ’
2665 5404 2828 5460 αὐτῶ.

2258 5602 2373 5672 (60)
2409 5599 2622 5657 Editio.
2659 5600 2817 5657 Paris
2837 5607 2937 5667 τοῦ,
2969 5605 3121 5655 Θεοῦ.
3158 5597 3399 5655 Veteres
3426 5590 3553 5651 duo
3572 5590 3709 5651 libri
3729 5595 3791 5645 τὸ

2188 5682 2279 5726 τοῦ
2311 5680 2467 5729 Θεοῦ.
