4112 6444
423 303 525 356 ’751

1781 301 1839 355 S.
1880 300 2130 359 BASILII
2164 301 2384 360 IAGNI

3689 309 3797 362 752

419 422 534 479 Sed
561 422 673 479 hoc
707 421 989 492 judicate
1025 422 1240 492 magis,
1264 436 1339 477 ne
1370 421 1613 491 ponatis
1646 422 2076 492 o/fendiculum

2187 421 2383 496 ἐκείνῳ,
2439 419 2512 476 δι’
2555 423 2616 476 οὗ
2665 427 2724 477 τό
2783 421 3073 478 σκάνδαλον
3124 428 3357 501 ἔρχεται.
3406 432 3575 479 ΠΡΟΣ
3620 431 3780 483 PRM.

414 513 632 583 fratri,
662 514 757 569 vel
783 513 1145 570 scandalum
1179 512 1370 579 (Rom.
1396 528 1518 582 xxv,
1547 513 1657 583 13).

416 692 589 760 Quod
610 692 911 769 quidquid
933 691 1169 751 Domini
1195 691 1493 750 voluntati
1516 690 1894 762 adversatur,
1908 707 2080 750 scan-

1093 782 1307 839 dalum
1336 781 1432 839 sit.

1102 892 1302 960 Caput
1341 889 1411 947 II

480 978 721 1038 Exinde
773 981 943 1052 coepit
974 980 1149 1037 Jesus
1205 982 1516 1038 ostendere
1565 981 1882 1052 discipulis
1930 980 2078 1052 suis,

420 1071 585 1142 quod
624 1077 929 1140 oporteret
974 1086 1107 1127 eum
1152 1071 1240 1127 ire
1275 1072 1740 1141 Jerosolymam,
1781 1076 1837 1128 et
1881 1071 2079 1128 multa

403 1161 537 1232 pati
572 1176 610 1217 ιι
658 1161 1017 1232 senioribus,
1060 1167 1114 1217 et
1159 1162 1544 1232 principibus
1583 1160 1989 1230 sacerdotum,
2022 1164 2080 1216 et

406 1251 645 1322 scribis,
677 1257 733 1308 et
781 1252 997 1318 occidi,
1025 1258 1079 1307 et
1117 1253 1297 1307 tertia
1342 1250 1439 1307 die
1462 1266 1811 1322 resurgere.
1866 1251 1944 1306 Et
1973 1266 2078 1321 ap-

405 1340 790 1410 prehendens
848 1356 979 1398 eum
1024 1343 1245 1398 Petrus
1275 1345 1451 1412 cazpit
1498 1344 1822 1411 increpare
1874 1341 2075 1412 illum,

407 1431 613 1488 dicens
653 1449 668 1486 :
714 1433 1030 1502 Propitius
1078 1434 1159 1488 sis
1207 1433 1337 1503 tibi,
1366 1434 1638 1499 Domine,
1672 1448 1793 1489 non
1824 1433 1941 1489 erit
1970 1433 2081 1489 tibi

405 1519 538 1577 hoc.
570 1521 687 1587 Qui
728 1536 1073 1585 conversus,
1104 1521 1262 1579 dixit
1309 1523 1496 1578 Petro
1528 1539 1541 1577 :
1595 1522 1755 1578 Vade
1793 1527 1929 1592 post
1959 1537 2074 1591 me,

401 1609 651 1682 Satana,
672 1610 1035 1667 scandalum
1060 1612 1214 1667 mihi
1231 1612 1469 1683 es,quia
1499 1628 1621 1668 non
1642 1612 1823 1682 .gsapis
1844 1626 1915 1669 ea
1943 1626 2077 1683 quae

399 1700 514 1757 Dei
555 1706 719 1771 sunt,
751 1701 854 1760 sed
903 1718 1034 1775 qua:
1065 1701 1375 1759 hominum
1424 1702 1674 1774 (Matth.
1704 1718 1822 1772 1m,
1858 1704 2073 1773 21-23).

403 1895 580 1965 Quod
599 1897 739 1956 licet
763 1915 800 1954 a
826 1897 1127 1972 scriptura
1148 1916 1244 1957 res
1259 1898 1356 1957 vel
1376 1898 1634 1957 verbum
1661 1898 1912 1972 aliquod
1935 1914 2076 1957 con-

478 1988 748 2060 cedatur,
774 2006 846 2046 ea
900 1995 1105 2047 tamen
1157 1990 1409 2047 vitanda
1458 1994 1618 2059 sunt,
1652 2006 1793 2047 cum
1842 1988 1944 2046 alii
1992 1988 2073 2047 ad
2143 2050 2148 2055 ,

473 2083 794 2152 peccatum
826 2077 1010 2137 simili
1033 2095 1097 2137 re
1127 2080 1532 2150 concitantur,
1558 2078 1655 2137 vel
1683 2095 1898 2137 eorum
1927 2094 2074 2151 erga

472 2165 709 2226 bonum
742 2167 1022 2227 alacritas
1053 2168 1369 2226 minuitur.
2013 2166 2025 2171 ’

1050 2275 1252 2347 Caput
1303 2275 1420 2333 III.

473 2366 557 2422 De
576 2379 679 2423 esu
699 2365 757 2436 ig
766 2363 890 2420 itur
909 2379 1111 2422 eorum
1143 2379 1282 2437 qua;
1309 2364 1493 2422 idolis
1518 2363 1942 2433 immolantur,
1964 2362 2077 2421 sci-

401 2469 555 2523 mus,
582 2458 738 2526 quod
770 2455 1011 2510 nullum
1036 2461 1122 2511 est
1148 2455 1380 2511 idolum
1410 2455 1473 2510 in
1502 2453 1751 2519 mundo,
1783 2459 1839 2510 et
1893 2454 2074 2526 260

405 2544 569 2616 quod
600 2545 813 2599 nullus
852 2550 939 2601 est
970 2545 1153 2613 Deus,
1181 2544 1304 2601 nisi
1331 2559 1508 2601 unus.
1538 2544 1717 2616 Nam,
1758 2549 1814 2600 et
1854 2544 1907 2599 si
1930 2548 2075 2600 sunt

410 2634 519 2707 qui
556 2634 849 2690 dicuntur
890 2632 1001 2701 dii,
1035 2635 1157 2691 sive
1202 2633 1268 2689 in
1321 2634 1489 2706 ccelo,
1522 2633 1645 2691 sive
1697 2634 1762 2689 in
1792 2638 1961 2690 terra
2002 2632 2078 2700 (si

403 2722 646 2795 quidem
679 2727 820 2778 sunt
851 2721 1034 2778 multi
1061 2721 1167 2790 dii,
1200 2727 1256 2778 et
1283 2721 1515 2778 domini
1538 2722 1759 2795 multa),
1783 2721 1955 2778 nobis
1985 2728 2076 2780 ta-

403 2829 538 2871 men
566 2828 722 2869 unus
774 2814 951 2878 Deus,
984 2811 1194 2880 Pater,
1234 2828 1312 2869 ex
1362 2828 1478 2883 quo
1516 2827 1744 2881 omnia,
1776 2818 1834 2869 et
1872 2828 1981 2869 nos
2011 2814 2076 2869 in

406 2903 622 2959 illum:
648 2906 705 2958 et
734 2918 892 2958 unus
916 2903 1233 2965 Dominus,
1260 2905 1426 2959 Iesus
1450 2901 1748 2971 Christus,
1772 2918 1881 2974 per
1900 2918 2076 2975 quem

412 2993 637 3060 omnia,
665 2997 723 3049 et
749 3007 858 3048 nos
880 3007 992 3062 per
1016 2991 1211 3061 ipsum
1239 3007 1264 3048 .·
1296 2992 1400 3049 sed
1426 3008 1550 3048 non
1589 2992 1655 3047 in
1686 2991 1962 3049 omnibus
1991 2996 2078 3049 est

405 3083 678 3140 scientia.
730 3080 980 3149 Quidam
1024 3088 1223 3138 autem
1293 3098 1429 3139 cum
1503 3082 1871 3139 conscientia
1925 3081 2081 3138 idoli

2184 507 2344 566 ’Λλλᾶ
2360 520 2512 566 τοῦτο
2546 517 2756 589 κρίνατε
2784 512 2996 587 μᾶλλον,
3028 518 3086 567 τὸ
3125 519 3197 587 μὴ
3240 517 3434 569 τιθέναι
3463 520 3787 592 πρόσκομμα

2188 610 2260 673 τῷ
2287 598 2512 675 ἀδελφῷ,
2546 603 2577 662 ἢ
2613 599 2926 660 σκάνδαλον.

2187 688 2307 744 Ὀτι
2352 696 2455 745 πᾶν
2510 695 2570 745 τό
2618 688 2964 767 ἀντικείμενον
3019 701 3092 765 τῷ
3143 701 3235 747 τοῦ
3288 700 3485 770 Κυριου
3538 693 3796 770 θελήματι

2746 779 3039 837 σκάνδαλόν
3070 782 3212 837 ἔστιν
3225 827 3239 840 .

2840 891 3027 964 Κεφαλ.
3080 891 3150 947 Β’.

2261 980 2630 1035 ΜΛΤΘΑΙΟΣ.
2664 978 2795 1034 Ἀπὸ
2824 985 2939 1034 τότε
2985 980 3225 1055 ἤρξατοὸ
3279 981 3488 1045 Ἰησοῦς
3540 978 3793 1038 δεικνύειν

2188 1074 2295 1129 τοῖς
2358 1068 2622 1141 μαθηταῖς
2680 1068 2862 1137 αὐτοῦ,
2938 1072 3017 1123 ὅτι
3064 1068 3149 1124 δεῖ
3193 1071 3348 1124 αὐτόν
3411 1069 3649 1126 ἀπελθεῖν
3720 1073 3793 1136 εἰς

2186 1155 2539 1232 Ἰεροσόλυμα,
2567 1163 2658 1211 καὶ
2700 1158 2863 1212 πολλά
2909 1161 3093 1213 παθεῖν
3127 1159 3229 1213 ἀπὸ
3270 1169 3370 1213 τῶν
3400 1160 3788 1238 πρεσϐυτέρων,

2186 1251 2276 1300 καὶ
2303 1246 2607 1323 ἀρχιερέων,
2631 1252 2721 1301 καὶ
2749 1252 3116 1322 γραμματέων,
3146 1255 3236 1303 καὶ
3256 1248 3666 1318 ἀποκτανθῆναι,
3698 1257 3789 1305 καὶ

2185 1333 2249 1410 τῇ
2326 1342 2475 1413 τρίτῃ
2550 1340 2724 1414 ἡμέρᾳ
2799 1337 3109 1399 ἀναστῆναι.
3179 1344 3282 1393 Καὶ
3366 1340 3792 1415 προσλαϐόμενος

2187 1425 2344 1479 αὐτὸν
2386 1427 2413 1480 ὁ
2457 1432 2665 1503 Πέτρος,
2708 1428 2905 1503 ἤρξατο
2935 1428 3179 1502 ἐπιτιμᾶν
3219 1429 3382 1499 αύτῷ,
3413 1429 3595 1502 λέγων·
3616 1430 3791 1495 Ἵλεώς

2188 1535 2293 1584 σοι,
2328 1518 2506 1592 Κύριε,
2540 1518 2600 1569 ού
2640 1521 2712 1590 μὴ
2766 1520 2913 1571 ἔσται
2951 1537 3038 1570 σοι
3073 1526 3254 1575 τοῦτο.
3310 1518 3368 1571 Ὀ
3408 1515 3488 1588 δε,
3524 1527 3787 1594 στραφεὶς,

2185 1601 2293 1659 εἶπε
2337 1607 2447 1676 (66)
2496 1614 2568 1678 τῷ
2632 1611 2828 1681 Πέτρῳ·
2883 1606 3080 1681 Ὕπαγε
3140 1608 3313 1662 ὀπίσω
3382 1628 3504 1682 μου,
3567 1617 3787 1664 Σατανᾶο

2187 1691 2480 1749 σκάνδαλον
2510 1714 2613 1768 μου
2644 1693 2710 1767 εἶ,
2742 1698 2826 1750 ὅτι
2844 1697 2904 1751 ού
2944 1706 3146 1774 φρονεῖς
3172 1701 3236 1751 τὰ
3256 1705 3348 1752 τοῦ
3379 1704 3535 1768 Θεοῦ,
3571 1696 3700 1754 ἀλλὰ
3726 1701 3792 1753 τὰ

2112 1779 2157 1837 Β
2183 1792 2285 1838 τῶν
2314 1783 2619 1862 ἀνθρώπων.

2182 1891 2305 1947 Ὀτι
2359 1890 2443 1948 δεῖ
2509 1899 2600 1947 καὶ
2651 1896 2712 1947 τό
2773 1899 3248 1971 συγκεχωρημένον
3290 1897 3393 1950 ύπό
3440 1903 3536 1960 τῆς
3583 1903 3789 1972 Γραφῆς

2253 1989 2476 2058 πρᾶγμα
2517 1984 2546 2043 ἦ
2587 1985 2736 2059 ῥῆμα
2784 1987 3176 2059 παραιτεῖσθαι,
3226 1986 3350 2039 ὅταν
3405 1983 3791 2060 οἰκοδομῶνται

2254 2073 2402 2129 ἄλλοι
2452 2072 2508 2127 ἔκ
2537 2082 2630 2128 τοῦ
2683 2076 2866 2148 ὁμοίου
2920 2075 2988 2137 εἰς
3043 2076 3325 2153 ἁμαρτίαν
3356 2076 3389 2137 io
3431 2075 3788 2131 ὶκκάπτωνται

2254 2166 2351 2223 τὴν
2371 2165 2580 2240 περὶτὰ
2606 2162 2743 2218 καλὰ
2778 2166 3098 2240 προθυμίαν.

2847 2271 3041 2345 Regna.
3074 2270 3144 2328 Γ.

2256 2364 2426 2417 ΠΡΟΣ
2456 2367 2608 2418 KOP.
2650 2361 2696 2416 α’
2743 2366 2869 2440 Περὶ
2910 2371 3004 2426 τῆς
3046 2363 3291 2441 βρώσεως
3318 2362 3410 2421 οὖν
3435 2373 3537 2420 τῶν
3567 2362 3789 2420 εἰδωλο-

2187 2452 2353 2506 θύτων
2409 2448 2649 2526 οῖδαμεν,
2703 2453 2785 2507 ὅτι
2836 2449 2988 2506 ούδὲν
3045 2450 3259 2508 εἴδωλον
3305 2453 3356 2507 ἂν
3425 2458 3634 2530 κόσμῳ,
3700 2461 3790 2509 καὶ

2184 2540 2266 2595 ὅτι
2303 2538 2487 2604 ούδεος
2527 2543 2656 2604 Θεὸς
2686 2541 2730 2595 εἰ
2772 2547 2849 2616 μὴ
2882 2543 2968 2605 εἷς.
3006 2548 3107 2598 Καὶ
3145 2545 3249 2620 γὰρ
3301 2548 3442 2620 εἰπερ
3491 2545 3597 2599 εἰσὶ
3637 2544 3790 2619 λεγό-

2183 2649 2328 2704 μενοι
2383 2632 2509 2700 θεοὶ,
2543 2634 2644 2685 εῖτε
2711 2629 2763 2684 ἐν
2829 2631 3031 2707 οὐρανῷ
3088 2636 3189 2687 εἴτε
3214 2631 3298 2687 ἐπὶ
3349 2641 3446 2696 τῆς
3472 2636 3789 2710 γῆς(ὦσπερ

2185 2724 2288 2774 εἰσὶ
2369 2721 2475 2774 θεοὶ
2539 2719 2720 2774 πολλοὶ
2808 2725 2898 2775 καὶ
2968 2723 3140 2796 κύριοι
3208 2721 3426 2793 πολλοὶ),
3498 2722 3605 2775 ἀλλ’
3663 2726 3790 2797 ἡμῖν

2184 2811 2251 2871 εἷς
2314 2813 2441 2872 Θεὸς
2497 2811 2634 2882 (67),
2703 2810 2730 2862 ὁ
2796 2814 3003 2886 Πατὴρ,
3072 2809 3125 2875 ἕξ
3184 2811 3245 2863 οὗ
3318 2814 3385 2864 τὰ
3451 2813 3640 2879 πάντα,
3698 2819 3789 2866 καὶ

2183 2901 2331 2975 ἡμεῖς
2397 2900 2465 2960 εἰς
2529 2899 2685 2953 αὐτόν
2720 2919 2734 2935 ο
2794 2902 2885 2953 καὶ
2954 2900 3021 2961 εἷς
3080 2903 3291 2975 Κύριος,
3353 2900 3560 2963 Ἰησοῦς
3606 2909 3785 2977 Χρισ-

2181 2992 2286 3062 τὸς,
2344 2986 2418 3042 δι’
2466 2989 2529 3042 οὗ
2554 2978 2652 3042 ’τὰ
2707 2990 2896 3058 πάντα,
2955 2994 3046 3043 καὶ
3113 2991 3261 3063 ἡμεῖς
3318 2987 3390 3043 δι’
3438 2990 3620 3043 αὐτοῦ’
3680 2990 3788 3044 ἀλλ’

2184 3079 2279 3133 οὐκ
2358 3077 2407 3132 ἕν
2478 3086 2643 3134 πᾶσιν
2732 3082 2763 3140 ἠ
2855 3089 3071 3153 γνῶσις.
3147 3083 3294 3143 Tuis;
3359 3077 3421 3134 δι
3482 3088 3546 3154 τῇ
3627 3100 3792 3135 συνει-

404 3187 594 3244 usque
645 3144 810 3228 nunc
871 3172 1050 3243 quasi
1116 3170 1527 3242 idolothytum
1579 3171 1973 3237 manducant,
2020 3176 2076 3228 et

2187 3166 2346 3228 δήσει
2384 3169 2477 3230 ἕως
2542 3169 2660 3244 ἄρτι
2712 3176 2806 3221 τοῦ
2880 3165 3096 3222 εἰδώλου
3164 3172 3234 3232 ὡς
3305 3166 3650 3224 εἰδωλόθυτον
3708 3170 3791 3225 ἕσ-

406 3263 775 3320 conscientia
826 3262 1077 3317 illorum
1124 3277 1260 3317 cum
1302 3263 1380 3316 sit
1433 3261 1702 3330 inﬁrma,
1747 3262 2074 3331 polluitur.

405 3354 568 3411 Esca
597 3357 798 3410 autem
830 3366 939 3409 nos
966 3367 1089 3408 non
1113 3351 1490 3409 commendat
1517 3352 1662 3408 Deo.
1687 3351 1898 3423 Neque
1919 3352 2079 3409 enim

409 3443 463 3500 si
504 3441 1100 3508 manducaverimus,
1155 3440 1538 3497 abundamus
1567 3459 1590 3497 .-
1641 3456 1833 3513 neque
1876 3441 1932 3498 si
1955 3456 2079 3499 non

407 3531 1002 3601 manducaverimus,
1022 3530 1345 3600 deﬁcimus.
1372 3531 1575 3588 Videte
1593 3536 1796 3590 autem
1815 3547 1892 3589 ne
1914 3532 2081 3602 forte

411 3622 539 3681 hinc
567 3621 814 3678 licentia
848 3625 1048 3678 vestra
1094 3620 1528 3690 o/fendiculum
1551 3621 1662 3689 ﬁat
1701 3621 1981 3690 inﬁrmis.
2014 3620 2084 3677 Si

411 3712 566 3769 enim
597 3711 730 3783 quis
762 3710 982 3767 viderit
1001 3714 1077 3777 te,
1100 3710 1209 3781 qui
1232 3709 1413 3767 habes
1441 3711 1781 3778 scientiam,
1802 3711 1868 3766 in
1892 3711 2079 3766 idolio

409 3801 871 3870 recumbentem,
896 3814 1096 3856 nonne
1117 3800 1487 3857 conscientia
1515 3802 1645 3870 ejus
1676 3800 1777 3870 qui
1798 3800 2078 3868 inﬁrmus

410 3896 496 3948 est
527 3890 933 3958 wdiﬁcabztur
963 3889 1044 3945 ad
1073 3889 1570 3946 manducandum
1597 3888 1945 3959 idolothyta
1964 3888 1992 3944 ‘i
2021 3893 2080 3944 et

405 3980 567 4051 perit
594 3980 874 4048 inﬁrmus
892 3979 958 4034 in
988 3984 1094 4034 tua
1117 3979 1368 4036 scientia
1388 3980 1604 4049 frater,
1623 3982 1879 4049 propter
1907 3993 2080 4050 quem

413 4069 695 4127 Christus
714 4074 987 4124 mortuus
1010 4072 1143 4124 est?
1168 4068 1273 4125 Sic
1293 4072 1493 4124 autem
1518 4072 1836 4138 peccantes
1863 4067 1927 4123 in
1949 4067 2081 4137 fra-

415 4164 556 4226 tres,
602 4163 657 4214 et
700 4157 1111 4228 percutientes
1137 4157 1564 4214 conscientiam
1595 4158 1863 4228 ipsorum
1910 4156 2079 4226 inﬁr-

412 4262 597 4318 mam,
634 4248 698 4303 in
742 4246 1054 4303 Christum
1094 4246 1385 4316 peccatis.
1427 4246 1834 4318 Quapropter,
1863 4247 1923 4301 si
1945 4260 2081 4303 esca

410 4337 792 4395 scandalizat
821 4337 1086 4408 fratrem
1107 4352 1328 4404 meum,
1360 4351 1481 4392 non
1521 4336 1900 4393 manducabo
1946 4351 2079 4394 car-

411 4444 547 4486 nem
567 4430 631 4486 in
671 4435 982 4499 mternum,
1010 4443 1085 4484 ne
1119 4429 1383 4500 fratrem
1424 4443 1621 4485 meum
1670 4428 2075 4485 scandalizem

412 4519 489 4591 (Ι.
525 4520 664 4577 Cor.
708 4534 826 4586 vui,
857 4520 1042 4576 4-13).
1065 4562 1079 4575 .
1101 4559 1115 4573 .
1167 4516 1466 4589 Nunquid
1512 4532 1634 4573 non
1666 4516 1952 4574 habemus
1969 4532 2078 4588 ρο·
2104 4503 2148 4558 D

411 4614 683 4667 testatem
726 4606 1153 4664 manducandi
1196 4612 1253 4663 et
1297 4606 1589 4663 bibendi?
1632 4606 1927 4679 Nunquid
1951 4622 2076 4664 non

406 4698 692 4756 habemus
712 4702 1070 4767 potestatem
1090 4710 1357 4755 sororem
1390 4697 1709 4753 mulierem
1735 4698 2077 4754 circumdu-

407 4790 600 4856 eendi,
622 4793 778 4845 sicut
834 4794 890 4844 et
911 4787 1118 4845 caeteri
1144 4787 1425 4858 apostoli,
1458 4792 1516 4844 et
1541 4788 1776 4858 fratres
1806 4786 2071 4860 Domini,

408 4886 463 4938 et
497 4877 726 4950 Cep’ias
747 4878 775 4933 ‘I
804 4878 927 4933 Aut
972 4893 1077 4948 ego
1102 4878 1266 4933 solus
1294 4882 1351 4932 et
1391 4876 1717 4934 Barnabas
1736 4892 1860 4933 non
1890 4877 2071 4937 habe-

406 4986 538 5026 mus
556 4973 911 5041 potestatem
945 4966 1056 5023 hoc
1079 4965 1408 5037 operandi?
1431 4967 1573 5035 Quis
1590 4966 1817 5024 militat
1834 4967 1960 5024 suis
1972 4967 2074 5024 sti-

404 5060 639 5129 pendiis
661 5072 931 5130 unquam
965 5059 992 5113 ?
1016 5058 1150 5129 quis
1166 5057 1420 5127 plantat
1464 5057 1721 5126 vineam,
1753 5062 1809 5114 et
1831 5056 1905 5114 de
1924 5057 2071 5127 fru-

408 5154 509 5205 ctu
530 5150 655 5219 ejus
675 5163 797 5204 non
814 5147 1095 5204 edittAut
1114 5146 1250 5219 quis
1262 5146 1457 5219 pascit
1476 5151 1799 5230 gregem,“
1820 5147 1894 5204 de
1912 5147 2073 5206 lacte

432 5239 635 5310 gregis
660 5253 781 5295 non
811 5237 1144 5295 manducat
1166 5236 1241 5308 γ(
1245 5235 1282 5293 Ι
1306 5235 1448 5294 Cor.
1473 5250 1557 5307 ιχ,
1585 5236 1710 5309 4-7)
1731 5240 1790 5294 et
1826 5240 2067 5296 cietera.

464 5437 597 5521 .(6§)
632 5439 773 5521 lieg.
799 5435 1008 5493 tertius
1055 5439 1316 5511 στραφεὶς,
1370 5431 1505 5490 εἶπεν
1544 5435 1705 5509 αὐτῷ,
1738 5451 2066 5496 conversus

407 5509 824 5712 άΐᾷέῐὶἓάἱιὶο
855 5579 1038 5638 Paris.
1069 5580 1144 5644 εἷς
1186 5581 1215 5633 ό
1260 5583 1406 5643 Θεὸς.
1443 5583 1617 5638 Deest
1658 5580 1950 5640 articulus
1997 5581 2060 5639 in

407 5669 485 5712 vu
510 5668 590 5712 ua
641 5668 693 5708 ε.

403 5668 693 5727 vulgatis.

2187 3260 2387 3326 θίουσι,
2447 3261 2536 3311 καὶ
2601 3259 2633 3316 ἡ
2732 3254 3044 3319 συνείδησις
3128 3258 3298 3311 αὐτῶν
3369 3258 3590 3323 ἀσθενὴς
3655 3257 3791 3315 οὖσα

2183 3347 2458 3423 μολύνεται
2484 3389 2497 3402 .
2586 3353 2779 3422 Βρῶμα
2858 3344 2919 3401 δὶ
2991 3350 3128 3422 ἡμᾶς
3201 3349 3260 3403 ού
3339 3355 3636 3426 παρίστησι
3716 3351 3789 3422 τῷ

2186 3445 2321 3509 Θεῷ.
2391 3439 2528 3492 Οὔτε
2584 3439 2687 3512 γὰρ
2744 3436 2829 3489 ἐὰν
2901 3439 3165 3512 φάγωμεν,
3217 3444 3618 3513 περισσεύομεν·
3672 3443 3789 3493 οὔτε

2186 3526 2274 3582 ἰὰν
2329 3529 2401 3601 μὴ
2462 3529 2726 3601 φάγωμεν,
2778 3526 3162 3601 ὑστερούμεθα.
3226 3527 3442 3582 Βλέπετε
3507 3527 3569 3582 δέ
3601 3532 3785 3601 μήπως

2185 3620 2216 3677 ἠ
2279 3617 2495 3681 ἰξουσία
2550 3617 2694 3690 ὑμῶν
2786 3617 2920 3675 αὕτη
2995 3620 3319 3692 πρόσκομμα
3386 3621 3600 3690 γένηται
3680 3623 3788 3678 τοῖς

2186 3705 2517 3762 ἀσθενοῦσιν.
2601 3705 2720 3759 Ἐὰν
2801 3709 2903 3781 γάρ
2987 3725 3067 3767 τις
3124 3703 3219 3779 ῖδῃ
3288 3709 3366 3772 σε,
3442 3710 3528 3760 τὸν
3595 3709 3789 3780 ἔχοντα

2184 3805 2399 3870 γνῶσιν,
2469 3795 2517 3848 ἓν
2583 3792 2827 3868 εἰδωλείῳ
2890 3800 3279 3870 κατακείμενον,
3336 3796 3465 3869 ούχὶ
3521 3798 3552 3856 ἡ
3611 3800 3787 3850 συνεί-

2188 3883 2344 3947 δησις
2452 3885 2614 3938 αὐτοῦ
2724 3883 2978 3948 ἀσθενοῦς
3065 3891 3207 3950 ὄντος
3304 3884 3788 3961 οἰκοδομηθήσεται

2186 3975 2255 4037 εἰς
2322 3977 2379 4027 τὸ
2453 3976 2519 4027 τὰ
2597 3970 2919 4029 εἰδωλόθυτα
2995 3975 3187 4030 ἐσθίειν
3243 3993 3260 4046 ;
3337 3982 3428 4029 καὶ
3499 3975 3786 4031 ἀπόλλυται

2187 4060 2293 4131 (68)
2361 4060 2387 4112 ὁ
2456 4057 2683 4112 ἀσθενῶν
2766 4059 2817 4113 ἐν
2880 4069 2944 4134 τῇ
3164 4067 3357 4134 γνώσει
3420 4058 3662 4135 ἁδελφός,
3710 4059 3787 4115 δι’

2185 4148 2240 4201 ὃν
2296 4152 2527 4224 Χριστός
2570 4147 2867 4218 ἀπέθανεν;
2929 4151 3081 4203 Οὕτω
3150 4147 3209 4204 δὲ
3284 4151 3662 4225 ἁμαρτάνοντες
3716 4150 3787 4215 εἰς

2185 4242 2303 4299 τοὺς
2368 4234 2638 4311 ἀδελφούς,
2679 4243 2770 4292 καὶ
2845 4242 3123 4303 τύπτοντες
3177 4240 3347 4294 αὐτῶν
3401 4245 3496 4300 τὴν
3544 4236 3790 4299 συνείδη-

2187 4357 2270 4391 σιν
2353 4333 2680 4392 ἆσδενοῦσαν
2710 4380 2725 4408 ,
2790 4338 2864 4402 εἰς
2947 4342 3179 4414 Χριστὸν
3260 4338 3598 4415 ἁμαρτάνετε.
3674 4341 3788 4392 Διός

2183 4456 2277 4513 περ
2344 4437 2389 4491 εἰ
2464 4435 2657 4513 βρῶμα
2724 4435 3065 4501 σκανδαλίζει
3128 4441 3217 4492 τόν
3266 4435 3486 4512 ἀδελφόν
3542 4458 3665 4513 μου,
3722 4438 3782 4492 ού

2183 4540 2255 4611 μὴ
2299 4538 2447 4610 φάγω
2508 4540 2637 4612 κρέα
2686 4536 2759 4601 εἰς
2822 4540 2910 4591 τόν
2978 4537 3161 4607 αἰῶνα,
3195 4540 3280 4592 ἵνα
3341 4542 3414 4612 μὴ
3476 4540 3563 4591 τόν
3621 4533 3783 4591 ἀδελ-

2184 4638 2274 4708 φόν
2333 4654 2435 4710 μου
2524 4631 2881 4692 σκανδαλίσω.
2969 4640 3055 4695 Μὴ
3125 4635 3219 4689 οὐκ
3279 4638 3468 4709 ἔχομεν
3542 4634 3784 4698 ἐξουσίαν

2183 4741 2362 4806 φαγεῖν
2445 4738 2536 4788 καὶ
2622 4739 2846 4804 πίνειν;
2925 4733 3012 4793 Μὴ
3098 4732 3194 4785 οὐκ
3272 4734 3462 4806 ἔχομεν
3542 4730 3783 4795 ἕξονσίαν

2182 4826 2409 4905 ἀδελφὴν
2480 4839 2708 4904 γυναῖκα
2797 4833 3082 4909 περιάγειν,
3171 4833 3238 4893 ὡς
3311 4835 3403 4883 καὶ
3486 4832 3536 4883 οἱ
3608 4829 3784 4885 λοιποὶ

2180 4927 2464 4983 ἀπόστολοι
2495 4971 2511 4998 ,
2579 4934 2671 4983 καὶ
2755 4932 2805 4982 οἱ
2895 4925 3111 5002 ἀδελφοὶ
3186 4935 3281 4980 τοῦ
3371 4932 3567 5004 Κυρίου
3602 4971 3618 4998 ,
3692 4932 3784 4983 καὶ

2181 5033 2361 5100 Κηφᾶς
2391 5033 2402 5080 !
2434 5027 2501 5082 ΊΙ
2566 5034 2725 5103 μόνος
2795 5027 2895 5101 ἐγὼ
2943 5033 3033 5081 καὶ
3088 5027 3353 5104 Βαρνάϐας
3428 5029 3524 5084 ούκ
3593 5031 3782 5103 ἔχομεν

2178 5126 2419 5190 ἐξουσίαν
2489 5136 2581 5180 τοῦ
2663 5132 2736 5201 μὴ
2831 5128 3206 5205 ἐργάζεσθαις
3277 5132 3367 5193 Τίς
3439 5129 3784 5206 στρατεύεται

2179 5220 2339 5288 ἰδίοις
2417 5226 2662 5298 ὀψωνίοις
2744 5231 2866 5282 ποτέ
2928 5245 2944 5296 ;
3022 5232 3103 5293 τίς
3182 5229 3388 5302 φυτεύει
3470 5226 3777 5301 ἀμπελῶνα,

2245 5431 2354 5503 (68)
2394 5431 2655 5504 Utroque
2683 5429 2866 5487 editio
2895 5433 2952 5487 et
2979 5446 3124 5486 mss.
3148 5426 3272 5504 duo
3291 5424 3601 5504 animum,
3624 5427 3771 5498 Reg.

2170 5495 2376 5560 tertius
2404 5495 2653 5575 perinde
2679 5507 3147 5575 utsacerqtextus
3165 5499 3453 5575 vulgatus
3483 5495 3776 5575 ξιπολεῖτοῖι,

2169 5567 2421 5666 peribit:
2444 5575 2671 5632 Ibidem
2699 5578 2838 5647 Reg.
2863 5573 3094 5647 primus
3126 5567 3355 5624 ἀσθενῶν
3385 5567 3604 5644 ἁδελφὸς
3627 5570 3675 5624 ἰν
3700 5578 3765 5644 τῇ

2175 5666 2239 5722 σῃ
2272 5666 2486 5722 γνωσει.
