4112 6382
251 337 353 391 757

1761 330 2100 387 ΜΟΒΔΜΑ.

3508 335 3615 388 758

254 478 375 532 μου,
408 458 615 533 πέμψαι
644 460 774 535 πρὸς
805 457 958 531 ὑμᾶς.
1008 460 1110 511 Καὶ
1134 455 1245 530 μετ’
1278 454 1441 526 ὀλίγα·
1477 449 1848 529 Προσδέχεσθε

1963 451 2243 521 Excipite
2260 452 2466 523 itaque
2485 453 2660 509 illum
2678 454 2740 509 in
2760 455 3010 511 Domino
3031 471 3163 512 cum
3186 459 3350 513 omni
3367 456 3612 527 gaudio,

257 543 343 600 οὖν
375 549 487 619 (78)
536 548 690 602 αύτόν
731 546 779 600 ἐν
812 550 988 623 Κυρίῳ
1017 549 1148 620 μετὰ
1176 547 1353 611 πάσης
1376 550 1572 619 χαρᾶς,
1605 548 1694 598 καὶ
1737 547 1853 604 τοὺς

251 640 520 702 τοιούτους
548 637 788 712 ἐντίμους
818 641 982 710 ἔχετε.

898 734 1063 780 ΟΡΟΣ
1095 725 1194 781 ΛΖ’

240 837 361 891 Ὀτι
396 838 426 895 ἠ
456 838 591 889 κατὰ
622 831 867 910 δύναμιν,
894 832 988 887 κᾶν
1106 834 1223 905 (79)
1262 831 1310 886 ἓν
1353 839 1465 894 τοῖς
1519 831 1845 903 ἐλαχίστοις,

313 928 589 1002 προθυμία
641 921 1029 999 εὐπρόσδεκτος
1075 924 1187 979 ἔστι
1236 931 1311 997 τῷ
1368 930 1503 996 Θεῷ,
1562 920 1659 975 κᾶν
1703 923 1847 998 παρὰ

312 1025 571 1090 γυναικῶν
598 1013 650 1091 ᾖ.

882 1105 1072 1174 Κεφάλ.
1126 1103 1201 1162 Δ’.

313 1218 677 1270 ΜΑΤΘΑῘΟΣ.
726 1217 829 1269 Καὶ
874 1213 930 1279 ὃς
972 1213 1061 1269 έὰν
1103 1216 1298 1287 ποτίσῃ
1361 1212 1449 1267 ἕνα
1494 1219 1595 1266 τῶν
1645 1220 1847 1288 μικρῶν

244 1307 434 1359 τούτων
486 1310 737 1380 ποτήριον
784 1305 1003 1381 ψυχροῦ
1049 1308 1202 1379 μόνον
1248 1304 1321 1365 εἰς
1369 1308 1530 1377 ὄνομα
1581 1306 1841 1377 μαθητοῦ,

243 1394 401 1468 ἀμὴν,
452 1394 584 1468 λέγω
636 1396 779 1470 ὑμῖν,
828 1395 887 1450 ού
935 1400 1006 1469 μὴ
1065 1392 1290 1468 ἀπολέσῃ
1342 1395 1458 1467 (80)
1514 1396 1602 1446 τὸν
1653 1395 1844 1467 μισθὸν

241 1483 424 1553 αὐτοῦ,
461 1489 745 1540 ΛΟΥΚΑΣ.
780 1482 1099 1558 ’Λναϐλέψας
1144 1480 1201 1538 δε
1249 1479 1357 1538 εἶδε
1402 1486 1522 1544 τοὺς
1566 1481 1845 1556 βαλλοντας

234 1570 301 1627 τὰ
359 1570 507 1650 δῶρα
578 1574 745 1628 αὐτῶν
820 1572 894 1637 εἰς
943 1578 1002 1628 τό
1080 1573 1464 1648 γαζοφυλάκιον
1537 1572 1841 1638 πλουσίους.

237 1657 359 1717 Εἵδε
407 1659 468 1717 δέ
514 1681 632 1718 τινα
685 1667 863 1738 χήραν
922 1665 1177 1738 πενιχρὰν
1209 1664 1320 1735 (81)
1380 1661 1677 1736 βάλλουσαν
1739 1662 1846 1717 εκεῖ

238 1748 334 1805 δύο
360 1750 540 1820 λεπτὰ,
573 1755 663 1806 καὶ
694 1749 851 1806 εἶπενο
902 1750 1136 1817 Ἀληθῶς
1179 1752 1311 1825 λέγω
1350 1754 1491 1826 ύμῖν,
1521 1755 1602 1806 ὅτι
1630 1755 1660 1811 ἡ
1693 1757 1846 1830 χήρα

526 1807 539 1820 ,
1014 1807 1024 1812 -
1122 1807 1135 1817 υ
1241 1807 1254 1825 .
1384 1807 1393 1826 ι
1480 1807 1491 1819 ι
1648 1807 1656 1811 -
1693 1807 1737 1827 η
1758 1807 1786 1830 -.

236 1845 367 1901 αὕτη
395 1843 425 1902 ἡ
460 1845 653 1918 πτωχή
686 1846 878 1915 πτωχὴ
912 1842 1083 1896 πλεῖον
1121 1845 1327 1896 πάντων
1369 1842 1563 1898 ἔϐαλεν.
1595 1840 1844 1904 Ἀπαντες
1877 1807 1916 1862 Β

233 1934 335 2009 γὰρ
364 1932 508 1987 οὗτοι
538 1930 591 1987 ἑκ
636 1940 729 1986 τοῦ
776 1936 1177 2010 περισσεύοντος
1230 1932 1407 1996 αὐτοῖς
1460 1932 1635 1987 ἔϐαλον
1680 1932 1752 1993 εἰς
1780 1934 1847 1985 τὰ

237 2019 386 2101 δῶρα
412 2028 503 2077 τοῦ
551 2029 703 2076 Θεοῦ·
752 2023 883 2082 αὕτη
938 2019 997 2076 δε
1044 2021 1098 2075 ἐκ
1146 2031 1237 2077 τοῦ
1281 2026 1641 2101 ὑστερήματος
1685 2024 1848 2087 αὐτῆς

234 2113 442 2166 ἅπαντα
465 2113 551 2166 τόν
586 2110 718 2186 ’βίον
766 2112 819 2166 ὃν
852 2109 991 2186 εἶχεν
1024 2112 1218 2170 ἔϐαλεν.
1251 2118 1611 2169 ΜΑΤΘΑΙΟΣ·
1644 2119 1747 2167 Τοῦ
1788 2109 1847 2167 δι

232 2191 408 2260 Ἰησοῦ
434 2207 703 2276 γενομένου
752 2202 800 2256 ἐν
851 2205 1071 2276 Βεθανίᾳ
1110 2202 1158 2256 έν
1197 2205 1339 2276 οἰκίᾳ
1380 2208 1605 2277 Σίμωνος
1640 2209 1732 2256 τού
1761 2200 1848 2256 λε-

236 2301 389 2368 προῦ,
424 2293 718 2367 προσῆλθεν
748 2292 887 2364 αὐτῷ
916 2298 1047 2365 γυνὴ
1083 2292 1414 2369 ἀλάϐαστρον
1443 2296 1612 2370 μύρου
1643 2296 1851 2365 ἔχουσα

242 2382 559 2459 βαρυτίμου,
594 2388 684 2439 καὶ
715 2388 959 2459 κατέχεεν
992 2382 1076 2437 ἐπὶ
1110 2388 1202 2443 τὴν
1244 2383 1468 2458 κεφαλὴν
1513 2384 1669 2437 αὐτοῦ
1719 2382 1849 2438 ἀναν

240 2477 491 2549 κειμένου.
528 2469 750 2535 Ἰδόντες
794 2471 853 2527 δὲ
889 2476 938 2526 οἱ
964 2475 1200 2549 μαθηταὶ
1230 2474 1414 2543 αὐτοῦ,
1450 2474 1845 2549 ἠγανάκτησαν,

243 2563 487 2636 λέγοντεςι
512 2564 601 2626 Εἰς
626 2570 679 2617 τί
728 2567 758 2623 ἡ
790 2560 1019 2616 ἀπώλεια
1049 2566 1180 2622 αὕτη
1210 2572 1303 2617 τοῦ
1334 2566 1503 2639 μύρου
1528 2581 1541 2632 ;
1592 2560 1847 2619 Ἠδύνατο

237 2655 339 2726 γὰρ
384 2661 537 2707 τοῦτο
594 2656 860 2730 πραθῆναι
906 2653 1119 2722 πολλοῦ,
1170 2658 1261 2707 καὶ
1312 2640 1547 2717 δοθῆναι.
1581 2660 1844 2726 πτωχοῖς.

238 2746 392 2807 Γνοὺς
424 2740 483 2798 δὲ
513 2746 538 2797 6
566 2744 788 2813 Ἰησοῦς,
822 2742 956 2799 εἶπεν
1001 2743 1200 2807 αὐτοῖς’
1251 2748 1315 2798 Τί
1358 2744 1557 2807 κόπους
1590 2748 1849 2818 παρέχετε

233 2840 296 2906 τῇ
327 2838 543 2907 γυναικί
568 2850 582 2903 ;
606 2832 795 2909 Ἔργον
823 2835 925 2909 γὰρ
957 2833 1112 2887 καλὸν
1143 2832 1427 2908 εἰργάσατο
1458 2834 1525 2897 εἰς
1555 2832 1662 2908 ὶμέ.
1695 2839 1851 2889 ΠΡΔ·

232 2925 397 2979 ΞΕΙΣ.
431 2926 559 2997 Περὶ
587 2931 675 2982 τῆς
710 2917 935 2986 Λυδίας·
963 2923 1051 2987 Ὠς
1082 2920 1141 2977 δὲ
1170 2922 1489 2995 ἐϐαπτίσθη,
1520 2929 1611 2979 καὶ
1641 2926 1667 2976 ό
1714 2921 1849 2986 οἶκος

231 3011 346 3081 (82)
371 3011 503 3071 αὐτῇ
512 3031 551 3083 ς,
577 3010 894 3089 παρεκάλεσε
910 3010 1155 3086 λέγουσα·
1180 3013 1242 3066 Εἰ
1262 3017 1535 3088 κεκρίκατέ
1563 3033 1627 3091 με
1655 3018 1847 3073 πιστὴν

232 3106 304 3172 τῷ
341 3104 516 3177 Κυρίῳ
543 3098 690 3170 εἶναι,
725 3098 1038 3170 εἰσελθόντες
1072 3103 1140 3168 εἰς
1168 3108 1255 3158 τὸν
1283 3100 1421 3158 οἶκόν
1454 3124 1575 3183 μου,
1619 3108 1843 3179 μείνατε.

237 3194 338 3247 Καὶ
363 3190 723 3271 παρεϐιάσατο
754 3193 782 3252 ἡ
789 3198 912 3268 μᾶς.

876 3376 1045 3424 ΟΡΟΣ
1071 3375 1165 3426 ΛΗ
1184 3413 1200 3427 .

234 3483 358 3533 Ὀτι
408 3473 493 3533 δεῖ
525 3479 613 3532 τὸν
660 3481 980 3553 Χριστιανὸν
1027 3482 1117 3532 καὶ
1166 3482 1255 3539 τὴν
1302 3478 1378 3543 εἰς
1425 3482 1543 3541 τοὺς
1593 3476 1847 3555 ἀδελφοὺς

376 3564 627 3631 δεξίωσιν
659 3567 915 3643 ἀθόρυϐον
964 3575 1055 3624 καὶ
1105 3569 1373 3645 λιτοτέραν
1410 3572 1698 3629 ποιεῖσθαι.

877 3676 1066 3751 Κεφᾶλ,
1123 3676 1199 3733 A'.

304 3772 621 3824 ΙΩΑΝΝΗΣ.
681 3770 837 3840 Λέγει
888 3767 1032 3840 αὐτῷ
1081 3768 1154 3829 εἷς
1205 3774 1308 3821 τῶν
1366 3767 1612 3841 μαθητῶν
1660 3767 1841 3836 αὐτοῦ,

234 3855 482 3932 Ἀνδρέας
518 3860 544 3911 ό
589 3855 813 3931 ἁδελφὸς
844 3863 1089 3931 Σίμωνος*
1137 3856 1294 3912 Ἐστι
1322 3853 1608 3931 παιδάριον
1637 3860 1688 3911 ἔν
1718 3854 1841 3926 ὧδε,

232 3952 323 4001 καὶ
360 3950 473 4021 ἔχει
509 3952 655 4003 πέντε
690 3950 881 4024 ἄρτους
917 3949 1188 4022 κριθίνους
1214 3952 1306 4001 καὶ
1337 3943 1436 4001 δύο
1473 3947 1695 4022 ὀψάριαο
1717 3946 1848 4002 ἀλλὰ

230 4045 401 4093 ταῦτα
421 4043 473 4092 τί
493 4036 635 4093 ἔστιν
660 4038 735 4100 εἰς
762 4041 1079 4105 τοσούτους;
1126 4036 1252 4093 Eine
1283 4035 1344 4091 δε
1382 4039 1408 4091 6
1431 4037 1655 4101 Ἰησοῦς*
1687 4043 1846 4098 Ποιή-

235 4147 360 4184 σατε
388 4130 504 4189 τοὺς
547 4128 851 4204 ἀνθρώπους
881 4126 1174 4183 ἀναπεσεῖν.
1232 4125 1330 4183 Ἦν
1369 4124 1430 4182 δε
1472 4133 1669 4204 χόρτος
1690 4129 1847 4192 πολὺς

234 4216 284 4272 ἓν
312 4228 384 4291 τῷ
413 4223 573 4293 τόπῳ,
603 4218 876 4272 Ἀνέπεσον
902 4214 990 4272 οὖν
1030 4221 1080 4272 οὶ
1110 4215 1296 4293 ἄνδρες
1335 4221 1422 4272 τὸν
1463 4217 1683 4296 ἀριθμόν
1721 4222 1846 4275 ὡσεὶ

233 4307 672 4381 πεντακισχίλιοι.
727 4307 915 4362 ’Ἐλαϐε
970 4304 1030 4360 δὲ
1059 4312 1180 4371 τοὺς
1207 4310 1393 4383 ἄρτους
1431 4310 1458 4363 ό
1488 4309 1712 4378 Ἰησοῦς,
1756 4314 1846 4362 καὶ

236 4399 656 4473 εὐχαριστήσας,
702 4393 926 4451 διέδωκε
959 4405 1071 4459 τοῖς
1097 4396 1466 4471 ἀνακειμένοις.
1523 4398 1745 4473 Ὁμοίως
1785 4396 1847 4453 δὲ

237 4492 330 4542 καὶ
372 4486 427 4541 ἐκ
468 4506 571 4539 των
608 4485 842 4563 ὀψαρίων
881 4487 1002 4539 ὅσον
1042 4485 1242 4545 ἤθελον.
1284 4494 1571 4543 ΛΟΥΚΑΣ.
1619 4493 1753 4548 Γυνὴ
1786 4485 1847 4542 δέ

238 4597 321 4642 τις
346 4578 561 4651 ὀνόματι
582 4579 775 4651 Μάρθα
799 4572 1083 4639 ὑπεδέξατο
1111 4578 1265 4629 αὐτὸν
1290 4584 1366 4639 εἰς
1385 4580 1471 4629 τὸν
1493 4574 1630 4631 οἶκον
1658 4579 1788 4637 αύτῆ
1801 4598 1842 4641 ς.

240 4674 344 4724 Καὶ
382 4664 513 4742 τῇδε
543 4664 604 4726 ἦν
636 4664 830 4741 ἀδελφὴ
873 4667 1162 4740 καλουμένη
1216 4672 1415 4741 Μαρία,
1467 4668 1496 4728 ἣ
1531 4673 1620 4721 καὶ
1668 4687 1845 4743 παρα-

238 4761 512 4813 καθίσασα
568 4761 709 4834 παρὰ
763 4762 887 4821 τοὺς
924 4753 1098 4820 πόδας
1144 4765 1237 4811 τοῦ
1289 4754 1485 4826 Ἰησοῦ,
1546 4760 1703 4816 ἤκουε
1759 4761 1845 4812 τὸν

238 4850 391 4923 λόγον
426 4849 541 4921 (83)
573 4848 753 4905 αὐτοῦ.
786 4847 845 4902 ἸΙ
896 4843 956 4902 δὲ
998 4850 1191 4924 Μάρθα
1231 4853 1548 4922 περίεσπᾶτο
1578 4853 1697 4925 περὶ
1724 4848 1848 4903 πολι

239 4942 335 5002 λήν
363 4932 663 4995 διακονίαν.⁵
696 4940 996 4999 Ἐπιστᾶσα.
1033 4936 1093 4993 δὲ
1119 4936 1243 4994 εἶπε·
1281 4940 1456 5013 Κύριε,
1485 4939 1545 4993 οὗ
1573 4940 1715 5013 μέλει
1741 4958 1845 5010 σοι,

242 5034 325 5085 ὅτι
355 5034 384 5089 ἣ
421 5026 614 5102 ἁλεδφή
662 5049 762 5103 μου
810 5034 970 5103 μόνην
1009 5049 1073 5103 με
1118 5030 1359 5083 κατελιπε
1389 5027 1676 5098 διακονεῖν;
1724 5030 1849 5083 Eius

244 5120 335 5175 οὖν
391 5119 547 5192 αὐτῇ,
606 5120 689 5171 ἵνα
739 5137 829 5192 μοι
886 5117 1344 5179 συναντιλάϐηται.
1406 5118 1733 5197 Ἀποκριθεὶς
1790 5114 1850 5173 δε

247 5205 381 5267 εἶπεν
431 5208 621 5285 αύτῇό
668 5214 892 5274 Ἰησοῦςι
945 5210 1157 5286 Μάρθα,
1207 5211 1419 5285 Μάρθα,
1463 5216 1717 5289 μεριμνᾷς
1757 5212 1848 5266 καὶ

325 5390 437 5463 (78)
474 5391 617 5463 Reg,
644 5388 853 5445 tertius
882 5384 1392 5463 Upocdiguq0s_o§v.

320 5460 433 5533 (79)
479 5456 587 5517 Sic'
610 5463 752 5538 Reg.
783 5456 1013 5538 test-ius.
1055 5459 1205 5516 Illud
1246 5456 1275 5535 ᾗ
1308 5461 1477 5519 deest
1498 5467 1758 5538 utroque
1786 5464 1849 5522 in

248 5531 656 5615 109939951199
678 5533 742 5615 Ψ
760 5531 1045 5615 θείειὶρηρτ

322 5605 438 5672 (80)
478 5602 670 5665 Εὰἶιὶο
682 5602 869 5662 Paris.
892 5603 1155 5661 ἀπολέσει.
1180 5608 1251 5664 At
1275 5619 1424 5663 mss.
1442 5610 1565 5664 tres
1595 5606 1847 5672 ἀπολέσῃ.

326 5667 441 5750 (81)
482 5678 699 5735 Vocem
724 5679 980 5757 πενιχράν
998 5693 1073 5741 ex
1099 5680 1240 5753 Reg.
1271 5679 1445 5739 tertio
1473 5678 1704 5739 addidi.
1738 5667 1852 5740 lb'i-

1960 547 2013 597 et
2036 556 2130 597 eos
2150 543 2255 614 qui
2271 548 2411 599 sunt
2433 543 2746 612 ejusmodi,
2769 545 2831 598 in
2855 543 3082 601 honore
3117 545 3329 602 habete
3356 546 3611 617 (Philip.

1958 647 2019 701 ιι,
2052 634 2164 705 29).

2493 724 2775 780 BEGULA
2804 725 3078 781 XXXVIII.

1959 828 2132 895 Quod
2158 827 2520 902 obsequium
2549 845 2659 902 pro
2680 828 2910 886 viribus
2941 829 3123 887 etiam
3145 830 3206 887 in
3234 829 3418 887 rebus
3443 829 3617 887 mini-

2026 919 2142 976 mis
2165 918 2520 993 praestitum,
2546 922 2665 975 Deo
2686 924 2777 977 est
2798 926 3136 995 acceptum,
3160 921 3341 979 etiam
3364 920 3415 979 si
3433 935 3616 996 praem

2026 1013 2184 1067 tetur
2203 1024 2241 1066 θ.
2269 1008 2646 1066 mulieribus.

2642 1101 2844 1171 Caput
2880 1100 2933 1157 Ι.

2023 1211 2104 1267 Et
2153 1211 2495 1284 quicunque
2512 1215 2724 1282 potum
2755 1211 2988 1270 dederit
3012 1213 3123 1269 uni
3149 1227 3226 1271 ex
3247 1212 3511 1270 minimis
3539 1212 3617 1270 is-

1955 1302 2031 1359 tis
2057 1303 2302 1361 calicem
2333 1317 2506 1375 aqua:
2531 1302 2779 1374 frigidx
2810 1308 3047 1360 tantum
3068 1304 3132 1361 in
3161 1305 3402 1363 nomine
3429 1303 3615 1362 disci-

1952 1393 2105 1463 puli,
2139 1408 2312 1450 amen
2338 1392 2471 1449 dico
2492 1392 2677 1460 vobis,
2709 1408 2831 1449 non
2851 1393 3064 1464 perdet
3085 1394 3414 1452 mercedem
3440 1407 3615 1452 suam

1954 1482 2203 1551 (Matth.
2230 1498 2287 1548 x,
2313 1483 2474 1554 42)...
2495 1483 2836 1553 Respiciens
2857 1488 3057 1541 autem
3079 1484 3229 1541 vidit
3249 1498 3344 1541 eos
3365 1484 3473 1556 qui
3482 1483 3618 1541 mit-

1955 1571 2158 1629 tebant
2187 1585 2444 1629 munera
2472 1586 2584 1628 sua
2618 1572 2680 1628 in
2710 1571 3221 1643 gazophylacium
3240 1570 3476 1628 divites.
3524 1570 3616 1628 Vi-

1954 1661 2043 1716 dit
2064 1666 2258 1719 autem
2288 1662 2612 1733 quamdam
2643 1661 2887 1720 viduam
2907 1662 3350 1733 pauperculam
3373 1663 3616 1720 mitten-

1955 1759 2065 1808 tem
2100 1752 2249 1808 illuc
2271 1752 2390 1808 duo
2428 1753 2687 1820 minuta,
2720 1758 2774 1808 et
2814 1752 3012 1810 dixit:
3071 1753 3217 1811 Vere
3255 1751 3391 1808 dico
3429 1750 3616 1818 vobis,

1954 1842 2100 1911 quia
2128 1840 2314 1897 vidua
2360 1842 2484 1899 haec
2526 1855 2765 1913 pauper
2786 1842 2930 1910 plus
2974 1855 3158 1913 quam
3200 1855 3403 1898 omnes
3430 1841 3619 1901 misit.

1954 1931 2111 1988 Nam
2140 1946 2341 1989 omnes
2368 1930 2433 1987 hi
2461 1945 2537 1988 ex
2568 1932 2909 1989 abundanti
2937 1932 3057 1988 sibi
3084 1932 3376 1989 miserunt
3395 1932 3463 1987 in
3488 1945 3620 1987 mu-

1956 2035 2105 2078 nera
2125 2021 2237 2078 Dei
2251 2035 2275 2079 .·
2306 2020 2429 2077 hxc
2458 2026 2663 2081 autem
2691 2036 2764 2079 ex
2790 2037 2857 2080 eo
2886 2020 3047 2094 quod
3064 2021 3225 2079 deest
3246 2021 3366 2091 illi,
3387 2034 3621 2079 omnem

1957 2110 2180 2166 victum
2212 2125 2384 2182 quem
2416 2108 2651 2181 habuit,
2691 2111 2851 2167 misit
2888 2111 3058 2182 (Luc.
3084 2126 3207 2183 xxx,
3240 2111 3424 2181 1-4)...
3468 2110 3623 2167 Cum

1958 2204 2157 2257 autem
2186 2201 2359 2257 Jesus
2378 2203 2521 2257 esset
2544 2201 2609 2256 in
2641 2200 2949 2257 Bethania
2974 2200 3041 2256 in
3057 2199 3231 2256 domo
3250 2199 3515 2257 Simonis
3537 2198 3624 2255 le-

1952 2290 2141 2359 prosi,
2175 2291 2426 2346 accessit
2456 2289 2540 2345 ad
2558 2304 2692 2346 eum
2730 2288 2953 2346 mulier
2983 2288 3209 2346 habens
3238 2288 3623 2346 alabastrum

1958 2381 2256 2449 unguenti
2282 2380 2555 2450 pretiosi,
2582 2385 2638 2439 et
2666 2380 2882 2451 effudit
2911 2395 3089 2452 super
3112 2384 3296 2450 caput
3316 2379 3504 2449 ipsius
3530 2390 3624 2435 re-

1959 2470 2309 2527 cumbentis.
2336 2469 2602 2527 Videntes
2619 2475 2820 2527 autem
2841 2470 3134 2541 discipuli
3148 2471 3298 2541 ejus,
3314 2466 3626 2540 indignati

1958 2566 2121 2626 sunt,
2145 2561 2440 2617 dicentes:
2462 2561 2532 2617 Ut
2556 2560 2706 2634 quid
2721 2560 2987 2629 perditio
3010 2560 3137 2617 hxc
3155 2558 3490 2632 unguenti?
3510 2560 3626 2619 Po-

1961 2650 2075 2705 tuit
2102 2649 2259 2705 enim
2291 2650 2455 2705 istud
2488 2650 2831 2706 venundari
2858 2650 3051 2705 multo
3082 2655 3138 2705 et
3166 2649 3313 2705 dari
3338 2649 3628 2720 pauperi-

1962 2739 2089 2796 bus.
2130 2741 2332 2796 Sciens
2359 2744 2560 2796 autem
2584 2740 2780 2810 Jesus,
2804 2741 2893 2797 ait
2915 2739 3080 2796 illis:
3106 2738 3262 2809 Quid
3280 2741 3519 2797 molesti
3539 2754 3626 2797 es-

1961 2830 2038 2887 tis
2069 2829 2211 2886 huic
2234 2830 2522 2888 mulieri?
2552 2829 2714 2900 Opus
2742 2831 2898 2888 enim
2926 2830 3144 2888 bonum
3171 2835 3425 2901 operata
3449 2834 3537 2887 est
3556 2830 3624 2890 in

1960 2934 2051 2976 me
2084 2918 2327 2991 (Matth.
2360 2936 2519 2988 xm,
2546 2920 2800 2993 640)....
2833 2923 2898 2976 In
2927 2920 3085 2977 Actis
3114 2919 3191 2977 de
3222 2918 3441 2994 Lydia:
3471 2918 3624 2979 Cum

1961 3016 2164 3068 autem
2194 3010 2503 3081 baptizata
2547 3015 2714 3073 esset,
2752 3015 2811 3066 et
2864 3010 3078 3067 domus
3108 3012 3257 3081 ejus,
3298 3010 3627 3081 deprecata

1962 3104 2069 3170 est,
2098 3097 2301 3156 dicens
2322 3113 2344 3155 :
2372 3098 2443 3155 Si
2469 3098 2795 3170 judicastis
2817 3113 2910 3156 me
2931 3098 3169 3168 ﬁdelem
3196 3100 3453 3156 Domino
3478 3113 3622 3171 esse,

1888 3165 1931 3221 ο
1956 3165 2206 3246 introite
2228 3188 2292 3246 in
2322 3165 2561 3247 domum
2589 3202 2800 3259 meam,
2822 3194 2878 3247 et
2907 3165 3168 3247 manete.
3192 3188 3274 3247 Et
3295 3188 3485 3262 coegit
3514 3165 3624 3247 nos

1957 3278 2120 3351 (Act.
2153 3279 2401 3353 “1,15).
2972 3360 2979 3367 .

2387 3368 2563 3444 263
2597 3371 2881 3429 REGULA
2918 3370 3193 3431 xxxvm.

1956 3478 2130 3545 Quod
2170 3476 2542 3541 Christianus
2577 3478 2763 3536 etiam
2801 3478 2953 3537 citra
2998 3478 3325 3536 tumultum
3376 3480 3437 3537 et
3478 3493 3622 3537 cum

2061 3567 2403 3639 frugalitate
2433 3568 2655 3627 debeat
2682 3568 2897 3626 fratres
2928 3569 3194 3645 hospitio
3212 3570 3511 3645 excipere.

2635 3676 2836 3747 Caput
2883 3677 2935 3734 I.

2024 3766 2185 3823 Dicit
2213 3766 2269 3824 ei
2295 3778 2455 3822 unus
2484 3778 2562 3823 ex
2588 3764 2900 3836 discipulis
2928 3767 3079 3838 ejus,
3106 3766 3390 3826 Andreas
3411 3768 3621 3841 frater

1952 3855 2244 3914 Simonis:
2266 3857 2378 3913 Est
2394 3870 2551 3927 puer
2567 3872 2728 3914 unus
2747 3856 2861 3927 hic,
2876 3862 2933 3916 et
2951 3857 3131 3916 habet
3154 3860 3419 3933 quinque
3429 3873 3618 3930 panes

1956 3946 2316 4004 hordeaceos
2336 3952 2393 4004 et
2417 3946 2567 4003 duos
2593 3948 2831 4018 pisces:
2858 3947 2963 4006 sed
2986 3949 3112 4007 hxc
3129 3949 3280 4022 quid
3296 3954 3439 4007 sunt
3457 3952 3620 4007 inter

1957 4042 2081 4094 tam
2113 4038 2376 4094 multos?
2422 4038 2597 4094 Dixit
2632 4044 2831 4096 autem
2867 4039 3076 4097 Jesus:
3110 4040 3322 4097 Facite
3354 4040 3619 4098 homines

1956 4126 2184 4183 discum
2194 4126 2344 4184 bere.
2358 4126 2726 4184 Eratautem
2742 4127 2954 4197 fenum
2966 4129 3225 4185 multum
3245 4128 3309 4186 in
3332 4129 3619 4187 loco.Dis-

1957 4217 2292 4279 cubuerunt
2311 4232 2455 4289 ergo
2477 4218 2598 4275 viri
2616 4232 2869 4275 numero
2895 4220 3073 4292 quasi
3098 4219 3364 4292 quinque
3391 4220 3613 4281 millia.

1955 4308 2206 4378 Accepit
2225 4314 2425 4366 autem
2447 4309 2617 4366 Jesus
2633 4323 2848 4383 panes,
2874 4314 2933 4367 et
2961 4324 3101 4366 cum
3125 4312 3362 4382 gratias
3381 4312 3615 4383 egisset,

1956 4397 2259 4454 distribuit
2296 4397 2852 4459 discumbentibus:
2894 4398 3175 4459 similiter
3210 4406 3413 4459 autem
3452 4406 3510 4461 et
3537 4416 3618 4463 ea:

1881 4527 1927 4581 ο
1952 4488 2221 4581 piscibus
2241 4495 2539 4581 quantum
2566 4489 2845 4581 volebant
2872 4491 3063 4563 (Joan.
3091 4507 3177 4561 vx,
3213 4493 3451 4564 8-11)...
3480 4493 3615 4549 Mu-

1959 4580 2073 4635 lier
2089 4582 2290 4635 autem
2310 4580 2606 4651 quaedam,
2628 4580 2878 4637 Martha
2898 4581 3160 4651 nomine,
3180 4582 3415 4652 excepit
3434 4582 3613 4639 illum

1956 4670 2018 4724 in
2042 4669 2283 4724 domum
2305 4684 2498 4725 suam.
2517 4670 2595 4726 Et
2613 4672 2751 4727 huic
2776 4676 2906 4727 erat
2927 4685 3100 4727 soror
3122 4672 3364 4728 nomine
3384 4672 3610 4738 Maria,

1956 4774 2084 4830 qux
2097 4759 2275 4815 etiam
2292 4758 2501 4817 sedens
2517 4775 2684 4817 secus
2697 4759 2877 4833 pedes
2888 4760 3053 4830 Jesu,
3069 4759 3352 4818 audiebat
3366 4761 3612 4820 verbum

1954 4849 2143 4907 illius.
2176 4847 2414 4919 Martha
2436 4866 2574 4910 vero
2604 4849 2921 4923 satagebat
2943 4850 3107 4909 circa
3124 4850 3412 4923 frequens
3431 4851 3612 4909 mini-

1954 4942 2227 4999 sterium:
2248 4956 2381 5013 qua:
2395 4943 2578 5011 stetit,
2593 4945 2649 4999 et
2669 4942 2777 4999 ait:
2800 4943 3069 5014 Domine,
3083 4957 3204 4999 non
3226 4947 3309 4999 est
3327 4942 3615 5001 tibicura!

1958 5030 2118 5102 quod
2136 5044 2309 5087 soror
2326 5046 2456 5088 mea
2484 5032 2731 5104 reliquit
2752 5046 2846 5089 me
2864 5033 3050 5089 solam
3079 5032 3429 5090 ministrare
3450 5035 3478 5088 ?
3498 5032 3615 5089 Dic

1958 5135 2098 5191 ergo
2128 5120 2227 5178 illi
2256 5122 2321 5177 ut
2358 5136 2451 5180 me
2487 5122 2755 5195 adjuvet.
2787 5123 3174 5194 Respondens
3213 5128 3414 5181 autem
3442 5123 3615 5181 Jesus

1959 5211 2115 5270 dixit
2142 5212 2230 5272 ei:
2269 5210 2535 5282 Martha,
2556 5212 2828 5283 Martha,
2861 5214 3127 5273 sollicita
3153 5228 3231 5281 es,
3260 5217 3314 5272 et
3345 5213 3615 5274 turbaris

1958 5391 2098 5448 dem
2134 5390 2299 5448 idem
2323 5391 2517 5449 codex
2551 5390 2818 5449 ϐαλοῦσαν

2029 5446 2151 5535 (si;
2170 5446 2646 5535 ’ῡιῖαέιίιὲἷάίιίο
2663 5462 2951 5523 ἐϐαπτίσθη
2975 5463 3001 5517 ὁ
3022 5460 3188 5529 οἶκος.
3219 5463 3420 5523 Codex
3440 5465 3618 5523 Com-

1957 5535 2081 5592 bef.
2109 5539 2168 5593 et
2189 5535 2288 5592 alii
2317 5535 2440 5593 duo
2462 5536 2753 5595 ἐϐαπτίσθη
2776 5542 2866 5590 καὶ
2896 5537 2942 5593 ό.

2030 5609 2149 5682 (83)
2186 5608 2436 5691 Antiqui
2464 5609 2587 5667 duo
2612 5608 2744 5668 libri
2766 5616 2869 5663 τῶν
2896 5607 3080 5685 λόγων.
