4112 6374
440 330 545 381 759

1820 317 1878 373 S.
1923 309 2179 371 BASILII
2217 312 2437 371 MAGNI

3708 324 3818 378 760

438 450 605 507 circa
641 448 954 519 plurima;
998 452 1195 504 tamen
1234 445 1450 517 paucis
1479 457 1630 513 opus
1666 446 1774 513 est,
1806 445 1914 498 aut
1943 453 2091 496 uno.

2216 437 2437 513 τυρϐάζῃ
2466 445 2582 517 περὶ
2610 442 2793 497 πολλὼ
2821 443 3008 517 ὀλίγων
3048 440 3109 498 δέ
3137 444 3251 497 ἔστι
3279 448 3444 519 χρεία
3470 448 3501 506 ἤ
3538 445 3666 508 ἰνὸς.
3688 444 3813 520 (ει)

436 539 641 595 Maria
668 543 868 595 autem
901 538 1115 594 bonam
1141 540 1380 607 partem
1409 534 1610 606 elegit,
1629 546 1761 606 qua?
1784 546 1903 589 non
1932 529 2096 601 aufe-

436 633 608 684 retur
633 628 710 686 ab
740 643 808 685 ea
834 629 1003 698 (Luc.
1035 643 1095 699 x,
1127 625 1345 697 38-42).

991 772 1277 829 REGULA
1314 772 1531 829 XXXIX.

433 900 604 965 Quod
633 916 758 957 non
776 902 1010 972 oportet
1033 913 1408 972 quemquam
1425 894 1780 953 mutabilem
1810 911 1966 962 esse,
1988 893 2096 951 sed

503 989 567 1044 in
595 989 714 1044 tida
745 989 1046 1056 stabilem,
1074 988 1363 1061 quodque
1385 985 1463 1043 ab
1493 986 1565 1042 iis
1588 984 1766 1042 bonis
1788 1000 1926 1058 quae
1957 988 2099 1042 sunt

500 1078 563 1134 in
592 1078 867 1144 Domino,
901 1077 1103 1135 divelli
1130 1092 1256 1135 non
1281 1076 1486 1134 debet.

1129 1204 1327 1275 Caput
1358 1203 1408 1259 I.

502 1314 619 1380 Qui
643 1320 842 1369 autem
885 1327 1069 1381 super
1100 1316 1347 1381 petrosa
1376 1311 1706 1367 seminatus
1746 1314 1853 1377 est,
1887 1308 1979 1365 hic
2010 1314 2096 1364 est

426 1405 535 1475 qui
561 1403 807 1459 verbum
838 1403 1031 1470 audit,
1055 1408 1110 1457 et
1140 1403 1425 1458 continuo
1456 1417 1592 1457 cum
1620 1399 1842 1470 gaudio
1871 1400 2095 1467 accipit

425 1493 607 1549 illud.
638 1494 775 1548 Non
808 1492 984 1548 habet
1011 1497 1211 1547 autem
1230 1492 1294 1546 in
1318 1506 1378 1547 se
1398 1490 1684 1561 radicem,
1718 1492 1819 1546 sed
1847 1495 1931 1545 est
1954 1494 2098 1544 tem-

419 1597 575 1652 pora
585 1583 698 1650 lis;
725 1582 896 1650 facta
919 1587 1118 1637 autem
1142 1581 1536 1638 tribulatione
1555 1586 1664 1636 aut
1678 1579 2096 1649 persecutione

420 1677 676 1742 propter
705 1671 974 1736 verbum,
1014 1671 1301 1727 continuo
1340 1670 1799 1726 scandalizatur
1846 1666 2089 1740 (Matth.

422 1776 541 1827 XIII,
567 1763 653 1830 20,
680 1762 841 1831 2t)...
886 1762 1114 1832 Itaque,
1162 1761 1394 1830 fratres
1435 1760 1571 1821 mei,
1602 1760 1846 1814 stabiles
1885 1762 2088 1823 estote,
2122 1795 2165 1849 Β

421 1850 772 1914 immobiles,
807 1850 1187 1906 abundantes
1226 1851 1290 1904 in
1318 1864 1495 1919 opere
1525 1850 1766 1903 Domini
1789 1846 2093 1917 semper(1

426 1939 568 1997 Cor.
600 1955 691 2006 xv,
727 1942 839 2009 58).
864 1940 1061 1995 Miror
1087 1939 1243 2011 quod
1264 1945 1387 1994 tam
1410 1941 1531 1995 cito
1552 1937 2001 2008 transferimini
2019 1934 2094 1992 ab

425 2044 493 2087 eo
521 2031 628 2101 qui
646 2044 747 2084 vos
767 2030 1005 2085 vocavit
1024 2032 1089 2085 in
1113 2031 1320 2101 gratia
1348 2028 1589 2099 Christi,
1612 2030 1678 2086 in
1700 2028 1876 2086 aliud
1895 2028 2095 2084 Evan-

421 2119 650 2189 gelium
678 2118 843 2186 (Gal.
876 2134 915 2192 ι,
950 2123 1029 2185 6).

1047 2264 1334 2322 REGULA
1362 2265 1469 2325 XL.

426 2388 596 2456 Quod
622 2404 746 2445 non
786 2393 928 2446 sunt
956 2388 1188 2445 ferendi
1217 2388 1256 2445 ii
1282 2389 1388 2463 qui
1415 2389 1678 2446 alienam
1711 2394 1769 2445 et
1792 2388 2096 2447 diversam

494 2479 1135 2547 dootrinanrtradunt,
1167 2479 1407 2536 etiamsi
1437 2478 1823 2536 simulatione
1852 2484 2101 2537 utantur

492 2573 565 2627 ut
590 2568 906 2626 instabiles
935 2568 1243 2643 decipiant
1270 2569 1364 2627 vel
1384 2568 1774 2641 redarguant.

1110 2713 1313 2784 Caput
1355 2712 1410 2769 Ι.

510 2839 718 2897 Videte
734 2854 809 2896 ne
827 2839 960 2911 quis
977 2853 1078 2895 vos
1099 2838 1366 2896 seducat.
1384 2838 1573 2895 Multi
1592 2840 1743 2896 enim
1779 2842 2014 2897 venient
2030 2842 2095 2897 in

427 2931 669 2986 nomine
696 2945 843 3000 meo,
878 2929 1180 2985 dicentes:
1214 2929 1346 2999 Ego
1376 2945 1508 2985 sum
1548 2928 1869 3000 Christus;
1914 2929 2094 3003 264

429 3024 488 3076 et
511 3020 733 3075 multos
761 3018 1044 3075 seducent
1072 3019 1317 3086 (Matth.
1346 3034 1503 3086 xxw,
1538 3020 1687 3090 5)....
1717 3021 2022 3077 Attendite
2051 3036 2089 3078 a

429 3110 641 3166 scribis
666 3110 773 3180 qui
804 3110 1013 3165 volunt
1035 3108 1353 3165 ambulare
1378 3109 1443 3164 in
1466 3110 1656 3175 stolis,
1678 3115 1734 3165 et
1763 3115 1969 3166 amant
1996 3125 2089 3167 sa-
2128 3149 2171 3203 ο

435 3200 760 3256 lutationes
788 3200 852 3254 in
876 3199 1050 3269 foris.
1074 3203 1128 3255 et
1149 3201 1382 3268 primas
1412 3199 1737 3256 cathedras
1757 3200 1819 3255 in
1841 3215 2097 3270 synago-

435 3291 549 3360 gis,
573 3296 627 3347 et
651 3290 878 3360 primos
899 3289 1226 3345 discubitus
1248 3290 1313 3344 in
1336 3290 1656 3346 conviviis:
1685 3291 1791 3361 qui
1808 3291 2102 3347 devorant

439 3382 643 3437 domos
667 3379 1010 3446 viduarum,
1026 3385 1081 3435 et
1098 3380 1488 3435 simulatione
1506 3380 1612 3434 diu
1630 3385 1831 3436 orant.
1852 3381 1934 3435 Hi
1951 3382 2106 3437 acci-

436 3472 611 3542 pient
652 3470 1101 3526 damnationem
1135 3472 1427 3540 majorem
1453 3469 1623 3538 (Luc.
1652 3486 1754 3537 xx,
1786 3474 1878 3538 46,
1906 3473 2025 3537 47).
2047 3513 2061 3528 .
2084 3512 2098 3527 .

443 3561 566 3619 Sed
585 3561 721 3618 licet
743 3565 869 3627 nos,
884 3566 991 3616 aut
1006 3561 1260 3630 angelus
1273 3560 1346 3617 de
1362 3561 1899 3632 cmloevangelizet
1921 3561 2107 3627 vobis,

439 3655 855 3721 prieterquam
911 3648 1074 3720 quod
1125 3648 1673 3719 evangelisavimus
1719 3649 1916 3718 vobis,
1960 3664 2110 3706 ana-

444 3739 650 3797 thema
676 3740 777 3794 sit.
802 3738 971 3794 Sicut
994 3738 1420 3808 prwdiximus,
1441 3744 1495 3794 et
1514 3754 1673 3795 nunc
1692 3740 1910 3796 iterum
1939 3740 2111 3796 dico:

445 3829 517 3886 Si
530 3829 662 3900 quis
687 3825 849 3884 vobis
870 3827 1241 3898 euangelizat
1260 3835 1489 3898 praeter
1509 3828 1573 3884 id
1593 3829 1752 3901 quod
1772 3828 2111 3899 accepistis,

449 3917 778 3989 anathema
795 3918 873 3974 sit
896 3915 1055 3989 (Gal.
1079 3933 1120 3986 ι,
1151 3919 1206 3987 8,
1242 3921 1321 3990 9).

1056 4080 1338 4139 REGULA
1376 4081 1508 4140 XLI.

458 4227 633 4295 Quod
657 4227 1139 4284 exscindendum
1177 4231 1266 4285 est
1293 4227 1598 4302 quidquid
1629 4227 1995 4284 scandalum
2036 4227 2122 4285 af-

532 4318 680 4381 fert.
750 4318 987 4375 etiamsi
1061 4318 1627 4391 conjunctissimum
1690 4317 1987 4391 quiddam
2049 4335 2122 4375 ac

534 4407 801 4467 maxime
842 4410 1257 4467 necessarium
1295 4425 1427 4467 esse
1464 4408 1763 4466 videatur.

539 4719 652 4792 (84)
687 4716 950 4798 Utraque
979 4715 1160 4798 editio
1205 4719 1263 4772 et
1305 4717 1448 4798 Reg.
1498 4714 1801 4798 secundus
1848 4715 2035 4798 ὀλίγων
2066 4712 2127 4770 δέ

469 4790 584 4845 ἔστι
613 4790 823 4863 χρείαή
860 4790 988 4856 ἑνός,
1021 4795 1220 4863 tamen
1239 4793 1642 4863 paucisopus
1670 4793 1774 4850 est,
1834 4794 1940 4845 aut
1973 4805 2123 4863 uno,

470 4848 711 4946 supple,
748 4848 1005 4931 ferculo.
1048 4861 1130 4916 lta
1169 4848 1418 4932 quoque
1460 4848 1672 4946 habuit
1706 4848 1846 4946 13.23.
1883 4848 2129 4946 primus

470 4931 669 5009 prima
692 4947 915 4990 manu:
956 4947 1120 5009 nunc
1149 4931 1292 5009 vero
1321 4931 1900 5009 emendatushabet
1926 4932 2034 5009 ita._
2063 4937 2130 4988 ut

472 4998 647 5064 sacer
666 5010 862 5061 textus
884 5003 1188 5074 vulgatus.
1209 5006 1351 5073 Reg.
1370 5004 1576 5060 tertius
1598 5003 1778 5056 mnu
1800 5002 1909 5063 ἐνὸς
1931 4998 1991 5054 δέ
2016 5002 2130 5055 ἐστι

471 5083 652 5155 χρεία,
667 5079 859 5155 Porro
880 5080 1181 5155 unum_es_t
1211 5077 1625 5155 necessarium.
1657 5074 1772 5155 Sed
1798 5090 2026 5143 vereor,
2054 5090 2130 5132 ne

471 5146 642 5223 2fan
690 5147 937 5223 contigit
980 5146 1172 5223 codici
1219 5147 1400 5215 Regio
1441 5148 1657 5223 primo,
1689 5147 1850 5223 idem
1883 5161 2130 5223 quoque

474 5162 642 5223 quoa
690 5162 937 5215 contigit
980 5162 1172 5202 comet
1219 5162 1400 5215 Hegio
1441 5162 1657 5219 primo,
1689 5162 1850 5203 mem
1883 5162 2129 5271 quoque

474 5220 789 5291 contigerit
825 5226 884 5275 et
931 5218 1138 5291 tertio;
1182 5233 1376 5291 eoque
1419 5220 1637 5291 magis,
1689 5216 1855 5291 quod
1921 5217 2129 5291 ibrarii

475 5287 671 5349 multa
713 5307 782 5345 ex
811 5292 935 5346 suis
964 5288 1163 5345 Bibliis
1197 5287 1320 5345 non
1346 5306 1483 5346 raro
1528 5287 1932 5348 Emendarint.
1979 5289 2130 5345 Puto

472 5365 654 5435 igitur
686 5362 969 5418 Basiliam
997 5362 1441 5435 itascripsisse,
1461 5364 1542 5419 uti
1568 5363 1630 5418 in
1653 5367 1937 5435 contextu
1951 5360 2132 5416 eden-

472 5433 623 5493 dum
652 5434 1151 5490 curavimus.Vix
1180 5433 1340 5490 enim
1368 5434 1628 5491 librariis
1648 5433 1711 5488 in
1740 5437 2007 5489 mentem
2032 5447 2130 5488 ve-

471 5509 602 5565 nire
633 5506 926 5580 potuisset
938 5505 1266 5580 hocmodo
1288 5506 1573 5580 scribere,
1597 5505 1715 5580 nisi
1735 5502 1796 5560 in
1822 5503 2129 5560 veteribus

470 5577 698 5660 quibus
718 5577 1044 5660 utebantur
1064 5577 1340 5660 librissic
1355 5578 1657 5660 legissent.
1675 5578 1961 5633 Praeterea
1988 5592 2127 5632 cum

468 5648 533 5709 in
548 5652 665 5708 hoc
684 5648 879 5722 capite
895 5654 1110 5718 agatur
1129 5648 1204 5705 de
1220 5648 1577 5722 frugalitate,
1594 5662 1979 5722 consequens
1994 5662 2126 5704 esse

463 5723 705 5784 videtur
727 5720 797 5780 ut
818 5720 904 5780 ita
924 5722 1178 5793 legatur.

2155 4499 2202 4555 Ι)

2201 531 2383 601 Μαρία
2411 525 2473 583 δι
2496 536 2591 591 τὴν
2617 530 2819 605 ἀγαθὴν
2843 531 3038 608 μερίδα
3061 533 3340 604 ἕξελέξατο,
3373 538 3489 600 ἣτις
3517 538 3613 591 οὐκ
3644 535 3810 611 ἀφαι-

2201 620 2484 694 ρεθήσεται
2512 619 2602 675 ἀπ’
2627 623 2785 686 αὐτῆς
2808 625 2951 696 (85).

2844 775 3013 824 ΟΡΟΣ
3048 774 3141 826 ΑΘ
3158 811 3175 829 .

2201 888 2324 944 Ὀτι
2363 890 2425 943 οὗ
2473 887 2558 944 δεῖ
2609 892 2940 966 εὖμετάθετον
2989 892 3141 961 εἶναι,
3197 894 3328 949 ἀλλὰ
3384 892 3596 971 ἑδραῖον
3646 896 3697 950 ἓν
3746 906 3812 973 τῇ

2296 984 2493 1050 πίστει,
2521 986 2611 1035 καὶ
2642 981 2949 1057 ἀμετάθετον
2977 984 3078 1038 ἀπὸ
3105 994 3204 1038 τῶν
3238 985 3288 1040 ἐν
3322 992 3496 1062 Κυρίῳ
3524 987 3718 1045 καλῶν.

2863 1182 3053 1255 Κεφάλ.
3083 1182 3158 1238 Α’.

2276 1311 2648 1362 ΜΑΤθΑιοΣ.
2686 1307 2747 1360 'o
2788 1305 2847 1362 δι
2877 1307 2961 1362 ίπὶ
2990 1311 3057 1363 τὰ
3110 1306 3356 1385 πετρώδη
3405 1314 3638 1388 σπαρείς,
3666 1312 3816 1375 οὗτὸς

2206 1393 2348 1449 ἔστιν
2378 1398 2405 1448 ὁ
2446 1399 2535 1449 τὸν
2571 1397 2723 1470 λόγον
2753 1397 2975 1467 ἀκούων,
3005 1404 3096 1453 καὶ
3136 1401 3288 1464 εὐθὺς
3320 1403 3451 1475 μετά
3481 1408 3659 1478 χαρᾶς
3686 1402 3817 1477 λαμ-

2206 1484 2358 1539 ὄάνον
2389 1487 2565 1543 αὐτόν.
2599 1489 2711 1542 Οὐκ
2739 1492 2855 1562 ἔχει
2886 1487 2944 1543 δι
2971 1492 3125 1566 ῥίζαν
3155 1490 3203 1544 ἐν
3247 1490 3437 1565 ἐαυτῷ,
3486 1492 3614 1545 ἀλλὰ
3642 1497 3817 1569 πρόσ-

2204 1581 2390 1651 καιρός
2418 1575 2552 1631 ἐστι’
2574 1582 2849 1653 γενομένης
2880 1575 2940 1633 δι
2971 1583 3078 1650 (86)
3131 1580 3348 1652 θλίψεως
3378 1582 3407 1641 ἦ
3444 1577 3683 1655 διωγμοῦ
3725 1578 3819 1636 διὰ

2205 1670 2295 1720 τὸν
2324 1666 2498 1739 λόγον,
2528 1667 2677 1730 εὐθὺς
2705 1665 3133 1731 σκανδαλίζεται.
3163 1677 3332 1725 ΠΡΟΣ
3365 1678 3514 1728 KOP.
3543 1671 3607 1728 α’.
3633 1671 3815 1740 Ὠστε,

2206 1753 2427 1829 ἀδελφοί
2473 1778 2596 1831 μου,
2650 1755 2852 1835 ἑδραῖοι
2899 1763 3125 1833 γίνεσθε,
3185 1759 3576 1836 ἀμετακίνητοι,
3630 1782 3819 1838 περισ-

2210 1849 2447 1909 σεύοντες
2500 1846 2548 1899 ἓν
2606 1855 2678 1920 τῷ
2740 1852 2873 1923 ἔργῳ
2923 1858 3015 1903 τοῦ
3078 1856 3273 1926 Κυρίου
3334 1853 3577 1907 πάντοτε.
3651 1857 3820 1906 ΠΡΟΣ

2208 1941 2453 1992 ΓΑΛΑΤ.
2490 1939 2783 2011 Θαυμάζω,
2816 1940 2897 1992 ὅτι
2926 1941 3063 1993 οὕτω
3106 1944 3310 2013 ταχέως
3351 1942 3692 2014 μετατίθεσθε
3718 1939 3819 1995 ἀπὸ

2207 2032 2301 2078 τοῦ
2330 2025 2641 2089 καλέσαντος
2666 2029 2799 2101 ὑμᾶς
2830 2030 2945 2101 (87)
2984 2028 3034 2082 ἕν
3061 2032 3254 2105 χάριτι
3283 2037 3519 2106 Χριστοῦ
3549 2029 3622 2094 εἰς
3650 2030 3820 2108 ἕτερον

2209 2113 2543 2188 Εὖαγγέλιον.

2865 2269 3034 2317 ΟΡΟΣ
3083 2263 3168 2320 Μ’.

2210 2383 2333 2439 Ὀτι
2395 2387 2455 2440 οὐ
2523 2384 2607 2440 δεῖ
2671 2384 3280 2462 ἕτεροδιδασκαλούντων
3338 2388 3661 2464 ἀνέχεσθαι,
3727 2387 3825 2443 κᾶν

2288 2478 2732 2550 σχηματίζωνται
2783 2480 2895 2546 (88)
2951 2482 3081 2555 πρὸς
3131 2478 3403 2541 ἀπάτηνῆ
3456 2479 3674 2555 ἔλεγχον
3720 2487 3823 2533 τῶν

2286 2564 2565 2623 ἀϐεϐαίων.

2859 2713 3052 2787 Κεφάλ.
3106 2714 3181 2771 Δ’.

2286 2842 2657 2894 ΜΑΤΘΑῘΟΣ.
2690 2839 2901 2894 Βλέπετε
2930 2844 3003 2914 μή
3044 2860 3125 2903 τις
3171 2842 3308 2914 ὑμᾶς
3341 2839 3600 2915 πλανήσῃ.
3638 2839 3827 2896 Πολλοὶ

2216 2931 2318 3002 γὰρ
2361 2928 2659 2982 ἐλεύσονται
2702 2929 2787 2984 ἐπὶ
2817 2938 2892 3002 τῷ
2921 2931 3135 3006 ὀνόματί
3161 2952 3283 3004 μου,
3315 2931 3558 3005 λέγοντες,
3586 2933 3665 2984 ὅτι
3698 2932 3829 3005 Ἐγὼ

2219 3018 2327 3091 εἰμι
2374 3019 2400 3070 ὁ
2439 3024 2690 3093 Χριστός·
2724 3025 2813 3073 καὶ
2855 3020 3071 3082 πολλοὺς
3105 3020 3486 3081 πλανήσουσιν.
3538 3026 3827 3077 ΛΟΥΚΔΣ.
3862 3064 3867 3069 ι

2220 3110 2518 3183 Προσέχετε
2547 3106 2652 3162 ἀπὸ
2696 3118 2794 3162 τῶν
2819 3114 3165 3186 γραμματίων
3202 3119 3303 3163 τῶν
3334 3110 3577 3166 θελόντων
3613 3130 3830 3188 περιπα-

2214 3205 2320 3251 τεῖν
2346 3196 2395 3250 ἐν
2427 3198 2652 3271 στολαῖς,
2702 3205 2794 3252 καὶ
2823 3199 3105 3273 φιλούντων
3154 3198 3470 3275 ἀσπασμοὺς
3502 3199 3550 3254 ἓν
3574 3208 3690 3264 ταῖς
3710 3198 3829 3273 ἆγο-

2214 3295 2352 3363 ραῖς,
2375 3293 2466 3340 καὶ
2490 3286 2953 3365 πρωτοκαθεδρίας
2981 3289 3033 3343 ἕν
3061 3298 3180 3353 ταῖς
3204 3298 3554 3364 συναγωγαῖς,
3578 3295 3669 3344 καὶ
3694 3310 3832 3365 πρω-

2216 3377 2485 3441 τοκλισίας
2533 3378 2586 3431 ἐν
2634 3386 2742 3440 τοῖς
2790 3376 3042 3444 δείπνοις·
3076 3378 3125 3434 οἳ
3147 3383 3494 3435 κατεσθίουσι
3538 3384 3634 3442 τὰς
3666 3381 3833 3441 οἰκίας

2216 3475 2319 3520 τῶν
2348 3476 2556 3543 χηρῶν,
2600 3473 2691 3521 καὶ
2733 3472 2995 3543 προφάσει
3045 3473 3226 3546 μακρά
3246 3471 3364 3543 (89)
3414 3472 3824 3546 προσεύχονται.

2220 3553 2383 3611 Οὗτοι
2410 3556 2667 3629 λήψονται
2685 3564 3059 3634 περισσότερον
3078 3567 3263 3635 κρῖμα.
3288 3564 3458 3613 ΠΡΟΣ
3487 3562 3642 3611 ΓΔΑ.
3672 3554 3833 3608 Ἀλλὰ

2218 3651 2309 3699 καὶ
2358 3645 2443 3699 ἐὰν
2491 3648 2658 3720 ἡμεῖς,
2717 3648 2746 3707 ἡ
2793 3647 3008 3721 ἅγγελος
3048 3647 3104 3711 ἐξ
3155 3648 3376 3720 οὐρανοῦ
3429 3643 3831 3717 εὐαγγελίζηται

2192 3737 2363 3808 Αὗμῖν,
2393 3734 2517 3809 παρ’
2551 3735 2579 3788 ὃ
2609 3735 3059 3810 εὐηγγελισάμεθα
3091 3737 3233 3808 ὑμῖν,
3283 3734 3517 3807 ἀνάθεμα
3551 3736 3706 3790 ἔστω.
3740 3733 3831 3796 Ὠς

2219 3829 2603 3900 προειρήκαμεν
2626 3827 2763 3895 (90),
2808 3831 2898 3878 καὶ
2943 3827 3065 3898 ἄρτι
3107 3823 3263 3878 πάλιν
3305 3824 3456 3897 λέγω·
3500 3827 3561 3878 Εἰ
3589 3843 3671 3886 τις
3700 3823 3835 3898 ὑμᾶς

2223 3914 2609 3987 εὐαγγελίζεται
2635 3914 2760 3991 παρ’
2790 3916 2817 3968 ὃ
2839 3912 3170 3989 παρελάϐετε,
3206 3911 3440 3987 ἀνάθεμα
3460 3915 3616 3970 ἔστω.

2864 4082 3034 4130 ΟΡΟΣ
3058 4074 3192 4133 ΜΚ.

2226 4222 2348 4276 Ὀτι
2391 4220 2476 4277 δεῖ
2515 4229 2618 4276 πᾶν
2662 4225 2721 4276 τὸ
2773 4219 3125 4287 σκανδαλίζον
3172 4221 3463 4290 ἐκκόπτειν,
3512 4218 3608 4272 κᾶν
3646 4218 3835 4272 οἰκειό-

2389 4318 2542 4367 τατόν
2573 4334 2624 4368 τι
2653 4319 2743 4367 καὶ
2775 4313 3183 4388 ἀναγκαιότατον
3214 4314 3344 4366 εἶναι
3376 4308 3506 4385 δοκῇ
3542 4311 3675 4384 (91).

2309 4713 2425 4783 (85)
2463 4703 3300 4784 Βθε-Ρτίξηιιεβεᾳὶτάλοιπίξκ
3398 4771 3409 4783 .
3509 4770 3526 4784 .
3615 4769 3632 4784 .
3774 4771 3812 4784 ..

2310 4769 2423 4869 (86)
2458 4769 2689 4839 Vocula
2720 4776 2781 4833 δέ
2819 4777 3028 4835 addita
3057 4781 3146 4831 est
3180 4771 3447 4845 antiquis
3490 4769 3732 4829 duobus
3773 4771 3841 4829 li-

2236 4859 2421 4999 1η(ἕθ)
2645 4923 2875 4997 primus
2902 4924 2961 4977 et
2989 4917 3196 4976 tertius
3219 4915 3535 4979 καλέσαντος
3558 4917 3712 4989 ἡμᾶς,
3734 4916 3842 4990 qm-

2238 5016 2345 5059 nos
2376 5002 2624 5058 vocavit.

2248 5072 2725 5169 ᾗ
2744 5062 2928 5122 editio
2958 5062 3408 5136 σχηματίζονται.
3437 5063 3509 5116 At
3537 5076 3682 5116 mss.
3714 5059 3841 5117 duo

2242 5160 2705 5217 exnuurtgmmt.
2875 5206 2886 5218 ι
3361 5202 3371 5216 ’

2310 5215 2426 5287 (89)
2462 5215 2721 5287 Utraque
2747 5207 2931 5264 editio
2969 5209 3042 5287 et_
3066 5207 3204 5287 Reg.
3243 5207 3451 5287 tertius
3481 5209 3661 5287 μακρᾷ
3697 5218 3837 5286 eum

2239 5277 2711 5344 circumﬂexo'et
2734 5296 2871 5336 cum
2904 5299 2922 5330 ι
2952 5277 3315 5349 subscripto,
3347 5277 3530 5349 longa
3552 5277 3838 5349 dissimu-

2241 5361 2486 5416 latione.
2527 5354 2634 5412 Alii
2664 5354 2789 5409 duo
2818 5368 2964 5408 mss.
2990 5347 3258 5424 μακρά,ὲε
3283 5362 3395 5418 per
3412 5347 3840 5404 dissimulatio-

2237 5446 2372 5491 nem
2401 5430 2504 5485 diu
2530 5432 2733 5484 orant.

2310 5503 2423 5585 (90>
2459 5503 2608 5585 H.88-
2667 5494 2887 5585 tertiea
2913 5498 2981 5585 es
3002 5498 3342 5585 reean
3362 5491 3522 5585 *ἔτεμε
3539 5489 3836 5585 ,ξτδεέἑὲξς

2238 5565 2724 5653 Aliquanto'post
2764 5572 3024 5653 utraque
3060 5565 3249 5623 editio
3294 5565 3342 5618 εί
3381 5581 3463 5625 τις
3499 5565 3645 5635 ὑμῖν.
3677 5565 3842 5631 Regii

2237 5646 2960 5722 primaetterﬁesws
3069 5704 3094 5722 .
3169 5716 3191 5722 _

2459 5718 2602 5788 Reg.
2630 5702 2867 5790 primus
2894 5707 3028 5765 εἶναι
3058 5704 3214 5782 δοκῇ.
3246 5706 3362 5765 Alii
3392 5702 3561 5764 δοκεῖ.
