4112 6372
278 357 382 411 765

278 574 439 644 μέγας
465 571 511 624 ἓν
550 575 688 646 ὑμῖν,
723 577 872 627 ἔσται
902 578 1043 652 ὑμῶν
1085 575 1345 642 διάκονος.
1389 587 1678 640 ΜΛΡΚΟΣ.
1713 589 1813 638 Καὶ
1835 585 1885 644 ὃς

279 659 362 714 ἒὰν
397 662 511 736 θέλῃ
543 667 782 734 γενέσθαι
822 687 1023 741 πρῶτος
1062 669 1205 742 ὑμῶν
1235 671 1384 724 ἔσται
1414 673 1620 724 πάντων
1675 668 1879 734 δοῦλος.

279 756 445 803 ΠΡΟΣ
512 759 772 811 ΦΙΛΙΠΙΙ,
819 753 997 813 Μηδὲν
1049 757 1167 810 κατ’
1220 761 1439 833 ἐριθείαν
1501 761 1528 820 ἦ
1585 759 1881 836 κενοδξίαν,

277 837 406 892 ἀλλὰ
436 850 496 914 τῇ
527 848 968 920 ταπεινοφροσύνῃ
1004 845 1254 912 ἀλλήλους
1284 851 1565 925 ἡγούμενοι
1588 853 1880 928 ὑπερέχον-

274 950 368 992 τας
397 932 590 986 ἑαυτῶν
615 935 746 1008 (97).

898 1107 1066 1155 oro:
1121 1101 1247 1169 Μςῆ

275 1203 393 1256 Ὀτι
423 1203 476 1266 ἐξ
504 1203 951 1280 ἀντιπαραθέσεως
976 1219 1072 1272 τῆς
1102 1213 1181 1264 ἐπὶ
1213 1218 1321 1274 τοῖς
1350 1211 1590 1268 ἐλάττοσι
1623 1213 1877 1288 φυλαττο-

344 1297 500 1365 μένης
527 1293 832 1360 ἀκολουθίας
861 1305 954 1358 τὴν
994 1301 1077 1355 ἐπὶ
1108 1309 1213 1363 τοῖς
1251 1304 1464 1376 μείζοσι
1507 1302 1744 1364 σπουδὴν
1776 1305 1880 1360 ἀπ-

344 1385 647 1458 αιτούμεθα.

930 1480 1117 1554 Κεφάλ.
1165 1481 1239 1538 Λ’.

346 1569 627 1622 ΑΟΥΚΑΣ.
682 1566 938 1633 Ἕκαστος
1010 1573 1154 1643 ὑμῶν
1218 1581 1288 1644 τῷ
1347 1573 1592 1647 Σαϐϐάτῳ
1654 1595 1714 1630 ου
1771 1576 1882 1630 λύει

272 1657 359 1706 τὸν
418 1655 548 1728 βοῦν
606 1658 787 1726 αὐτοῦ,
843 1661 872 1718 ἣ
933 1664 1018 1712 τὸν
1070 1663 1180 1714 ὄνον
1244 1661 1344 1716 ἀπὸ
1403 1675 1496 1726 τῆς
1536 1669 1750 1740 φάτνης,
1792 1672 1882 1721 καὶ

272 1745 559 1818 ἀπαγαγὼν
624 1749 876 1817 ποτίζει;
935 1753 1142 1809 Ταύτην
1211 1749 1270 1806 δὲ
1333 1756 1594 1828 θυγατέρα
1638 1756 1882 1831 Ἀϐραὰμ

273 1830 455 1905 οὖσαν,
507 1836 570 1896 ἣν
620 1834 810 1895 ἔδησεν
875 1840 901 1890 ὁ
960 1847 1185 1903 Σατανᾶς
1237 1839 1355 1896 ίδοὺ
1419 1841 1548 1898 δέκα
1595 1851 1685 1898 καὶ
1745 1847 1881 1900 ὀκτὼ

275 1927 384 1992 ἔτη,
417 1925 510 1977 οὐκ
569 1923 676 1980 ἔδει
728 1927 948 1988 λυθῆναι
1017 1933 1118 1983 ἀπὸ
1166 1941 1260 1986 τοῦ
1316 1931 1519 2007 δεσμοῦ
1569 1940 1755 1989 τούτου
1814 1945 1878 2011 τῇ

273 2018 444 2088 ἡμέρᾳ
493 2016 586 2068 τοῦ
625 2017 935 2086 Σαϐϐάτου;
993 2020 1172 2094 Ἔλεγε
1220 2019 1278 2075 δὲ
1330 2024 1634 2098 παραϐολὴν
1684 2027 1878 2095 αὐτοῖς,

272 2109 404 2179 πρὸς
449 2109 505 2162 τὸ
565 2104 672 2160 δεῖν
717 2111 955 2162 πάντοτε
999 2115 1398 2184 προσεύχεσθαι
1441 2121 1530 2170 καὶ
1590 2121 1662 2189 μὴ
1721 2115 1880 2170 ἐκκα-

272 2202 398 2248 κείν.
459 2202 656 2272 Κριτής
704 2218 787 2260 τις
845 2197 907 2258 ἦν
964 2204 1012 2253 ἓν
1077 2221 1182 2254 τινι
1238 2204 1402 2272 πόλει,
1463 2209 1552 2257 τόν
1611 2210 1740 2259 Θεὸν
1806 2212 1879 2280 μὴ

275 2285 605 2360 φοϐούμενος,
639 2295 728 2342 καὶ
780 2292 1049 2365 ἄνθρωπον
1099 2298 1170 2366 μὴ
1213 2293 1591 2370 ἐντρεπόμενος.
1628 2303 1783 2371 Χήρα
1823 2295 1883 2352 δὲ

276 2371 337 2434 ἦν
396 2375 444 2428 ἐν
635 2379 778 2433 πόλει
836 2380 1042 2455 ἐκείνῃ,
1101 2389 1191 2436 καὶ
1254 2389 1452 2457 ἤρχετο
1519 2392 1650 2462 πρὸς
1715 2388 1878 2440 αὐτόν

274 2464 500 2538 λέγουσα
547 2491 559 2503 ·
609 2467 930 2530 Ἐκδίκησόν
981 2492 1045 2546 με
1093 2473 1194 2526 ἀπὸ
1260 2483 1352 2527 τοῦ
1416 2474 1688 2530 ἀντιδίκου
1755 2498 1876 2551 μου.

282 2560 382 2608 Καὶ
439 2558 530 2610 οὐκ
587 2559 764 2619 ἤθελεν
807 2560 892 2614 ἐπὶ
956 2567 1169 2638 χρόνον.
1221 2568 1366 2619 Μετά
1423 2563 1482 2618 δὲ
1531 2574 1698 2620 ταῦτα
1747 2565 1881 2620 εἶπεν

279 2643 328 2696 ἐν
369 2644 532 2719 ἐαυτῷ
556 2670 569 2683 ο
620 2651 680 2704 Εἰ
709 2656 800 2704 καὶ
839 2655 926 2704 τὸν
970 2657 1100 2706 Θεὸν
1148 2654 1207 2708 οὐ
1240 2655 1518 2729 φοϐοῦμαι,
1561 2662 1652 2709 καὶ
1682 2659 1881 2734 ἅνθρω-

272 2754 368 2788 sror
407 2737 499 2789 οὐκ
548 2739 874 2814 ἐντρέπομαι,
937 2739 1030 2796 διά
1082 2765 1140 2816 γε
1173 2748 1231 2797 τὸ
1279 2750 1530 2821 παρέχειν
1579 2767 1669 2821 μοι
1719 2752 1880 2801 κόπον

271 2831 368 2886 τὴν
432 2833 611 2900 χήραν
669 2834 886 2894 ταύτην,
956 2832 1188 2894 ἰκικήσω
1265 2836 1448 2904 αὐτὴν,
1531 2839 1613 2889 ἵνα
1674 2843 1746 2911 μὴ
1808 2839 1878 2900 εἰς

269 2915 412 2977 τέλος
470 2916 726 2990 ἄρχομένη
781 2923 1063 2996 ὑπωπιάζῃ
1123 2944 1207 2997 με.
1274 2924 1400 2979 Εἶπε
1449 2922 1508 2980 δὲ
1561 2929 1586 2980 ὁ
1647 2931 1872 3001 Κύριος·

277 3003 584 3072 Ἀκούσατε,
642 3014 693 3060 τί
731 3011 756 3061 ὁ
818 3017 998 3085 κριτὴς
1050 3023 1147 3075 τῆς
1184 3012 1394 3078 ἀδικίας
1444 3016 1579 3088 λέγει
1609 3039 1621 3050 ·
1673 3019 1699 3069 ὁ
1749 3022 1879 3080 Θεὸς

274 3094 332 3146 οὐ
399 3100 471 3168 μή
535 3102 733 3173 ποιήσῃ
797 3104 911 3171 (98)
961 3107 1055 3163 τὴν
1122 3102 1398 3164 ἐκδίκησιν
1460 3114 1560 3158 τῶν
1629 3106 1875 3166 ἐκλεκτῶν

272 3184 452 3253 αὐτοῦ,
485 3196 584 3239 τῶν
617 3186 858 3260 βοώντων
889 3197 1019 3268 πρός
1064 3194 1217 3246 αὐτὸν
1267 3198 1464 3271 ἡμέρας
1513 3200 1601 3249 καὶ
1648 3200 1872 3265 νυκτὸς;

273 3282 442 3329 ΠΡΟΣ
505 3283 646 3332 TIM.
707 3279 784 3352 β’.
845 3279 1032 3344 Οὐδεὶς
1101 3289 1503 3359 στρατευόμενος
1569 3287 1876 3360 ἐμπλέκεται

269 3373 386 3428 ταῖς
416 3374 508 3418 τοῦ
537 3365 677 3440 ’βίον
707 3378 1117 3442 πραγματείαις,
1153 3375 1236 3426 ἵνα
1281 3385 1353 3447 τῷ
1387 3377 1875 3449 στρατολογήσαντι

271 3454 455 3528 ἀρέσῃ,
494 3457 609 3510 Ἐὰν
650 3455 710 3511 δὲ
755 3464 846 3512 καὶ
1055 3481 1150 3530 τις,
1193 3464 1252 3518 οὗ
1295 3474 1652 3538 στεφανοῦται,
1685 3466 1769 3520 ἐὰν
1799 3473 1871 3542 μὴ

269 3550 499 3619 νομίωμς
521 3544 748 3622 ἀθλήσῃ.

268 3650 386 3704 Ὀτι
441 3653 498 3716 ἐξ
536 3653 976 3730 ἁντιπαρεθέσεως
1031 3668 1131 3711 τῶν
1189 3659 1271 3714 ἐπὶ
1330 3669 1441 3725 τοῖς
1485 3663 1763 3717 αλάττοσιν
1818 3667 1873 3717 ἐκ

335 3748 559 3804 πίστεως
591 3744 767 3817 φόϐον,
813 3752 904 3801 καὶ
933 3748 988 3811 ἐξ
1019 3748 1300 3824 ἐπιθυμίας
1331 3752 1603 3825 ἀξιολόγου
1633 3752 1874 3813 σπουδὴν

343 3829 761 3908 ἐπιδειξαμένων,
810 3839 859 3890 οἱ
905 3835 989 3890 in”:
1021 3847 1133 3902 τοῖς
1177 3842 1388 3914 μείζοσι
1420 3849 1809 3919 καταφρονηταὶ
1839 3846 1870 3905 ἢ

342 3921 540 3994 ἀμελεῖς
582 3925 782 3990 α’λόντες
811 3929 919 4000 (99)
957 3928 1314 4008 σφοδροτέραν
1346 3935 1537 4006 ἔχουσι
1583 3935 1679 3995 τὴν
1708 3937 1871 3989 κατά-

337 4017 532 4092 κρίσιν.

900 4199 1090 4272 Κεφάλ.
1151 4202 1224 4260 Β’.

340 4309 621 4360 ΑΟΥΚᾹΣ.
678 4304 977 4360 Βασίλισσα
1042 4312 1210 4361 Νότου
1278 4308 1616 4385 ἐγερθήσεται
1685 4311 1733 4365 ἐν
1804 4323 1868 4388 τῇ

265 4396 439 4465 κρίσει
495 4397 626 4466 μετὰ
684 4403 784 4446 τῶν
852 4392 1054 4471 ἀνδρῶν
1119 4407 1215 4458 τῆς
1271 4405 1444 4471 γενεᾶς
1507 4405 1721 4469 ταύτης,
1783 4409 1873 4458 καὶ

267 4491 570 4558 κατακρινεῖ
650 4484 836 4546 αὐτούς
877 4507 890 4518 ·

266 4581 356 4633 τῆς
418 4581 519 4645 γῆς
569 4571 794 4627 ἀκοῦσαι
850 4580 943 4634 τὴν
1004 4581 1190 4650 σοφίαν
1232 4578 1569 4652 ’Σολομῶντος
1626 4584 1728 4653 (1),
1782 4589 1873 4637 καὶ

270 4659 386 4717 ἰδοὺ
443 4663 616 4718 πλεῖον
666 4664 992 4737 Σολομῶντος
1057 4664 1180 4722 ὧδε.
1238 4675 1604 4727 ΜΑΤΘΑΙΟΣ.
1656 4670 1872 4749 Ἄνδρες

265 4761 532 4810 Νινευῖται
577 4754 964 4817 ἀναστήσονται
1021 4757 1070 4811 ἐν
1128 4767 1189 4832 τῇ
1242 4767 1410 4834 κρίσει
1458 4765 1592 4835 μετὰ
1642 4768 1738 4827 τὴς
1791 4784 1873 4836 γε·

264 4851 380 4907 νεᾶς
440 4845 676 4915 ταύτης,
739 4851 830 4900 καὶ
893 4857 1303 4924 κατακρινοῦσιν
1373 4852 1572 4920 αὐτὴν,
1637 4855 1718 4906 ὅτι
1784 4874 1872 4928 με·

263 4940 514 4995 τενόησαν
554 4937 620 4999 εἰς
657 4940 716 4992 τὸ
753 4942 996 5014 κὴρυγρα
1018 4939 1184 5009 Ἰωνᾶ,
1231 4946 1322 4996 καὶ
1369 4939 1486 4996 ἰδοὺ
1516 4943 1689 4998 πλεῖον
1716 4952 1871 5002 Ἰωνᾶ

265 5022 394 5081 ὦδε.

260 5131 382 5186 Ὀτι
424 5133 482 5186 οὐ
532 5131 616 5189 δεῖ
650 5145 988 5213 καταφρονεῖν
1035 5143 1134 5193 τῶν
1165 5142 1434 5214 μειζόνων,
1467 5144 1552 5197 ἐπὶ
1591 5152 1698 5206 τοῖς
1727 5145 1868 5200 ἐλάτ-

328 5244 447 5280 τοσι
493 5224 735 5286 σπουδὴν
793 5224 1194 5302 ἐνδεικνύμενον.
1233 5238 1637 5309 Προηγουμένῶς
1687 5233 1748 5288 δὲ
1799 5240 1868 5290 τὰ

331 5317 547 5389 μείζονα
571 5326 671 5370 τῶν
708 5321 1130 5394 προσταγμάτων
1159 5331 1427 5392 ποιοῦντα,
1474 5329 1867 5400 συγκατορθοῦν

332 5411 420 5460 καὶ
449 5410 513 5460 τὰ
539 5406 800 5461 ἐλάττονα.

482 5594 620 5665 Reg.
650 5595 882 5673 primus
905 5596 1254 5673 ὑπερέχοντας
1287 5600 1474 5652 αὐτῶν.

328 5663 436 5741 (QQ)
474 5663 616 5737 Reg.
648 5663 880 5741 primus
907 5663 1134 5727 recenti
1165 5687 1353 5730 manu
1378 5681 1609 5734 ποιήσει.

328 5736 442 5809 (99)
465 5736 731 5826 ειρίωεε.
752 5741 944 5803 nostri
963 5746 1021 5801 et
1035 5741 1219 5806 editio
1243 5745 1611 5820 Venetam;
1635 5750 1856 5838 αιὸντιςε

1816 369 2150 432 MORALIA.

281 478 328 531 ἐν
349 488 409 551 τῇ
446 481 690 555 βασιλείᾳ
715 491 814 535 τῶν
845 485 1094 560 οὐρανῶν.
1129 486 1266 544 Ἀλλ’
1289 488 1448 549 ὅςέὰν
1481 489 1598 564 θέλῃ
1640 495 1876 563 γενέσθαι

2005 495 2182 553 luerit
2208 516 2464 572 magnus
2491 508 2630 574 ﬁeri
2653 511 2814 570 inter
2851 532 2971 587 vos,

3551 413 3660 468 766

3013 524 3126 578 erit
3167 533 3358 584 vester
3385 533 3661 592 minister

2000 587 2263 690 (Matth.-
2291 609 2384 660 xx,
2437 597 2565 690 26):
2601 606 2655 656 et
2695 605 2801 674 qui
2831 610 3086 667 voluerit
3127 615 3189 672 in
3216 617 3380 674 vobis
3422 587 3658 690 primus

1998 691 2140 746 esse,
2173 681 2286 738 erit
2335 688 2600 744 omnium
2648 706 2856 750 servus
2886 698 3103 766 (Marc.
3137 719 3196 772 x,
3226 681 3437 768 44)."...
3483 712 3660 774 Nihil

1993 782 2105 836 per
2130 775 2567 834 contentionem
2594 787 2699 837 aut
2727 784 2967 843 inanem
2995 791 3282 861 gloriam,
3324 799 3429 854 sed
3453 801 3517 857 in
3549 802 3658 859 hu-

1994 857 2252 917 militate
2292 865 2630 936 superiores
2664 873 2781 930 sibi
2816 857 3067 937 invicem
3097 857 3470 946 arbitrantes
3491 890 3658 958 (Phi-

2000 948 2148 1022 lipp.
2173 968 2236 1019 ιι,
2265 954 2341 1026 3).

2565 1125 2846 1185 REGULA
2897 1132 3080 1190 XLVI.

1997 1220 2170 1286 Quod
2192 1238 2265 1280 ex
2294 1232 2749 1302 comparatione
2780 1238 3031 1296 rationis
3063 1243 3194 1314 ejus
3219 1261 3354 1318 quae
3387 1247 3447 1303 in
3477 1249 3658 1306 rebus

2069 1313 2408 1373 minoribus
2462 1329 2751 1388 servatur,
2795 1330 3064 1388 studium
3095 1313 3178 1390 fin
3223 1313 3563 1410 majoribus
3621 1357 3658 1400 ει

2068 1403 2246 1462 nobis
2268 1411 2611 1480 requiritur.

2687 1506 2886 1578 Caput
2918 1513 2960 1566 l.

2078 1587 2490 1664 Unusquisque
2518 1606 2782 1655 vestrum
2812 1601 3077 1660 Sabbato
3097 1620 3218 1661 non
3243 1608 3421 1664 solvit
3453 1609 3656 1668 bovem

1993 1691 2168 1733 suum
2195 1687 2302 1735 aut
2333 1684 2571 1740 asinum
2602 1702 2639 1742 a
2669 1693 2990 1768 praesepio,
3016 1701 3068 1750 et
3090 1694 3258 1752 ducit
3285 1697 3603 1771 adaquare
3626 1700 3655 1757 ‘t

1992 1768 2173 1824 Hanc
2195 1776 2394 1827 autem
2425 1773 2625 1842 filiam
2657 1778 2923 1837 Abrahae
2952 1797 3133 1854 quam
3166 1768 3449 1858 alligavit
3478 1791 3659 1847 Sata-

1993 1873 2102 1914 nas
2133 1873 2263 1916 ecce
2287 1862 2487 1920 decem
2514 1871 2568 1920 et
2598 1872 2726 1922 octo
2758 1872 2956 1940 annis,
2987 1888 3107 1928 non
3131 1879 3398 1944 oportuit
3429 1879 3586 1934 solvi
3619 1894 3658 1940 a

1993 1949 2234 2005 vinculo
2265 1953 2378 2007 isto
2417 1955 2514 2011 die
2549 1957 2849 2016 Sabbati?
2890 1963 3058 2032 (Luc.
3103 1980 3226 2033 xui,
3263 1970 3345 2035 l5,
3385 1968 3501 2036 16).
3525 2010 3574 2024 ..

1993 2038 2240 2096 Dicebat
2289 2049 2488 2100 autem
2516 2048 2874 2115 parabolam
2925 2051 3008 2107 ad
3049 2053 3208 2123 illos,
3258 2057 3420 2128 quod
3448 2074 3660 2128 nempe

1992 2133 2226 2200 oportet
2267 2148 2503 2204 semper
2541 2152 2736 2205 orare,
2767 2145 2823 2195 et
2848 2156 2967 2196 non
2999 2142 3268 2211 deﬁcere.
3300 2147 3502 2205 Judex
3526 2149 3656 2220 qui-

1993 2219 2131 2275 dam
2159 2228 2292 2277 erat
2319 2223 2383 2278 in
2414 2226 2677 2296 quadam
2709 2231 2972 2296 civitate,
3008 2233 3114 2305 qui
3141 2235 3323 2292 Deum
3351 2252 3470 2293 non
3495 2219 3657 2294 time-

1996 2310 2117 2378 bat,
2151 2317 2204 2366 et
2237 2309 2535 2371 hominem
2583 2333 2705 2373 non
2753 2321 3160 2377 reverebatur.
3216 2325 3410 2382 Vidua
3451 2333 3652 2384 autem

1993 2407 2122 2455 erat
2162 2403 2224 2456 in
2277 2404 2520 2461 civitate
2567 2408 2700 2478 illa,
2735 2414 2786 2465 et
2820 2413 3088 2469 veniebat
3116 2415 3198 2470 ad
3217 2432 3372 2483 eum,
3402 2417 3607 2477 dicens
3637 2437 3651 2480 :

2005 2490 2256 2548 Vindica
2308 2511 2400 2549 me
2445 2495 2519 2552 de
2570 2498 2922 2557 adversario
2962 2518 3108 2559 meo.
3143 2504 3220 2560 Et
3272 2507 3511 2564 nolebat
3542 2510 3655 2567 ali—

1991 2582 2284 2650 quandiu.
2328 2585 2473 2640 Post
2534 2586 2660 2643 haec
2714 2600 2913 2646 autem
2963 2592 3121 2649 dixit
3151 2594 3321 2652 intra
3367 2613 3461 2652 se:
3493 2597 3574 2654 Et
3601 2599 3656 2657 si

1991 2671 2181 2727 Deum
2212 2689 2333 2729 non
2380 2676 2570 2747 timeo,
2605 2693 2714 2734 nec
2748 2680 3042 2738 hominem
3074 2700 3352 2756 revereor
3382 2705 3396 2754 ;
3453 2693 3653 2746 tamen.

1991 2763 2133 2838 quia
2164 2764 2414 2822 molesta
2446 2771 2530 2823 est
2551 2769 2706 2824 mihi
2725 2771 2850 2827 haec
2880 2774 3086 2840 vidua,
3112 2776 3426 2834 vindicabo
3452 2779 3652 2848 illam,

1989 2865 2064 2906 ne
2095 2852 2158 2906 in
2188 2855 2505 2910 novissimo
2558 2859 2796 2914 veniens
2825 2863 3110 2932 suggillet
3156 2880 3265 2920 me.
3299 2865 3403 2922 Ait
3451 2874 3651 2928 autem

1991 2942 2326 2999 Dominus:
2364 2946 2587 3003 Audite
2633 2949 2781 3020 quid
2824 2952 3025 3019 judex
3071 2954 3407 3024 iniquitatis
3459 2957 3646 3014 dicit:

1911 3069 1950 3134 Ω
1992 3032 2148 3086 Deus
2182 3039 2380 3089 autem
2411 3037 2752 3106 nonfac-iet
2779 3041 3108 3098 vindictam.
3149 3045 3470 3101 electorum
3513 3063 3650 3103 suo-

1945 3124 1948 3158 ‘-
1986 3137 2122 3179 rum
2173 3124 2572 3184 clamantium
2611 3129 2692 3186 ad
2736 3145 2799 3188 se
2835 3131 2932 3193 die
2975 3147 3047 3189 ac
3094 3139 3232 3191 note
3279 3135 3427 3206 (Luc
3477 3153 3648 3214 xvm,

1988 3211 2038 3280 1,
2073 3215 2241 3283 7).....
2272 3215 2457 3272 Nemo
2501 3219 2769 3276 militans
2799 3221 3072 3292 implicat
3095 3237 3157 3280 se
3195 3224 3329 3284 vitae.
3372 3211 3646 3297 negotiis,

1985 3309 2051 3358 ut
2074 3306 2127 3359 ei
2167 3305 2273 3374 qui
2308 3320 2370 3361 se
2397 3309 2461 3361 in
2485 3309 2769 3364 militiam
2806 3310 3048 3380 delegit,
3078 3314 3342 3386 placeat.
3383 3317 3554 3387 Quod
3598 3319 3653 3373 si

1989 3401 2176 3452 certet
2205 3398 2387 3452 etiam
2419 3399 2660 3468 aliquis.
2696 3415 2817 3456 non
2857 3409 3211 3473 coronatur,
3244 3407 3366 3461 nisi
3385 3407 3652 3478 legitime

1986 3487 2310 3541 certaverit
2337 3486 2426 3556 (II
2459 3487 2606 3543 Tim.
2629 3503 2689 3558 ιι,
2714 3491 2766 3556 4,
2794 3489 2871 3560 5).

1988 3684 2161 3756 Quod
2179 3701 2251 3748 ex
2290 3689 2744 3762 comparatione
2761 3705 2971 3750 eorum
2996 3690 3096 3764 qui
3131 3709 3238 3766 per
3256 3692 3440 3752 ﬁdem
3467 3697 3639 3769 267

2058 3775 2117 3831 in
2141 3777 2321 3833 rebus
2343 3779 2678 3836 minoribus
2707 3781 2916 3838 timore
2939 3785 3194 3855 correpti
3224 3791 3382 3853 sunt,
3401 3801 3470 3842 ac
3493 3787 3648 3843 desi-

2056 3865 2223 3923 derio
2251 3867 2546 3928 laudabili
2577 3870 2845 3931 studium
2877 3875 2934 3928 et
2949 3872 3323 3942 diligentiam
3356 3876 3646 3934 adhibue-

2054 3962 2217 4024 runt,
2245 3957 2344 4016 alii
2383 3960 2486 4032 qui
2518 3951 2759 4032 majora
2790 3967 3172 4020 contemnere
3212 3970 3316 4021 aut
3343 3965 3646 4042 negligere

2055 4045 2416 4120 deprehensi
2445 4047 2680 4111 fuerint,
2710 4051 2958 4121 gravius
2998 4058 3138 4110 sunt
3157 4054 3636 4116 condemnandi.

2665 4208 2864 4277 Caput
2894 4211 2960 4266 ll.

2054 4317 2285 4386 Regina
2325 4316 2526 4374 Austri
2567 4323 2772 4388 surget
2793 4321 2855 4374 in
2876 4320 3113 4389 judicio
3135 4338 3269 4378 cum
3301 4325 3449 4380 viris
3473 4340 3647 4397 gene»

1985 4407 2238 4462 rationis
2270 4408 2474 4476 hujus,
2510 4415 2566 4464 et
2603 4411 3021 4467 condemnabit
3052 4413 3208 4480 illos,
3242 4416 3385 4486 quia
3417 4418 3579 4472 venit
3608 4432 3647 4473 a

977 4488 1058 4538 ὅτι
1126 4484 1274 4545 ἦλθεν
1349 4490 1404 4541 ἐκ
1473 4498 1573 4543 τῶν
1638 4496 1871 4569 περάτῶν

2005 4497 2202 4556 inibus
2252 4502 2434 4554 terra:
2476 4499 2695 4556 audire
2745 4502 3109 4570 sapientiam
3171 4484 3535 4569 Salomonis,
3589 4512 3648 4562 et

1983 4603 2114 4643 ecce
2145 4589 2284 4653 plus
2315 4605 2494 4659 quam
2524 4589 2810 4646 Salomon
2844 4591 2942 4646 hic
2967 4593 3130 4662 (Luc,
3169 4607 3243 4658 χι,
3287 4597 3476 4660 31)....
3522 4595 3647 4651 Viri

1981 4678 2268 4736 Nini-vitae
2295 4684 2545 4748 surgent
2577 4681 2636 4736 in
2657 4681 2891 4750 judicio
2923 4696 3056 4738 cum
3087 4683 3477 4750 generatione
3501 4685 3640 4751 ista,

1981 4773 2034 4824 et
2055 4769 2541 4826 condemnabunt
2562 4784 2693 4832 eam
2719 4789 2738 4824 .-
2769 4771 2915 4840 quia
2942 4773 3360 4839 pcenitentiam
3390 4779 3642 4843 egerunt

1982 4859 2044 4914 in
2064 4858 2498 4928 prwdicatione
2541 4860 2732 4929 Jonte,
2763 4865 2820 4916 et
2878 4875 3005 4917 ccce
3034 4862 3173 4930 plus
3220 4877 3402 4932 quam
3447 4863 3639 4922 Jonas

1956 4948 2078 5006 hic
2118 4949 2356 5009 (Matth.
2385 4965 2484 5017 xu,
2514 4949 2624 5021 41).

1980 5147 2150 5213 Quod
2181 5147 2231 5202 is
2271 5147 2376 5219 qui
2423 5147 2800 5218 diligentiam
2847 5149 2909 5204 in
2955 5149 3296 5206 minoribus
3348 5149 3640 5217 ostendit,

2049 5251 2172 5293 non
2217 5237 2397 5294 debet
2456 5242 2843 5295 contemnere
2886 5239 3125 5309 majora
3181 5255 3194 5294 :
3245 5239 3353 5295 sed
3407 5245 3642 5296 tenetur

2049 5329 2382 5400 praesertim
2431 5329 2668 5398 majora
2713 5333 3016 5401 praecepta
3044 5329 3319 5403 exsequi,
3362 5334 3419 5388 et
3461 5329 3641 5387 simul

2050 5418 2288 5474 minora
2312 5419 2624 5492 perﬁcere.

1976 5605 2377 5677 typographis
2407 5605 2843 5662 Parisiensibus
2874 5603 3200 5677 exciderat.

2042 5676 2059 5748 (
2073 5681 2116 5750 1)
2161 5676 2397 5760 ιοΒοεο
2442 5680 2641 5764 primo
2671 5677 2765 5749 bis
2807 5676 3102 5762 scriptun;
3131 5678 3435 5746 invenitur
3488 5677 3638 5742 Wo-

1975 5772 2159 5826 μωνος.
2231 5779 2233 5782 ⁴
