4112 6382
422 392 527 449 767

1092 515 1294 585 Caput
1336 515 1428 573 Ill.

516 624 612 679 Va:
668 621 857 690 vobis,
906 622 1122 681 scriba
1147 630 1202 681 et
1229 623 1549 692 Pharisaei,
1579 623 1930 694 hypocriten,
1956 624 2101 695 quia

442 714 758 770 decimatis
786 712 1114 777 mentitam,
1155 719 1212 772 et
1258 714 1567 784 anethum,
1599 720 1655 770 et
1684 714 2014 784 cyminum,
2044 717 2101 769 et

440 804 799 876 reliquistis,
829 818 961 874 quae
979 806 1271 874 graviora
1307 809 1450 860 sunt
1477 804 1644 874 legis,
1677 803 2005 874 Judicium,
2044 806 2101 858 et

445 893 947 955 misericordiam,
986 897 1045 948 et
1086 893 1285 963 ﬁdem.
1316 895 1462 950 Hazc
1492 895 1758 962 oportuit
1779 893 2011 962 facere,
2045 895 2100 949 et

446 979 558 1036 illa
576 995 698 1036 non
718 982 1003 1038 omittere.
1036 983 1231 1039 Duces
1262 985 1423 1053 caeci,
1450 982 1793 1039 excolantes
1826 981 2098 1051 culicem,

454 1071 751 1127 camelum
774 1076 973 1129 autem
997 1072 1327 1144 glutienles
1345 1072 1544 1136 (Matt.
1568 1086 1731 1143 mu,
1763 1074 1854 1140 23,
1876 1070 1992 1132 24).

988 1297 1277 1371 REGULA
1333 1298 1536 1353 XLvu.

440 1402 612 1470 Quod
643 1418 767 1459 non
796 1407 1072 1478 oporteat
1118 1420 1496 1479 quemquam
1526 1401 1642 1460 sibi
1670 1402 1789 1477 ipsi
1814 1401 2096 1475 colligere

502 1491 857 1549 thesaurum
887 1509 951 1549 in
990 1497 1172 1561 terra,
1198 1493 1306 1551 sed
1343 1494 1406 1551 in
1452 1492 1606 1551 ccelo
1661 1510 1675 1549 :
1727 1498 1788 1551 et
1832 1491 1970 1567 quis
2021 1491 2098 1549 sit

498 1579 722 1642 modus
752 1580 1075 1654 colligendi
1107 1583 1378 1640 thesauri
1402 1583 1466 1640 in
1492 1581 1665 1640 coelo.

1112 1718 1309 1790 Caput
1362 1722 1403 1775 Ι.

499 1827 705 1884 Nolite
726 1827 1147 1886 thesaurizare
1168 1829 1333 1885 vobis
1356 1828 1669 1887 thesauros
1698 1845 1761 1886 in
1782 1834 1972 1898 terra,
1995 1827 2101 1885 ubi

435 1917 599 1974 tinea
625 1923 682 1975 et
712 1932 921 1987 aerugo
949 1918 1298 1988 demolitur,
1330 1925 1384 1975 et
1420 1919 1526 1975 ubi
1550 1920 1740 1990 fures
1770 1918 2090 1989 e/fodiunt,

427 2012 487 2065 et
522 2008 844 2078 furantur.
893 2009 1320 2066 Thesaurizate
1347 2016 1548 2067 autem
1577 2008 1741 2066 vobis
1786 2009 2098 2066 thesauros

430 2098 499 2153 in
522 2098 690 2168 cceto,
722 2097 830 2154 ubi
855 2113 1050 2171 neque
1081 2100 1269 2166 tinea,
1299 2114 1492 2172 neque
1518 2114 1719 2170 aerugo
1748 2098 2097 2166 demolitur,

432 2193 487 2244 et
528 2187 637 2242 ubi
672 2188 841 2243 fures
871 2203 994 2243 non
1023 2188 1341 2257 effodiunt,
1371 2204 1483 2246 nec
1516 2189 1822 2259 [urantur
1849 2188 2097 2260 (Matth.

430 2290 503 2338 iv,
543 2275 845 2346 19-20)....
885 2275 1134 2333 Vendite
1156 2292 1290 2348 quae
1312 2277 1650 2348 possidetis,
1683 2282 1740 2334 et
1766 2276 1908 2334 date
1955 2276 2100 2333 etee-

426 2374 769 2430 mosynam.
796 2360 1006 2418 Facite
1045 2360 1207 2417 vobis
1235 2363 1509 2418 sacculos
1536 2363 1644 2435 qui
1688 2377 1811 2418 non
1841 2367 2100 2418 veteras-

427 2454 601 2516 eunt,
626 2449 973 2506 thesaurum
994 2464 1116 2505 non
1138 2449 1507 2520 deﬁcientem
1532 2452 1599 2507 in
1621 2452 1780 2507 caelis
1811 2440 1970 2522 (Luc.
1990 2466 2097 2520 xu,

429 2538 641 2609 33).....
668 2538 884 2596 Omnia
904 2553 1272 2612 quacunque
1309 2540 1490 2598 habes
1516 2541 1723 2607 vende,
1752 2546 1809 2598 et
1829 2541 1910 2598 da
1945 2555 2103 2611 pau-

420 2627 700 2699 peribus,
723 2632 780 2684 et
812 2627 1051 2685 habebis
1084 2628 1440 2686 thesaurum
1470 2630 1535 2686 in
1573 2629 1733 2688 certis
1761 2631 1915 2702 (Luc
1938 2645 2099 2694 κγιιι,

430 2716 649 2789 22).....
682 2718 756 2774 Ut
781 2717 974 2786 facile
999 2717 1293 2784 tribuant,
1341 2718 2105 2788 communicent,thesauri-

433 2812 570 2865 zent
605 2806 722 2863 sibi
745 2807 1214 2878 fundamentum
1254 2808 1473 2865 bonum
1512 2811 1576 2865 in
1610 2810 1946 2881 futurum;
1983 2825 2104 2882 quo

433 2896 911 2968 apprehendant
942 2912 1146 2955 veram
1177 2899 1364 2955 vitam
1396 2899 1454 2970 (Ι
1485 2899 1636 2957 Tim.
1658 2915 1736 2968 γι,
1762 2901 1849 2969 18,
1885 2902 1994 2967 19).

974 3042 1259 3098 ΒΕϐΠιΑ
1294 3040 1551 3100 XLVIII.

433 3147 608 3218 Quod
630 3151 868 3221 oportet
904 3148 1187 3220 quemvis
1216 3146 1677 3206 misericordem
1701 3163 1834 3205 esse
1862 3152 1921 3206 et
1945 3147 2101 3206 libe-
2138 3126 2167 3167 ι

499 3236 692 3294 ralem
726 3256 739 3294 :
768 3236 877 3311 qui
926 3236 1091 3293 enim
1151 3251 1278 3294 non
1333 3242 1473 3295 sunt
1528 3238 1902 3311 hujusmodi,
1934 3254 2104 3296 coar-

501 3332 790 3399 guuntur.

1123 3434 1324 3507 Caput
1362 3436 1421 3493 Ι.

501 3543 684 3600 Beati
710 3541 1154 3610 misericordes,
1178 3541 1465 3615 quoniam
1492 3544 1610 3613 ipsi
1625 3544 2102 3601 misericordiam

433 3639 882 3705 consequentur
907 3632 1153 3704 (Matth.
1182 3648 1240 3704 ν,
1264 3632 1438 3704 7).....
1465 3633 1643 3689 Omni
1652 3635 1887 3705 petenti
1906 3641 1980 3703 te,
1996 3636 2102 3691 tri-

431 3723 541 3780 bue
560 3724 727 3795 (Luc.
758 3738 840 3792 γι,
864 3725 1076 3785 30).....
1123 3721 1302 3792 268
1321 3722 1459 3778 Sine
1480 3716 1816 3796 affectione,
1849 3725 1981 3780 sine
2000 3724 2107 3781 mi.

428 3812 783 3880 sericordia,
828 3811 936 3883 qui
982 3826 1117 3866 cum
1160 3811 1471 3880 justitiam
1518 3812 1631 3868 Dei
1665 3814 2103 3883 cognovissent,

429 3916 643 3972 nempe
691 3908 853 3974 quod
900 3900 1010 3971 qui
1038 3900 1193 3956 talza
1239 3905 1454 3970 agunt,
1509 3901 1685 3972 digni
1727 3908 1868 3958 sunt
1914 3907 2107 3960 morte

422 3991 619 4062 (Rom.
648 4005 692 4061 ι,
732 3993 826 4059 31,
855 3989 1077 4060 32).....
1120 3987 1195 4045 Ut
1216 3988 1406 4060 facile
1436 3990 1735 4056 tribuant,
1768 3993 2105 4048 communi-

427 4084 565 4137 cent
604 4078 658 4151 (ι
688 4077 840 4134 Tim.
870 4091 950 4150 Vl,
985 4079 1096 4150 18).

431 4183 609 4251 Quod
634 4182 939 4257 quidquid
986 4182 1262 4256 possidet
1314 4184 1628 4258 quispiam
1668 4183 1825 4241 ultra
1863 4201 1938 4243 ea
1966 4192 2104 4260 quin

499 4272 580 4331 ad
633 4274 825 4330 vitam
881 4273 1233 4329 necessaria
1280 4278 1442 4341 sunt,
1473 4273 1656 4331 debet
1701 4273 1766 4331 id
1818 4275 2104 4333 beneﬁcii

495 4363 632 4421 loco
656 4362 992 4438 impertire,
1012 4378 1086 4420 ex
1103 4362 1396 4420 mandato
1420 4362 1675 4432 Domini,
1698 4364 1803 4439 qui
1825 4381 1896 4424 ea
1920 4365 2102 4423 etiam

502 4470 641 4529 quas
672 4453 1001 4525 habemus,
1021 4452 1277 4526 largitus
1296 4458 1408 4511 est.

1107 4578 1306 4650 Caput
1350 4582 1417 4636 ll.

507 4690 623 4759 Qui
650 4688 825 4746 habet
854 4687 1008 4744 duas
1038 4688 1293 4755 tunicas,
1328 4688 1426 4745 det
1456 4703 1576 4744 non
1599 4688 1847 4746 habenti
1873 4706 1886 4745 :
1919 4697 1975 4748 et
2001 4693 2110 4764 qui

435 4779 615 4838 habet
638 4792 823 4847 escas,
846 4778 1131 4833 similiter
1149 4778 1348 4847 faciat
1374 4779 1545 4849 (Luc.
1586 4792 1663 4849 ιιι,
1691 4781 1797 4851 11).
1946 4780 2106 4848 Quid

433 4872 590 4927 enim
630 4867 811 4925 habes
857 4866 1020 4940 quod
1064 4881 1186 4922 non
1239 4867 1568 4937 accepisti?
1597 4870 1652 4935 (ι
1679 4868 1819 4925 Cor.
1854 4884 1932 4937 ιν,
1963 4871 2096 4942 7)...

441 4960 652 5016 Vestra
678 4956 1058 5014 abundantia
1077 4956 1324 5012 illorum
1356 4959 1627 5027 inopiam
1661 4958 1941 5029 suppleat
1968 4973 1994 5030 ;
2037 4965 2107 5016 ut

432 5058 488 5108 et
530 5050 785 5106 illorum
826 5047 1211 5104 abundantia
1240 5052 1454 5104 vestras
1483 5049 1707 5118 inopia
1736 5051 1811 5105 sit
1856 5051 2105 5120 supple-

435 5143 726 5205 mentum,
747 5142 815 5193 ut
836 5137 947 5207 ﬁat
969 5137 1315 5209 cequalitas,
1332 5137 1488 5195 sicut
1512 5138 1808 5207 scriptum
1833 5146 1918 5195 est
1945 5140 2109 5207 :Qui-

429 5227 719 5293 multum,
747 5241 874 5283 non
901 5224 1273 5282 abundavit:
1296 5231 1349 5281 et
1373 5226 1807 5297 quimodicum,
1848 5243 1973 5286 non
1999 5231 2107 5286 mi-

435 5317 680 5375 noravit
711 5316 805 5385 (II
830 5316 972 5373 Cor.
1005 5330 1130 5383 vm,
1159 5316 1247 5384 14,
1274 5319 1337 5371 15
1354 5315 1599 5388 ,‘Ea'od.
1629 5331 1731 5372 xv:
1763 5320 1875 5385 18).

504 5491 1307 5570 (2)Utra_queeditio_i_1_:iyﬁ;.
1331 5497 1405 5550 At
1439 5499 1727 5570 mss.tres
1762 5496 1849 5549 im
1878 5504 2108 5569 τῆςγῆς.

449 5643 460 5655 ,
506 5565 588 5641 (3)
607 5565 869 5655 _Antiqui
908 5572 1030 5623 tres
1078 5565 1217 5624 libri
1265 5566 1577 5640 ἐπιγνόντες.
1622 5569 1887 5641 Utraque
1927 5565 2113 5627 ed'mo

439 5656 773 5714 επιγνωντες.

511 5718 594 5787 (4)
628 5710 899 5782 Utraque
919 5708 1104 5766 editio
1125 5708 1187 5762 ἃν
1209 5712 1325 5783 ἔχει
1352 5729 1435 5774 τις
1456 5710 1607 5765 πλίον
1631 5730 1727 5767 του
1758 5708 2025 5786 δεομένου.

1843 388 2100 446 BASILII
2157 389 2399 445 MAGNI.

2124 519 2174 572 Α

2135 4476 2182 4533 D

3704 391 3815 445 768

2869 513 3040 586 Κιφάλ
3078 511 3149 569 I".

2278 625 2649 676 ΜΑΤΘΑΙΟΣ.
2682 622 2819 673 Οὐαὶ
2849 622 2990 694 ὑμῖν,
3021 628 3354 695 γραμματεῖς
3393 624 3485 674 καὶ
3515 622 3815 698 Φαρισαῖοὶ,

2206 712 2516 787 ὑποκριταὶ,
2573 710 2654 764 ὅτι
2712 706 3102 764 ἀποδεκατοῦτε
3150 714 3210 764 τό
3266 705 3563 784 ἡδύοσμον,
3622 715 3714 765 καὶ
3758 715 3819 765 τὸ

2207 802 2423 868 ἄνηθον,
2468 803 2561 852 καὶ
2615 802 2672 852 τὸ
2723 802 2959 873 κύμινον,
3014 802 3108 853 καὶ
3152 797 3389 874 ἀφήκατε
3430 802 3494 853 τὰ
3549 797 3822 876 βαρύτερα

2206 898 2299 944 τοῦ
2360 893 2547 965 νόριον,
2607 893 2703 950 τὴν
2764 896 2961 965 κρίσιν,
3020 895 3113 944 καὶ
3172 893 3261 944 τὸν
3342 890 3500 959 ἔλεον,
3566 896 3658 944 καὶ
3723 896 3819 953 τὴν

2205 984 2407 1035 πίστιν.
2464 986 2646 1033 Ταῦτα
2708 976 2815 1033 ἔδει
2869 989 3115 1046 ποιῆσαι,
3178 977 3401 1032 κάκεῖνα
3452 984 3525 1053 μὴ
3594 977 3818 1053 ἀφιέναι.

2207 1065 2436 1141 Ὀδηγοὶ
2479 1069 2664 1142 τυφλοὶ
2710 1074 2761 1122 οἱ
2811 1066 3132 1133 διυλίζοντες
3187 1072 3276 1122 τὸν
3322 1074 3568 1138 κώνωπα,
3616 1073 3710 1129 τήν
3758 1066 3819 1125 δι

2206 1158 2439 1237 κάμηλον
2458 1178 2848 1224 καταπινοντες.

2846 1299 3013 1347 ΟΡΟΣ
3041 1293 3169 1352 ΜΖ.

2208 1411 2309 1457 Οτι
2356 1402 2416 1457 οὐ
2448 1398 2532 1457 δεῖ
2572 1401 2917 1476 θησαυρίζειν
2968 1401 3132 1455 ἑαυτῶ
3180 1400 3265 1455 ἐπὶ
3306 1410 3400 1463 τῆς
3428 1409 3531 1475 γῆς
3570 1401 3669 1474 (2),
3709 1401 3816 1455 ἀλλ’

2276 1492 2327 1547 ἐν
2367 1492 2572 1568 οὐρανῷ
2595 1512 2609 1528 ·
2653 1496 2739 1547 καὶ
2770 1496 2849 1557 τίς
2879 1494 3120 1567 ὀτρόπος
3154 1499 3247 1547 τοῦ
3287 1490 3337 1545 ἓν
3373 1491 3572 1569 οὐρανῷ
3611 1492 3819 1551 θησαν-

2279 1584 2467 1658 ρίζειν.

2847 1716 3037 1790 liqui).
3086 1715 3161 1773 A'.

2282 1830 2644 1882 ΜΔΤΘΑΙΟΣ.
2676 1829 2764 1886 Μὴ
2814 1826 3167 1901 θησαυρίζετε
3203 1826 3327 1898 ὑμῖν
3382 1825 3688 1897 θησαυροὺς
3734 1822 3823 1877 επὶ

2206 1924 2302 1979 τῆς
2353 1925 2472 1990 γῆς,
2529 1917 2661 1970 ὅπου
2715 1920 2812 1977 σὴς
2851 1918 2944 1967 καὶ
2997 1913 3199 1991 βρῶσις
3247 1911 3510 1987 ἀφανίζει,
3552 1917 3644 1965 καὶ
3690 1914 3821 1966 ὅπου

2206 2006 2424 2061 κλέπται
2451 2003 2808 2082 διορύσσουσι
2844 2009 2937 2057 καὶ
2960 2002 3268 2077 κλίμτουσι.
3303 2002 3672 2076 Θησαυρίζετε
3700 2003 3821 2075 ὑμῖν

2210 2099 2512 2171 θησαυροὺς
2574 2094 2624 2149 ἐν
2688 2093 2912 2169 οὐρανῷ,
2961 2096 3091 2147 ὅπου
3143 2096 3263 2147 οὔτε
3322 2097 3413 2155 σὴς
3455 2092 3574 2146 οὐτε
3621 2089 3822 2166 βρῶσις

2210 2185 2470 2260 ἀφανίζει,
2519 2189 2613 2239 καὶ
2664 2185 2794 2238 ὅπου
2846 2182 3066 2238 κλέπται
3121 2183 3182 2236 οὐ
3245 2179 3649 2259 διορύσσουσιν,
3696 2178 3818 2236 οὐδε

2208 2275 2540 2330 κλέπτουσιν.
2571 2280 2863 2333 ΛΟΥΚΔΣ.
2903 2272 3193 2333 Πωλήσατε
3220 2274 3288 2326 τὰ
3316 2273 3636 2346 ὑπάρχοντα
3654 2273 3817 2344 ὑμῶν,

2208 2370 2301 2419 καὶ
2328 2362 2452 2419 δότε
2491 2363 2863 2438 ἐλεημοσύνην.
2897 2367 3157 2422 Ποιήσατε
3193 2360 3399 2425 ἑαυτοῖς
3441 2360 3698 2435 βαλάντια
3742 2364 3815 2434 μὴ

2208 2454 2606 2528 παλαιούμενα)
2667 2454 2933 2528 θησαυρὸν
3000 2451 3326 2506 ἀνέκλειπτον
3395 2457 3504 2514 τοῖς
3559 2450 3819 2525 οὐρανοῖς.

2214 2550 2502 2601 ΛΟΥΚΔΣ.
2567 2541 2746 2597 Πάντα
2798 2543 2901 2596 ὅσα
2955 2545 3104 2615 ἔχεις
3153 2540 3421 2608 πώλησον,
3486 2545 3579 2594 καὶ
3635 2535 3823 2601 διάδος

2213 2640 2473 2707 πτωχοῖς,
2504 2636 2593 2686 καὶ
2621 2632 2751 2696 ἔξεις
2783 2633 3048 2708 θησαυρὸν
3073 2629 3122 2686 ἐν
3152 2630 3407 2707 οὐρανοῖς.
3450 2635 3622 2682 ΠΡΟΣ
3674 2635 3820 2684 ΤΙΜ.

2213 2724 2285 2779 α’.
2315 2719 2710 2797 Εὐμεταδότους
2733 2718 2885 2794 εἶναι,
2912 2723 3268 2788 κοινωνικούς,
3291 2718 3824 2793 ἀποθησαυρίζοντας

2214 2813 2419 2877 ἑαυτοῖς
2453 2812 2685 2886 θεμελιον
2720 2811 2879 2866 καλὸν
2910 2810 2982 2876 εἰς
3020 2814 3080 2864 τὸ
3120 2809 3322 2883 με’λλον,
3362 2811 3451 2862 ἶνα
3476 2806 3824 2863 ἐπιλάϐωνται

2215 2911 2312 2966 τῆς
2336 2905 2497 2967 ὅντως
2525 2904 2690 2965 ζωῆς.

2851 3051 3020 3099 ΟΡΟΣ
3042 3041 3178 3099 ΜΗ.

2212 3154 2337 3210 Ὀτι
2361 3151 2445 3209 δεῖ
2468 3155 2719 3230 ἓλεὴμονα
2741 3174 2832 3208 και
2853 3148 3202 3227 εὐμετάδοτον
3228 3148 3378 3205 εἶναι·
3406 3156 3816 3225 κατηγοροῦνται

2731 3247 2833 3319 γὰρ
2864 3245 2915 3296 οἱ
2951 3247 3024 3317 μὴ
3059 3249 3307 3297 τοιοῦτοι.

2856 3441 3045 3516 Κεφάλ.
3100 3442 3179 3498 Δό

2295 3554 2693 3607 ΜΔΤΘΑΙΟΣ.
2752 3552 3025 3626 Μακάριοι
3092 3553 3142 3603 οἰ
3202 3547 3500 3622 ἕλιήμονις,
3559 3548 3640 3601 ὅτι
3698 3546 3826 3600 αὐτο

2215 3639 2608 3701 ἐλεηθήσονται.
2640 3647 2931 3698 ΛΟΥΚΑΣ.
2960 3644 3125 3695 Παντὶ
3152 3646 3226 3711 τῷ
3264 3638 3500 3691 αἰτοῦντι
3541 3655 3601 3690 σε
3641 3632 3824 3693 δίδου.

2217 3740 2549 3788 ΠΡΟΣΡΩΜ.
2580 3736 2922 3807 ξλοτόργους,
2974 3729 3336 3805 ἀνελεήμονας,
3390 3731 3574 3791 οἵτινες
3626 3731 3685 3780 τὸ
3742 3723 3830 3779 διο

2215 3828 2426 3897 καίωμα
2472 3829 2565 3876 τοῦ
2622 3829 2756 3876 Θεοῦ
2810 3820 3100 3894 ἐπιγνόντες
3127 3824 3224 3892 (3),
3257 3821 3340 3873 ὅτι
3394 3821 3444 3872 οἱ
3500 3821 3568 3871 τὰ
3608 3824 3832 3870 τοιαῦτα

2214 3915 2536 3989 πράσσοντες
2582 3912 2721 3979 ἄξιοι
2748 3913 2970 3967 θανάτου
3002 3911 3153 3967 εἰσίν.
3198 3916 3371 3967 ΠΡΟΣ
3397 3914 3540 3965 ΤΙΜ.
3569 3908 3640 3963 α’.
3666 3907 3833 3980 Exigu-

2216 3998 2480 4065 ταδότους
2500 3999 2652 4076 εἶναι,
2684 4004 3037 4066 κοινωνικούς.

2212 4180 2334 4236 Ὀτι
2360 4189 2460 4235 πᾶν
2492 4183 2614 4258 ὅπερ
2651 4183 2712 4235 ἄν
2735 4185 2835 4257 ἔχῃ
2865 4201 2942 4245 τις
2961 4180 3110 4236 πλέον
3139 4188 3229 4237 τοῦ
3267 4174 3392 4234 ἐπιδ
3394 4180 3600 4253 εομὲνου
3625 4180 3700 4248 (4)
3728 4183 3833 4229 τῶν

2292 4274 2422 4345 πρὸς
2474 4275 2534 4325 τὸ
2587 4272 2684 4345 ζῇν
2744 4270 3062 4346 ἀναγκαίων,
3117 4270 3381 4347 ὀφειλέτης
3430 4267 3571 4321 ἐστὶν
3638 4265 3830 4320 ἐκεῖνον

2288 4361 2645 4438 εὐεργετῆσαι,
2678 4362 2793 4415 κατ’
2833 4361 3038 4422 ἐντολήν
3062 4369 3156 4416 τοῦ
3201 4361 3396 4437 Κυρίου
3425 4365 3518 4412 τοῦ
3541 4362 3633 4411 καὶ
3661 4351 3832 4411 δεδω-

2294 4456 2442 4514 κότος
2467 4453 2504 4504 ᾰί
2524 4454 2735 4526 ἔχομεν.

2880 4580 3051 4654 Κεφάλ
3080 4578 3149 4635 Β’.

2288 4695 2575 4745 ΛΟΥΚΑΣ.
2616 4689 2676 4742 Ὀ
2715 4692 2852 4762 ἔχων
2910 4685 3009 4741 δύο
3038 4693 3278 4761 χιτῶνας
3316 4681 3590 4759 μεταδότῶ
3630 4692 3703 4757 τῷ
3747 4690 3826 4759 μὴ

2216 4783 2428 4853 ἔχοντι·
2485 4784 2577 4832 καὶ
2620 4781 2647 4831 ὁ
2696 4782 2833 4851 ἔχων
2880 4776 3138 4850 βρώματα
3176 4777 3365 4849 ὁμοίως
3392 4779 3623 4828 ποιείτω.
3655 4779 3830 4827 ΠΡΟΣ

2218 4877 2371 4927 KOP.
2412 4866 2478 4924 α’.
2526 4873 2590 4921 Τί
2641 4871 2744 4942 ’γὰρ
2790 4869 2951 4939 ἔχεις
3002 4866 3029 4918 ὃ
3075 4863 3171 4917 οὐκ
3221 4863 3427 4932 ﬁnges;
3459 4870 3631 4917 ΠΡΠΣ
3671 4871 3827 4920 ΚΟΡ.

2224 4957 2294 5033 β’.
2323 4962 2395 5013 Τὸ
2442 4959 2585 5032 ὑμῶν
2642 4961 2976 5032 περίσσευμα
3014 4953 3088 5016 εἰς
3140 4957 3200 5007 τό
3258 4953 3461 5007 ἐκείνων
3508 4956 3783 5031 ὑστέρημα
3810 4976 3827 4989 ·

2218 5053 2302 5102 ῖνα
2338 5054 2430 5101 καὶ
2475 5051 2536 5100 τὸ
2588 5045 2790 5099 ἐκείνων
2845 5049 3178 5118 περίσσωμα
3227 5048 3443 5117 γένηται
3481 5043 3552 5107 εἰς
3590 5048 3650 5097 τό
3680 5046 3831 5118 ὑμῶν

2219 5141 2513 5213 ὑστέρημα,
2541 5138 2681 5197 ὅπως
2716 5139 2931 5207 γένηται
2976 5133 3172 5203 ἰσότης,
3198 5135 3375 5197 καθὼς
3399 5120 3696 5208 γέγραπται
3722 5155 3737 5167 ο
3768 5134 3832 5186 Ὁ

2218 5232 2279 5282 τό
2309 5226 2440 5281 πολὺ
2470 5228 2553 5299 (5)
2584 5225 2681 5279 οὐκ
2728 5223 3003 5279 ἐπλεόνασε
3027 5245 3041 5259 ·
3074 5228 3165 5279 καὶ
3203 5225 3230 5277 ὁ
3256 5227 3316 5277 τὸ
3358 5223 3530 5297 ὀλίγον
3553 5222 3648 5277 οὐκ
3671 5222 3835 5282 ἠλατ-

2220 5322 2342 5377 τὸνη
2352 5336 2457 5372 σεν.

2236 5501 2309 5553 At
2332 5512 2483 5554 mss.
2515 5500 2583 5553 ut
2607 5494 2669 5552 in
2691 5499 2993 5553 contextu.

2300 5572 2380 5641 (5)
2398 5571 2553 5642 ,‘Reg.
2581 5570 2817 5642 primus
2843 5570 2884 5642 ᾧ
2908 5572 2967 5642 τρ
2987 5565 3139 5626 πολύ.
3164 5568 3298 5624 Mox
3311 5565 3507 5642 editio
3528 5564 3716 5642 Paris.
3740 5569 3838 5619 καὶ

2239 5642 2266 5692 ὀ
2294 5638 2717 5713 τὸολίγονξδοιί
2745 5638 3054 5713 articulus,
3076 5654 3275 5713 neque
3306 5638 3369 5696 in
3398 5639 3626 5696 nostris
3653 5652 3804 5699 mss.
3813 5680 3834 5713 ,

2238 5727 2441 5786 neque
2474 5710 2539 5778 in
2568 5712 2829 5785 editione
2855 5712 3079 5783 veneta
3100 5710 3341 5783 legitur.
