4112 6382
290 279 396 334 769

1828 276 2155 333 MOBALIA

3578 288 3688 342 770

287 398 407 453 Ὀτι
454 399 513 454 ού
559 396 641 453 δεῖ
684 398 941 467 πλουτεῖν,
974 396 1107 452 ἀλλὰ
1148 400 1464 470 πτωχεύειν,
1505 399 1642 451 κατὰ
1682 401 1771 452 τὸν
1797 418 1890 453 του

2031 398 2178 464 )uod
2219 415 2342 458 non
2381 405 2618 474 oportet
2663 403 2910 462 divitem
2953 420 3107 471 esse,
3153 407 3260 464 sed
3307 423 3681 482 pauperem,

894 495 1091 564 Κυριου
1120 486 1296 559 λόγον.

950 612 1142 686 Κεφάλ.
1184 609 1255 667 Γ’.

361 741 646 794 ΔΟΥΚΔΣ.
673 739 960 813 Μακάριοι,
996 739 1045 790 οἱ
1091 740 1323 809 πτωχοὶ,
1369 736 1451 790 ὅτι
1489 738 1714 813 ὑμετέρα
1759 737 1899 792 ἐστὶν

290 831 320 889 ἡ
370 828 619 903 βασιλεία
656 837 747 882 τοῦ
799 836 932 883 Θεοῦ
978 829 1077 900 (6).
1130 827 1267 881 Ούαὶ
1306 828 1428 902 ύμῖν
1463 836 1568 891 τοῖς
1604 828 1896 895 πλουσίοις,

287 920 369 973 ὅτι
399 917 623 991 ἀπέχετε
660 923 753 977 τὴν
782 917 1117 994 παράκλησιν
1146 919 1310 991 ὑμῶν.
1347 924 1514 971 ΠΡΟΣ
1556 924 1704 973 KOP.
1838 916 1897 971 Ἡ

289 1010 425 1062 κατὰ
484 1007 683 1082 βάθους
738 1011 980 1081 πτωχεία
1036 1007 1206 1061 αὐτῶν
1264 1006 1634 1083 ἐπερίσσευσεν
1676 1007 1748 1070 εἰς
1812 1026 1899 1059 τον

289 1098 507 1152 πλουτον
550 1106 639 1158 τῆς
679 1097 971 1161 ἁπλότητος
1022 1098 1192 1150 αὐτῶν
1222 1096 1324 1169 (7).
1367 1104 1534 1150 ΠΡΟΣ
1559 1101 1702 1152 ΤΙΜ.
1735 1094 1799 1151 α’.
1833 1096 1901 1149 Οἱ

292 1184 353 1241 δε
409 1186 716 1261 βουλόμενοι
770 1186 1012 1241 πλουτεῖν
1082 1186 1431 1261 ἐμπίπτουσιν
1488 1186 1556 1247 εἰς
1605 1188 1900 1262 πειρασμὸν

291 1281 378 1329 καὶ
408 1273 634 1349 παγίδα,
678 1281 770 1330 καὶ
816 1276 1097 1351 ἐπίθνμίας
1137 1275 1330 1339 πολλὰς
1384 1274 1636 1339 ἀνοήτους
1684 1276 1763 1348 (8)
1808 1278 1900 1329 καὶ

288 1364 582 1441 βλαϐερὰς,
653 1368 844 1429 αἵτινες
913 1364 1205 1441 βυθίζουσι
1272 1368 1394 1429 τοὺς
1462 1364 1764 1443 ἀνθρώπους
1830 1365 1902 1428 εἰς

289 1455 494 1532 ὄλεθρον
536 1461 626 1509 καὶ
667 1457 948 1513 ἀπώλειαν.
979 1456 1128 1517 Ῥίξα
1173 1456 1275 1530 γὰρ
1324 1456 1531 1508 πάντων
1582 1464 1682 1509 τῶν
1730 1462 1900 1507 κακῶν

289 1544 432 1598 ἔστιν
460 1546 492 1604 ἠ
538 1545 875 1623 φιλαργυρία,
910 1547 942 1605 ἧ
954 1565 977 1608 ς
1018 1563 1154 1608 τινες
1194 1545 1508 1619 ὀρεγόμενοι,
1538 1543 1903 1604 ἀπεπλανήθη-

290 1654 387 1688 σαν
418 1633 521 1688 ἀπὸ
562 1643 657 1697 τῆς
681 1641 921 1704 πίστεως,
957 1641 1046 1689 καὶ
1086 1632 1302 1698 ἑαυτοὺς
1327 1637 1654 1712 περιέπειραν
1686 1631 1903 1698 ὀδύναις

287 1723 523 1786 πολλαῖς.

292 1874 411 1921 Ὀτι
474 1867 535 1922 ού
600 1864 685 1922 δεῖ
752 1870 1042 1942 φροντίζειν
1080 1884 1175 1922 του
1217 1869 1627 1944 περισσευεσθαι
1692 1866 1745 1921 ἰν
1797 1874 1906 1930 τοῖς

360 1961 487 2034 πρὸς
514 1962 571 2011 τὸ
599 1958 697 2031 ζῇν
722 1979 734 1992 ·
766 1960 880 2011 οὔτε
904 1962 1023 2034 περὶ
1052 1961 1145 2017 τήν
1173 1957 1501 2032 πλησμονὴν,
1526 1962 1642 2011 οὔτε
1668 1962 1788 2033 περὶ
1809 1961 1903 2017 τὴν

361 2046 686 2102 πολυτέλειαν
720 2043 964 2105 σπονδὴν
996 2049 1138 2120 ἔχειν
1295 2047 1602 2121 καθαρεύειν
1634 2043 1695 2101 δε
1717 2049 1904 2108 παντὸς

362 2132 533 2200 εἴδους
560 2136 851 2200 πλεονεξίας
874 2141 965 2191 καὶ
989 2135 1385 2211 καλλωπισμοῦ.

955 2334 1147 2408 Κεφάλ.
1191 2334 1259 2390 Δ’.

370 2485 656 2536 ΛΟΥΚΔΣ.
704 2479 910 2555 Ὁρᾶτε,
940 2484 1031 2532 καὶ
1061 2478 1394 2552 φυλάσσεσθε
1422 2475 1526 2531 ἀπὸ
1551 2478 1730 2538 πάσης
1759 2476 1895 2531 πλεοο

294 2570 483 2638 νεξίας,
511 2572 589 2623 ὅτι
614 2569 708 2623 ούκ
738 2568 788 2621 ἂν
813 2576 887 2641 τῷ
912 2570 1241 2642 περισσεύειν
1259 2571 1363 2620 τινὶ
1391 2568 1421 2625 ἠ
1450 2567 1558 2628 ζωὴ
1581 2566 1741 2619 αύτου
1768 2563 1907 2618 ἐστιν

296 2659 350 2713 ἐκ
395 2669 495 2712 τῶν
544 2661 890 2733 ὑπαρχόντων
938 2657 1099 2728 αύτῷ.
1158 2663 1328 2711 ΠΡΟΣ
1373 2661 1516 2710 ΤιΜ.
1562 2654 1626 2710 α’.
1680 2660 1908 2727 Κοσμεῖν

290 2748 479 2811 ἑαυτὰς
507 2753 581 2822 μὴ
626 2749 675 2801 ἐν
723 2747 1039 2820 πλέγμασιν,
1084 2746 1114 2806 ἣ
1162 2754 1373 2819 χρυσῷ,
1408 2746 1440 2805 ἣ
1471 2749 1845 2820 μαργαρίταις,
1874 2742 1904 2802 ἣ

292 2839 564 2912 ἱματισμῷ
604 2836 888 2890 πολυτελεῖ.
920 2835 1177 2909 Ἔχοντες
1216 2831 1506 2911 διατροφὰς
1546 2838 1639 2887 καὶ
1670 2833 1908 2887 σκεπάσ-

291 2924 451 3000 ματα,
486 2928 688 2986 τούτοις
715 2924 1174 2999 ἀρκεσθησόμεθα.

290 3032 413 3085 Ὀτι
438 3032 496 3085 ού
525 3028 611 3086 δεῖ
635 3037 890 3107 μεριμνᾷν
914 3041 1009 3094 τῆς
1041 3028 1182 3093 ἰδίας
1214 3034 1377 3084 ἕνεκεν
1407 3034 1618 3103 χρείας,
1651 3024 1777 3082 ὃύδὶ
1802 3034 1912 3088 τοῖς

2394 491 2570 563 juxta
2598 492 2837 549 Domini
2868 494 3257 552 sententiam.

2670 616 2874 686 Caput
2902 617 3018 674 III.

2078 754 2267 819 Beati.
2300 770 2623 829 pauperes,
2648 761 2794 833 quia
2834 764 3095 819 vestrum
3140 769 3226 820 est
3271 780 3526 836 regnum
3564 768 3680 825 Dei

2009 841 2176 916 (Luc.
2225 861 2304 914 vr,
2346 848 2529 917 20)....
2573 850 2672 907 Vae
2716 851 2880 908 vobis
2933 852 3241 923 divitibus,
3270 857 3415 927 quia
3442 856 3677 913 habetis

2009 936 2477 994 consolationem
2510 946 2765 998 vestram
2796 942 2964 1013 (ibid.
2990 945 3109 1007 24).
3127 986 3164 1001 ..
3187 945 3505 1003 Attissima
3522 962 3679 1017 pau-

2003 1031 2213 1095 pertas
2251 1041 2456 1083 eorum
2502 1030 2839 1088 abundavit
2876 1033 2941 1089 in
2987 1033 3232 1092 divitias
3268 1036 3678 1106 simplicitatis

2008 1128 2215 1171 eorum
2249 1116 2334 1175 (II
2364 1116 2505 1175 Cor.
2537 1135 2648 1189 vm,
2682 1125 2850 1181 2).....
2885 1122 3046 1180 Nam
3074 1125 3182 1195 qui
3216 1125 3428 1182 volunt
3468 1126 3681 1185 divites

2006 1204 2161 1273 ﬁeri,
2189 1204 2467 1262 incidunt
2490 1209 2554 1265 in
2586 1212 2993 1281 tentationem,
3022 1218 3080 1270 et
3101 1215 3162 1269 in
3197 1215 3502 1287 laqueum,
3528 1223 3584 1274 et
3614 1218 3680 1272 in

2009 1292 2311 1351 desideria
2355 1298 2551 1355 multa
2600 1301 2791 1357 stulta
2834 1308 2889 1358 ct
2936 1304 3172 1373 nociva,
3223 1320 3355 1375 qua:
3399 1311 3678 1378 mergunt

2011 1381 2279 1442 homines
2304 1387 2366 1441 in
2398 1387 2712 1446 interitum
2751 1394 2807 1447 et
2829 1391 3254 1461 perditionem.
3287 1395 3492 1452 Radix
3521 1397 3680 1454 enim

2010 1474 2274 1529 omnium
2300 1477 2602 1534 malorum
2638 1485 2722 1534 est
2753 1482 3044 1551 avaritia,
3084 1498 3267 1554 quam
3292 1485 3540 1555 quidam
3571 1501 3681 1556 ap-

2005 1567 2293 1632 petentes,
2320 1571 2673 1623 erraverunt
2698 1584 2735 1625 a
2762 1570 2904 1640 ﬁde,
2928 1577 2982 1627 et
3008 1571 3399 1631 inseruerunt
3429 1590 3491 1632 se
3513 1575 3676 1632 dolo-

2011 1652 2178 1709 ribus
2203 1655 2413 1740 ρεπιιιέ
2439 1655 2682 1729 (ΙξΤίηε.
2710 1675 2787 1726 τι,
2822 1661 2877 1725 9,
2906 1660 3018 1733 10).

2012 1885 2182 1952 Quod
2213 1901 2339 1942 non
2378 1891 2617 1961 Oportet
2649 1889 2972 1948 sollicitum
3003 1906 3133 1948 esse
3164 1892 3239 1950 de
3270 1894 3447 1968 copia
3478 1910 3678 1953 rerum

2084 1975 2163 2032 ad
2182 1975 2365 2032 vitam
2388 1979 2901 2037 necessariarum:
2928 1997 3124 2056 neque
3147 1984 3680 2058 saturitati,neque

2082 2066 2550 2137 magniﬁcentiae
2581 2068 2852 2127 studium
2891 2077 2985 2128 est
3020 2071 3518 2146 impertiendum,
3573 2075 3682 2133 sed

2083 2159 2321 2301 Opfrtet
2348 2171 2570 2229 purum
2594 2173 2727 2217 esse
2774 2160 2856 2218 ab
2894 2161 3063 2219 omni
3093 2163 3296 2236 specie
3326 2164 3595 2223 avarities
3625 2169 3685 2222 et

2086 2260 2159 2301 cu
2189 2250 2303 2301 tus.

2086 2250 2303 2302 cultus.

2676 2356 2876 2427 Caput
2919 2358 3026 2414 IV.

2097 2477 2316 2550 Videte,
2342 2485 2398 2536 et
2429 2486 2634 2538 cavete
2661 2480 2736 2538 ab
2768 2483 2934 2538 omni
2952 2482 3221 2540 avaritia
3253 2499 3275 2541 ,ο
3299 2485 3442 2555 quia
3467 2501 3589 2543 non
3617 2486 3680 2543 in

2015 2566 2398 2625 abundantia
2413 2571 2770 2642 cujusquam
2790 2574 2911 2627 vita
2933 2575 3063 2642 ejus
3082 2578 3169 2629 est
3189 2588 3265 2630 ex
3287 2573 3378 2629 his
3400 2591 3534 2647 quae
3551 2591 3683 2646 pos-

2014 2657 2167 2713 sidet
2192 2658 2357 2720 (Luc.
2383 2673 2473 2728 xn,
2507 2658 2713 2720 15).....
2738 2660 2975 2716 Ornare
3002 2676 3064 2717 se
3092 2678 3212 2718 non
3235 2664 3475 2719 intortis
3502 2662 3683 2721 crini-

2018 2747 2144 2819 bus,
2174 2754 2280 2804 aut
2309 2763 2480 2816 auro,
2513 2755 2623 2806 aut
2662 2752 3042 2822 margaritis,
3087 2755 3182 2809 vel
3222 2759 3378 2810 veste
3415 2756 3680 2824 pretiosa

2015 2837 2074 2908 (Ι
2097 2837 2250 2894 Tim.
2288 2855 2345 2905 ιι,
2379 2840 2550 2903 9).....
2583 2839 2889 2897 Habentes
2920 2842 3236 2912 alimenta,
3265 2848 3322 2899 et
3360 2844 3575 2917 quibus
3607 2850 3685 2902 te-

2016 2940 2256 2998 gamur,
2292 2926 2384 2983 his
2414 2930 2685 2985 contenti
2709 2931 2933 2986 erimus
2957 2932 3009 2992 (I
3033 2930 3181 2988 Tim.
3209 2949 3285 2999 vx,
3320 2936 3394 3004 8).

2021 3033 2195 3100 Quod
2244 3035 2550 3091 neminem
2601 3039 2839 3108 oportet
2895 3035 3215 3094 sollicitum
3275 3054 3413 3095 esse
3478 3040 3553 3097 de
3608 3040 3683 3098 iis

363 3124 765 3195 ἡτοιμασμένοις
790 3125 921 3197 πρὸς
966 3126 1054 3181 τὴν
1098 3140 1373 3196 παρουσαν
1408 3123 1547 3183 ζωὴν
1596 3116 1908 3186 ἑπελπίξειν,

2040 3122 2054 3130 “
2096 3124 2275 3196 269
2306 3141 2443 3198 quae
2483 3124 2597 3182 sibi
2640 3125 2753 3198 ipsi
2785 3131 2929 3182 sunt
2965 3128 3312 3184 necessaria
3345 3146 3359 3184 :
3393 3145 3591 3203 neque
3619 3131 3684 3189 in

362 3211 491 3266 ἀλλὰ
518 3219 590 3284 τῷ
621 3221 737 3286 Θεῷ
765 3209 1089 3267 ἀποδιδόναι
1111 3216 1178 3266 τὰ
1206 3212 1320 3266 καθ
1350 3211 1549 3266 ἑαυτόν.

960 3496 1149 3571 Κεφάλ.
1175 3494 1244 3553 Ε’.

364 3628 734 3679 ΜΑΤΘΑΙΟΣ.
788 3622 865 3675 Ού
908 3619 1138 3676 δύνασθε
1173 3630 1288 3695 Θεῷ
1338 3618 1604 3676 δουλεύειν
1642 3626 1732 3675 καὶ
1776 3642 1916 3696 μαμ-

293 3721 457 3790 μωνᾷ.
491 3717 586 3769 Διὰ
637 3733 787 3767 τουτο
834 3712 966 3785 λέγω
1019 3715 1162 3787 ὑμῖν,
1202 3717 1276 3787 μὴ
1329 3719 1610 3791 μεριμνᾶτε
1647 3720 1709 3787 τῇ
1753 3712 1909 3786 ψυχῇ

294 3809 439 3878 ὑμῶν
478 3809 529 3857 τί
558 3805 778 3878 φάγητε,
818 3808 910 3857 καὶ
950 3807 1003 3855 τί
1031 3808 1204 3874 πίητε,
1230 3800 1375 3877 μηδὲ
1418 3811 1492 3875 τῷ
1523 3808 1730 3877 σώματι
1769 3803 1914 3876 ὑμῶν

294 3897 347 3947 τί
373 3890 686 3953 ἐνδύσησθε.
718 3892 864 3966 Ούχὶ
911 3892 1140 3966 ἠυψυχὴ
1187 3892 1360 3947 πλεῖόν
1405 3892 1518 3946 ἔστι
1553 3899 1650 3954 τῆς
1694 3900 1911 3969 τροφῆς,

296 3987 388 4037 καὶ
416 3985 474 4035 τὸ
504 3992 658 4056 σῶμα
685 4001 779 4036 του
806 3978 1093 4056 ἐνδύματος
1116 4000 1132 4052 ;
1156 3981 1475 4056 Ἐμϐλέψατε
1505 3981 1580 4044 εἰς
1616 3983 1681 4034 τὰ
1709 3981 1915 4034 πετεινά

294 4091 386 4127 του
454 4072 695 4148 ούρανου,
752 4073 831 4125 ὅτι
886 4071 946 4125 ού
1006 4076 1336 4147 σπείρουσιν,
1400 4067 1526 4125 ούδὶ
1591 4069 1912 4150 θερίζουσιν,

295 4159 420 4216 ούδὶ
449 4163 770 4235 συνάγουσιν
807 4162 880 4224 εἰς
930 4159 1231 4226 ἀποθήκαςο
1277 4165 1368 4217 καὶ
1407 4163 1434 4214 ὁ
1482 4163 1664 4237 Πατὴρ
1712 4161 1857 4233 ὑμῶν
1886 4159 1914 4210 ὁ

295 4252 535 4328 οὐράνιος
573 4256 748 4328 τρέφει
804 4250 958 4306 αὐτὰ.
1018 4250 1142 4324 Ούχ
1189 4253 1337 4324 ὑμεῖς
1397 4250 1588 4324 μᾶλλον
1647 4245 1916 4324 διαφέρετε

299 4342 462 4396 αύτῶν
491 4358 505 4409 ;
534 4346 622 4401 Ti;
653 4337 713 4393 δε
744 4340 796 4403 ἐξ
840 4341 982 4413 ὑμῶν
1033 4349 1294 4414 μεριμνῶν
1344 4337 1566 4393 δύναται
1603 4340 1915 4413 προσθεῖναι

305 4429 390 4484 ἰπὶ
426 4435 520 4488 τήν
546 4429 753 4488 ἡλικίαν
794 4428 955 4481 αὐτοῦ
984 4436 1169 4502 πῆχυν
1218 4432 1343 4498 ἕνας
1394 4434 1496 4483 Καὶ
1523 4434 1643 4505 περὶ
1687 4425 1910 4502 ἐνδύμα-

300 4539 383 4581 τος
410 4523 462 4572 τί
491 4524 770 4594 μεριμνᾶτε
799 4535 813 4587 ;
846 4519 1183 4591 Καταμάθετε
1210 4520 1275 4572 τὰ
1302 4522 1456 4594 κρίνα
1491 4524 1582 4571 τοῦ
1614 4516 1780 4593 ἀγροῦ
1803 4525 1915 4579 πῶς

302 4610 549 4674 αύξείνεν
595 4607 654 4661 ού
701 4611 883 4680 κοπιᾷ,
931 4602 1056 4661 οὖδὶ
1084 4610 1252 4667 νήθει.
1295 4611 1435 4680 Λέγω
1476 4603 1536 4660 δῖ
1572 4605 1698 4680 ὖμῖν
1724 4627 1739 4641 ⁸
1788 4603 1913 4661 mm

302 4697 540 4773 Σολομὼν
580 4700 630 4751 ἓν
671 4699 819 4772 πάσῃ
864 4706 926 4772 τῇ
969 4694 1101 4771 δόξῃ
1157 4697 1316 4751 αὐτοῦ
1369 4694 1696 4770 περιεϐάλετο
1747 4696 1819 4757 ὡς
1864 4694 1914 4748 ἓν

301 4792 511 4846 τούτων.
539 4788 601 4843 Εἰ
631 4785 691 4841 δὲ
718 4791 805 4841 τὸν
829 4793 1027 4864 χόρτον
1055 4794 1150 4840 τοῦ
1177 4787 1361 4862 ἀγροῦ,
1396 4789 1624 4862 σήμερον
1652 4788 1794 4856 ὄντα,
1824 4788 1915 4838 καὶ

304 4882 484 4955 αὔριον
514 4879 585 4940 εἰς
627 4876 869 4930 κλίϐανον
899 4876 1237 4952 βαλλόμενον,
1270 4878 1297 4930 ό
1327 4879 1460 4939 Θεὸς
1498 4878 1659 4937 οὕτως
1696 4876 1914 4948 ἀμφιεν-

236 5014 247 5019 -
303 4985 474 5036 νυσιν,
523 4967 583 5019 ού
629 4966 802 5038 πολλῷ
846 4967 1036 5040 μᾶλλον
1084 4968 1244 5041 ὑμᾶς,
1291 4965 1658 5038 ὀλιγόπιστοις
1706 4969 1793 5024 Μὴ
1826 4960 1915 5017 οὖν

305 5058 668 5132 μεριμνήσητε
712 5056 956 5129 λέγοντεςο
1000 5062 1066 5111 Τί
1096 5059 1362 5131 φάγωμεν,
1406 5056 1438 5116 ἦ
1480 5061 1535 5109 τί
1562 5058 1777 5128 πίωμεν,
1809 5054 1841 5112 ἣ
1866 5057 1916 5106 τί

304 5146 705 5223 περιϐαλώμεθα
729 5147 842 5218 (10)
869 5165 883 5216 ;
921 5153 1101 5202 Ταῦτα
1125 5150 1229 5223 γὰρ
1266 5150 1435 5201 πάντα
1469 5149 1536 5201 τὰ
1581 5147 1700 5204 ἔθνη
1732 5145 1916 5208 ἐπιζη-

377 5323 969 5398 (6)Πίτ3.<]ι18ᾼθάίίὶθ
1007 5322 1258 5398 βασιλεία
1295 5333 1390 5378 τού
1431 5330 1584 5379 Θεοῦ.
1617 5325 1698 5398 At
1720 5319 1913 5379 nostri

377 5340 458 5397 (6)
488 5340 624 5384 Utra
672 5340 746 5382 ue
786 5340 969 5382 eaiuo
1007 5340 1258 5398 paetum
1295 5340 1390 5378 τού
1431 5340 1584 5379 Θεον.
1617 5340 1692 5380 At
1720 5340 1901 5379 nosm

309 5402 606 5478 πρε-αξξ..
623 5340 874 5478 βασιλεία
900 5417 1000 5478 των
1024 5395 1556 5478 ούρανῶμλνϐθηαῖη
1590 5395 1901 5478 caelorum.

378 5470 453 5542 (7)
507 5466 696 5548 Editio
732 5471 890 5548 δί’-θη.
949 5471 1008 5548 et
1047 5466 1409 5548 nostri'tres
1437 5484 1599 5548 mss.
1618 5466 1914 5548 ἁπλότητος

312 5537 495 5597 αὐτῶν.
539 5543 664 5598 Vox
693 5540 905 5597 ultima
946 5537 1153 5596 deerat
1181 5539 1242 5596 in
1273 5539 1535 5596 editione
1564 5537 1909 5596 Parisiensi.

382 5616 458 5686 (8)
510 5615 770 5687 Utraque
807 5610 989 5671 editio
1043 5610 1234 5675 πολλὰς
1289 5609 1565 5675 ἀνονήτους
1586 5654 1602 5685 ,
1660 5609 1912 5668 inutilia

2091 3213 2275 3270 rebus
2295 3229 2434 3287 quae
2456 3213 2536 3271 ad
2555 3219 2921 3289 praesentem
2942 3217 3127 3273 vitam
3148 3216 3493 3288 degendam
3520 3236 3684 3278 com-

2092 3308 2408 3377 parantur,
2441 3304 2797 3379 reponenda
2829 3322 2968 3379 spes
2999 3312 3110 3378 est,
3142 3306 3250 3365 sed
3280 3308 3373 3365 sui
3395 3325 3540 3367 cura
3562 3312 3682 3369 Deo

2094 3394 2535 3452 committenda
2565 3398 2673 3454 est.

2704 3556 2906 3627 Caput
2946 3557 3011 3615 V.

2091 3695 2231 3754 Non
2248 3699 2495 3768 potestis
2524 3700 2647 3756 Deo
2665 3701 2894 3758 servire
2913 3707 2969 3758 et
2992 3716 3367 3759 mammonae.
3387 3704 3522 3760 Ideo
3549 3704 3684 3763 dico

2022 3787 2209 3857 vobis,
2239 3805 2315 3846 ne
2336 3790 2589 3847 solliciti
2603 3790 2734 3847 sitis
2762 3791 2984 3849 animae
3011 3797 3223 3849 vestra
3254 3793 3401 3865 quid
3428 3795 3687 3851 mandu-

2022 3878 2182 3950 cetis,
2224 3884 2278 3935 et
2319 3879 2468 3950 quid
2505 3879 2742 3949 bibatis,
2790 3896 2980 3954 neque
3020 3883 3268 3952 corpori
3314 3888 3506 3940 vestro
3537 3885 3686 3956 quid

2020 3966 2385 4024 induamini.
2418 3969 2635 4026 Nonne
2678 3970 2887 4027 anima
2933 3970 3074 4041 plus
3103 3976 3189 4028 est
3233 3987 3416 4043 quam
3445 3987 3601 4040 esca,
3628 3979 3686 4031 et

2021 4071 2241 4126 corpus
2265 4058 2410 4126 plus
2437 4073 2619 4130 quam
2649 4062 3063 4116 vestimentum
3083 4063 3111 4114 φ
3138 4061 3436 4131 Respicite
3474 4063 3687 4120 volati-

2024 4148 2110 4204 lia
2139 4148 2289 4216 cali,
2311 4149 2595 4220 quoniam
2617 4164 2739 4206 non
2764 4154 2995 4219 serunt,
3010 4166 3201 4224 neque
3217 4157 3471 4222 metunt,
3496 4166 3687 4228 neque

2022 4243 2399 4310 congregant
2444 4240 2508 4295 in
2555 4238 2820 4296 horrea:
2852 4246 2910 4297 et
2951 4242 3150 4297 Pater
3189 4246 3384 4299 vester
3430 4244 3687 4301 caelestis

2018 4327 2218 4398 pascit
2263 4327 2399 4385 illa.
2429 4328 2648 4385 Nonne
2693 4343 2794 4385 vos
2842 4330 3034 4401 magis
3074 4330 3278 4398 pluris
3329 4333 3468 4388 estis
3512 4331 3689 4389 illis?

2025 4416 2166 4485 Quis
2191 4422 2394 4475 autem
2420 4424 2682 4475 vestrum
2713 4419 2972 4476 sollicite
2999 4421 3294 4491 cogitans,
3318 4427 3510 4491 potest
3531 4425 3685 4494 adji-

2023 4520 2157 4564 cere
2192 4506 2275 4563 ad
2319 4512 2624 4565 staturam
2669 4524 2844 4566 suam
2891 4509 3159 4565 cubitum
3208 4511 3442 4567 unum?
3490 4512 3568 4568 Et
3615 4512 3690 4569 de

2022 4596 2373 4655 vestimento
2413 4598 2562 4670 quid
2597 4599 2850 4655 solliciti
2887 4599 3075 4655 estis?
3123 4599 3515 4657 Considerate
3553 4602 3690 4659 lilia

2023 4687 2186 4758 agri,
2238 4688 2533 4761 quomodo
2576 4696 2857 4747 crescunt
2904 4706 2919 4745 :
2970 4704 3091 4746 non
3143 4689 3447 4755 laborant,
3498 4707 3690 4766 neque

2023 4784 2188 4835 nent.
2219 4779 2367 4835 Dico
2395 4785 2596 4836 autem
2636 4779 2802 4836 vobis
2834 4794 3066 4853 :neque
3102 4779 3391 4837 Salomon
3429 4781 3494 4838 in
3524 4784 3690 4839 omni

2021 4868 2226 4940 gloria
2249 4884 2363 4926 sua
2390 4876 2706 4940 coopertus
2727 4876 2811 4928 est
2840 4872 2996 4928 sicut
3017 4886 3203 4928 unum
3234 4885 3311 4930 ea:
3341 4873 3492 4929 istis.
3519 4872 3691 4940 Quod

2021 4958 2076 5014 si
2096 4958 2309 5028 fenum
2339 4960 2498 5030 agri,
2521 4960 2685 5031 quod
2710 4959 2888 5017 hodie
2908 4966 3017 5031 est,
3039 4966 3097 5018 et
3127 4975 3265 5018 cras
3284 4962 3349 5017 in
3376 4961 3686 5020 clibanum

2021 5047 2308 5115 mittitur,
2329 5049 2488 5105 Deus
2517 5049 2603 5105 sic
2632 5049 2830 5119 vestit,
2859 5064 2943 5107 an
2968 5065 3092 5107 non
3121 5051 3315 5108 multo
3334 5053 3531 5122 magis
3563 5068 3687 5125 vos,

2022 5138 2274 5195 modica
2297 5138 2487 5207 ﬁdei?
2521 5138 2729 5195 Nolite
2761 5154 2908 5211 ergo
2932 5141 3184 5198 solliciti
3207 5156 3348 5208 esse,
3380 5141 3643 5200 dicentes
3664 5156 3691 5201 .'

2025 5227 2184 5296 Quid
2210 5228 2734 5298 mandueabimus,
2784 5234 2893 5287 aut
2932 5230 3080 5302 quid
3111 5230 3395 5295 bibemus,
3426 5235 3535 5290 aut
3571 5248 3690 5306 quo

2021 5319 2218 5374 multa
2239 5317 2827 5392 desideria._Antiqui
2848 5318 3129 5392 tresiibri
3159 5319 3408 5391 perinde
3432 5327 3495 5378 ut
3519 5338 3692 5380 sacer

2023 5391 2220 5445 textus
2245 5388 2531 5459 vulgatus
2558 5387 2828 5453 ἀνοήτους,
2861 5391 3054 5448 stulta
3082 5387 3276 5448 multa
3300 5393 3625 5453 desideria.

2201 5461 2402 5540 Editio-
2420 5461 2922 5540 νεακπολυτέλειαν
2952 5464 3115 5540 ἔχεινξ
3150 5465 3473 5540 καθαρεύειν,
3503 5466 3685 5523 male.

2095 5483 2170 5529 (υ)
2201 5483 2389 5517 numo
2429 5483 2563 5519 ven.
2594 5483 2922 5514 πολυτελειαν
2952 5483 3115 5586 εόςειν·
3150 5483 3473 5540 καναρευειν,
3503 5483 3684 5523 male.

2024 5531 2216 5614 Editio
2272 5532 2457 5615 Paris.
2512 5532 2839 5615 πολυτέλειαν
2867 5553 2958 5615 μα
2997 5538 3216 5607 αρεύειν,
3276 5536 3478 5609 pejus.
3542 5540 3684 5609 Reg.

2023 5603 2230 5665 tertius
2257 5609 2323 5662 ut
2351 5603 2415 5662 in
2442 5609 2745 5676 contextu,
2777 5604 3028 5679 optime.
