4112 6378
434 271 539 329 771

1816 288 1874 343 S.
1923 286 2171 345 BASILH
2211 290 2431 348 MAGNI

3712 300 3816 354 772

435 397 816 465 aperientur?
863 402 1008 459 ch
1057 404 1211 461 enim
1261 405 1463 464 omnia
1506 413 1710 480 gentes
1742 412 2094 485 inquirunt.

2216 422 2311 471 τεῖ.
2349 413 2478 470 Οἵδε
2505 420 2606 493 γὰρ
2636 419 2662 470 ό
2690 420 2870 494 Πατὴρ
2902 420 3044 493 ὑμῶν
3092 422 3117 471 ό
3165 419 3423 496 οὖράνιος,
3464 421 3546 474 ὅτι
3589 421 3819 495 χρῄζετε

433 485 563 542 Scit
607 491 763 546 enim
799 493 987 549 Pater
1012 502 1208 553 vester
1235 498 1505 567 caelestis,
1533 501 1677 573 quia
1708 503 1798 559 his
1829 504 2103 561 omnibus

434 575 740 649 indigetis.
778 581 1035 649 Quaerite
1072 593 1275 645 autem
1299 589 1566 658 primum
1597 607 1849 663 regnum
1888 595 2020 664 Dei,
2049 600 2103 652 et

425 666 739 736 justitiam
776 675 903 742 ejus
940 689 964 732 .'
999 681 1053 732 et
1102 676 1220 733 hac
1264 680 1468 736 omnia
1509 681 1881 751 adjicientur
1907 683 2094 741 vobis.

434 755 642 815 Nolite
667 774 807 832 ergo
846 765 1098 821 solliciti
1133 781 1253 823 esse
1291 769 1354 824 in
1402 771 1735 828 crastinum
1763 790 1774 827 :
1801 776 2104 832 crastinus

437 849 594 905 enim
626 850 750 908 dies
779 855 1080 911 sollicitus
1107 859 1222 914 erit
1251 858 1366 914 sibi
1388 860 1542 929 ipsi:
1576 863 1806 932 sufﬁcit
1837 864 1961 921 diei
1979 880 2105 920 ma-

439 938 577 996 litia
591 955 705 997 sua
726 943 967 1010 (Matth.
988 962 1064 1012 v1,
1090 950 1180 1015 24,
1206 950 1365 1019 34)...
1388 948 1668 1009 Hominis
1687 954 2001 1026 cujusdam
2020 957 2105 1011 di-

436 1029 578 1085 vitis
602 1030 811 1090 uberes
834 1036 1075 1104 fructus
1095 1052 1243 1109 ager
1266 1040 1497 1110 attulit,
1520 1048 1573 1097 et
1601 1044 1907 1114 cogitabat
1938 1045 2106 1102 intra

435 1134 515 1190 se,
549 1119 791 1179 dicens:
819 1126 975 1193 Quid
993 1127 1245 1199 faciam,
1285 1131 1429 1203 quia
1458 1147 1580 1187 non
1613 1132 1800 1190 habeo
1837 1151 1952 1207 quo
1974 1151 2107 1192 con-

436 1223 677 1281 gregem
702 1214 945 1284 fructus
981 1230 1140 1275 meos
1160 1221 1187 1273 .7
1212 1220 1293 1275 Et
1325 1221 1528 1278 dixit:
1560 1220 1687 1279 Hoc
1708 1223 1980 1293 faciam:
2008 1223 2107 1283 de-

437 1306 670 1359 struam
697 1303 914 1362 horrea
945 1322 1096 1375 mea,
1121 1314 1175 1365 et
1206 1312 1448 1381 majora
1487 1319 1824 1384 exstruam,
1852 1320 1907 1371 et
1953 1315 2106 1372 illuc

438 1394 817 1464 congregabo
849 1400 1054 1454 omnia
1103 1414 1236 1471 qua:
1287 1407 1435 1458 nata
1476 1408 1618 1459 sunt
1661 1404 1828 1469 mihi,
1862 1409 1916 1461 et
1954 1403 2106 1460 bona

434 1495 587 1537 mea.
612 1481 687 1537 Et
711 1483 908 1541 dicam
945 1490 1165 1544 anima:
1200 1503 1344 1546 meae
1367 1507 1379 1544 :
1404 1491 1652 1561 Anima,
1688 1492 1867 1549 habes
1912 1494 2107 1550 multa

434 1568 589 1627 bona
607 1575 867 1643 reposita
888 1576 952 1632 in
975 1592 1168 1635 annos
1176 1579 1474 1649 plurimos
1489 1598 1502 1637 :
1518 1581 2103 1654 requiesce,comede,

436 1658 585 1725 bibe,
620 1662 831 1721 laetare
869 1665 1037 1736 (Luc.
1073 1684 1166 1739 xu,
1204 1672 1410 1742 16-19),
1434 1675 1491 1726 et
1521 1675 1785 1729 caetera"
1808 1672 2107 1729 Divitibus

2212 508 2402 559 τούτων
2434 509 2658 564 πάντων.
2704 516 2910 567 Ζητεῐτε
2958 504 3017 563 δὲ
3058 518 3256 585 πρῶτον
3296 516 3389 570 τὴν
3421 510 3696 584 βασιλείαν
3724 520 3818 565 τοῦ

2213 601 2361 664 Θεοῦ,
2407 606 2499 651 καί
2548 602 2640 657 τὴν
2695 595 3038 660 δικαιοσύνην
3085 600 3266 670 αὐτοῦ,
3298 607 3389 654 καὶ
3437 622 3602 655 ταυτα
3653 605 3823 656 πάντα

2213 691 2632 763 προστεθήσεται
2681 691 2822 763 ὑμῖν.
2891 695 2977 749 Μὴ
3029 687 3116 747 οὖν
3174 697 3528 771 μεριμνήσητε
3587 692 3660 754 εἰς
3725 697 3820 753 τὴν

2214 776 2414 853 αὔριον*
2448 779 2478 837 ἡ
2529 781 2630 855 γὰρ
2664 783 2843 855 αὔριον
2899 786 3208 856 μεριμνήσει
3259 784 3326 835 τὰ
3372 782 3578 844 ἑαυτῆς·
3608 780 3822 859 ἀρκετόν

2213 874 2276 940 τῇ
2325 869 2551 943 ἡμέρᾳή
2601 875 2761 923 κακία
2804 870 2988 932 αὐτῆς.
3032 876 3319 928 ΛΟΥΚΑΣ.
3349 870 3650 945 Ἀνθρώπου
3679 876 3822 941 τινός

2213 956 2468 1011 πλουσίου
2500 958 2782 1032 εὐφόρησεν
2825 962 2855 1019 ἡ
2895 968 3071 1037 χώρα,
3114 966 3204 1017 καὶ
3232 957 3546 1033 διελογίζετο
3577 958 3625 1015 ἐν
3656 961 3821 1034 ἐαυτῷ

2213 1046 2413 1120 λέγων’
2464 1052 2527 1103 Τί
2564 1054 2792 1116 ποιήσω,
2851 1051 2932 1103 ὅτι
2984 1050 3079 1105 οὐκ
3131 1054 3241 1125 ἔχω
3287 1072 3387 1107 που
3444 1052 3648 1115 συνάξω
3700 1056 3822 1117 τοὺς

2214 1142 2447 1215 καρπούς
2494 1157 2634 1212 pou;
2687 1144 2787 1192 Καὶ
2818 1136 2925 1194 εἶπε
2949 1162 2961 1174 ·
3001 1147 3167 1196 Τουτο
3212 1148 3422 1202 ποιήσω
3446 1163 3458 1175 ·
3493 1141 3693 1196 καθελῶ
3721 1161 3822 1215 μου

2212 1231 2302 1291 τὰς
2333 1227 2626 1295 ἀποθήκας,
2658 1232 2747 1281 καὶ
2795 1230 3037 1303 μείζονας
3085 1228 3447 1305 οἰκοδομήσω,
3488 1236 3578 1285 καὶ
3619 1232 3823 1296 συνάξω

2217 1318 2322 1373 ἐκεῖ
2345 1321 2511 1372 πάντα
2540 1322 2605 1372 τὰ
2629 1322 2920 1393 γεννήματα
2958 1341 3059 1394 μου
3092 1323 3207 1393 (ii)
3254 1326 3343 1375 καὶ
3385 1325 3450 1376 τά
3482 1320 3651 1393 ἀγαθά
3680 1343 3782 1396 μου
3806 1342 3820 1357 ·

2215 1415 2305 1463 καὶ
2355 1409 2450 1485 ἐρῶ
2505 1417 2566 1483 τῇ
2623 1409 2777 1483 ψυχῇ
2829 1429 2968 1482 μου·
3032 1412 3214 1483 Ψυχή,
3257 1414 3396 1485 ἔχεις
3442 1411 3606 1466 πολλὰ
3650 1409 3825 1485 ἀγαθὰ

2215 1504 2424 1573 κείμενα
2464 1500 2536 1562 εἰς
2583 1504 2671 1559 ἔτη
2723 1500 2887 1554 πολλοὶ
2911 1522 2923 1533 ·
2972 1499 3264 1573 ἀναπαύου,
3296 1505 3444 1575 φάγε,
3476 1506 3580 1571 πίε,
3616 1501 3825 1576 εὐφραί-

2216 1609 2304 1644 νου
2336 1590 2474 1661 (12),
2521 1594 2609 1642 καὶ
2642 1591 2707 1643 τὰ
2739 1589 2871 1654 ἑξῆς.
2916 1598 3087 1646 ΠΡΟΣ
3125 1597 3268 1647 ΤΙΜ.
3310 1589 3373 1646 α’.
3403 1598 3525 1655 Τοῖς
3554 1591 3827 1659 πλουσίοις

2217 1699 2310 1733 του
2357 1701 2446 1732 νυν
2501 1680 2687 1743 αἰῶνος
2731 1680 3054 1754 παράγγελλε
3097 1685 3169 1756 μὴ
3229 1680 3637 1757 ὑψηλοφρονεῖν,
3686 1679 3829 1755 μηδὲ

435 1748 619 1819 hujus
659 1756 867 1809 saeculi
895 1758 1158 1827 praecipe
1199 1775 1320 1814 non
1361 1760 1615 1818 sublime
1651 1777 1882 1832 sapere,
1918 1778 2098 1835 neque

2218 1770 2492 1829 ἠλπικέναι
2521 1770 2605 1823 ἐπὶ
2623 1770 2846 1824 πλούτου
2888 1768 3199 1839 ἀδηλότητι,
3236 1769 3345 1823 ἀλλ’
3376 1770 3459 1824 ἐπὶ
3486 1780 3558 1842 τῷ
3599 1780 3713 1843 Θεῷ
3753 1781 3827 1845 τῷ

432 1853 682 1911 sperare
694 1842 755 1897 in
778 1844 1007 1901 incerto
1024 1846 1402 1918 divitiarum,
1415 1850 1519 1906 sed
1529 1852 1589 1905 in
1598 1851 1720 1909 Deo
1737 1852 1843 1922 qui
1854 1857 2108 1922 prastat

435 1927 605 1985 nobis
634 1935 838 1988 omnia
881 1933 1125 1992 abunde
1154 1937 1236 1997 ad
1256 1938 1593 2008 fruendum
1624 1939 1687 2010 (Ι
1711 1941 1861 1997 Tim.
1884 1957 1955 2014 v1,
1984 1943 2097 2013 17).

439 2056 619 2120 Quod
668 2058 1024 2119 adhibenda
1053 2062 1125 2119 sit
1156 2078 1300 2121 cura
1330 2070 1388 2123 et
1427 2065 1772 2125 sollicitudo
1800 2068 1962 2127 circa
1986 2069 2107 2127 fra-

513 2150 675 2204 trum
702 2151 1131 2210 necessitatem
1177 2155 1518 2213 secundum
1551 2158 1793 2215 Domini
1832 2158 2108 2217 volunta-

510 2238 655 2294 tem.

1103 2383 1304 2457 Caput
1343 2386 1440 2444 VI.

518 2520 738 2596 Venite,
776 2523 1073 2585 benedicti
1088 2530 1296 2587 Patris
1325 2533 1461 2601 mei,
1493 2534 1788 2604 possidete
1810 2541 2107 2605 paratum

436 2611 600 2670 vobis
613 2629 865 2686 regnum
883 2632 922 2674 a
941 2620 1372 2678 constitutione
1391 2624 1632 2679 mundi.
1657 2625 1911 2682 Esurivi
1925 2628 2105 2697 enim,

435 2707 491 2758 et
510 2701 764 2761 dedistis
783 2705 934 2763 mihi
954 2708 1364 2767 manducare:
1388 2712 1574 2781 sitivi,
1601 2718 1657 2770 et
1677 2713 1926 2772 dedistis
1956 2716 2110 2791 mihi

437 2789 675 2851 bibere:
713 2793 924 2866 hospes
953 2812 1144 2864 eram,
1176 2807 1234 2856 et
1259 2801 1588 2872 collegistis
1620 2818 1710 2861 me
1742 2822 1754 2860 :
1788 2805 2011 2876 nudus,
2052 2789 2108 2864 et

435 2882 827 2950 cooperuistis
857 2899 981 2942 me:
1006 2887 1307 2958 inﬁmus,
1340 2895 1394 2945 et
1418 2891 1710 2949 visitastis
1731 2908 1856 2949 me:
1882 2896 1946 2950 in
1976 2910 2106 2952 car-

436 2983 573 3026 cere
594 2986 779 3043 eram,
814 2979 870 3030 et
897 2976 1150 3031 venistis
1181 2976 1262 3033 ad
1307 2994 1396 3036 me
1436 2980 1676 3049 (Matth.
1712 2998 1853 3053 xxv,
1882 2986 2094 3055 34-36).

434 3056 500 3114 Et
527 3059 712 3131 paulo
741 3067 879 3134 post
911 3079 924 3118 :
958 3064 1150 3121 Amen
1181 3066 1315 3122 dico
1352 3067 1534 3141 vobis,
1568 3071 1844 3141 quandiu
1872 3074 2102 3144 fecistis

431 3148 545 3204 uni
569 3163 647 3207 ea:
694 3133 787 3208 his
831 3152 1139 3222 fratribus
1178 3157 1323 3213 meis
1368 3159 1655 3231 minimis,
1683 3161 1838 3218 mihi
1872 3163 2102 3231 fecistis
2134 3133 2175 3191 δ

434 3237 604 3309 (ibid.
653 3241 822 3307 4ο)...
874 3240 1026 3300 Cum
1069 3243 1437 3303 sublevasset
1475 3264 1617 3320 ergo
1667 3250 1871 3306 oculos
1923 3251 2101 3325 270

430 3325 626 3395 Jesus,
658 3333 717 3385 et
764 3331 1009 3389 vidisset
1037 3333 1200 3404 quod
1245 3335 1426 3392 turba
1456 3338 1654 3394 multa
1693 3340 1855 3396 venit
1889 3340 1972 3398 ad
2018 3357 2099 3409 se,

433 3417 582 3473 dicit
604 3419 687 3474 ad
703 3420 1063 3491 Philippum
1089 3440 1102 3479 :
1136 3424 1304 3481 Unde
1328 3440 1586 3483 ememus
1602 3443 1818 3499 panes,
1839 3436 1905 3486 ut
1931 3447 2099 3489 man-

434 3503 654 3563 ducent
686 3508 794 3565 hi.’
822 3511 1022 3580 (Joan.
1052 3529 1134 3585 v1,
1164 3512 1218 3584 5)
1247 3520 1304 3571 et
1331 3505 1630 3589 reliqu'a...
1664 3520 1753 3575 De
1777 3521 2103 3579 collatione

433 3600 633 3652 autem
671 3613 804 3670 quas
828 3601 899 3669 ﬁt
920 3601 985 3657 in
1014 3608 1276 3674 sanctos,
1305 3604 1460 3661 sicut
1493 3594 1780 3664 ordinavi
1816 3610 2101 3667 Ecclesiis

435 3683 716 3754 Galatiae,
768 3688 854 3744 ita
906 3694 960 3747 et
1014 3705 1117 3747 vos
1154 3692 1363 3762 facite.
1413 3693 1489 3749 In
1534 3708 1661 3752 una
1697 3696 2097 3757 Sabbatorum

432 3777 850 3849 unusquisque
876 3785 1143 3837 vestrum
1179 3782 1349 3851 apud
1382 3797 1446 3840 se
1463 3791 1736 3857 seponat,
1769 3789 2099 3847 recondens

432 3864 594 3935 quod
612 3880 727 3935 per
749 3867 1084 3937 facultates
1116 3870 1364 3927 licuerit
1394 3887 1410 3927 :
1441 3878 1509 3929 ut
1538 3888 1661 3931 non
1688 3891 1826 3933 cum
1855 3891 2094 3948 venero,

432 3956 581 4012 tunc
611 3955 969 4027 saltationes
991 3959 1149 4027 ﬁant
1170 3960 1225 4020 (Ι
1242 3959 1383 4017 Cor.
1414 3976 1534 4032 xm,
1567 3963 1618 4033 1,
1640 3964 1717 4037 2).

435 4112 610 4180 Quod
637 4114 689 4173 is
736 4116 843 4190 qui
871 4116 1103 4177 viribus
1132 4119 1425 4194 prmditus
1463 4128 1555 4182 est
1583 4124 1807 4187 debeat
1833 4129 2095 4201 operari,

506 4206 565 4261 et
588 4203 822 4278 aliquid
841 4206 1137 4282 impertiri
1163 4210 1600 4284 indigentibus.
1635 4216 1749 4283 Qui
1776 4216 1939 4275 enim
1970 4232 2096 4277 non

505 4294 636 4353 vult
663 4299 926 4373 operari,
957 4315 1159 4376 neque
1185 4303 1413 4376 dignus
1463 4310 1555 4365 est
1598 4308 1706 4382 qui
1741 4309 2094 4370 manducet.

1076 4517 1279 4590 Caput
1316 4518 1448 4579 VII.

500 4655 739 4729 Dignus
749 4663 1160 4731 estoperarius
1175 4664 1306 4721 cibo
1324 4681 1432 4723 suo
1453 4666 1698 4739 (Matth.
1712 4684 1766 4736 κ,
1784 4671 1915 4742 10)..
1928 4710 1943 4727 .
1959 4671 2093 4730 Om-

434 4748 547 4805 nia
584 4750 821 4807 ostendi
839 4751 1026 4823 vobis,
1050 4756 1336 4826 quoniam
1355 4758 1442 4813 sic
1464 4756 1826 4828 laborantes,
1859 4768 2093 4832 oportet

432 4840 736 4910 suscipere
771 4842 1076 4913 inﬁrmos,
1114 4860 1187 4902 ac
1227 4848 1565 4905 meminisse
1603 4850 1787 4907 verba
1832 4850 2092 4924 Domini,

431 4931 717 5007 quoniam
748 4932 875 5002 ipse
895 4932 1061 4990 dixit
1094 4950 1107 4988 :
1135 4934 1391 4994 Beatius
1407 4942 1493 4995 est
1520 4938 1694 5009 dare,
1728 4955 1908 5012 quam
1930 4942 2093 4999 acci-

426 5033 572 5088 pere
585 5020 743 5092 (Act.
761 5037 851 5086 xx,
869 5023 1007 5095 35)..
1019 5065 1032 5079 .
1049 5024 1167 5093 Qui
1170 5026 1671 5099 furabatur,jam
1687 5044 1808 5086 non
1819 5030 2091 5101 furetur:

431 5111 625 5182 magis
634 5116 836 5169 autem
848 5112 1079 5171 laboret
1088 5116 1397 5184 operando
1407 5118 1687 5177 manibus
1696 5119 1858 5191 quod
1873 5121 2093 5181 bonum

505 5326 639 5406 (i9)
663 5327 939 5406 Utreque
976 5327 1651 5406 ᾷᾴἱῐὶρ-περιϐαλλώμεθα.
1694 5333 1835 5405 Reg.
1883 5333 2091 5393 tertius

432 5396 849 5471 περιϐαλώμεθαῖ
884 5400 1093 5458 Statim
1124 5396 1288 5458 idem
1310 5396 1506 5460 codex'
1529 5407 1723 5459 τούτων
1754 5396 2017 5465 ἁπάντων.

506 5470 805 5553 (ίίλΕάᾷῐὶ
834 5471 1085 5553 perinde
1109 5479 1175 5530 ut
1204 5477 1562 5553 mss._nostri
1587 5480 1855 5552 γενήματα
1879 5482 2092 5553 μου.Αι

433 5543 1139 5624 saeef‘tgxtus’vulgatus
1170 5547 1337 5624 apud
1363 5543 1925 5624 μηςᾱιῃγεννήματὰ.

501 5612 618 5684 (42)
649 5616 788 5672 Post
815 5612 1030 5674 vocem
1056 5612 1333 5692 εάφραῑνου
1362 5619 1447 5678 ita
1465 5612 1684 5693 legitur
1711 5612 1775 5680 in’
1800 5625 1945 5696 Reg.
1975 5627 2089 5682 ter-

2216 1863 2504 1935 παρέχοντι
2526 1862 2654 1934 ἡμῖν
2681 1864 2747 1915 τὰ
2776 1863 2947 1915 πάντα
2971 1861 3235 1925 πλουσίως
3260 1861 3328 1923 εἰς
3357 1860 3669 1918 ἀπόλαυσιν.

2214 2076 2337 2131 Ὀτι
2368 2073 2453 2131 δεῖ
2482 2077 2773 2152 φροντίζειν
2802 2078 2892 2130 καὶ
2921 2082 3173 2151 μεριμνᾷν
3206 2082 3325 2152 περὶ
3350 2084 3441 2139 τῆς
3468 2086 3571 2131 τῶν
3598 2074 3828 2154 ἀδελφῶν

2500 2172 2687 2243 χρείας
2712 2169 2851 2221 κατά
2879 2169 2938 2221 τό
2970 2167 3171 2241 θέλημα
3198 2188 3290 2222 του
3323 2172 3542 2245 Κυρίου.

2879 2398 3068 2473 Ksed).
3097 2399 3163 2466 ς’.

2288 2548 2657 2600 ΜΑΤΘΛΙΟΣ.
2710 2548 2882 2609 Δευτε,
2937 2545 2989 2596 οἱ
3034 2543 3093 2597 εὖ
3144 2542 3425 2617 Magium
3477 2564 3573 2600 του
3630 2550 3831 2622 Πατρός

2213 2655 2339 2710 μου,
2369 2634 2797 2709 κληρονομήσατε
2822 2636 2913 2693 τὴν
2950 2635 3345 2707 ἡτοιμασμένην
3384 2636 3507 2708 ὑμῖν
3554 2635 3829 2691 Βασιλείαν

2216 2724 2318 2783 ἀπὸ
2348 2721 2639 2785 καταϐολῆς
2662 2728 2867 2797 κόσμου
2890 2744 2904 2759 α
2940 2722 3189 2779 ἐπείνασει
3212 2726 3336 2800 γὰρ,
3368 2729 3458 2778 καὶ
3482 2722 3718 2780 ἐδώκατε
3736 2745 3831 2800 μοι

2214 2823 2427 2891 φαγεῖν·
2461 2811 2720 2886 ἐδίψησα,
2767 2817 2859 2868 καὶ
2906 2813 3187 2869 ἐποτίσατί
3228 2832 3319 2887 με.
3361 2813 3501 2877 ξένος
3531 2817 3697 2889 ἥμην,
3730 2822 3826 2870 καὶ

2216 2908 2537 2979 συνηγάγετέ
2568 2924 2650 2977 με·
2690 2907 2905 2978 γυμνός,
2941 2909 3032 2961 καὶ
3061 2902 3387 2980 περιεϐάλετέ
3414 2925 3497 2978 με⁸
3531 2905 3824 2966 ἠσθένησα,

2213 3001 2305 3051 καὶ
2342 2995 2703 3067 ἐπεσκέψασθέ
2727 3015 2811 3068 με’
2840 2995 2892 3048 ἐν
2916 2994 3115 3068 φυλακῇ
3161 2998 3321 3068 ἤμην,
3354 2999 3444 3049 καὶ
3489 2996 3669 3055 ἤλθετε
3697 3001 3826 3072 πρός

2213 3106 2297 3160 με.
2341 3091 2442 3141 Καὶ
2478 3086 2588 3159 μετ’
2625 3085 2804 3158 ὀλίγα·
2838 3084 3003 3159 ’Δμὴν
3031 3084 3160 3158 λέγω
3205 3086 3347 3158 ὑμῖν,
3400 3082 3472 3159 ἐφ’
3496 3087 3615 3140 ὅσον
3643 3086 3816 3143 ἐποιή-

2216 3196 2342 3231 σατε
2407 3176 2478 3230 ἑνὶ
2542 3179 2736 3230 τούτων
2801 3183 2899 3230 τῶν
2976 3171 3211 3247 ἀδελφῶν
3277 3194 3378 3248 μου
3444 3184 3541 3230 τῶν
3606 3173 3819 3248 ἐλαχὶσο

2212 3286 2332 3335 των,
2390 3266 2503 3340 ἐμοὶ
2551 3265 2845 3325 ἐποιήσατε.
2908 3270 3228 3320 ΙΩΑΝΝΗΣ.
3257 3252 3505 3339 "Enipei;
3552 3261 3639 3318 οὖν
3703 3267 3823 3326 τοὺς

2213 3356 2509 3431 ὀφθαλμοὺς
2542 3358 2567 3409 ό
2599 3354 2828 3423 Ἰησοῦς,
2861 3359 2951 3409 καὶ
2979 3357 3315 3429 θεασάμενος,
3358 3356 3441 3408 ὅτι
3468 3354 3625 3417 πολὺς
3664 3353 3824 3427 ὄχλος

2210 3449 2425 3523 ἔρχεται
2452 3449 2581 3521 πρὸς
2629 3444 2805 3515 αὐτὸν,
2850 3445 2989 3518 λέγει
3034 3448 3162 3521 πρὸς
3209 3446 3297 3497 τὸν
3348 3445 3621 3499 Φίλιππον·
3662 3445 3822 3498 Πόθεν

2211 3535 2537 3613 ἀγοράσομεν
2565 3537 2781 3610 ἄρτους,
2818 3537 2906 3589 ἶνα
2948 3535 3185 3607 φάγωσιν
3226 3533 3369 3586 οὗτοι
3399 3551 3413 3601 ;
3447 3539 3539 3587 καὶ
3582 3534 3648 3588 τὰ
3688 3531 3820 3597 ἑξῆς.

2208 3632 2380 3681 ΠΡΟΣ
2435 3631 2584 3681 KOP.
2638 3620 2703 3681 α’.
2764 3629 2891 3699 Περὶ
2946 3620 3006 3677 δι
3059 3632 3160 3686 τῆς
3218 3622 3399 3693 λογίας
3446 3629 3543 3684 τῆς
3583 3621 3656 3685 εἰς
3704 3625 3825 3684 τοὺς

2209 3715 2412 3790 ἁγίους,
2442 3721 2618 3791 ὥσπερ
2648 3712 2865 3778 διέταξα
2888 3719 3005 3776 ταῖς
3037 3710 3374 3772 Ἐκκλησίαις
3408 3718 3506 3773 τῆς
3544 3709 3823 3779 Γαλατίας,

2208 3810 2344 3862 οὕτω
2372 3811 2463 3860 καὶ
2490 3808 2636 3879 ὑμεῖς
2662 3809 2941 3863 ποιήσατε.
2968 3803 3115 3856 Κατὰ
3138 3805 3262 3874 μίαν
3298 3798 3574 3853 Σαϐϐάτων
3600 3800 3826 3864 ἕκαστος

2206 3899 2351 3972 ὑμῶν
2377 3895 2503 3972 παρ’
2525 3896 2693 3967 ἑαυτῷ
2720 3894 2929 3960 τιθέτω,
2963 3890 3302 3965 θησαυρίζων
3321 3890 3349 3943 ὅ
3365 3906 3418 3944 τι
3446 3888 3508 3943 ἂν
3540 3886 3819 3945 εὐοδῶταιο

2207 3988 2292 4042 ἶνα
2315 3991 2411 4062 μή,
2446 3988 2569 4041 ὅταν
2598 3985 2752 4053 ἔλθω,
2780 3987 2898 4038 τότε
2925 3979 3099 4056 λογίαι
3125 3985 3386 4055 γίνωνται.

2203 4147 2327 4205 Ὀτι
2351 4145 2436 4204 δεῖ
2474 4149 2564 4203 τὸν
2607 4143 2845 4209 δυνατῶς
2883 4146 3078 4219 ἔχοντα
3105 4143 3449 4220 ἐργαζόμενον
3473 4137 3822 4217 μεταδιδόναι

2276 4244 2389 4302 τοῖς
2416 4241 2606 4315 χρείαν
2651 4237 2894 4310 ἔχουσινο
2924 4235 3115 4317 om
3166 4238 3242 4309 μὴ
3290 4232 3450 4290 θέλειν
3496 4232 3821 4309 ἐργάζεσθαι

2275 4325 2403 4384 οὐδε
2427 4334 2523 4383 τοῦ
2551 4333 2733 4403 φαγεῖν
2756 4325 2903 4392 ἄξιος
2931 4325 3135 4402 ἐκρίθη.

2871 4538 3064 4617 Κεφάλ.
3096 4536 3168 4595 2⁸.

2271 4692 2644 4747 ΜΔΤΘΔῙΟΣ.
2701 4684 2886 4751 ’Ἄξιος
2933 4686 2963 4739 ὁ
3023 4682 3247 4757 ἱργοὶτης
3307 4687 3404 4745 τῆς
3467 4687 3658 4754 τροφῆς
3723 4676 3816 4732 az}—

2199 4798 2321 4838 του.
2386 4781 2683 4836 ΠΡΔΞΕῙΣ.
2741 4776 2922 4831 Πάντα
2977 4769 3230 4834 ὑπέδειξα
3293 4771 3416 4844 ὑμῖν
3448 4812 3463 4837 ,
3530 4771 3614 4824 ὅτι
3676 4767 3816 4822 οὕτω

2200 4878 2497 4931 κοπιῶντας
2593 4863 2680 4922 δεῖ
2778 4860 3249 4936 ἀντιλαμϐάνεσθαι
3339 4865 3441 4913 τῶν
3534 4857 3815 4913 ἀσθενούν-

2199 4978 2322 5030 των,
2387 4958 2727 5033 μνημονεύειν
2784 4972 2842 5008 τε
2901 4960 3003 5007 τῶν
3066 4950 3233 5024 λόγων
3290 4969 3383 5004 του
3448 4952 3666 5025 Κυρίου,
3730 4949 3816 5003 ὅτι

2201 5052 2358 5113 αὐτὸς
2431 5049 2576 5103 εἷπε·
2652 5044 2926 5120 Μακάρων
3015 5040 3132 5096 ἑστι
3224 5036 3440 5096 διδόναι
3513 5038 3705 5113 μᾶλλον
3779 5038 3811 5097 ἦ

2199 5139 2500 5215 λαμϐάνειν.
2604 5141 2777 5191 ΠΡΟΣ
2870 5138 3053 5191 ΕΦΕΣ.
3131 5130 3190 5186 Ὀ
3287 5130 3521 5186 κλέπτων
3622 5131 3816 5202 μηκέτι

2200 5350 2283 5408 tio
2315 5351 2372 5406 et
2396 5348 2461 5405 in
2489 5360 2640 5406 mss.
2679 5342 2807 5401 Εἶπε
2837 5341 2897 5399 δὲ
2927 5340 3065 5416 αὖτῷ
3150 5345 3361 5402 Θεός....
3393 5332 3806 5416 Titanius-naba-

2246 5438 2337 5479 uaa
2367 5419 2557 5502 verba
2594 5417 2800 5502 videre
2839 5412 3057 5502 cui-‘qué
3094 5412 3427 5502 licetapud
3442 5413 3676 5502 ~Lucem
3699 5424 3806 5501 κη,

2236 5487 2290 5551 Ὁ.
2331 5496 2452 5552 Hoc
2481 5492 2616 5566 ipso
2644 5490 2708 5548 in
2753 5489 2889 5549 loco
2921 5482 3066 5559 R-eg.
3106 5482 3344 5560 primus
3380 5489 3492 5547 τοῖς
3528 5482 3807 5546 πλουσίοις

2198 5567 2247 5622 ἐν
2279 5574 2351 5640 τῷ
2380 5572 2468 5620 νῦν
2499 5563 2667 5619 αἰῶνι.
