4112 6382
258 351 356 404 781

1778 349 2112 406 ΜΟΒΑΙΛΑ.

3517 372 3620 426 782

266 478 588 549 τακέκριται·
643 477 724 526 ὅτι
785 474 880 526 οὐκ
951 473 1005 525 ἐκ
1071 490 1314 532 πιστεως.
1378 478 1486 523 Πᾶν
1555 471 1614 525 δὲ
1679 475 1702 524 ὃ
1768 474 1862 526 οὐκ

1992 482 2153 532 iatus
2183 484 2290 545 est,
2311 481 2453 551 quia
2484 497 2602 536 non
2626 498 2700 538 ex
2716 485 2855 553 fide.
2882 486 3066 543 Omne
3093 467 3308 558 autem,
3333 495 3494 564 quod
3508 513 3628 553 non

266 561 321 613 ἐκ
367 568 613 630 πίστεως,
675 563 907 637 ἁμαρτία
976 562 1138 618 ἐστίν.
1200 568 1366 613 ΙΙΡ(’)Σ
1416 568 1572 616 KOA.
1645 563 1704 614 Εἰ
1756 562 1861 615 ἀπ-

267 652 466 703 εθάνετε
523 656 617 702 σὺν
682 659 902 726 Χριστῷ
960 649 1062 703 ἀπὸ
1125 657 1224 701 τῶν
1289 655 1564 720 στοιχείων
1627 659 1718 704 τοῦ
1776 655 1862 702 κό-

266 757 422 810 σμου,
475 745 528 791 τί
575 743 644 802 ὡς
695 744 881 804 ζῶντες
934 739 980 791 ἐν
1025 739 1209 811 κόσμῳ
1267 735 1650 810 δογματίζεσθε
1707 757 1720 805 ;
1769 744 1856 798 Μὴ

263 827 394 901 ἅψῃ,
451 825 590 901 μηδὶ
635 833 822 902 γεύσῃ,
883 825 1020 902 μηδὲ
1071 830 1224 900 Θίγῃς
1272 829 1412 898 (30)·
1462 828 1495 878 οἱ
1540 827 1652 880 ἐστι
1691 831 1861 880 πάντα

263 916 330 977 εἰς
361 919 572 992 φθορὰν
619 927 682 990 τῇ
744 917 1062 990 ἀποχρήσει,
1121 919 1257 970 κατὰ
1307 918 1373 968 τὰ
1431 917 1720 990 εντάλματα
1770 924 1860 970 καὶ

266 1001 621 1069 διδασκαλίας
646 1015 741 1058 τῶν
770 1006 1076 1081 ἀνθρώπων,

509 1103 626 1156 Ὀτι
666 1104 724 1157 οὐ
767 1100 850 1158 δεῖ
875 1109 1067 1179 κρίνειν
1106 1106 1222 1177 περὶ
1249 1111 1346 1156 τῶν
1379 1100 1604 1163 ἀδήλων.

913 1201 1102 1274 Κεφάλ.
1129 1222 1164 1272 γ
1182 1222 1196 1236 ·

339 1307 507 1354 ΠΡΟΣ
542 1307 690 1355 ΚΟΡ.
735 1299 799 1354 α’.
849 1299 1008 1352 Ὠστε
1055 1304 1125 1371 μὴ
1168 1300 1268 1374 πρὸ
1317 1305 1505 1372 καιροῦ
1544 1318 1595 1350 τι
1641 1304 1854 1374 κρίνετε,

259 1394 351 1453 ἔως
408 1391 468 1442 ἂν
521 1389 638 1462 ἔλθη
702 1391 727 1441 ὁ
787 1392 997 1464 Κύριος,

256 1484 363 1535 πτδι
420 1487 509 1533 τοῦ
566 1483 802 1544 σκότους,
858 1483 948 1530 καὶ
1007 1483 1292 1552 φανερώσει
1346 1479 1441 1539 τὰς
1497 1476 1692 1550 βουλὰς
1757 1487 1856 1531 τῶν

631 1573 720 1621 καὶ
785 1571 902 1620 τότε
959 1567 986 1618 ὁ
1041 1569 1250 1628 ἔπαινος
1318 1572 1594 1637 γενήσεται
1652 1566 1856 1640 ἑκάστῳ

1078 1387 1127 1449 ὃς
1179 1394 1268 1440 καὶ
1335 1394 1546 1460 φωτίσει
1603 1393 1668 1441 τὰ
1725 1410 1856 1466 κρυ-

258 1567 492 1647 καρδιῶν
552 1586 564 1600 ·

258 1660 360 1713 ἀπὸ
389 1666 488 1712 τοῦ
524 1665 676 1711 Θεοῦ.

503 1754 625 1808 Ὀτι
656 1755 716 1808 οὐ
749 1751 831 1808 δεῖ
861 1753 909 1806 ἐν
939 1752 1366 1830 προσωποληψίᾳ
1393 1758 1604 1829 κρίνειν.

905 1958 1094 2031 Κεφάλ.
1147 1954 1182 2010 δ
1200 1998 1214 2015 .

333 2066 649 2116 ΙΩΑΝΝΙΙΣ.
711 2057 770 2111 Εἰ
825 2061 1110 2130 περιτομὴν
1176 2054 1424 2128 λαμϐάνει
1473 2057 1742 2132 ἅνθρωπος
1809 2058 1858 2110 ἐν

259 2149 528 2221 Σαϐϐάτῳ,
600 2149 682 2201 ἵνα
756 2151 827 2220 μὴ
895 2145 1024 2218 λυθῇ
1088 2147 1113 2198 ὀ
1171 2149 1321 2218 νόμος
1394 2151 1674 2216 Μωυσέως,
1746 2147 1859 2222 ἐμοὶ

258 2246 308 2294 τί
365 2243 475 2313 (31)
529 2238 740 2311 χολᾶτε,
800 2238 880 2288 ὄτι
929 2236 1041 2288 ὅλον
1099 2236 1369 2308 ἄνθρωπον
1445 2237 1567 2307 ὑγιῆ
1631 2235 1860 2296 ἐποίησα

260 2329 306 2382 ἐν
354 2327 652 2399 Καϐϐάτῳ;
702 2330 787 2383 Μὴ
844 2329 1040 2398 κρίνετε
1088 2325 1202 2376 κατ’
1256 2323 1398 2395 ὅφιν,
1452 2323 1578 2377 ἀλλά
1625 2331 1720 2385 τὴν
1780 2324 1860 2379 δι-

260 2423 409 2483 καίαν
439 2422 615 2492 κρίσιν
646 2421 872 2489 κρίνατε.

260 2513 379 2567 Ὀτι
425 2515 482 2566 οὐ
528 2511 611 2567 δεῖ
661 2516 989 2586 κατακρίνειν
1018 2513 1155 2578 τινὰ,
1202 2515 1273 2584 μὴ
1308 2515 1554 2587 πρότερον
1603 2511 1688 2564 ἐπὶ
1720 2533 1860 2589 παρ·-

334 2609 490 2677 ουσίᾳ
541 2605 649 2674 (32)

334 2693 428 2746 κᾶν
455 2691 635 2748 πολλοὶ
666 2693 794 2745 ὦσιν
835 2694 883 2744 οὶ
912 2697 1343 2765 κατηγοροῦντες.

727 2602 889 2654 αὐτοῦ
946 2603 1012 2654 τὰ
1078 2599 1186 2652 κατ’
1240 2599 1397 2653 αὐτὸν
1457 2600 1857 2676 ἀκριϐώσαντες,

924 2878 1113 2935 Κεφάλ.
1148 2878 1200 2935 ε’.

925 2900 1113 2951 nepam.
1148 2900 1200 2935 ε.

337 2984 656 3034 ΙΩΑΝΝΗΣ.
706 2981 859 3048 Λέγει
913 2973 1239 3050 Νικόδημος,
1302 2978 1327 3028 ὁ
1382 2975 1541 3028 ἐλθὼν
1589 2981 1716 3053 πρὸς
1765 2979 1860 3031 αὖ·

263 3070 352 3120 τὸν
405 3070 611 3132 νυκτὸς,
682 3063 753 3128 εἷς
808 3066 876 3116 ὦν
925 3065 977 3130 ἐξ
1022 3065 1188 3118 αὐτῶν
1231 3083 1243 3095 ·
1297 3070 1383 3124 Μὴ
1440 3067 1465 3118 ὁ
1508 3070 1662 3140 νόμος
1717 3069 1862 3140 ἡμῶν

1970 572 2056 621 est
2090 581 2164 621 ex
2183 568 2322 636 ﬁde,
2370 577 2680 638 peccatum
2723 580 2804 628 est
2825 577 3016 641 (Rom.
3055 595 3165 652 xxv,
3201 583 3292 650 22,
3320 588 3439 646 ‘23).
3463 629 3475 640 .
3500 629 3512 640 .
3563 588 3634 643 Si

1973 658 2200 711 mortui
2214 661 2351 713 estis
2379 676 2510 715 cum
2537 662 2776 718 Christo
2802 666 2878 720 ab
2908 667 3212 726 elementis
3226 677 3457 743 mundi,
3484 680 3632 749 quid

1972 752 2261 816 tanquam
2291 749 2554 805 viventes
2581 754 2645 806 in
2665 755 2886 809 mundo
2911 757 3232 817 decernitis
3250 767 3275 816 .’
3308 765 3399 821 Ne
3431 771 3634 839 tetige-

1970 837 2072 904 ris,
2127 852 2317 930 neque
2345 843 2699 907 gustaveris,
2748 859 2938 915 neque
2967 855 3471 925 contrectaveris;
3496 837 3632 930 (Ιίιίθ

1971 931 2114 980 sunt
2142 929 2345 982 omnia
2372 930 2432 982 in.
2455 932 2764 987 interitum
2794 936 2923 1002 ipso
2948 952 3077 1004 usu,
3101 945 3428 1000 secundum
3475 963 3631 1017 prte-

1973 1021 2144 1083 cepta
2169 1022 2220 1070 et
2254 1016 2562 1072 doctrinas
2596 1020 2900 1079 hominum
2929 1026 3176 1097 (Coloss.
3208 1048 3267 1100 ιι,
3302 1016 3506 1106 20—23).

2041 1113 2214 1181 Quod
2241 1114 2318 1170 de
2344 1114 2527 1172 rebus
2555 1117 2797 1176 incertis
2824 1139 2949 1180 non
2977 1131 3070 1182 est
3091 1129 3519 1198 judicandum.

2637 1218 2838 1288 Caput
2866 1222 2969 1277 III

2045 1313 2255 1407 Itaque
2282 1315 2465 1407 nolite
2488 1321 2630 1371 ante
2660 1321 2892 1390 tempus
2909 1324 3218 1396 judicare,
3243 1334 3633 1407 quoadusque

1967 1403 2165 1457 veniat
2203 1405 2502 1471 Dominus,
2538 1409 2720 1477 quiet
2744 1410 3118 1468 illuminabit
3156 1403 3633 1486 abscondita-te-

1965 1492 2312 1561 nebrarum,
2346 1501 2398 1549 et
2447 1497 2864 1566 manifestabit
2931 1505 3185 1562 consilia
3227 1512 3494 1570 cordium
3533 1533 3555 1572 .'
3575 1524 3631 1574 et

1967 1588 2112 1637 tunc
2148 1584 2282 1639 laus
2308 1586 2422 1640 erit
2454 1587 2777 1659 unicuique
2804 1604 2839 1645 a
2872 1590 2992 1647 Deo
3025 1593 3085 1664 (Ι
3111 1597 3247 1653 Cor.
3275 1615 3348 1672 iv,
3377 1603 3451 1673 5).

1968 1769 2302 1834 Quod‘non
2360 1777 2599 1844 oportet
2643 1775 2920 1847 judicare
2967 1779 3178 1841 habita
3225 1799 3630 1859 personarum

2667 1866 2917 1924 ratione.

2631 1963 2830 2034 Caput
2873 1967 2968 2022 IV

2038 2057 2104 2113 Si
2140 2057 2652 2118 circumcisionem
2682 2065 2905 2134 accipit
2957 2066 3130 2127 homo
3151 2070 3216 2128 in
3245 2074 3531 2148 Sabbato,
3564 2086 3632 2136 ut

1968 2164 2091 2204 non
2119 2149 2396 2204 solvatur
2446 2151 2544 2206 lex
2568 2152 2812 2224 Mog/sis,
2846 2157 2993 2226 quid
3027 2161 3174 2216 mihi
3223 2164 3634 2236 indignamini

1968 2237 2109 2308 quia
2133 2243 2320 2294 totum
2351 2238 2642 2297 hominem
2678 2258 2894 2300 sanum
2922 2247 3046 2316 feci
3069 2251 3133 2304 in
3183 2252 3632 2315 Sabbato?No-

1969 2329 2075 2419 lite
2093 2328 2380 2397 judicare
2427 2334 2756 2389 secundum
2791 2337 3036 2408 faciem,
3071 2342 3174 2396 sed
3205 2346 3442 2413 justum
3469 2350 3631 2419 judi-

1971 2417 2128 2474 cium
2151 2419 2432 2488 judicate
2452 2423 2651 2490 (Joan.
2685 2441 2782 2494 vn,
2812 2430 2903 2495 23,
2936 2429 3052 2498 24).

1971 2516 2144 2581 Quod
2174 2533 2295 2573 non
2329 2517 2624 2576 debemus
2654 2538 3033 2598 quemquam
3059 2529 3486 2599 condemnare,
3516 2538 3634 2595 nisi

2044 2605 2207 2678 prius
2234 2605 2371 2679 ipso
2402 2615 2706 2681 praesente
2731 2612 3048 2682 diligenter
3072 2620 3540 2692 expenderimus
3570 2627 3635 2684 il-

2041 2695 2158 2751 lius
2211 2698 2432 2766 agendi
2461 2701 2780 2774 rationem,
2807 2703 3042 2764 etiamsi
3086 2709 3291 2770 adsint
3335 2714 3512 2773 multi
3539 2733 3635 2776 ac-

2044 2790 2368 2843 cusatores.

2655 2891 2854 2950 Caput
2912 2895 2961 2950 V

2655 2907 2854 2962 caput
2919 2907 2952 2950 V

2045 2984 2204 3039 Dicit
2248 2985 2629 3054 Nicodemus,
2661 2990 2770 3046 ille
2822 2994 2930 3062 qui
2973 2997 3136 3052 venit
3164 2999 3246 3053 ad
3275 3015 3409 3058 eum
3447 3011 3641 3073 nocte,

1974 3074 2080 3144 qui
2103 3089 2259 3164 unus
2290 3082 2421 3130 erat
2452 3091 2526 3134 ex
2548 3079 2691 3146 ipsis
2711 3095 2733 3134 .·
2771 3081 3068 3153 Nunquid
3101 3087 3202 3144 lea:
3239 3097 3447 3149 nostra
3473 3097 3643 3164 judi-

262 3161 423 3230 κρίνει
485 3156 597 3227 (33)
662 3158 746 3210 τὸν
817 3156 1109 3231 ἄνθρωπον,
1179 3153 1262 3207 ἐὰν
1329 3160 1400 3228 μὴ
1463 3154 1662 3230 ἀκούσῃ
1737 3158 1860 3230 παρ’

1992 3168 2073 3219 rat
2114 3163 2450 3259 hominem,
2475 3169 2595 3259 nisi
2605 3170 2780 3237 prius
2804 3173 3066 3230 audierit
3088 3178 3164 3232 ab
3193 3179 3340 3248 ipso,
3364 3187 3422 3238 et
3464 3153 3641 3259 '275

261 3246 422 3300 αὐτοῦ
472 3250 739 3319 πρότερον,
786 3251 876 3297 καὶ
927 3254 1029 3316 γνῷ
1078 3249 1128 3298 τί
1181 3252 1321 3298 ποιεῖ
1370 3263 1382 3311 ;
1434 3250 1728 3300 ΠΡΑΞΕΙΣ.
1779 3254 1862 3308 Ὠς

262 3333 322 3388 δὲ
383 3334 587 3394 πλείους
657 3336 856 3408 ἡμέρας
930 3325 1190 3408 διέτριϐον
1245 3333 1368 3399 ἐκεῖ,
1437 3337 1462 3386 ὀ
1525 3341 1730 3399 Φῆστος
1790 3345 1861 3408 τῷ

262 3423 474 3499 βασιλεί
515 3421 718 3475 ἀνέθετο
757 3425 822 3475 τὰ
865 3425 1001 3474 κατὰ
1046 3427 1132 3474 τὸν
1179 3423 1400 3491 Παῦλον,
1459 3423 1640 3495 λέγων·
1705 3426 1859 3499 Ἀνήρ

258 3520 332 3574 τίς
379 3513 490 3565 ἐστι
537 3511 991 3584 καταλελειμμένος
1043 3512 1142 3562 ὑπὸ
1196 3510 1418 3574 Φήλικος
1464 3509 1696 3586 δέσμιος,
1744 3519 1862 3588 περὶ

261 3602 321 3656 οὗ
359 3603 630 3676 γενομένου
679 3621 780 3674 μου
826 3600 906 3661 εἰς’
945 3599 1281 3675 Ἱεροσόλυμα
1323 3599 1621 3673 ἐνεφάνισαν
1672 3605 1720 3654 οἱ
1761 3601 1859 3676 ἆρ-

262 3700 457 3769 χιερεῖς
504 3696 594 3744 καὶ
635 3693 683 3743 οἱ
712 3689 1056 3765 πρεσϐύτεροι
1093 3699 1192 3742 τῶν
1242 3687 1513 3743 Ἰουδαίων
1563 3692 1861 3764 αἰτούμενοι

262 3782 376 3834 κατ’
412 3781 570 3833 αὑτοῦ
610 3776 925 3836 καταδίκην·
977 3782 1106 3853 πρὸς
1137 3779 1226 3842 οὓς
1272 3778 1581 3852 ἀπεκρίθην.
1619 3779 1739 3833 ’Ὀτι
1769 3782 1862 3834 οὐκ

265 3874 405 3924 ἔστιν
456 3873 565 3933 ἔθος
611 3870 880 3944 Ῥωμαίοις
922 3869 1250 3944 χαρίζεσθαί
1287 3889 1403 3922 τινα
1432 3871 1702 3943 ἄνθρωπον
1729 3873 1860 3942 (34),

264 3965 385 4036 πρὶν
425 3961 453 4020 ἢ
489 3962 512 4011 ὁ
543 3962 988 4035 κατηγορούμενος
1018 3961 1153 4009 κατὰ
1180 3963 1461 4032 πρόσωπον
1494 3961 1591 4033 ἔχῃ
1627 3964 1742 4022 τοὺς
1773 3981 1862 4012 κα-

267 4054 540 4122 τηγόρους,
562 4054 714 4102 τόπον
736 4069 789 4102 τε
811 4048 1090 4122 ἀπολογίας
1110 4045 1240 4121 λάϐῃ
1265 4053 1382 4123 περὶ
1406 4056 1495 4101 τοῦ
1522 4047 1861 4122 ἐγκλήματος.

906 4243 1070 4288 ΟΡυΣ
1101 4235 1218 4290 NE’.

285 4351 384 4397 Οτι
437 4339 522 4396 δεῖ
567 4340 761 4397 εἰδέναι
809 4348 896 4395 καὶ
960 4342 1222 4414 ὁμολογεῖν
1271 4348 1468 4406 παντὸς
1515 4342 1717 4416 ἀγαθοῦ
1770 4350 1864 4406 τὴν

337 4435 521 4504 χάριν,
576 4436 666 4482 καὶ
718 4431 886 4483 αὐτῶν
928 4438 1028 4482 τῶν
1081 4432 1205 4505 ὑπερ
1252 4439 1487 4506 Χριστοῦ
1540 4435 1864 4508 παθημάτων

339 4525 434 4580 τὴν
477 4523 741 4593 ὑπομονὴν
769 4522 912 4595 παρὰ
943 4527 1075 4572 Θεοῦ
1120 4521 1396 4593 ὑπάρχειν.

918 4725 1106 4799 Κεφάλ.
1149 4725 1210 4782 α’.

341 4841 636 4888 ΙΩΛΝΝΗΣ
662 4877 673 4890 .

265 4920 436 4988 οὐδὲν,
485 4923 568 4975 ἐὰν
623 4929 692 4996 μὴ
837 4920 1114 4996 δεδομένον
1173 4923 1313 4993 αὐτῷ
1373 4922 1427 4974 ἐκ
1474 4930 1566 4974 τοῦ
1621 4924 1861 4995 οὐρανοῦ.

266 5019 436 5065 ΠΡΟΣ
467 5019 638 5067 ΚΟΡ.
687 5009 752 5071 α’.
799 5017 862 5066 Τί
912 5009 970 5064 δὲ
1023 5014 1183 5086 ἔχεις,
1227 5013 1252 5065 ὃ
1303 5012 1396 5064 οὐκ
1444 5011 1619 5074 ἔλαϐες
1650 5029 1663 5082 ;
1699 5020 1865 5065 ΠΡΟΣ

759 4834 835 4886 Ou’
922 4831 1140 4886 δύναται
1229 4834 1500 4906 ἄνθρωπος
1589 4832 1863 4906 λαμϐάνειν

271 5193 454 5316 θ,(30)
489 5191 755 5262 Utraque
785 5189 964 5246 editio
995 5195 1066 5262 μὴ
1097 5193 1270 5264 θίγῃς.
1298 5190 1454 5247 Libri
1477 5189 1708 5263 antiqui
1733 5187 1872 5262 μηδὲ

308 5283 393 5316 ιγη
407 5283 446 5316 ς.

308 5283 393 5335 ιγῑε
407 5283 446 5324 ς-

484 5333 708 5389 Vocula
735 5337 790 5386 τί
818 5333 877 5388 in
909 5332 1153 5388 duobus
1182 5350 1327 5389 mss.
1361 5333 1544 5389 deest.

343 5411 433 5470 (3’2
448 5410 712 5480 )qiv’eteres
735 5407 858 5459 duo
881 5405 1014 5459 libri
1036 5407 1135 5480 ὑπὸ
1157 5411 1446 5480 παρουσίᾳ.
1466 5405 1698 5480 ιὺίάθῑῃ
1715 5411 1874 5480 utra-

267 5493 386 5549 que
405 5477 663 5551 editio_et
686 5479 827 5546 Reg.
858 5476 1162 5551 secundus
1185 5475 1587 5551 ἀκριϐώσαντες.
1610 5477 1726 5551 Alii
1748 5478 1870 5532 duo

269 5547 414 5623 IjJss.
450 5548 839 5623 explementum.
871 5549 1040 5623 Haud
1066 5547 1456 5618 longe'editio
1489 5549 1677 5623 Paris.
1706 5553 1872 5602 Νικό-

270 5617 442 5695 δημος
480 5617 608 5695 πρὸς
635 5620 843 5695 αῦτούς,
883 5619 990 5695 sed
1018 5620 1138 5695 has_
1167 5617 1364 5695 iaces,
1392 5625 1520 5695 πρὸς
1559 5621 1767 5691 αὐτούς,
1798 5638 1874 5677 ex

273 5690 475 5749 Bibliis
503 5690 581 5746 ab
609 5691 813 5764 aliquo
844 5693 1038 5747 otioso
1065 5690 1306 5748 additas
1331 5690 1515 5748 fuisse
1535 5697 1703 5764 puto,
1729 5709 1869 5750 cum

1975 3255 2321 3323 cognoverit
2345 3256 2493 3325 quid
2518 3258 2713 3326 faciat
2753 3263 2850 3314 .9...
2907 3263 3110 3322 (Joan.
3152 3281 3248 3337 vu,
3281 3274 3373 3339 50,
3397 3276 3509 3341 5t.)
3564 3255 3646 3332 Et

1975 3358 2107 3398 cum
2140 3344 2265 3399 dies
2287 3347 2622 3413 complures
2654 3349 2737 3403 ibi
2761 3350 3250 3427 immorarentur,
3275 3361 3489 3418 Festus
3515 3367 3654 3436 regi

1975 3434 2184 3488 retulit
2221 3449 2464 3490 causam
2482 3439 2681 3504 pauli,
2719 3439 2925 3497 dicens
2957 3460 2970 3498 :
3004 3444 3113 3500 Vir
3142 3450 3388 3518 quidam
3431 3465 3514 3510 est
3558 3434 3647 3512 re-

1976 3521 2152 3576 (ictus
2182 3536 2220 3577 a
2245 3523 2445 3579 Felice
2468 3521 2724 3594 vinctus,
2759 3527 2830 3584 de
2861 3546 2976 3602 quo
2999 3544 3133 3588 cum
3164 3551 3344 3594 essem
3372 3541 3648 3602 Hieroso-

1977 3610 2177 3680 lymis,
2205 3611 2634 3681 signiﬁcarunt
2665 3615 2818 3672 mihi
2830 3619 3140 3690 principes
3181 3629 3560 3689 sacerdotum
3589 3641 3646 3691 et

1975 3701 2237 3756 seniores
2294 3702 2666 3771 Judworum,
2715 3709 3088 3775 postulantes
3145 3714 3427 3772 adversus
3466 3722 3644 3780 illum

1975 3790 2423 3846 damnationem
2451 3807 2474 3861 ,·
2519 3795 2600 3848 ad
2630 3811 2775 3866 quos
2815 3801 3102 3867 respondi
3129 3819 3140 3857 :
3196 3804 3349 3871 Quia
3405 3823 3527 3866 non
3558 3819 3645 3869 est

1974 3881 2259 3937 Romanis
2311 3884 2665 3940 consuetudo
2713 3888 2956 3946 tradere
3008 3892 3271 3964 aliquem
3323 3899 3620 3958 hominem

1969 3971 2330 4040 priusquam
2361 3971 2409 4026 is
2437 3974 2542 4042 qui
2565 3982 2913 4045 accusatur,
2938 3989 3262 4048 praesentes
3289 3986 3505 4045 habeat
3535 3966 3645 4049 ac:

1976 4067 2300 4129 cusatores,
2333 4062 2645 4136 locumque
2668 4067 2915 4138 defendi
2961 4075 3222 4142 accipiat
3269 4077 3342 4132 de
3395 4081 3647 4141 crimine

1975 4149 2135 4220 (Act.
2159 4166 2300 4219 xxv,
2331 4153 2536 4223 14-16).

2183 4254 2188 4257 ’
2581 4252 2868 4312 REGULA
2911 4258 3025 4314 LV.

1979 4356 2153 4421 Quod
2184 4357 2502 4414 sciendum
2547 4365 2634 4417 est
2686 4367 2867 4436 atque
2916 4367 3333 4429 conﬁtendum
3375 4376 3642 4446 cujusvis

2053 4446 2191 4539 boni
2239 4446 2642 4539 largitionem,
2674 4457 2733 4508 et
2777 4454 3048 4526 ipsarum
3080 4458 3476 4521 aﬂlietionum
3503 4483 3642 4539 quae

2051 4536 2265 4627 (Phristi
2309 4553 2496 4594 caua
2525 4541 2829 4610 accidunt,
2861 4544 3239 4605 tolerantiam
3269 4565 3305 4607 θ,
3353 4555 3470 4609 Deo
3495 4536 3639 4627 pro-

2045 4624 2252 4682 ﬁcisci.

2658 4731 2860 4800 Caput
2913 4735 2954 4790 I.

2047 4836 2181 4891 Non
2209 4841 2405 4905 potest
2437 4836 2610 4894 homo
2639 4842 2912 4910 accipere
2933 4845 3282 4918 quidquam,
3313 4851 3435 4907 nisi
3444 4853 3636 4923 fuerit

1976 4927 2031 4981 ei
2060 4926 2268 4980 datum
2290 4925 2361 4980 de
2389 4928 2530 4982 caelo
2553 4929 2746 4998 (Joan.
2772 4947 2852 4998 ιιι,
2885 4933 3002 5003 27).
3052 4935 3207 5002 Quid
3226 4946 3427 4998 autem
3457 4943 3638 5002 habes

1977 5015 2136 5086 quod
2165 5030 2283 5070 non
2313 5017 2598 5086 accepisti
2642 5021 2736 5076 .'...
2770 5021 2816 5087 (I
2837 5020 2975 5078 (ἴον.
3008 5038 3086 5093 xv,
3117 5030 3194 5097 7.)
3242 5027 3456 5088 Gratia
3480 5035 3638 5093 enim

1983 5206 2182 5271 neque
2212 5193 2274 5248 in
2299 5193 2562 5271 editione
2594 5198 2736 5252 Ven.
2769 5214 2968 5270 neque
2995 5201 3055 5257 in
3087 5202 3220 5259 ullis
3250 5207 3545 5265 veteribus
3573 5209 3641 5268 li-

1979 5261 2104 5318 bris
2128 5265 2520 5335 reperiantur.

2183 5339 2452 5428 ‘Illtrague
2479 5337 2656 5428 editio
2679 5342 2824 5428 ἡμῶν
2853 5348 3027 5428 κρίνῃ..
3050 5350 3119 5402 At
3139 5364 3283 5428 mss.
3309 5349 3431 5408 duo
3453 5359 3636 5428 κρίνει.

2053 5407 2380 5496 ςιιλυιιριίυέ
2408 5407 2794 5496 sac‘e‘i‘._text'us
2816 5407 3120 5496 Vulgatus‘,
3147 5421 3206 5474 in
3237 5437 3359 5493 quo
3385 5407 3522 5496 post
3539 5407 3640 5484 vo;

1981 5493 2113 5560 cem
2142 5481 2413 5560 άνθρῳπον
2444 5481 2724 5560 additum
2748 5492 2836 5541 est
2866 5481 2940 5547 εὶᾷ
2974 5481 3276 5560 ἀπώλειανλ
3322 5481 3404 5550 ad
3431 5481 3639 5555 interi-

1979 5550 2414 5676 izgoi‘tradere.
2457 5553 2664 5612 Statim
2709 5559 2851 5628 Reg.
2894 5561 3099 5616 tertius
3137 5550 3417 5638 πρόσωπον
3447 5550 3634 5640 ἔχει...
