4112 6414
369 362 475 416 785
1897 351 1993 409 ΜΟ

2128 352 2235 406 .IA.
3645 351 3752 405 786

368 482 452 536 ἐπὶ
515 485 712 545 πάντας
769 484 886 544 τοὺς
941 483 1266 554 καθημένους
1333 479 1417 532 ἐπὶ
1466 483 1742 553 πρόσωπον
1801 480 1976 540 πάσης

2129 489 2289 531 ενι-ευ.
2353 474 2610 545 Vigilate
2635 473 2859 544 itaque,
2918 475 3080 530 omni
3111 477 3370 544 tempore
3394 479 3655 540 orantes,
3684 479 3753 529 ut

369 582 466 634 τῆς
493 581 613 644 γῆς.
675 572 1008 646 Ἀγρυπνεῖτε
1057 567 1166 638 οὖν,
1222 569 1270 621 ἐν
1300 574 1456 622 παντὶ
1503 576 1669 643 καιρῷ
1717 564 1969 641 δεόμενοι,

2131 567 2262 635 igni
2292 564 2641 622 habeamini
2692 566 2906 633 fugere
2952 565 3066 619 ista
3111 564 3332 632 omnia,
3363 581 3494 636 qua:
3531 566 3751 634 futura

367 666 450 716 ἵνα
473 663 834 726 καταξιωθῆτε
859 662 1096 734 ἐκφυγεῖν
1136 663 1308 713 πάντα
1332 663 1399 712 τὰ
1431 659 1678 732 μέλλοντα
1732 659 1972 730 γενέσθαι

2125 660 2241 719 'mt,
2292 660 2346 710 et
2377 660 2540 710 stare
2583 659 2724 709 ante
2752 653 2977 707 Filium
3033 652 3288 708 hominis
3327 655 3621 722 (Lucam,
3653 655 3749 709 34-

363 746 495 812 (40),
523 749 614 796 καὶ
653 745 913 801 σταθῆναι
951 744 1240 817 ἔμπροσθεν
1271 749 1365 793 τοῦ
1395 743 1520 793 Υἰοῡ
1551 748 1641 792 τοῦ
1673 737 1967 814 ἀνθρώπου.

2121 745 2233 815 5)...
2277 745 2557 800 Orationi
2587 745 2825 812 instate,
2859 745 3179 813 vigilantes
3209 745 3268 799 in
3316 758 3404 809 ea,
3438 744 3499 798 in
3521 744 3745 814 gratia-

364 840 534 886 ΠΡΟΣ
558 839 717 888 ΚΟΛ.
745 839 817 904 Τῇ
848 840 1122 906 προσευχῇ
1151 837 1618 905 προσκαρτερεῖτε,
1651 835 1969 903 γρηγοροῦν-

2123 850 2211 890 um
2234 835 2739 905 actione(Coloss.
2774 849 2850 899 iv,
2881 838 3004 903 2)...
3035 834 3281 902 Semper
3313 833 3588 904 gaudete,
3621 833 3747 889 sine

358 942 438 986 τις
470 922 518 975 ἐν
550 923 680 994 αὐτῇ
715 921 762 974 ἐν
817 922 1160 996 εὐχαριστίᾳ.
1191 928 1359 973 ΠΡΟΣ
1385 927 1568 974 ΘΕΣΣ.
1625 918 1690 972 α’.
1743 921 1967 971 Πάντοτε

1625 918 1690 972 α’.
1743 921 1967 971 Πάντοτε
2076 924 2517 980 intermissione
2547 930 2718 980 orate
2737 923 2779 995 (l
2809 921 3005 978 Thess.
3039 938 3098 993 v,
3127 923 3231 983 16).

359 1015 595 1088 χαίρετε,
623 1008 970 1072 ἀδιαλείπτως
989 1011 1373 1084 προσεύχεσθε.
2699 1017 2702 1019 ’

362 1118 482 1171 ὐτι
548 1115 631 1172 δεῖ
687 1120 814 1192 ὑπερ
883 1117 1048 1170 αὐτῶν
1105 1125 1206 1170 τῶν
1263 1120 1394 1193 πρὸς
1458 1120 1554 1174 την
1609 1117 1962 1190 καθημερινὴν

2127 1121 2247 1179 uod
2279 1125 2515 1197 oportet
2547 1123 2729 1179 etiam
2757 1137 2868 1195 pro
2919 1121 2992 1177 iis
3023 1137 3162 1195 quae
3221 1118 3580 1194 quotidiana
3615 1135 3741 1178 cor-

434 1212 617 1280 χρείαν
649 1215 741 1259 τοῦ
785 1213 1027 1280 σώματος
1072 1207 1405 1282 εὐχαριστεῖν
1431 1210 1680 1280 πρότερον
1723 1213 1794 1276 τῷ
1824 1213 1958 1276 Θεῷ,

2138 1213 2304 1286 poris
2361 1213 2693 1268 necessitas
2744 1211 3016 1284 requirit,
3046 1211 3215 1284 prius
3269 1211 3496 1282 gratias
3562 1226 3741 1282 agere

429 1301 518 1349 καὶ
543 1296 678 1349 οὕτω
702 1296 1162 1370 μεταλαμϐάνειν.·⁸

2139 1305 2280 1373 Deo,
2313 1307 2370 1360 et
2394 1303 2478 1360 ita
2503 1301 2754 1359 demum
2783 1315 3041 1357 sumere.

997 1403 1188 1475 Κεφάλ.

2748 1407 2944 1478 Caput
2977 1408 3048 1464 ΙΙ.

426 1498 794 1547 ΜΑΤΘΛΙΟΣ.
847 1497 946 1546 Καὶ
1002 1493 1172 1544 λαϐὼν
1231 1495 1353 1553 τοὺς
1401 1494 1548 1544 πέντε
1593 1492 1800 1564 ἄρτους,
1866 1494 1956 1542 καὶ

2137 1497 2214 1552 Et
2245 1498 2506 1568 acceptis
2531 1498 2794 1570 quinque
2813 1497 3099 1566 panibus,
3123 1503 3176 1553 et
3199 1495 3430 1553 duobus
3447 1496 3733 1567 piscibus,

349 1588 467 1644 τοὺς
562 1580 658 1636 δύο
750 1583 964 1656 ἰχθύας,
1051 1583 1502 1656 εὐχαριστήσας,
1603 1580 1788 1633 ἒκλασε
1866 1586 1956 1634 καὶ

2105 1601 2198 1641 um
2219 1588 2453 1657 gratias
2475 1588 2710 1658 egisset,
2733 1588 2946 1657 fregit,
2974 1593 3028 1644 et
3054 1587 3218 1642 dedit
3241 1588 3549 1658 discipulis
3578 1588 3729 1642 suis:

350 1670 512 1725 ἔδωκε
582 1680 690 1734 τοῖς
755 1674 1018 1745 μαθηταῖς
1083 1672 1284 1723 αὑτοῦ·
1346 1673 1395 1722 οἱ
1462 1667 1520 1723 δὲ
1593 1673 1828 1743 μαθηταὶ
1883 1679 1953 1741 τῷ

2110 1675 2355 1743 iscipuli
2389 1681 2591 1731 autem
2613 1675 2804 1730 turbae
2841 1675 3084 1742 (Matth.
3114 1691 3230 1742 xw,
3263 1677 3438 1734 19)....
3484 1675 3564 1730 Et
3597 1690 3730 1730 cum

350 1762 514 1834 ὄχλῳ.
590 1766 883 1815 ΠΡΑΞΕΙΣ.
942 1761 1112 1813 Εἰπὼν
1162 1757 1220 1812 δὲ
1278 1767 1464 1826 ταῦτα,
1515 1765 1605 1812 καὶ
1656 1758 1824 1811 λαϐὼν
1863 1761 1954 1833 ἆρ-

2109 1779 2190 1820 εεσ
2212 1764 2484 1832 dixisset,
2504 1770 2557 1820 et
2585 1765 2928 1834 sumpsisset
2945 1779 3187 1835 panem,
3209 1766 3442 1835 gratias
3464 1765 3583 1835 egit
3613 1765 3731 1820 Deo

347 1871 455 1921 rov;
525 1850 901 1925 ηὗχαρίστησε
961 1859 1033 1922 τῷ
1099 1857 1213 1920 Θεῷ
1277 1847 1489 1901 ἐνώπιον
1556 1851 1782 1913 πάντων,
1861 1854 1950 1901 καὶ

2108 1868 2124 1908 ι
2151 1858 2468 1922 conspectu
2492 1855 2753 1910 omnium
2781 1870 2794 1909 :
2825 1859 2877 1909 et
2899 1869 3030 1910 eum
3052 1855 3346 1924 fregisset,
3370 1856 3544 1924 capit
3565 1868 3732 1910 man-

350 1939 564 2011 κλάσας,
597 1940 791 2016 ἤρξατο
823 1939 1033 1995 ἐσθιειν.
1079 1947 1246 1992 ΠΡΟΣ
1285 1947 1426 1993 TUI.
1472 1938 1534 1993 α’.
1591 1946 1695 1992 Πᾶν
1752 1945 1953 2013 κτίσμα

2106 1944 2459 2003 ucare(Act.
2490 1942 2794 2013 xxvn,35).
2816 1984 2864 1998 ..
2895 1944 3098 1999 Omnis
3129 1949 3413 2000 creatura
3437 1945 3548 2000 Dei
3576 1943 3730 2000 bona

354 2039 487 2085 Θεοῦ
516 2030 690 2099 καλὸν,
731 2036 821 2084 καὶ
870 2026 1020 2084 οὐδεν
1070 2027 1382 2102 ἀπόϐλητον,
1432 2031 1562 2102 μετά
1610 2029 1952 2103 εὐχαριστίας

2103 2037 2164 2100 st,
2197 2038 2251 2088 et
2283 2033 2443 2090 nihil
2459 2033 2876 2104 reﬁciendum,
2902 2033 3064 2104 quod
3089 2048 3221 2088 cum
3252 2034 3596 2103 gratiarum
3621 2048 3727 2091 ae-

350 2117 754 2194 λαμϐανόμενον.

2060 2122 2220 2178 tione
2245 2123 2587 2193 percipitur
2613 2124 2669 2194 (Ι
2675 2124 2822 2178 Tim.
2854 2123 3011 2194 vni).

348 2227 468 2280 Ὀτι
499 2228 557 2282 οὐ
599 2225 683 2282 δεῖ
706 2227 1041 2302 βαττολογεῖν
1085 2232 1508 2304 προσευχόμενον
1550 2225 1596 2279 ἐν
1637 2235 1708 2298 τῷ
1750 2229 1954 2300 φθαρτὰ

2111 2229 2236 2286 ιιοά
2266 2246 2388 2288 non
2421 2236 2655 2304 oportet
2677 2230 2846 2287 inani
2876 2235 2931 2287 et
2958 2230 3196 2304 prolixa
3251 2231 3596 2304 precatione
3644 2231 3728 2288 uti

705 2324 796 2372 καὶ
833 2318 1020 2382 ἀνάξια
1048 2327 1140 2372 τοῦ
1173 2324 1366 2395 Κυρίου
1415 2318 1590 2374 αἰτεῖν.
2128 2319 2192 2376 in
2215 2324 2329 2392 pett

2128 2319 2192 2376 in
2215 2320 2492 2392 petendis
2520 2320 2703 2377 rebus
2725 2336 2862 2395 quae
2887 2320 3259 2394 corruptioni
3283 2325 3423 2377 sunt
3443 2319 3724 2378 obnoxiae

2130 2414 2187 2466 et
2208 2410 2462 2467 Domino
2483 2410 2770 2482 indignae.

990 2517 1180 2590 Κεφάλ.
1239 2515 1305 2588 γ’.

2723 2518 2924 2590 Caput
2951 2520 3054 2576 III.

419 2612 783 2664 ΜΔΤΘΑΙΟΣ.
826 2610 1254 2681 Προσευχόμενοι
1281 2603 1359 2673 δε,
1384 2610 1454 2678 μὴ
1491 2602 1787 2679 βαττολογή
1801 2623 1945 2672 σητε,

2132 2603 2386 2660 Orantes
2416 2608 2639 2672 autem,
2674 2605 2860 2662 nolite
2892 2605 3152 2662 multum
3189 2605 3374 2677 loqui,
3415 2605 3571 2660 sicut
3598 2603 3721 2663 eth-

348 2696 518 2771 ὥσπερ
559 2695 854 2768 οἱιὲθνικοί.
887 2703 1112 2749 Δοκοῦσι
1140 2699 1262 2771 γὰρ,
1311 2697 1390 2747 ὅτι
1448 2693 1496 2746 ἓν
1547 2704 1609 2768 τῇ
1667 2694 1950 2767 πολυλογία

2101 2694 2198 2749 ici.
2230 2695 2464 2750 Putant
2507 2695 2663 2750 enim
2695 2694 2856 2766 quod
2886 2695 2949 2749 in
2977 2695 3360 2766 multiloquio
3411 2709 3520 2750 suo
3543 2710 3725 2751 exau-

347 2786 514 2838 αὑτῶν
545 2787 1075 2845 εἰσακουσθήσονται.
1135 2791 1220 2844 Μή
1256 2783 1343 2838 οὖν
1392 2787 1681 2858 ὁμοιωθῆτε
1727 2786 1904 2846 αὐτοῖς
1933 2805 1946 2818 ο

2101 2783 2318 2838 ientur.
2337 2782 2533 2838 Nolite
2553 2799 2686 2853 ergo
2709 2783 3043 2839 assimilari
3071 2785 3184 2839 eis:
3214 2785 3322 2838 scit
3352 2787 3509 2839 enim
3541 2784 3725 2839 Pater

347 2873 460 2928 οἶδε
496 2879 598 2950 γὰρ
632 2878 657 2928 ό
689 2882 869 2950 Πατὴρ
892 2878 1034 2948 ὑμῶν
1078 2877 1103 2928 6
1144 2875 1402 2950 οὐράνιος,
1450 2876 1516 2926 ὧν
1554 2880 1741 2951 χρείαν
1782 2879 1948 2947 ἔχετε,

2101 2879 2246 2928 ester
2275 2873 2523 2939 celestis,
2555 2871 2704 2944 quid
2724 2888 2872 2943 opus
2893 2873 2966 2928 sit
2993 2873 3176 2940 vobis,
3207 2879 3530 2944 antequam
3553 2878 3725 2942 peta-

350 2968 451 3040 πρὸ
479 2972 570 3017 τοῦ
599 2967 734 3038 ὑμᾶς
766 2966 983 3024 αἰτῆσαι
1023 2966 1202 3021 αὐτόν.
1237 2972 1520 3020 ΛΟΥΚΑΣ.
1566 2971 1666 3018 Καὶ
1706 2967 1854 3038 ὑμεῖς
1876 2969 1948 3038 μὴ

2103 2961 2135 3016 τε
2163 2976 2296 3018 eum
2333 2962 2577 3020 (Matth.
2637 2965 2964 3031 v1,7,8,)....
2995 2963 3075 3017 Et
3102 2977 3203 3018 vos
3233 2963 3422 3018 nolite
3461 2975 3727 3034 quaerere

357 3057 556 3116 ζητεῖτε
580 3060 631 3107 τί
663 3057 877 3128 φάγητε,
905 3061 994 3107 καὶ
1019 3061 1070 3108 τί
1091 3060 1241 3115 πίητε
1265 3077 1277 3089 ·
1321 3060 1410 3107 καὶ
1435 3060 1505 3127 μὴ
1539 3055 1942 3131 μετεωρίζεσθε.

2103 3053 2206 3107 uid
2255 3051 2652 3120 manducetis,
2693 3058 2749 3107 et
2776 3052 2924 3125 quid
2956 3052 3201 3108 bibatis:
3234 3059 3290 3109 et
3333 3053 3520 3108 nolite
3543 3053 3604 3107 in
3626 3067 3726 3106 su-

354 3146 530 3196 Πάντα
557 3146 660 3219 γὰρ
701 3153 868 3198 ταῦτα
903 3149 970 3198 τὰ
1000 3147 1115 3204 ἔθνη
1146 3154 1236 3198 τοῦ
1267 3149 1468 3219 κόσμου
1509 3143 1761 3206 ἐπιζητεῖ.
1787 3145 1950 3218 ’Υμῶν

2103 3141 2241 3196 time
2262 3140 2410 3196 tolli.
2428 3141 2490 3195 Η
2491 3157 2571 3196 aee
2583 3141 2740 3196 enim
2760 3142 2964 3197 omnia
2976 3148 3178 3212 gentes
3196 3142 3410 3198 mundi
3420 3147 3721 3213 quarunt.

352 3229 411 3287 δι
435 3235 462 3285 ό
490 3239 671 3310 Πατὴρ
704 3232 842 3288 οἰδεν
873 3238 954 3289 ὃτι
983 3237 1213 3310 χρηξετι
1240 3239 1451 3291 τούτων.

2091 3232 2252 3286 ³αιει·
2267 3236 2466 3288 autem
2489 3235 2682 3287 vester
2701 3231 2811 3287 scit
2834 3195 3117 3303 quoniam
3134 3232 3226 3288 his
3255 3195 3715 3301 indigetis(Luc.

2063 3335 2165 3392 xu,
2195 3325 2285 3390 29,
2313 3322 2426 3392 30).

355 3437 473 3496 Πῶς
505 3427 588 3486 δεῖ
606 3435 1022 3508 προσεύχεσθαι,
1051 3437 1138 3486 καὶ
1168 3431 1215 3485 ἐν
1245 3437 1373 3506 ποία
1419 3442 1510 3494 τῆς
1560 3432 1746 3506 ψυχῆς
1790 3453 1956 3487 κατα-

2065 3427 2386 3494 Quomodo
2407 3427 2712 3486 orandum
2743 3428 2837 3495 sit,
2871 3432 2929 3486 et
2955 3428 3016 3486 in
3044 3429 3213 3503 quali
3239 3427 3428 3486 animi
3465 3431 3651 3486 statu.

1055 3523 1262 3579 στάσει.

996 3630 1188 3704 Κεφάλ.
1245 3627 1312 3687 δ’.

2730 3629 2928 3700 Caput
2979 3630 3074 3686 IV

425 3726 796 3784 MATGAIOZ.
831 3721 1000 3796 Πάτερ
1023 3721 1136 3792 (41)
1173 3721 1318 3794 ἡμῶν
1359 3721 1384 3772 ό
1441 3718 1491 3772 iv
1539 3726 1649 3782 τοῖς
1697 3719 1955 3793 οὐρανοῖς,

2138 3717 2326 3774 Pater
2344 3724 2565 3787 noster,
2587 3719 2694 3790 qui
2711 3734 2770 3776 es
2790 3721 2853 3775 in
2876 3720 3062 3791 caelis,
3085 3721 3502 3790 sanctiﬁeetur
3521 3737 3733 3778 nomen

354 3812 664 3884 ἁγιασθήτω
693 3813 752 3864 τὸ
785 3812 945 3884 ὄνομα
967 3827 1083 3876 σου,
1128 3808 1307 3863 ἐλθέτω
1336 3812 1366 3868 ἠ
1400 3808 1646 3884 βασιλεία
1669 3829 1786 3878 σου,
1811 3828 1960 3882 ynn-

2111 3808 2588 3865 1um:adveniat
2640 3825 2893 3879 regnum
2939 3818 3106 3866 tuum
3128 3811 3239 3879 ﬁat
3289 3812 3572 3867 voluntas
3628 3815 3735 3866 tua

357 3903 498 3960 θήτω
526 3905 584 3954 τὸ
617 3901 815 3974 Θέλημά
856 3919 971 3968 σου,
1022 3902 1208 3952 καὶτὰ
1250 3897 1388 3963 ἑξῆς.
1431 3904 1797 3955 ΜΑΤΘΑῙΟΣ.
1849 3906 1957 3958 Ζη-

2102 3897 2313 3953 Matth.
2346 3913 2418 3970 γι,
2448 3903 2503 3969 9,
2539 3903 2646 3966 10),
2677 3903 2734 3954 et
2761 3903 2998 3955 caetera.
3035 3900 3294 3966 Quzerite
3322 3906 3521 3956 autem
3556 3899 3726 3970 277

353 3999 486 4045 τεῖτε
513 3989 573 4045 ὁδὶ
601 3999 804 4066 πρῶτον
835 3995 929 4050 τὴν
961 3989 1236 4064 βασιλείαν
1266 3998 1359 4042 τοῦ
1399 3997 1555 4054 Θεοῦ,
1586 3994 1676 4042 καὶ
1722 3994 1816 4048 τὴν
1867 3987 1957 4042 δι-

2108 4003 2332 4044 ramum
2358 4003 2610 4059 regnum
2640 3990 2772 4057 Dei,
2804 3994 2860 4045 et
2869 3991 3177 4058 justitiam
3210 3991 3340 4060 ejus
3367 3990 3536 4060 (Ibid.
3570 3994 3732 4059 33)...

355 4084 639 4140 καιοσύνην
671 4082 853 4135 αὐτοῦ.
886 4088 1182 4135 ΜΑΡΚΟΣ.
1220 4076 1381 4132 Ὀταν
1414 4085 1642 4138 στήκητε
1663 4083 1959 4154 προσευχό-

2111 4080 2220 4133 'um
2267 4079 2550 4134 steteritis
2588 4083 2851 4143 orantes,
2901 4079 3186 4135 dimittite
3222 4080 3274 4134 si
3311 4079 3458 4151 quid
3508 4079 3735 4134 habetis

357 4189 519 4242 μενοι,
549 4169 720 4243 ἀφίετε
761 4172 871 4243 (42)
903 4173 946 4223 εἴ
973 4189 1026 4223 τι
1056 4172 1202 4243 ἔχετε
1239 4173 1373 4223 κατα
1417 4187 1570 4231 τινος.
1607 4177 1774 4224 ΠΡΟΣ
1812 4176 1957 4226 ΤΙΜ.

2112 4167 2359 4222 dversus
2391 4168 2654 4239 aliquem
2685 4168 2903 4236 (Marc.
2938 4184 3018 4229 χι.
3061 4171 3178 4224 25).
3202 4211 3214 4224 .
3238 4213 3251 4226 .
3301 4169 3442 4224 Volo
3479 4183 3623 4239 ergo
3655 4167 3736 4224 vi—

357 4258 422 4319 α’.
479 4259 735 4334 Βούλομαι
779 4255 864 4312 οὖν
903 4262 1297 4334 προσεύχεσθαι
1326 4265 1443 4323 τοὺς
1483 4257 1680 4335 ἄνδρας
1713 4257 1759 4312 ἐν
1799 4264 1956 4313 παντὶ

2114 4273 2168 4312 os
2198 4272 2378 4314 orare
2400 4257 2462 4312 in
2489 4258 2654 4313 omni
2675 4257 2822 4328 loco,
2837 4259 3104 4314 levantes
3132 4273 3324 4328 puras
3345 4273 3583 4321 manus,
3608 4257 3738 4313 sine

353 4353 516 4422 τόπῳ,
545 4349 855 4425 ἐπαίροντας
877 4349 1030 4409 ὁσίας
1057 4357 1262 4422 χεῖρας,
1293 4355 1463 4424 χωρὶς
1484 4350 1610 4424 ὀργῆ
1626 4371 1646 4413 ς
1664 4355 1757 4404 καὶ
1785 4346 1959 4404 διαλο-

1529 4355 1757 4423 ›γῆςκαὶ
1785 4346 1959 4404 διαλο-
2067 4347 2162 4404 ira
2187 4351 2243 4404 et
2271 4347 2774 4418 diceptationibus
2799 4348 2978 4416 (Tim.
3006 4363 3067 4419 ιι,
3096 4351 3153 4416 8)

354 4457 586 4511 γισμων.

353 4541 476 4597 Ὀτι
533 4539 618 4598 δεῖ
650 4546 1048 4618 προσεύχεσθαι
1100 4547 1227 4619 ὑπὲρ
1269 4544 1517 4616 ἀλλήλων,
1549 4553 1640 4602 καὶ
1693 4550 1818 4625 ὑπὲρ
1859 4557 1958 4603 τῶν

2113 4549 2250 4615 mod
2281 4547 2378 4606 alii
2410 4565 2521 4623 pro
2574 4548 2708 4606 aliis
2749 4563 2922 4608 orare
2973 4547 3258 4620 debeant,
3293 4552 3350 4605 et
3398 4563 3508 4622 pro
3533 4547 3606 4604 iis
3632 4545 3737 4621 qui

639 4640 982 4710 προεστώτων
1013 4641 1104 4688 τοῦ
1124 4634 1282 4706 λόγου
1304 4643 1395 4697 τῆς
1411 4635 1672 4698 ἀληθείας.

2425 4639 2613 4697 verbo
2631 4639 2896 4697 veritatis
2918 4638 3186 4712 praefecti
3217 4643 3378 4694 sunt.

1002 4742 1190 4816 Κεφάλ.
1253 4742 1306 4798 ε’.

2749 4747 2948 4817 Caput
2991 4747 3054 4804 V.

426 4839 714 4889 ΛΟΥΚΛΣ.
759 4832 884 4886 Εἶπε
915 4829 974 4886 6":
1001 4835 1026 4886 6
1061 4836 1246 4907 Κύριος
1271 4853 1284 4868 ο
1346 4838 1531 4907 Σίμων,
1595 4840 1782 4909 Σίμων,
1841 4834 1959 4890 ἰδοὺ

2140 4839 2249 4896 Ait
2269 4844 2472 4895 autem
2496 4838 2817 4896 Dominus:
2852 4835 3462 4904 Simon,Simon,ecce
3479 4836 3738 4891 Satanas

355 4925 380 4975 6
412 4930 639 4987 Σατανᾶς
668 4923 962 4997 ἐξῃτήσατο
989 4925 1139 4998 ὑμᾶς,
1173 4931 1265 4976 τοῦ
1298 4927 1536 4977 σινιάσαι
1566 4927 1633 4988 ὡς
1663 4929 1746 4978 τόν
1773 4934 1914 4979 σῖτον
1943 4948 1957 4962 -

2117 4930 2357 5000 rpetivit
2385 4944 2507 4996 vos,
2550 4934 2614 4985 ut
2641 4927 2938 4986 eribraret
2973 4929 3125 4984 sicut
3159 4927 3448 4982 triticum.
3480 4925 3610 4994 Ego
3635 4939 3741 4980 au-

357 5015 459 5087 ἑγώ
503 5012 561 5068 δὲ
600 5012 820 5074 ἐδεήθην
842 5021 959 5089 περὶ
992 5023 1106 5083 σοῦ,
1133 5016 1216 5068 ἱνα
1235 5019 1306 5089 μὴ
1341 5015 1520 5090 ἐκλίπῃ
1557 5019 1585 5075 ἠ
1619 5021 1796 5078 πίστις
1829 5037 1952 5076 σου.

2109 5035 2189 5076 em
2216 5021 2434 5090 rogavi
2451 5035 2564 5088 pro
2609 5025 2684 5086 te,
2713 5024 2779 5073 ut
2813 5034 2932 5074 non
2965 5017 3206 5096 deﬁciat
3237 5015 3383 5085 ﬁdes
3443 5021 3547 5070 tua
3577 5015 3733 5085 (Luc.

355 5111 530 5158 ΠΡΟΣ
559 5111 739 5159 ΕΦΕΣ.
769 5110 1193 5179 Προσευχόμενοι
1222 5104 1270 5157 ἐν
1303 5111 1458 5160 παντὶ
1489 5115 1655 5181 καιρῷ
1711 5106 1759 5160 ἐν
1813 5112 1962 5161 πνεύ-

2115 5111 2214 5178 xu,
2241 5110 2450 5181 31,32.)
2484 5110 2737 5166 Orantes
2758 5109 2925 5165 omni
2956 5114 3221 5176 tempore
3257 5107 3322 5161 in
3351 5105 3569 5174 spiritu
3601 5109 3657 5161 et
3677 5104 3739 5158 in

358 5213 502 5266 αατι,
537 5198 626 5247 καὶ
651 5193 720 5256 εἰς
755 5194 880 5248 αὖτό
913 5193 1292 5268 ἁργυπνοῦντες
1323 5198 1543 5249 πάντοτε
1571 5195 1619 5249 ἐν
1658 5199 1802 5272 πάσῃ
1827 5217 1960 5274 προ-

2116 5215 2198 5256 iso
2222 5199 2540 5271 vigilantes
2561 5215 2792 5270 semper
2811 5199 2875 5255 in
2896 5198 3064 5255 omni
3080 5196 3372 5254 instantia
3397 5200 3449 5252 et
3471 5193 3740 5250 obsecra—

419 5509 539 5652 μθ)
568 5511 710 5580 Reg.
739 5508 974 5583 primus
993 5507 1239 5583 μέλλοντα
1253 5510 1514 5582 γίνεσθαι.

449 5583 540 5652 Iit)
579 5580 682 5638 Hic
721 5581 919 5638 notari
963 5586 1160 5652 potest
1198 5582 1578 5652 Dominicam
1626 5583 1964 5642 orationem

2148 5516 2262 5638 φρ)
2291 5514 2554 5588 Utraque
2580 5509 2765 5571 editio
2801 5513 2975 5586 ἄφετε.
3006 5510 3168 5582 Regii
3200 5510 3433 5584 primus
3461 5511 3520 5566 et
3539 5506 3743 5566 tertius

2119 5607 2145 5652 φ
2173 5605 2267 5642 ετε.

449 5580 551 5664 In).
579 5580 919 5664 Bienotari
957 5580 1160 5664 potest
1198 5580 1578 5664 Deminigam
1626 5583 1964 5642 orationem
2076 5580 2267 5658 ἀφίετε.

349 5651 606 5726 reperiri
628 5652 927 5727 integram
955 5651 1017 5711 in
1041 5652 1408 5712 Messanensi
1431 5651 1608 5713 libro.
