4112 6390
24 10 1198 37 W-

433 312 534 366 791

502 523 639 582 talis
666 541 793 583 non
850 526 1090 592 exstitit,
1133 529 1333 602 priore
1360 529 1543 587 etiam
1572 528 1858 603 privatur,
1909 545 2095 604 para-

501 615 757 689 tumque
792 630 917 673 non
958 617 1369 693 consequitur,
1389 617 1512 677 imo
1561 634 1704 677 vero
1747 634 1939 693 paena
1968 621 2092 676 tra-

502 700 687 763 ditur.

1095 797 1297 869 Caput
1325 800 1436 856 IV.

499 883 583 941 Et
617 885 964 944 accedentes
1000 887 1288 959 discipuli
1338 889 1633 947 dixerunt
1653 887 1748 946 ei:
1801 888 2002 957 Quare
2023 886 2093 944 in

425 972 741 1042 parabolis
768 978 1029 1049 loqueris
1080 979 1199 1035 eis!
1238 978 1355 1047 Qui
1391 978 1764 1049 respondens
1807 979 1897 1036 ait
1919 977 2047 1034 illis
2079 991 2095 1032 :

431 1062 587 1150 Quia
605 1065 768 1121 vobis
779 1066 988 1123 datum
1001 1073 1087 1124 est
1098 1082 1268 1124 nosse
1278 1068 1569 1139 mysteria
1585 1068 1763 1138 regni
1778 1068 2069 1125 calorum
2081 1106 2097 1135 ,

426 1153 557 1210 'ltis
573 1160 773 1212 autem
802 1171 923 1213 non
969 1162 1055 1214 est
1079 1156 1311 1215 datum.
1357 1157 1473 1226 Qui
1498 1158 1655 1214 enim
1692 1157 1899 1227 habet,
1927 1155 2101 1213 dabi-

432 1252 538 1303 tur
556 1245 632 1312 ei,
651 1251 709 1302 et
726 1246 1062 1304 abundabit
1090 1263 1105 1302 :
1134 1248 1243 1319 qui
1260 1253 1460 1305 autem
1481 1263 1603 1305 non
1625 1247 1826 1317 habet,
1853 1252 1909 1304 et
1938 1245 2103 1319 quod

431 1333 613 1391 habet
629 1336 951 1405 auferetur
966 1336 1042 1393 ab
1066 1351 1155 1394 eo.
1179 1336 1310 1394 Ideo
1337 1338 1398 1393 in
1416 1337 1729 1407 parabolis
1751 1337 1969 1410 loquor
1991 1336 2099 1404 eis,

430 1424 576 1495 quia
605 1425 870 1482 videntes
888 1442 1010 1482 non
1029 1427 1251 1493 vident,
1272 1432 1326 1483 et
1342 1426 1654 1484 audientes
1674 1443 1796 1483 non
1819 1425 2096 1494 audiunt,

430 1530 621 1586 neque
649 1516 1026 1586 intelligunt.
1058 1517 1135 1573 Et
1167 1516 1548 1587 adimpletur
1580 1517 1643 1573 in
1670 1518 1754 1574 eis
1780 1515 2100 1588 prophetia

426 1604 606 1661 Isaia
641 1604 886 1675 (Matth.
937 1621 1051 1675 xm,
1106 1608 1386 1676 10-14)....
1435 1606 1609 1663 Sicut
1639 1607 1798 1663 enim
1852 1620 2101 1677 peregre

433 1692 608 1749 homo
642 1695 1056 1764 proﬁciscens,
1083 1696 1317 1752 vocavit
1342 1709 1543 1751 servos
1568 1710 1727 1762 suos,
1757 1699 1813 1750 et
1841 1694 2097 1751 tradidit

1827 317 1886 374 S.
1919 316 2168 375 BASILII
2197 318 2419 374 MAGNI

504 433 608 491 Dei
655 434 929 509 gloriam,
965 435 1016 494 is
1050 436 1169 496 alia
1205 438 1389 496 etiam
1430 437 1730 513 accipiat:
1784 438 1890 514 qui
1948 454 2096 498 vero

2272 437 2429 505 δόξαν
2466 449 2560 495 τοῦ
2589 448 2744 509 Θιοῦ,
2776 446 2865 495 καὶ
2906 442 3090 518 ἐτέρων
3118 444 3461 509 χαταξιοῦται
3494 465 3510 481 ·

3700 324 3811 380 792

3561 442 3803 520 ὁδὶμή

2269 528 2501 591 τοιοῦτος
2525 534 2619 588 τήν
2646 548 2699 583 τε
2734 532 3192 605 προϋπάρχουσαν
3217 531 3538 607 ἀφαιρεῖται,
3586 538 3679 587 καὶ
3709 542 3775 595 τῆ
3785 555 3808 596 ς

2268 618 2655 692 ἡτοιμασμένος
2679 620 2801 692 (55)
2827 619 2888 672 οῦ
2908 621 3266 690 χαταξιοῦται,
3297 628 3387 676 καὶ
3422 627 3655 700 τιμωρίᾳ
3700 642 3810 677 πα-

2273 704 2583 782 ραδίδοται.

2850 800 3041 873 Κετάλ.
3084 797 3130 854 δ’
3142 843 3159 858 .

2274 892 2642 943 ΜΛΤΘΛΙΟΣ.
2673 891 2775 942 Καὶ
2802 889 3169 965 προσελθόντες
3193 892 3243 943 οἱ
3270 892 3505 964 μαθηταὶ
3534 893 3676 946 ιῖπον
3706 892 3810 946 αῦ-

2206 984 2280 1047 τῷ
2313 997 2327 1010 ·
2377 979 2473 1030 Διά
2491 981 2545 1031 τί
2582 976 2629 1030 ἄν
2658 978 2983 1054 παραϐολαῖς
3017 979 3188 1042 λαλεῖς
3223 982 3403 1044 αὐτοῖς
3430 998 3445 1049 ;
3499 981 3560 1034 '0
3591 978 3652 1035 δὲ
3675 981 3811 1036 ἀπο-

2207 1068 2402 1142 κριθεὶς
2441 1064 2577 1121 εἶπεν
2600 1067 2781 1132 αὐτοῖς
2803 1088 2819 1104 ο
2857 1068 2978 1123 Ὀτι
3007 1070 3129 1143 ὑμῖν
3151 1067 3370 1124 δέδοται
3392 1078 3589 1145 γνῶναι
3613 1074 3682 1125 τὰ
3704 1092 3811 1146 μυ-

2211 1161 2405 1232 στήρια
2434 1166 2532 1219 τῆς
2560 1155 2832 1230 βασιλείας
2867 1167 2967 1211 τῶν
2991 1159 3244 1233 οὐρανῶν,
3276 1158 3485 1223 έκείνοις
3528 1157 3591 1214 δὶ
3619 1160 3680 1214 οῦ
3718 1158 3813 1215 δέ-

2209 1242 2383 1302 δοται.
2414 1246 2603 1309 Ὀστις
2628 1248 2740 1320 (56)
2765 1251 2868 1323 γὰρ
2900 1251 3034 1321 ἔχει,
3064 1245 3356 1308 δοθήσεται
3379 1249 3543 1321 αὐτῷ,
3583 1254 3675 1304 καὶ
3716 1268 3813 1305 πε·-

2205 1337 2618 1410 ρισσευθήσιται
2647 1357 2660 1370 ·
2704 1338 2846 1399 ὅστις
2885 1335 2944 1392 δὴ
2975 1338 3069 1391 οῦκ
3098 1341 3232 1411 ἔχει,
3265 1344 3355 1393 καί
3380 1341 3408 1393 ὃ
3438 1342 3554 1412 ἔχει
3580 1338 3813 1417 ἀρθήσε-

2205 1444 2291 1477 ται
2322 1424 2410 1476 ἀπ’
2451 1426 2633 1482 αὑτοῦ.
2664 1429 2757 1481 Διά
2796 1435 2946 1482 τοῦτο
2976 1426 3023 1481 έν
3053 1427 3375 1502 παραϐολαῖς
3422 1429 3598 1491 αὐτοῖς
3653 1428 3809 1502 λαλῶ,

2206 1516 2284 1567 ὅτι
2313 1512 2583 1587 βλέποντες
2621 1515 2680 1568 οὗ
2726 1514 3000 1589 βλέπουσι,
3044 1522 3134 1571 καὶ
3165 1516 3437 1579 ἀκούοντες
3476 1518 3570 1571 οῦκ
3598 1516 3816 1572 ἀκούου-

2209 1621 2312 1671 σιν,
2346 1599 2471 1657 οῦδὶ
2498 1612 2761 1659 συνιοῦσι.
2796 1611 2897 1660 Καὶ
2926 1604 3312 1681 ἀναπληροῦται
3343 1607 3520 1669 αὐτοῖς
3549 1610 3578 1667 ἠ
3612 1620 3817 1683 προεθῇ-

2205 1697 2321 1746 τεία
2348 1692 2592 1751 Ἡσαΐου.
2617 1738 2630 1751 .
2652 1736 2666 1749 .
2704 1694 2903 1769 Ὠσπερ
2935 1698 3036 1770 γὰρ
3069 1698 3341 1771 ἄνθρωπος
3367 1693 3657 1771 ἀποδημῶν
3689 1696 3814 1751 ἑκά-

433 1783 558 1839 illis
590 1783 745 1839 bona
773 1799 904 1839 sua.
955 1784 1033 1839 Et
1066 1784 1209 1841 huic
1236 1784 1469 1856 quidem
1502 1784 1668 1842 dedit
1701 1784 1966 1857 quinque
2005 1790 2095 1842 ta-

2210 1782 2319 1836 λεσε
2356 1788 2477 1846 τοῦς
2518 1780 2684 1845 ἰδίους
2725 1781 2964 1851 δούλους,
3025 1791 3115 1838 καὶ
3164 1783 3464 1862 παρέδωκεν
3522 1787 3701 1851 αυτοῖς
3748 1790 3817 1841 τὰ

435 1874 624 1943 lenta,
655 1874 771 1930 alii
806 1879 1008 1931 autem
1036 1875 1178 1941 duo,
1225 1876 1341 1932 alii
1368 1889 1507 1932 vero
1535 1890 1744 1940 unum,
1772 1874 2099 1946 unicuique

431 1963 760 2021 secundum
778 1965 1096 2033 propriam
1127 1966 1431 2033 virtutem,
1461 1970 1516 2020 et
1529 1965 1844 2035 profectus
1864 1968 1951 2019 est
1977 1968 2097 2021 sta-

434 2054 569 2110 tim.
605 2052 771 2110 Abiit
820 2058 1021 2109 autem
1050 2054 1158 2125 qui
1183 2054 1448 2126 quinque
1475 2054 1709 2110 talenta
1753 2057 2094 2125 acceperat,

431 2148 487 2200 et
516 2149 800 2213 operatus
830 2149 915 2200 est
940 2143 1004 2199 in
1031 2144 1133 2211 eis,
1163 2148 1218 2200 et
1250 2143 1628 2215 comparavit
1656 2142 1787 2200 alia
1832 2142 2097 2215 quinque

434 2232 683 2290 talenta.
711 2234 1009 2291 Similiter
1039 2238 1096 2289 et
1124 2233 1233 2305 qui
1273 2233 1394 2289 duo
1424 2237 1763 2304 acceperat,
1818 2232 2096 2290 lucratus

433 2328 517 2379 est
545 2323 674 2379 alia
709 2323 830 2379 duo
883 2321 1127 2394 (Matth.
1161 2338 1300 2387 xxv,
1354 2322 1568 2381 14-17).
1602 2324 1671 2379 Et
1698 2321 1883 2395 paulo
1910 2326 2094 2395 post:

435 2412 615 2469 Omni
630 2413 785 2469 enim
815 2412 1064 2473 habenti
1105 2413 1392 2470 dabitur:
1450 2412 1552 2484 qui
1580 2428 1719 2470 vero
1744 2429 1866 2470 non
1896 2412 2095 2481 habet,

433 2508 488 2560 et
509 2503 670 2575 quod
689 2502 882 2574 habet,
903 2504 1222 2574 auferetur
1246 2504 1322 2561 ab
1348 2518 1432 2562 eo.
1462 2504 1542 2560 Et
1564 2504 1841 2562 inutilem
1859 2519 2097 2562 servum

431 2591 634 2662 ejicite
658 2591 721 2647 in
778 2591 1054 2649 tenebras
1096 2592 1462 2650 exteriores:
1490 2592 1622 2650 illic
1668 2593 1785 2650 erit
1820 2592 1999 2665 fletus
2040 2597 2096 2649 et

432 2680 665 2738 stridor
691 2680 962 2739 dentium
981 2680 1153 2754 (ibid.
1175 2684 1267 2752 29,
1291 2681 1380 2755 30)

1039 2788 1325 2845 REGIILA
1347 2790 1476 2848 LIX.

1039 2792 1325 2845 REGIILA
1347 2792 1387 2845 l.
1436 2792 1476 2848 ’.

430 2877 606 2947 Quod
626 2893 748 2936 non
773 2883 1011 2952 oportet
1036 2792 1452 2936 Christianuxl:
1474 2879 1749 2937 humana
1783 2878 1979 2951 gloria
2004 2878 2092 2936 af-

500 2968 623 3036 ﬁci,
675 2983 875 3041 neque
905 2966 1017 3024 sibi
1048 2966 1358 3024 vindicare
1406 2967 1698 3025 eximium
1746 2968 2040 3026 honorem
2075 2983 2090 3023 :

501 3058 646 3134 quin
680 3057 881 3131 potius
910 3056 1090 3113 debet
1135 3057 1461 3115 emendare
1487 3073 1593 3115 eos
1646 3058 1752 3132 qui
1772 3058 1976 3133 ipsum
2007 3055 2094 3113 sic

500 3147 565 3205 in
593 3147 786 3222 pretio
814 3145 1062 3215 habent,
1104 3150 1211 3204 aut
1234 3146 1529 3220 majorem
1556 3146 1634 3205 de
1665 3160 1737 3205 eo
1784 3146 2094 3204 existima-
2122 3160 2165 3215 ο

502 3239 729 3296 tionem
758 3234 1124 3309 concipiunt.

1130 3345 1331 3415 Caput
1347 3345 1399 3401 Ι.

504 3433 583 3491 Et
612 3449 763 3503 ecce,
794 3449 952 3490 unus
998 3435 1284 3492 accedens
1315 3436 1397 3490 ait
1426 3435 1529 3491 illi
1554 3449 1566 3490 :
1612 3434 1904 3507 magister
1925 3434 2093 3500 bone,

431 3526 580 3599 quid
609 3524 746 3581 bona
762 3525 1045 3595 faciendo
1075 3526 1260 3583 vitam
1288 3531 1571 3582 attentam
1588 3524 1904 3595 possidebo
1933 3530 1963 3582 ?
1986 3523 2099 3592 Qui

432 3615 590 3672 dixit
613 3614 668 3671 ei
697 3631 711 3670 :
743 3615 893 3687 quid
921 3630 1013 3671 me
1059 3615 1210 3671 dicis
1238 3615 1457 3671 bonum
1480 3615 1508 3671 ?
1538 3614 1724 3671 Nemo
1771 3613 1958 3670 bonus
1977 3613 2099 3669 nisi

433 3719 591 3762 unus
617 3704 776 3760 Deus
816 3703 1061 3772 (Matth.
1090 3719 1213 3771 xxx,
1251 3708 1333 3775 16,
1382 3704 1563 3775 17)....
1590 3702 1861 3759 Gloriam
1893 3701 1970 3760 ab
1998 3700 2097 3758 ho—

432 3794 694 3852 minibus
723 3810 842 3850 non
862 3794 1095 3864 accipio
1117 3794 1309 3857 (toan.
1338 3809 1395 3859 ν,
1418 3795 1531 3860 it).
1579 3794 1646 3849 Et
1672 3791 1885 3865 paucis
1910 3790 2098 3849 inter-

429 3884 600 3956 jectis
620 3899 642 3939 :
665 3884 967 3951 Quomodo
999 3899 1099 3941 vos
1124 3884 1372 3953 potestis
1398 3882 1662 3954 credere,
1707 3883 1813 3955 qui
1832 3883 2097 3953 gloriam

438 3973 617 4045 280
651 3974 728 4031 ab
757 3974 1010 4029 invicem
1034 3974 1331 4043 accipitis,
1364 3977 1419 4029 et
1465 3972 1725 4043 gloriam
1756 3986 1889 4044 qua:
1912 3986 1950 4028 a
1971 3972 2098 4027 solo

434 4067 556 4122 Deo
582 4070 666 4121 est
697 4081 817 4121 non
856 4066 1121 4136 quaeritis
1151 4064 1179 4120 ‘l
1205 4064 1375 4133 (Ibid.
1398 4064 1582 4129 4i)....
1627 4064 1726 4121 Va:
1754 4064 1920 4120 vobis
1950 4062 2100 4119 Pha-

437 4156 620 4211 risasis
636 4158 781 4226 quia
800 4155 1058 4225 diligitis
1073 4155 1307 4225 primas
1325 4153 1646 4211 cathedras
1667 4155 1728 4209 in
1749 4152 2097 4223 synagogis,

437 4250 491 4301 et
521 4245 920 4302 salutationes
947 4247 1009 4300 in
1024 4246 1181 4315 foris
1203 4246 1375 4316 (Luc.
1398 4261 1478 4314 xx,
1503 4246 1688 4316 43)....
1715 4245 1922 4316 Neque
1942 4242 2099 4300 enim

435 4334 770 4407 aliquando
787 4336 1016 4403 fuimus
1036 4336 1099 4391 in
1118 4350 1386 4391 sermone
1405 4334 1799 4401 adulationis,
1820 4332 1975 4389 sicut
1991 4332 2101 4389 sci-

439 4425 536 4492 tis,
563 4439 751 4497 neque
775 4425 837 4479 in
868 4426 1177 4482 occasione
1198 4426 1498 4491 avaritiae,
1524 4425 1675 4480 Deus
1697 4423 1859 4480 testis
1881 4429 2102 4491 est,nec

438 4520 768 4588 quatrentes
800 4514 875 4571 ab
909 4513 1247 4572 hominibus
1274 4514 1561 4586 gloriam,
1605 4528 1795 4585 neque
1825 4527 1861 4569 a
1913 4511 2098 4576 vobis,
2134 4527 2177 4583 ο
2210 4513 2385 4573 καθὼς

439 4620 629 4677 neque
647 4602 721 4660 ab
747 4604 888 4661 aliis
919 4606 971 4675 (Ι
1005 4605 1206 4662 Thess.
1234 4619 1296 4671 ιι,
1348 4608 1403 4673 5,
1437 4606 1585 4674 6)....
1617 4602 1699 4659 Et
1718 4604 1956 4673 factum
2012 4606 2098 4659 est

439 4710 575 4753 cum
606 4698 906 4752 introisset
931 4695 1380 4763 Petrus,obvius
1408 4696 1568 4751 venit
1593 4694 1651 4751 ei
1678 4694 2014 4763 Cornelius,
2046 4697 2102 4749 et

441 4786 758 4857 procidens
789 4786 872 4843 ad
891 4787 1069 4857 pedes
1096 4788 1225 4857 ejus
1255 4786 1560 4842 adoravit.
1595 4789 1800 4841 Petrus
1823 4800 1957 4841 vero
1987 4784 2100 4841 ele-

443 4879 606 4936 vavit
617 4893 752 4936 eum
772 4877 975 4935 dicens
997 4893 1010 4932 :
1029 4876 1388 4948 Surge,nam
1417 4880 1471 4932 et
1491 4889 1596 4947 ego
1626 4875 1752 4946 ipse
1774 4874 1946 4932 homo
1965 4889 2098 4931 sum

665 5219 919 5289 Utraque
951 5215 1131 5289 editio
1160 5220 1251 5269 καὶ
1289 5221 1394 5276 τοῖς
1436 5216 1857 5289 ἡτοιμασμένοις.
1892 5212 2095 5272 Codex

447 5288 783 5346 Combet'.et
815 5288 954 5361 Heg.
994 5288 1228 5362 primus
1258 5293 1463 5362 aui-rb;
1492 5288 1902 5362 ἡτοιμασμένηςε

518 5362 633 5430 (56)
654 5363 794 5431 Reg.
827 5356 1061 5433 primus
1090 5364 1298 5420 ἐκεινοις
1329 5356 1389 5412 δὲ
1416 5363 1465 5412 ἓν
1496 5356 1838 5433 παραϐολαῖς.
1889 5358 2100 5421 Ὀστις.

517 5432 896 5507 (aﬂuit-aque
927 5432 1107 5507 editio
1156 5433 1468 5507 animum
1496 5432 1758 5507 αὐτοῡΑι
1791 5446 1934 5507 mss.
1984 5437 2104 5507 tres

448 5501 615 5573 αὐτῷ.
658 5506 778 5576 iioc
800 5501 964 5576 loco
989 5503 1165 5576 plura
1211 5501 1351 5559 sunt
1391 5504 1454 5569 in
1488 5503 1859 5561 Messanensi
1907 5501 2112 5558 codice

445 5589 637 5649 quam
655 5573 717 5649 in
728 5573 1022 5649 _vnlgatis.

516 5646 637 5721 (58)
662 5645 817 5705 Libri
844 5644 1072 5715 retere.
1115 5645 1371 5705 usam.
1406 5649 1666 5721 Utraque
1692 5646 1788 5707 ed.
1814 5644 2100 5702 ἐκϐαλλιτι.

2207 1873 2518 1947 ὑπάρχοντα
2544 1872 2700 1925 αὐτοῦ
2726 1875 2840 1943 (57)
2866 1895 2879 1908 ·
2912 1880 3002 1927 καὶ
3032 1875 3071 1944 ᾧ
3095 1877 3186 1947 μὶν
3215 1871 3376 1928 ἔδωκε
3397 1879 3542 1929 πέντε
3566 1874 3811 1933 τάλαντα,

2207 1958 2247 2034 ᾧ
2274 1957 2333 2014 δὲ
2360 1959 2477 2031 δύο,
2509 1962 2548 2032 ᾧ
2580 1959 2639 2015 δὶ
2660 1962 2727 2027 ἓν,
2760 1962 2961 2035 ἑκάστῳ
2990 1966 3126 2016 κατά
3145 1969 3239 2023 τήν
3265 1962 3406 2017 ἰδίαν
3447 1962 3692 2040 δύναμιν,
3721 1972 3815 2020 καὶ

2209 2047 2548 2124 ἀπεδήμησεν
2576 2051 2775 2113 ευθέως.
2810 2054 3087 2128 Πορευθεὶς
3116 2050 3175 2106 6‘s
3209 2055 3236 2106 6
3284 2056 3351 2106 τὰ
3394 2058 3543 2108 πέντε
3585 2056 3814 2109 τάλαντα

2206 2139 2395 2209 λαϐὼν,
2431 2142 2712 2217 εἰργάσατο
2743 2140 2793 2195 έν
2824 2142 3026 2212 αὐτοῖς,
3071 2148 3162 2197 καὶ
3210 2141 3452 2203 έποίησεν
3499 2143 3629 2199 ἄλλα
3665 2149 3814 2199 πέντε

2208 2230 2453 2286 τάλαντα.
2485 2230 2754 2293 Ὠσαῦτως
2778 2236 2869 2285 καὶ
2899 2234 2925 2285 6
2954 2236 3017 2285 τὰ
3049 2229 3147 2286 δύο
3178 2230 3458 2307 έκέρδησεν
3510 2233 3643 2287 ἄλλα
3689 2230 3808 2291 δύο.

2208 2319 2315 2374 Καὶ
2339 2320 2451 2393 μετ’
2480 2320 2633 2393 ὀλίγα
2658 2341 2671 2354 ·
2702 2327 2786 2393 Τῷ
2804 2324 2908 2397 γὰρ
2936 2325 3113 2396 ἔχοντι
3151 2328 3308 2376 παντὶ
3339 2319 3628 2382 δοθήσεται
3660 2345 3673 2357 ·
3709 2322 3808 2377 διπό

2211 2408 2270 2464 δι
2294 2419 2385 2464 τοῦ
2413 2416 2486 2485 μὴ
2529 2413 2745 2484 ἔχοντος
2770 2418 2861 2466 καὶ
2885 2412 2911 2465 ὃ
2942 2415 3055 2486 ἔχει
3073 2413 3365 2487 ἀρθήσεται
3387 2412 3475 2467 ἀπ’
3501 2414 3683 2471 αὑτοῦ.
3710 2420 3807 2469 Καὶ

2208 2505 2294 2554 τὸν
2325 2500 2538 2576 ἀρχεῖον
2572 2499 2756 2555 δοῦλον
2787 2500 3169 2575 έκϐα’λλετε(55)
3199 2502 3270 2565 εἰς
3295 2508 3354 2556 τὸ
3388 2508 3575 2566 σκὰτος
3605 2507 3662 2557 τὸ
3690 2503 3813 2567 ὶξὼο

2205 2610 2346 2669 τερον
2364 2613 2374 2624 ⁸
2400 2590 2501 2644 ἐκεῖ
2516 2594 2662 2645 ἔσται
2680 2593 2708 2644 6
2728 2591 3013 2665 κλαυθμὸς,
3028 2596 3119 2644 καὶ
3139 2593 3165 2643 6
3184 2590 3423 2665 βρυγμὸς
3444 2600 3544 2644 τῶν
3562 2587 3811 2647 ὀδόντων.

2853 2794 3021 2841 oro:
3056 2785 3161 2842 Ne'

2206 2886 2304 2930 Οτι
2341 2875 2399 2930 οὗ
2427 2872 2512 2930 δεῖ
2544 2879 2629 2929 τὸν
2656 2880 2973 2952 Χριστιανὸν
3029 2877 3403 2952 προσ-πάσχειν
3450 2883 3512 2949 τῇ
3558 2872 3657 2928 ἀπὸ
3706 2881 3809 2925 τῶν

2276 2966 2557 3041 ἀνθρώπων
2590 2962 2741 3038 δόξῃ,
2775 2967 2888 3019 οῦτι
2921 2964 3235 3038 ἀντέχεσθαί
3266 2970 3425 3037 τιμῆς
3450 2961 3808 3041 ὑπερϐαλλού-

2278 3074 2391 3122 σης,
2576 3060 2665 3107 καὶ
2696 3051 3043 3130 διορθοῦσθαι
3089 3057 3206 3116 τοῦς
3258 3055 3394 3107 οὕτω
3439 3060 3720 3127 τιμῶντας,
3773 3053 3803 3112 ἦ

2275 3145 2423 3197 πλέον
2462 3148 2578 3218 περὶ
2607 3143 2767 3198 αὑτοῦ
2797 3153 3133 3222 φρονοῦντας.

2850 3340 3037 3417 Κεφάλ.
3100 3341 3164 3398 α’.

2280 3441 2646 3491 ΜΛΤΘΑΙΟΣ.
2705 3438 2811 3487 Καὶ
2867 3429 3007 3503 ἰδοῦ,
3058 3435 3130 3494 εἷς
3177 3430 3476 3507 προσελθὼν
3526 3427 3659 3485 εἶπεν
3709 3428 3808 3484 αὖ-

2205 3534 2315 3598 τῷο
2359 3522 2655 3579 Διδάσκαλε
2709 3523 2888 3596 ἁγαθὶ,
2971 3526 3024 3576 τί
3096 3521 3292 3596 ἀγαθὸν
3386 3526 3615 3583 ποιήσας
3669 3520 3809 3583 ζωὴν

2207 3616 2413 3669 αἰώνιον
2504 3614 2932 3689 κληρονομήσω;
3018 3620 3077 3666 Ὀ
3135 3607 3195 3666 δὶ
3250 3609 3385 3666 εἶπεν
3449 3611 3589 3682 αὐτῷ
3647 3610 3809 3681 (59)’

2206 3711 2270 3760 Τί
2326 3724 2389 3779 με
2433 3704 2594 3778 λέγεις
2647 3701 2890 3775 inv/«06‘s;
2970 3697 3162 3764 Οὐδεὶς
3208 3700 3402 3774 ἀγαθὸς
3453 3700 3606 3773 εἰμή
3663 3700 3736 3761 εἷς
3784 3699 3813 3750 6

2209 3800 2357 3857 θεὸς.
2419 3800 2735 3849 ΙΩΛΝΝΠΣ.
2789 3792 2948 3855 Δόξαν
3010 3793 3154 3868 παρὰ
3219 3788 3501 3864 ἀνθρώπων
3558 3789 3616 3843 οῦ
3683 3788 3816 3862 λαμ-

2210 3886 2367 3941 ϐάνω.
2403 3890 2506 3939 Καὶ
2553 3883 2662 3958 μετ’
2720 3882 2904 3955 ὀλίγα·
2967 3889 3079 3943 Πῶς
3128 3879 3358 3934 δύνασθε
3409 3882 3556 3953 ὑμεῖς
3598 3885 3817 3933 πιστεῦ-

2211 3995 2321 4042 σαι,
2382 3971 2540 4036 δόξαν
2604 3973 2730 4047 παρ’
2806 3970 3029 4031 ἀλλήλων
3110 3969 3475 4045 λαμϐάνοντες,
3545 3974 3635 4022 καὶ
3716 3973 3814 4027 τὴν

2211 4060 2368 4128 δόξαν
2442 4068 2535 4123 τὴν
2599 4064 2744 4136 παρὰ
2797 4069 2888 4114 τοῦ
2944 4064 3102 4135 μόνον
3154 4062 3287 4115 Θεόῦ
3359 4060 3418 4113 οῦ
3495 4059 3811 4124 ζητοῦντες

2210 4158 2497 4208 ΛΟΥΚΑΣ.
2557 4151 2693 4205 Οὐαὶ
2736 4153 2857 4224 ὑμῖν
2900 4158 3008 4213 τοῖς
3052 4156 3380 4226 Φαρισαίοις,
3440 4150 3519 4202 ὅτι
3577 4146 3816 4221 ἀγαπᾶτε

2210 4246 2304 4305 τὰς
2359 4238 2818 4317 πρωτοκαθεδρίας
2871 4237 2919 4292 ἓν
2962 4248 3077 4302 ταῖς
3148 4246 3502 4313 συναγωγαῖς,
3550 4241 3640 4291 καὶ
3691 4238 3815 4296 τοὺς

2211 4331 2527 4406 ἀσπασμοὺς
2579 4330 2627 4383 ἐν
2666 4338 2783 4393 ταῖς
2820 4330 3054 4405 ἀγοραῖς.
3103 4337 3271 4384 ΠΡΟΣ
3316 4336 3503 4384 θΕΣΣ.
3561 4326 3626 4384 α’.
3679 4328 3818 4378 Οῦτε

2208 4425 2311 4497 γάρ
2405 4441 2529 4475 ποτε
2579 4422 2694 4488 (60)
2798 4418 2846 4472 ἓν
2925 4420 3064 4493 λόγῳ
3142 4419 3414 4481 κολακείας
3503 4416 3817 4489 ὶγνήθημεν,

2476 4506 2673 4579 οἴδατε,
2751 4512 2868 4563 οὔτε
2940 4512 3195 4585 προφάσει
3286 4508 3599 4575 πλεονεξίας,
3688 4507 3820 4566 Θεὸς

2212 4605 2446 4677 μάρτυς·
2507 4604 2624 4655 οὔτε
2679 4600 2951 4662 ζητοῦντες
2996 4598 3048 4663 ἐξ
3103 4597 3384 4674 ἀνθρώπων
3452 4592 3632 4662 δόξαν,
3697 4597 3819 4648 οῦτε

2211 4691 2487 4766 ἀφ’ῦμῶν,
2520 4693 2637 4744 οὔτε
2694 4689 2782 4744 ἀπ’
2834 4689 3025 4745 ἄλλων.
3089 4692 3385 4743 ΠΡᾹΞΕΙΣ.
3446 4686 3533 4749 Ὠς
3588 4682 3649 4740 δί
3701 4683 3819 4757 ἦγέ-

2209 4801 2322 4836 νιτο
2380 4789 2471 4834 τοῦ
2538 4780 2779 4834 εἰσελθεῖν
2849 4783 2936 4832 τὸν
3023 4782 3238 4853 Πέτρον,
3318 4782 3642 4838 συναντήσας
3724 4774 3819 4827 αὐ-

2211 4880 2282 4942 τῷ
2334 4872 2360 4923 6
2421 4869 2721 4947 Κορνήλιος,
2810 4872 2981 4923 πεσὼν
3049 4867 3137 4921 ἰπὶ
3203 4871 3318 4929 τοὺς
3392 4862 3565 4930 πόδας
3653 4864 3819 4919 αὐτοῦ

3728 4992 3743 5017 κ

2276 5212 2393 5284 (59)
2419 5212 2560 5282 Reg.
2593 5210 2803 5284 tertius
2827 5208 2887 5262 Ὀ
2913 5204 2974 5262 δε
3001 5208 3139 5281 λέγει
3170 5209 3331 5282 αὐτῷ.

2283 5279 2398 5355 (60⁷)
2425 5279 2637 5340 Totum
2661 5281 2830 5355 illud,
2863 5284 2997 5355 0:an
3024 5279 3127 5355 γαρ
3166 5279 3308 5350 ποτέ,
3340 5284 3481 5355 ete.,
3503 5279 3583 5337 ad
3602 5293 3821 5355 vocem

2214 5351 2411 5428 usque
2431 5357 2656 5429 μάρτυς,
2688 5354 2750 5409 in
2780 5351 2973 5429 Regiis
2993 5351 3191 5429 primo
3219 5359 3288 5429 et
3316 5354 3494 5429 tertio
3514 5364 3641 5429 non
3670 5351 3821 5429 legi-

2218 5423 2345 5496 tur‘;
2376 5423 2483 5484 ne:
2507 5423 2688 5488 bene,
2724 5431 2786 5481 ut
2805 5424 2949 5481 mihi
2967 5423 3212 5498 quidem
3235 5425 3491 5498 videtur,
3514 5425 3653 5498 huic
3680 5423 3821 5498 loco

2221 5495 2501 5571 convenit
2521 5517 2533 5555 :
2553 5498 2847 5571 quoniam
2858 5495 3061 5571 tamen
3078 5512 3307 5571 eaquae
3324 5497 3587 5553 iudicavi
3604 5495 3817 5571 uerba,

2220 5565 2604 5644 reperiuntur
2621 5574 2680 5644 et
2696 5568 2760 5644 in
2783 5566 3043 5641 vulgatis
3069 5571 3127 5626 et
3150 5565 3213 5625 in
3242 5570 3385 5642 Reg.
3416 5565 3709 5637 secundo,
3731 5566 3823 5624 ni-

2209 5641 2308 5702 hil'
2322 5647 2559 5702 mutare
2586 5641 2770 5702 volui.
