4112 6378
320 342 422 398 793

1827 337 2140 400 MORALIA
2154 384 2168 399 .

3582 349 3690 404 794

315 469 720 542 προσεκύνησεν.
779 467 837 521 Ὀ
894 464 954 521 δε
1005 471 1200 542 Θέτρος
1251 470 1454 542 ἤγειρεν
1511 467 1665 519 αὐτὸν
1713 466 1910 538 λέγων·

2034 448 2274 539 (Acta,
2312 471 2402 537 25,
2432 471 2588 526 26)...
2619 468 2862 527 Statuto
2900 477 3101 528 autem
3148 470 3262 540 die,
3297 472 3562 530 Herodes
3595 487 3694 529 vc-

319 556 640 616 ’Avaiarn9t-
707 562 797 610 καὶ
860 559 962 631 γὰρ
1028 555 1172 628 κάγὼ
1239 557 1390 617 αὐτὸς
1456 558 1726 630 ἄνθρωπος
1787 556 1910 629 εἰμι.

319 653 612 701 ΠΡΑΞΕΙΣ.
655 654 829 720 Τακτῇ
883 643 943 699 δε
985 648 1156 720 ἡμέρᾳ
1203 647 1228 698 ὁ
1267 643 1524 719 Ἡρώδης,
1566 643 1917 719 ἐνδυσάμενος

319 734 516 796 ἐσθῆτα
545 735 843 810 βασιλικὴν,
873 739 959 788 καὶ
989 738 1104 807 (61)
1135 737 1360 797 καθίσας
1391 735 1476 790 ἐπὶ
1515 743 1606 789 τοῦ
1652 735 1913 810 βήματος,

318 821 660 900 ἕδημηγορει.
691 824 750 878 Ὀ
782 822 840 878 δε
890 822 1060 898 δῆμος
1108 824 1386 898 ἐπεφώνει·
1441 833 1574 879 Θεοῦ
1625 830 1788 898 φωνὴ,
1829 829 1918 878 καὶ

317 916 412 966 οὐκ
441 913 734 990 ἀνθρώπου.
770 922 1111 990 Παραχρῆμα
1141 911 1200 968 δε
1235 913 1480 978 ἐπάταξεν
1520 915 1675 968 αὐτὸν
1706 914 1919 988 ἄγγελος

321 1010 537 1079 Κυρίου,
570 1003 679 1057 ἀνθ’
702 1005 768 1056 ὧν
798 1004 892 1057 οὐκ
922 1001 1084 1057 ἔδωκε
1111 1009 1203 1064 τὴν
1235 1001 1392 1068 δόξαν
1424 1014 1495 1078 τῷ
1521 1010 1628 1076 Θεῷ
1655 1026 1668 1039 ·
1710 1010 1802 1058 καὶ
1825 1025 1920 1078 γε-

317 1098 525 1167 νόμενος
553 1093 990 1169 σκωληκόϐρωτος
1019 1093 1248 1164 ἐξέψυξε.

997 1209 1164 1254 ΟΡΟΣ
1189 1200 1259 1257 Ξ.

313 1303 450 1375 Ὀτι,
483 1315 581 1360 τῶν
611 1310 963 1384 χαρισμάτων
993 1316 1082 1362 τοῦ
1115 1314 1412 1384 Πνευματος
1441 1305 1706 1384 διαφόρων
1745 1311 1918 1384 ὑπαρ-

383 1402 606 1470 χόντων,
640 1405 729 1451 καὶ
760 1403 876 1451 οὔτε
919 1399 1026 1462 ἐνὸς
1059 1396 1346 1473 δυναμένου
1395 1402 1460 1452 τὰ
1505 1401 1675 1453 πάντα
1721 1399 1918 1454 ὑποδέ-

385 1487 597 1555 ξασθαι,
631 1489 748 1541 οὗτε
778 1490 978 1542 πάντων
1010 1492 1066 1541 τὸ
1099 1489 1244 1556 αὐτὸ,
1281 1487 1361 1542 δεῖ
1389 1490 1499 1561 (62)
1533 1495 1806 1565 σωφρόνως
1827 1495 1916 1542 καὶ

384 1576 714 1652 εὐχαρίστως
758 1581 976 1630 ἕκαστον
1030 1577 1258 1651 ἐμμένειν
1326 1588 1397 1650 τῷ
1461 1575 1762 1653 διδομένῳ,
1829 1585 1918 1632 καὶ

386 1674 675 1737 συμφωνεῖν
706 1665 945 1732 ἀλλήλοις
970 1671 1092 1730 τοὺς
1134 1669 1326 1728 πάντας
1357 1666 1405 1719 ἐν
1445 1666 1620 1741 ἀγάπη
1657 1677 1912 1744 Χριστοῦ,

384 1756 556 1828 ὥσπερ
605 1754 730 1828 μέλη
785 1753 832 1807 ἐν
874 1761 1107 1829 σώματιο
1159 1758 1291 1810 ὥστε
1339 1759 1426 1810 τὸν
1467 1757 1827 1816 ὑποϐεϐηκὸτα
1865 1759 1915 1812 ἐν

383 1849 492 1904 τοῖς
521 1847 835 1918 χαρίσμασι
867 1850 1143 1920 συγκρίσει
1180 1853 1270 1898 τοῦ
1301 1847 1644 1921 ὑπερέχοντος
1673 1846 1814 1918 αὐτῷ
1840 1852 1910 1922 μὴ
1951 1891 1988 1944 Β

385 1930 760 2004 ἀπογινώσκειν
790 1933 922 2004 (63),
956 1939 1087 2006 μήτε
1133 1938 1236 2007 μὴν
1279 1939 1366 1987 τὸν
1405 1936 1621 2008 μείζονα
1662 1955 1917 2013 καταφρο-

381 2027 482 2074 νεῖν
508 2029 599 2074 τοῦ
630 2021 910 2086 ἐλάττονος.
940 2026 1006 2075 Οἱ
1029 2026 1129 2099 γὰρ
1159 2021 1620 2100 διαμεμερισμένοι
1641 2030 1730 2079 καὶ
1762 2024 1916 2080 διασ-

383 2112 721 2176 τασιάζοντες
748 2113 1080 2176 καταλύσεως
1113 2113 1271 2177 ἄξιοι.

970 2311 1159 2384 Κεφάλ.
1190 2310 1254 2369 α’.

377 2421 743 2472 ΜΑΤΘΑΙΟΣ.
780 2424 934 2470 Πᾶσα
981 2417 1248 2490 βασιλεία,
1281 2421 1596 2494 μερισθεῖσα
1634 2423 1749 2474 καθ’
1783 2420 1908 2474 ἐαυ-

303 2513 416 2571 τῆς,
445 2505 732 2582 ἐρημοῦται
756 2509 868 2578 (64)
895 2524 908 2536 ⁶
960 2513 1050 2560 καὶ
1088 2515 1236 2561 πᾶσα
1276 2509 1418 2570 πόλις
1464 2512 1491 2570 ἡ
1524 2511 1684 2576 οἰκία,
1716 2531 1906 2585 μερισ-

309 2595 455 2648 θεῖσα
481 2598 598 2648 καθ⁹
623 2595 830 2664 ἑαυτῆς,
864 2596 922 2649 οὗ
966 2600 1309 2656 σταθήσεται.
1355 2606 1522 2652 ΠΡΟΣ
1567 2606 1719 2656 ΓΔΑ.
1754 2601 1816 2654 Εἰ
1847 2598 1906 2654 δε

305 2682 549 2748 ἀλλήλους
604 2682 837 2756 δάκνετε,
896 2693 987 2740 καὶ
1043 2691 1358 2756 κατεσθίετε,
1415 2688 1629 2763 βλέπετε
1683 2696 1756 2763 μὴ
1803 2693 1903 2744 ὑπὸ

301 2770 530 2832 ἀλλήλων
579 2778 696 2847 (65)
735 2775 1050 2838 ἀναλωθῆτε.
1101 2784 1417 2834 ΙΩΑΝΝΠΣ.
1454 2780 1530 2832 0:3
1562 2785 1678 2854 περὶ
1708 2784 1903 2834 τούτων

301 2859 475 2938 ἐρωτῶ
504 2869 678 2936 μόνον,
713 2864 838 2918 ἀλλὰ
881 2871 970 2919 καὶ
1009 2873 1128 2942 περὶ
1165 2876 1263 2920 τῶν
1295 2873 1644 2922 πιστευόντων
1689 2867 1724 2923 ὃ
1730 2873 1783 2923 ιὰ
1811 2879 1903 2925 τοῦ

299 2949 457 3022 λογον
489 2952 656 3004 αὐτῶν
701 2951 773 3016 εἰς
811 2953 935 3028 ἐμέ·
987 2958 1069 3009 ἵνα
1112 2959 1294 3018 πάντες
1338 2957 1386 3012 ἓν
1434 2959 1554 3026 ὦσι,
1599 2962 1774 3021 καθὼς
1815 2965 1900 3028 σὺ,

306 3041 495 3114 Πάτερ,
529 3039 578 3093 ἰν
609 3040 741 3114 ἐμοὶ,
775 3042 920 3116 κάγὼ
947 3043 994 3097 ἐν
1029 3051 1151 3099 σοί·
1197 3050 1279 3102 ἱνα
1320 3053 1410 3101 καὶ
1450 3049 1594 3102 οὗτοι
1625 3047 1672 3101 ἐν
1699 3052 1824 3123 ἡμῖν
1857 3050 1904 3103 ἓν
1937 3033 1978 3088 C

304 3129 424 3184 ὦσι.
460 3136 752 3188 ΙΙΡΑΞΕΙΣ.
781 3140 883 3187 Τοῦ
930 3131 988 3188 δὲ
1018 3135 1247 3200 πλήθους
1275 3146 1374 3190 τῶν
1417 3141 1804 3192 πιστευσάντων
1846 3137 1906 3199 ἦν

303 3221 332 3278 ἡ
366 3215 564 3294 καρδία
603 3226 692 3274 καὶ
722 3225 750 3282 ἡ
802 3223 956 3296 ψυχὴ
991 3230 1107 3299 μία,
1135 3232 1226 3280 καὶ
1270 3224 1394 3280 οὐδὲ
1430 3231 1501 3291 εἷς
1529 3249 1582 3281 τι
1609 3237 1706 3283 τῶν
1733 3231 1907 3306 ὑπαρ-

299 3313 504 3380 χόντων
542 3309 683 3380 αὐτῷ
725 3311 888 3383 {Ar/sv
918 3311 978 3365 ἐδ
984 3334 1056 3366 ιον
1089 3317 1238 3383 εἶναι,
1272 3315 1376 3368 ἀλλ’
1406 3314 1467 3376 ἦν
1494 3318 1672 3381 αυτοῖς
1701 3320 1908 3373 ἅπαντα

301 3399 470 3482 κοινά.
518 3403 685 3451 ΠΡΟΣ
734 3407 893 3455 ΡΩΜ,
946 3406 1092 3474 Λέγω
1131 3407 1229 3476 γὰρ
1282 3401 1376 3457 διὰ
1418 3413 1514 3467 τῆς
1558 3409 1784 3482 χάριτος
1812 3417 1909 3470 τῆς

267 3481 548 3558 ,δοθείσης
577 3507 668 3556 μοι
715 3494 870 3542 παντὶ
920 3499 992 3562 τῷ
1041 3495 1145 3544 ὄντι
1198 3491 1246 3543 ἐν
1277 3493 1419 3566 ὑμῖν,
1451 3499 1523 3567 μὴ
1576 3497 1908 3572 ὑπερφρονεῖν

298 3575 422 3649 παρ’
475 3577 501 3629 ὃ
556 3573 639 3630 δεῖ
683 3585 900 3652 φρονεῖν,
949 3575 1078 3632 ἀλλὰ
1126 3588 1322 3655 φρονεῖν
1370 3583 1443 3644 εἰς
1485 3587 1541 3635 τὸ
1589 3592 1903 3658 σωφρονεῖν

301 3664 502 3738 ἑκάστῳ
547 3668 611 3727 ὡς
656 3667 682 3719 6
724 3671 854 3729 Θεὸς
902 3666 1107 3743 ἐμέρισε
1149 3675 1335 3744 μέτρον
1383 3677 1624 3734 πίστεως.
1662 3676 1904 3749 Καθάπερ

297 3759 398 3831 γὰρ
427 3755 474 3808 ἓν
497 3756 568 3810 ἑνὶ
601 3763 809 3830 σώματι
837 3757 962 3830 μελη
988 3759 1152 3812 πολλὰ
1174 3763 1381 3834 ἔχομεν,
1411 3765 1475 3814 τὰ
1504 3759 1563 3816 δὲ
1582 3764 1708 3838 μέλη
1737 3767 1907 3818 πάντα

300 3846 358 3898 οὐ
384 3849 476 3904 τὴν
507 3845 668 3904 αὐτὴν
699 3849 812 3918 ἔχει
858 3848 1045 3922 πρᾶξιν
1071 3870 1084 3883 ι
1139 3851 1301 3913 οὕτως
1351 3854 1400 3904 οἱ
1447 3851 1624 3906 πολλοὶ
1673 3853 1720 3906 ἓν
1754 3857 1908 3928 σῶμα

301 3933 450 4008 ἐσμεν
479 3933 524 3986 ἐν
556 3936 793 4009 Χριστῷ,
828 3937 853 3988 ὁ
885 3933 945 3990 δὲ
981 3940 1160 4001 καθεὶς
1208 3937 1438 3998 ἀλλήλων
1479 3941 1606 4014 μέλη
1636 3963 1648 3975 ·
1698 3945 1905 4015 ἔχοντες

303 4019 361 4076 δε
411 4027 725 4098 χαρίσματα
779 4028 912 4077 κατα
959 4031 1052 4084 την
1118 4030 1280 4102 χάριν
1329 4033 1423 4087 την
1475 4027 1721 4082 δοθεῖσαν
1779 4033 1903 4106 ἡμῖν

268 4111 270 4114 ’
304 4107 533 4186 διάφορα
561 4116 695 4185 (66),
730 4119 819 4167 καὶ
848 4117 914 4166 τὰ
945 4113 1028 4179 ἐξῆ
1043 4137 1080 4178 ς.
1117 4125 1284 4170 ΠΡΟΣ
1319 4125 1470 4174 KOP.
1517 4117 1580 4175 α’.
1611 4121 1902 4195 Παρακαλῶ

303 4195 363 4253 δὲ
392 4203 521 4274 ὑμᾶς
553 4197 644 4255 διὰ
674 4211 765 4256 τοῦ
799 4201 1045 4276 ὀνόματος
1081 4214 1170 4258 τοῦ
1205 4211 1398 4281 Κυρίου
1433 4208 1610 4267 Ἰησοῦ
1642 4217 1899 4284 Χριστοῦ,

300 4291 384 4343 ἱνα
411 4294 470 4344 τό
511 4292 638 4345 αὐτὸ
685 4292 866 4365 λέγητε
903 4295 1110 4365 πάντες,
1150 4301 1340 4369 καὶμὴ
1389 4293 1417 4355 ἦ
1464 4296 1511 4350 ἓν
1561 4299 1681 4372 ὑμῖν
1729 4305 1902 4373 σχίσ-⁸

297 4401 471 4454 ματα·
505 4378 595 4441 ἦτε
627 4379 685 4434 δὲ
711 4387 1114 4456 κατηρτισμένοι
1144 4385 1193 4437 ἐν
1225 4395 1296 4457 τῷ
1323 4386 1463 4460 αὐτῷ
1492 4391 1590 4458 νοί,
1631 4395 1720 4444 καὶ
1761 4389 1808 4443 ἓν
1835 4400 1895 4465 τῇ
1933 4389 1976 4444 D

299 4471 430 4543 αὐτῇ
463 4477 665 4543 γνώμη.
702 4478 868 4525 ΠΡΟΣ
915 4479 1064 4527 KOI’.
1100 4473 1162 4529 α’.
1212 4478 1454 4551 Καθάπερ
1499 4482 1601 4553 γὰρ
1641 4483 1700 4532 τὸ
1747 4489 1901 4555 σῶμα

296 4559 346 4614 ἓν
377 4558 511 4626 ἐστι,
545 4560 670 4632 με’λη
724 4557 783 4614 δε
826 4563 941 4634 ἔχει
979 4561 1161 4630 πολλὰ,
1209 4565 1378 4618 πάντα
1421 4563 1480 4618 δε
1529 4570 1594 4620 τὰ
1631 4569 1758 4641 μέλη
1806 4579 1898 4624 τοῦ

297 4656 557 4724 σώματος,
590 4658 683 4703 τοῦ
733 4650 842 4713 ἑνὸς
887 4651 1049 4706 πολλὰ
1098 4656 1241 4722 ὄντα,
1275 4655 1324 4707 ἓν
1370 4653 1483 4708 ἐστι
1534 4665 1720 4731 σῶμα’
1764 4662 1899 4715 οὕτω

295 4745 384 4793 καὶ
413 4737 462 4792 ἕν
511 4748 723 4817 Χριστῷ
772 4743 902 4814 (67).
951 4746 1051 4796 Καὶ
1097 4745 1198 4819 γὰρ
1251 4742 1299 4795 ἐν
1339 4743 1411 4797 ἑνὶ
1462 4749 1721 4819 Πνευματι
1751 4752 1900 4823 ἡμεῖς

294 4830 481 4891 πάντες
519 4829 588 4892 εἰς
629 4831 675 4883 ἓν
710 4838 862 4905 σῶμα
892 4831 1302 4907 ἐϐαπτίσθημεν,
1352 4839 1450 4888 εἴτε
1489 4833 1758 4903 Ἰουδαῖοι,
1803 4843 1900 4893 ιῖτε

292 4915 544 4988 Ἕλληνες,
576 4924 675 4972 εἴτε
707 4916 904 4994 δοῦλοι,
945 4925 1046 4975 εἴτε
1076 4920 1330 5000 ἓλεύθεροι
1361 4925 1502 4997 (68),
1542 4930 1632 4981 καὶ
1661 4929 1726 4980 τὰ
1759 4927 1842 4992 ἐξῆ
1857 4950 1896 4992 ς.

296 5013 465 5061 ΠΡΟΣ
495 5015 706 5064 quam.
735 5007 845 5064 Ἵνα
869 5015 927 5064 τὸ
957 5011 1082 5066 αυτό
1114 5021 1330 5088 φρονῆτε
1369 5015 1570 5087 πάντες,
1603 5021 1697 5076 την
1737 5017 1898 5078 αὐτὴν

365 5169 479 5254 (et)
503 5170 845 5254 Yoculajai
872 5171 934 5230 in
959 5175 1181 5254 nostris
1208 5175 1569 5254 tribusmss.
1598 5178 1786 5254 deest.

320 5245 490 5326 '(62)_
513 5243 880 5326 iidj_ti_o__Ven.
919 5250 978 5326 et
1019 5251 1245 5326 veteres
1275 5249 1465 5326 ρος.ιεὶ
1507 5249 1645 5309 libri
1675 5256 1733 5305 τό
1765 5253 1892 5306 αυτό

293 5311 423 5366 εἶναι
456 5311 556 5370 δεῖ.
590 5315 779 5371 Editio
811 5317 992 5374 Paris.
1024 5321 1082 5370 τὸ
1109 5319 1234 5372 αὐτὸ
1262 5316 1363 5376 δεῖ.

359 5385 471 5469 (63)
499 5387 740 5460 Antiqui
767 5386 890 5445 duo
910 5387 1047 5446 libri
1079 5392 1212 5444 ὥστε
1240 5396 1372 5465 μήτε
1403 5396 1557 5452 τόν...
1589 5395 1730 5469 αὐτῷ
1764 5395 1892 5452 ἆποο

287 5462 578 5528 γινώσκειν.

360 5531 476 5601 (64)
506 5533 646 5609 Reg.
678 5532 886 5609 tertius
926 5539 1080 5587 Πᾶσα
1122 5532 1386 5608 βασιλεία,
1427 5541 1740 5609 μερισθεῖσα
1769 5542 1887 5594 καθ’

289 5589 443 5688 ἑαυτῆ
455 5589 498 5671 ξ,
525 5589 949 5688 οὖνσταθὴσεται,
981 5589 1154 5667 omne
1182 5589 1436 5682 regnum

289 5677 391 5730 tra
416 5687 478 5732 se
503 5689 628 5733 non
659 5676 864 5736 stabit.

2025 559 2202 612 stitus
2231 563 2386 614 veste
2424 558 2609 628 regia,
2642 563 2698 614 et
2723 561 2933 616 sedens
2959 577 3073 630 pro
3103 561 3424 630 tribunali,
3454 563 3688 618 concio-

2026 646 2310 704 nabatur.
2345 648 2619 717 Populus
2649 658 2842 705 autem
2869 649 3238 707 acclamabat
3263 665 3284 706 :
3314 651 3426 706 Dei
3466 665 3605 720 vox,
3637 655 3693 708 et

2027 753 2146 794 non
2180 737 2456 794 hominis.
2492 737 2825 807 Confestim
2857 746 3055 797 autem
3081 740 3383 810 percussit
3421 754 3554 796 eum
3586 755 3694 796 an-

2027 829 2199 899 gelus
2222 829 2482 900 Domini,
2517 843 2582 885 eo
2608 829 2771 901 quod
2799 846 2921 886 non
2953 830 3212 887 dedisset
3234 831 3495 902 gloriam
3526 831 3652 886 Deo
3671 845 3694 885 ,ο

2029 924 2085 975 et
2141 923 2528 990 consumptus
2565 935 2601 974 α
2647 921 2945 976 vermibus
2999 921 3332 992 exspiravit
3382 919 3546 991 (Act.
3587 935 3692 990 xu,

2029 1011 2237 1080 21-23).

2645 1208 2930 1266 REGULA
2971 1211 3075 1267 LX.

2031 1313 2203 1380 Quod
2224 1331 2363 1372 cum
2384 1313 2623 1373 diversa
2647 1316 2763 1374 sint
2787 1317 3040 1390 Spiritus
3065 1316 3252 1386 dona,
3267 1314 3694 1389 unusquisque

2098 1406 2306 1461 omnia
2333 1405 2597 1478 recipere
2628 1421 2753 1462 non
2783 1406 3002 1480 possit,
3036 1422 3235 1480 neque
3262 1422 3476 1462 omnes
3506 1404 3690 1474 idem,

2098 1502 2334 1567 oportet
2365 1511 2867 1570 unumquemque
2902 1497 3178 1554 modeste
3210 1501 3267 1552 et
3298 1512 3438 1552 cum
3469 1495 3692 1566 gratia-

2097 1602 2233 1642 rum
2263 1585 2496 1642 actione
2527 1587 2589 1642 in
2625 1587 2788 1642 dono
2821 1586 2930 1643 sibi
2977 1602 3266 1643 concesso
3311 1599 3689 1659 permanere,

2099 1679 2157 1732 et
2202 1692 2414 1731 omnes
2467 1676 2620 1732 inter
2667 1691 2730 1732 se
2769 1681 2982 1734 mutuo
3033 1676 3095 1732 in
3147 1675 3362 1733 Christi
3402 1673 3693 1732 charitate

2098 1766 2432 1821 concordes
2471 1781 2624 1834 esse,
2669 1765 2832 1821 velut
2863 1763 3142 1822 membra
3171 1764 3234 1820 in
3279 1779 3532 1837 corpore
3565 1779 3577 1818 :
3609 1761 3694 1819 ita

2100 1859 2164 1910 ut
2201 1855 2303 1928 qui
2349 1853 2595 1910 inferior
2641 1859 2733 1910 est
2782 1854 2842 1911 in
2887 1854 3085 1923 donis,
3135 1855 3186 1911 is
3233 1851 3691 1927 comparatione

2099 1944 2230 2014 ejus
2266 1944 2372 2017 qui
2421 1944 2534 2000 sibi
2584 1949 2849 2018 praestat,
2883 1945 3155 2001 animum
3205 1944 3372 2001 haud
3421 1942 3689 2015 despon-

2097 2035 2275 2102 deat;
2309 2034 2413 2108 qui
2464 2051 2608 2092 vero
2659 2036 2934 2109 superior
2963 2039 3072 2103 est,
3106 2049 3500 2108 nequaquam
3529 2047 3691 2106 sper-

2095 2129 2198 2181 nat
2225 2124 2589 2182 inferiorem.
2639 2127 2750 2192 Qui
2798 2125 2962 2182 enim
3007 2124 3184 2182 divisi
3231 2131 3390 2192 sunt,
3425 2138 3498 2180 ac
3535 2123 3690 2179 inter

2096 2229 2228 2270 sese
2258 2212 2574 2286 dissident,
2607 2214 2777 2286 digni
2805 2217 2946 2271 sunt
2974 2213 3233 2271 interitu.

2703 2323 2903 2392 Caput
2945 2322 2997 2380 Ι.

2093 2412 2275 2470 Omne
2295 2429 2549 2485 regnum
2574 2413 2838 2470 divisum
2865 2419 3076 2470 contra
3099 2428 3179 2481 se,
3205 2411 3687 2469 desolabiturmt

2015 2505 2208 2560 omnis
2239 2504 2454 2560 civitas
2485 2504 2580 2560 vel
2609 2501 2820 2560 domus
2851 2504 3048 2560 divisa
3083 2508 3294 2559 contra
3332 2516 3394 2558 se
3413 2517 3534 2557 non
3565 2505 3685 2556 sta.

2015 2591 2101 2648 bit
2127 2592 2377 2664 (Matth.
2405 2608 2498 2658 xu,
2531 2594 2692 2663 '25)...
2728 2591 2903 2660 Quod
2925 2591 2980 2648 si
3006 2591 3260 2648 invicem
3287 2589 3593 2658 mordetis,
3626 2594 3684 2646 et

2013 2683 2264 2740 comedit
2272 2681 2541 2752 is,videte
2552 2697 2628 2738 ne
2639 2682 2716 2738 ab
2729 2681 2980 2739 invicem
2998 2678 3435 2739 consumamini
3450 2678 3680 2747 {Galat.

2012 2790 2072 2838 ν,
2106 2773 2262 2845 15)...
2305 2771 2443 2829 Non
2482 2788 2596 2842 pro
2641 2773 2720 2829 eis
2763 2779 2962 2830 autem
3006 2787 3152 2844 rogo
3198 2777 3457 2841 tantum,
3491 2767 3595 2825 sed
3623 2768 3681 2824 et

2009 2878 2123 2934 pro
2155 2861 2234 2918 eis
2264 2862 2368 2934 qui
2405 2860 2662 2918 credunt
2686 2877 2804 2932 per
2828 2861 3074 2919 verbum
3115 2876 3321 2918 eorum
3354 2860 3416 2915 in
3449 2873 3542 2914 me
3569 2871 3591 2913 :
3615 2861 3682 2912 ut

2015 2967 2213 3008 omnes
2244 2966 2430 3006 unum
2460 2952 2603 3017 sint,
2635 2951 2789 3007 sicut
2835 2957 2926 3016 tu,
2965 2951 3176 3018 Pater,
3228 2950 3292 3006 in
3334 2963 3441 3020 me,
3489 2951 3546 3003 et
3575 2959 3681 3017 ego

2016 3042 2079 3097 in
2113 3046 2167 3098 te
2176 3049 2200 3112 ,'
2223 3045 2288 3095 ut
2319 3046 2373 3095 et
2411 3039 2530 3109 ipsi
2553 3039 2618 3094 in
2649 3039 2819 3096 nobis
2845 3055 3030 3095 unum
3053 3040 3176 3094 sint
3205 3039 3406 3100 (Joan.
3433 3035 3679 3105 xvu,20,

2017 3131 2222 3204 2t).....
2272 3128 2690 3184 Multitudinis
2733 3134 2932 3186 autem
2989 3127 3358 3185 credentium
3405 3129 3535 3182 erat
3578 3137 3682 3180 cor

2018 3237 2203 3278 unum
2222 3227 2277 3277 et
2300 3220 2509 3276 anima
2532 3233 2687 3276 una:
2706 3235 2814 3276 nec
2829 3219 3146 3292 quisquam
3172 3230 3533 3288 eoru-m,quas
3551 3228 3684 3284 pos.

2017 3311 2271 3380 sidebat,
2303 3309 2544 3382 aliquid
2568 3325 2742 3366 suum
2771 3324 2893 3366 esse
2922 3308 3181 3377 dicebat,
3212 3307 3316 3364 sed
3352 3310 3527 3364 erant
3556 3304 3682 3360 illis

2016 3402 2220 3458 omnia
2271 3401 2614 3457 communia
2669 3401 2823 3473 (Act.
2864 3416 2946 3471 tv,
2995 3404 3152 3460 3‘2)...
3201 3399 3348 3454 Dico
3388 3396 3544 3455 enim
3566 3409 3683 3465 per

2015 3491 2280 3561 gratiam
2299 3505 2432 3561 qua?
2454 3491 2603 3546 data
2623 3496 2708 3547 est
2731 3489 2904 3557 mihi,
2933 3489 3207 3546 omnibus
3227 3491 3332 3560 qui
3355 3491 3498 3544 sunt
3520 3487 3682 3542 inter

2017 3595 2119 3636 vos
2152 3594 2164 3634 :
2199 3596 2321 3635 non
2348 3581 2490 3649 plus
2520 3594 2727 3649 sapere
2756 3595 2933 3651 quam
2964 3583 3192 3650 oportet
3213 3593 3443 3648 sapere,
3459 3576 3562 3632 sed
3585 3589 3681 3632 sa-

2010 3685 2155 3739 pere
2184 3669 2267 3726 ad
2289 3667 2670 3725 sobrietatem
2695 3685 2714 3722 :
2748 3669 3075 3740 unicuique
3103 3669 3260 3724 sicut
3287 3666 3446 3723 Deus
3467 3664 3679 3721 divisit

2016 3772 2358 3814 mensuram
2389 3757 2552 3825 ﬁdei.
2579 3755 2748 3812 Sicut
2770 3757 2928 3813 enim
2951 3757 3013 3812 in
3047 3771 3164 3812 uno
3204 3766 3454 3824 corpore
3481 3754 3678 3810 multa

2015 3847 2282 3903 membra
2337 3845 2664 3910 habemus,
2721 3846 2924 3902 omnia
2979 3851 3179 3902 autem
3229 3843 3498 3900 membra
3554 3857 3675 3898 non

2014 3939 2282 3994 eumdem
2324 3943 2526 3993 actum
2577 3935 2795 3993 habent
2847 3951 2869 3992 .·
2908 3938 2994 3993 ita
3033 3936 3215 3991 multi
3243 3951 3428 3990 unum
3457 3947 3677 4002 corpus

2013 4043 2218 4084 sumus
2267 4028 2329 4082 in
2377 4026 2638 4094 Christo,
2686 4027 2914 4096 singuli
2963 4031 3162 4082 autem
3211 4025 3372 4082 alter
3425 4023 3676 4080 alterius

2014 4118 2336 4176 membra:
2377 4117 2661 4174 habentes
2709 4123 2911 4173 autem
2953 4116 3308 4173 donationes
3353 4113 3676 4171 secundum

2017 4209 2188 4279 281
2209 4207 2640 4279 gratiam,qua'
2661 4206 2808 4263 data
2825 4212 2908 4262 est
2930 4205 3672 4276 nobis,dif]'erentes(Rom.

2011 4314 2110 4365 xu,
2144 4301 2283 4367 3-6),
2307 4301 2364 4352 et
2384 4301 2676 4353 cetera...
2701 4296 2953 4352 Obsecro
2974 4301 3174 4354 autem
3209 4311 3308 4353 vos
3323 4310 3437 4366 per
3460 4307 3674 4351 nomen

2012 4388 2256 4446 Domini
2275 4388 2417 4444 Jesu
2449 4385 2705 4456 Christi,
2736 4391 2801 4441 ut
2833 4386 3092 4456 idipsum
3123 4387 3339 4442 dicatis
3368 4400 3587 4452 omnes,
3618 4388 3674 4439 et

1999 4495 2130 4536 non
2159 4478 2280 4534 sint
2319 4479 2382 4534 in
2423 4476 2584 4533 vobis
2623 4476 2951 4533 schismata
2974 4490 2998 4533 .'
3026 4476 3158 4532 sitis
3188 4481 3388 4532 autem
3410 4473 3676 4544 perfecti

2008 4571 2072 4626 in
2102 4568 2303 4626 eodem
2347 4581 2546 4635 sensu,
2590 4571 2648 4623 et
2683 4567 2748 4622 in
2783 4566 2987 4623 eadem
3031 4565 3328 4622 sententia
3356 4563 3417 4636 (Ι
3459 4564 3596 4620 Cor.
3627 4578 3671 4630 ι,

2013 4661 2193 4732 10)....
2238 4659 2410 4714 Sicut
2449 4656 2606 4714 enim
2651 4672 2868 4726 corpus
2914 4672 3101 4712 unum
3145 4661 3251 4724 est,
3299 4659 3353 4712 et
3401 4653 3670 4710 membra

2011 4749 2188 4806 habet
2209 4747 2424 4811 multa,
2452 4747 2654 4802 omnia
2676 4751 2875 4802 autem
2898 4746 3164 4804 membra
3194 4745 3463 4815 corporis
3488 4743 3668 4798 unius

2008 4855 2138 4895 cum
2186 4838 2306 4893 sint
2366 4836 2582 4905 multa,
2640 4850 2827 4890 unum
2886 4851 3104 4905 corpus
3146 4837 3332 4891 sunt:
3353 4834 3442 4889 ita
3489 4837 3544 4888 et
3601 4832 3666 4888 in

2013 4929 2269 4985 Christo.
2289 4927 2527 4983 Etenim
2548 4926 2613 4982 in
2635 4940 2754 4980 uno
2781 4926 3017 4995 Spiritu
3041 4940 3241 4983 omnes
3265 4939 3370 4981 nos
3391 4923 3453 4979 in
3476 4937 3666 4978 unum

2011 5033 2227 5090 corpus
2251 5015 2547 5088 baptizati
2573 5029 2800 5087 sumus,
2827 5018 2950 5071 sive
2977 5015 3195 5083 Judaei,
3226 5016 3348 5072 sive
3390 5013 3660 5085 gentiles,

2077 5179 2187 5251 (65)
2248 5179 2509 5252 Utraque
2557 5175 2744 5235 editio
2789 5181 2862 5250 μὴ
2913 5175 3025 5252 ἀπὸ.
3059 5175 3308 5236 ἀλλήλων.
3358 5177 3432 5233 At
3475 5172 3665 5232 nostri

2004 5247 2255 5323 mss.';n‘;
2289 5247 2573 5306 ὑπόῘΜοι
2603 5247 2858 5322 utraque
2887 5247 3069 5306 editio
3115 5257 3215 5302 τῶν
3253 5253 3656 5302 πιστευσάντων.

2003 5322 2160 5380 Libri
2186 5322 2418 5379 Veteres
2443 5325 2811 5376 πιστευόντων.

2071 5398 2192 5474 (ὁδὶ
2215 5392 2407 5474 Verba
2434 5407 2571 5474 quae
2593 5391 2762 5474 apud
2790 5391 3044 5448 Paulum
3074 5391 3360 5474 leguntur
3385 5394 3523 5465 post
3548 5406 3658 5474 vo?

1999 5463 2131 5541 cem
2160 5463 2408 5541 διάφορα,
2441 5463 2832 5541 inveniuntur
2868 5479 3165 5541 expressa
3200 5464 3262 5519 in
3317 5463 3568 5521 Méssan.
3601 5467 3659 5519 et

1994 5540 2058 5597 in
2083 5542 2226 5610 Reg.
2253 5535 2426 5595 tertio
2451 5551 2645 5610 usque
2677 5535 2756 5610 ad
2784 5535 3006 5610 vocem,
3026 5535 3312 5610 ἱλαρότητι.

2066 5607 2197 5684 (67)’
2212 5613 2394 5684 Sacer
2417 5607 2614 5667 textus
2642 5607 2924 5682 vulgatus
2948 5607 3084 5662 οὕτω
3112 5607 3202 5661 καὶ
3233 5609 3258 5660 ὁ
3284 5609 3538 5681 Χριστός,
3565 5607 3653 5664 ita

1990 5691 2048 5744 ct
2069 5683 2372 5746 Christus.
