4112 6398
273 367 371 425 797

1803 364 2122 423 MOHALIA

3540 369 3638 420 798

268 494 432 554 Οὗτος
487 495 626 546 ἐστιν
683 497 708 545 ο
766 496 879 553 Υὶος
934 514 1034 565 μου
1083 496 1107 545 ὸ
1174 493 1462 563 ἀγαπητὸς,
1523 493 1567 543 ὲν
1629 514 1668 563 ῳ
1713 489 1861 544 εὐδο-

1982 490 2195 545 ductus
2223 495 2308 545 est
2345 491 2409 544 in
2435 489 2736 544 desertum
2765 505 2801 545 a
2832 490 3090 556 Spiritu,
3134 495 3194 542 ut
3229 495 3568 546 tentaretur
3605 504 3639 546 a

268 601 426 639 κησα.
490 589 612 634 Τότε
677 585 701 634 ὁ
780 583 979 643 Ἰησοῦς
1062 582 1272 653 ανήίθη
1353 582 1418 641 εἰς
1495 586 1588 639 τὴν
1676 585 1864 655 ἔρημον

267 671 365 720 ὑπὸ
425 678 514 722 του
599 675 913 743 Πνεύματος,
988 673 1339 743 πειρασθῆναι
1403 672 1520 721 om
1579 679 1669 722 τοῦ
1741 667 1866 722 δια-

267 757 416 812 ϐολον
453 803 463 813 .

267 846 398 900 ϐατοι
462 847 510 900 ἐν
601 854 743 920 μέσῳ
827 849 992 900 λύκων
1024 892 1036 903 .

549 757 707 812 Ἰδοὺ
789 760 886 832 ἐγὼ
977 759 1281 820 ἀποστέλλω
1375 761 1510 832 ὑμᾶς
1586 763 1649 819 ὡς
1732 764 1865 834 πρό-

1131 851 1338 902 Γινεσθε
1423 850 1509 900 οὖν
1586 853 1864 922 φρόνιμοι,

265 940 332 999 ὡς
379 940 428 990 οἱ
481 941 638 1009 ὄφεις,
686 944 773 990 καὶ
804 939 1056 1013 ἀκέραιοι,
1099 941 1170 1001 ὡς
1227 940 1280 991 αἱ
1329 957 1650 1012 περιστεραι.
1687 946 1865 1011 Προσ-

264 1030 410 1097 έχετε
484 1024 543 1082 δὲ
603 1026 703 1080 ἀπὸ
775 1036 874 1080 τῶν
916 1027 1223 1103 ἀνθρώπων.
1294 1025 1688 1101 Παραὸὡσουσι
1763 1030 1864 1100 γὰρ

265 1117 398 1187 ὑμᾶς
464 1117 531 1176 εἰς
595 1113 846 1190 συνέδρια
911 1123 1000 1169 καὶ
1075 1116 1122 1170 ἐν
1184 1125 1296 1179 ταῖς
1365 1124 1698 1188 συναγωγαῖς
1765 1117 1864 1168 αυ-

262 1213 359 1258 τῶν
431 1211 864 1277 μαστιγώσουσιν
936 1209 1092 1279 ὑμᾶς.
1156 1212 1256 1261 Καί
1322 1205 1405 1260 ἐπί
1481 1212 1740 1279 ἡγεμόνας
1807 1203 1866 1260 ὃε

260 1300 348 1345 καῖ
397 1293 634 1365 βασιλεῖς
705 1295 1014 1368 ἀχθήσεσθε
1085 1297 1246 1350 ἕνεκεν
1311 1296 1456 1369 ἐμοῦ,
1530 1297 1602 1358 εἰς
1658 1299 1864 1371 μαρτύ-

255 1403 365 1456 ριον
423 1385 599 1446 αὐτοῖς
639 1391 729 1437 καὶ
782 1394 886 1449 τοῖς
945 1389 1056 1458 (71)
1114 1389 1316 1441 ἔθνεσι.
1402 1391 1500 1439 Καὶ
1528 1388 1638 1458 μετ’
1667 1386 1860 1458 ὀλιγα-

261 1470 575 1547 Παραὸωσει
634 1471 692 1526 δέ
769 1472 990 1547 ἀδελφὸς
1064 1471 1282 1548 ἀδελφον
1351 1475 1416 1536 εἰς
1482 1477 1716 1544 θάνατον,
1774 1480 1863 1526 καὶ

821 1570 910 1616 καὶ
995 1564 1458 1623 ἐπαναστήσονται
1543 1569 1697 1617 τέκνα
1780 1563 1862 1616 ἐπὶ

1494 1660 1593 1710 Καὶ
1682 1655 1862 1706 ἔσεσθε

257 1567 395 1630 πατή
403 1583 432 1636 ρ
509 1567 680 1616 τέκνον
725 1582 736 1594 ⁸

257 1660 458 1723 γονεῖς,
521 1660 610 1706 καὶ
697 1655 1084 1706 θανατώσουσιν
1170 1658 1392 1716 αυτούς.

257 1761 564 1814 μισουμενοι
590 1744 690 1795 ὑπὸ
746 1745 938 1795 παντον
971 1741 1064 1795 διὰ
1114 1747 1170 1796 τὸ
1222 1744 1382 1816 ὄνομα
1411 1761 1538 1816 μου·
1581 1746 1604 1795 ὁ
1634 1741 1692 1796 δὲ
1723 1745 1856 1795 υπο-
1913 1803 1916 1808 η

256 1836 431 1903 μείνας
463 1831 529 1891 εἰς
582 1833 737 1898 τέλος,
773 1833 923 1894 οὗτος
955 1835 1317 1890 σωθήσεται..
1342 1877 1353 1888 .
1398 1839 1498 1886 Καὶ
1531 1835 1580 1894 ὃς
1611 1833 1668 1885 οὐ
1722 1832 1858 1906 λαμ-
1893 1851 1934 1904 Β

256 1917 396 1972 Coiin
422 1923 508 1971 τὸν
543 1924 766 1995 σταυρὸν
792 1923 975 1988 αὑτοῦ,
1009 1927 1099 1974 καὶ
1123 1920 1390 1975 ἀκολουθεῖ
1423 1922 1592 1974 ὁπισω
1615 1943 1735 1994 μου,
1766 1923 1860 1974 οὐκ

257 2009 368 2060 ἔστι
398 2028 496 2080 μου
529 2009 692 2072 ἄξιος.
743 2016 1058 2065 ΙΩΑΝΝΗΣ.
1117 2017 1294 2064 Ταῦτα
1324 2011 1578 2069 λελάληκα
1607 2014 1727 2084 ὑμῖν
1781 2014 1862 2063 ῖνα

251 2103 322 2169 μὴ
357 2095 795 2158 σκανδαλισθῆτε.
827 2099 1296 2172 Ἀποσυναγώγους
1321 2107 1648 2159 ποῖήσουσιν
1685 2102 1818 2174 ὑμᾶς
1845 2119 1855 2130 ·

255 2185 363 2238 ἀλλ’
439 2189 650 2262 ἔρχεται
703 2191 830 2262 ὥρα,
869 2191 951 2242 ἵνα
993 2192 1136 2251 πᾶςό
1196 2189 1497 2252 ἀποκτείνας
1545 2194 1680 2264 ὑμᾶς
1731 2187 1856 2263 δόξῃ

252 2276 490 2350 λατρείαν
538 2281 846 2351 προσφέρειν
890 2289 961 2352 τῷ
1013 2288 1147 2351 Θεῷ.
1197 2287 1294 2333 Καὶ
1325 2291 1492 2333 ταῦτα
1544 2288 1860 2339 ποιήσουσιν

254 2364 392 2438 ὕμῖν,
419 2366 497 2419 ὅτι
544 2367 637 2419 οὐκ
685 2369 914 2439 ἔγνωσαν
962 2372 1048 2421 τὸν
1099 2374 1322 2443 Πατέρα,
1357 2367 1481 2422 οὐδὲ
1512 2369 1741 2442 ἐμε(72),
1773 2375 1862 2423 καὶ

255 2457 321 2507 τὰ
367 2455 506 2518 ἑξῆς.
560 2462 848 2514 ΛΟΥΚΑΣ.
891 2461 957 2511 Οἱ
1005 2454 1064 2510 δὲ
1115 2458 1197 2511 ἐπὶ
1246 2466 1340 2520 τῆς
1384 2458 1589 2532 πέτρας,
1641 2458 1708 2526 οἳ,
1744 2462 1860 2512 ὅταν

258 2542 545 2614 ἀκούσωσι,
577 2549 707 2619 μετὰ
735 2554 910 2623 χαρᾶς
961 2545 1214 2619 δέχονται
1261 2552 1347 2601 τὸν
1390 2548 1561 2621 λόγον,
1590 2555 1679 2602 καὶ
1718 2548 1862 2601 οὗτοι

252 2634 403 2708 ῥίζαν
433 2637 527 2688 οὐκ
573 2639 814 2710 ἔχουσιν,
847 2637 894 2690 οἱ
933 2641 1058 2711 πρὸς
1088 2639 1268 2712 καιρόν
1300 2642 1628 2707 πιστεύουσι,
1675 2645 1766 2692 καὶ
1813 2637 1860 2690 ἐν

250 2734 414 2797 καιρῷ
442 2737 745 2801 πειρασμῶν
775 2725 1108 2800 ἁφιστανται,
1142 2735 1308 2781 ΠΡΟΣ
1343 2731 1494 2783 ΚΟΡ.
1637 2729 1711 2780 Ou’
1737 2728 1862 2782 θῐλω

254 2817 351 2889 γὰρ
385 2816 516 2887 ὑμᾶς
547 2815 768 2888 ἀγνοεῖν,
803 2815 1040 2890 ἀδελφοὶ,
1068 2822 1307 2892 περὶτῆς
1339 2818 1558 2888 θλίψεως
1587 2820 1732 2891 ἡμῶν
1770 2825 1862 2880 τῆς

244 2907 522 2974 γενομένης
545 2905 670 2976 ἡμῖν
702 2903 748 2954 ἐν
801 2914 862 2978 τῇ
893 2906 1067 2977 Ἀσίᾳ,
1103 2907 1182 2958 ὅτι
1225 2907 1347 2959 καθ’
1394 2906 1680 2979 ὑπερϐολὴν
1734 2910 1860 2980 ὑπέρ

249 2987 473 3062 ὃὺναμιν
505 2990 848 3066 ἐϐαρήθημεν,
895 2997 1030 3047 ὥστε
1056 2994 1442 3070 ἐξαπορηθῆναι
1483 2997 1624 3069 ἡμᾶς
1652 3001 1741 3048 καὶ
1771 3005 1859 3048 τοῦ

249 3078 364 3150 ζῇν·
423 3079 529 3132 ἀλλ’
585 3082 730 3134 αὐτοὶ
786 3081 832 3134 ἐν
862 3083 1067 3146 ἐαυτοὶς
1096 3089 1154 3137 τὸ
1217 3084 1597 3159 ἀπὸκριματοῦ
1635 3087 1859 3138 θανάτου

245 3165 570 3242 ἐσχήκαμεν,
646 3171 727 3223 ἵνα
780 3177 851 3244 μὴ
923 3176 1224 3235 πεποιθότες
1275 3173 1405 3247 ὦμεν
1493 3173 1566 3247 ἐφ’
1633 3175 1932 3258 ἐαυτοῖς,ο

245 3256 351 3308 αλλ’
379 3256 462 3310 ἐπί
502 3267 615 3330 Θεῷ
660 3270 732 3332 τῷ
787 3261 1044 3336 ἐγείροντι
1070 3263 1184 3334 (73)
1237 3268 1355 3326 τοὺς
1409 3267 1638 3336 νεκρούς.
1693 3272 1862 3323 ΠΡΟΣ

242 3353 384 3404 Tm.
411 3347 491 3419 β’.

245 3432 426 3502 Ιησοῦ,
458 3433 669 3508 διωχθή
684 3457 882 3491 σονται.

551 3345 815 3410 ιιάντεςδε
842 3351 890 3401 οἰ
923 3351 1146 3412 (litore;
1176 3352 1398 3414 εὐσεϐῶς
1427 3353 1521 3425 ζῇν
1545 3353 1592 3404 ἐν
1626 3361 1858 3430 Χριστῷ·

242 3525 362 3579 Ὀτι
418 3526 476 3578 οὐ
528 3523 610 3578 δεῖ
655 3527 836 3578 ἑαυτὸν
863 3527 1175 3601 ἐπιρριπτειν
1229 3538 1540 3602 πειρασμοῖς
1592 3535 1691 3605 πρὸ
1737 3552 1858 3584 και-

315 3623 409 3688 ροῡ

317 3707 570 3777 εύχεσθαι
599 3709 670 3777 μὴ
707 3704 946 3777 ἐμπεσεῖν
972 3708 1094 3777 (74)
1120 3707 1189 3767 εἰς
1217 3711 1533 3780 πειρασμόν.

889 3796 1075 3867 Κεγὰλ.

317 3891 663 3938 ΜΑΤΘΑΙΟΣ
703 3926 715 3939 .
789 3885 968 3946 Οὕτως
1040 3884 1127 3938 οὖν
1208 3889 1614 3960 προσεύχεσθε³
1686 3896 1854 3964 ΙΙατερ

243 3976 404 4045 ἠμῆν,
453 3978 480 4026 ὁ
545 3978 594 4027 ὲν
662 3976 770 4036 τοῖς
829 3975 1086 4049 οὐρανοῖς,

485 3625 576 3675 τῆς
655 3625 746 3667 τοῦ
815 3624 948 3669 Θεοῦ
1015 3623 1442 3690 συγχωρήσεως,
1507 3618 1635 3670 αλλὰ
1700 3639 1856 3693 προς-

1164 3977 1478 4046 ἁγιασθήτω
1553 3981 1610 4029 το
1693 3980 1854 4050 ὄνομα

246 4082 362 4129 σου,
419 4062 659 4122 ἐλθέτωὴ
723 4062 974 4135 βασιλεία
1020 4084 1114 4116 σου
1147 4066 1284 4136 (75).
1357 4071 1456 4118 Καὶ
1507 4066 1616 4138 μετ’
1679 4067 1851 4138 ὀλίγα·

247 4147 348 4194 Καὶ
435 4148 505 4214 μὴ
594 4144 884 4216 εἰσενέγκῃς
966 4146 1106 4217 ἡμᾶς
1191 4147 1258 4207 εἰς
1322 4151 1634 4222 πειρασμὸν,
1722 4147 1851 4200 ἀλλὰ

243 4231 409 4305 ῥῦσαι
472 4235 611 4304 ἡμᾶς
693 4232 792 4286 ἀπὸ
865 4241 955 4285 τοῦ
1036 4243 1288 4307 πονηροῦ.
1348 4243 1673 4292 ΙΩΑΝΝΙΙΣ.
1748 4243 1849 4290 Καὶ

242 4322 620 4393 περιεσπάτειό
681 4322 889 4383 Ἰησοῦς
946 4326 1078 4394 μετὰ
1115 4327 1281 4376 ταῦτα
1340 4325 1387 4377 ἐν
1445 4334 1505 4397 τῇ
1569 4325 1842 4399 Γαλιλαίαο

242 4414 302 4462 οὺ
341 4413 440 4484 γὰρ
496 4411 669 4468 ἤθελεν
716 4410 763 4462 ἐν
806 4419 868 4483 τῇ
926 4408 1165 4484 Ἰουδαίᾳ
1223 4421 1546 4487 περιπατεῖν,
1596 4417 1678 4468 ὅτι
1727 4414 1846 4476 ἐζή-

240 4518 362 4549 τουν
408 4497 561 4550 αὐτὸν
626 4498 674 4550 οὶ
733 4496 984 4552 Ἰουδαῖοι
1033 4499 1353 4556 ἀποκτεῖναι.
1421 4502 1517 4556 Ἢν
1572 4500 1630 4556 δὲ
1688 4503 1846 4578 ἐγγυς

243 4591 273 4646 ἡ
328 4587 477 4660 ἑορτὴ
535 4596 635 4640 τῶν
695 4585 984 4657 Ἰουδαίων,
1040 4591 1070 4648 ἡ
1131 4597 1484 4663 Σκηνοπηγια,
1552 4589 1708 4645 Εἶπον
1757 4597 1844 4646 οὖν

1339 4688 1611 4748 Μετάϐηθι
1684 4689 1848 4744 ἐντεῦ-

247 4777 348 4842 θεν,
393 4780 482 4830 καὶ
537 4776 704 4848 ὕπαγε
766 4777 834 4838 εἰς
889 4782 982 4838 τὴν
1005 4775 1298 4845 Ἰουδαίαν,
1349 4780 1431 4832 ἵνα
1513 4784 1602 4834 καὶ
1654 4781 1703 4832 οἱ
1751 4801 1849 4853 μα-

247 4866 403 4922 θηταί
463 4885 556 4918 σου
631 4868 939 4941 θεωρήσωσι
992 4871 1058 4921 τὰ
1134 4867 1168 4920 ἆ
1215 4871 1341 4943 ἔργα
1404 4876 1591 4932 ποιεῖς.
1655 4866 1845 4931 Οὐδεὶς

241 4956 344 5028 γὰρ
397 4953 445 5007 ἐν
490 4965 703 5028 κρυπτῷ
751 4965 887 5010 ποιεῖ
931 4977 1004 5027 τι,
1050 4963 1140 5012 καὶ
1197 4959 1346 5021 ζητεῖ
1397 4959 1550 5022 αὐτὸς
1605 4958 1654 5013 ἐν
1707 4959 1847 5033 παῤ-

243 4689 374 4761 πρὸς
431 4686 586 4738 αὑτὸν
662 4689 709 4739 οὶ
759 4683 972 4759 ἀδελφοὶ
1049 4688 1210 4740 αὑτοῦ
1245 4705 1257 4719 ⁸

240 5043 409 5119 ῥησία
461 5041 609 5098 εἶναι.
660 5047 720 5098 Εἰ
781 5055 948 5100 ταῦτα
1001 5058 1185 5122 ποιεῖς,
1260 5055 1553 5125 φανέρωσον
1629 5055 1846 5106 σεαυτὸν

239 5141 313 5204 τῷ
371 5137 572 5206 κόσμῳ.
627 5131 767 5187 Οὐδὲ
824 5155 926 5212 γαρ
979 5141 1027 5191 οἱ
1084 5137 1297 5216 ἀδελφοὶ
1356 5141 1516 5194 αὐτοῦ
1573 5141 1845 5195 ἐπίστευον

241 5229 315 5287 εὶς
377 5222 550 5277 αὐτόν.
623 5228 775 5296 Λέγει
831 5221 918 5277 οὖν
987 5229 1163 5293 αὐτοῖς
1209 5231 1234 5283 ὀ
1298 5230 1541 5293 Ἰησοῦς·
1594 5230 1650 5284 εΟ
1720 5252 1844 5286 και-

303 5334 422 5420 ~(7i)
480 5331 643 5401 Regii
674 5332 906 5406 primus
949 5337 1008 5391 et
1035 5337 1239 5393 tertius
1297 5341 1584 5413 μαρτύριον
1607 5335 1732 5411 ὖμῖν
1751 5345 1840 5392 καὶ

238 5423 370 5465 τοις.

313 5479 424 5551 (72)
462 5479 521 5530 In
554 5478 691 5545 Reg.
752 5477 923 5551 tertio
971 5482 1026 5533 et
1057 5478 1116 5534 in
1150 5482 1400 5536 Messan.
1432 5481 1717 5551 leguntur
1770 5498 1844 5540 ea

236 5547 584 5624 yerba,_q_u_m
610 5549 774 5624 apud
789 5551 1088 5624 Joauncu!
1112 5557 1449 5623 sequuntur
1470 5547 1608 5624 pbst
1631 5571 1840 5611 vocem

237 5619 344 5693 ἐμέ.
379 5619 458 5675 ad
479 5618 628 5675 illud
651 5618 870 5692 usque,
905 5620 1006 5693 ἐγὼ
1039 5618 1357 5696 εἷπον-ἡμῖν.

1981 579 2218 633 diabolo
2262 579 2506 645 (Matth.
2563 594 2643 643 ιιι,
2707 581 2792 638 16,
2847 583 2908 632 17
2955 593 2976 641 ,·
3028 594 3103 640 ιν,
3145 579 3290 644 4)....
3336 579 3491 632 Ecce
3536 592 3641 648 ego

1979 670 2149 724 mitto
2174 683 2273 724 vos
2299 669 2456 724 sicut
2473 683 2604 724 oves
2628 669 2688 720 in.
2715 668 2905 722 medio
2935 669 3239 735 luporum.
3265 667 3470 722 Estote
3501 682 3642 734 ergo

1976 755 2325 824 prudentes,
2339 758 2492 812 sicut
2510 762 2832 823 serpentes,
2847 761 2900 812 et
2918 756 3234 822 simplices,
3249 754 3403 808 sicut
3422 754 3644 810 colum-

1981 846 2088 902 bae.
2138 847 2356 901 Cavete
2385 851 2585 904 autem
2632 845 2701 900 ab
2759 845 3120 900 hominibus.
3182 844 3444 900 Tradent
3485 844 3641 897 enim

1979 950 2080 990 vos
2114 936 2176 991 in
2209 936 2505 1000 conciliis,
2530 941 2586 990 et
2633 936 2695 990 in
2723 936 3047 1004 synagogis
3075 934 3197 988 suis
3233 932 3643 1002 ﬂagellabant

1979 1040 2106 1079 vos.
2142 1024 2216 1080 Et
2246 1024 2328 1081 ad
2355 1024 2638 1093 praisides
2682 1031 2736 1080 et
2768 1024 2850 1079 ad
2875 1038 3041 1092 reges
3065 1022 3370 1079 ducemini
3389 1027 3643 1090 propter

1978 1114 2160 1181 me,in
2188 1115 2592 1169 testimonium
2611 1114 2757 1180 illis,
2777 1119 2832 1169 et
2847 1113 3126 1183 gentibus
3145 1110 3641 1180 (Matth.v,16-18)

1979 1203 2045 1255 Et
2081 1207 2216 1272 post
2246 1217 2490 1272 paucam
2535 1201 2754 1257 Tradet
2808 1207 3009 1256 autem
3053 1201 3257 1270 frater
3283 1199 3640 1268 fratrem’in

1976 1296 2245 1359 mortem,
2261 1297 2313 1346 et
2334 1296 2511 1359 pater
2530 1291 2754 1358 filium:
2780 1296 2835 1346 et
2865 1293 3180 1359 insurgent
3198 1290 3317 1356 ﬁlii
3340 1290 3404 1343 in
3419 1303 3642 1355 paren-

1979 1386 2085 1447 tes,
2121 1386 2174 1444 et
2205 1386 2396 1436 morte
2435 1395 2528 1436 eos
2571 1381 2861 1450 a/ﬁcient.
2897 1380 2974 1434 Et
3007 1381 3171 1436 eritis
3214 1379 3346 1433 odio
3373 1375 3642 1432 omnibus

1972 1475 2223 1538 propter
2261 1485 2475 1524 nomen
2502 1485 2696 1526 meum
2731 1487 2743 1524 :
2797 1470 2902 1542 qui
2931 1473 3129 1525 autem
3156 1465 3633 1536 perseveraverit

1976 1574 2160 1630 usque
2182 1559 2248 1615 in
2275 1561 2479 1627 ﬁnem,
2529 1560 2624 1616 hic
2650 1561 2856 1616 salvus
2887 1564 3001 1615 erit
3046 1556 3482 1629 (ibid.'21,22)Et
3511 1556 3640 1627 qui-

1974 1663 2096 1703 non
2113 1649 2336 1718 accipit
2369 1664 2604 1705 crucem
2626 1665 2818 1714 suam,
2855 1655 2908 1705 et
2941 1651 3213 1719 sequitur
3240 1663 3352 1714 me,
3404 1661 3525 1701 non
3557 1647 3640 1700 est

1973 1752 2066 1792 me
2095 1737 2314 1807 dignus
2339 1737 2500 1803 (ibid.
2547 1743 2702 1803 38)...
2743 1741 2883 1793 Haec
2917 1739 3152 1793 locutus
3180 1753 3307 1792 sum
3342 1735 3527 1800 vobis,
3570 1739 3639 1789 ut

1975 1842 2094 1881 non
2115 1827 2629 1883 scandalizemini.
2671 1827 2909 1898 Absque
2938 1827 3258 1896 synagogis
3284 1826 3508 1894 facient
3540 1839 3640 1879 vos

1974 1915 2078 1971 sed
2099 1918 2259 1972 venit
2293 1915 2464 1984 hora,
2500 1922 2566 1971 ut
2608 1917 2800 1973 omnis
2837 1917 2944 1987 qui
2971 1915 3270 1983 interficit
3323 1928 3442 1979 vos,
3478 1912 3636 1968 arbi-

1976 2010 2171 2060 tretur
2200 2005 2542 2076 obsequium
2573 2021 2633 2062 se
2659 2009 2952 2075 prwstore
2978 2006 3119 2060 Deo.
3151 2003 3232 2058 Et
3258 2002 3382 2058 huc
3408 2002 3640 2071 facient

1974 2095 2155 2162 vatS,
2185 2097 2324 2167 quia
2347 2111 2464 2151 non
2488 2101 2784 2152 noverunt
2815 2083 3053 2151 Patrem
3084 2108 3273 2164 neque
3321 2108 3413 2148 me
3439 2092 3634 2164 (Joan.

1971 2201 2089 2245 XVI.
2123 2189 2250 2250 1-3),
2275 2190 2457 2242 ρίου..
2499 2187 2656 2242 Nam
2683 2187 2792 2257 qui
2834 2200 3022 2255 supra
3047 2189 3324 2255 petram:
3369 2184 3474 2254 qui
3504 2198 3637 2237 cum

1974 2275 2301 2339 audierint,
2321 2292 2452 2331 cum
2482 2276 2705 2345 gaudio
2730 2275 3064 2343 suscipiunt
3091 2273 3335 2329 verbum
3371 2289 3381 2325 ε
3405 2270 3531 2328 et’ii
3545 2287 3642 2326 ra-

1974 2364 2131 2420 dices
2155 2382 2272 2420 non
2295 2366 2538 2433 habent,
2556 2368 2660 2436 qui
2687 2367 2766 2420 ad
2784 2372 3010 2434 tempus
3035 2365 3290 2419 credunt
3309 2381 3319 2417 :
3337 2368 3389 2417 et
3413 2363 3474 2416 in
3501 2369 3640 2417 tem-

1970 2469 2116 2524 pore
2169 2457 2569 2510 tentationum
2628 2455 2916 2511 recedunt
2966 2455 3132 2525 (Luc.
3173 2469 3270 2518 vn,
3307 2451 3639 2521 13)....Non

1973 2547 2127 2600 enim
2151 2546 2280 2601 volo
2304 2549 2595 2615 ignorare
2615 2561 2733 2605 vos.
2754 2547 3004 2614 fratres.
3029 2541 3100 2600 de
3127 2543 3522 2598 tribulatione
3541 2555 3641 2596 no-

1971 2641 2102 2690 stra
2133 2650 2264 2705 qua:
2284 2637 2456 2704 facta
2485 2639 2570 2691 est
2614 2635 2776 2689 nobis
2806 2635 2873 2689 in
2908 2634 3056 2689 Asia
3082 2651 3094 2688 :
3135 2633 3418 2704 quoniam
3448 2645 3638 2700 supra

1973 2723 2210 2780 modum
2234 2726 2477 2795 gravati
2497 2741 2697 2781 sumus
2720 2739 2908 2793 supra
2930 2725 3231 2782 virtutem,
3251 2714 3339 2777 ita
3366 2726 3432 2776 ut
3456 2720 3636 2776 etiam

1971 2813 2180 2870 modus
2197 2816 2514 2870 servanda?
2537 2817 2674 2871 vita?
2691 2815 2861 2869 nobis
2875 2829 2990 2868 non
3013 2815 3382 2882 suppeteret:
3399 2809 3503 2866 sed
3523 2810 3641 2878 ipsi

1971 2903 2035 2958 in
2082 2904 2524 2972 nobismetipsis
2567 2904 2871 2959 decretum
2931 2903 3140 2957 mortis
3194 2901 3533 2965 habuimus,
3577 2904 3638 2954 ut

1971 3007 2093 3047 non
2124 2994 2306 3047 simus
2331 2993 2579 3059 ﬁdentes
2612 2994 2672 3047 in
2701 2991 2890 3058 nobis,
2922 2991 3028 3046 sed
3063 2992 3126 3046 in
3154 2991 3292 3058 Deo,
3322 2990 3429 3060 qui
3453 2987 3636 3044 susci-

1973 3087 2060 3136 tat
2089 3088 2355 3136 mortuos
2380 3083 2466 3151 (II
2485 3083 2622 3137 Cor.
2649 3099 2684 3150 ι,
2717 3082 2904 3151 8,9)...
2927 3081 3004 3136 Et
3035 3095 3236 3136 omnes
3269 3080 3374 3150 qui
3404 3079 3503 3147 pie
3533 3092 3632 3132 vo-

1979 3173 2317 3228 luntvivere
2359 3173 2422 3227 in
2470 3171 2702 3228 Christo
2761 3173 2924 3239 .Iesu,
2991 3170 3467 3240 persecutionem
3525 3183 3635 3237 pa-

1973 3260 2315 3326 tientur(II
2343 3263 2496 3318 Tim.
2528 3277 2611 3329 ιιι,
2652 3263 2758 3332 12).

1971 3526 2145 3590 Quod
2178 3543 2357 3581 nemo
2386 3527 2566 3583 debet
2592 3529 2860 3600 seipsum
2902 3527 3163 3599 objicere
3206 3523 3638 3580 tentationibus

2041 3621 2372 3687 antequam
2396 3620 2549 3670 Deus
2584 3617 2922 3687 permiserit
2957 3635 2968 3682 ;
2999 3615 3120 3670 imo
3153 3613 3332 3669 debet
3361 3612 3623 3685 quisque

1980 3734 1983 3737 -
2039 3720 2230 3775 orare,
2271 3711 2334 3760 ut
2362 3721 2436 3760 ne
2466 3705 2694 3760 incidat
2719 3704 2778 3759 in
2812 3705 3224 3760 tentationem.

2649 3797 2848 3863 Caput
2871 3797 2949 3852 II.

2038 3884 2138 3939 Sic
2159 3899 2300 3953 ergo
2326 3889 2536 3940 orate:
2565 3887 2740 3942 Pater
2769 3888 2968 3940 noster
2988 3885 3094 3954 qui
3122 3899 3179 3940 es
3208 3883 3272 3937 in
3302 3880 3466 3937 caelis
3495 3895 3637 3936 san-

1965 3974 2263 4040 etiﬁcetur
2315 3989 2530 4029 nomen
2575 3979 2768 4041 tuum,
2827 3974 3113 4032 adveniat
3160 3988 3408 4043 regnum
3469 3980 3638 4030 tuum

1965 4063 2205 4155 (Matth.
2237 4079 2311 4126 τι,
2347 4068 2398 4120 9.
2432 4066 2496 4118 Et
2523 4064 2706 4135 paulo
2737 4069 2902 4136 post:
2937 4065 3014 4119 Et
3045 4079 3120 4118 ne
3150 4080 3255 4119 nos
3287 4065 3542 4121 inducas
3571 4066 3633 4120 in

1963 4153 2486 4225 tentationemﬁed
2513 4153 2704 4210 libera
2719 4169 2824 4207 nos
2855 4169 2892 4209 a
2921 4154 3266 4216 malo(ibid.
3296 4157 3452 4224 13)...
3507 4157 3636 4217 Post

1961 4242 2086 4300 haec
2139 4249 2336 4300 autem
2369 4243 2731 4302 ambulabat
2787 4245 2952 4299 Jesus
3005 4243 3067 4298 in
3100 4244 3456 4300 Gatilwam-z
3511 4259 3632 4300 non

1960 4333 2114 4388 enim
2139 4333 2372 4389 volebat
2393 4335 2457 4387 in
2477 4333 2758 4389 Judceam
2782 4332 3269 4403 ambulare,quia
3289 4333 3637 4405 quaerebant

1959 4437 2091 4477 eum
2121 4423 2319 4478 Judaei
2344 4424 2857 4491 interﬁcereErat
2882 4429 3083 4478 autem
3105 4424 3167 4478 in
3193 4425 3477 4492 proximo
3506 4423 3631 4478 dies

1953 4512 2146 4580 festus
2173 4512 2545 4582 Judworum,
2575 4513 2966 4582 Scenopegia.
2997 4513 3296 4567 Dixerunt
3322 4514 3514 4582 igitur
3540 4511 3621 4567 ad

1957 4616 2088 4657 eum
2129 4603 2361 4672 fratres
2391 4603 2559 4670 ejus:
2613 4603 2828 4657 Transi
2880 4602 3042 4668 hinc,
3100 4606 3156 4656 et
3219 4602 3371 4658 vade
3415 4603 3476 4656 in
3525 4603 3634 4655 Ju-

1955 4691 2146 4748 dwam
2177 4698 2241 4747 ut
2274 4698 2329 4748 et
2355 4691 2640 4762 discipuli
2685 4691 2777 4746 tui
2803 4691 3047 4747 videant
3067 4702 3253 4760 opera
3281 4707 3417 4763 qua?
3435 4692 3625 4760 facis.

1953 4781 2138 4838 Nemo
2168 4783 2386 4852 quippe
2419 4782 2482 4837 in
2521 4782 2758 4838 occulto
2783 4781 2932 4852 quid
2955 4781 3114 4849 facit
3135 4785 3192 4836 et
3239 4781 3461 4851 quierit
3502 4782 3630 4850 ipse

1947 4873 2161 4940 palam
2175 4873 2392 4929 esse.Si
2422 4871 2545 4927 haec
2563 4873 2733 4942 facis,
2758 4871 3080 4940 manifesta
3106 4871 3355 4940 teipsum
3373 4871 3598 4927 mundo
3626 4894 3639 4910 -

1953 4961 2158 5034 Neque
2181 4963 2336 5029 enim
2379 4963 2611 5032 fratres
2660 4964 2789 5032 ejus
2815 4962 3139 5019 credebant
3163 4962 3227 5018 in
3259 4976 3412 5017 eum.
3462 4961 3628 5018 Dicit

1955 5067 2089 5122 ergo
2120 5052 2201 5107 eis
2221 5053 2392 5108 Jesus
2412 5070 2432 5107 :
2463 5053 2710 5122 Tempus
2731 5066 2924 5108 meum
2956 5051 3236 5107 nondum
3260 5050 3451 5116 adest,
3495 5055 3640 5105 tem-

1946 5157 2067 5212 pus
2096 5147 2297 5198 autem
2329 5146 2590 5197 vestrum
2615 5155 2851 5209 semper
2879 5146 2965 5197 est
3018 5143 3328 5210 paratum.
3356 5139 3501 5195 Non
3525 5154 3636 5209 po-

1956 5237 2068 5288 test
2093 5231 2358 5288 mundus
2397 5231 2590 5288 odisse
2611 5246 2712 5290 vos
2738 5247 2750 5286 :
2782 5245 2875 5289 me
2925 5235 3123 5287 autem
3165 5230 3318 5299 odit,
3350 5229 3496 5302 quia
3522 5243 3630 5300 ego

2023 5340 2135 5410 (73)
2158 5343 2282 5407 Reg
2335 5339 2542 5395 tertius
2567 5348 2640 5410 τῷ
2671 5338 2953 5410 ἐγείραντι.

2025 5408 2141 5482 (74)
2172 5411 2364 5467 Editio
2403 5410 2572 5467 Paris
2611 5408 2709 5484 ’μὰ
2734 5408 2952 5483 ἐμπέσῃ.
2989 5408 3149 5465 Libri
3197 5413 3430 5466 veteres
3474 5409 3632 5480 εμπε-

1956 5502 2083 5537 σειν.

2024 5555 2137 5626 (75)
2161 5557 2386 5610 Rursus
2419 5555 2609 5611 oratio
2642 5553 2958 5626 Dominiea
2988 5553 3103 5608 hoc
3148 5552 3284 5607 loco
3321 5551 3630 5608 invenitur

1951 5627 2186 5697 integra
2214 5627 2276 5683 in
2306 5627 2514 5684 codice
2544 5625 2934 5683 Messanensi.
