4112 6382
457 319 554 372 8H

1859 312 1915 367 S.
1956 308 2208 366 BASILH
2249 307 2465 364 MAGNI

3724 308 3829 362 8|2

456 446 673 496 verunt
713 441 1026 497 veritatem
1056 439 1112 511 (Ι
1146 439 1296 494 Tim.
1330 454 1407 503 ιγ,
1445 438 1629 507 1-3)...
1666 436 1736 492 Si
1765 436 1895 508 quis
1934 436 2114 492 aliter

2223 440 2314 486 τοῦ
2348 437 2545 508 Κυρίου
2576 434 2721 507 ἡμῶν
2752 432 2927 492 Ἰησοῦ
2970 439 3222 506 Χριστοῦ,
3273 436 3362 483 καὶ
3406 439 3465 504 τῇ
3508 430 3623 483 κατ’
3675 430 3828 484 εὐσέ-

453 528 643 596 docet,
694 534 749 584 et
779 544 900 583 non
956 528 1185 584 accedit
1237 528 1404 583 sanis
1452 525 1823 581 sermonibus
1877 524 2123 580 Domini

453 619 652 675 nostri
669 618 810 674 Jesu
839 617 1091 685 Christi,
1123 623 1177 674 et
1212 618 1269 673 ei
1295 630 1425 687 quae
1464 614 1789 671 secundum
1834 614 2117 683 pietatem

454 714 561 777 est,
591 708 879 765 doctrina:
908 722 929 761 .·
955 708 1004 761 is
1053 706 1346 776 superbus
1400 710 1505 775 est,
1550 702 1712 759 nihil
1758 705 1969 772 sciens,
2016 702 2121 759 sed

455 799 750 869 languens
781 797 946 853 circa
983 797 1363 869 quastiones,
1394 800 1449 851 et
1490 808 1729 863 pugnas
1777 792 2114 859 verborum,

453 903 529 945 ex
555 888 771 959 quibus
817 888 1016 942 oritur
1053 885 1307 951 invidia,
1340 885 1664 949 contentio,
1711 882 2117 953 blasphemiae,

449 976 815 1046 suspiciones
858 975 1058 1042 malae,
1086 988 1397 1044 perversae
1427 972 1902 1041 conﬂictationes
1933 971 2119 1027 homi-

452 1081 595 1127 num
639 1069 837 1121 mente
867 1069 1318 1133 corruptorum,
1364 1067 1418 1118 et
1463 1062 1568 1132 qui
1609 1061 1865 1116 veritate
1887 1059 2123 1128 privati

448 1159 612 1223 sunt,
655 1154 1140 1210 existimantium
1192 1155 1482 1224 quaestum
1532 1164 1651 1206 esse
1684 1150 1986 1219 pietatem.
2018 1149 2120 1205 Di-

449 1243 677 1302 scedea
708 1242 932 1299 talibus
966 1242 1014 1313 (1
1043 1243 1193 1297 Tim.
1225 1257 1298 1311 vn,
1323 1239 1517 1310 3-5)...
1542 1238 1614 1294 In
1635 1238 1973 1303 novissimis
1997 1238 2118 1295 die-

452 1334 558 1389 bus
605 1332 923 1388 instabunt
982 1335 1250 1400 tempora
1300 1328 1664 1399 periculosa.
1711 1328 1916 1384 Erunt
1957 1328 2116 1384 enim

448 1420 715 1478 homines
739 1422 962 1489 seipsos
975 1424 1267 1490 amantes,
1285 1417 1495 1487 cupidi
1517 1417 2113 1487 pecuniarum,elati,

444 1511 708 1587 superbi,
762 1508 1116 1579 blasphemi,
1166 1507 1525 1578 parentibus
1580 1523 1701 1563 non
1758 1506 2112 1572 obedientes,

443 1600 694 1677 ingrati,
736 1599 993 1666 scelesti,
1035 1600 1164 1655 sine
1193 1597 1529 1668 aﬂectione,
1562 1597 1691 1653 sine
1717 1595 1958 1665 fwdere,
1989 1598 2113 1653 cri-

443 1693 791 1755 minatores,
806 1688 1265 1754 incontinentes,
1282 1687 1558 1753 immites,
1575 1687 1703 1742 sine
1724 1685 2110 1756 benignitate,

448 1780 627 1852 289
675 1778 1039 1849 proditores,
1084 1778 1375 1847 protervi,
1429 1775 1671 1842 tumidi,
1730 1777 2112 1846 voluptatum

443 1876 746 1931 amatores
767 1870 962 1939 magis
991 1882 1171 1939 quam
1198 1867 1308 1924 Dei
1337 1883 1351 1921 :
1387 1866 1672 1923 habentes
1701 1865 1949 1935 speciem
1981 1866 2109 1937 qui-

444 1960 579 2017 dem
600 1959 870 2029 pietatis,
903 1958 1187 2014 virtutem
1209 1961 1409 2013 autem
1450 1958 1580 2026 ejus
1620 1956 2026 2028 abnegantes;
2058 1962 2112 2013 et

447 2048 553 2106 hos
574 2049 779 2105 devita
801 2048 889 2119 (II
910 2048 1059 2103 Tim.
1075 2063 1149 2115 ιιι,
1172 2047 1633 2117 1-5)...Εναιγιιιε
1657 2047 1815 2103 enim
1835 2047 2115 2118 aliquan-

443 2138 518 2199 do
542 2144 599 2195 et
622 2152 730 2194 nos
755 2136 1453 2207 insipientes,increduli,
1473 2142 1775 2203 errantes,
1792 2137 2112 2193 servientes

453 2227 772 2303 desideriis
810 2230 868 2284 et
897 2225 1311 2297 voluptatibus
1341 2226 1552 2290 variis,
1581 2226 1644 2281 in
1682 2225 1923 2282 malitia
1946 2230 2003 2282 et
2027 2227 2116 2282 in-

441 2316 609 2376 vidia
628 2322 904 2388 agentes,
925 2315 1137 2386 odiosi,
1167 2315 1434 2373 odientes
1464 2315 1718 2373 invicem
1746 2315 1887 2383 (Tit.
1913 2332 1991 2383 ιιι,
2022 2314 2103 2387 3).

444 2426 835 2497 Quaecunque
847 2423 985 2494 conj
995 2423 1223 2480 unctim
1238 2422 1738 2496 comprobantur,
1757 2426 1913 2478 certe
1933 2421 2115 2480 etiam

477 2510 918 2569 benedictionis
941 2511 1406 2583 promissionem
1419 2509 1649 2569 habent
1664 2509 2077 2582 conjunctam.

1108 2600 1307 2669 Caput
1338 2600 1429 2657 II.

450 2729 456 2735 ς
530 2690 710 2747 Beati
723 2703 1024 2758 pauperes
1048 2689 1293 2759 spiritu,
1314 2688 1600 2760 quoniam
1628 2692 1898 2758 ipsorum
1923 2694 2009 2746 est
2028 2703 2118 2746 re-

445 2785 631 2852 gnu’m
644 2779 929 2837 caelorum
940 2819 953 2834 .
965 2779 1130 2834 Beati
1140 2780 1246 2849 qui
1260 2779 1779 2849 lugent,quoniam
1790 2780 2119 2850 ipsiconso-

449 2869 766 2927 labuntur.
780 2868 959 2924 Beati
970 2868 1160 2935 mites,
1176 2868 1464 2939 quoniam
1480 2869 1597 2937 ipsi
1608 2868 2118 2937 possidebuntter—

448 2975 604 3017 ram.
622 2960 789 3015 Beati
798 2959 905 3030 qui
917 2959 1189 3015 esuriant
1202 2963 1259 3014 et
1271 2959 1482 3013 sitiunt
1490 2960 2116 3031 justitiam,quoniam

2227 521 2367 576 ϐειαν
2431 518 2797 595 διδασκαλίᾳ,
2854 524 3181 594 τετύφωται,
3233 518 3401 594 μηδεν
3458 520 3826 595 ὶπιστάμενος,

2228 610 2356 664 ἀλλά
2418 621 2581 664 νοσῶν
2632 616 2752 688 περὶ
2805 611 3049 673 ζητήσεις
3104 616 3195 664 καὶ
3238 610 3594 684 λογομαχίας,
3647 607 3700 673 ἕξ
3762 611 3831 663 ὧν

2225 705 2424 774 γίνεται
2452 703 2654 774 φθόνος,
2706 700 2830 775 ἔρις,
2881 700 3218 774 βλασφημίαι
3274 702 3407 772 (15),
3455 702 3699 753 ὑπόνοιαι
3726 720 3828 753 πσ-

2225 796 2401 865 νηραὶ,
2471 787 2889 865 διαπαρατριϐαὶ
2955 786 3339 864 διεφθαρμένων
3407 788 3689 862 ἀνθρώπων
3741 793 3828 843 τὸν

2225 888 2364 949 νοῦν,
2417 885 2510 933 καὶ
2574 878 2997 953 ἀπεστερημένων
3049 887 3140 941 τῆς
3206 878 3470 945 ἀληθείας,
3511 880 3827 952 νομιζόντων

2224 972 2486 1042 πορισμὸν
2548 965 2677 1021 εἶναι
2729 973 2821 1026 τήν
2888 966 3169 1023 εὐσέϐειαν.
3214 966 3506 1041 ’Δφίστασο
3573 965 3673 1020 ἀπὸ
3726 976 3826 1020 τῶν

2225 1060 2492 1112 τοιούτων.
2554 1064 2722 1111 ΠΡΟΣ
2759 1064 2901 1113 ΤΙΜ,
3076 1057 3157 1109 Ἐν
3209 1056 3464 1129 ἐσχάταις
3493 1059 3711 1131 ἡμέραις
3743 1056 3826 1111 ἒν-

2228 1151 2517 1205 στήσονται
2572 1151 2747 1221 καιροὶ
2793 1145 3311 1218 χαλεποί.”Εσονται
3362 1146 3461 1221 γὰρ
3521 1149 3573 1200 οἱ
3627 1147 3828 1221 ἄνθρωο

2224 1256 2315 1290 ποι
2371 1235 2612 1310 φίλαυτοι
2640 1278 2653 1304 ,
2724 1235 3033 1312 φιλάργυροί
3064 1277 3078 1301 ,
3142 1234 3425 1301 ἀλαζόνες,
3484 1238 3827 1310 ὑπερήφανοι,

2226 1324 2569 1398 βλάσφημοι,
2626 1333 2866 1399 γονεῦσιν
2933 1323 3160 1388 ἀπειθεῖς
3223 1324 3541 1399 ἀχάριστοι,
3601 1324 3825 1395 ἀνόσιοι,

2223 1416 2497 1489 ἄστοργοι,
2557 1411 2837 1480 οἰσπονδοι,
2904 1411 3166 1478 διάϐολοι,
3236 1411 3494 1490 ἀκρατεῖς,
3553 1412 3824 1490 ἀνήμεροι,

2224 1501 2562 1578 ἀφιλάγαθοι,
2614 1500 2898 1578 προδόται,
2940 1511 3232 1578 προπετεῖς,
3273 1508 3634 1577 τετυφωμένοι,
3668 1504 3825 1577 φιλή-

2225 1590 2260 1647 δ
2264 1613 2369 1648 ονοι
2398 1593 2588 1667 μᾶλλον
2637 1593 2665 1652 ἣ
2722 1593 2968 1666 φιλόθεοι,
3000 1596 3209 1665 ἔχοντες
3239 1596 3509 1667 μόρφωσιν
3542 1593 3822 1665 εὐσεϐείας,

2221 1688 2313 1743 τὴν
2355 1680 2413 1738 δι
2468 1680 2690 1756 δύναμιν
2739 1683 2906 1745 αὐτῆς
2953 1683 3266 1759 ἠρνημένοι·
3318 1687 3408 1735 καὶ
3441 1686 3659 1746 τούτους
3689 1682 3823 1737 ἀπο-

2221 1777 2430 1848 τρέπου.
2466 1780 2634 1826 ΠΡΟΣ
2672 1778 2799 1828 ΤΙΤ.
2830 1771 2989 1846 Ἦμεν
3019 1775 3120 1845 γὰρ
3151 1792 3274 1826 ποτε
3298 1778 3387 1825 καὶ
3418 1774 3564 1846 ἡμεῖς
3591 1770 3821 1843 ἀνόητοι,

2221 1862 2470 1931 ἀπειθεῖς,
2501 1861 2820 1935 πλανώμενοι
2847 1857 3169 1924 δουλεύοντες
3199 1861 3497 1935 ἐπιθυμίαις
3545 1867 3636 1916 καὶ
3685 1860 3822 1923 ἠδο-

2220 1959 2333 2015 ναῖς
2356 1951 2641 2017 ποικίλαις,
2668 1949 2715 2004 ἐν
2764 1956 2923 2024 κακίᾳ
2953 1956 3041 2005 καὶ
3089 1954 3257 2026 φθόνῳ
3288 1948 3582 2024 διάγοντες,
3615 1972 3820 2027 στυγη-

2219 2046 2327 2109 τοὶ,
2347 2050 2617 2115 μισοῦντες
2644 2040 2912 2103 ἀλλήλους.

2257 2416 2401 2472 Ὀσα
2450 2421 2586 2474 κατὰ
2643 2423 2918 2494 σννείφειαν
2968 2420 3278 2497 ἕγκρίνεται,
3340 2420 3371 2483 ἧ
3416 2428 3506 2476 καὶ
3554 2421 3791 2493 εὐλογίας

2796 2509 3101 2584 ἐπαγγελίαν
3128 2515 3266 2584 ἔχει.

2569 2670 2583 2682 .
2892 2600 3081 2673 Κεφάλ.
3114 2600 3185 2659 Β’.

2296 2696 2667 2748 ΜΑΤΘΔῙΟΣ.
2724 2692 2993 2764 Μακάριοι
3043 2693 3093 2744 οἰ
3152 2692 3363 2763 πτωχόὶ
3415 2699 3488 2761 τῷ
3544 2692 3824 2763 πνεύματι,

2225 2780 2303 2832 ὅτι
2356 2779 2524 2832 αὐτῶν
2588 2778 2730 2833 ἔστιν
2785 2782 2815 2840 ἠ
2887 2778 3130 2852 βασιλεία
3184 2788 3283 2833 τῶν
3339 2778 3590 2853 οὐρανῶν.
3631 2782 3823 2833 Μακάι

2224 2887 2331 2944 ριοι
2406 2871 2455 2923 οἱ
2532 2871 2829 2931 πενθοῦντες
2865 2910 2877 2933 ,
2944 2870 3026 2922 ὅτι
3087 2869 3237 2922 αὐτοὶ
3300 2868 3822 2944 παρακληθήσονται.

2226 2961 2493 3035 Μακάριοι
2542 2956 2605 3012 οἱ
2689 2965 2914 3035 πραεῖς,
2984 2961 3065 3013 ὅτι
3136 2958 3284 3013 αὐτοὶ
3362 2958 3825 3035 κληρονομήσουσι

445 3051 566 3120 ipsi
583 3048 1241 3106 saturabuntur.Beati
1255 3048 1980 3121 misericordes,quoniam
2000 3051 2114 3120 ipsi

2225 3054 2320 3108 τὴν
2398 3058 2520 3120 γῆν.
2582 3051 2850 3124 Μακάριοι
2923 3050 2974 3102 οἱ
3054 3057 3324 3111 πεινῶντες
3406 3055 3498 3103 καὶ
3565 3047 3825 3122 διψῶντες

447 3139 929 3197 misericordiam
971 3145 1435 3209 consequentur.
1459 3138 1636 3195 Beati
1660 3140 1888 3196 mundo
1915 3140 2114 3210 corde,

448 3230 735 3303 quoniam
751 3228 869 3298 ipsi
879 3229 1058 3285 Deum
1071 3228 1379 3284 videbunt.
1389 3229 1557 3284 Beati
1566 3229 2117 3301 paciﬁci,quoniam

446 3321 568 3390 filii
583 3320 682 3375 Dei
693 3318 2120 3389 vocabuntur.Beatiquipersecutionempatiun-

453 3414 558 3464 tur
566 3411 820 3477 propter
828 3408 1162 3477 justitiam,
1179 3408 1463 3479 quoniam
1478 3408 1735 3478 ipsorum
1758 3414 1843 3464 est
1863 3422 2119 3480 regnum

451 3499 760 3555 caelorum.
785 3484 953 3553 Beati
969 3498 1268 3564 estis,cum
1289 3496 1523 3566 probra
1539 3498 1860 3554 intulerint
1874 3498 2117 3565 vobis,et

448 3587 750 3658 persecuti
768 3599 870 3642 vos
891 3586 1148 3657 fuerint,
1174 3590 1231 3642 et
1248 3586 1519 3642 dixerint
1539 3602 1713 3643 omne
1733 3587 1978 3644 verbum
1996 3601 2121 3645 ma-

453 3679 581 3734 lum
590 3678 910 3735 adversum
927 3692 1025 3735 vos
1037 3678 1388 3734 mentientes
1396 3683 1667 3747 ,propter
1677 3677 2055 3736 me.Gaudete
2063 3684 2118 3736 et

451 3769 1068 3841 exsultate,quoniam
1083 3782 1195 3824 me)
1215 3782 1306 3822 ces
1326 3773 1524 3823 vestra
1536 3770 1777 3837 copiosa
1792 3774 1848 3824 et
1869 3770 1931 3824 in
1953 3766 2119 3825 catis

452 3858 696 3929 (Matth.
747 3874 803 3926 ν,
849 3857 1073 3927 3-12)...
1112 3856 1336 3921 Venite,
1388 3855 1685 3913 benedicti
1726 3857 1934 3912 Patris
1980 3857 2116 3924 mei,

449 3947 746 4017 possidete
784 3953 1077 4015 paratum
1118 3944 1282 4001 vobis
1329 3960 1583 4015 regnum
1614 3960 1652 4002 a
1696 3947 2122 4004 constitutione

448 4037 682 4094 mundi.
704 4036 955 4091 Esurivi
973 4036 1156 4102 enim,
1180 4040 1231 4091 et
1258 4034 1505 4090 dedistis
1536 4035 1690 4091 mihi
1706 4036 2115 4101 manducare;

449 4127 639 4187 sitivi,
658 4131 716 4181 et
731 4124 982 4181 dedistis
1002 4123 1156 4179 mihi
1171 4123 1371 4181 bibere
1384 4136 1405 4193 ,'
1427 4124 1635 4194 hospes
1654 4138 1841 4190 eram,
1867 4129 1923 4181 et
1936 4126 2120 4208 Icolle.

448 4216 626 4285 gistis
646 4228 777 4280 me;
809 4213 1033 4278 nudus,
1060 4218 1118 4269 et
1156 4214 1549 4282 cooperuistis
1575 4225 1710 4285 me;
1736 4214 2038 4283 inrﬁmus,
2062 4221 2119 4272 et

448 4304 738 4359 visitastis
780 4317 910 4371 me;
940 4305 1005 4358 in
1048 4317 1294 4359 carcere
1339 4316 1531 4368 eram,
1563 4309 1619 4359 et
1648 4304 1895 4360 venistis
1918 4305 2000 4360 ad
2025 4320 2120 4363 me

449 4393 694 4465 (Matth.
726 4408 860 4461 xxv,
896 4393 1162 4465 34-36)...
1209 4393 1348 4449 Sive
1373 4394 1480 4463 qui
1514 4394 1824 4450 ministrat
1853 4395 1919 4450 in
1945 4395 2118 4452 mini»

445 4483 720 4549 strando,
741 4484 865 4540 sive
882 4483 989 4555 qui
1007 4483 1174 4539 docet
1202 4483 1265 4538 in
1286 4482 1567 4540 doctrina
1588 4498 1609 4538 :
1629 4485 1736 4554 qui
1753 4484 2119 4541 exhortatur

443 4574 509 4629 in
526 4573 928 4642 exhortando,
952 4575 1057 4646 qui
1078 4573 1291 4628 tribuit
1322 4574 1384 4628 in
1407 4574 1817 4643 simplicitate,
1842 4575 1950 4645 qui
1963 4589 2117 4643 prae-

445 4668 530 4720 est
546 4664 610 4719 in
635 4661 1064 4731 sollicitudine,
1096 4663 1202 4734 qui
1229 4662 1545 4718 miseretur
1572 4662 1636 4717 in
1660 4660 2005 4730 hilaritate;
2030 4663 2113 4719 di-

446 4753 623 4810 lectio
633 4752 761 4809 sine
771 4750 1157 4808 simulatione
1172 4768 1184 4806 :
1201 4750 1465 4809 odientes
1483 4750 2115 4835 malum,adhazrentes

446 4843 928 4911 bono,charitate
944 4843 1360 4912 fraternitatis
1382 4842 1636 4897 invicem
1658 4842 1999 4911 diligentes,
2016 4842 2114 4899 ho-

443 4948 589 4990 nore
611 4930 865 4989 invicem
882 4931 1335 5001 praevenientes,
1352 4930 1765 4987 sollicitudine
1788 4944 1907 4987 non
1925 4933 2111 5002 pigri,

438 5024 664 5093 spiritu
672 5023 993 5092 ferventes:
1007 5022 1257 5076 Domino
1268 5023 1590 5078 servientes
1615 5037 1628 5076 :
1642 5035 1746 5090 spe
1758 5021 2115 5091 gaudentes:

440 5115 507 5169 in
522 5113 920 5169 tribulatione
933 5112 1269 5180 patientes:
1281 5112 1547 5167 orationi
1566 5112 1861 5166 instantes
1887 5127 1902 5164 :
1926 5124 2111 5168 neces-

442 5201 719 5258 sitatibus
734 5205 1081 5257 sanctorum
1099 5204 1629 5258 communicantes:
1640 5199 2110 5269 hospitalitatem

442 5288 1608 5362 sectantes.Benedicitepersequentibus
1632 5288 2106 5362 voszbenedicite,

515 5470 567 5542 (ι
580 5468 634 5542 5)
658 5470 801 5538 Reg.
832 5468 1140 5542 secnndus
1163 5473 1225 5525 οι
1250 5473 1508 5541 utraque
1537 5468 1725 5525 editio
1757 5467 2099 5542 βλασφημίαι.

425 5540 555 5597 Alii
584 5540 710 5595 duo
740 5556 892 5613 {ne}.
925 5540 1289 5613 βλασφημίαι.

515 5612 633 5682 (ίθ)
683 5610 876 5668 Εόὶιὶο
925 5609 1255 5671 Ρωξὶόηδ.
1302 5609 1724 5685 περιεϐάλλετε...
1760 5611 1834 5664 -ἁν
1879 5610 2107 5685 φυλακῇ,

2224 3143 2318 3199 τὴν
2418 3135 2763 3197 δικαιοσύνην
2788 3181 2805 3209 ,
2905 3139 2986 3191 ὅτι
3082 3138 3233 3193 αὐτοὶ
3332 3142 3822 3216 χορτασθήσονται.

2224 3229 2491 3303 Μακάριοι
2556 3229 2606 3281 οἱ
2672 3226 2935 3301 ἐλεήμονες
2970 3268 2986 3296 ,
3062 3229 3143 3281 ὅτι
3217 3229 3367 3284 αὐτοὶ
3433 3229 3823 3289 ἄλεηθήσονται.

2224 3321 2492 3395 Μακάριοι
2550 3320 2601 3372 οἱ
2660 3320 2883 3392 καθαροί
2942 3326 3005 3392 τῇ
3086 3316 3286 3394 καρδίᾳ
3317 3363 3332 3390 ,
3398 3322 3479 3374 ὅτι
3530 3320 3676 3373 αὐτοὶ
3736 3324 3825 3373 τὸν

2228 3412 2358 3464 Θεὸν
2386 3441 2396 3450 -
2424 3408 2662 3480 ὄψονται.
2720 3411 2987 3484 Μακάριοι
3036 3411 3088 3463 οἱ
3142 3409 3479 3483 εἰρηνοποιοί,
3543 3412 3622 3464 ὅτε
3675 3409 3826 3464 αὐτοὶ

2226 3502 2333 3552 υἱοὶ
2398 3505 2533 3552 Θεοῦ
2588 3497 2964 3557 κληθήσονται.
3033 3501 3301 3575 Μακάριοι
3365 3502 3415 3553 οἱ
3481 3496 3827 3573 δεδιωγμένοι

2225 3590 2388 3642 ἕνεκεν
2447 3584 2788 3647 δικαιοσύνης
2816 3629 2832 3656 ,
2907 3589 2988 3640 ὅτι
3047 3588 3217 3642 αὐτῶν
3283 3588 3425 3643 ἔστιν
3486 3592 3517 3649 ἠ
3578 3589 3828 3664 βασιλεία

2226 3686 2327 3732 τῶν
2401 3676 2651 3752 οὐρανῶν.
2725 3679 2991 3750 Μακάριοί
3058 3676 3172 3731 ἕστε
3206 3720 3220 3744 ,
3294 3680 3417 3731 ὅταν
3493 3677 3826 3733 ὀνειδίσωσιν

2226 3769 2359 3841 ύμᾶς
2390 3807 2406 3835 ,
2481 3771 2572 3819 καὶ
2647 3763 2881 3830 διώξωσι
2914 3807 2929 3834 ,
3005 3772 3093 3821 καὶ
3166 3771 3352 3822 εἴπωσι
3424 3775 3527 3822 πᾶν
3601 3774 3828 3844 πονηρὸν

2224 3857 2372 3932 ῥῆμα
2442 3856 2562 3909 καθ’
2636 3858 2777 3928 ὑμῶν
2842 3852 3202 3929 ψευδόμενοι,
3268 3859 3429 3912 ἕνεκεν
3485 3858 3634 3933 ἐμοῦ.
3697 3864 3828 3915 Χαί-

2224 3966 2335 4020 ρετε
2398 3951 2490 3999 καὶ
2558 3944 2879 4017 ἀγαλλιᾶσθε
2911 3985 2925 4008 ,
2992 3948 3075 3999 ότι
3139 3949 3165 3999 ό
3227 3951 3423 4021 μισθός
3484 3952 3627 4023 ὑμῶν
3675 3949 3829 4012 πολύς

2225 4034 2275 4088 ἓν
2339 4042 2445 4096 τοῖς
2505 4035 2764 4110 οὐρανοῖς.
2828 4040 3195 4092 ΜΑΤΘΑΙΟΣ.
3256 4045 3448 4110 Δεῦτε,
3513 4042 3563 4093 οἱ
3617 4039 3825 4111 εὐλογη-

2224 4128 2368 4198 μένοι
2426 4131 2519 4177 τοῦ
2588 4128 2788 4197 Πατρός
2851 4144 2973 4198 μου,
3031 4124 3460 4201 κληρονομήσατε
3519 4134 3614 4187 τὴν
3687 4130 3809 4188 ἠτοι

2225 4218 2496 4287 μασμένην
2584 4215 2711 4286 ἡμῖν
2806 4212 3081 4286 βασιλείαν
3170 4214 3275 4269 διπό
3360 4216 3656 4279 καταϐολῆς
3736 4222 3830 4271 x6-

2227 4322 2385 4376 σμον.
2456 4303 2734 4357 Ἐπείνασα
2795 4305 2897 4376 γὰρ
2924 4341 2940 4368 ,
3006 4308 3097 4358 καὶ
3157 4302 3389 4359 ἐδώκατέ
3452 4326 3544 4380 μοι
3609 4315 3828 4380 φαγεῖν*

2226 4389 2506 4463 ἐδίψησα,
2591 4396 2682 4445 καὶ
2747 4390 3026 4445 ἄποτίσατέ
3089 4412 3190 4467 με·
3262 4395 3401 4457 ξένος
3473 4399 3615 4469 ἤμην
3649 4441 3664 4466 ,
3738 4402 3830 4449 καὶ

2227 4483 2548 4554 συνηγάγετέ
2625 4501 2689 4555 με
2712 4502 2726 4516 ⁸
2826 4485 3015 4555 γυμνὸς
3054 4524 3067 4545 ,
3150 4488 3241 4536 καὶ
3323 4485 3651 4560 περιεϐάλετέ
3725 4506 3789 4559 με
3816 4508 3829 4523 ·

2225 4573 2525 4632 ἠσθένησα.
2585 4576 2674 4624 καὶ
2744 4573 2855 4643 (16)
2918 4570 3277 4643 ἐπεσκέψασθέ
3341 4593 3441 4647 με’
3510 4574 3560 4627 ἓν
3623 4575 3823 4650 φυλακῇ

2224 4665 2362 4736 ἥμην
2397 4706 2411 4732 ,
2469 4666 2561 4715 καὶ
2627 4661 2807 4721 ἤλθετε
2871 4664 3001 4736 πρὸς
3212 4670 3380 4718 ΠΡΟΣ
3430 4672 3590 4722 ΡΩΜ.
3644 4670 3761 4720 Εἴτε
3804 4667 3830 4718 ό

2224 4749 2480 4805 διακονῶν
2546 4750 2596 4803 ἐν
2670 4759 2733 4824 τῇ
2814 4747 3059 4822 διακονίᾳ
3090 4794 3104 4818 ,
3164 4755 3265 4806 εἴτε
3339 4755 3367 4807 ό
3444 4751 3718 4808 διδάσκων
3779 4754 3830 4807 ἄν

2220 4850 2281 4914 τῇ
2360 4838 2691 4913 διδασκαλίᾳ
2724 4885 2737 4909 ,
2816 4841 2843 4893 ό
2917 4841 3231 4916 παρακαλῶν
3306 4843 3358 4896 ἐν
3417 4851 3480 4918 τῇ
3559 4843 3831 4920 παρακλή-

2226 4950 2303 4984 σει
2346 4975 2359 4998 ,
2438 4932 2463 4983 ό
2537 4926 2863 5003 μεταδιδούς
2922 4928 2971 4982 ἓν
3037 4930 3332 4991 ἁπλότητι·
3412 4937 3437 4986 ό
3512 4942 3834 5013 προϊστάμε-

2220 5041 2300 5098 νος
2373 5019 2424 5073 ἓν
2502 5017 2755 5093 σπουδῇ,
2832 5020 2857 5072 ὁ
2932 5019 3079 5073 ἑλεών
3146 5020 3193 5074 ἐν
3257 5022 3566 5099 ἱλαρότητι,
3613 5029 3644 5086 ἡ
3699 5027 3832 5101 ἀγοί-

2218 5130 2292 5168 πη
2392 5108 2769 5183 ἀνυπόκριτοςο
2875 5108 3290 5183 ἀποστυγοῦντες
3389 5118 3447 5166 τό
3548 5121 3776 5189 πονηρὸν
3813 5161 3827 5187 ,

2218 5198 2527 5273 κολλώμενοι
2589 5207 2663 5270 τῷ
2738 5197 2920 5271 ἀγαθῷ
2949 5219 2963 5232 ο
3029 5208 3092 5272 τῇ
3161 5199 3471 5277 φιλαδελφίᾳ
3527 5205 3600 5266 εἰς
3667 5205 3832 5264 ἀλλήο

2216 5289 2339 5351 λους
2412 5288 2746 5364 φιλόστοργοι
2782 5309 2793 5321 ·
3030 5297 3155 5364 τιμῇ
3235 5289 3484 5355 ἀλλήλους
3560 5297 3826 5368 προηγού-

2216 5472 2329 5543 καί.
2362 5466 2563 5543 Codex
2614 5467 2885 5524 Combef.
2917 5472 2977 5525 et
3019 5467 3124 5525 alii
3171 5468 3296 5525 duo
3343 5468 3732 5543 περιεϐάλετε...
3781 5472 3832 5525 ἐν

2217 5539 2417 5613 φυλακῇ
2451 5542 2611 5611 ἤμην,
2645 5544 2735 5592 καὶ
2748 5580 2760 5598 .
