4112 6378
213 320 315 371 813

1741 311 2074 370 ΜΟΒΛΜΑ.

3484 329 3590 380 814

215 458 357 512 μενοι
381 461 393 473 ·
426 447 489 511 τῇ
543 436 751 513 σπουδῇ
798 444 869 513 μὴ
902 439 1112 514 ὀκνηροι
1138 460 1150 473 ·
1184 447 1254 509 τῷ
1285 442 1543 511 πνεύματι
1573 441 1769 501 ζέοντες
1792 458 1805 471 ο

1934 443 1975 492 at
2006 436 2198 493 nolite
2242 437 2625 493 maledicere.
2661 440 2928 495 Gaudete
2980 455 3114 495 cum
3163 444 3587 518 gaudentibus,

214 538 286 599 τῷ
346 534 520 604 Κυρίῳ
577 526 902 591 δουλεύοντες
930 549 945 562 ο
1004 536 1067 601 τῇ
1126 524 1301 581 ἐλπίδι
1363 532 1674 603 χαίροντες·
1742 534 1805 598 τῇ

219 616 388 689 θλίψει
418 620 752 691 ὑπομένοντες
775 640 789 653 ·
841 626 903 691 τῇ
954 625 1230 692 προσευχῇ
1264 624 1770 692 προσκαρτεροῦντες
1792 636 1806 649 ·

215 713 331 768 ταῖς
360 712 565 783 χρείαις
596 715 696 761 τῶν
729 707 889 780 ἁγίων
921 714 1279 768 κοινωνοῦντες
1305 709 1322 775 (
1333 710 1450 774 17)·
1482 710 1578 764 τήν
1618 704 1812 778 φιλοξε-

216 801 328 848 νίαν
354 793 647 859 διώκοντες.
692 796 957 869 Εύλογεῖτε
987 800 1109 858 τούς
1147 793 1432 858 διώκοντας
1470 798 1628 869 ὑμᾶς·
1664 794 1810 847 εύλο-

216 892 371 958 γεῖτε,
402 892 493 940 καὶ
517 892 590 960 μὴ
618 887 931 962 καταρᾶσθε.
964 891 1176 959 Χαίρειν
1206 889 1336 959 μετὰ
1364 890 1680 961 χαιρόντων,
1720 888 1811 937 καὶ

217 974 412 1029 κλαίειν
437 979 567 1048 μετὰ
609 976 905 1030 κλαιόντων.
935 979 1005 1028 Τό
1032 975 1160 1028 αὐτὸ
1190 975 1258 1035 εἰς
1289 973 1533 1035 ἀλλήλους
1562 980 1811 1049 φρονοῦν-

216 1083 333 1125 τες·
385 1068 456 1137 μὴ
499 1066 564 1117 τὰ
606 1062 780 1134 ὑψηλά
837 1072 1156 1139 φρονοῦντες,
1218 1062 1348 1115 ἀλλά
1392 1071 1503 1125 τοῖς
1551 1068 1810 1125 ταπεινοῖς

219 1157 648 1225 συναπαγόμενοι.
704 1157 789 1212 Μὴ
848 1155 1057 1224 γίνεσθε
1111 1157 1352 1226 φρόνιμοι
1397 1153 1522 1227 παρ’
1566 1151 1805 1215 ἑαυτοῖς·

213 1239 402 1314 μηδενὶ
430 1244 587 1294 κακόν
635 1240 750 1295 ἀντὶ
794 1250 959 1295 κακοῦ
1007 1239 1385 1302 ἀποδιδόντες·
1445 1244 1811 1317 προνοούμενοι

209 1330 343 1382 καλά
372 1330 584 1383 ἐνώπιον
639 1334 846 1384 πάντων
895 1330 1199 1407 ἀνθρώπων.
1255 1332 1318 1385 Εἰ
1366 1328 1606 1402 δυνατὸν,
1651 1334 1710 1383 τό
1759 1329 1812 1393 ἐξ

208 1422 350 1493 ὑμῶν
380 1462 395 1491 ,
467 1423 599 1493 μετά
662 1424 866 1476 πάντων
935 1419 1219 1496 ἀνθρώπων
1295 1421 1666 1496 εἰρηνεύοντες·
1735 1425 1807 1493 μή

208 1509 418 1570 ἑαυτοὺς
473 1506 820 1584 ἐκδικοῦντες,
856 1510 1142 1583 ἀγαπητοι,
1185 1510 1312 1563 ἀλλά
1366 1508 1488 1564 δότε
1539 1514 1693 1563 τόπον
1743 1517 1808 1584 τῇ

208 1598 338 1675 ὀργῇ
366 1619 380 1633 ·
436 1603 732 1674 γέγραπται
758 1602 861 1673 γὰρ
888 1622 900 1633 ·
933 1601 1078 1674 Ἐμοὶ
1126 1596 1424 1669 ἐκδίκησις,
1455 1599 1551 1673 ἐγὼ
1581 1601 1812 1652 ἀνταπο-

208 1684 390 1754 δώσω,
418 1687 555 1760 λέγει
605 1692 816 1762 Κύριος.
846 1689 1003 1743 Ἀλλὰ
1049 1688 1134 1743 ἐὰν
1187 1695 1337 1760 πεινᾴ
1378 1690 1403 1740 ό
1451 1688 1644 1762 ἐχθρός
1694 1709 1811 1755 σου,

1921 534 1973 582 et
1995 529 2133 596 ﬂete
2157 541 2292 582 cum
2317 527 2638 595 flentibus:
2658 528 2913 597 idipsum
2946 531 3197 586 invicem
3227 535 3544 593 sentientes
3567 555 3590 598 .'

1919 629 2041 670 non
2069 616 2200 672 alta
2230 617 2549 684 sapientes,
2590 616 2695 672 sed
2743 617 3074 673 humilibus
3123 625 3583 681 consentientes.

1918 705 2123 761 Nolite
2172 720 2295 762 esse
2344 705 2671 775 prudentes
2726 707 2897 775 apud
2945 709 3325 778 vosmetipsos
3364 730 3385 767 :
3429 715 3595 770 nulli

1920 796 2150 851 malum
2204 810 2318 863 pro
2378 795 2541 850 malo
2591 795 2907 852 reddentes
2960 813 2972 851 :
3008 799 3397 867 providentes
3436 801 3595 861 bona

1922 899 2126 940 coram
2172 884 2448 940 omnibus
2501 884 2866 941 hominibus.
2905 886 2974 943 Si
3015 888 3156 956 ﬁeri
3185 895 3402 959 potest,
3433 894 3596 963 quod

1921 988 1998 1030 ex
2029 973 2191 1029 vobis
2222 978 2329 1042 est,
2363 989 2498 1029 cum
2548 974 2824 1031 omnibus
2857 976 3200 1033 hominibus
3234 994 3447 1048 pacem
3482 982 3593 1039 ha-

1923 1063 2122 1119 bentes
2154 1080 2167 1119 :
2203 1077 2323 1118 non
2368 1065 2752 1132 vosmetipsos
2802 1053 3179 1138 ulciscentes,
3228 1067 3592 1138 charissimi,

1919 1152 2022 1208 sed
2064 1152 2203 1208 date
2253 1152 2449 1213 locum
2497 1153 2645 1223 iras;
2691 1155 2985 1222 scriptum
3030 1161 3115 1212 est
3161 1159 3322 1213 enim
3370 1173 3393 1213 :
3440 1159 3598 1215 Mihi

1920 1243 2210 1308 vindicta,
2261 1256 2369 1311 ego
2416 1242 2777 1311 retribuam,
2820 1243 2969 1299 dicit
3016 1246 3330 1301 Dominus.
3380 1247 3499 1305 Sed
3544 1251 3596 1306 si

1921 1333 2201 1389 esurierit
2226 1332 2510 1387 inimicus
2542 1337 2702 1401 tuus,
2734 1333 2869 1388 ciba
2905 1334 3084 1389 illum
3110 1350 3134 1391 .·
3163 1336 3217 1391 si
3258 1351 3399 1394 vero
3444 1339 3593 1410 sitit,

1914 1427 2126 1492 potum
2157 1421 2238 1476 da
2259 1421 2374 1477 illi.
2405 1421 2554 1477 Noti
2578 1422 2799 1477 vincia
2818 1422 3003 1491 malo,
3032 1423 3136 1479 sea'
3157 1425 3328 1482 vince
3350 1427 3416 1482 in
3444 1426 3596 1483 bono

1921 1510 2150 1565 malum
2200 1510 2394 1580 (Rom.
2444 1526 2527 1565 xn
2559 1549 2575 1577 ,
2628 1509 2848 1579 7-20)...
2903 1510 3163 1567 Nullam
3214 1514 3277 1568 in
3334 1515 3469 1571 ulla
3530 1531 3598 1573 re

1922 1599 2135 1655 dantes
2180 1598 2587 1668 offensionem,
2634 1603 2702 1655 ut
2744 1614 2866 1655 non
2911 1601 3290 1669 vituperetur
3326 1603 3594 1661 ministe-

1922 1689 2152 1760 rium;
2187 1688 2292 1757 sed
2347 1689 2412 1744 in
2464 1689 2645 1759 290
2691 1688 2965 1744 omnibus
3018 1689 3409 1747 exhibeamus
3457 1709 3594 1749 nos-

203 1776 418 1850 ψὼμιζε
465 1777 620 1830 αὐτόν
646 1799 658 1811 -
710 1777 795 1831 ἔάν
827 1775 887 1831 δὲ
936 1775 1075 1850 διψᾴ
1123 1780 1260 1850 (18),
1293 1782 1476 1842 πότιζε
1506 1779 1682 1833 αὐτὸν.
1725 1783 1809 1838 Μή

1934 1778 2220 1846 metipsos,
2252 1777 2409 1833 sicut
2434 1778 2546 1833 Dei
2587 1779 2913 1840 ministros,
2949 1780 3010 1834 in
3040 1780 3238 1836 multa
3265 1782 3592 1850 patientia,

205 1874 337 1920 νικῶ
365 1869 467 1920 ὑπό
499 1875 593 1920 τοῦ
622 1875 808 1936 κακοῦ,
841 1866 971 1920 ἀλλά
995 1870 1117 1920 νίκα
1155 1866 1203 1920 iv
1230 1876 1301 1939 τῷ
1333 1867 1513 1940 ἀγαθῷ
1541 1872 1600 1921 τὸ
1630 1873 1810 1922 κακόν.

206 1963 382 2010 ΠΡΟΣ
415 1963 563 2013 KOP.
697 1942 978 2030 Μηδεμίαν
1018 1956 1067 2009 iv
1097 1954 1286 2030 μηδενὶ
1313 1954 1549 2018 διδόντες
1578 1978 1813 2034 προσκο-

203 2051 334 2114 πήν,
364 2047 447 2099 ἵνα
477 2051 548 2120 μή
576 2048 803 2121 μωμηθῇ
839 2050 868 2106 ἡ
914 2044 1160 2100 διακονία
1179 2069 1190 2080 ·
1226 2046 1332 2100 ἀλλ’
1359 2046 1408 2099 iv
1437 2052 1594 2100 παντὶ
1624 2067 1813 2100 συνισ-

203 2144 392 2197 τῶντες
422 2136 650 2202 ἑαυτούς,
684 2139 753 2198 ὡς
783 2143 916 2190 Θεοῦ
967 2133 1223 2207 διάκονοι,
1272 2135 1320 2189 ἐν
1360 2138 1592 2210 ὑπομονῇ
1626 2136 1814 2211 πολλῇ,

205 2225 258 2280 iv
292 2224 549 2297 θλίψεσιν,
586 2224 634 2278 iv
667 2224 939 2298 ἀνάγκαις,
970 2225 1018 2279 ἐν
1051 2230 1446 2300 στενοχωρίαις,
1476 2230 1524 2279 ἐν
1563 2226 1812 2299 πληγαῖς,

205 2316 257 2369 iv
287 2314 541 2389 φυλακαῖς
566 2316 615 2367 ἐν
643 2313 1086 2386 ἀκαταστασίαις,
1110 2315 1160 2369 iv
1185 2321 1386 2383 κόποις,
1408 2315 1455 2368 ἐν
1480 2315 1812 2390 ἀγρυπνιαις,

207 2404 260 2459 iv
290 2409 582 2474 νηστείαις,
614 2404 663 2458 iv
695 2404 964 2477 ἁγνότητι,
1008 2405 1056 2458 ἐν
1109 2408 1321 2478 γνώσει,
1372 2405 1422 2459 iv
1452 2409 1813 2482 μακροθυμίᾳ,

208 2493 261 2550 iv
318 2498 673 2572 χρηστότητι,
726 2492 775 2546 iv
824 2496 1089 2568 Πνεύματι
1138 2494 1292 2568 ἁγίῳ,
1336 2494 1383 2548 iv
1416 2494 1591 2569 ἀγάπη
1625 2495 1814 2549 ἀνυπο-

208 2588 395 2659 κρίτῳ,
429 2582 477 2636 ἓν
533 2583 673 2657 λόγῳ
729 2582 994 2652 ἀληθείας,
1042 2583 1090 2637 ἐν
1145 2581 1366 2659 δυνάμει
1405 2593 1561 2655 Θεοῦ,
1595 2581 1690 2638 διὰ
1717 2593 1817 2638 τῶν

211 2673 379 2728 ὅπλων
410 2681 500 2735 τῆς
554 2670 920 2738 δικαιοσύνης,
974 2683 1074 2727 τῶν
1129 2670 1312 2738 δεξιῶν
1358 2679 1450 2728 καὶ
1508 2674 1814 2751 ἀριστερῶν,

215 2760 310 2817 διὰ
350 2760 512 2828 δόξης
539 2768 628 2817 καὶ
665 2763 898 2837 ἀτιμίας,
934 2760 1029 2816 διὰ
1059 2760 1369 2837 δυσφημίας
1414 2770 1505 2818 καὶ
1535 2765 1816 2838 εὐφημίας,

215 2857 286 2918 ὡς
307 2854 515 2925 πλάνοι,
539 2860 631 2911 καὶ
655 2853 866 2917 ἀληθεῖς
889 2874 902 2890 ο
939 2857 1006 2918 ὡς
1039 2853 1393 2929 ἀγνοούμενοι,
1428 2860 1519 2908 καὶ
1543 2854 1819 2927 ἕπιγινωσ-

219 2946 464 3015 κόμενοιο
519 2945 583 3004 ὡς
646 2941 1078 3009 ἀποθνήσκοντες,
1133 2948 1224 2996 καὶ
1287 2940 1405 2998 ἰδοῦ
1473 2944 1641 3018 ζῶμεν
1667 2965 1680 2978 ο
1750 2944 1820 3006 ὡς

219 3028 610 3106 παιδευόμενοι,
658 3037 747 3087 καὶ
793 3038 865 3106 μή
919 3034 1325 3108 θανατούμενοιο
1378 3037 1448 3097 ὡς
1483 3034 1816 3108 λυπούμενοι,

1923 1867 1989 1921 in
2029 1865 2545 1945 tribulationibus,
2578 1867 2642 1922 in
2665 1868 3142 1935 necessitatibus,
3174 1870 3238 1926 in
3268 1872 3594 1941 angustiis,

1924 1955 1988 2009 in
2016 1955 2243 2025 plagis,
2270 1955 2333 2011 in
2365 1956 2730 2026 carceribus,
2763 1958 2826 2011 in
2873 1955 3290 2037 seditionibus,
3323 1958 3387 2013 in
3429 1960 3596 2016 labo-

1925 2043 2115 2112 ribus,
2169 2047 2233 2102 in
2288 2046 2535 2116 vigiliis,
2589 2047 2653 2102 in
2696 2047 2980 2118 jejuniis,
3036 2048 3100 2103 in
3162 2050 3465 2119 castitate,
3531 2050 3596 2107 in

1927 2136 2202 2201 scientia,
2235 2136 2300 2191 in
2331 2136 2820 2206 longanimitate,
2852 2137 2916 2193 in
2944 2138 3334 2208 benignitate,
3361 2141 3426 2196 in
3456 2141 3597 2211 Spi-

1927 2225 2053 2279 ritu
2104 2230 2351 2293 sancto,
2408 2227 2473 2281 in
2533 2225 2836 2282 charitate
2890 2242 3013 2283 non
3066 2228 3247 2297 ﬁcta,
3296 2228 3362 2284 in
3417 2229 3595 2285 verbo

1931 2317 2222 2383 veritatis,
2276 2317 2342 2371 in
2399 2316 2626 2373 virtute
2665 2317 2799 2383 Dei,
2847 2331 2962 2387 per
3014 2332 3190 2373 arma
3237 2320 3503 2387 justitiw
3556 2332 3597 2375 a

1928 2404 2157 2461 dextris
2186 2411 2240 2462 et
2285 2420 2322 2462 a
2361 2406 2647 2475 sinistris,
2690 2421 2803 2476 per
2848 2408 3111 2474 gloriam
3161 2413 3215 2464 et
3248 2408 3596 2479 ignobilita-

1931 2500 2067 2563 tem,
2085 2511 2200 2565 per
2229 2497 2552 2565 infamiam
2582 2502 2638 2552 et
2669 2496 2886 2553 bonam
2912 2498 3146 2567 famam
3171 2513 3194 2554 .'
3225 2504 3290 2554 ut
3322 2499 3594 2556 seducto-

1928 2600 2045 2653 res,
2078 2590 2135 2642 et
2163 2600 2407 2642 veraces
2436 2602 2459 2642 .·
2485 2587 2639 2642 sicut
2668 2589 2777 2659 qui
2797 2588 3011 2658 ignoti,
3037 2593 3090 2644 et
3121 2589 3348 2660 cogniti
3378 2607 3398 2644 :
3419 2594 3596 2661 quasi

1928 2674 2275 2745 morientes,
2306 2680 2362 2732 et
2409 2690 2542 2732 ecce
2584 2677 2839 2732 vivimus
2883 2693 2896 2731 :
2942 2682 3010 2732 ut
3039 2678 3346 2747 castigati,
3379 2686 3434 2735 et
3471 2694 3596 2737 non

1930 2765 2315 2834 mortiﬁcati:
2350 2766 2526 2837 quasi
2572 2768 2795 2835 tristes,
2827 2781 3060 2837 semper
3089 2772 3290 2824 autem
3319 2769 3597 2838 gauden-

1930 2860 2015 2911 tes
2039 2870 2060 2910 .’
2089 2857 2247 2910 sicut
2291 2860 2548 2925 egentes,
2591 2854 2815 2912 multos
2852 2860 3055 2912 autem
3104 2857 3544 2926 locupletantes
3576 2877 3592 2916 :

1931 2948 2222 3016 tanquam
2249 2944 2408 3001 nihil
2437 2944 2742 3007 habentes,
2783 2949 2837 3000 et
2875 2946 3079 3002 omnia
3105 2946 3477 3015 possidentes
3512 2948 3605 3019 (II

1933 3033 2069 3090 Cor.
2100 3050 2176 3099 νι,
2211 3037 2437 3102 3-10)...
2468 3035 2556 3090 De
2584 3039 2821 3101 cetera,
2851 3034 3105 3104 fratres,
3137 3035 3416 3105 gaudete,
3453 3052 3595 3107 per-

219 3120 292 3176 ἀεὶ
326 3118 387 3176 δέ
413 3126 683 3197 χαίροντες
706 3143 719 3156 -
754 3124 821 3184 ὡς
866 3129 1116 3196 πτωχοὶ,
1166 3122 1380 3185 πολλοὺς
1425 3120 1484 3177 δι
1508 3122 1819 3184 πλουτιζον-

1934 3123 2076 3189 fecti
2129 3127 2329 3192 estote,
2390 3121 2826 3187 exhortamini,
2888 3122 3044 3178 idem
3107 3124 3323 3193 sapite,
3375 3139 3594 3194 pacem

215 3230 297 3274 τες
321 3232 334 3247 ·
364 3213 434 3275 ὡς
462 3209 628 3286 μηδεν
667 3215 897 3284 ἔχοντες,
930 3218 1020 3266 καὶ
1062 3215 1233 3267 πάντα
1265 3217 1598 3285 κατέχοντες.
1652 3218 1820 3265 ΠΡΟΣ

219 3307 366 3357 KOP.
559 3306 777 3370 Λοιπὸν,
833 3298 1069 3376 ἀδελφοὶ,
1126 3307 1363 3378 χαίρετε,
1423 3302 1818 3378 καταρτίζεσθε,

212 3390 602 3465 παρακαλεῖσθε
655 3391 815 3463 (19),
875 3394 935 3444 τὸ
998 3390 1122 3461 αύτρ
1189 3399 1455 3465 φρονεῖτε,
1515 3391 1819 3467 εἰρηνεύετε.

216 3484 386 3533 ΠΡΟΣ
454 3485 608 3537 ΓΑΛ.
662 3479 722 3533 Ὀ
777 3476 838 3533 δε
902 3484 1103 3555 καρπὸς
1164 3488 1255 3534 τοῦ
1319 3484 1618 3555 Πνεύματός
1679 3479 1821 3533 ἐστιν

222 3567 423 3643 ἀγάπη,
465 3572 635 3644 χαρὰ,
691 3570 891 3647 εἰρήνη,
924 3572 1284 3647 μακροθυμία,
1324 3574 1654 3644 χρηστότης,
1687 3569 1821 3642 ἀγα-

222 3659 440 3728 θοσύνη,
510 3664 709 3729 πίστις,
761 3665 1012 3734 πραότης,
1082 3658 1391 3734 ἕγηράτεια,
1443 3658 1624 3732 ἀγνεία
1687 3659 1819 3731 (20).

222 3755 391 3802 ΠΡΟΣ
440 3755 619 3805 ΕΦΕΣ.
678 3749 971 3824 Παρακαλῶ
1017 3746 1105 3802 οὖν
1150 3751 1289 3823 ὑμᾶς
1339 3748 1441 3822 ἑγὼ
1471 3752 1497 3802 ό
1529 3746 1748 3822 δέσμιος
1771 3748 1822 3801 iv

219 3843 400 3914 Κυρίῳ
438 3835 594 3903 ἀξίως
648 3848 1009 3914 περιπατῆσαι
1058 3848 1151 3901 τῆς
1189 3839 1417 3901 κλήσεως
1443 3836 1505 3903 ἧς
1549 3839 1820 3907 ἐκλήθητε,

219 3930 352 4001 μετὰ
404 3930 581 3991 πάσης
636 3932 1109 4003 ταπεινοφροσύνης
1173 3934 1264 3982 καὶ
1322 3934 1638 4005 πραότητος,
1695 3931 1825 4001 μετὰ

212 4019 595 4093 μακροθυμίας
649 4017 981 4097 ἀναόμενοι·
1009 4017 1238 4077 ἀλλήλων
1297 4018 1344 4071 ἐν
1401 4017 1602 4092 ἀγάπῃ,
1666 4037 1827 4071 σπον-

221 4104 475 4169 δάζοντες
518 4116 690 4185 τηρεῖν
746 4113 841 4167 τήν
899 4108 1116 4166 ἑνότητα
1170 4116 1264 4161 τοῦ
1312 4111 1612 4183 Πνεύματος
1655 4107 1704 4160 iv
1754 4115 1826 4179 τῷ

226 4194 510 4271 συνδέσμῳ
562 4205 657 4260 τῆς
713 4198 940 4273 εἰρήνης.
994 4196 1081 4251 ’Ἐν
1131 4205 1285 4271 σῶμα
1339 4203 1430 4250 καὶ
1488 4196 1535 4251 ἓν
1596 4204 1824 4270 Πνεῦμα,

219 4288 399 4348 καθὼς
429 4291 520 4338 καὶ
551 4286 795 4346 ἐκλήθητε
825 4284 872 4338 ἐν
912 4291 1010 4359 μιᾷ
1057 4282 1232 4339 ἐλπίδι
1269 4294 1361 4348 τῆς
1400 4285 1634 4348 κλήσεως
1663 4288 1825 4358 ὑμῶν.

222 4382 397 4429 ΠΡΟΣ
466 4382 646 4432 ΕΦΕΣ.
716 4375 924 4429 Γίνεσθε
986 4371 1074 4426 οὖν
1133 4373 1200 4434 εἰς
1265 4373 1512 4436 ἀλλήλους
1570 4379 1827 4448 χρηστοὶ,
1872 4360 1877 4365 δ

221 4465 614 4535 εὔσπλαγχνοι,
664 4463 1012 4537 χαριζόμενοι
1055 4462 1277 4529 ἑαυτοῖς,
1311 4465 1485 4525 καθὼς
1522 4470 1612 4517 καὶ
1644 4465 1669 4515 ὁ
1703 4467 1832 4527 Θεὸς

220 4554 271 4608 ἐν
345 4559 564 4627 Χριστῷ
617 4549 908 4628 ἐχαρίσατο
976 4552 1122 4626 ὑμῖν,
1180 4553 1390 4605 Γίνεσθε
1454 4551 1543 4604 οὖν
1604 4557 1833 4627 μιμηταὶ

222 4650 323 4698 τοῦ
381 4648 537 4705 Θεοῦ,
602 4644 670 4706 ὡς
726 4645 879 4694 τέκνα
930 4640 1196 4715 ἀγαπητὰ,
1265 4644 1358 4693 καὶ
1418 4649 1746 4714 περιπατεῖτε
1784 4639 1833 4692 ἐν

225 4733 438 4807 ἀγάπῃ,
493 4733 666 4794 καθὼς
718 4735 809 4785 καὶ
862 4734 888 4785 ό
941 4734 1170 4807 Χριστὸς
1227 4731 1499 4803 ἠγάπησεν
1547 4733 1704 4805 ἡμᾶς,
1744 4737 1835 4786 καὶ

222 4820 528 4898 παρέδωκεν
573 4821 753 4875 ἑαυτὸν
803 4823 929 4898 ὑπὲρ
979 4823 1126 4895 ἡμῶν
1172 4824 1475 4898 προσφορὰν
1512 4827 1602 4875 καὶ
1632 4826 1836 4875 Θυσίαν

227 4920 304 4983 τῷ
365 4920 478 4983 Θεῷ
535 4911 602 4972 εἰς
669 4910 838 4983 ὀσμήν
892 4907 1134 4971 εὐωδίας.
1191 4917 1360 4963 ΠΡΟΣ
1428 4915 1565 4967 MA.
1636 4914 1697 4964 Εἰ
1759 4931 1839 4974 τις

235 4997 323 5054 οὖν
385 4999 717 5077 παράκλησις
796 4997 845 5051 ἓν
908 5007 1164 5074 Χριστῷ,
1236 5003 1282 5053 εἴ
1365 5018 1421 5052 τι
1507 5002 1840 5075 παραμύθιον

237 5089 451 5162 ἀγάπης
509 5090 644 5162 (21),
701 5092 746 5142 εἴ
809 5110 890 5151 τις
942 5095 1185 5143 κοινωνία
1248 5092 1562 5164 πνεύματος,
1615 5093 1660 5144 εἳ
1725 5110 1844 5144 τινα

238 5180 526 5253 σπλάγχνα
571 5184 662 5231 καὶ
709 5179 993 5252 οἰκτιρμοὶ,
1024 5179 1338 5255 πληρώσατέ
1385 5200 1488 5253 μου
1519 5185 1613 5239 τήν
1644 5183 1843 5255 χαρὰν,

230 5276 322 5327 ἵνα
384 5272 441 5321 τὸ
508 5267 637 5320 αὐτὸ
685 5274 903 5343 φρονῆτε
961 5270 1187 5335 πάντες,
1247 5272 1342 5327 τήν
1406 5268 1570 5328 αὐτὴν
1638 5268 1847 5341 ἀγάπην

303 5377 423 5448 (Π)
453 5379 669 5450 Totum
710 5374 887 5444 illud,
917 5381 1030 5450 ταῖς
1076 5380 1285 5450 χρείαις
1333 5383 1434 5429 τῶν
1466 5376 1627 5450 ἁγίων
1659 5397 1848 5431 κοινω-

233 5447 463 5517 νοῦντες,
486 5449 548 5502 in
577 5464 725 5503 mss.
757 5447 986 5503 nostris
1012 5447 1134 5504 noti
1163 5447 1402 5518 legitur.

333 5520 423 5591 18)
457 5520 717 5646 Ηιιτεῒῧιιθ
769 5518 953 5575 editio
1007 5523 1064 5574 et
1118 5517 1258 5601 Reg.
1306 5519 1617 5602 secvndus
1659 5519 1745 5574 ἐὰν
1794 5517 1853 5574 δὴ

333 5596 403 5646 νᾶ.
445 5590 569 5646 Voc
640 5606 676 5646 ει
706 5585 765 5643 δέ
791 5589 970 5646 abest
996 5588 1077 5645 ab
1098 5595 1362 5646 antiquis
1389 5590 1581 5646 hbms.

235 5585 420 5672 infici,"
445 5585 676 5672 Yocula
791 5589 970 5646 abest
996 5585 1362 5672 ab‘agﬁquis
1389 5590 1581 5650 libris.

313 5660 427 5732 (19)
459 5664 602 5731 Reg.
633 5661 843 5718 tertius
873 5660 1237 5734 παρακαλεῖτε.

1931 3212 2145 3271 habete
2174 3213 2254 3285 (ΙΙ
2291 3212 2430 3271 Cor.
2460 3228 2576 3282 xm,
2612 3214 2771 3277 11)...
2802 3213 3064 3269 Fructus
3093 3219 3293 3271 autem
3325 3216 3595 3285 Spiritus

1930 3309 2013 3359 est
2044 3301 2334 3372 charitas,
2362 3302 2676 3372 gaudium,
2699 3316 2849 3370 pax,
2877 3303 3199 3373 patientia,
3235 3302 3594 3375 benignitas,

1931 3391 2187 3460 bonitas,
2233 3392 2403 3461 ﬁdes,
2452 3390 2876 3460 mansuetudo,
2909 3393 3304 3463 continentia,
3346 3394 3595 3450 castitas

1929 3482 2157 3550 (Galat.
2186 3498 2239 3549 γ,
2272 3484 2434 3540 22)...
2469 3482 2722 3538 Obsecro
2753 3481 2959 3552 itaque
2999 3497 3100 3538 vos
3131 3497 3238 3553 ego
3270 3484 3505 3541 vinctus
3529 3484 3595 3541 in

1929 3572 2205 3636 Domino,
2237 3576 2305 3626 ut
2333 3571 2516 3641 digne
2539 3570 2860 3627 ambuletis
2888 3572 3220 3638 vocatione,
3248 3587 3369 3643 qua
3397 3574 3600 3631 vocati

1931 3661 2092 3728 estis,
2119 3676 2254 3717 cum
2283 3661 2449 3717 omni
2476 3660 2843 3726 humilitate,
2865 3664 2920 3717 et
2948 3661 3433 3731 mansuetudine,
3459 3678 3596 3720 cum

1929 3752 2225 3823 patientia
2250 3794 2265 3819 ,
2318 3755 2747 3821 supportantes
2810 3751 3063 3809 invicem
3118 3752 3182 3807 in
3244 3751 3593 3811 charitate:

1931 3844 2182 3899 solliciti
2239 3857 2484 3899 servare
2535 3843 2834 3898 unitatem
2898 3841 3162 3911 Spiritus
3220 3843 3283 3899 in
3351 3843 3597 3900 vinculo

1933 3936 2123 4006 pacis.
2171 3935 2367 3990 Unum
2427 3946 2647 4002 corpus
2693 3936 2748 3988 et
2794 3946 2951 3987 unus
2997 3931 3289 3999 Spiritus,
3338 3935 3497 4013 sicut
3540 3936 3599 3990 et

1936 4024 2135 4081 vocati
2163 4024 2303 4079 estis
2331 4024 2397 4078 in
2427 4037 2551 4078 una
2580 4035 2685 4091 spe
2712 4022 3040 4079 vocationis
3086 4026 3299 4078 vestrae
3337 4020 3592 4093 (Ephes.

1935 4130 2015 4186 1v,
2071 4113 2249 4185 1-4)...
2297 4112 2504 4168 Estote
2542 4112 2734 4182 igitur
2781 4111 3034 4167 invicem
3076 4110 3340 4181 benigni,
3371 4111 3600 4168 miseri-

1936 4203 2165 4265 cordes,
2192 4203 2485 4260 donantes
2512 4202 2791 4268 invicem,
2812 4200 2968 4257 sicut
2994 4205 3047 4256 et
3080 4200 3236 4257 Deus
3264 4200 3330 4257 in
3359 4201 3605 4258 Christo

1938 4293 2185 4350 donavit
2230 4291 2414 4349 vobis.
2474 4292 2671 4346 Estote
2716 4305 2858 4360 ergo
2904 4290 3236 4347 imitatores
3284 4290 3417 4360 Dei,
3448 4291 3607 4347 sicut

1937 4385 2058 4453 ﬁlii
2099 4381 2488 4439 charissimi:
2520 4385 2573 4437 et
2623 4379 2931 4437 ambulate
2976 4380 3041 4437 in
3081 4379 3426 4445 dilectione,
3452 4381 3608 4435 sicut

1940 4481 1998 4530 et
2047 4474 2327 4531 Christus
2376 4470 2595 4527 dilexit
2638 4486 2764 4540 nos,
2810 4474 2863 4526 et
2915 4469 3173 4525 tradidit
3231 4470 3609 4539 semetipsum

1939 4579 2054 4636 pro
2082 4562 2251 4618 nobis
2280 4560 2669 4629 oblationem,
2712 4564 2768 4614 et
2800 4557 3050 4615 hostiam
3083 4559 3207 4614 Deo
3253 4558 3317 4614 in
3365 4558 3609 4614 odorem

1941 4651 2261 4708 suavitatis
2295 4650 2460 4723 (ibid.
2498 4651 2598 4718 32;
2623 4665 2676 4715 γ,
2716 4653 2766 4718 1,
2794 4652 2920 4720 2)...
2951 4648 3023 4704 Si
3060 4660 3182 4719 qua
3224 4663 3365 4718 ergo
3410 4663 3618 4705 conso-

1947 4743 2094 4800 latio
2133 4741 2197 4797 in
2247 4740 2508 4810 Christo,
2561 4740 2615 4795 si
2662 4738 2825 4811 quod
2860 4739 3146 4796 solatium
3187 4737 3533 4809 charitatis,
3566 4738 3621 4794 si

1947 4848 2068 4905 qua
2094 4831 2346 4887 societas
2375 4830 2648 4901 spiritus,
2680 4830 2733 4884 si
2760 4843 2882 4900 qua
2922 4829 3155 4885 viscera
3193 4832 3250 4884 et
3277 4828 3617 4885 miseratio-

1949 4937 2072 4989 nes,
2120 4920 2366 4990 imptete
2416 4919 2711 4990 gaudium
2760 4932 2977 4982 meum,
3035 4923 3101 4972 ut
3153 4917 3311 4973 idem
3367 4916 3622 4987 sapiatis

1952 5027 2173 5079 omnes,
2216 5010 2481 5093 eamdem
2514 5009 2875 5065 charitatem
2925 5007 3230 5075 habentes,
3282 5009 3624 5078 unanimes,

1952 5103 2215 5173 idipsum
2255 5100 2597 5168 sentientes,
2648 5099 2810 5155 nihil
2852 5113 2969 5168 per
3027 5098 3472 5154 contentionem
3519 5101 3625 5153 aut

1956 5195 2195 5250 inanem
2240 5191 2505 5260 gloriam
2559 5188 2859 5261 (Philipp.
2910 5203 2972 5254 ιι,
3024 5188 3209 5257 1-3)...
3268 5187 3355 5241 De
3401 5190 3625 5257 extero,

1953 5284 2207 5355 fratres,
2260 5294 2634 5352 quaecunque
2684 5282 2830 5334 sunt
2889 5291 3054 5343 vera,
3106 5290 3486 5347 quaecunque
3533 5275 3634 5332 ho-

2031 5393 2140 5465 (20)
2190 5387 2341 5445 Editi
2371 5391 2440 5465 et
2486 5391 2605 5465 tres
2637 5401 2801 5465 _1_cns_s.
2850 5383 3149 5465 ῥγκράτιια,
3181 5381 3406 5465 ’ἀγγείῳ
3442 5382 3633 5465 conti:

1962 5452 2196 5531 nentia,
2227 5461 2515 5528 castitas;
2547 5462 2606 5515 et
2634 5457 2718 5531 ita
2746 5452 3146 5531 legif__i1u_ctor
3181 5452 3446 5531 volgatae
3479 5471 3493 5509 :
3527 5452 3637 5531 seti

1963 5551 2084 5592 vox
2113 5523 2297 5606 ἁγνεία
2322 5547 2452 5589 non
2472 5523 2770 5604 reperitur
2799 5523 2981 5583 hodie
3012 5527 3074 5581 in
3108 5540 3283 5582 sacro
3312 5528 3484 5581 textu
3513 5523 3639 5580 vul-

1963 5610 2127 5679 gato.
3562 5622 3569 5627 '
