4112 6416
497 311 601 364 815

1885 309 1943 367 S.
1976 310 2218 366 BASILII
2261 311 2476 367 MAGNI

3762 316 3865 372 816

484 439 674 505 nesta,
708 449 1077 506 quascunque
1110 437 1309 505 justa,
1362 447 1730 506 quaecunque
1771 449 1953 505 pura,
1985 450 2138 506 quae-

2262 438 2484 506 ἔχοντες,
2541 435 2843 507 eiu-buxa,
2898 438 2955 487 τό
3018 433 3066 487 ἓν
3125 442 3442 508 φρονοῦντες,
3501 432 3668 507 μηδεν
3734 439 3852 491 κατ’

486 538 722 596 cunque
749 524 1062 589 amabilia,
1097 540 1467 597 quaecunque
1506 524 1672 580 bona:
1698 525 1906 591 fama,
1935 525 1989 578 si
2024 539 2149 594 qua

484 616 704 682 virtus,
730 620 785 670 et
810 616 865 670 si
891 612 1012 687 qua
1044 617 1199 684 laus,
1247 615 1374 672 haec
1414 616 1690 685 cogitate.
1727 614 1866 682 Quae
1905 617 1961 670 et
1996 614 2151 669 didi-

484 702 666 769 cistis,
694 708 749 758 et
779 704 1114 773 accepistis,
1150 710 1203 759 et
1243 704 1500 759 audistis
1557 707 1613 759 et
1661 702 1890 758 vidistis
1943 703 2007 757 in
2036 717 2149 770 me,

486 788 612 846 haec
643 792 806 861 agite
830 792 1126 862 (Philipp.
1159 808 1236 859 1v,
1267 796 1316 863 8,
1343 793 1468 863 9)...
1503 792 1723 862 Igitur,
1756 792 1810 846 si
1833 805 2155 847 consurre-

481 880 658 936 xistis
684 895 817 936 cum
851 880 1117 943 Christo.
1144 896 1276 952 quae
1309 896 1546 936 sursum
1571 884 1713 935 sunt
1744 880 2010 952 quaerite,
2043 879 2153 936 ubi

486 972 762 1028 Christus
792 977 878 1028 est
907 973 971 1027 in
1009 972 1266 1039 dextera
1305 973 1418 1028 Dei
1460 971 1668 1027 sedens
1697 989 1711 1027 :
1751 986 1883 1042 quas
1911 986 2152 1027 sursum

482 1066 624 1116 sunt
666 1063 879 1131 sapite,
912 1076 1031 1117 non
1061 1077 1192 1132 quaD
1219 1077 1400 1131 super
1427 1068 1679 1117 terram.
1720 1060 1950 1116 Mortui
1995 1062 2152 1117 enim

482 1150 640 1218 estis,
672 1155 728 1207 et
767 1151 891 1206 vita
919 1157 1120 1207 vestra
1150 1155 1236 1207 est
1264 1150 1623 1206 abscondita
1652 1164 1789 1205 cum
1823 1148 2057 1205 Christo
2086 1151 2151 1205 in

481 1240 603 1296 Deo
634 1240 878 1311 (Coloss.
913 1257 990 1311 ιιι,
1020 1244 1175 1311 1-3).
1206 1241 1448 1297 Induite
1472 1255 1572 1296 vos
1604 1255 1764 1311 ergo,
1798 1241 1955 1296 sicut
1978 1241 2155 1297 electi

478 1329 606 1400 Dei,
640 1331 839 1385 sancti
887 1336 943 1386 et
990 1330 1242 1399 dilecti,
1286 1331 1521 1386 viscera
1568 1328 2148 1396 misericordiarum,

480 1418 933 1489 benignitatem,
975 1420 1409 1489 humilitatem,
1460 1419 2009 1482 mansuetudinem,
2047 1434 2152 1488 pa-

478 1510 749 1565 tientiam
782 1510 950 1579 (ibid.
992 1510 1150 1581 l2)...
1181 1510 1486 1579 Corripite
1522 1510 1845 1581 inquietos,
1879 1511 2151 1565 consola-

475 1600 624 1653 mini
675 1599 1119 1667 pusillanimes,
1175 1601 1463 1669 suscipite
1509 1600 1802 1668 inﬁrmos,
1847 1601 2153 1668 patientes

473 1693 656 1745 estote
686 1689 767 1744 ad
794 1705 1019 1745 omnes.
1073 1690 1277 1747 Videte
1319 1705 1395 1747 ne
1418 1690 1553 1762 quis
1585 1690 1816 1744 malum
1843 1703 1960 1758 pro
1990 1690 2152 1745 malo

2257 522 2497 598 ἐριθείαν,
2526 525 2557 583 ἦ
2590 521 2908 586 κενοδοξίαν.
2943 531 3111 578 ΠΡΟΣ
3141 529 3278 578 MA.
3301 528 3370 577 Τὸ
3388 524 3587 592 λοιπὸν,
3615 522 3859 598 ἀδελφοὶ,

2260 615 2361 665 ὅσα
2407 611 2547 665 ἐστὶν
2579 611 2769 678 ἀληθῆ,
2807 614 2908 665 ὅσα
2940 615 3120 686 σεμνὰ,
3167 614 3269 667 ὅσα
3317 609 3523 683 δίκαια,
3574 616 3677 668 ὅσα
3706 614 3864 686 ἁγνὰ,

2262 704 2363 755 ὅσα
2390 701 2675 777 προσφιλῆ,
2715 703 2815 755 ὅσα
2861 706 3084 775 εὔγημα,
3130 706 3174 756 εἳ
3222 722 3298 762 τις
3345 700 3525 776 ἀρετὴ,
3558 709 3648 757 καὶ
3699 707 3745 756 εἷ
3789 726 3870 769 τις

2263 793 2486 857 ἔπαινος,
2541 798 2708 843 ταῦτα
2752 789 3045 863 λογίζεσθε.
3072 790 3135 844 Ἃ
3177 797 3268 844 καὶ
3320 790 3554 865 ἐμάθετε,
3596 798 3687 846 καὶ
3735 813 3869 869 παρο

2263 879 2483 948 ελάϐετε,
2551 885 2642 932 καὶ
2699 881 2979 946 ἠκούσατε,
3044 886 3134 933 καὶ
3196 877 3357 934 εἰδετε
3409 879 3458 933 ἐν
3516 880 3649 955 ἐμοὶ,
3703 891 3870 936 ταῦτα

2260 972 2543 1045 πράσσετε.
2575 976 2743 1022 ΠΡΟΣ
2768 976 2928 1025 ΚΟΛ.
2952 970 3014 1024 Εἰ
3038 966 3126 1022 οὖν
3149 972 3504 1045 συνηγέρθητε
3526 980 3598 1041 τῷ
3627 976 3866 1045 Χριστῷ,

2260 1064 2326 1113 τὰ
2355 1062 2461 1113 οἷνω
2487 1061 2706 1126 ζητεῖτε,
2740 1060 2801 1111 οὗ
2844 1062 2870 1112 ὁ
2909 1065 3141 1134 Χριστός
3179 1060 3295 1132 (22)
3330 1060 3472 1113 ἐστιν
3517 1061 3566 1114 ἐν
3598 1057 3749 1133 δεξιᾷ
3777 1071 3868 1115 τοῦ

2262 1157 2395 1203 Θεοῦ
2424 1151 2714 1222 καθήμενος
2737 1170 2750 1182 ·
2782 1151 2847 1201 τά
2892 1150 2997 1202 ἄνω
3028 1158 3278 1224 φρονεῖτε,
3309 1154 3382 1223 μὴ
3424 1152 3490 1202 τὰ
3517 1149 3600 1203 ἐπὶ
3629 1159 3719 1213 τῆς
3741 1161 3808 1224 γῆ
3823 1173 3864 1213 ς.

2264 1240 2562 1293 Ἀπεθάνετε
2590 1241 2711 1312 γαρ,
2758 1243 2849 1291 καὶ
2892 1239 2921 1296 ἡ
2977 1238 3084 1299 ζωὴ
3142 1241 3285 1311 ὑμῶν
3328 1243 3618 1314 κέκρυπται
3669 1244 3764 1293 σὺν
3793 1250 3868 1314 τῷ

2260 1335 2473 1404 Χριστῷ
2503 1327 2550 1380 ἐν
2592 1336 2667 1399 τῷ
2712 1335 2849 1398 Θεῷ.
2890 1324 3214 1381 Ἐνδύσασθε
3254 1325 3365 1395 οὖν,
3396 1331 3467 1390 ὡς
3511 1328 3737 1382 ἐκλεκτοὶ
3773 1338 3867 1384 τοῦ

2261 1424 2416 1484 Θεοῦ,
2475 1418 2621 1488 ἅγιοι
2676 1420 2768 1469 καὶ
2821 1417 3172 1489 ἠγαπημένοι,
3219 1417 3503 1490 σπλάγχνα
3557 1419 3863 1493 οἰκτιρμῶν,

2257 1510 2629 1582 χρηστότητα,
2683 1509 3182 1579 ταπεινοφροσύνην,
3243 1512 3538 1583 πραότητα,
3597 1511 3867 1582 μακροθυ-

2259 1600 2382 1670 μίαν
2411 1596 2542 1667 (23).
2574 1602 2741 1649 ΠΡΟΣ
2773 1603 2957 1653 ΘΕΣΣ.
2985 1594 3048 1651 α’.
3078 1598 3380 1649 Νουθετεῖτε
3417 1601 3541 1659 τοὺς
3589 1596 3866 1666 ἀτάκτους,

2742 1688 2861 1746 τοὺς

2259 1686 2655 1761 παραμυθεῖσθε
2742 1688 2861 1746 τοὺς
2944 1684 3304 1759 ὀλιγοψύχους
3337 1728 3351 1754 ,
3417 1684 3700 1763 ἀντέχεσθε
3765 1696 3867 1741 τῶν

473 1778 666 1833 alicui
690 1778 911 1834 reddat
944 1797 957 1834 :
992 1778 1095 1835 sed
1123 1793 1356 1848 semper
1383 1778 1544 1850 quod
1578 1778 1794 1834 bonum
1848 1783 1933 1833 est
1963 1784 2145 1834 secta-

2262 1774 2509 1844 ἀσθενῶν,
2559 1776 2950 1848 μακροθυμεῖτε
3005 1778 3135 1850 πρὸς
3196 1772 3412 1838 πάντας.
3440 1783 3626 1850 Ὁρᾶτε
3676 1782 3748 1851 μή
3792 1796 3868 1839 τις

474 1868 628 1923 mini
652 1873 707 1923 et
738 1868 801 1922 in
851 1883 954 1924 vos
999 1869 1249 1924 invicem
1281 1873 1337 1925 et
1380 1869 1445 1924 in
1474 1883 1697 1924 omnes.
1732 1867 1980 1937 Semper
2003 1883 2153 1938 gau-

474 1955 606 2013 dete
638 1975 650 2009 :
679 1957 806 2012 sine
830 1958 1276 2013 intermissione
1290 1963 1480 2013 orate.
1506 1958 1579 2012 In
1610 1957 1887 2013 omnibus
1912 1957 2150 2027 gratias

474 2048 636 2116 agite
662 2063 675 2101 :
712 2046 884 2117 291
919 2046 1046 2103 hzec
1075 2052 1162 2103 est
1189 2047 1345 2103 enim
1369 2047 1652 2103 voluntas
1680 2048 1789 2102 Dei
1808 2048 1871 2101 in
1905 2044 2150 2102 Christo

472 2140 627 2202 Iesu,
656 2135 720 2190 in
746 2137 933 2192 vobis.
978 2137 1283 2206 Spiritum
1321 2137 1512 2192 nolite
1555 2136 1942 2207 exstinguere
1974 2150 2151 2206 :pro-

464 2223 715 2294 phetias
744 2226 930 2281 nolite
972 2240 1274 2294 spernere.
1310 2225 1527 2281 Omnia
1566 2231 1766 2281 autem
1796 2224 2147 2294 probantes,

468 2314 635 2385 quod
670 2313 893 2370 bonum
924 2318 1009 2371 est
1040 2320 1235 2371 tenete
1263 2332 1275 2370 :
1306 2315 1383 2372 ab
1413 2315 1580 2371 omni
1615 2315 1811 2385 specie
1852 2315 2022 2370 mala
2050 2314 2152 2370 ab-

471 2402 688 2489 3tinete
743 2418 844 2459 vos
898 2404 960 2471 (Ι
985 2404 1188 2460 Thess.
1223 2419 1279 2474 v,
1335 2405 1589 2475 14-22)...
1639 2403 1826 2460 Senes
1868 2409 1934 2458 ut
1963 2403 2154 2460 sobrii

470 2494 615 2560 sint,
645 2492 876 2562 pudici,
905 2493 1264 2562 prudentes,
1318 2494 1457 2549 sani
1500 2494 1642 2563 ﬁde,
1671 2493 2013 2561 dilectione,
2038 2508 2151 2564 pa-

475 2582 712 2656 tientia.
747 2582 919 2638 Anus
957 2581 1259 2650 similiter,
1291 2582 1357 2638 in
1384 2581 1599 2639 habitu
1629 2587 1862 2646 sancto.
1890 2597 2009 2638 non
2035 2583 2149 2639 cri-

472 2671 827 2727 minatrices
858 2714 873 2740 ,
931 2685 1054 2726 non
1109 2673 1305 2727 multo
1370 2673 1510 2728 vino
1574 2672 1898 2728 servientes
1931 2715 1946 2740 ,
2007 2671 2151 2728 bene

472 2761 775 2827 docentes,
808 2765 875 2815 ut
906 2760 1206 2817 modestae
1235 2760 1498 2817 reddant
1542 2760 2048 2828 adolescentulas,
2081 2774 2149 2824 ut

486 2851 649 2907 viros
677 2865 814 2906 suos
843 2855 1069 2920 ament,
1101 2855 1167 2905 ut
1212 2851 1372 2919 ﬁlios
1419 2865 1556 2906 suos
1605 2850 1893 2921 diligant,
1934 2857 1999 2905 ut
2027 2852 2149 2906 sint

462 2940 821 3010 prudentes,
853 2945 1050 3007 casta,
1107 2940 1316 2996 domus
1373 2955 1584 2996 curam
1632 2940 1941 3011 habentes,
1982 2940 2148 2997 beni-

470 3044 624 3101 gnae,
655 3029 913 3086 subdita
943 3031 1091 3086 viris
1112 3030 1258 3100 suis,
1288 3034 1352 3085 ut
1382 3044 1503 3086 non
1537 3029 1988 3099 blasphemetur
2014 3045 2150 3087 ver-

2260 1868 2419 1917 κακὸν
2449 1862 2565 1917 ἀντι
2588 1872 2753 1916 κακοῦ
2784 1883 2888 1916 τινι
2917 1861 3121 1936 ἀποδῷ,
3155 1863 3285 1918 ἀλλά
3327 1868 3546 1919 πάντοτε
3583 1870 3642 1919 τὸ
3673 1864 3867 1939 ἀγαθόν

2262 1950 2475 2007 διώκετε
2503 1957 2588 2005 καὶ
2617 1954 2689 2014 εἰς
2716 1952 2962 2014 ἀλλήλους
3008 1959 3098 2007 καὶ
3145 1954 3216 2016 εἰς
3245 1956 3455 2016 πάντας.
3490 1958 3719 2010 Πάντοτε
3740 1977 3869 2029 χαι-

2259 2063 2391 2120 ρετε,
2453 2039 2802 2106 ἀδιαλείπτως
2852 2045 3233 2116 προσεύχεσθε.
3280 2043 3361 2098 Ἐν
3413 2051 3569 2098 παντὶ
3614 2046 3868 2122 εὐχαρισ-

2259 2141 2393 2186 τεῖτε
2417 2155 2428 2167 ·
2477 2140 2630 2185 τοῦτο
2676 2134 2780 2207 γὰρ
2827 2132 3026 2205 θελημα
3056 2141 3191 2186 Θεοῦ
3242 2132 3292 2186 ἐν
3324 2142 3540 2207 Χριστῷ
3567 2135 3764 2203 Ἰησοῦ,
3796 2136 3865 2195 εἰς

2260 2224 2392 2295 ὑμᾶς
2441 2222 2573 2293 (24).
2606 2225 2677 2274 Τό
2722 2228 2934 2294 Πνεῦμα
2985 2226 3057 2295 μὴ
3122 2221 3378 2290 σϐέννυτε,
3422 2228 3738 2299 προφητείας
3785 2227 3858 2297 μὴ

2261 2312 2579 2376 ἐξουθενεῖτε.
2614 2313 2791 2365 Πάντα
2815 2308 2875 2364 δε
2907 2308 3277 2388 δοκιμάζοντες
3304 2314 3439 2386 (25),
3467 2319 3525 2367 τὸ
3556 2314 3708 2367 καλὸν
3738 2334 3868 2367 κατ-

2260 2406 2434 2479 ἐχετε·
2479 2399 2581 2454 ἀπὸ
2614 2404 2804 2463 παντὸς
2854 2398 3030 2466 εἴδους
3077 2410 3306 2477 πονηροῦ
3356 2401 3643 2477 ἀπέχεσθε.
3694 2410 3865 2458 ΠΡΟΣ

2258 2499 2387 2548 ΤΙΤ.
2422 2489 2720 2566 Πρεσϐύτας
2764 2490 3043 2564 νηφαλίους
3088 2489 3237 2563 εἶναι,
3290 2498 3525 2566 σεμνοὺς,
3573 2500 3863 2568 σώφρονας,

2260 2584 2591 2654 ὑγιαίνοντας
2634 2589 2697 2653 τῇ
2729 2586 2927 2649 πίστει,
2960 2590 3022 2655 τῇ
3060 2579 3261 2655 ,
3301 2590 3364 2654 τῇ
3399 2584 3656 2657 ὑπομονῇ.
3692 2592 3868 2658 Πρεσ-

2260 2667 2417 2724 ϐύτιδ
2421 2690 2477 2732 ας
2508 2672 2780 2739 ὡσαύτως,
2828 2671 2876 2724 ἐν
2905 2676 3279 2744 καταστήματι
3311 2674 3606 2747 ἱεροπρεπεῖ
3626 2673 3760 2743 (26),
3791 2678 3867 2743 μὴ

2262 2757 2563 2828 διαϐόλους,
2596 2765 2667 2833 μὴ
2710 2765 2829 2832 οἰνῳ
2868 2759 3038 2831 πολλῷ
3088 2756 3503 2832 δεδουλωμένας,
3541 2757 3875 2815 καλοδιδασο

2259 2852 2469 2918 κάλους,
2500 2852 2583 2904 ἶνα
2611 2851 2979 2926 σωφρονίζουσι
3028 2853 3124 2912 τὰς
3172 2854 3310 2920 νέας,
3361 2847 3677 2926 φιλάνδρους
3716 2849 3874 2923 εἶναι,

2262 2940 2604 3014 φιλοτέκνους,
2673 2946 2958 3014 σώφρονας,
3037 2937 3213 3011 ἀγνὰς,
3287 2939 3575 3014 οἰκουροὺς,
3647 2938 3873 3013 ἀγαθὰς,

2261 3031 2688 3103 ὑποταυσομένας
2736 3025 2846 3089 τοῖς
2897 3024 3054 3090 ἰδίοις
3087 3024 3364 3103 ἀνδράσιν,
3401 3029 3485 3081 ἵνα
3529 3033 3602 3102 μή
3654 3031 3679 3081 ό
3717 3029 3877 3103 λόγος

476 3118 616 3175 bum
635 3120 749 3176 Dei
774 3119 919 3187 (Tit.
954 3134 1016 3187 ιι,
1037 3120 1222 3189 2-5)...
1242 3118 1515 3176 Admone
1534 3119 1675 3174 illos
1703 3119 2145 3189 principatibus

2262 3127 2354 3172 τοῦ
2406 3126 2540 3173 Θεοῦ
2598 3117 3007 3191 βλασφημῆται.
3071 3125 3240 3171 ΠΡΟΣ
3295 3124 3425 3175 ΤΙΤ.
3483 3118 3878 3192 Ὑπομίμνησκε

475 3214 530 3265 et
575 3208 977 3279 potestatibus
1024 3208 1296 3264 subditos
1352 3223 1495 3278 esse,
1527 3208 1788 3275 obedire,
1845 3208 1927 3265 ad
1977 3224 2153 3266 amne

475 3313 625 3368 opus
654 3298 872 3353 bonum
900 3304 1152 3367 paratos
1192 3313 1336 3364 esse,
1367 3297 1666 3354 neminem
1707 3296 2149 3367 blasphemare,

474 3403 597 3443 non
646 3387 937 3457 litigiosos
983 3401 1125 3454 esse,
1173 3387 1279 3443 sed
1325 3387 1643 3454 modestos,
1693 3402 1929 3444 omnem
1958 3395 2151 3444 osten-

477 3476 683 3534 dentes
729 3476 1252 3533 mansuetudinem
1303 3476 1386 3532 ad
1433 3491 1635 3532 omnes
1680 3475 1949 3533 homines
2001 3477 2147 3549 (Tit.

474 3582 560 3633 ιιι,
587 3571 636 3636 1,
665 3567 791 3637 2)...
825 3565 1114 3623 Charitas
1134 3566 1554 3635 fraternitatis
1575 3572 1820 3623 maneat
1851 3565 2151 3636 :hospita-

476 3655 707 3713 litatem
748 3656 941 3712 nolite
970 3656 1278 3723 oblivisci;
1305 3660 1422 3725 pe’r
1449 3656 1610 3712 hanc
1647 3657 1804 3712 enim
1838 3656 2150 3713 latuerunt

472 3746 739 3819 quidam,
768 3746 1004 3816 angelis
1034 3745 1293 3814 hospitio
1317 3746 1592 3814 receptis.
1625 3744 1985 3802 Mementote
2014 3745 2152 3801 vin-

472 3841 730 3901 ctorum,
794 3840 1083 3905 tanquam
1151 3833 1334 3888 simul
1398 3833 1592 3889 vincti
1639 3849 1655 3889 :
1710 3832 2146 3903 laborantium,

473 3931 767 3997 tanquam
793 3928 847 3980 et
877 3924 998 3994 ipsi
1022 3924 1084 3979 in
1113 3937 1366 3992 corpore
1394 3928 1724 3980 morantes.
1771 3922 2152 3980 Honorabile

472 4014 840 4072 connubium
869 4015 934 4069 in
967 4012 1266 4081 omnibus,
1300 4018 1355 4069 et
1400 4013 1614 4069 thorus
1661 4012 2095 4069 immaculatus
2131 4031 2144 4070 :

465 4104 875 4175 fornicatores
926 4102 1085 4159 enim
1141 4107 1198 4158 et
1240 4101 1554 4159 adulteros
1599 4100 1914 4171 judicabit
1968 4102 2145 4158 Deus.

468 4194 608 4250 Sint
657 4208 851 4250 mores
899 4193 1030 4251 sine
1084 4194 1367 4262 avaritia,
1423 4191 1696 4250 contenti
1735 4192 2144 4264 praesentibus

470 4283 681 4354 (Hebr.
709 4298 836 4354 χιιι,
872 4284 1011 4357 1-5).

1060 4409 1347 4466 REGULA
1386 4409 1539 4465 LXX.

2263 3208 2453 3269 αὐτοὺς
2476 3207 2672 3283 ἀρχαῖς
2693 3212 2783 3259 καὶ
2805 3207 3068 3270 ἐξουσίαις
3093 3209 3515 3279 ὑποτάσσεσθαι,
3536 3211 3875 3282 πειθαρχεῖν,

2260 3302 2390 3374 πρὸς
2419 3305 2519 3350 πᾶν
2552 3300 2699 3372 ἔργον
2745 3295 2940 3368 ἀγαθόν
2987 3297 3223 3370 ἑτοίμους
3265 3296 3419 3361 εἶναι,
3456 3295 3661 3372 μηδένα
3691 3297 3866 3373 βλασ-

2262 3395 2472 3461 φημεῖν,
2499 3386 2749 3461 ἀμάχους
2797 3382 2925 3440 εἶναι
2956 3386 3213 3457 ἐπιεικεῖς,
3244 3394 3420 3441 πᾶσαν
3451 3385 3875 3463 ἐνδεικνυμένους

2258 3480 2534 3552 πραότητα
2590 3479 2721 3550 πρός
2771 3478 2964 3538 πάντας
3013 3476 3336 3553 ἀνθρώπους.
3395 3486 3564 3532 ΠΡΟΣ
3615 3486 3753 3535 ΕΒΡ.
3809 3479 3874 3533 Ἠ

2260 3563 2572 3639 φιλαδελφία
2619 3570 2831 3639 μενέτω,
2861 3575 2956 3629 τῆς
3004 3566 3289 3640 φιλοξενίας
3319 3573 3390 3642 μὴ
3426 3567 3829 3622 ἐπιλανθάνεσθε
3854 3606 3869 3620 .

2262 3651 2356 3709 διὰ
2406 3657 2605 3718 ταύτης
2652 3658 2754 3731 γὰρ
2813 3656 2994 3708 ἔλαθόν
3034 3677 3166 3720 τινες
3225 3657 3515 3722 ξενισαντες
3577 3656 3861 3731 ἀγγέλους.

2259 3747 2634 3818 Μιμνήσκεσθε
2683 3753 2783 3796 τῶν
2815 3742 3068 3819 δεσμίων,
3108 3748 3178 3808 ὡς
3210 3744 3603 3821 συνδεδεμένοι,
3632 3756 3733 3800 τῶν
3762 3767 3871 3801 κα-

2258 3837 2648 3909 κουχουμένων,
2682 3836 2752 3897 ὡς
2779 3840 2868 3888 καὶ
2899 3836 3048 3889 αὐτοὶ
3091 3840 3227 3898 ὄντες
3267 3836 3314 3889 ἐν
3363 3843 3590 3910 σώματι.
3620 3842 3806 3911 Τίμιος
3845 3839 3874 3891 ὁ

2257 3926 2423 3997 γάμος
2454 3924 2502 3977 ἐν
2532 3930 2688 3993 πᾶσι,
2717 3930 2808 3977 καὶ
2850 3927 2880 3984 ἡ
2915 3930 3063 3984 κοίτη
3097 3925 3348 3999 ἀμίαντος
3371 3948 3384 3961 -
3413 3931 3633 4003 πόρνους
3673 3923 3732 3980 δε
3776 3934 3877 3981 καὶ
3966 3986 3973 3993 ,

2257 4016 2487 4087 μοιχοὺς
2526 4020 2691 4088 κρινεῖ
2717 4015 2742 4066 ὁ
2765 4018 2912 4076 Θεός.
2946 4014 3327 4093 Ἀφιλάργυρος
3352 4018 3377 4069 ό
3408 4019 3629 4092 τρόπος·
3677 4014 3878 4094 ἀρκού-

2256 4121 2399 4176 μενοι
2419 4109 2528 4166 τοῖς
2547 4110 2827 4179 παροῦσιν.

2912 4399 3078 4446 ΟΡΟΣ
3120 4392 3195 4449 Ο’.

469 4534 645 4604 Quod
670 4535 713 4594 ii
740 4535 967 4609 quibus
998 4532 1346 4591 concredita
1374 4536 1465 4590 est
1501 4531 1814 4603 Evangelii
1844 4531 2137 4605 praedica-

2262 4531 2368 4586 Ὀτι
2408 4529 2489 4586 δεῖ
2536 4537 2654 4596 τοὺς
2700 4533 3184 4610 ἐγκεχειρισμένους
3220 4538 3279 4590 τὸ
3322 4541 3575 4614 κήρυγμα
3615 4544 3707 4591 τοῦ
3750 4539 3868 4593 Εὖ-

538 4626 648 4698 tio,
674 4625 902 4682 debent
920 4640 1061 4682 cum
1087 4622 1443 4696 precatione
1461 4626 1518 4677 et
1547 4621 1969 4678 obsecratione
1996 4638 2137 4680 con-

538 4717 780 4774 stituere
801 4714 931 4771 sive
950 4713 1269 4781 diaconos,
1296 4711 1423 4769 sive
1445 4710 2135 4786 presbyteros,quorum

536 4805 702 4881 prior
727 4804 853 4862 vita
880 4802 1190 4876 inculpata
1224 4800 1300 4858 sit
1328 4804 1386 4859 et
1413 4800 1694 4875 probata.

536 4987 651 5064 (2})
682 4983 882 5064 l_l_lud,_
912 4986 956 5037 εἴ
997 4982 1418 5064 τιᾼπαραμύθιον
1464 4978 1693 5053 ἀγάπης,
1729 4978 2005 5038 additum
2038 4986 2130 5040 est

463 5056 766 5127 ex'Regiis
796 5056 993 5128 primo
1015 5059 1073 5112 et
1105 5056 1304 5128 tertio.

534 5122 683 5199 (22f
707 5122 1025 5183 Posuimus
1081 5142 1157 5182 ex
1206 5124 1376 5181 libris
1431 5122 1735 5181 veteribus
1799 5122 2124 5182 articulum

463 5203 604 5258 ante
630 5214 840 5255 vocem
874 5201 1123 5272 Χριστός.

531 5272 651 5343 ('23)
675 5266 938 5343 Utraque
960 5269 1142 5326 editio
1157 5271 1369 5343 etBeg.
1387 5266 1693 5323 secundus
1715 5270 2007 5343 πραότητα,
2024 5289 2126 5341 μα-

461 5338 752 5417 κροθυμίαν
789 5338 917 5417 πρὸς
958 5342 1158 5404 πάντας
1203 5338 1549 5417 ἀνθρώπουςη
1574 5338 2117 5417 mansuetudinem.

462 5409 991 5485 longanimitatem
1004 5427 1149 5483 erga
1161 5409 1363 5485 omnes
1384 5410 1786 5485 hominesgsed
1808 5409 1978 5480 illud,
1996 5415 2123 5485 πρός

460 5480 651 5559 πάντας
694 5483 1010 5559 ἀνθρώπους,
1047 5480 1089 5540 εἰ
1120 5483 1364 5559 duobus
1410 5480 1542 5559 aliis
1568 5481 1882 5559 codicibus
1922 5480 2119 5559 Begiis

461 5557 651 5613 abest.
673 5552 941 5613 Hoc'loco
958 5556 1018 5611 in
1042 5555 1302 5626 vulgatis
1322 5555 1609 5627 leguntu_r
1626 5552 1813 5610 verba
1840 5553 2119 5627 Epistolas

460 5627 541 5687 ad
572 5628 877 5697 Hebraeos,
909 5626 1017 5684 sed
1036 5642 1111 5686 ea
1133 5623 1254 5686 alio
1273 5623 1487 5685 ordine
1514 5623 1754 5682 edenda
1783 5623 2022 5683 curavi:
2056 5626 2120 5683 in

2318 4622 2561 4696 αγγελίου
2586 4627 2719 4698 μετὰ
2749 4622 2977 4689 δεήσεως
3011 4632 3101 4679 καὶ
3130 4626 3300 4700 εὐχῆς
3342 4629 3726 4697 καθίστασθαι,
3755 4633 3867 4685 εἴτε

2317 4709 2615 4786 διακόνους,
2651 4717 2749 4767 εἴτε
2782 4714 3195 4790 πρεσϐυτέρους,
3228 4714 3595 4790 ἀνεγκλήτους,
3638 4723 3729 4771 καὶ
3761 4715 3800 4772 δ
3802 4739 3865 4774 ο-

2312 4807 2501 4877 κίμους
2525 4806 2610 4857 τὸν
2637 4808 2886 4879 πρότερον
2912 4803 3058 4879 βίον,

2239 4997 2363 5055 quo
2409 4981 2631 5039 horum
2678 4982 2942 5040 duorum
2983 4998 3138 5056 quos
3164 4982 3354 5056 modo,
3389 4983 3516 5041 dixi
3565 4985 3861 5044 codicum

2239 5055 2657 5111 auctoritatem
2691 5061 2934 5111 secutus
2962 5055 3123 5111 sum.
3150 5059 3234 5114 Ita
3263 5055 3426 5113 enim
3452 5056 3669 5115 melius
3695 5059 3865 5116 inter

2238 5141 2302 5181 se
2327 5125 2629 5182 cohaerere
2653 5126 2800 5182 mihi
2832 5128 2959 5183 visa
2991 5133 3151 5185 sunt.

2309 5200 2421 5268 (24)
2453 5200 2592 5267 Reg.
2627 5199 2837 5272 tertius
2867 5199 2939 5272 εἰς
2967 5200 3128 5272 ἡμᾶς.

2309 5273 2422 5347 (25)
2456 5272 2715 5347 Utraque
2746 5270 2945 5347 editiq
2974 5268 3147 5347 πάντα
3177 5268 3237 5325 δε
3267 5268 3602 5347 δοκιμάζετε.
3635 5272 3855 5332 Codex

2235 5338 2508 5417 Co_mqbe_f_.
2540 5346 2597 5397 et
2614 5338 2747 5397 duo
2786 5339 3308 5417 aliidoxiudtovrs;

2305 5412 2418 5483 ('26)
2462 5413 2721 5486 Utraque
2764 5413 2946 5470 editio
2996 5412 3053 5471 et
3102 5430 3276 5471 sacer
3325 5419 3524 5472 textus
3564 5415 3859 5486 vulgatus

2233 5484 2827 5562 is‘oosrpsnlei_;._VCterqs
2852 5486 3041 5562 nostri
3058 5486 3195 5562 libri
3229 5488 3537 5562 ἱεροπρεπῆ.
3566 5484 3858 5562 Μρξὶᾷιιο

2230 5552 2387 5679 ἓὶεες
2406 5552 2724 5637 φιλάνδρους
2752 5555 2900 5612 εἶναι.
2923 5560 3050 5614 Vox
3069 5552 3282 5614 ultima
3302 5552 3474 5617 deest
3494 5559 3555 5615 in
3577 5558 3856 5619 editione

2281 5641 2578 5679 arlSlenSl.

2281 5641 2578 5683 ansrensx.
