  <div class='ocr_page' id='page_1' title='image "/cluster/home/n/w/nwhite01/storage/ocr_20150623/31:no.3/coo.31924054869288/422.png"; bbox 0 0 4112 6416; ppageno 0'>
   <div class='ocr_carea' id='block_1_1' title="bbox 293 356 1917 417">
    <p class='ocr_par' dir='ltr' id='par_1_1' title="bbox 293 359 1917 417">
     <span class='ocr_line' id='line_1_1' title="bbox 293 359 1917 417; baseline -0.003 -1"><span class='ocrx_word' id='word_1_1' title='bbox 293 365 392 417; x_wconf 77' lang='grc' dir='ltr'><em>8ΙἹ</em></span> <span class='ocrx_word' id='word_1_2' title='bbox 1812 359 1917 412; x_wconf 36' lang='grc' dir='ltr'><em>ΜΟ.</em></span> 
     </span>
    </p>
   </div>
   <div class='ocr_carea' id='block_1_2' title="bbox 2036 356 3660 417">
    <p class='ocr_par' dir='ltr' id='par_1_2' title="bbox 2036 357 3660 411">
     <span class='ocr_line' id='line_1_2' title="bbox 2036 357 3660 411; baseline -0.001 -1"><span class='ocrx_word' id='word_1_3' title='bbox 2036 357 2127 411; x_wconf 65' lang='grc' dir='ltr'><em>,ΙΑ</em></span> <span class='ocrx_word' id='word_1_4' title='bbox 3554 357 3660 408; x_wconf 75' lang='grc'><em>818</em></span> 
     </span>
    </p>
   </div>
   <div class='ocr_carea' id='block_1_3' title="bbox 943 476 2567 557">
    <p class='ocr_par' dir='ltr' id='par_1_3' title="bbox 943 483 1971 557">
     <span class='ocr_line' id='line_1_3' title="bbox 943 483 1971 557; baseline -0.001 -20"><span class='ocrx_word' id='word_1_5' title='bbox 943 483 1130 557; x_wconf 65' lang='grc' dir='ltr'><em>Κεφάλ.</em></span> <span class='ocrx_word' id='word_1_6' title='bbox 1173 483 1244 538; x_wconf 83' lang='grc' dir='ltr'><em>Α’.</em></span> <span class='ocrx_word' id='word_1_7' title='bbox 1925 490 1971 536; x_wconf 77' lang='grc' dir='ltr'><strong>Α</strong></span> 
     </span>
    </p>
   </div>
   <div class='ocr_carea' id='block_1_4' title="bbox 1340 476 2964 557">
    <p class='ocr_par' dir='ltr' id='par_1_4' title="bbox 1925 476 2964 547">
     <span class='ocr_line' id='line_1_4' title="bbox 1925 476 2964 547; baseline -0.005 -11"><span class='ocrx_word' id='word_1_8' title='bbox 1925 490 1971 536; x_wconf 78' lang='grc' dir='ltr'><strong>Α</strong></span> <span class='ocrx_word' id='word_1_9' title='bbox 2691 476 2888 547; x_wconf 81' lang='lat' dir='ltr'><strong><em>Caput</em></strong></span> <span class='ocrx_word' id='word_1_10' title='bbox 2914 479 2964 532; x_wconf 92' lang='grc' dir='ltr'><em>Ι.</em></span> 
     </span>
    </p>
   </div>
   <div class='ocr_carea' id='block_1_5' title="bbox 377 603 2001 680">
    <p class='ocr_par' dir='ltr' id='par_1_5' title="bbox 377 603 1890 680">
     <span class='ocr_line' id='line_1_5' title="bbox 377 603 1890 680; baseline -0.006 -18"><span class='ocrx_word' id='word_1_11' title='bbox 377 614 740 664; x_wconf 73' lang='grc' dir='ltr'><em>ΜΑΤΘΑΙΟΣ.</em></span> <span class='ocrx_word' id='word_1_12' title='bbox 812 613 938 662; x_wconf 82' lang='grc' dir='ltr'><em>Τότε</em></span> <span class='ocrx_word' id='word_1_13' title='bbox 992 608 1125 680; x_wconf 79' lang='grc' dir='ltr'><em>λέγει</em></span> <span class='ocrx_word' id='word_1_14' title='bbox 1171 615 1274 668; x_wconf 87' lang='grc' dir='ltr'><em>τοίς</em></span> <span class='ocrx_word' id='word_1_15' title='bbox 1324 608 1582 680; x_wconf 75' lang='grc' dir='ltr'><em>μαθηταῖς</em></span> <span class='ocrx_word' id='word_1_16' title='bbox 1625 603 1890 658; x_wconf 63' lang='grc' dir='ltr'><em>αὑτοῦ-’0</em></span> 
     </span>
    </p>
   </div>
   <div class='ocr_carea' id='block_1_6' title="bbox 2031 603 3655 680">
    <p class='ocr_par' dir='ltr' id='par_1_6' title="bbox 2075 603 3655 675">
     <span class='ocr_line' id='line_1_6' title="bbox 2075 603 3655 675; baseline -0.001 -15"><span class='ocrx_word' id='word_1_17' title='bbox 2075 606 2242 661; x_wconf 89' lang='lat' dir='ltr'><em>Tunc</em></span> <span class='ocrx_word' id='word_1_18' title='bbox 2271 603 2410 659; x_wconf 98' lang='lat' dir='ltr'><em>dicit</em></span> <span class='ocrx_word' id='word_1_19' title='bbox 2440 603 2754 672; x_wconf 72' lang='lat' dir='ltr'><em>discipulis</em></span> <span class='ocrx_word' id='word_1_20' title='bbox 2775 604 2895 658; x_wconf 84' lang='lat' dir='ltr'><em>suis</em></span> <span class='ocrx_word' id='word_1_21' title='bbox 2922 619 2934 657; x_wconf 90' lang='lat'>:</span> <span class='ocrx_word' id='word_1_22' title='bbox 2963 603 3167 658; x_wconf 80' lang='lat' dir='ltr'><em>Messis</em></span> <span class='ocrx_word' id='word_1_23' title='bbox 3190 604 3424 675; x_wconf 82' lang='lat' dir='ltr'><em>quidem</em></span> <span class='ocrx_word' id='word_1_24' title='bbox 3442 605 3655 675; x_wconf 89' lang='lat' dir='ltr'><em>multa,</em></span> 
     </span>
    </p>
   </div>
   <div class='ocr_carea' id='block_1_7' title="bbox 301 693 1925 772">
    <p class='ocr_par' dir='ltr' id='par_1_7' title="bbox 301 695 1890 772">
     <span class='ocr_line' id='line_1_7' title="bbox 301 695 1890 772; baseline -0.003 -22"><span class='ocrx_word' id='word_1_25' title='bbox 301 701 392 769; x_wconf 72' lang='grc' dir='ltr'><em>μὲν</em></span> <span class='ocrx_word' id='word_1_26' title='bbox 452 701 698 772; x_wconf 80' lang='grc' dir='ltr'><em>θερισμὸς</em></span> <span class='ocrx_word' id='word_1_27' title='bbox 762 697 940 764; x_wconf 75' lang='grc' dir='ltr'><em>πολὺς,</em></span> <span class='ocrx_word' id='word_1_28' title='bbox 974 701 1022 749; x_wconf 85' lang='grc' dir='ltr'><em>οἱ</em></span> <span class='ocrx_word' id='word_1_29' title='bbox 1071 695 1127 749; x_wconf 75' lang='grc' dir='ltr'><em>δε</em></span> <span class='ocrx_word' id='word_1_30' title='bbox 1179 697 1394 771; x_wconf 81' lang='grc' dir='ltr'><em>ἐργάται</em></span> <span class='ocrx_word' id='word_1_31' title='bbox 1424 696 1609 768; x_wconf 84' lang='grc' dir='ltr'><em>ὀλίγοι.</em></span> <span class='ocrx_word' id='word_1_32' title='bbox 1665 697 1890 752; x_wconf 74' lang='grc' dir='ltr'><em>Δεήθητε</em></span> 
     </span>
    </p>
   </div>
   <div class='ocr_carea' id='block_1_8' title="bbox 2034 693 3658 772">
    <p class='ocr_par' dir='ltr' id='par_1_8' title="bbox 2034 693 3658 762">
     <span class='ocr_line' id='line_1_8' title="bbox 2034 693 3658 762; baseline -0.002 -12"><span class='ocrx_word' id='word_1_33' title='bbox 2034 694 2266 762; x_wconf 84' lang='lat' dir='ltr'><em>perarii</em></span> <span class='ocrx_word' id='word_1_34' title='bbox 2281 699 2478 749; x_wconf 89' lang='lat' dir='ltr'><em>autem</em></span> <span class='ocrx_word' id='word_1_35' title='bbox 2497 693 2681 762; x_wconf 88' lang='lat' dir='ltr'><em>pauci</em></span> <span class='ocrx_word' id='word_1_36' title='bbox 2687 693 2934 762; x_wconf 82' lang='lat' dir='ltr'><em>.Rogate</em></span> <span class='ocrx_word' id='word_1_37' title='bbox 2946 708 3087 762; x_wconf 88' lang='lat' dir='ltr'><em>ergo</em></span> <span class='ocrx_word' id='word_1_38' title='bbox 3102 693 3419 748; x_wconf 86' lang='lat' dir='ltr'><em>Dominum</em></span> <span class='ocrx_word' id='word_1_39' title='bbox 3436 696 3658 760; x_wconf 82' lang='lat' dir='ltr'><em>messis,</em></span> 
     </span>
    </p>
   </div>
   <div class='ocr_carea' id='block_1_9' title="bbox 305 783 1929 861">
    <p class='ocr_par' dir='ltr' id='par_1_9' title="bbox 305 783 1888 861">
     <span class='ocr_line' id='line_1_9' title="bbox 305 783 1888 861; baseline -0.001 -24"><span class='ocrx_word' id='word_1_40' title='bbox 305 783 391 838; x_wconf 76' lang='grc' dir='ltr'><em>οὖν</em></span> <span class='ocrx_word' id='word_1_41' title='bbox 425 796 514 839; x_wconf 82' lang='grc' dir='ltr'><em>τοῦ</em></span> <span class='ocrx_word' id='word_1_42' title='bbox 550 793 746 861; x_wconf 80' lang='grc' dir='ltr'><em>Κυρίου</em></span> <span class='ocrx_word' id='word_1_43' title='bbox 793 795 882 839; x_wconf 80' lang='grc' dir='ltr'><em>τοῦ</em></span> <span class='ocrx_word' id='word_1_44' title='bbox 931 789 1200 859; x_wconf 76' lang='grc' dir='ltr'><em>θερισμοῦ,</em></span> <span class='ocrx_word' id='word_1_45' title='bbox 1250 787 1388 846; x_wconf 83' lang='grc' dir='ltr'><em>ὅπως</em></span> <span class='ocrx_word' id='word_1_46' title='bbox 1434 784 1618 857; x_wconf 71' lang='grc' dir='ltr'><em>ἐκϐάλῃ</em></span> <span class='ocrx_word' id='word_1_47' title='bbox 1668 784 1888 858; x_wconf 86' lang='grc' dir='ltr'><em>ἐργάτας</em></span> 
     </span>
    </p>
   </div>
   <div class='ocr_carea' id='block_1_10' title="bbox 2030 783 3654 861">
    <p class='ocr_par' dir='ltr' id='par_1_10' title="bbox 2030 783 3654 853">
     <span class='ocr_line' id='line_1_10' title="bbox 2030 783 3654 853; baseline 0.001 -17"><span class='ocrx_word' id='word_1_48' title='bbox 2030 792 2062 840; x_wconf 77' lang='grc' dir='ltr'><em>ιι</em></span> <span class='ocrx_word' id='word_1_49' title='bbox 2092 785 2295 839; x_wconf 81' lang='lat' dir='ltr'><em>mittat</em></span> <span class='ocrx_word' id='word_1_50' title='bbox 2327 785 2640 853; x_wconf 75' lang='lat' dir='ltr'><em>operarios</em></span> <span class='ocrx_word' id='word_1_51' title='bbox 2672 785 2732 838; x_wconf 90' lang='lat' dir='ltr'><em>in</em></span> <span class='ocrx_word' id='word_1_52' title='bbox 2757 798 3001 838; x_wconf 87' lang='lat' dir='ltr'><em>messem</em></span> <span class='ocrx_word' id='word_1_53' title='bbox 3035 783 3281 848; x_wconf 76' lang='lat' dir='ltr'><em>(Matth.</em></span> <span class='ocrx_word' id='word_1_54' title='bbox 3313 799 3390 846; x_wconf 67' lang='grc' dir='ltr'><em>ιε,</em></span> <span class='ocrx_word' id='word_1_55' title='bbox 3426 787 3515 848; x_wconf 80' lang='lat'><em>37,</em></span> <span class='ocrx_word' id='word_1_56' title='bbox 3546 783 3654 852; x_wconf 91' lang='lat'><em>38).</em></span> 
     </span>
    </p>
   </div>
   <div class='ocr_carea' id='block_1_11' title="bbox 299 874 1923 950">
    <p class='ocr_par' dir='ltr' id='par_1_11' title="bbox 299 874 1884 950">
     <span class='ocr_line' id='line_1_11' title="bbox 299 874 1884 950; baseline -0.002 -22"><span class='ocrx_word' id='word_1_57' title='bbox 299 876 368 936; x_wconf 79' lang='grc' dir='ltr'><em>εἰς</em></span> <span class='ocrx_word' id='word_1_58' title='bbox 416 881 504 929; x_wconf 83' lang='grc' dir='ltr'><em>τόν</em></span> <span class='ocrx_word' id='word_1_59' title='bbox 557 879 816 950; x_wconf 84' lang='grc' dir='ltr'><em>θερισμόν.</em></span> <span class='ocrx_word' id='word_1_60' title='bbox 872 881 1157 930; x_wconf 69' lang='grc' dir='ltr'><em>ΛΟΥΚΑΣ.</em></span> <span class='ocrx_word' id='word_1_61' title='bbox 1220 880 1319 928; x_wconf 82' lang='grc' dir='ltr'><em>Καὶ</em></span> <span class='ocrx_word' id='word_1_62' title='bbox 1350 877 1431 927; x_wconf 83' lang='grc' dir='ltr'><em>ὅτε</em></span> <span class='ocrx_word' id='word_1_63' title='bbox 1462 874 1656 946; x_wconf 81' lang='grc' dir='ltr'><em>ἐγένετο</em></span> <span class='ocrx_word' id='word_1_64' title='bbox 1695 877 1884 948; x_wconf 79' lang='grc' dir='ltr'><em>ἡμέρα,</em></span> 
     </span>
    </p>
   </div>
   <div class='ocr_carea' id='block_1_12' title="bbox 2035 874 3659 950">
    <p class='ocr_par' dir='ltr' id='par_1_12' title="bbox 2035 874 3659 945">
     <span class='ocr_line' id='line_1_12' title="bbox 2035 874 3659 945; baseline -0.001 -16"><span class='ocrx_word' id='word_1_65' title='bbox 2035 877 2074 930; x_wconf 75' lang='lat' dir='ltr'><em>7t</em></span> <span class='ocrx_word' id='word_1_66' title='bbox 2098 891 2231 931; x_wconf 86' lang='lat' dir='ltr'><em>cum</em></span> <span class='ocrx_word' id='word_1_67' title='bbox 2260 875 2382 930; x_wconf 91' lang='lat' dir='ltr'><em>dies</em></span> <span class='ocrx_word' id='word_1_68' title='bbox 2399 876 2607 945; x_wconf 82' lang='lat' dir='ltr'><em>factus</em></span> <span class='ocrx_word' id='word_1_69' title='bbox 2636 879 2804 937; x_wconf 83' lang='lat' dir='ltr'><strong><em>esset,</em></strong></span> <span class='ocrx_word' id='word_1_70' title='bbox 2828 875 3059 930; x_wconf 88' lang='lat' dir='ltr'><em>vocavit</em></span> <span class='ocrx_word' id='word_1_71' title='bbox 3076 874 3404 942; x_wconf 75' lang='lat' dir='ltr'><em>discipulos</em></span> <span class='ocrx_word' id='word_1_72' title='bbox 3425 888 3583 932; x_wconf 88' lang='lat' dir='ltr'><em>suos.</em></span> <span class='ocrx_word' id='word_1_73' title='bbox 3605 879 3659 928; x_wconf 87' lang='lat' dir='ltr'><em>et</em></span> 
     </span>
    </p>
   </div>
   <div class='ocr_carea' id='block_1_13' title="bbox 291 963 1915 1038">
    <p class='ocr_par' dir='ltr' id='par_1_13' title="bbox 291 963 1886 1038">
     <span class='ocr_line' id='line_1_13' title="bbox 291 963 1886 1038; baseline 0 -21"><span class='ocrx_word' id='word_1_74' title='bbox 291 972 666 1038; x_wconf 69' lang='grc' dir='ltr'><em>προσεφώνησε</em></span> <span class='ocrx_word' id='word_1_75' title='bbox 713 971 831 1025; x_wconf 75' lang='grc' dir='ltr'><em>τοὺς</em></span> <span class='ocrx_word' id='word_1_76' title='bbox 875 967 1114 1038; x_wconf 71' lang='grc' dir='ltr'><em>μαθητὰς</em></span> <span class='ocrx_word' id='word_1_77' title='bbox 1159 966 1338 1032; x_wconf 65' lang='grc' dir='ltr'><em>αὐτοῦ,</em></span> <span class='ocrx_word' id='word_1_78' title='bbox 1398 970 1487 1016; x_wconf 84' lang='grc' dir='ltr'><em>καὶ</em></span> <span class='ocrx_word' id='word_1_79' title='bbox 1563 963 1886 1037; x_wconf 68' lang='grc' dir='ltr'><em>ἐκλεξάμενος</em></span> 
     </span>
    </p>
   </div>
   <div class='ocr_carea' id='block_1_14' title="bbox 2033 963 3657 1038">
    <p class='ocr_par' dir='ltr' id='par_1_14' title="bbox 2033 963 3657 1035">
     <span class='ocr_line' id='line_1_14' title="bbox 2033 963 3657 1035; baseline -0.002 -15"><span class='ocrx_word' id='word_1_80' title='bbox 2033 965 2174 1035; x_wconf 86' lang='lat' dir='ltr'><em>legit</em></span> <span class='ocrx_word' id='word_1_81' title='bbox 2223 965 2537 1020; x_wconf 85' lang='lat' dir='ltr'><em>duodecim</em></span> <span class='ocrx_word' id='word_1_82' title='bbox 2589 979 2665 1020; x_wconf 70' lang='lat' dir='ltr'><em>ex</em></span> <span class='ocrx_word' id='word_1_83' title='bbox 2692 964 2835 1034; x_wconf 83' lang='lat' dir='ltr'><em>ipsis</em></span> <span class='ocrx_word' id='word_1_84' title='bbox 2865 979 3010 1034; x_wconf 89' lang='lat' dir='ltr'><em>quos</em></span> <span class='ocrx_word' id='word_1_85' title='bbox 3041 969 3095 1019; x_wconf 88' lang='lat' dir='ltr'><em>et</em></span> <span class='ocrx_word' id='word_1_86' title='bbox 3137 964 3438 1032; x_wconf 80' lang='lat' dir='ltr'><em>apostolos</em></span> <span class='ocrx_word' id='word_1_87' title='bbox 3466 963 3657 1018; x_wconf 89' lang='lat' dir='ltr'><em>nomi-</em></span> 
     </span>
    </p>
   </div>
   <div class='ocr_carea' id='block_1_15' title="bbox 294 1050 1918 1125">
    <p class='ocr_par' dir='ltr' id='par_1_15' title="bbox 294 1050 1880 1125">
     <span class='ocr_line' id='line_1_15' title="bbox 294 1050 1880 1125; baseline 0 -21"><span class='ocrx_word' id='word_1_88' title='bbox 294 1052 383 1104; x_wconf 75' lang='grc' dir='ltr'><em>ἀπ’</em></span> <span class='ocrx_word' id='word_1_89' title='bbox 429 1055 590 1106; x_wconf 69' lang='grc' dir='ltr'><em>αὐτῶν</em></span> <span class='ocrx_word' id='word_1_90' title='bbox 667 1050 890 1119; x_wconf 81' lang='grc' dir='ltr'><em>δώδεκα,</em></span> <span class='ocrx_word' id='word_1_91' title='bbox 942 1053 1028 1114; x_wconf 69' lang='grc' dir='ltr'><em>οὓς</em></span> <span class='ocrx_word' id='word_1_92' title='bbox 1081 1059 1170 1106; x_wconf 87' lang='grc' dir='ltr'><em>καὶ</em></span> <span class='ocrx_word' id='word_1_93' title='bbox 1240 1052 1560 1113; x_wconf 85' lang='grc' dir='ltr'><em>ἀποστόλους</em></span> <span class='ocrx_word' id='word_1_94' title='bbox 1625 1053 1880 1125; x_wconf 83' lang='grc' dir='ltr'><em>ὠνόμασε,</em></span> 
     </span>
    </p>
   </div>
   <div class='ocr_carea' id='block_1_16' title="bbox 2035 1050 3659 1125">
    <p class='ocr_par' dir='ltr' id='par_1_16' title="bbox 2039 1054 3659 1124">
     <span class='ocr_line' id='line_1_16' title="bbox 2039 1054 3659 1124; baseline -0.002 -15"><span class='ocrx_word' id='word_1_95' title='bbox 2039 1055 2162 1109; x_wconf 89' lang='lat' dir='ltr'><em>avit</em></span> <span class='ocrx_word' id='word_1_96' title='bbox 2191 1071 2202 1108; x_wconf 91' lang='lat'>:</span> <span class='ocrx_word' id='word_1_97' title='bbox 2227 1054 2522 1110; x_wconf 79' lang='lat' dir='ltr'><em>Simonem</em></span> <span class='ocrx_word' id='word_1_98' title='bbox 2551 1069 2722 1124; x_wconf 86' lang='lat' dir='ltr'><em>quem</em></span> <span class='ocrx_word' id='word_1_99' title='bbox 2755 1060 2808 1108; x_wconf 91' lang='lat' dir='ltr'><em>et</em></span> <span class='ocrx_word' id='word_1_100' title='bbox 2840 1054 3286 1123; x_wconf 83' lang='lat' dir='ltr'><em>cognominavit</em></span> <span class='ocrx_word' id='word_1_101' title='bbox 3327 1055 3583 1118; x_wconf 85' lang='lat' dir='ltr'><em>Petrum,</em></span> <span class='ocrx_word' id='word_1_102' title='bbox 3603 1057 3659 1107; x_wconf 92' lang='lat' dir='ltr'><em>et</em></span> 
     </span>
    </p>
   </div>
   <div class='ocr_carea' id='block_1_17' title="bbox 296 1137 1920 1218">
    <p class='ocr_par' dir='ltr' id='par_1_17' title="bbox 296 1137 1882 1218">
     <span class='ocr_line' id='line_1_17' title="bbox 296 1137 1882 1218; baseline -0.002 -26"><span class='ocrx_word' id='word_1_103' title='bbox 296 1146 518 1213; x_wconf 82' lang='grc' dir='ltr'><em>Σίμωνα,</em></span> <span class='ocrx_word' id='word_1_104' title='bbox 577 1141 629 1192; x_wconf 83' lang='grc' dir='ltr'><em>όν</em></span> <span class='ocrx_word' id='word_1_105' title='bbox 687 1146 775 1192; x_wconf 86' lang='grc' dir='ltr'><em>καὶ</em></span> <span class='ocrx_word' id='word_1_106' title='bbox 830 1144 1066 1214; x_wconf 82' lang='grc' dir='ltr'><em>ὠνόμασε</em></span> <span class='ocrx_word' id='word_1_107' title='bbox 1122 1147 1332 1218; x_wconf 83' lang='grc' dir='ltr'><em>Πέτρον,</em></span> <span class='ocrx_word' id='word_1_108' title='bbox 1379 1147 1468 1193; x_wconf 87' lang='grc' dir='ltr'><em>καὶ</em></span> <span class='ocrx_word' id='word_1_109' title='bbox 1521 1137 1766 1214; x_wconf 76' lang='grc' dir='ltr'><em>Ἀνδρέαν</em></span> <span class='ocrx_word' id='word_1_110' title='bbox 1797 1143 1882 1190; x_wconf 85' lang='grc' dir='ltr'><em>τόν</em></span> 
     </span>
    </p>
   </div>
   <div class='ocr_carea' id='block_1_18' title="bbox 2028 1137 3652 1218">
    <p class='ocr_par' dir='ltr' id='par_1_18' title="bbox 2028 1137 3652 1210">
     <span class='ocr_line' id='line_1_18' title="bbox 2028 1137 3652 1210; baseline -0.001 -14"><span class='ocrx_word' id='word_1_111' title='bbox 2028 1137 2307 1198; x_wconf 68' lang='lat' dir='ltr'><em>Lndream’</em></span> <span class='ocrx_word' id='word_1_112' title='bbox 2353 1142 2614 1210; x_wconf 83' lang='lat' dir='ltr'><em>fratrem</em></span> <span class='ocrx_word' id='word_1_113' title='bbox 2647 1144 2796 1210; x_wconf 82' lang='lat' dir='ltr'><em>ejus,</em></span> <span class='ocrx_word' id='word_1_114' title='bbox 2829 1147 2881 1196; x_wconf 87' lang='lat' dir='ltr'><em>et</em></span> <span class='ocrx_word' id='word_1_115' title='bbox 2914 1142 3228 1210; x_wconf 88' lang='lat' dir='ltr'><em>Jacobum,</em></span> <span class='ocrx_word' id='word_1_116' title='bbox 3258 1147 3310 1196; x_wconf 93' lang='lat' dir='ltr'><em>et</em></span> <span class='ocrx_word' id='word_1_117' title='bbox 3340 1142 3652 1210; x_wconf 84' lang='lat' dir='ltr'><em>Joannem,</em></span> 
     </span>
    </p>
   </div>
   <div class='ocr_carea' id='block_1_19' title="bbox 298 1227 1922 1301">
    <p class='ocr_par' dir='ltr' id='par_1_19' title="bbox 298 1227 1877 1301">
     <span class='ocr_line' id='line_1_19' title="bbox 298 1227 1877 1301; baseline -0.001 -21"><span class='ocrx_word' id='word_1_118' title='bbox 298 1227 513 1301; x_wconf 72' lang='grc' dir='ltr'><em>ἀδελφὸν</em></span> <span class='ocrx_word' id='word_1_119' title='bbox 558 1229 734 1297; x_wconf 71' lang='grc' dir='ltr'><em>αὐτοῦ,</em></span> <span class='ocrx_word' id='word_1_120' title='bbox 787 1235 877 1283; x_wconf 84' lang='grc' dir='ltr'><em>καὶ</em></span> <span class='ocrx_word' id='word_1_121' title='bbox 934 1231 1175 1284; x_wconf 74' lang='grc' dir='ltr'><em>Ἰάκωϐον</em></span> <span class='ocrx_word' id='word_1_122' title='bbox 1242 1232 1383 1299; x_wconf 75' lang='lat'><em>{‘27)°</em></span> <span class='ocrx_word' id='word_1_123' title='bbox 1463 1235 1550 1282; x_wconf 84' lang='grc' dir='ltr'><em>καὶ</em></span> <span class='ocrx_word' id='word_1_124' title='bbox 1621 1230 1877 1292; x_wconf 78' lang='grc' dir='ltr'><em>Ἰωάννην,</em></span> 
     </span>
    </p>
   </div>
   <div class='ocr_carea' id='block_1_20' title="bbox 2033 1227 3657 1301">
    <p class='ocr_par' dir='ltr' id='par_1_20' title="bbox 2036 1229 3657 1300">
     <span class='ocr_line' id='line_1_20' title="bbox 2036 1229 3657 1300; baseline -0.001 -15"><span class='ocrx_word' id='word_1_125' title='bbox 2036 1231 2352 1300; x_wconf 76' lang='lat' dir='ltr'><em>hzlippum,</em></span> <span class='ocrx_word' id='word_1_126' title='bbox 2411 1236 2467 1286; x_wconf 90' lang='lat' dir='ltr'><em>et</em></span> <span class='ocrx_word' id='word_1_127' title='bbox 2526 1231 3064 1298; x_wconf 68' lang='lat' dir='ltr'><em>Bartholomaeum,</em></span> <span class='ocrx_word' id='word_1_128' title='bbox 3101 1235 3153 1285; x_wconf 92' lang='lat' dir='ltr'><em>et</em></span> <span class='ocrx_word' id='word_1_129' title='bbox 3195 1229 3577 1295; x_wconf 72' lang='lat' dir='ltr'><em>Matthaeum,</em></span> <span class='ocrx_word' id='word_1_130' title='bbox 3602 1235 3657 1284; x_wconf 88' lang='lat' dir='ltr'><em>et</em></span> 
     </span>
    </p>
   </div>
   <div class='ocr_carea' id='block_1_21' title="bbox 286 1318 1910 1393">
    <p class='ocr_par' dir='ltr' id='par_1_21' title="bbox 286 1318 1879 1393">
     <span class='ocr_line' id='line_1_21' title="bbox 286 1318 1879 1393; baseline 0 -23"><span class='ocrx_word' id='word_1_131' title='bbox 286 1318 552 1384; x_wconf 75' lang='grc' dir='ltr'><em>Φίλιππον,</em></span> <span class='ocrx_word' id='word_1_132' title='bbox 626 1324 716 1371; x_wconf 84' lang='grc' dir='ltr'><em>καὶ</em></span> <span class='ocrx_word' id='word_1_133' title='bbox 801 1321 1206 1393; x_wconf 81' lang='grc' dir='ltr'><em>Βαρθολομαῖο’ν,</em></span> <span class='ocrx_word' id='word_1_134' title='bbox 1286 1325 1376 1372; x_wconf 86' lang='grc' dir='ltr'><em>καὶ</em></span> <span class='ocrx_word' id='word_1_135' title='bbox 1441 1321 1730 1386; x_wconf 54' lang='lat' dir='ltr'><em>Mareotica),</em></span> <span class='ocrx_word' id='word_1_136' title='bbox 1790 1323 1879 1370; x_wconf 86' lang='grc' dir='ltr'><em>καὶ</em></span> 
     </span>
    </p>
   </div>
   <div class='ocr_carea' id='block_1_22' title="bbox 2033 1318 3657 1393">
    <p class='ocr_par' dir='ltr' id='par_1_22' title="bbox 2033 1319 3657 1390">
     <span class='ocr_line' id='line_1_22' title="bbox 2033 1319 3657 1390; baseline -0.001 -16"><span class='ocrx_word' id='word_1_137' title='bbox 2033 1319 2598 1389; x_wconf 87' lang='lat' dir='ltr'><em>&#39;homam,Jacobum</em></span> <span class='ocrx_word' id='word_1_138' title='bbox 2618 1321 2664 1374; x_wconf 88' lang='lat' dir='ltr'><strong><em>A</em></strong></span> <span class='ocrx_word' id='word_1_139' title='bbox 2680 1320 2944 1388; x_wconf 75' lang='lat' dir='ltr'><em>lphaei,et</em></span> <span class='ocrx_word' id='word_1_140' title='bbox 2966 1320 3266 1376; x_wconf 84' lang='lat' dir='ltr'><em>Simonem</em></span> <span class='ocrx_word' id='word_1_141' title='bbox 3283 1320 3389 1390; x_wconf 93' lang='lat' dir='ltr'><em>qui</em></span> <span class='ocrx_word' id='word_1_142' title='bbox 3403 1324 3657 1374; x_wconf 87' lang='lat' dir='ltr'><em>vocatur</em></span> 
     </span>
    </p>
   </div>
   <div class='ocr_carea' id='block_1_23' title="bbox 284 1406 1908 1482">
    <p class='ocr_par' dir='ltr' id='par_1_23' title="bbox 284 1406 1878 1482">
     <span class='ocr_line' id='line_1_23' title="bbox 284 1406 1878 1482; baseline 0.001 -24"><span class='ocrx_word' id='word_1_143' title='bbox 284 1413 496 1478; x_wconf 83' lang='grc' dir='ltr'><em>Θωμᾶν,</em></span> <span class='ocrx_word' id='word_1_144' title='bbox 550 1406 795 1460; x_wconf 79' lang='grc' dir='ltr'><em>Ἰάκωϐον</em></span> <span class='ocrx_word' id='word_1_145' title='bbox 818 1413 904 1460; x_wconf 82' lang='grc' dir='ltr'><em>τόν</em></span> <span class='ocrx_word' id='word_1_146' title='bbox 962 1417 1053 1461; x_wconf 84' lang='grc' dir='ltr'><em>τοῦ</em></span> <span class='ocrx_word' id='word_1_147' title='bbox 1112 1409 1376 1482; x_wconf 59' lang='grc' dir='ltr'><em>Ἀλοαίου,</em></span> <span class='ocrx_word' id='word_1_148' title='bbox 1434 1414 1523 1461; x_wconf 84' lang='grc' dir='ltr'><em>καὶ</em></span> <span class='ocrx_word' id='word_1_149' title='bbox 1563 1415 1765 1480; x_wconf 80' lang='grc' dir='ltr'><em>Σίμωνα</em></span> <span class='ocrx_word' id='word_1_150' title='bbox 1793 1412 1878 1460; x_wconf 85' lang='grc' dir='ltr'><em>τόν</em></span> 
     </span>
    </p>
   </div>
   <div class='ocr_carea' id='block_1_24' title="bbox 2032 1406 3656 1482">
    <p class='ocr_par' dir='ltr' id='par_1_24' title="bbox 2033 1409 3656 1480">
     <span class='ocr_line' id='line_1_24' title="bbox 2033 1409 3656 1480; baseline 0 -16"><span class='ocrx_word' id='word_1_151' title='bbox 2033 1411 2232 1478; x_wconf 88' lang='lat' dir='ltr'><em>elotes,</em></span> <span class='ocrx_word' id='word_1_152' title='bbox 2261 1415 2317 1466; x_wconf 91' lang='lat' dir='ltr'><em>et</em></span> <span class='ocrx_word' id='word_1_153' title='bbox 2337 1410 2562 1466; x_wconf 86' lang='lat' dir='ltr'><em>Judam</em></span> <span class='ocrx_word' id='word_1_154' title='bbox 2583 1409 2811 1476; x_wconf 85' lang='lat' dir='ltr'><em>Jacobi,</em></span> <span class='ocrx_word' id='word_1_155' title='bbox 2832 1415 2885 1465; x_wconf 92' lang='lat' dir='ltr'><em>et</em></span> <span class='ocrx_word' id='word_1_156' title='bbox 2914 1409 3134 1464; x_wconf 88' lang='lat' dir='ltr'><em>Judam</em></span> <span class='ocrx_word' id='word_1_157' title='bbox 3161 1409 3531 1468; x_wconf 88' lang='lat' dir='ltr'><em>Iscariotem,</em></span> <span class='ocrx_word' id='word_1_158' title='bbox 3553 1424 3656 1480; x_wconf 78' lang='lat' dir='ltr'><em>qui</em></span> 
     </span>
    </p>
   </div>
   <div class='ocr_carea' id='block_1_25' title="bbox 278 1494 1902 1568">
    <p class='ocr_par' dir='ltr' id='par_1_25' title="bbox 278 1494 1879 1566">
     <span class='ocr_line' id='line_1_25' title="bbox 278 1494 1879 1566; baseline 0.002 -20"><span class='ocrx_word' id='word_1_159' title='bbox 278 1494 588 1566; x_wconf 86' lang='grc' dir='ltr'><em>καλούμενον</em></span> <span class='ocrx_word' id='word_1_160' title='bbox 672 1497 938 1565; x_wconf 74' lang='grc' dir='ltr'><em>Ζηλωτὴν,</em></span> <span class='ocrx_word' id='word_1_161' title='bbox 1013 1503 1103 1551; x_wconf 85' lang='grc' dir='ltr'><em>καὶ</em></span> <span class='ocrx_word' id='word_1_162' title='bbox 1181 1497 1383 1552; x_wconf 73' lang='grc' dir='ltr'><em>Ἰούδαν</em></span> <span class='ocrx_word' id='word_1_163' title='bbox 1465 1498 1730 1563; x_wconf 72' lang='grc' dir='ltr'><em>Ἰακώϐου,</em></span> <span class='ocrx_word' id='word_1_164' title='bbox 1789 1503 1879 1550; x_wconf 85' lang='grc' dir='ltr'><em>καὶ</em></span> 
     </span>
    </p>
   </div>
   <div class='ocr_carea' id='block_1_26' title="bbox 2030 1494 3654 1568">
    <p class='ocr_par' dir='ltr' id='par_1_26' title="bbox 2030 1498 3654 1568">
     <span class='ocr_line' id='line_1_26' title="bbox 2030 1498 3654 1568; baseline -0.001 -14"><span class='ocrx_word' id='word_1_165' title='bbox 2030 1504 2044 1554; x_wconf 90' lang='lat' dir='ltr'><em>t</em></span> <span class='ocrx_word' id='word_1_166' title='bbox 2070 1500 2191 1568; x_wconf 80' lang='lat' dir='ltr'><em>fuit</em></span> <span class='ocrx_word' id='word_1_167' title='bbox 2219 1500 2499 1568; x_wconf 86' lang='lat' dir='ltr'><em>proditor</em></span> <span class='ocrx_word' id='word_1_168' title='bbox 2525 1501 2693 1564; x_wconf 88' lang='lat' dir='ltr'><em>(Luc.</em></span> <span class='ocrx_word' id='word_1_169' title='bbox 2723 1515 2798 1565; x_wconf 74' lang='grc' dir='ltr'><em>γι,</em></span> <span class='ocrx_word' id='word_1_170' title='bbox 2835 1500 3100 1568; x_wconf 78' lang='grc'><em>13-16)...</em></span> <span class='ocrx_word' id='word_1_171' title='bbox 3124 1499 3268 1553; x_wconf 87' lang='lat' dir='ltr'><em>Post</em></span> <span class='ocrx_word' id='word_1_172' title='bbox 3305 1498 3434 1554; x_wconf 76' lang='lat' dir='ltr'><em>htec</em></span> <span class='ocrx_word' id='word_1_173' title='bbox 3455 1503 3654 1553; x_wconf 91' lang='lat' dir='ltr'><em>autem</em></span> 
     </span>
    </p>
   </div>
   <div class='ocr_carea' id='block_1_27' title="bbox 280 1581 1904 1662">
    <p class='ocr_par' dir='ltr' id='par_1_27' title="bbox 280 1581 1874 1662">
     <span class='ocr_line' id='line_1_27' title="bbox 280 1581 1874 1662; baseline 0.003 -25"><span class='ocrx_word' id='word_1_174' title='bbox 280 1581 481 1637; x_wconf 70' lang='grc' dir='ltr'><em>Ἰούδαν</em></span> <span class='ocrx_word' id='word_1_175' title='bbox 575 1586 935 1660; x_wconf 79' lang='grc' dir='ltr'><em>Ἰσκαριώτην,</em></span> <span class='ocrx_word' id='word_1_176' title='bbox 1005 1588 1056 1648; x_wconf 79' lang='grc' dir='ltr'><em>ὃς</em></span> <span class='ocrx_word' id='word_1_177' title='bbox 1143 1593 1232 1640; x_wconf 82' lang='grc' dir='ltr'><em>καὶ</em></span> <span class='ocrx_word' id='word_1_178' title='bbox 1313 1587 1507 1659; x_wconf 85' lang='grc' dir='ltr'><em>ἐγένετο</em></span> <span class='ocrx_word' id='word_1_179' title='bbox 1588 1584 1874 1662; x_wconf 83' lang='grc' dir='ltr'><em>προδότης.</em></span> 
     </span>
    </p>
   </div>
   <div class='ocr_carea' id='block_1_28' title="bbox 2031 1581 3655 1662">
    <p class='ocr_par' dir='ltr' id='par_1_28' title="bbox 2032 1588 3655 1660">
     <span class='ocr_line' id='line_1_28' title="bbox 2032 1588 3655 1660; baseline -0.001 -16"><span class='ocrx_word' id='word_1_180' title='bbox 2032 1590 2330 1660; x_wconf 88' lang='lat' dir='ltr'><em>esignavit</em></span> <span class='ocrx_word' id='word_1_181' title='bbox 2385 1590 2682 1644; x_wconf 84' lang='lat' dir='ltr'><em>Dominus</em></span> <span class='ocrx_word' id='word_1_182' title='bbox 2703 1594 2757 1645; x_wconf 91' lang='lat' dir='ltr'><em>et</em></span> <span class='ocrx_word' id='word_1_183' title='bbox 2790 1590 2943 1644; x_wconf 79' lang='lat' dir='ltr'><em>alios</em></span> <span class='ocrx_word' id='word_1_184' title='bbox 2969 1589 3378 1658; x_wconf 84' lang='lat' dir='ltr'><em>septuaginta,</em></span> <span class='ocrx_word' id='word_1_185' title='bbox 3412 1593 3466 1642; x_wconf 92' lang='lat' dir='ltr'><em>et</em></span> <span class='ocrx_word' id='word_1_186' title='bbox 3495 1588 3655 1642; x_wconf 89' lang='lat' dir='ltr'><em>misit</em></span> 
     </span>
    </p>
   </div>
   <div class='ocr_carea' id='block_1_29' title="bbox 276 1673 1900 1752">
    <p class='ocr_par' dir='ltr' id='par_1_29' title="bbox 276 1673 1877 1752">
     <span class='ocr_line' id='line_1_29' title="bbox 276 1673 1877 1752; baseline 0.002 -27"><span class='ocrx_word' id='word_1_187' title='bbox 276 1679 561 1732; x_wconf 78' lang='grc' dir='ltr'><em>ΑΟΥΚΛΣ.</em></span> <span class='ocrx_word' id='word_1_188' title='bbox 612 1679 758 1728; x_wconf 85' lang='grc' dir='ltr'><em>Μετά</em></span> <span class='ocrx_word' id='word_1_189' title='bbox 811 1673 870 1728; x_wconf 71' lang='grc' dir='ltr'><em>δὲ</em></span> <span class='ocrx_word' id='word_1_190' title='bbox 929 1686 1096 1729; x_wconf 70' lang='grc' dir='ltr'><em>ταῦτα</em></span> <span class='ocrx_word' id='word_1_191' title='bbox 1155 1674 1409 1740; x_wconf 86' lang='grc' dir='ltr'><em>ἀνέδειξεν</em></span> <span class='ocrx_word' id='word_1_192' title='bbox 1462 1679 1487 1730; x_wconf 80' lang='grc' dir='ltr'>ὁ</span> <span class='ocrx_word' id='word_1_193' title='bbox 1548 1681 1738 1752; x_wconf 80' lang='grc' dir='ltr'><em>Κύριος</em></span> <span class='ocrx_word' id='word_1_194' title='bbox 1787 1683 1877 1730; x_wconf 82' lang='grc' dir='ltr'><em>καὶ</em></span> 
     </span>
    </p>
   </div>
   <div class='ocr_carea' id='block_1_30' title="bbox 2028 1673 3652 1752">
    <p class='ocr_par' dir='ltr' id='par_1_30' title="bbox 2028 1679 3652 1749">
     <span class='ocr_line' id='line_1_30' title="bbox 2028 1679 3652 1749; baseline 0.001 -19"><span class='ocrx_word' id='word_1_195' title='bbox 2028 1679 2126 1733; x_wconf 52' lang='lat' dir='ltr'><em>{los</em></span> <span class='ocrx_word' id='word_1_196' title='bbox 2152 1679 2318 1734; x_wconf 91' lang='lat' dir='ltr'><em>binos</em></span> <span class='ocrx_word' id='word_1_197' title='bbox 2339 1686 2482 1735; x_wconf 88' lang='lat' dir='ltr'><em>ante</em></span> <span class='ocrx_word' id='word_1_198' title='bbox 2505 1681 2722 1749; x_wconf 81' lang='lat' dir='ltr'><em>faciem</em></span> <span class='ocrx_word' id='word_1_199' title='bbox 2746 1695 2916 1735; x_wconf 89' lang='lat' dir='ltr'><em>suam</em></span> <span class='ocrx_word' id='word_1_200' title='bbox 2938 1680 2998 1734; x_wconf 90' lang='lat' dir='ltr'><em>in</em></span> <span class='ocrx_word' id='word_1_201' title='bbox 3023 1695 3255 1734; x_wconf 90' lang='lat' dir='ltr'><em>omnem</em></span> <span class='ocrx_word' id='word_1_202' title='bbox 3277 1679 3578 1734; x_wconf 90' lang='lat' dir='ltr'><em>civitatem</em></span> <span class='ocrx_word' id='word_1_203' title='bbox 3599 1683 3652 1733; x_wconf 92' lang='lat' dir='ltr'><em>et</em></span> 
     </span>
    </p>
   </div>
   <div class='ocr_carea' id='block_1_31' title="bbox 278 1761 1902 1839">
    <p class='ocr_par' dir='ltr' id='par_1_31' title="bbox 278 1761 1876 1838">
     <span class='ocr_line' id='line_1_31' title="bbox 278 1761 1876 1838; baseline 0.002 -22"><span class='ocrx_word' id='word_1_204' title='bbox 278 1763 485 1838; x_wconf 80' lang='grc' dir='ltr'><em>ἐτέρους</em></span> <span class='ocrx_word' id='word_1_205' title='bbox 511 1761 889 1838; x_wconf 75' lang='grc' dir='ltr'><em>ἐϐδομήκοντα,</em></span> <span class='ocrx_word' id='word_1_206' title='bbox 924 1773 1014 1819; x_wconf 83' lang='grc' dir='ltr'><em>καὶ</em></span> <span class='ocrx_word' id='word_1_207' title='bbox 1055 1766 1352 1819; x_wconf 82' lang='grc' dir='ltr'><em>ἀπέστειλεν</em></span> <span class='ocrx_word' id='word_1_208' title='bbox 1398 1767 1584 1829; x_wconf 66' lang='grc' dir='ltr'><em>αὐτοὺς</em></span> <span class='ocrx_word' id='word_1_209' title='bbox 1636 1766 1730 1819; x_wconf 78' lang='grc' dir='ltr'><em>ἀνα</em></span> <span class='ocrx_word' id='word_1_210' title='bbox 1780 1764 1876 1820; x_wconf 73' lang='grc' dir='ltr'><em>δύο</em></span> 
     </span>
    </p>
   </div>
   <div class='ocr_carea' id='block_1_32' title="bbox 2024 1761 3648 1839">
    <p class='ocr_par' dir='ltr' id='par_1_32' title="bbox 2024 1767 3648 1839">
     <span class='ocr_line' id='line_1_32' title="bbox 2024 1767 3648 1839; baseline -0.001 -17"><span class='ocrx_word' id='word_1_211' title='bbox 2024 1783 2205 1835; x_wconf 69' lang='lat' dir='ltr'><em>acum,</em></span> <span class='ocrx_word' id='word_1_212' title='bbox 2231 1783 2343 1839; x_wconf 90' lang='lat' dir='ltr'><em>quo</em></span> <span class='ocrx_word' id='word_1_213' title='bbox 2368 1775 2496 1824; x_wconf 88' lang='lat' dir='ltr'><em>erat</em></span> <span class='ocrx_word' id='word_1_214' title='bbox 2523 1769 2972 1836; x_wconf 87' lang='lat' dir='ltr'><em>ipseventurus.</em></span> <span class='ocrx_word' id='word_1_215' title='bbox 3001 1768 3464 1839; x_wconf 87' lang='lat' dir='ltr'><em>Dicebatitaque</em></span> <span class='ocrx_word' id='word_1_216' title='bbox 3486 1767 3612 1821; x_wconf 82' lang='lat' dir='ltr'><em>illis</em></span> <span class='ocrx_word' id='word_1_217' title='bbox 3636 1781 3648 1820; x_wconf 93' lang='lat'>:</span> 
     </span>
    </p>
   </div>
   <div class='ocr_carea' id='block_1_33' title="bbox 274 1837 1898 1928">
    <p class='ocr_par' dir='ltr' id='par_1_33' title="bbox 274 1857 1869 1928">
     <span class='ocr_line' id='line_1_33' title="bbox 274 1857 1869 1928; baseline 0.003 -23"><span class='ocrx_word' id='word_1_218' title='bbox 274 1857 376 1928; x_wconf 83' lang='grc' dir='ltr'><em>πρὸ</em></span> <span class='ocrx_word' id='word_1_219' title='bbox 431 1859 714 1928; x_wconf 76' lang='grc' dir='ltr'><em>προσώπου</em></span> <span class='ocrx_word' id='word_1_220' title='bbox 775 1857 954 1922; x_wconf 76' lang='grc' dir='ltr'><em>αὑτοῦ,</em></span> <span class='ocrx_word' id='word_1_221' title='bbox 1007 1857 1079 1918; x_wconf 81' lang='grc' dir='ltr'><em>εἰς</em></span> <span class='ocrx_word' id='word_1_222' title='bbox 1130 1863 1304 1908; x_wconf 78' lang='grc' dir='ltr'><em>πάσαν</em></span> <span class='ocrx_word' id='word_1_223' title='bbox 1361 1857 1506 1909; x_wconf 84' lang='grc' dir='ltr'><em>πόλιν</em></span> <span class='ocrx_word' id='word_1_224' title='bbox 1551 1862 1639 1908; x_wconf 86' lang='grc' dir='ltr'><em>καὶ</em></span> <span class='ocrx_word' id='word_1_225' title='bbox 1697 1862 1869 1928; x_wconf 87' lang='grc' dir='ltr'><em>τόπον,</em></span> 
     </span>
    </p>
   </div>
   <div class='ocr_carea' id='block_1_34' title="bbox 2029 1837 3653 1928">
    <p class='ocr_par' dir='ltr' id='par_1_34' title="bbox 2029 1837 3653 1927">
     <span class='ocr_line' id='line_1_34' title="bbox 2029 1837 3653 1927; baseline -0.001 -16"><span class='ocrx_word' id='word_1_226' title='bbox 2029 1857 2191 1912; x_wconf 74' lang='lat' dir='ltr'><em>fessis</em></span> <span class='ocrx_word' id='word_1_227' title='bbox 2209 1837 2445 1927; x_wconf 79' lang='lat' dir='ltr'><em>quidem</em></span> <span class='ocrx_word' id='word_1_228' title='bbox 2469 1859 2684 1924; x_wconf 91' lang='lat' dir='ltr'><em>multa,</em></span> <span class='ocrx_word' id='word_1_229' title='bbox 2701 1860 2972 1927; x_wconf 87' lang='lat' dir='ltr'><em>operarii</em></span> <span class='ocrx_word' id='word_1_230' title='bbox 2989 1863 3186 1913; x_wconf 86' lang='lat' dir='ltr'><em>autem</em></span> <span class='ocrx_word' id='word_1_231' title='bbox 3198 1837 3400 1927; x_wconf 84' lang='lat' dir='ltr'><em>pauci.</em></span> <span class='ocrx_word' id='word_1_232' title='bbox 3429 1858 3653 1926; x_wconf 83' lang='lat' dir='ltr'><em>Rogate</em></span> 
     </span>
    </p>
   </div>
   <div class='ocr_carea' id='block_1_35' title="bbox 272 1942 1896 2021">
    <p class='ocr_par' dir='ltr' id='par_1_35' title="bbox 272 1942 1870 2021">
     <span class='ocr_line' id='line_1_35' title="bbox 272 1942 1870 2021; baseline 0.003 -28"><span class='ocrx_word' id='word_1_233' title='bbox 272 1943 333 1994; x_wconf 74' lang='grc' dir='ltr'><em>οὗ</em></span> <span class='ocrx_word' id='word_1_234' title='bbox 382 1942 578 2015; x_wconf 79' lang='grc' dir='ltr'><em>ἔμελλεν</em></span> <span class='ocrx_word' id='word_1_235' title='bbox 620 1944 770 2005; x_wconf 70' lang='grc' dir='ltr'><em>αὐτὸς</em></span> <span class='ocrx_word' id='word_1_236' title='bbox 801 1947 1080 2019; x_wconf 79' lang='grc' dir='ltr'><em>ἔρχεσθαι.</em></span> <span class='ocrx_word' id='word_1_237' title='bbox 1136 1945 1336 2018; x_wconf 77' lang='grc' dir='ltr'><em>Ἔλεγεν</em></span> <span class='ocrx_word' id='word_1_238' title='bbox 1369 1944 1456 1998; x_wconf 74' lang='grc' dir='ltr'><em>οὖν</em></span> <span class='ocrx_word' id='word_1_239' title='bbox 1486 1950 1616 2021; x_wconf 83' lang='grc' dir='ltr'><em>πρὸς</em></span> <span class='ocrx_word' id='word_1_240' title='bbox 1665 1947 1870 2014; x_wconf 63' lang='grc' dir='ltr'><em>αυτούς⁸</em></span> 
     </span>
    </p>
   </div>
   <div class='ocr_carea' id='block_1_36' title="bbox 2027 1942 3651 2021">
    <p class='ocr_par' dir='ltr' id='par_1_36' title="bbox 2027 1946 3651 2016">
     <span class='ocr_line' id='line_1_36' title="bbox 2027 1946 3651 2016; baseline 0.001 -17"><span class='ocrx_word' id='word_1_241' title='bbox 2027 1961 2129 2015; x_wconf 79' lang='lat' dir='ltr'><em>rgo</em></span> <span class='ocrx_word' id='word_1_242' title='bbox 2145 1946 2463 2002; x_wconf 85' lang='lat' dir='ltr'><em>Dominum</em></span> <span class='ocrx_word' id='word_1_243' title='bbox 2491 1947 2797 2016; x_wconf 86' lang='lat' dir='ltr'><em>messis,ut</em></span> <span class='ocrx_word' id='word_1_244' title='bbox 2818 1947 3020 2003; x_wconf 88' lang='lat' dir='ltr'><em>mittat</em></span> <span class='ocrx_word' id='word_1_245' title='bbox 3051 1946 3365 2015; x_wconf 88' lang='lat' dir='ltr'><em>operarios</em></span> <span class='ocrx_word' id='word_1_246' title='bbox 3401 1946 3464 2000; x_wconf 88' lang='lat' dir='ltr'><em>in</em></span> <span class='ocrx_word' id='word_1_247' title='bbox 3496 1960 3651 2001; x_wconf 87' lang='lat' dir='ltr'><em>mes-</em></span> 
     </span>
    </p>
   </div>
   <div class='ocr_carea' id='block_1_37' title="bbox 270 2031 1894 2109">
    <p class='ocr_par' dir='ltr' id='par_1_37' title="bbox 270 2031 1876 2109">
     <span class='ocr_line' id='line_1_37' title="bbox 270 2031 1876 2109; baseline 0.002 -24"><span class='ocrx_word' id='word_1_248' title='bbox 270 2031 330 2085; x_wconf 82' lang='grc'><em>’0</em></span> <span class='ocrx_word' id='word_1_249' title='bbox 369 2036 459 2104; x_wconf 68' lang='grc' dir='ltr'><em>μὲν</em></span> <span class='ocrx_word' id='word_1_250' title='bbox 503 2034 747 2106; x_wconf 82' lang='grc' dir='ltr'><em>θερισμός</em></span> <span class='ocrx_word' id='word_1_251' title='bbox 791 2034 972 2105; x_wconf 76' lang='grc' dir='ltr'><em>πολὺς,</em></span> <span class='ocrx_word' id='word_1_252' title='bbox 1007 2037 1055 2086; x_wconf 82' lang='grc' dir='ltr'><em>οἱ</em></span> <span class='ocrx_word' id='word_1_253' title='bbox 1095 2031 1153 2087; x_wconf 69' lang='grc' dir='ltr'><em>δὲ</em></span> <span class='ocrx_word' id='word_1_254' title='bbox 1184 2035 1400 2109; x_wconf 77' lang='grc' dir='ltr'><em>ἐργάται</em></span> <span class='ocrx_word' id='word_1_255' title='bbox 1429 2036 1617 2108; x_wconf 78' lang='grc' dir='ltr'><em>ὀλίγοι.</em></span> <span class='ocrx_word' id='word_1_256' title='bbox 1649 2038 1876 2095; x_wconf 71' lang='grc' dir='ltr'><em>Δεήθητε</em></span> 
     </span>
    </p>
   </div>
   <div class='ocr_carea' id='block_1_38' title="bbox 2027 2031 3651 2109">
    <p class='ocr_par' dir='ltr' id='par_1_38' title="bbox 2027 2035 3651 2107">
     <span class='ocr_line' id='line_1_38' title="bbox 2027 2035 3651 2107; baseline -0.001 -17"><span class='ocrx_word' id='word_1_257' title='bbox 2027 2050 2102 2090; x_wconf 70' lang='lat' dir='ltr'><em>em</em></span> <span class='ocrx_word' id='word_1_258' title='bbox 2133 2050 2300 2091; x_wconf 85' lang='lat' dir='ltr'><em>suam</em></span> <span class='ocrx_word' id='word_1_259' title='bbox 2336 2036 2505 2107; x_wconf 88' lang='lat' dir='ltr'><em>(Luc.</em></span> <span class='ocrx_word' id='word_1_260' title='bbox 2546 2052 2600 2098; x_wconf 66' lang='grc' dir='ltr'><em>χ,</em></span> <span class='ocrx_word' id='word_1_261' title='bbox 2635 2035 2832 2106; x_wconf 71' lang='lat'><em>1,2)...</em></span> <span class='ocrx_word' id='word_1_262' title='bbox 2867 2037 3129 2091; x_wconf 88' lang='lat' dir='ltr'><em>Primum</em></span> <span class='ocrx_word' id='word_1_263' title='bbox 3164 2035 3402 2106; x_wconf 89' lang='lat' dir='ltr'><em>quidem</em></span> <span class='ocrx_word' id='word_1_264' title='bbox 3434 2049 3651 2090; x_wconf 87' lang='lat' dir='ltr'><em>sermo-</em></span> 
     </span>
    </p>
   </div>
   <div class='ocr_carea' id='block_1_39' title="bbox 275 2117 1899 2198">
    <p class='ocr_par' dir='ltr' id='par_1_39' title="bbox 275 2117 1872 2198">
     <span class='ocr_line' id='line_1_39' title="bbox 275 2117 1872 2198; baseline 0.002 -24"><span class='ocrx_word' id='word_1_265' title='bbox 275 2117 363 2174; x_wconf 72' lang='grc' dir='ltr'><em>οὖν</em></span> <span class='ocrx_word' id='word_1_266' title='bbox 394 2129 486 2174; x_wconf 75' lang='grc' dir='ltr'><em>τοῦ</em></span> <span class='ocrx_word' id='word_1_267' title='bbox 517 2127 711 2196; x_wconf 79' lang='grc' dir='ltr'><em>Κυρίου</em></span> <span class='ocrx_word' id='word_1_268' title='bbox 741 2131 832 2174; x_wconf 77' lang='grc' dir='ltr'><em>τοῦ</em></span> <span class='ocrx_word' id='word_1_269' title='bbox 858 2125 1128 2198; x_wconf 73' lang='grc' dir='ltr'><em>θερισμοῦ,</em></span> <span class='ocrx_word' id='word_1_270' title='bbox 1165 2126 1303 2186; x_wconf 83' lang='grc' dir='ltr'><em>ὅπως</em></span> <span class='ocrx_word' id='word_1_271' title='bbox 1333 2123 1519 2198; x_wconf 64' lang='grc' dir='ltr'><em>ἐκϐάλῃ</em></span> <span class='ocrx_word' id='word_1_272' title='bbox 1555 2125 1777 2198; x_wconf 84' lang='grc' dir='ltr'><em>ἐργάτας</em></span> <span class='ocrx_word' id='word_1_273' title='bbox 1804 2126 1872 2188; x_wconf 80' lang='grc' dir='ltr'><em>εἰς</em></span> 
     </span>
    </p>
   </div>
   <div class='ocr_carea' id='block_1_40' title="bbox 2026 2117 3650 2198">
    <p class='ocr_par' dir='ltr' id='par_1_40' title="bbox 2028 2125 3650 2196">
     <span class='ocr_line' id='line_1_40' title="bbox 2028 2125 3650 2196; baseline -0.001 -16"><span class='ocrx_word' id='word_1_274' title='bbox 2028 2140 2116 2180; x_wconf 90' lang='lat' dir='ltr'><em>em</em></span> <span class='ocrx_word' id='word_1_275' title='bbox 2143 2125 2269 2194; x_wconf 84' lang='lat' dir='ltr'><em>feci</em></span> <span class='ocrx_word' id='word_1_276' title='bbox 2295 2129 2368 2181; x_wconf 85' lang='lat' dir='ltr'><em>de</em></span> <span class='ocrx_word' id='word_1_277' title='bbox 2395 2126 2690 2191; x_wconf 88' lang='lat' dir='ltr'><em>omnibus,</em></span> <span class='ocrx_word' id='word_1_278' title='bbox 2715 2143 2746 2181; x_wconf 95' lang='lat' dir='ltr'><em>o</em></span> <span class='ocrx_word' id='word_1_279' title='bbox 2771 2125 3253 2196; x_wconf 74' lang='lat' dir='ltr'><em>Theophile,qua2</em></span> <span class='ocrx_word' id='word_1_280' title='bbox 3283 2126 3460 2194; x_wconf 77' lang='lat' dir='ltr'><em>ctepit</em></span> <span class='ocrx_word' id='word_1_281' title='bbox 3479 2127 3650 2180; x_wconf 88' lang='lat' dir='ltr'><em>Jesus</em></span> 
     </span>
    </p>
   </div>
   <div class='ocr_carea' id='block_1_41' title="bbox 270 2212 1894 2289">
    <p class='ocr_par' dir='ltr' id='par_1_41' title="bbox 270 2212 1871 2289">
     <span class='ocr_line' id='line_1_41' title="bbox 270 2212 1871 2289; baseline 0.016 -27"><span class='ocrx_word' id='word_1_282' title='bbox 270 2213 356 2262; x_wconf 86' lang='grc' dir='ltr'><em>τὸν</em></span> <span class='ocrx_word' id='word_1_283' title='bbox 391 2212 636 2285; x_wconf 80' lang='grc' dir='ltr'><em>θερισμόν</em></span> <span class='ocrx_word' id='word_1_284' title='bbox 667 2213 845 2264; x_wconf 74' lang='grc' dir='ltr'><em>αὐτοῦ.</em></span> <span class='ocrx_word' id='word_1_285' title='bbox 895 2217 1186 2268; x_wconf 73' lang='grc' dir='ltr'><em>ΠΡΑΞΕΙΣ.</em></span> <span class='ocrx_word' id='word_1_286' title='bbox 1219 2217 1316 2265; x_wconf 86' lang='grc' dir='ltr'><em>Τόν</em></span> <span class='ocrx_word' id='word_1_287' title='bbox 1347 2218 1436 2286; x_wconf 71' lang='grc' dir='ltr'><em>μὲν</em></span> <span class='ocrx_word' id='word_1_288' title='bbox 1468 2222 1669 2289; x_wconf 79' lang='grc' dir='ltr'><em>πρῶτον</em></span> <span class='ocrx_word' id='word_1_289' title='bbox 1721 2214 1871 2286; x_wconf 72' lang='grc' dir='ltr'><em>λόγον</em></span> 
     </span>
    </p>
   </div>
   <div class='ocr_carea' id='block_1_42' title="bbox 2027 2212 3651 2289">
    <p class='ocr_par' dir='ltr' id='par_1_42' title="bbox 2027 2215 3651 2286">
     <span class='ocr_line' id='line_1_42' title="bbox 2027 2215 3651 2286; baseline 0.001 -17"><span class='ocrx_word' id='word_1_290' title='bbox 2027 2229 2186 2270; x_wconf 66' lang='grc' dir='ltr'><em>πονε</em></span> <span class='ocrx_word' id='word_1_291' title='bbox 2211 2219 2265 2270; x_wconf 88' lang='lat' dir='ltr'><em>et</em></span> <span class='ocrx_word' id='word_1_292' title='bbox 2292 2215 2502 2270; x_wconf 86' lang='lat' dir='ltr'><em>docere</em></span> <span class='ocrx_word' id='word_1_293' title='bbox 2518 2230 2704 2286; x_wconf 91' lang='lat' dir='ltr'><em>usque</em></span> <span class='ocrx_word' id='word_1_294' title='bbox 2724 2215 2787 2270; x_wconf 90' lang='lat' dir='ltr'><em>in</em></span> <span class='ocrx_word' id='word_1_295' title='bbox 2809 2215 2960 2270; x_wconf 87' lang='lat' dir='ltr'><em>diem</em></span> <span class='ocrx_word' id='word_1_296' title='bbox 2985 2229 3104 2286; x_wconf 90' lang='lat' dir='ltr'><em>qua</em></span> <span class='ocrx_word' id='word_1_297' title='bbox 3122 2216 3487 2284; x_wconf 80' lang='lat' dir='ltr'><em>prcecipiens</em></span> <span class='ocrx_word' id='word_1_298' title='bbox 3507 2231 3651 2284; x_wconf 90' lang='lat' dir='ltr'><em>apo-</em></span> 
     </span>
    </p>
   </div>
   <div class='ocr_carea' id='block_1_43' title="bbox 270 2296 1894 2378">
    <p class='ocr_par' dir='ltr' id='par_1_43' title="bbox 270 2296 1870 2378">
     <span class='ocr_line' id='line_1_43' title="bbox 270 2296 1870 2378; baseline 0.003 -26"><span class='ocrx_word' id='word_1_299' title='bbox 270 2296 599 2372; x_wconf 75' lang='grc' dir='ltr'><em>ἓποιησάμην</em></span> <span class='ocrx_word' id='word_1_300' title='bbox 655 2306 773 2375; x_wconf 83' lang='grc' dir='ltr'><em>περὶ</em></span> <span class='ocrx_word' id='word_1_301' title='bbox 830 2303 1054 2368; x_wconf 87' lang='grc' dir='ltr'><em>πάντων,</em></span> <span class='ocrx_word' id='word_1_302' title='bbox 1108 2299 1147 2353; x_wconf 79' lang='grc' dir='ltr'><strong>ὦ</strong></span> <span class='ocrx_word' id='word_1_303' title='bbox 1202 2303 1440 2374; x_wconf 64' lang='grc' dir='ltr'><em>Θεόφιλε,</em></span> <span class='ocrx_word' id='word_1_304' title='bbox 1514 2301 1580 2354; x_wconf 79' lang='grc' dir='ltr'><em>ὧν</em></span> <span class='ocrx_word' id='word_1_305' title='bbox 1620 2304 1870 2378; x_wconf 74' lang='grc' dir='ltr'><em>ἦρξατοὸ</em></span> 
     </span>
    </p>
   </div>
   <div class='ocr_carea' id='block_1_44' title="bbox 2028 2296 3652 2378">
    <p class='ocr_par' dir='ltr' id='par_1_44' title="bbox 2028 2303 3652 2373">
     <span class='ocr_line' id='line_1_44' title="bbox 2028 2303 3652 2373; baseline 0.004 -20"><span class='ocrx_word' id='word_1_306' title='bbox 2028 2303 2152 2357; x_wconf 64' lang='lat' dir='ltr'><em>Fotis</em></span> <span class='ocrx_word' id='word_1_307' title='bbox 2200 2319 2308 2373; x_wconf 86' lang='lat' dir='ltr'><em>per</em></span> <span class='ocrx_word' id='word_1_308' title='bbox 2357 2304 2658 2371; x_wconf 87' lang='lat' dir='ltr'><em>Spiritum</em></span> <span class='ocrx_word' id='word_1_309' title='bbox 2690 2309 2988 2373; x_wconf 82' lang='lat' dir='ltr'><em>sanctum,</em></span> <span class='ocrx_word' id='word_1_310' title='bbox 3024 2319 3172 2373; x_wconf 91' lang='lat' dir='ltr'><em>quos</em></span> <span class='ocrx_word' id='word_1_311' title='bbox 3204 2303 3400 2372; x_wconf 74' lang='lat' dir='ltr'><em>elegit,</em></span> <span class='ocrx_word' id='word_1_312' title='bbox 3427 2319 3652 2359; x_wconf 89' lang='lat' dir='ltr'><em>assum-</em></span> 
     </span>
    </p>
   </div>
   <div class='ocr_carea' id='block_1_45' title="bbox 271 2386 1895 2468">
    <p class='ocr_par' dir='ltr' id='par_1_45' title="bbox 271 2386 1871 2468">
     <span class='ocr_line' id='line_1_45' title="bbox 271 2386 1871 2468; baseline 0.003 -27"><span class='ocrx_word' id='word_1_313' title='bbox 271 2387 474 2452; x_wconf 77' lang='grc' dir='ltr'><em>Ἰησοῦς</em></span> <span class='ocrx_word' id='word_1_314' title='bbox 548 2397 712 2442; x_wconf 83' lang='grc' dir='ltr'><em>ποιεῖν</em></span> <span class='ocrx_word' id='word_1_315' title='bbox 779 2410 833 2443; x_wconf 85' lang='grc' dir='ltr'><em>τε</em></span> <span class='ocrx_word' id='word_1_316' title='bbox 898 2396 987 2443; x_wconf 84' lang='grc' dir='ltr'><em>καὶ</em></span> <span class='ocrx_word' id='word_1_317' title='bbox 1053 2386 1350 2463; x_wconf 85' lang='grc' dir='ltr'><em>διδάσκειν,</em></span> <span class='ocrx_word' id='word_1_318' title='bbox 1388 2390 1616 2467; x_wconf 72' lang='grc' dir='ltr'><em>άχριῆς</em></span> <span class='ocrx_word' id='word_1_319' title='bbox 1678 2395 1871 2468; x_wconf 73' lang='grc' dir='ltr'><em>ἡμέρας</em></span> 
     </span>
    </p>
   </div>
   <div class='ocr_carea' id='block_1_46' title="bbox 2025 2386 3649 2468">
    <p class='ocr_par' dir='ltr' id='par_1_46' title="bbox 2026 2392 3649 2462">
     <span class='ocr_line' id='line_1_46' title="bbox 2026 2392 3649 2462; baseline 0.001 -16"><span class='ocrx_word' id='word_1_320' title='bbox 2026 2397 2118 2447; x_wconf 91' lang='lat' dir='ltr'><em>tus</em></span> <span class='ocrx_word' id='word_1_321' title='bbox 2145 2396 2230 2446; x_wconf 91' lang='lat' dir='ltr'><em>est</em></span> <span class='ocrx_word' id='word_1_322' title='bbox 2263 2393 2417 2460; x_wconf 76' lang='lat' dir='ltr'><em>(Act.</em></span> <span class='ocrx_word' id='word_1_323' title='bbox 2450 2408 2489 2458; x_wconf 88' lang='lat'><em>1,</em></span> <span class='ocrx_word' id='word_1_324' title='bbox 2524 2396 2572 2459; x_wconf 76' lang='grc'><em>1,</em></span> <span class='ocrx_word' id='word_1_325' title='bbox 2597 2393 2724 2462; x_wconf 84' lang='lat'><strong>2)...</strong></span> <span class='ocrx_word' id='word_1_326' title='bbox 2757 2393 2833 2447; x_wconf 87' lang='lat' dir='ltr'><em>Et</em></span> <span class='ocrx_word' id='word_1_327' title='bbox 2861 2397 3209 2448; x_wconf 86' lang='lat' dir='ltr'><em>statuerunt</em></span> <span class='ocrx_word' id='word_1_328' title='bbox 3237 2392 3404 2460; x_wconf 89' lang='lat' dir='ltr'><em>duos,</em></span> <span class='ocrx_word' id='word_1_329' title='bbox 3426 2393 3649 2462; x_wconf 89' lang='lat' dir='ltr'><em>Joseph</em></span> 
     </span>
    </p>
   </div>
   <div class='ocr_carea' id='block_1_47' title="bbox 267 2475 1891 2554">
    <p class='ocr_par' dir='ltr' id='par_1_47' title="bbox 267 2475 1868 2554">
     <span class='ocr_line' id='line_1_47' title="bbox 267 2475 1868 2554; baseline 0.002 -23"><span class='ocrx_word' id='word_1_330' title='bbox 267 2475 607 2552; x_wconf 80' lang='grc' dir='ltr'><em>ἐντειλάμενος</em></span> <span class='ocrx_word' id='word_1_331' title='bbox 635 2487 744 2541; x_wconf 83' lang='grc' dir='ltr'><em>τοῖς</em></span> <span class='ocrx_word' id='word_1_332' title='bbox 776 2477 1081 2542; x_wconf 88' lang='grc' dir='ltr'><em>ἀποστόλοις</em></span> <span class='ocrx_word' id='word_1_333' title='bbox 1108 2477 1200 2533; x_wconf 73' lang='grc' dir='ltr'><em>διὰ</em></span> <span class='ocrx_word' id='word_1_334' title='bbox 1243 2485 1533 2554; x_wconf 75' lang='grc' dir='ltr'><em>Ηνεύματος</em></span> <span class='ocrx_word' id='word_1_335' title='bbox 1581 2482 1751 2554; x_wconf 80' lang='grc' dir='ltr'><em>ἁγίου,</em></span> <span class='ocrx_word' id='word_1_336' title='bbox 1782 2483 1868 2544; x_wconf 70' lang='grc' dir='ltr'><em>οὓς</em></span> 
     </span>
    </p>
   </div>
   <div class='ocr_carea' id='block_1_48' title="bbox 2024 2475 3648 2554">
    <p class='ocr_par' dir='ltr' id='par_1_48' title="bbox 2025 2481 3648 2553">
     <span class='ocr_line' id='line_1_48' title="bbox 2025 2481 3648 2553; baseline 0.001 -16"><span class='ocrx_word' id='word_1_337' title='bbox 2025 2483 2088 2537; x_wconf 91' lang='lat' dir='ltr'><em>ui</em></span> <span class='ocrx_word' id='word_1_338' title='bbox 2116 2481 2454 2538; x_wconf 81' lang='lat' dir='ltr'><em>vocabatur</em></span> <span class='ocrx_word' id='word_1_339' title='bbox 2473 2482 2805 2549; x_wconf 86' lang='lat' dir='ltr'><em>Barsabas,</em></span> <span class='ocrx_word' id='word_1_340' title='bbox 2829 2482 2938 2553; x_wconf 89' lang='lat' dir='ltr'><em>qui</em></span> <span class='ocrx_word' id='word_1_341' title='bbox 2955 2483 3414 2552; x_wconf 82' lang='lat' dir='ltr'><em>cognominatus</em></span> <span class='ocrx_word' id='word_1_342' title='bbox 3439 2488 3521 2538; x_wconf 86' lang='lat' dir='ltr'><em>est</em></span> <span class='ocrx_word' id='word_1_343' title='bbox 3550 2485 3648 2538; x_wconf 89' lang='lat' dir='ltr'><em>Ju-</em></span> 
     </span>
    </p>
   </div>
   <div class='ocr_carea' id='block_1_49' title="bbox 267 2566 1891 2642">
    <p class='ocr_par' dir='ltr' id='par_1_49' title="bbox 267 2566 1865 2642">
     <span class='ocr_line' id='line_1_49' title="bbox 267 2566 1865 2642; baseline 0.003 -22"><span class='ocrx_word' id='word_1_344' title='bbox 267 2566 546 2638; x_wconf 82' lang='grc' dir='ltr'><em>ἐξελέξατο,</em></span> <span class='ocrx_word' id='word_1_345' title='bbox 609 2567 888 2642; x_wconf 73' lang='grc' dir='ltr'><em>ἀνελήφθη.</em></span> <span class='ocrx_word' id='word_1_346' title='bbox 960 2575 1254 2625; x_wconf 71' lang='grc' dir='ltr'><em>ΙΙΡΛΞΙίΙΣ.</em></span> <span class='ocrx_word' id='word_1_347' title='bbox 1307 2577 1407 2624; x_wconf 77' lang='grc' dir='ltr'><em>Καὶ</em></span> <span class='ocrx_word' id='word_1_348' title='bbox 1469 2573 1696 2630; x_wconf 81' lang='grc' dir='ltr'><em>ἔστησαν</em></span> <span class='ocrx_word' id='word_1_349' title='bbox 1748 2569 1865 2639; x_wconf 74' lang='grc' dir='ltr'><em>δύο,</em></span> 
     </span>
    </p>
   </div>
   <div class='ocr_carea' id='block_1_50' title="bbox 2025 2566 3649 2642">
    <p class='ocr_par' dir='ltr' id='par_1_50' title="bbox 2025 2571 3649 2636">
     <span class='ocr_line' id='line_1_50' title="bbox 2025 2571 3649 2636; baseline 0.002 -12"><span class='ocrx_word' id='word_1_350' title='bbox 2025 2577 2128 2636; x_wconf 68' lang='grc' dir='ltr'><em>τηε,</em></span> <span class='ocrx_word' id='word_1_351' title='bbox 2170 2577 2223 2627; x_wconf 88' lang='lat' dir='ltr'><em>et</em></span> <span class='ocrx_word' id='word_1_352' title='bbox 2256 2571 2603 2627; x_wconf 83' lang='lat' dir='ltr'><em>Matthiam.</em></span> <span class='ocrx_word' id='word_1_353' title='bbox 2648 2572 2725 2626; x_wconf 87' lang='lat' dir='ltr'><em>Et</em></span> <span class='ocrx_word' id='word_1_354' title='bbox 2758 2577 3002 2627; x_wconf 85' lang='lat' dir='ltr'><em>orantes</em></span> <span class='ocrx_word' id='word_1_355' title='bbox 3041 2571 3334 2627; x_wconf 72' lang='lat' dir='ltr'><em>dixerunt</em></span> <span class='ocrx_word' id='word_1_356' title='bbox 3369 2589 3382 2625; x_wconf 87' lang='lat'><strong>:</strong></span> <span class='ocrx_word' id='word_1_357' title='bbox 3419 2571 3503 2625; x_wconf 89' lang='lat' dir='ltr'><em>Tu</em></span> <span class='ocrx_word' id='word_1_358' title='bbox 3535 2571 3649 2627; x_wconf 93' lang='lat' dir='ltr'><em>Do-</em></span> 
     </span>
    </p>
   </div>
   <div class='ocr_carea' id='block_1_51' title="bbox 268 2655 1892 2734">
    <p class='ocr_par' dir='ltr' id='par_1_51' title="bbox 268 2655 1869 2734">
     <span class='ocr_line' id='line_1_51' title="bbox 268 2655 1869 2734; baseline 0.002 -24"><span class='ocrx_word' id='word_1_359' title='bbox 268 2655 463 2730; x_wconf 72' lang='grc' dir='ltr'><em>Ἰωσῆφ</em></span> <span class='ocrx_word' id='word_1_360' title='bbox 495 2661 581 2710; x_wconf 87' lang='grc' dir='ltr'><em>τὸν</em></span> <span class='ocrx_word' id='word_1_361' title='bbox 641 2657 953 2731; x_wconf 78' lang='grc' dir='ltr'><em>καλούμενον</em></span> <span class='ocrx_word' id='word_1_362' title='bbox 1006 2659 1301 2734; x_wconf 75' lang='grc' dir='ltr'><em>Βαρσαϐάν,</em></span> <span class='ocrx_word' id='word_1_363' title='bbox 1333 2660 1382 2720; x_wconf 86' lang='grc' dir='ltr'><em>ὃς</em></span> <span class='ocrx_word' id='word_1_364' title='bbox 1435 2658 1686 2719; x_wconf 76' lang='grc' dir='ltr'><em>ἐπεκλήθη</em></span> <span class='ocrx_word' id='word_1_365' title='bbox 1747 2661 1869 2714; x_wconf 78' lang='grc' dir='ltr'><em>Ἰου-</em></span> 
     </span>
    </p>
   </div>
   <div class='ocr_carea' id='block_1_52' title="bbox 2022 2655 3646 2734">
    <p class='ocr_par' dir='ltr' id='par_1_52' title="bbox 2022 2660 3646 2732">
     <span class='ocr_line' id='line_1_52' title="bbox 2022 2660 3646 2732; baseline 0 -16"><span class='ocrx_word' id='word_1_366' title='bbox 2022 2661 2159 2728; x_wconf 75' lang='lat' dir='ltr'><em>iine,</em></span> <span class='ocrx_word' id='word_1_367' title='bbox 2206 2660 2314 2731; x_wconf 88' lang='lat' dir='ltr'><em>qui</em></span> <span class='ocrx_word' id='word_1_368' title='bbox 2360 2660 2548 2716; x_wconf 86' lang='lat' dir='ltr'><em>corda</em></span> <span class='ocrx_word' id='word_1_369' title='bbox 2593 2661 2753 2716; x_wconf 90' lang='lat' dir='ltr'><em>nosti</em></span> <span class='ocrx_word' id='word_1_370' title='bbox 2802 2662 3092 2727; x_wconf 87' lang='lat' dir='ltr'><em>omnium,</em></span> <span class='ocrx_word' id='word_1_371' title='bbox 3150 2660 3412 2729; x_wconf 83' lang='lat' dir='ltr'><em>ostende,</em></span> <span class='ocrx_word' id='word_1_372' title='bbox 3474 2676 3646 2732; x_wconf 86' lang='lat' dir='ltr'><em>quem</em></span> 
     </span>
    </p>
   </div>
   <div class='ocr_carea' id='block_1_53' title="bbox 268 2748 1892 2823">
    <p class='ocr_par' dir='ltr' id='par_1_53' title="bbox 268 2748 1862 2823">
     <span class='ocr_line' id='line_1_53' title="bbox 268 2748 1862 2823; baseline 0 -22"><span class='ocrx_word' id='word_1_373' title='bbox 268 2765 411 2819; x_wconf 79' lang='grc' dir='ltr'><em>στος,</em></span> <span class='ocrx_word' id='word_1_374' title='bbox 467 2752 556 2800; x_wconf 85' lang='grc' dir='ltr'><em>καὶ</em></span> <span class='ocrx_word' id='word_1_375' title='bbox 604 2750 865 2801; x_wconf 75' lang='grc' dir='ltr'><em>Ματθίαν.</em></span> <span class='ocrx_word' id='word_1_376' title='bbox 920 2753 1020 2801; x_wconf 82' lang='grc' dir='ltr'><em>Καὶ</em></span> <span class='ocrx_word' id='word_1_377' title='bbox 1069 2749 1492 2823; x_wconf 74' lang='grc' dir='ltr'><em>προσευξάμενοι</em></span> <span class='ocrx_word' id='word_1_378' title='bbox 1559 2748 1718 2804; x_wconf 87' lang='grc' dir='ltr'><em>εἶπον·</em></span> <span class='ocrx_word' id='word_1_379' title='bbox 1776 2754 1862 2819; x_wconf 78' lang='grc' dir='ltr'><em>Σὺ,</em></span> 
     </span>
    </p>
   </div>
   <div class='ocr_carea' id='block_1_54' title="bbox 2018 2748 3642 2823">
    <p class='ocr_par' dir='ltr' id='par_1_54' title="bbox 2018 2748 3642 2820">
     <span class='ocr_line' id='line_1_54' title="bbox 2018 2748 3642 2820; baseline 0.001 -16"><span class='ocrx_word' id='word_1_380' title='bbox 2018 2749 2224 2818; x_wconf 86' lang='lat' dir='ltr'><em>legeris</em></span> <span class='ocrx_word' id='word_1_381' title='bbox 2253 2749 2429 2820; x_wconf 80' lang='lat'><em>292</em></span> <span class='ocrx_word' id='word_1_382' title='bbox 2460 2764 2534 2805; x_wconf 74' lang='lat' dir='ltr'><em>ea:</em></span> <span class='ocrx_word' id='word_1_383' title='bbox 2556 2748 2648 2804; x_wconf 86' lang='lat' dir='ltr'><em>his</em></span> <span class='ocrx_word' id='word_1_384' title='bbox 2669 2748 2897 2804; x_wconf 92' lang='lat' dir='ltr'><em>duobus</em></span> <span class='ocrx_word' id='word_1_385' title='bbox 2915 2765 3124 2819; x_wconf 90' lang='lat' dir='ltr'><em>unum,</em></span> <span class='ocrx_word' id='word_1_386' title='bbox 3151 2749 3423 2817; x_wconf 87' lang='lat' dir='ltr'><em>accipere</em></span> <span class='ocrx_word' id='word_1_387' title='bbox 3449 2749 3642 2805; x_wconf 90' lang='lat' dir='ltr'><em>locum</em></span> 
     </span>
    </p>
   </div>
   <div class='ocr_carea' id='block_1_55' title="bbox 271 2834 1895 2912">
    <p class='ocr_par' dir='ltr' id='par_1_55' title="bbox 271 2834 1866 2912">
     <span class='ocr_line' id='line_1_55' title="bbox 271 2834 1866 2912; baseline 0 -22"><span class='ocrx_word' id='word_1_388' title='bbox 271 2839 450 2912; x_wconf 79' lang='grc' dir='ltr'><em>Κύριε,</em></span> <span class='ocrx_word' id='word_1_389' title='bbox 498 2834 903 2911; x_wconf 76' lang='grc' dir='ltr'><em>καρδιογνῶστα</em></span> <span class='ocrx_word' id='word_1_390' title='bbox 947 2839 1171 2905; x_wconf 87' lang='grc' dir='ltr'><em>πάντων,</em></span> <span class='ocrx_word' id='word_1_391' title='bbox 1210 2836 1500 2910; x_wconf 84' lang='grc' dir='ltr'><em>ἀνάδειξον,</em></span> <span class='ocrx_word' id='word_1_392' title='bbox 1561 2840 1614 2892; x_wconf 80' lang='grc' dir='ltr'><em>ὃν</em></span> <span class='ocrx_word' id='word_1_393' title='bbox 1663 2839 1866 2904; x_wconf 76' lang='grc' dir='ltr'><em>ἐξελέξω</em></span> 
     </span>
    </p>
   </div>
   <div class='ocr_carea' id='block_1_56' title="bbox 2022 2834 3646 2912">
    <p class='ocr_par' dir='ltr' id='par_1_56' title="bbox 2022 2837 3646 2908">
     <span class='ocr_line' id='line_1_56' title="bbox 2022 2837 3646 2908; baseline -0.001 -14"><span class='ocrx_word' id='word_1_394' title='bbox 2022 2838 2306 2894; x_wconf 75' lang='grc' dir='ltr'><em>ιίηίειενίί</em></span> <span class='ocrx_word' id='word_1_395' title='bbox 2335 2837 2541 2907; x_wconf 81' lang='lat' dir='ltr'><em>hujus,</em></span> <span class='ocrx_word' id='word_1_396' title='bbox 2573 2843 2630 2894; x_wconf 92' lang='lat' dir='ltr'><em>et</em></span> <span class='ocrx_word' id='word_1_397' title='bbox 2656 2839 3054 2908; x_wconf 77' lang='lat' dir='ltr'><em>apostolatus,</em></span> <span class='ocrx_word' id='word_1_398' title='bbox 3087 2839 3160 2893; x_wconf 87' lang='lat' dir='ltr'><em>de</em></span> <span class='ocrx_word' id='word_1_399' title='bbox 3189 2853 3308 2908; x_wconf 88' lang='lat' dir='ltr'><em>qua</em></span> <span class='ocrx_word' id='word_1_400' title='bbox 3351 2839 3646 2907; x_wconf 66' lang='lat' dir='ltr'><em>praevari-</em></span> 
     </span>
    </p>
   </div>
   <div class='ocr_carea' id='block_1_57' title="bbox 268 2923 1892 3003">
    <p class='ocr_par' dir='ltr' id='par_1_57' title="bbox 268 2923 1864 3003">
     <span class='ocr_line' id='line_1_57' title="bbox 268 2923 1864 3003; baseline 0.004 -27"><span class='ocrx_word' id='word_1_401' title='bbox 268 2924 322 2976; x_wconf 70' lang='grc' dir='ltr'><em>ἔκ</em></span> <span class='ocrx_word' id='word_1_402' title='bbox 352 2928 547 2978; x_wconf 74' lang='grc' dir='ltr'><em>τούτων</em></span> <span class='ocrx_word' id='word_1_403' title='bbox 569 2935 668 2978; x_wconf 85' lang='grc' dir='ltr'><em>τῶν</em></span> <span class='ocrx_word' id='word_1_404' title='bbox 717 2923 815 2979; x_wconf 81' lang='grc' dir='ltr'><em>δύο</em></span> <span class='ocrx_word' id='word_1_405' title='bbox 847 2928 951 2994; x_wconf 80' lang='grc' dir='ltr'><em>ἕνα,</em></span> <span class='ocrx_word' id='word_1_406' title='bbox 979 2927 1150 2980; x_wconf 80' lang='grc' dir='ltr'><em>λαϐεῖν</em></span> <span class='ocrx_word' id='word_1_407' title='bbox 1197 2932 1284 2980; x_wconf 82' lang='grc' dir='ltr'><em>τόν</em></span> <span class='ocrx_word' id='word_1_408' title='bbox 1313 2929 1502 3003; x_wconf 85' lang='grc' dir='ltr'><em>κλῆρον</em></span> <span class='ocrx_word' id='word_1_409' title='bbox 1533 2937 1629 2991; x_wconf 83' lang='grc' dir='ltr'><em>τῆς</em></span> <span class='ocrx_word' id='word_1_410' title='bbox 1675 2926 1708 2982; x_wconf 84' lang='grc' dir='ltr'><em>δ</em></span> <span class='ocrx_word' id='word_1_411' title='bbox 1715 2950 1864 2982; x_wconf 88' lang='grc' dir='ltr'><em>ιακο-</em></span> 
     </span>
    </p>
   </div>
   <div class='ocr_carea' id='block_1_58' title="bbox 2021 2923 3645 3003">
    <p class='ocr_par' dir='ltr' id='par_1_58' title="bbox 2021 2927 3645 2993">
     <span class='ocr_line' id='line_1_58' title="bbox 2021 2927 3645 2993; baseline 0 -9"><span class='ocrx_word' id='word_1_412' title='bbox 2021 2933 2149 2984; x_wconf 79' lang='lat' dir='ltr'><em>atus</em></span> <span class='ocrx_word' id='word_1_413' title='bbox 2170 2932 2254 2984; x_wconf 90' lang='lat' dir='ltr'><em>est</em></span> <span class='ocrx_word' id='word_1_414' title='bbox 2279 2927 2493 2993; x_wconf 86' lang='lat' dir='ltr'><em>Judas,</em></span> <span class='ocrx_word' id='word_1_415' title='bbox 2517 2933 2584 2983; x_wconf 93' lang='lat' dir='ltr'><em>ut</em></span> <span class='ocrx_word' id='word_1_416' title='bbox 2609 2927 2802 2984; x_wconf 84' lang='lat' dir='ltr'><em>abiret</em></span> <span class='ocrx_word' id='word_1_417' title='bbox 2829 2927 2892 2983; x_wconf 90' lang='lat' dir='ltr'><em>in</em></span> <span class='ocrx_word' id='word_1_418' title='bbox 2918 2928 3113 2984; x_wconf 90' lang='lat' dir='ltr'><em>locum</em></span> <span class='ocrx_word' id='word_1_419' title='bbox 3139 2943 3334 2982; x_wconf 87' lang='lat' dir='ltr'><em>suum.</em></span> <span class='ocrx_word' id='word_1_420' title='bbox 3362 2927 3439 2982; x_wconf 84' lang='lat' dir='ltr'><em>Et</em></span> <span class='ocrx_word' id='word_1_421' title='bbox 3471 2928 3645 2984; x_wconf 87' lang='lat' dir='ltr'><em>dede-</em></span> 
     </span>
    </p>
   </div>
   <div class='ocr_carea' id='block_1_59' title="bbox 268 3016 1892 3094">
    <p class='ocr_par' dir='ltr' id='par_1_59' title="bbox 268 3016 1865 3094">
     <span class='ocr_line' id='line_1_59' title="bbox 268 3016 1865 3094; baseline 0.004 -28"><span class='ocrx_word' id='word_1_422' title='bbox 268 3019 382 3077; x_wconf 88' lang='grc' dir='ltr'><em>νίας</em></span> <span class='ocrx_word' id='word_1_423' title='bbox 427 3018 616 3077; x_wconf 74' lang='grc' dir='ltr'><em>ταύτης</em></span> <span class='ocrx_word' id='word_1_424' title='bbox 665 3021 754 3070; x_wconf 85' lang='grc' dir='ltr'><em>καὶ</em></span> <span class='ocrx_word' id='word_1_425' title='bbox 802 3017 1118 3085; x_wconf 79' lang='grc' dir='ltr'><em>ἀποστολῆς,</em></span> <span class='ocrx_word' id='word_1_426' title='bbox 1169 3016 1255 3091; x_wconf 78' lang='grc' dir='ltr'><em>ἀφ’</em></span> <span class='ocrx_word' id='word_1_427' title='bbox 1303 3020 1365 3081; x_wconf 76' lang='grc' dir='ltr'><em>ἧς</em></span> <span class='ocrx_word' id='word_1_428' title='bbox 1412 3018 1610 3094; x_wconf 67' lang='grc' dir='ltr'><em>παρέϐη</em></span> <span class='ocrx_word' id='word_1_429' title='bbox 1663 3017 1865 3082; x_wconf 77' lang='grc' dir='ltr'><em>Ἰούδας</em></span> 
     </span>
    </p>
   </div>
   <div class='ocr_carea' id='block_1_60' title="bbox 2021 3016 3645 3094">
    <p class='ocr_par' dir='ltr' id='par_1_60' title="bbox 2021 3016 3645 3089">
     <span class='ocr_line' id='line_1_60' title="bbox 2021 3016 3645 3089; baseline 0.001 -17"><span class='ocrx_word' id='word_1_430' title='bbox 2021 3023 2124 3073; x_wconf 88' lang='lat' dir='ltr'><em>unt</em></span> <span class='ocrx_word' id='word_1_431' title='bbox 2154 3023 2345 3072; x_wconf 91' lang='lat' dir='ltr'><em>sortes</em></span> <span class='ocrx_word' id='word_1_432' title='bbox 2376 3018 2475 3089; x_wconf 88' lang='lat' dir='ltr'><em>eis,</em></span> <span class='ocrx_word' id='word_1_433' title='bbox 2501 3023 2554 3074; x_wconf 90' lang='lat' dir='ltr'><em>et</em></span> <span class='ocrx_word' id='word_1_434' title='bbox 2579 3017 2791 3074; x_wconf 89' lang='lat' dir='ltr'><em>cecidit</em></span> <span class='ocrx_word' id='word_1_435' title='bbox 2822 3033 2952 3072; x_wconf 88' lang='lat' dir='ltr'><em>sors</em></span> <span class='ocrx_word' id='word_1_436' title='bbox 3001 3033 3183 3087; x_wconf 80' lang='lat' dir='ltr'><em>super</em></span> <span class='ocrx_word' id='word_1_437' title='bbox 3216 3016 3566 3084; x_wconf 84' lang='lat' dir='ltr'><em>Matthiam,</em></span> <span class='ocrx_word' id='word_1_438' title='bbox 3589 3023 3645 3074; x_wconf 92' lang='lat' dir='ltr'><em>et</em></span> 
     </span>
    </p>
   </div>
   <div class='ocr_carea' id='block_1_61' title="bbox 266 3105 1890 3178">
    <p class='ocr_par' dir='ltr' id='par_1_61' title="bbox 266 3105 1864 3178">
     <span class='ocr_line' id='line_1_61' title="bbox 266 3105 1864 3178; baseline 0.005 -23"><span class='ocrx_word' id='word_1_439' title='bbox 266 3107 584 3178; x_wconf 84' lang='grc' dir='ltr'><em>πορευθῆναι</em></span> <span class='ocrx_word' id='word_1_440' title='bbox 637 3105 707 3169; x_wconf 86' lang='grc' dir='ltr'><em>εἰς</em></span> <span class='ocrx_word' id='word_1_441' title='bbox 770 3110 857 3159; x_wconf 83' lang='grc' dir='ltr'><em>τόν</em></span> <span class='ocrx_word' id='word_1_442' title='bbox 905 3109 1061 3161; x_wconf 83' lang='grc' dir='ltr'><em>τόπον</em></span> <span class='ocrx_word' id='word_1_443' title='bbox 1116 3111 1203 3160; x_wconf 84' lang='grc' dir='ltr'><em>τόν</em></span> <span class='ocrx_word' id='word_1_444' title='bbox 1277 3105 1433 3161; x_wconf 82' lang='grc' dir='ltr'><em>ἴδιον.</em></span> <span class='ocrx_word' id='word_1_445' title='bbox 1499 3115 1598 3162; x_wconf 82' lang='grc' dir='ltr'><em>Καὶ</em></span> <span class='ocrx_word' id='word_1_446' title='bbox 1665 3107 1864 3163; x_wconf 83' lang='grc' dir='ltr'><em>ἔδωκαν</em></span> 
     </span>
    </p>
   </div>
   <div class='ocr_carea' id='block_1_62' title="bbox 2017 3105 3641 3178">
    <p class='ocr_par' dir='ltr' id='par_1_62' title="bbox 2020 3107 3641 3176">
     <span class='ocr_line' id='line_1_62' title="bbox 2020 3107 3641 3176; baseline -0.002 -13"><span class='ocrx_word' id='word_1_447' title='bbox 2020 3113 2423 3163; x_wconf 87' lang='lat' dir='ltr'><em>nnumeratus</em></span> <span class='ocrx_word' id='word_1_448' title='bbox 2477 3110 2560 3163; x_wconf 90' lang='lat' dir='ltr'><em>est</em></span> <span class='ocrx_word' id='word_1_449' title='bbox 2600 3123 2734 3163; x_wconf 90' lang='lat' dir='ltr'><em>cum</em></span> <span class='ocrx_word' id='word_1_450' title='bbox 2805 3107 3082 3163; x_wconf 86' lang='lat' dir='ltr'><em>undecim</em></span> <span class='ocrx_word' id='word_1_451' title='bbox 3133 3107 3422 3176; x_wconf 83' lang='lat' dir='ltr'><em>apostolis</em></span> <span class='ocrx_word' id='word_1_452' title='bbox 3468 3107 3641 3164; x_wconf 83' lang='lat' dir='ltr'><em>(ibid.</em></span> 
     </span>
    </p>
   </div>
   <div class='ocr_carea' id='block_1_63' title="bbox 264 3193 1888 3272">
    <p class='ocr_par' dir='ltr' id='par_1_63' title="bbox 264 3193 1861 3272">
     <span class='ocr_line' id='line_1_63' title="bbox 264 3193 1861 3272; baseline 0.003 -27"><span class='ocrx_word' id='word_1_453' title='bbox 264 3193 478 3269; x_wconf 78' lang='grc' dir='ltr'><em>κλήρους</em></span> <span class='ocrx_word' id='word_1_454' title='bbox 540 3195 729 3263; x_wconf 67' lang='grc' dir='ltr'><em>αὐτῶν,</em></span> <span class='ocrx_word' id='word_1_455' title='bbox 789 3202 880 3250; x_wconf 84' lang='grc' dir='ltr'><em>καὶ</em></span> <span class='ocrx_word' id='word_1_456' title='bbox 943 3199 1118 3251; x_wconf 82' lang='grc' dir='ltr'><em>ἔπεσεν</em></span> <span class='ocrx_word' id='word_1_457' title='bbox 1173 3197 1199 3250; x_wconf 84' lang='grc' dir='ltr'>ὀ</span> <span class='ocrx_word' id='word_1_458' title='bbox 1264 3197 1450 3272; x_wconf 82' lang='grc' dir='ltr'><em>κλῆρος</em></span> <span class='ocrx_word' id='word_1_459' title='bbox 1490 3197 1573 3251; x_wconf 72' lang='grc' dir='ltr'><em>ἐπὶ</em></span> <span class='ocrx_word' id='word_1_460' title='bbox 1603 3202 1861 3268; x_wconf 77' lang='grc' dir='ltr'><em>Ματθίαν,</em></span> 
     </span>
    </p>
   </div>
   <div class='ocr_carea' id='block_1_64' title="bbox 2019 3193 3643 3272">
    <p class='ocr_par' dir='ltr' id='par_1_64' title="bbox 2019 3196 3643 3268">
     <span class='ocr_line' id='line_1_64' title="bbox 2019 3196 3643 3268; baseline 0 -16"><span class='ocrx_word' id='word_1_461' title='bbox 2019 3201 2234 3262; x_wconf 82' lang='lat'><em>3-26)...</em></span> <span class='ocrx_word' id='word_1_462' title='bbox 2282 3197 2353 3253; x_wconf 91' lang='lat' dir='ltr'><em>Si</em></span> <span class='ocrx_word' id='word_1_463' title='bbox 2397 3198 2531 3268; x_wconf 87' lang='lat' dir='ltr'><em>quis</em></span> <span class='ocrx_word' id='word_1_464' title='bbox 2588 3197 2998 3266; x_wconf 87' lang='lat' dir='ltr'><em>episcopatum</em></span> <span class='ocrx_word' id='word_1_465' title='bbox 3062 3196 3386 3267; x_wconf 88' lang='lat' dir='ltr'><em>desiderat,</em></span> <span class='ocrx_word' id='word_1_466' title='bbox 3425 3198 3643 3252; x_wconf 91' lang='lat' dir='ltr'><em>bonum</em></span> 
     </span>
    </p>
   </div>
   <div class='ocr_carea' id='block_1_65' title="bbox 261 3284 1885 3359">
    <p class='ocr_par' dir='ltr' id='par_1_65' title="bbox 261 3284 1862 3359">
     <span class='ocr_line' id='line_1_65' title="bbox 261 3284 1862 3359; baseline 0.005 -24"><span class='ocrx_word' id='word_1_467' title='bbox 261 3288 350 3335; x_wconf 80' lang='grc' dir='ltr'><em>καὶ</em></span> <span class='ocrx_word' id='word_1_468' title='bbox 379 3284 855 3358; x_wconf 71' lang='grc' dir='ltr'><em>συγκατεψηερίσοη</em></span> <span class='ocrx_word' id='word_1_469' title='bbox 889 3289 1020 3359; x_wconf 88' lang='grc' dir='ltr'><em>μετά</em></span> <span class='ocrx_word' id='word_1_470' title='bbox 1045 3296 1146 3340; x_wconf 87' lang='grc' dir='ltr'><em>τῶν</em></span> <span class='ocrx_word' id='word_1_471' title='bbox 1189 3284 1373 3341; x_wconf 80' lang='grc' dir='ltr'><em>ἕνδεκα</em></span> <span class='ocrx_word' id='word_1_472' title='bbox 1403 3290 1508 3358; x_wconf 81' lang='lat'><em>(28)</em></span> <span class='ocrx_word' id='word_1_473' title='bbox 1543 3287 1862 3344; x_wconf 79' lang='grc' dir='ltr'><em>ἀποστόλων.</em></span> 
     </span>
    </p>
   </div>
   <div class='ocr_carea' id='block_1_66' title="bbox 2018 3284 3642 3359">
    <p class='ocr_par' dir='ltr' id='par_1_66' title="bbox 2018 3287 3642 3357">
     <span class='ocr_line' id='line_1_66' title="bbox 2018 3287 3642 3357; baseline 0.001 -17"><span class='ocrx_word' id='word_1_474' title='bbox 2018 3303 2125 3353; x_wconf 74' lang='lat' dir='ltr'><em>pus</em></span> <span class='ocrx_word' id='word_1_475' title='bbox 2168 3287 2492 3342; x_wconf 87' lang='lat' dir='ltr'><em>desiderat.</em></span> <span class='ocrx_word' id='word_1_476' title='bbox 2549 3288 2793 3356; x_wconf 87' lang='lat' dir='ltr'><em>Oportet</em></span> <span class='ocrx_word' id='word_1_477' title='bbox 2823 3301 2964 3356; x_wconf 88' lang='lat' dir='ltr'><em>ergo</em></span> <span class='ocrx_word' id='word_1_478' title='bbox 3005 3288 3342 3356; x_wconf 89' lang='lat' dir='ltr'><em>episcopum</em></span> <span class='ocrx_word' id='word_1_479' title='bbox 3387 3287 3642 3357; x_wconf 86' lang='lat' dir='ltr'><em>irrepre-</em></span> 
     </span>
    </p>
   </div>
   <div class='ocr_carea' id='block_1_67' title="bbox 263 3373 1887 3453">
    <p class='ocr_par' dir='ltr' id='par_1_67' title="bbox 263 3373 1864 3453">
     <span class='ocr_line' id='line_1_67' title="bbox 263 3373 1864 3453; baseline 0.002 -28"><span class='ocrx_word' id='word_1_480' title='bbox 263 3380 429 3426; x_wconf 85' lang='grc' dir='ltr'><em>ΠΡΟΣ</em></span> <span class='ocrx_word' id='word_1_481' title='bbox 489 3380 631 3430; x_wconf 87' lang='grc' dir='ltr'><em>ΤΙΜ.</em></span> <span class='ocrx_word' id='word_1_482' title='bbox 683 3373 748 3427; x_wconf 86' lang='grc' dir='ltr'><em>α’.</em></span> <span class='ocrx_word' id='word_1_483' title='bbox 819 3379 879 3429; x_wconf 81' lang='grc' dir='ltr'><em>Εἰ</em></span> <span class='ocrx_word' id='word_1_484' title='bbox 907 3396 986 3439; x_wconf 90' lang='grc' dir='ltr'><em>τις</em></span> <span class='ocrx_word' id='word_1_485' title='bbox 1047 3377 1340 3439; x_wconf 74' lang='grc' dir='ltr'><em>ἐπισκοπῆς</em></span> <span class='ocrx_word' id='word_1_486' title='bbox 1395 3377 1649 3453; x_wconf 74' lang='grc' dir='ltr'><em>ὀρέγεται.</em></span> <span class='ocrx_word' id='word_1_487' title='bbox 1705 3379 1864 3430; x_wconf 68' lang='grc' dir='ltr'><em>καλοῦ</em></span> 
     </span>
    </p>
   </div>
   <div class='ocr_carea' id='block_1_68' title="bbox 2020 3373 3644 3453">
    <p class='ocr_par' dir='ltr' id='par_1_68' title="bbox 2021 3375 3644 3444">
     <span class='ocr_line' id='line_1_68' title="bbox 2021 3375 3644 3444; baseline -0.001 -12"><span class='ocrx_word' id='word_1_488' title='bbox 2021 3375 2327 3433; x_wconf 84' lang='lat' dir='ltr'><em>ensibilem</em></span> <span class='ocrx_word' id='word_1_489' title='bbox 2355 3392 2495 3443; x_wconf 90' lang='lat' dir='ltr'><em>esse,</em></span> <span class='ocrx_word' id='word_1_490' title='bbox 2521 3378 2699 3432; x_wconf 91' lang='lat' dir='ltr'><em>unius</em></span> <span class='ocrx_word' id='word_1_491' title='bbox 2724 3378 2932 3433; x_wconf 75' lang='lat' dir='ltr'><em>uxoris</em></span> <span class='ocrx_word' id='word_1_492' title='bbox 2955 3379 3170 3442; x_wconf 89' lang='lat' dir='ltr'><em>virum,</em></span> <span class='ocrx_word' id='word_1_493' title='bbox 3188 3377 3475 3444; x_wconf 86' lang='lat' dir='ltr'><em>sobrium,</em></span> <span class='ocrx_word' id='word_1_494' title='bbox 3500 3391 3644 3444; x_wconf 86' lang='lat' dir='ltr'><em>pru-</em></span> 
     </span>
    </p>
   </div>
   <div class='ocr_carea' id='block_1_69' title="bbox 259 3462 1883 3538">
    <p class='ocr_par' dir='ltr' id='par_1_69' title="bbox 259 3462 1864 3538">
     <span class='ocr_line' id='line_1_69' title="bbox 259 3462 1864 3538; baseline 0.002 -24"><span class='ocrx_word' id='word_1_495' title='bbox 259 3464 411 3538; x_wconf 79' lang='grc' dir='ltr'><em>ἒργου</em></span> <span class='ocrx_word' id='word_1_496' title='bbox 466 3463 726 3538; x_wconf 80' lang='grc' dir='ltr'><em>ἐπιθυμεῖ.</em></span> <span class='ocrx_word' id='word_1_497' title='bbox 779 3472 864 3518; x_wconf 83' lang='grc' dir='ltr'><em>Δεῖ</em></span> <span class='ocrx_word' id='word_1_498' title='bbox 913 3462 1000 3517; x_wconf 72' lang='grc' dir='ltr'><em>οὖν</em></span> <span class='ocrx_word' id='word_1_499' title='bbox 1060 3470 1146 3518; x_wconf 83' lang='grc' dir='ltr'><em>τὸν</em></span> <span class='ocrx_word' id='word_1_500' title='bbox 1196 3465 1479 3520; x_wconf 77' lang='grc' dir='ltr'><em>ἐπίσκοπον</em></span> <span class='ocrx_word' id='word_1_501' title='bbox 1522 3466 1864 3526; x_wconf 85' lang='grc' dir='ltr'><em>ἀνεπίληπτον</em></span> 
     </span>
    </p>
   </div>
   <div class='ocr_carea' id='block_1_70' title="bbox 2014 3462 3638 3538">
    <p class='ocr_par' dir='ltr' id='par_1_70' title="bbox 2014 3467 3638 3536">
     <span class='ocr_line' id='line_1_70' title="bbox 2014 3467 3638 3536; baseline 0 -14"><span class='ocrx_word' id='word_1_502' title='bbox 2014 3469 2232 3536; x_wconf 78' lang='grc' dir='ltr'><em>ιήιεηι,</em></span> <span class='ocrx_word' id='word_1_503' title='bbox 2255 3473 2539 3523; x_wconf 89' lang='lat' dir='ltr'><em>ornatum</em></span> <span class='ocrx_word' id='word_1_504' title='bbox 2568 3467 2946 3536; x_wconf 84' lang='lat' dir='ltr'><em>hospitalem,</em></span> <span class='ocrx_word' id='word_1_505' title='bbox 2962 3473 3166 3536; x_wconf 86' lang='lat' dir='ltr'><em>aptum</em></span> <span class='ocrx_word' id='word_1_506' title='bbox 3187 3467 3269 3522; x_wconf 88' lang='lat' dir='ltr'><em>ad</em></span> <span class='ocrx_word' id='word_1_507' title='bbox 3287 3467 3638 3533; x_wconf 85' lang='lat' dir='ltr'><em>docendum,</em></span> 
     </span>
    </p>
   </div>
   <div class='ocr_carea' id='block_1_71' title="bbox 258 3551 1882 3632">
    <p class='ocr_par' dir='ltr' id='par_1_71' title="bbox 258 3551 1859 3632">
     <span class='ocr_line' id='line_1_71' title="bbox 258 3551 1859 3632; baseline 0.002 -26"><span class='ocrx_word' id='word_1_508' title='bbox 258 3551 406 3621; x_wconf 79' lang='grc' dir='ltr'><em>εἶναι,</em></span> <span class='ocrx_word' id='word_1_509' title='bbox 467 3561 588 3627; x_wconf 81' lang='grc' dir='ltr'><em>μιᾶς</em></span> <span class='ocrx_word' id='word_1_510' title='bbox 662 3559 910 3626; x_wconf 84' lang='grc' dir='ltr'><em>γυναικός</em></span> <span class='ocrx_word' id='word_1_511' title='bbox 982 3552 1172 3630; x_wconf 81' lang='grc' dir='ltr'><em>ἄνδρα,</em></span> <span class='ocrx_word' id='word_1_512' title='bbox 1256 3556 1519 3628; x_wconf 73' lang='grc' dir='ltr'><em>νηφάλιον,</em></span> <span class='ocrx_word' id='word_1_513' title='bbox 1602 3562 1859 3632; x_wconf 71' lang='grc' dir='ltr'><em>σώφρονα,</em></span> 
     </span>
    </p>
   </div>
   <div class='ocr_carea' id='block_1_72' title="bbox 2019 3551 3643 3632">
    <p class='ocr_par' dir='ltr' id='par_1_72' title="bbox 2019 3556 3643 3626">
     <span class='ocr_line' id='line_1_72' title="bbox 2019 3556 3643 3626; baseline -0.001 -14"><span class='ocrx_word' id='word_1_514' title='bbox 2019 3572 2096 3612; x_wconf 89' lang='grc' dir='ltr'><em>οη</em></span> <span class='ocrx_word' id='word_1_515' title='bbox 2113 3557 2512 3625; x_wconf 88' lang='lat' dir='ltr'><em>vinolentum,</em></span> <span class='ocrx_word' id='word_1_516' title='bbox 2525 3572 2646 3612; x_wconf 91' lang='lat' dir='ltr'><em>non</em></span> <span class='ocrx_word' id='word_1_517' title='bbox 2666 3571 3100 3626; x_wconf 88' lang='lat' dir='ltr'><em>percussorem,</em></span> <span class='ocrx_word' id='word_1_518' title='bbox 3117 3572 3239 3612; x_wconf 92' lang='lat' dir='ltr'><em>non</em></span> <span class='ocrx_word' id='word_1_519' title='bbox 3262 3557 3458 3625; x_wconf 87' lang='lat' dir='ltr'><em>turpis</em></span> <span class='ocrx_word' id='word_1_520' title='bbox 3483 3556 3643 3611; x_wconf 88' lang='lat' dir='ltr'><em>lucri</em></span> 
     </span>
    </p>
   </div>
   <div class='ocr_carea' id='block_1_73' title="bbox 255 3641 1879 3721">
    <p class='ocr_par' dir='ltr' id='par_1_73' title="bbox 255 3641 1858 3721">
     <span class='ocr_line' id='line_1_73' title="bbox 255 3641 1858 3721; baseline 0.001 -27"><span class='ocrx_word' id='word_1_521' title='bbox 255 3647 496 3716; x_wconf 84' lang='grc' dir='ltr'><em>κόσμιον,</em></span> <span class='ocrx_word' id='word_1_522' title='bbox 566 3643 852 3716; x_wconf 69' lang='grc' dir='ltr'><em>φιλόξενον,</em></span> <span class='ocrx_word' id='word_1_523' title='bbox 926 3641 1238 3697; x_wconf 70' lang='grc' dir='ltr'><em>διδακτικόν</em></span> <span class='ocrx_word' id='word_1_524' title='bbox 1317 3650 1388 3718; x_wconf 75' lang='grc' dir='ltr'><em>μὴ</em></span> <span class='ocrx_word' id='word_1_525' title='bbox 1459 3648 1723 3721; x_wconf 86' lang='grc' dir='ltr'><em>πάροινον,</em></span> <span class='ocrx_word' id='word_1_526' title='bbox 1787 3651 1858 3719; x_wconf 80' lang='grc' dir='ltr'><em>μὴ</em></span> 
     </span>
    </p>
   </div>
   <div class='ocr_carea' id='block_1_74' title="bbox 2011 3641 3635 3721">
    <p class='ocr_par' dir='ltr' id='par_1_74' title="bbox 2011 3645 3635 3717">
     <span class='ocr_line' id='line_1_74' title="bbox 2011 3645 3635 3717; baseline 0.001 -17"><span class='ocrx_word' id='word_1_527' title='bbox 2011 3645 2288 3715; x_wconf 87' lang='lat' dir='ltr'><em>upidum:</em></span> <span class='ocrx_word' id='word_1_528' title='bbox 2313 3647 2418 3701; x_wconf 86' lang='lat' dir='ltr'><em>sed</em></span> <span class='ocrx_word' id='word_1_529' title='bbox 2438 3661 2695 3717; x_wconf 70' lang='lat' dir='ltr'><em>aequum,</em></span> <span class='ocrx_word' id='word_1_530' title='bbox 2713 3660 2834 3700; x_wconf 89' lang='lat' dir='ltr'><em>non</em></span> <span class='ocrx_word' id='word_1_531' title='bbox 2853 3646 3202 3715; x_wconf 90' lang='lat' dir='ltr'><em>litigiosum,</em></span> <span class='ocrx_word' id='word_1_532' title='bbox 3218 3661 3340 3701; x_wconf 91' lang='lat' dir='ltr'><em>non</em></span> <span class='ocrx_word' id='word_1_533' title='bbox 3357 3660 3635 3712; x_wconf 89' lang='lat' dir='ltr'><em>avarum,</em></span> 
     </span>
    </p>
   </div>
   <div class='ocr_carea' id='block_1_75' title="bbox 254 3730 1878 3810">
    <p class='ocr_par' dir='ltr' id='par_1_75' title="bbox 254 3730 1857 3810">
     <span class='ocr_line' id='line_1_75' title="bbox 254 3730 1857 3810; baseline 0.002 -26"><span class='ocrx_word' id='word_1_534' title='bbox 254 3731 506 3801; x_wconf 80' lang='grc' dir='ltr'><em>πλήκτην,</em></span> <span class='ocrx_word' id='word_1_535' title='bbox 538 3738 609 3806; x_wconf 83' lang='grc' dir='ltr'><em>μῆ</em></span> <span class='ocrx_word' id='word_1_536' title='bbox 645 3730 1009 3810; x_wconf 65' lang='grc' dir='ltr'><em>αἰσχροκερδῆ</em></span> <span class='ocrx_word' id='word_1_537' title='bbox 1049 3736 1181 3806; x_wconf 77' lang='grc' dir='ltr'><em>(29)ο</em></span> <span class='ocrx_word' id='word_1_538' title='bbox 1218 3733 1323 3786; x_wconf 84' lang='grc' dir='ltr'><em>ἀλλ’</em></span> <span class='ocrx_word' id='word_1_539' title='bbox 1369 3734 1589 3802; x_wconf 76' lang='grc' dir='ltr'><em>ἐπιεικῆ,</em></span> <span class='ocrx_word' id='word_1_540' title='bbox 1623 3738 1857 3809; x_wconf 77' lang='grc' dir='ltr'><em>ἄμαχον,</em></span> 
     </span>
    </p>
   </div>
   <div class='ocr_carea' id='block_1_76' title="bbox 2014 3730 3638 3810">
    <p class='ocr_par' dir='ltr' id='par_1_76' title="bbox 2014 3735 3638 3806">
     <span class='ocr_line' id='line_1_76' title="bbox 2014 3735 3638 3806; baseline -0.001 -16"><span class='ocrx_word' id='word_1_541' title='bbox 2014 3752 2070 3790; x_wconf 85' lang='grc' dir='ltr'><em>ιιι</em></span> <span class='ocrx_word' id='word_1_542' title='bbox 2085 3751 2210 3793; x_wconf 64' lang='lat' dir='ltr'><em>sua!</em></span> <span class='ocrx_word' id='word_1_543' title='bbox 2233 3737 2440 3792; x_wconf 89' lang='lat' dir='ltr'><em>domui</em></span> <span class='ocrx_word' id='word_1_544' title='bbox 2462 3736 2605 3792; x_wconf 86' lang='lat' dir='ltr'><em>bene</em></span> <span class='ocrx_word' id='word_1_545' title='bbox 2632 3736 2860 3806; x_wconf 74' lang='lat' dir='ltr'><em>prazsit,</em></span> <span class='ocrx_word' id='word_1_546' title='bbox 2890 3737 3051 3803; x_wconf 80' lang='lat' dir='ltr'><em>ﬁlios</em></span> <span class='ocrx_word' id='word_1_547' title='bbox 3084 3735 3398 3790; x_wconf 86' lang='lat' dir='ltr'><em>habentem</em></span> <span class='ocrx_word' id='word_1_548' title='bbox 3421 3735 3484 3790; x_wconf 88' lang='lat' dir='ltr'><em>in</em></span> <span class='ocrx_word' id='word_1_549' title='bbox 3505 3735 3638 3789; x_wconf 89' lang='lat' dir='ltr'><em>sub-</em></span> 
     </span>
    </p>
   </div>
   <div class='ocr_carea' id='block_1_77' title="bbox 256 3819 1880 3902">
    <p class='ocr_par' dir='ltr' id='par_1_77' title="bbox 256 3819 1855 3902">
     <span class='ocr_line' id='line_1_77' title="bbox 256 3819 1855 3902; baseline 0.003 -31"><span class='ocrx_word' id='word_1_550' title='bbox 256 3819 627 3897; x_wconf 65' lang='grc' dir='ltr'><em>ἀφιλάργυρον,</em></span> <span class='ocrx_word' id='word_1_551' title='bbox 669 3832 760 3876; x_wconf 72' lang='grc' dir='ltr'><em>τοῡ</em></span> <span class='ocrx_word' id='word_1_552' title='bbox 818 3821 956 3877; x_wconf 84' lang='grc' dir='ltr'><em>ἰδίου</em></span> <span class='ocrx_word' id='word_1_553' title='bbox 1007 3828 1154 3877; x_wconf 83' lang='grc' dir='ltr'><em>οἴκου</em></span> <span class='ocrx_word' id='word_1_554' title='bbox 1213 3824 1380 3887; x_wconf 83' lang='grc' dir='ltr'><em>καλῶς</em></span> <span class='ocrx_word' id='word_1_555' title='bbox 1457 3827 1855 3902; x_wconf 81' lang='grc' dir='ltr'><em>προϊστάμενον,</em></span> 
     </span>
    </p>
   </div>
   <div class='ocr_carea' id='block_1_78' title="bbox 2014 3819 3638 3902">
    <p class='ocr_par' dir='ltr' id='par_1_78' title="bbox 2014 3823 3638 3894">
     <span class='ocr_line' id='line_1_78' title="bbox 2014 3823 3638 3894; baseline -0.001 -14"><span class='ocrx_word' id='word_1_556' title='bbox 2014 3827 2226 3881; x_wconf 70' lang='lat' dir='ltr'><em>actione</em></span> <span class='ocrx_word' id='word_1_557' title='bbox 2247 3841 2382 3882; x_wconf 89' lang='lat' dir='ltr'><em>cum</em></span> <span class='ocrx_word' id='word_1_558' title='bbox 2404 3826 2569 3881; x_wconf 89' lang='lat' dir='ltr'><em>omni</em></span> <span class='ocrx_word' id='word_1_559' title='bbox 2606 3826 2941 3881; x_wconf 83' lang='lat' dir='ltr'><em>reverentia</em></span> <span class='ocrx_word' id='word_1_560' title='bbox 2963 3826 3033 3893; x_wconf 88' lang='lat' dir='ltr'><em>(si</em></span> <span class='ocrx_word' id='word_1_561' title='bbox 3053 3826 3187 3894; x_wconf 89' lang='lat' dir='ltr'><em>quis</em></span> <span class='ocrx_word' id='word_1_562' title='bbox 3211 3829 3408 3880; x_wconf 89' lang='lat' dir='ltr'><em>autem</em></span> <span class='ocrx_word' id='word_1_563' title='bbox 3437 3823 3638 3878; x_wconf 89' lang='lat' dir='ltr'><em>domui</em></span> 
     </span>
    </p>
   </div>
   <div class='ocr_carea' id='block_1_79' title="bbox 252 3909 1876 3986">
    <p class='ocr_par' dir='ltr' id='par_1_79' title="bbox 252 3909 1852 3986">
     <span class='ocr_line' id='line_1_79' title="bbox 252 3909 1852 3986; baseline 0.003 -24"><span class='ocrx_word' id='word_1_564' title='bbox 252 3913 404 3962; x_wconf 84' lang='grc' dir='ltr'><em>τέκνα</em></span> <span class='ocrx_word' id='word_1_565' title='bbox 455 3913 648 3982; x_wconf 78' lang='grc' dir='ltr'><em>ἔχοντα</em></span> <span class='ocrx_word' id='word_1_566' title='bbox 697 3909 746 3962; x_wconf 81' lang='grc' dir='ltr'><em>ἐν</em></span> <span class='ocrx_word' id='word_1_567' title='bbox 800 3912 1037 3984; x_wconf 75' lang='grc' dir='ltr'><em>ὑποταγῇ</em></span> <span class='ocrx_word' id='word_1_568' title='bbox 1099 3916 1231 3986; x_wconf 87' lang='grc' dir='ltr'><em>μετά</em></span> <span class='ocrx_word' id='word_1_569' title='bbox 1283 3915 1463 3974; x_wconf 86' lang='grc' dir='ltr'><em>πάσης</em></span> <span class='ocrx_word' id='word_1_570' title='bbox 1519 3918 1852 3986; x_wconf 80' lang='grc' dir='ltr'><em>σεμνότητος·</em></span> 
     </span>
    </p>
   </div>
   <div class='ocr_carea' id='block_1_80' title="bbox 2013 3909 3637 3986">
    <p class='ocr_par' dir='ltr' id='par_1_80' title="bbox 2013 3913 3637 3986">
     <span class='ocr_line' id='line_1_80' title="bbox 2013 3913 3637 3986; baseline -0.002 -16"><span class='ocrx_word' id='word_1_571' title='bbox 2013 3929 2095 3972; x_wconf 64' lang='lat' dir='ltr'><em>nte</em></span> <span class='ocrx_word' id='word_1_572' title='bbox 2109 3931 2360 3986; x_wconf 72' lang='lat' dir='ltr'><em>praeesse</em></span> <span class='ocrx_word' id='word_1_573' title='bbox 2391 3917 2598 3978; x_wconf 86' lang='lat' dir='ltr'><em>nescit,</em></span> <span class='ocrx_word' id='word_1_574' title='bbox 2630 3914 2920 3986; x_wconf 87' lang='lat' dir='ltr'><em>quomodo</em></span> <span class='ocrx_word' id='word_1_575' title='bbox 2950 3915 3230 3970; x_wconf 73' lang='lat' dir='ltr'><em>Ecclesia:</em></span> <span class='ocrx_word' id='word_1_576' title='bbox 3252 3914 3364 3970; x_wconf 90' lang='lat' dir='ltr'><em>Dei</em></span> <span class='ocrx_word' id='word_1_577' title='bbox 3391 3913 3637 3983; x_wconf 87' lang='lat' dir='ltr'><em>diligen-</em></span> 
     </span>
    </p>
   </div>
   <div class='ocr_carea' id='block_1_81' title="bbox 254 3997 1878 4078">
    <p class='ocr_par' dir='ltr' id='par_1_81' title="bbox 254 3997 1857 4078">
     <span class='ocr_line' id='line_1_81' title="bbox 254 3997 1857 4078; baseline 0.002 -26"><span class='ocrx_word' id='word_1_578' title='bbox 254 4000 320 4070; x_wconf 81' lang='grc' dir='ltr'><em>(εἰ</em></span> <span class='ocrx_word' id='word_1_579' title='bbox 376 3997 436 4053; x_wconf 75' lang='grc' dir='ltr'><em>δέ</em></span> <span class='ocrx_word' id='word_1_580' title='bbox 481 4021 562 4064; x_wconf 89' lang='grc' dir='ltr'><em>τις</em></span> <span class='ocrx_word' id='word_1_581' title='bbox 611 4008 703 4054; x_wconf 76' lang='grc' dir='ltr'><em>τοῦ</em></span> <span class='ocrx_word' id='word_1_582' title='bbox 773 3999 912 4054; x_wconf 86' lang='grc' dir='ltr'><em>ἰδίου</em></span> <span class='ocrx_word' id='word_1_583' title='bbox 972 4006 1116 4054; x_wconf 80' lang='grc' dir='ltr'><em>οἴκου</em></span> <span class='ocrx_word' id='word_1_584' title='bbox 1143 4013 1437 4078; x_wconf 78' lang='grc' dir='ltr'><em>προστῆναι</em></span> <span class='ocrx_word' id='word_1_585' title='bbox 1473 4003 1567 4056; x_wconf 64' lang='grc' dir='ltr'><em>οὐκ</em></span> <span class='ocrx_word' id='word_1_586' title='bbox 1593 4000 1722 4070; x_wconf 83' lang='grc' dir='ltr'><em>οἶδε,</em></span> <span class='ocrx_word' id='word_1_587' title='bbox 1747 4013 1857 4066; x_wconf 86' lang='grc' dir='ltr'><em>πῶς</em></span> 
     </span>
    </p>
   </div>
   <div class='ocr_carea' id='block_1_82' title="bbox 2010 3997 3634 4078">
    <p class='ocr_par' dir='ltr' id='par_1_82' title="bbox 2010 4001 3634 4074">
     <span class='ocr_line' id='line_1_82' title="bbox 2010 4001 3634 4074; baseline 0 -16"><span class='ocrx_word' id='word_1_588' title='bbox 2010 4005 2120 4060; x_wconf 70' lang='lat' dir='ltr'><em>iam</em></span> <span class='ocrx_word' id='word_1_589' title='bbox 2154 4004 2385 4061; x_wconf 81' lang='lat' dir='ltr'><em>habebit</em></span> <span class='ocrx_word' id='word_1_590' title='bbox 2418 4005 2490 4073; x_wconf 83' lang='lat'><em>?),</em></span> <span class='ocrx_word' id='word_1_591' title='bbox 2519 4020 2640 4060; x_wconf 92' lang='lat' dir='ltr'><em>non</em></span> <span class='ocrx_word' id='word_1_592' title='bbox 2671 4005 3068 4074; x_wconf 81' lang='lat' dir='ltr'><em>neophytum,</em></span> <span class='ocrx_word' id='word_1_593' title='bbox 3088 4019 3164 4060; x_wconf 92' lang='lat' dir='ltr'><em>ne</em></span> <span class='ocrx_word' id='word_1_594' title='bbox 3201 4005 3266 4058; x_wconf 88' lang='lat' dir='ltr'><em>in</em></span> <span class='ocrx_word' id='word_1_595' title='bbox 3291 4001 3634 4072; x_wconf 88' lang='lat' dir='ltr'><em>superbiam</em></span> 
     </span>
    </p>
   </div>
   <div class='ocr_carea' id='block_1_83' title="bbox 254 4089 1878 4166">
    <p class='ocr_par' dir='ltr' id='par_1_83' title="bbox 254 4089 1849 4166">
     <span class='ocr_line' id='line_1_83' title="bbox 254 4089 1849 4166; baseline 0.001 -25"><span class='ocrx_word' id='word_1_596' title='bbox 254 4089 446 4149; x_wconf 85' lang='grc' dir='ltr'><em>Ἐκκλη</em></span> <span class='ocrx_word' id='word_1_597' title='bbox 460 4096 575 4152; x_wconf 85' lang='grc' dir='ltr'><em>σίας</em></span> <span class='ocrx_word' id='word_1_598' title='bbox 624 4099 757 4144; x_wconf 70' lang='grc' dir='ltr'><em>Θεοῦ</em></span> <span class='ocrx_word' id='word_1_599' title='bbox 798 4091 1163 4164; x_wconf 73' lang='grc' dir='ltr'><em>ἐπιμελήσεται</em></span> <span class='ocrx_word' id='word_1_600' title='bbox 1187 4096 1223 4160; x_wconf 76' lang='lat'><em>;}</em></span> <span class='ocrx_word' id='word_1_601' title='bbox 1254 4098 1324 4166; x_wconf 79' lang='grc' dir='ltr'><em>μὴ</em></span> <span class='ocrx_word' id='word_1_602' title='bbox 1379 4098 1644 4166; x_wconf 64' lang='grc' dir='ltr'><em>νεόφυτον,</em></span> <span class='ocrx_word' id='word_1_603' title='bbox 1671 4095 1752 4145; x_wconf 83' lang='grc' dir='ltr'><em>ἵνα</em></span> <span class='ocrx_word' id='word_1_604' title='bbox 1780 4099 1849 4166; x_wconf 77' lang='grc' dir='ltr'><em>μῆ</em></span> 
     </span>
    </p>
   </div>
   <div class='ocr_carea' id='block_1_84' title="bbox 2007 4089 3631 4166">
    <p class='ocr_par' dir='ltr' id='par_1_84' title="bbox 2007 4091 3631 4164">
     <span class='ocr_line' id='line_1_84' title="bbox 2007 4091 3631 4164; baseline -0.002 -15"><span class='ocrx_word' id='word_1_605' title='bbox 2007 4094 2185 4160; x_wconf 87' lang='lat' dir='ltr'><em>latus,</em></span> <span class='ocrx_word' id='word_1_606' title='bbox 2215 4094 2276 4148; x_wconf 91' lang='lat' dir='ltr'><em>in</em></span> <span class='ocrx_word' id='word_1_607' title='bbox 2299 4094 2604 4163; x_wconf 88' lang='lat' dir='ltr'><em>judicium</em></span> <span class='ocrx_word' id='word_1_608' title='bbox 2627 4093 2877 4163; x_wconf 89' lang='lat' dir='ltr'><em>incidat,</em></span> <span class='ocrx_word' id='word_1_609' title='bbox 2913 4093 3052 4148; x_wconf 90' lang='lat' dir='ltr'><em>etin</em></span> <span class='ocrx_word' id='word_1_610' title='bbox 3079 4093 3358 4164; x_wconf 86' lang='lat' dir='ltr'><em>laqueum</em></span> <span class='ocrx_word' id='word_1_611' title='bbox 3384 4091 3631 4147; x_wconf 89' lang='lat' dir='ltr'><em>diaboli.</em></span> 
     </span>
    </p>
   </div>
   <div class='ocr_carea' id='block_1_85' title="bbox 249 4180 1873 4256">
    <p class='ocr_par' dir='ltr' id='par_1_85' title="bbox 249 4180 1852 4256">
     <span class='ocr_line' id='line_1_85' title="bbox 249 4180 1852 4256; baseline 0.001 -24"><span class='ocrx_word' id='word_1_612' title='bbox 249 4183 501 4253; x_wconf 65' lang='grc' dir='ltr'><em>τυφωθεὶς</em></span> <span class='ocrx_word' id='word_1_613' title='bbox 544 4182 614 4242; x_wconf 81' lang='grc' dir='ltr'><em>εἰς</em></span> <span class='ocrx_word' id='word_1_614' title='bbox 666 4189 830 4256; x_wconf 87' lang='grc' dir='ltr'><em>κρῖμα</em></span> <span class='ocrx_word' id='word_1_615' title='bbox 863 4180 1058 4255; x_wconf 67' lang='grc' dir='ltr'><em>ἐμπέσῃ</em></span> <span class='ocrx_word' id='word_1_616' title='bbox 1089 4187 1178 4234; x_wconf 83' lang='grc' dir='ltr'><em>καὶ</em></span> <span class='ocrx_word' id='word_1_617' title='bbox 1227 4180 1434 4255; x_wconf 86' lang='grc' dir='ltr'><em>παγίδα</em></span> <span class='ocrx_word' id='word_1_618' title='bbox 1480 4191 1569 4236; x_wconf 75' lang='grc' dir='ltr'><em>τοῦ</em></span> <span class='ocrx_word' id='word_1_619' title='bbox 1605 4180 1852 4236; x_wconf 70' lang='grc' dir='ltr'><em>διαϐόλου</em></span> 
     </span>
    </p>
   </div>
   <div class='ocr_carea' id='block_1_86' title="bbox 2008 4180 3632 4256">
    <p class='ocr_par' dir='ltr' id='par_1_86' title="bbox 2008 4181 3632 4250">
     <span class='ocr_line' id='line_1_86' title="bbox 2008 4181 3632 4250; baseline -0.001 -12"><span class='ocrx_word' id='word_1_620' title='bbox 2008 4187 2212 4250; x_wconf 73' lang='grc' dir='ltr'><em>’ροιίοι</em></span> <span class='ocrx_word' id='word_1_621' title='bbox 2237 4189 2439 4239; x_wconf 88' lang='lat' dir='ltr'><em>autem</em></span> <span class='ocrx_word' id='word_1_622' title='bbox 2462 4183 2639 4238; x_wconf 87' lang='lat' dir='ltr'><em>illum</em></span> <span class='ocrx_word' id='word_1_623' title='bbox 2664 4188 2717 4238; x_wconf 89' lang='lat' dir='ltr'><em>et</em></span> <span class='ocrx_word' id='word_1_624' title='bbox 2746 4182 3150 4237; x_wconf 88' lang='lat' dir='ltr'><em>testimonium</em></span> <span class='ocrx_word' id='word_1_625' title='bbox 3169 4182 3388 4238; x_wconf 88' lang='lat' dir='ltr'><em>habere</em></span> <span class='ocrx_word' id='word_1_626' title='bbox 3415 4181 3632 4236; x_wconf 90' lang='lat' dir='ltr'><em>bonum</em></span> 
     </span>
    </p>
   </div>
   <div class='ocr_carea' id='block_1_87' title="bbox 245 4268 1869 4346">
    <p class='ocr_par' dir='ltr' id='par_1_87' title="bbox 245 4268 1851 4346">
     <span class='ocr_line' id='line_1_87' title="bbox 245 4268 1851 4346; baseline 0.001 -23"><span class='ocrx_word' id='word_1_627' title='bbox 245 4270 380 4342; x_wconf 90' lang='grc'><em>(30).</em></span> <span class='ocrx_word' id='word_1_628' title='bbox 435 4277 520 4323; x_wconf 87' lang='grc' dir='ltr'><em>Δεῖ</em></span> <span class='ocrx_word' id='word_1_629' title='bbox 566 4268 625 4323; x_wconf 64' lang='grc' dir='ltr'><em>δε</em></span> <span class='ocrx_word' id='word_1_630' title='bbox 679 4271 834 4322; x_wconf 69' lang='grc' dir='ltr'><em>αὐτὸν</em></span> <span class='ocrx_word' id='word_1_631' title='bbox 864 4275 954 4322; x_wconf 84' lang='grc' dir='ltr'><em>καὶ</em></span> <span class='ocrx_word' id='word_1_632' title='bbox 1006 4277 1298 4346; x_wconf 83' lang='grc' dir='ltr'><em>μαρτυρίαν</em></span> <span class='ocrx_word' id='word_1_633' title='bbox 1342 4273 1502 4330; x_wconf 72' lang='grc' dir='ltr'><em>καλήν</em></span> <span class='ocrx_word' id='word_1_634' title='bbox 1557 4271 1851 4345; x_wconf 49' lang='grc' dir='ltr'><em>ἔχειν-ἀπό</em></span> 
     </span>
    </p>
   </div>
   <div class='ocr_carea' id='block_1_88' title="bbox 2009 4268 3633 4346">
    <p class='ocr_par' dir='ltr' id='par_1_88' title="bbox 2009 4271 3633 4342">
     <span class='ocr_line' id='line_1_88' title="bbox 2009 4271 3633 4342; baseline -0.001 -15"><span class='ocrx_word' id='word_1_635' title='bbox 2009 4272 2120 4328; x_wconf 86' lang='lat' dir='ltr'><em>biis</em></span> <span class='ocrx_word' id='word_1_636' title='bbox 2150 4273 2255 4342; x_wconf 86' lang='lat' dir='ltr'><em>qui</em></span> <span class='ocrx_word' id='word_1_637' title='bbox 2278 4271 2426 4342; x_wconf 80' lang='lat' dir='ltr'><em>foris</em></span> <span class='ocrx_word' id='word_1_638' title='bbox 2448 4277 2679 4340; x_wconf 90' lang='lat' dir='ltr'><em>sunt,ut</em></span> <span class='ocrx_word' id='word_1_639' title='bbox 2705 4273 2903 4327; x_wconf 85' lang='lat' dir='ltr'><em>nonin</em></span> <span class='ocrx_word' id='word_1_640' title='bbox 2919 4272 3306 4341; x_wconf 88' lang='lat' dir='ltr'><em>opprobrium</em></span> <span class='ocrx_word' id='word_1_641' title='bbox 3323 4271 3633 4339; x_wconf 86' lang='lat' dir='ltr'><em>incidat,et</em></span> 
     </span>
    </p>
   </div>
   <div class='ocr_carea' id='block_1_89' title="bbox 245 4358 1869 4435">
    <p class='ocr_par' dir='ltr' id='par_1_89' title="bbox 245 4358 1851 4435">
     <span class='ocr_line' id='line_1_89' title="bbox 245 4358 1851 4435; baseline 0.001 -23"><span class='ocrx_word' id='word_1_642' title='bbox 245 4368 349 4412; x_wconf 85' lang='grc' dir='ltr'><em>τῶν</em></span> <span class='ocrx_word' id='word_1_643' title='bbox 431 4359 634 4425; x_wconf 76' lang='grc' dir='ltr'><em>ἔξωθεν,</em></span> <span class='ocrx_word' id='word_1_644' title='bbox 695 4361 778 4412; x_wconf 82' lang='grc' dir='ltr'><em>ἵνα</em></span> <span class='ocrx_word' id='word_1_645' title='bbox 853 4365 922 4430; x_wconf 76' lang='grc' dir='ltr'><em>μὴ</em></span> <span class='ocrx_word' id='word_1_646' title='bbox 995 4360 1064 4422; x_wconf 86' lang='grc' dir='ltr'><em>εἰς</em></span> <span class='ocrx_word' id='word_1_647' title='bbox 1135 4358 1432 4434; x_wconf 68' lang='grc' dir='ltr'><em>ὀνειδισμὸν</em></span> <span class='ocrx_word' id='word_1_648' title='bbox 1499 4360 1694 4435; x_wconf 71' lang='grc' dir='ltr'><em>ἐμπέσῃ</em></span> <span class='ocrx_word' id='word_1_649' title='bbox 1760 4366 1851 4414; x_wconf 88' lang='grc' dir='ltr'><em>καὶ</em></span> 
     </span>
    </p>
   </div>
   <div class='ocr_carea' id='block_1_90' title="bbox 2006 4358 3630 4435">
    <p class='ocr_par' dir='ltr' id='par_1_90' title="bbox 2006 4362 3630 4434">
     <span class='ocr_line' id='line_1_90' title="bbox 2006 4362 3630 4434; baseline -0.001 -16"><span class='ocrx_word' id='word_1_650' title='bbox 2006 4379 2028 4418; x_wconf 76' lang='grc' dir='ltr'><em>ι</em></span> <span class='ocrx_word' id='word_1_651' title='bbox 2061 4364 2344 4434; x_wconf 89' lang='lat' dir='ltr'><em>laqueum</em></span> <span class='ocrx_word' id='word_1_652' title='bbox 2389 4362 2642 4417; x_wconf 89' lang='lat' dir='ltr'><em>diaboli.</em></span> <span class='ocrx_word' id='word_1_653' title='bbox 2687 4363 2986 4418; x_wconf 86' lang='lat' dir='ltr'><em>Diaconos</em></span> <span class='ocrx_word' id='word_1_654' title='bbox 3017 4363 3318 4429; x_wconf 89' lang='lat' dir='ltr'><em>similiter,</em></span> <span class='ocrx_word' id='word_1_655' title='bbox 3363 4362 3630 4432; x_wconf 85' lang='lat' dir='ltr'><em>pudicos,</em></span> 
     </span>
    </p>
   </div>
   <div class='ocr_carea' id='block_1_91' title="bbox 241 4445 1865 4523">
    <p class='ocr_par' dir='ltr' id='par_1_91' title="bbox 241 4445 1851 4520">
     <span class='ocr_line' id='line_1_91' title="bbox 241 4445 1851 4520; baseline 0.001 -18"><span class='ocrx_word' id='word_1_656' title='bbox 241 4445 460 4520; x_wconf 78' lang='grc' dir='ltr'><em>παγίδα</em></span> <span class='ocrx_word' id='word_1_657' title='bbox 528 4456 620 4500; x_wconf 79' lang='grc' dir='ltr'><em>τοῦ</em></span> <span class='ocrx_word' id='word_1_658' title='bbox 700 4446 970 4501; x_wconf 67' lang='grc' dir='ltr'><em>διαϐόλου.</em></span> <span class='ocrx_word' id='word_1_659' title='bbox 1064 4455 1344 4510; x_wconf 75' lang='grc' dir='ltr'><em>Διακόνους</em></span> <span class='ocrx_word' id='word_1_660' title='bbox 1410 4453 1682 4513; x_wconf 72' lang='grc' dir='ltr'><em>ὡσαύτως,</em></span> <span class='ocrx_word' id='word_1_661' title='bbox 1761 4471 1851 4504; x_wconf 85' lang='grc' dir='ltr'><em>σε-</em></span> 
     </span>
    </p>
   </div>
   <div class='ocr_carea' id='block_1_92' title="bbox 2008 4445 3632 4523">
    <p class='ocr_par' dir='ltr' id='par_1_92' title="bbox 2008 4451 3632 4523">
     <span class='ocr_line' id='line_1_92' title="bbox 2008 4451 3632 4523; baseline 0 -17"><span class='ocrx_word' id='word_1_662' title='bbox 2008 4467 2083 4507; x_wconf 87' lang='grc' dir='ltr'><em>οη</em></span> <span class='ocrx_word' id='word_1_663' title='bbox 2109 4452 2428 4523; x_wconf 84' lang='lat' dir='ltr'><em>bilingues,</em></span> <span class='ocrx_word' id='word_1_664' title='bbox 2463 4467 2584 4507; x_wconf 86' lang='lat' dir='ltr'><em>non</em></span> <span class='ocrx_word' id='word_1_665' title='bbox 2615 4453 2807 4507; x_wconf 82' lang='lat' dir='ltr'><em>multo</em></span> <span class='ocrx_word' id='word_1_666' title='bbox 2838 4453 2978 4507; x_wconf 82' lang='lat' dir='ltr'><em>vino</em></span> <span class='ocrx_word' id='word_1_667' title='bbox 3005 4451 3258 4518; x_wconf 88' lang='lat' dir='ltr'><em>deditos,</em></span> <span class='ocrx_word' id='word_1_668' title='bbox 3291 4467 3411 4506; x_wconf 91' lang='lat' dir='ltr'><em>non</em></span> <span class='ocrx_word' id='word_1_669' title='bbox 3457 4456 3632 4519; x_wconf 83' lang='lat' dir='ltr'><em>turpe</em></span> 
     </span>
    </p>
   </div>
   <div class='ocr_carea' id='block_1_93' title="bbox 241 4535 1865 4614">
    <p class='ocr_par' dir='ltr' id='par_1_93' title="bbox 241 4535 1849 4614">
     <span class='ocr_line' id='line_1_93' title="bbox 241 4535 1849 4614; baseline 0.002 -24"><span class='ocrx_word' id='word_1_670' title='bbox 241 4541 428 4614; x_wconf 76' lang='grc' dir='ltr'><em>μνους,</em></span> <span class='ocrx_word' id='word_1_671' title='bbox 479 4543 549 4611; x_wconf 76' lang='grc' dir='ltr'><em>μὴ</em></span> <span class='ocrx_word' id='word_1_672' title='bbox 615 4535 873 4612; x_wconf 86' lang='grc' dir='ltr'><em>διλόγους,</em></span> <span class='ocrx_word' id='word_1_673' title='bbox 941 4545 1011 4613; x_wconf 76' lang='grc' dir='ltr'><em>μὴ</em></span> <span class='ocrx_word' id='word_1_674' title='bbox 1069 4544 1188 4611; x_wconf 80' lang='grc' dir='ltr'><em>οἴνῳ</em></span> <span class='ocrx_word' id='word_1_675' title='bbox 1247 4541 1415 4612; x_wconf 80' lang='grc' dir='ltr'><em>πολλῷ</em></span> <span class='ocrx_word' id='word_1_676' title='bbox 1467 4546 1849 4614; x_wconf 70' lang='grc' dir='ltr'><em>προσέχοντας,</em></span> 
     </span>
    </p>
   </div>
   <div class='ocr_carea' id='block_1_94' title="bbox 2005 4535 3629 4614">
    <p class='ocr_par' dir='ltr' id='par_1_94' title="bbox 2005 4540 3629 4608">
     <span class='ocr_line' id='line_1_94' title="bbox 2005 4540 3629 4608; baseline -0.002 -12"><span class='ocrx_word' id='word_1_677' title='bbox 2005 4557 2206 4596; x_wconf 70' lang='lat' dir='ltr'><em>uerum</em></span> <span class='ocrx_word' id='word_1_678' title='bbox 2259 4547 2596 4598; x_wconf 84' lang='lat' dir='ltr'><em>sectantes:</em></span> <span class='ocrx_word' id='word_1_679' title='bbox 2661 4541 2946 4597; x_wconf 85' lang='lat' dir='ltr'><em>habentes</em></span> <span class='ocrx_word' id='word_1_680' title='bbox 3005 4541 3354 4608; x_wconf 81' lang='lat' dir='ltr'><em>mysterium</em></span> <span class='ocrx_word' id='word_1_681' title='bbox 3384 4540 3530 4608; x_wconf 79' lang='lat' dir='ltr'><em>ﬁdei</em></span> <span class='ocrx_word' id='word_1_682' title='bbox 3565 4540 3629 4594; x_wconf 92' lang='lat' dir='ltr'><em>in</em></span> 
     </span>
    </p>
   </div>
   <div class='ocr_carea' id='block_1_95' title="bbox 243 4625 1867 4704">
    <p class='ocr_par' dir='ltr' id='par_1_95' title="bbox 243 4625 1852 4704">
     <span class='ocr_line' id='line_1_95' title="bbox 243 4625 1852 4704; baseline 0.002 -24"><span class='ocrx_word' id='word_1_683' title='bbox 243 4633 320 4703; x_wconf 79' lang='grc' dir='ltr'><em>μὴ</em></span> <span class='ocrx_word' id='word_1_684' title='bbox 355 4625 782 4704; x_wconf 68' lang='grc' dir='ltr'><em>αἰσχροκερδεῖς,</em></span> <span class='ocrx_word' id='word_1_685' title='bbox 808 4629 1029 4701; x_wconf 77' lang='grc' dir='ltr'><em>ἐχοντας</em></span> <span class='ocrx_word' id='word_1_686' title='bbox 1060 4633 1117 4681; x_wconf 86' lang='grc' dir='ltr'><em>τό</em></span> <span class='ocrx_word' id='word_1_687' title='bbox 1162 4635 1457 4704; x_wconf 73' lang='grc' dir='ltr'><em>μυστήριον</em></span> <span class='ocrx_word' id='word_1_688' title='bbox 1486 4639 1579 4692; x_wconf 84' lang='grc' dir='ltr'><em>τῆς</em></span> <span class='ocrx_word' id='word_1_689' title='bbox 1627 4636 1852 4693; x_wconf 85' lang='grc' dir='ltr'><em>πίστεως</em></span> 
     </span>
    </p>
   </div>
   <div class='ocr_carea' id='block_1_96' title="bbox 2000 4625 3624 4704">
    <p class='ocr_par' dir='ltr' id='par_1_96' title="bbox 2000 4628 3624 4700">
     <span class='ocr_line' id='line_1_96' title="bbox 2000 4628 3624 4700; baseline -0.002 -13"><span class='ocrx_word' id='word_1_690' title='bbox 2000 4631 2328 4687; x_wconf 85' lang='lat' dir='ltr'><em>onscientia</em></span> <span class='ocrx_word' id='word_1_691' title='bbox 2359 4645 2542 4700; x_wconf 88' lang='lat' dir='ltr'><em>pura.</em></span> <span class='ocrx_word' id='word_1_692' title='bbox 2571 4629 2648 4686; x_wconf 89' lang='lat' dir='ltr'><em>Et</em></span> <span class='ocrx_word' id='word_1_693' title='bbox 2671 4631 2736 4686; x_wconf 90' lang='lat' dir='ltr'><em>hi</em></span> <span class='ocrx_word' id='word_1_694' title='bbox 2759 4635 2957 4685; x_wconf 88' lang='lat' dir='ltr'><em>autem</em></span> <span class='ocrx_word' id='word_1_695' title='bbox 2974 4628 3311 4698; x_wconf 89' lang='lat' dir='ltr'><em>probentur</em></span> <span class='ocrx_word' id='word_1_696' title='bbox 3318 4629 3586 4696; x_wconf 87' lang='lat' dir='ltr'><em>primum</em></span> <span class='ocrx_word' id='word_1_697' title='bbox 3611 4644 3624 4683; x_wconf 92' lang='lat'><strong>:</strong></span> 
     </span>
    </p>
   </div>
   <div class='ocr_carea' id='block_1_97' title="bbox 243 4715 1867 4792">
    <p class='ocr_par' dir='ltr' id='par_1_97' title="bbox 243 4715 1851 4792">
     <span class='ocr_line' id='line_1_97' title="bbox 243 4715 1851 4792; baseline -0.002 -18"><span class='ocrx_word' id='word_1_698' title='bbox 243 4720 299 4774; x_wconf 74' lang='grc' dir='ltr'><em>ἓν</em></span> <span class='ocrx_word' id='word_1_699' title='bbox 321 4721 528 4792; x_wconf 74' lang='grc' dir='ltr'><em>καθαρᾷ</em></span> <span class='ocrx_word' id='word_1_700' title='bbox 556 4715 880 4777; x_wconf 72' lang='grc' dir='ltr'><em>συνειδήσει.</em></span> <span class='ocrx_word' id='word_1_701' title='bbox 938 4725 1038 4772; x_wconf 80' lang='grc' dir='ltr'><em>Καὶ</em></span> <span class='ocrx_word' id='word_1_702' title='bbox 1087 4721 1230 4771; x_wconf 73' lang='grc' dir='ltr'><em>ουτοι</em></span> <span class='ocrx_word' id='word_1_703' title='bbox 1280 4716 1338 4772; x_wconf 77' lang='grc' dir='ltr'><em>δὲ</em></span> <span class='ocrx_word' id='word_1_704' title='bbox 1380 4716 1851 4792; x_wconf 68' lang='grc' dir='ltr'><em>δοκιμαζέσθωσαν</em></span> 
     </span>
    </p>
   </div>
   <div class='ocr_carea' id='block_1_98' title="bbox 1999 4715 3623 4792">
    <p class='ocr_par' dir='ltr' id='par_1_98' title="bbox 1999 4716 3623 4786">
     <span class='ocr_line' id='line_1_98' title="bbox 1999 4716 3623 4786; baseline -0.004 -9"><span class='ocrx_word' id='word_1_705' title='bbox 1999 4721 2179 4777; x_wconf 82' lang='lat' dir='ltr'><em>&#39;einde</em></span> <span class='ocrx_word' id='word_1_706' title='bbox 2200 4720 2567 4786; x_wconf 78' lang='lat' dir='ltr'><em>ministrent,</em></span> <span class='ocrx_word' id='word_1_707' title='bbox 2585 4721 2823 4775; x_wconf 89' lang='lat' dir='ltr'><em>nullum</em></span> <span class='ocrx_word' id='word_1_708' title='bbox 2845 4719 3071 4774; x_wconf 86' lang='lat' dir='ltr'><em>crimen</em></span> <span class='ocrx_word' id='word_1_709' title='bbox 3095 4716 3379 4772; x_wconf 87' lang='lat' dir='ltr'><em>habentes</em></span> <span class='ocrx_word' id='word_1_710' title='bbox 3401 4716 3459 4786; x_wconf 92' lang='grc' dir='ltr'><em>(Ῑ</em></span> <span class='ocrx_word' id='word_1_711' title='bbox 3475 4717 3623 4771; x_wconf 92' lang='lat' dir='ltr'><em>Tim.</em></span> 
     </span>
    </p>
   </div>
   <div class='ocr_carea' id='block_1_99' title="bbox 242 4805 1866 4881">
    <p class='ocr_par' dir='ltr' id='par_1_99' title="bbox 242 4805 1851 4881">
     <span class='ocr_line' id='line_1_99' title="bbox 242 4805 1851 4881; baseline 0.001 -19"><span class='ocrx_word' id='word_1_712' title='bbox 242 4817 469 4881; x_wconf 86' lang='grc' dir='ltr'><em>πρῶτον,</em></span> <span class='ocrx_word' id='word_1_713' title='bbox 505 4805 616 4861; x_wconf 84' lang='grc' dir='ltr'><em>εἶτα</em></span> <span class='ocrx_word' id='word_1_714' title='bbox 661 4806 1093 4878; x_wconf 85' lang='grc' dir='ltr'><em>διακονείτωσαν,</em></span> <span class='ocrx_word' id='word_1_715' title='bbox 1144 4808 1450 4881; x_wconf 77' lang='grc' dir='ltr'><em>ἀνέγκλητοι</em></span> <span class='ocrx_word' id='word_1_716' title='bbox 1472 4814 1628 4873; x_wconf 72' lang='grc' dir='ltr'><em>ὄντες.</em></span> <span class='ocrx_word' id='word_1_717' title='bbox 1685 4817 1851 4863; x_wconf 74' lang='grc' dir='ltr'><em>ΠΡυὲ</em></span> 
     </span>
    </p>
   </div>
   <div class='ocr_carea' id='block_1_100' title="bbox 2000 4805 3624 4881">
    <p class='ocr_par' dir='ltr' id='par_1_100' title="bbox 2003 4806 3624 4880">
     <span class='ocr_line' id='line_1_100' title="bbox 2003 4806 3624 4880; baseline -0.001 -16"><span class='ocrx_word' id='word_1_718' title='bbox 2003 4826 2042 4875; x_wconf 80' lang='grc' dir='ltr'><em>ι,</em></span> <span class='ocrx_word' id='word_1_719' title='bbox 2075 4813 2096 4864; x_wconf 83' lang='grc'><strong>1</strong></span> <span class='ocrx_word' id='word_1_720' title='bbox 2135 4810 2502 4878; x_wconf 74' lang='lat' dir='ltr'><em>10)...Hujus</em></span> <span class='ocrx_word' id='word_1_721' title='bbox 2530 4810 2620 4866; x_wconf 86' lang='lat' dir='ltr'><em>rei</em></span> <span class='ocrx_word' id='word_1_722' title='bbox 2645 4809 2849 4880; x_wconf 84' lang='lat' dir='ltr'><em>gratia</em></span> <span class='ocrx_word' id='word_1_723' title='bbox 2876 4806 3101 4878; x_wconf 86' lang='lat' dir='ltr'><em>reliqui</em></span> <span class='ocrx_word' id='word_1_724' title='bbox 3137 4813 3192 4862; x_wconf 89' lang='lat' dir='ltr'><em>te</em></span> <span class='ocrx_word' id='word_1_725' title='bbox 3223 4806 3443 4874; x_wconf 81' lang='lat' dir='ltr'><em>Cretce,</em></span> <span class='ocrx_word' id='word_1_726' title='bbox 3468 4811 3533 4860; x_wconf 89' lang='lat' dir='ltr'><em>ut</em></span> <span class='ocrx_word' id='word_1_727' title='bbox 3555 4820 3624 4862; x_wconf 89' lang='lat' dir='ltr'><em>ea</em></span> 
     </span>
    </p>
   </div>
   <div class='ocr_carea' id='block_1_101' title="bbox 242 4895 1866 4974">
    <p class='ocr_par' dir='ltr' id='par_1_101' title="bbox 242 4899 1854 4974">
     <span class='ocr_line' id='line_1_101' title="bbox 242 4899 1854 4974; baseline 0.001 -24"><span class='ocrx_word' id='word_1_728' title='bbox 242 4903 374 4951; x_wconf 84' lang='lat' dir='ltr'><em>TIT.</em></span> <span class='ocrx_word' id='word_1_729' title='bbox 401 4901 599 4951; x_wconf 71' lang='grc' dir='ltr'><em>Τούτου</em></span> <span class='ocrx_word' id='word_1_730' title='bbox 631 4901 793 4974; x_wconf 77' lang='grc' dir='ltr'><em>χάριν</em></span> <span class='ocrx_word' id='word_1_731' title='bbox 839 4899 1108 4952; x_wconf 80' lang='grc' dir='ltr'><em>κατέλιπον</em></span> <span class='ocrx_word' id='word_1_732' title='bbox 1134 4901 1241 4970; x_wconf 68' lang='grc'><em>(31)</em></span> <span class='ocrx_word' id='word_1_733' title='bbox 1272 4919 1328 4952; x_wconf 89' lang='grc' dir='ltr'><em>σε</em></span> <span class='ocrx_word' id='word_1_734' title='bbox 1360 4899 1408 4951; x_wconf 82' lang='grc' dir='ltr'><em>ἐν</em></span> <span class='ocrx_word' id='word_1_735' title='bbox 1443 4905 1645 4972; x_wconf 70' lang='grc' dir='ltr'><em>Κρήτη,</em></span> <span class='ocrx_word' id='word_1_736' title='bbox 1680 4903 1764 4952; x_wconf 80' lang='grc' dir='ltr'><em>ἵνα</em></span> <span class='ocrx_word' id='word_1_737' title='bbox 1788 4902 1854 4952; x_wconf 61' lang='lat' dir='ltr'><em>re</em></span> 
     </span>
    </p>
   </div>
   <div class='ocr_carea' id='block_1_102' title="bbox 2002 4895 3626 4974">
    <p class='ocr_par' dir='ltr' id='par_1_102' title="bbox 2006 4895 3626 4969">
     <span class='ocr_line' id='line_1_102' title="bbox 2006 4895 3626 4969; baseline -0.004 -14"><span class='ocrx_word' id='word_1_738' title='bbox 2006 4914 2097 4955; x_wconf 73' lang='lat' dir='ltr'><em>ua:</em></span> <span class='ocrx_word' id='word_1_739' title='bbox 2149 4899 2365 4955; x_wconf 83' lang='lat' dir='ltr'><em>desunt</em></span> <span class='ocrx_word' id='word_1_740' title='bbox 2407 4914 2704 4969; x_wconf 76' lang='lat' dir='ltr'><em>corrigas,</em></span> <span class='ocrx_word' id='word_1_741' title='bbox 2736 4904 2790 4954; x_wconf 87' lang='lat' dir='ltr'><em>et</em></span> <span class='ocrx_word' id='word_1_742' title='bbox 2841 4899 3173 4953; x_wconf 87' lang='lat' dir='ltr'><em>constituas</em></span> <span class='ocrx_word' id='word_1_743' title='bbox 3212 4910 3326 4966; x_wconf 88' lang='lat' dir='ltr'><em>per</em></span> <span class='ocrx_word' id='word_1_744' title='bbox 3355 4895 3626 4950; x_wconf 89' lang='lat' dir='ltr'><em>civitates</em></span> 
     </span>
    </p>
   </div>
   <div class='ocr_carea' id='block_1_103' title="bbox 242 4984 1866 5064">
    <p class='ocr_par' dir='ltr' id='par_1_103' title="bbox 242 4984 1852 5064">
     <span class='ocr_line' id='line_1_103' title="bbox 242 4984 1852 5064; baseline 0.002 -26"><span class='ocrx_word' id='word_1_745' title='bbox 242 4986 482 5040; x_wconf 83' lang='grc' dir='ltr'><em>λείποντα</em></span> <span class='ocrx_word' id='word_1_746' title='bbox 511 4984 892 5063; x_wconf 73' lang='grc' dir='ltr'><em>ἐπιδιορθώσῃ,</em></span> <span class='ocrx_word' id='word_1_747' title='bbox 934 4995 1024 5042; x_wconf 82' lang='grc' dir='ltr'><em>καὶ</em></span> <span class='ocrx_word' id='word_1_748' title='bbox 1074 4995 1410 5062; x_wconf 67' lang='grc' dir='ltr'><em>κατοστησῃς</em></span> <span class='ocrx_word' id='word_1_749' title='bbox 1467 4989 1852 5064; x_wconf 67' lang='grc' dir='ltr'><em>πρεσϐυτέρους</em></span> 
     </span>
    </p>
   </div>
   <div class='ocr_carea' id='block_1_104' title="bbox 2001 4984 3625 5064">
    <p class='ocr_par' dir='ltr' id='par_1_104' title="bbox 2003 4985 3625 5060">
     <span class='ocr_line' id='line_1_104' title="bbox 2003 4985 3625 5060; baseline -0.002 -15"><span class='ocrx_word' id='word_1_750' title='bbox 2003 4990 2362 5060; x_wconf 84' lang='lat' dir='ltr'><em>resbyteros,</em></span> <span class='ocrx_word' id='word_1_751' title='bbox 2393 4991 2574 5045; x_wconf 87' lang='lat' dir='ltr'><em>sicuti</em></span> <span class='ocrx_word' id='word_1_752' title='bbox 2621 5005 2726 5060; x_wconf 87' lang='lat' dir='ltr'><em>ego</em></span> <span class='ocrx_word' id='word_1_753' title='bbox 2770 4987 3041 5058; x_wconf 87' lang='lat' dir='ltr'><em>disposui</em></span> <span class='ocrx_word' id='word_1_754' title='bbox 3072 4987 3200 5042; x_wconf 78' lang='lat' dir='ltr'><em>tibi.</em></span> <span class='ocrx_word' id='word_1_755' title='bbox 3239 4988 3302 5041; x_wconf 88' lang='lat' dir='ltr'><em>Si</em></span> <span class='ocrx_word' id='word_1_756' title='bbox 3331 4985 3462 5057; x_wconf 90' lang='lat' dir='ltr'><em>quis</em></span> <span class='ocrx_word' id='word_1_757' title='bbox 3498 4986 3625 5041; x_wconf 76' lang='lat' dir='ltr'><em>sine</em></span> 
     </span>
    </p>
   </div>
   <div class='ocr_carea' id='block_1_105' title="bbox 243 5075 1867 5152">
    <p class='ocr_par' dir='ltr' id='par_1_105' title="bbox 243 5075 1850 5152">
     <span class='ocr_line' id='line_1_105' title="bbox 243 5075 1850 5152; baseline 0.002 -25"><span class='ocrx_word' id='word_1_758' title='bbox 243 5079 382 5128; x_wconf 86' lang='grc' dir='ltr'><em>κατά</em></span> <span class='ocrx_word' id='word_1_759' title='bbox 422 5077 593 5147; x_wconf 84' lang='grc' dir='ltr'><em>πόλιν,</em></span> <span class='ocrx_word' id='word_1_760' title='bbox 647 5081 716 5140; x_wconf 83' lang='grc' dir='ltr'><em>ὡς</em></span> <span class='ocrx_word' id='word_1_761' title='bbox 763 5077 863 5150; x_wconf 80' lang='grc' dir='ltr'><em>ἐγώ</em></span> <span class='ocrx_word' id='word_1_762' title='bbox 928 5098 1014 5131; x_wconf 88' lang='grc' dir='ltr'><em>σοι</em></span> <span class='ocrx_word' id='word_1_763' title='bbox 1065 5075 1404 5152; x_wconf 72' lang='grc' dir='ltr'><em>διεταξάμην.</em></span> <span class='ocrx_word' id='word_1_764' title='bbox 1448 5082 1509 5131; x_wconf 81' lang='grc' dir='ltr'>Εἰ</span> <span class='ocrx_word' id='word_1_765' title='bbox 1563 5084 1639 5140; x_wconf 87' lang='grc' dir='ltr'><em>τίς</em></span> <span class='ocrx_word' id='word_1_766' title='bbox 1711 5077 1850 5132; x_wconf 88' lang='grc' dir='ltr'><em>ἐστιν</em></span> 
     </span>
    </p>
   </div>
   <div class='ocr_carea' id='block_1_106' title="bbox 1997 5075 3621 5152">
    <p class='ocr_par' dir='ltr' id='par_1_106' title="bbox 1999 5075 3621 5149">
     <span class='ocr_line' id='line_1_106' title="bbox 1999 5075 3621 5149; baseline -0.003 -14"><span class='ocrx_word' id='word_1_767' title='bbox 1999 5082 2217 5137; x_wconf 82' lang='lat' dir='ltr'><em>rimme</em></span> <span class='ocrx_word' id='word_1_768' title='bbox 2237 5085 2344 5140; x_wconf 90' lang='lat' dir='ltr'><em>est.</em></span> <span class='ocrx_word' id='word_1_769' title='bbox 2368 5081 2548 5135; x_wconf 87' lang='lat' dir='ltr'><em>unius</em></span> <span class='ocrx_word' id='word_1_770' title='bbox 2573 5081 2785 5136; x_wconf 69' lang='lat' dir='ltr'><em>uxoris</em></span> <span class='ocrx_word' id='word_1_771' title='bbox 2817 5079 2928 5149; x_wconf 87' lang='lat' dir='ltr'><em>vir,</em></span> <span class='ocrx_word' id='word_1_772' title='bbox 2951 5079 3110 5146; x_wconf 82' lang='lat' dir='ltr'><em>ﬁlios</em></span> <span class='ocrx_word' id='word_1_773' title='bbox 3143 5075 3367 5132; x_wconf 85' lang='lat' dir='ltr'><em>habens</em></span> <span class='ocrx_word' id='word_1_774' title='bbox 3394 5075 3621 5144; x_wconf 79' lang='lat' dir='ltr'><em>ﬁdeles,</em></span> 
     </span>
    </p>
   </div>
   <div class='ocr_carea' id='block_1_107' title="bbox 245 5164 1869 5242">
    <p class='ocr_par' dir='ltr' id='par_1_107' title="bbox 245 5164 1848 5242">
     <span class='ocr_line' id='line_1_107' title="bbox 245 5164 1848 5242; baseline 0.002 -24"><span class='ocrx_word' id='word_1_775' title='bbox 245 5164 576 5239; x_wconf 73' lang='grc' dir='ltr'><em>ἀνέγκλητος,</em></span> <span class='ocrx_word' id='word_1_776' title='bbox 620 5173 741 5240; x_wconf 86' lang='grc' dir='ltr'><em>μιᾶς</em></span> <span class='ocrx_word' id='word_1_777' title='bbox 787 5172 1034 5240; x_wconf 83' lang='grc' dir='ltr'><em>γυναικός</em></span> <span class='ocrx_word' id='word_1_778' title='bbox 1092 5167 1240 5242; x_wconf 72' lang='grc' dir='ltr'><em>ἀνὴρ,</em></span> <span class='ocrx_word' id='word_1_779' title='bbox 1284 5173 1437 5221; x_wconf 83' lang='grc' dir='ltr'><em>τέκνα</em></span> <span class='ocrx_word' id='word_1_780' title='bbox 1495 5171 1630 5241; x_wconf 78' lang='grc' dir='ltr'><em>ἔχων</em></span> <span class='ocrx_word' id='word_1_781' title='bbox 1661 5172 1848 5240; x_wconf 85' lang='grc' dir='ltr'><em>πιστὰ,</em></span> 
     </span>
    </p>
   </div>
   <div class='ocr_carea' id='block_1_108' title="bbox 1995 5164 3619 5242">
    <p class='ocr_par' dir='ltr' id='par_1_108' title="bbox 1995 5165 3619 5239">
     <span class='ocr_line' id='line_1_108' title="bbox 1995 5165 3619 5239; baseline -0.004 -14"><span class='ocrx_word' id='word_1_782' title='bbox 1995 5188 2083 5227; x_wconf 70' lang='grc' dir='ltr'><em>ιοη</em></span> <span class='ocrx_word' id='word_1_783' title='bbox 2136 5172 2201 5227; x_wconf 88' lang='lat' dir='ltr'><em>in</em></span> <span class='ocrx_word' id='word_1_784' title='bbox 2259 5171 2640 5228; x_wconf 86' lang='lat' dir='ltr'><em>accusatione</em></span> <span class='ocrx_word' id='word_1_785' title='bbox 2696 5169 2978 5239; x_wconf 53' lang='lat' dir='ltr'><em>luxuria,</em></span> <span class='ocrx_word' id='word_1_786' title='bbox 3011 5173 3118 5224; x_wconf 87' lang='lat' dir='ltr'><em>aut</em></span> <span class='ocrx_word' id='word_1_787' title='bbox 3171 5182 3292 5222; x_wconf 91' lang='lat' dir='ltr'><em>non</em></span> <span class='ocrx_word' id='word_1_788' title='bbox 3333 5165 3619 5221; x_wconf 84' lang='lat' dir='ltr'><em>subditos.</em></span> 
     </span>
    </p>
   </div>
   <div class='ocr_carea' id='block_1_109' title="bbox 245 5254 1869 5335">
    <p class='ocr_par' dir='ltr' id='par_1_109' title="bbox 245 5254 1847 5335">
     <span class='ocr_line' id='line_1_109' title="bbox 245 5254 1847 5335; baseline 0.002 -26"><span class='ocrx_word' id='word_1_789' title='bbox 245 5259 318 5330; x_wconf 82' lang='grc' dir='ltr'><em>μὴ</em></span> <span class='ocrx_word' id='word_1_790' title='bbox 380 5254 428 5308; x_wconf 80' lang='grc' dir='ltr'><em>ἐν</em></span> <span class='ocrx_word' id='word_1_791' title='bbox 487 5262 783 5333; x_wconf 77' lang='grc' dir='ltr'><em>κατηγορίᾳ</em></span> <span class='ocrx_word' id='word_1_792' title='bbox 833 5256 1082 5325; x_wconf 82' lang='grc' dir='ltr'><em>ἀσωτίας,</em></span> <span class='ocrx_word' id='word_1_793' title='bbox 1135 5259 1164 5317; x_wconf 68' lang='grc' dir='ltr'>ἦ</span> <span class='ocrx_word' id='word_1_794' title='bbox 1225 5256 1576 5320; x_wconf 85' lang='grc' dir='ltr'><em>ἀνυπότακτα.</em></span> <span class='ocrx_word' id='word_1_795' title='bbox 1628 5266 1711 5312; x_wconf 86' lang='grc' dir='ltr'><em>Δεῖ</em></span> <span class='ocrx_word' id='word_1_796' title='bbox 1747 5263 1847 5335; x_wconf 80' lang='grc' dir='ltr'><em>γὰρ</em></span> 
     </span>
    </p>
   </div>
   <div class='ocr_carea' id='block_1_110' title="bbox 1997 5254 3621 5335">
    <p class='ocr_par' dir='ltr' id='par_1_110' title="bbox 1997 5255 3621 5332">
     <span class='ocr_line' id='line_1_110' title="bbox 1997 5255 3621 5332; baseline -0.004 -17"><span class='ocrx_word' id='word_1_797' title='bbox 1997 5263 2213 5332; x_wconf 77' lang='lat' dir='ltr'><em>)portet</em></span> <span class='ocrx_word' id='word_1_798' title='bbox 2245 5262 2400 5318; x_wconf 90' lang='lat' dir='ltr'><em>enim</em></span> <span class='ocrx_word' id='word_1_799' title='bbox 2436 5262 2778 5332; x_wconf 87' lang='lat' dir='ltr'><em>episcopum</em></span> <span class='ocrx_word' id='word_1_800' title='bbox 2803 5260 2935 5315; x_wconf 87' lang='lat' dir='ltr'><em>sine</em></span> <span class='ocrx_word' id='word_1_801' title='bbox 2987 5258 3238 5314; x_wconf 77' lang='lat' dir='ltr'><em>crimine</em></span> <span class='ocrx_word' id='word_1_802' title='bbox 3286 5271 3424 5323; x_wconf 84' lang='lat' dir='ltr'><em>esse,</em></span> <span class='ocrx_word' id='word_1_803' title='bbox 3469 5255 3621 5312; x_wconf 84' lang='lat' dir='ltr'><em>sicut</em></span> 
     </span>
    </p>
   </div>
   <div class='ocr_carea' id='block_1_111' title="bbox 319 5467 1943 5555">
    <p class='ocr_par' dir='ltr' id='par_1_111' title="bbox 319 5467 1843 5555">
     <span class='ocr_line' id='line_1_111' title="bbox 319 5467 1843 5555; baseline 0.001 -28"><span class='ocrx_word' id='word_1_804' title='bbox 473 5469 722 5555; x_wconf 50' lang='lat' dir='ltr'><em>éntiqui</em></span> <span class='ocrx_word' id='word_1_805' title='bbox 757 5471 880 5553; x_wconf 58' lang='lat' dir='ltr'><em>duo</em></span> <span class='ocrx_word' id='word_1_806' title='bbox 924 5470 1062 5555; x_wconf 51' lang='lat' dir='ltr'><em>lilsri</em></span> <span class='ocrx_word' id='word_1_807' title='bbox 1111 5467 1332 5555; x_wconf 48' lang='grc' dir='ltr'><em>ἀδέλῇὸν</em></span> <span class='ocrx_word' id='word_1_808' title='bbox 1363 5471 1544 5542; x_wconf 74' lang='grc' dir='ltr'><em>αὐτοῦ,</em></span> <span class='ocrx_word' id='word_1_809' title='bbox 1578 5471 1843 5530; x_wconf 61' lang='grc' dir='ltr'><em>Ἰάκωϐον.</em></span> 
     </span>
    </p>
   </div>
   <div class='ocr_carea' id='block_1_112' title="bbox 1993 5467 3617 5555">
    <p class='ocr_par' dir='ltr' id='par_1_112' title="bbox 2033 5469 3617 5555">
     <span class='ocr_line' id='line_1_112' title="bbox 2033 5469 3617 5555; baseline -0.005 -21"><span class='ocrx_word' id='word_1_810' title='bbox 2033 5477 2148 5550; x_wconf 86' lang='grc'><em>(30)</em></span> <span class='ocrx_word' id='word_1_811' title='bbox 2191 5479 2450 5555; x_wconf 75' lang='lat' dir='ltr'><em>Utraque</em></span> <span class='ocrx_word' id='word_1_812' title='bbox 2471 5475 2652 5555; x_wconf 68' lang='lat' dir='ltr'><em>editio</em></span> <span class='ocrx_word' id='word_1_813' title='bbox 2682 5474 2933 5555; x_wconf 63' lang='lat' dir='ltr'><em>perinde</em></span> <span class='ocrx_word' id='word_1_814' title='bbox 2963 5477 3229 5555; x_wconf 40' lang='lat' dir='ltr'><em>utsacer&#39;</em></span> <span class='ocrx_word' id='word_1_815' title='bbox 3248 5474 3455 5555; x_wconf 52' lang='lat' dir='ltr'><em>textus</em></span> <span class='ocrx_word' id='word_1_816' title='bbox 3481 5469 3617 5552; x_wconf 60' lang='grc' dir='ltr'><em>γυι-</em></span> 
     </span>
    </p>
   </div>
   <div class='ocr_carea' id='block_1_113' title="bbox 319 5539 1943 5624">
    <p class='ocr_par' dir='ltr' id='par_1_113' title="bbox 319 5539 1536 5624">
     <span class='ocr_line' id='line_1_113' title="bbox 319 5539 1536 5624; baseline 0.003 -29"><span class='ocrx_word' id='word_1_817' title='bbox 319 5539 430 5624; x_wconf 59' lang='grc' dir='ltr'><em>ςὲὃ)</em></span> <span class='ocrx_word' id='word_1_818' title='bbox 469 5539 867 5624; x_wconf 47' lang='grc' dir='ltr'><em>βεδῘίθΓίὶιιε</em></span> <span class='ocrx_word' id='word_1_819' title='bbox 890 5546 1019 5624; x_wconf 67' lang='grc' dir='ltr'><em>μετά</em></span> <span class='ocrx_word' id='word_1_820' title='bbox 1044 5552 1143 5624; x_wconf 73' lang='grc' dir='ltr'><em>τῶν</em></span> <span class='ocrx_word' id='word_1_821' title='bbox 1167 5539 1396 5600; x_wconf 75' lang='grc' dir='ltr'><em>δώδεκα.</em></span> <span class='ocrx_word' id='word_1_822' title='bbox 1531 5539 1536 5542; x_wconf 16' lang='grc' dir='ltr'><strong>Ἴ</strong></span> 
     </span>
    </p>
   </div>
   <div class='ocr_carea' id='block_1_114' title="bbox 1991 5539 3615 5624">
    <p class='ocr_par' dir='ltr' id='par_1_114' title="bbox 1991 5539 3615 5624">
     <span class='ocr_line' id='line_1_114' title="bbox 1991 5539 3615 5624; baseline -0.004 -21"><span class='ocrx_word' id='word_1_823' title='bbox 1991 5539 2143 5624; x_wconf 48' lang='lat' dir='ltr'><em>tatus,</em></span> <span class='ocrx_word' id='word_1_824' title='bbox 2176 5539 2456 5624; x_wconf 59' lang='lat' dir='ltr'><em>ei;__xpiua</em></span> <span class='ocrx_word' id='word_1_825' title='bbox 2505 5539 2703 5624; x_wconf 65' lang='grc' dir='ltr'><em>εμπέσῇ</em></span> <span class='ocrx_word' id='word_1_826' title='bbox 2739 5555 2844 5624; x_wconf 17' lang='grc' dir='ltr'><em>,τοῦ</em></span> <span class='ocrx_word' id='word_1_827' title='bbox 2900 5543 3168 5624; x_wconf 74' lang='grc' dir='ltr'><em>διαϐόλου,</em></span> <span class='ocrx_word' id='word_1_828' title='bbox 3209 5543 3615 5624; x_wconf 10' lang='grc' dir='ltr'><em>ίηγγιίιιιίίσίιιηι</em></span> 
     </span>
    </p>
   </div>
   <div class='ocr_carea' id='block_1_115' title="bbox 287 5607 1911 5692">
    <p class='ocr_par' dir='ltr' id='par_1_115' title="bbox 287 5607 1840 5692">
     <span class='ocr_line' id='line_1_115' title="bbox 287 5607 1840 5692; baseline -0.001 -22"><span class='ocrx_word' id='word_1_829' title='bbox 287 5607 1119 5692; x_wconf 52' lang='grc' dir='ltr'><em>⁸(29⁷)ιιειξιιῑιειιῃιιεί(ξιίἱιίᾳ.</em></span> <span class='ocrx_word' id='word_1_830' title='bbox 1175 5617 1317 5671; x_wconf 58' lang='lat' dir='ltr'><em>Duas</em></span> <span class='ocrx_word' id='word_1_831' title='bbox 1375 5617 1471 5692; x_wconf 72' lang='lat' dir='ltr'><em>th</em></span> <span class='ocrx_word' id='word_1_832' title='bbox 1517 5633 1716 5688; x_wconf 84' lang='lat' dir='ltr'><em>voces,</em></span> <span class='ocrx_word' id='word_1_833' title='bbox 1769 5623 1840 5691; x_wconf 77' lang='grc' dir='ltr'><em>μή</em></span> 
     </span>
    </p>
   </div>
   <div class='ocr_carea' id='block_1_116' title="bbox 1987 5607 3611 5692">
    <p class='ocr_par' dir='ltr' id='par_1_116' title="bbox 1987 5607 3611 5692">
     <span class='ocr_line' id='line_1_116' title="bbox 1987 5607 3611 5692; baseline -0.009 -15"><span class='ocrx_word' id='word_1_834' title='bbox 1987 5607 2192 5677; x_wconf 58' lang='grc' dir='ltr'><em>ἧσίάαι</em></span> <span class='ocrx_word' id='word_1_835' title='bbox 2223 5607 2475 5692; x_wconf 31' lang='grc' dir='ltr'><em>ᾆίάὸὸιίλ.</em></span> <span class='ocrx_word' id='word_1_836' title='bbox 2510 5607 2704 5692; x_wconf 62' lang='grc' dir='ltr'><em>Νρξῒιτῖ</em></span> <span class='ocrx_word' id='word_1_837' title='bbox 2732 5623 2851 5674; x_wconf 86' lang='lat' dir='ltr'><em>trcs</em></span> <span class='ocrx_word' id='word_1_838' title='bbox 2895 5634 3040 5674; x_wconf 88' lang='lat' dir='ltr'><em>mss.</em></span> <span class='ocrx_word' id='word_1_839' title='bbox 3085 5607 3165 5678; x_wconf 66' lang='grc' dir='ltr'><em>εἰς’</em></span> <span class='ocrx_word' id='word_1_840' title='bbox 3207 5607 3369 5688; x_wconf 70' lang='grc' dir='ltr'><em>κρῖμα</em></span> <span class='ocrx_word' id='word_1_841' title='bbox 3416 5613 3611 5686; x_wconf 81' lang='grc' dir='ltr'><em>ἐμπέσῃ</em></span> 
     </span>
    </p>
   </div>
   <div class='ocr_carea' id='block_1_117' title="bbox 245 5683 1869 5766">
    <p class='ocr_par' dir='ltr' id='par_1_117' title="bbox 245 5683 1778 5761">
     <span class='ocr_line' id='line_1_117' title="bbox 245 5683 1778 5761; baseline 0.009 -26"><span class='ocrx_word' id='word_1_842' title='bbox 245 5683 640 5761; x_wconf 73' lang='grc' dir='ltr'><em>αἰσχροκερδῆ,</em></span> <span class='ocrx_word' id='word_1_843' title='bbox 673 5687 736 5745; x_wconf 87' lang='lat' dir='ltr'><em>in</em></span> <span class='ocrx_word' id='word_1_844' title='bbox 761 5683 986 5745; x_wconf 74' lang='lat' dir='ltr'><em>hostris</em></span> <span class='ocrx_word' id='word_1_845' title='bbox 1015 5685 1208 5744; x_wconf 72' lang='lat' dir='ltr'><em>tribus</em></span> <span class='ocrx_word' id='word_1_846' title='bbox 1244 5688 1656 5748; x_wconf 86' lang='lat' dir='ltr'><em>mss.desunt.</em></span> <span class='ocrx_word' id='word_1_847' title='bbox 1697 5683 1710 5688; x_wconf 66' lang='grc'><strong>⁷</strong></span> <span class='ocrx_word' id='word_1_848' title='bbox 1769 5683 1778 5691; x_wconf 84' lang='grc'><em>’</em></span> 
     </span>
    </p>
   </div>
   <div class='ocr_carea' id='block_1_118' title="bbox 1085 5683 2709 5766">
    <p class='ocr_par' dir='ltr' id='par_1_118' title="bbox 1085 5683 2709 5766">
     <span class='ocr_line' id='line_1_118' title="bbox 1085 5683 2709 5766; baseline 0.003 -25"><span class='ocrx_word' id='word_1_849' title='bbox 1085 5685 1208 5744; x_wconf 83' lang='lat' dir='ltr'><em>bus</em></span> <span class='ocrx_word' id='word_1_850' title='bbox 1244 5688 1656 5748; x_wconf 87' lang='lat' dir='ltr'><em>mss.desunt.</em></span> <span class='ocrx_word' id='word_1_851' title='bbox 1697 5683 1710 5688; x_wconf 56' lang='grc'><em>’</em></span> <span class='ocrx_word' id='word_1_852' title='bbox 1769 5683 1778 5691; x_wconf 65' lang='grc'><em>’</em></span> <span class='ocrx_word' id='word_1_853' title='bbox 1959 5697 2049 5746; x_wconf 86' lang='grc' dir='ltr'><em>καὶ</em></span> <span class='ocrx_word' id='word_1_854' title='bbox 2078 5689 2288 5766; x_wconf 87' lang='grc' dir='ltr'><em>παγίδα</em></span> <span class='ocrx_word' id='word_1_855' title='bbox 2323 5699 2414 5746; x_wconf 77' lang='grc' dir='ltr'><em>τοῦ</em></span> <span class='ocrx_word' id='word_1_856' title='bbox 2441 5687 2476 5745; x_wconf 86' lang='grc' dir='ltr'><em>δ</em></span> <span class='ocrx_word' id='word_1_857' title='bbox 2482 5689 2709 5746; x_wconf 80' lang='grc' dir='ltr'><em>ιαϐόλου.</em></span> 
     </span>
    </p>
   </div>
  </div>
