4112 6402
450 333 552 384 819

1836 332 1888 385 S.
1937 330 2154 387 UASILI
2197 332 2419 388 MXGN!

3717 339 3823 392 8‘20

446 455 557 510 Dei
595 455 1106 524 dispensatorem:
1161 473 1283 513 non
1304 457 1649 526 superbum,
1685 470 1805 510 non
1857 456 2097 510 iracun-

2227 457 2293 504 ’ὸν
2341 453 2625 507 ἐπίσκοπον
2671 455 2980 528 ἀνέγκλητον
3032 454 3182 525 εἶναι,
3234 459 3303 519 ὡς
3344 466 3477 509 (θεοῦ
3513 457 3820 531 οἰκονόμον,

443 544 609 610 dum,
643 561 763 602 non
795 548 1189 618 vinolentum,
1220 561 1341 602 non
1366 560 1796 615 percussorem,
1821 559 1941 599 non
1977 549 2102 598 tur-

442 635 535 702 pis
566 634 727 691 lucri
743 636 1051 706 cupidum,
1079 636 1180 693 sed
1200 635 1585 705 hospitalem,
1611 635 1750 690 boni
1772 638 2099 701 amantem,

442 723 730 790 sobrium,
765 726 1027 796 justum,
1049 729 1345 796 sanctum,
1399 726 1821 792 continentem,
1847 722 2106 791 amplec-

2208 548 2279 619 μὴ
2350 542 2557 602 αὐθάδη
2626 548 2762 614 (3'2),
2830 551 2901 619 μὴ
2970 545 3196 620 ὀργίλον,
3266 551 3337 620 μὴ
3408 548 3677 619 πάροινον,
3737 554 3807 620 μὴ

2209 631 2465 701 πλήκτην,
2520 639 2591 707 μὴ
2670 631 3061 709 αἰσχροκερδῆ,
3123 632 3252 687 ἀλλὰ
3316 635 3595 709 φιλόξενον,
3674 636 3820 708 φιλά-

2209 724 2388 794 γαθον,
2460 729 2721 798 σώφρονα,

2805 721 3032 792 δίκαιον,
3115 726 3257 778 ὅσιον
3339 723 3588 802 ἐγκρατῆ,
3669 724 3821 778 ἀντε-

446 817 662 870 tentem
700 829 831 871 eum
861 816 967 887 qui
988 816 1315 872 secundum
1359 816 1697 871 doctrinam
1738 818 1822 869 est
1863 812 2103 882 ﬁdelem

2227 815 2432 885 ζόμενον
2489 821 2581 866 τοῦ
2634 816 2769 865 κατὰ
2812 819 2906 874 τὴν
2967 811 3209 886 διδαχὴν
3264 823 3458 867 πιστοῦ
3512 814 3690 887 λόγου,
3738 819 3823 868 ἶνα

444 918 792 977 sermonem,
819 911 885 961 ut
923 912 1136 975 potens
1166 907 1239 962 sit
1275 911 1329 962 et
1373 905 1693 962 exhortari
1733 903 1797 958 in
1827 902 2101 958 doctrina

443 1007 615 1065 sana,
639 999 695 1051 et
721 1009 816 1053 eos
859 996 966 1067 qui
985 995 1432 1077 contradicunt,
1454 1008 1712 1067 arguere
1730 993 1867 1056 (Tit.
1890 1008 1927 1061 ι,
1960 991 2104 1062 5-9).

448 1186 619 1252 Quod
644 1203 768 1245 non
788 1192 1023 1261 oportet
1051 1188 1291 1246 facilem
1320 1204 1451 1245 esse
1481 1185 1639 1243 circa
1666 1185 2101 1255 ordinationes,

519 1292 716 1349 neque
744 1277 822 1334 ad
861 1294 965 1335 eas
992 1278 1513 1335 inconsiderauter
1554 1276 1874 1334 accedere:
1908 1292 2106 1350 quan-

519 1367 852 1439 doquidem
874 1383 999 1424 non
1025 1372 1200 1425 vacat
1229 1365 1516 1440 periculo,
1549 1364 1853 1439 quidquid
1881 1365 2106 1438 proba-

522 1461 649 1513 tum
675 1473 799 1515 non
832 1463 944 1515 est.
969 1459 1022 1513 Si
1048 1458 1186 1532 quis
1212 1462 1413 1515 autem
1436 1457 1790 1530 quempiam
1812 1455 1873 1515 in
1902 1455 2106 1529 aliquo

519 1546 736 1603 delicto
763 1546 1247 1620 deprehenderit,
1301 1564 1442 1604 eum
1490 1546 1746 1620 prodere
1794 1544 1994 1614 debet,
2044 1548 2122 1601 ut'

520 1652 721 1711 neque
742 1636 876 1710 ipse
905 1637 1137 1710 peccati
1177 1636 1483 1710 particeps
1519 1635 1650 1702 ﬁat,
1674 1650 1872 1710 neque
1891 1632 2110 1708 reliqui

518 1725 929 1797 offenduntur,
956 1726 1066 1785 sed
1105 1726 1301 1798 magis
1325 1726 1537 1785 timere
1560 1724 1820 1783 discant.

1120 1925 1318 1995 Caput
1364 1925 1446 1983 II.

521 2050 743 2108 Manus
772 2049 886 2107 cito
911 2049 1141 2108 nemini
1159 2050 1536 2122 imposueris,
1568 2063 1755 2122 neque
1786 2047 2114 2105 communi-

454 2141 686 2198 caveris
731 2141 996 2212 peccatis
1017 2140 1234 2197 alienis
1268 2140 1318 2211 (Ι
1348 2142 1499 2197 Tim.
1532 2157 1587 2208 v,
1606 2143 1777 2199 22)...
1809 2138 2114 2195 Adversus

449 2232 871 2302 presbyterum
926 2232 1364 2288 accusationem
1402 2231 1530 2286 noli
1553 2232 1836 2300 recipere,
1860 2230 1978 2285 nisi
2003 2228 2113 2284 sub

453 2320 684 2377 duobus
714 2326 819 2377 aut
868 2321 1063 2377 tribus
1104 2320 1370 2378 testibus.
1417 2321 1744 2377 Peccantes
1791 2324 1990 2376 autem
2021 2333 2114 2375 co-

450 2425 584 2469 ram
613 2410 888 2467 omnibus
916 2425 1126 2484 argue,
1149 2415 1216 2468 ut
1237 2417 1293 2468 et
1324 2415 1450 2467 casti
1468 2411 1528 2467 ri
1552 2412 1823 2468 timorem
1846 2408 2113 2468 habeant

448 2500 614 2573 (ibid.
652 2504 855 2572 19-20).

457 2697 631 2771 293
662 2698 838 2766 Quod
868 2714 992 2756 non
1023 2702 1260 2773 oportet
1279 2715 1420 2756 eum
1451 2699 1555 2773 qui
1576 2699 1801 2757 electus
1820 2702 1934 2770 est,
1966 2715 2005 2757 a.
2047 2715 2111 2756 se

522 2787 659 2862 ipso
687 2788 768 2844 ad
807 2787 1304 2863 praedicationem
1353 2789 1679 2847 accedere:
1724 2789 1834 2846 sed
1868 2794 2112 2862 tempus

521 2876 890 2951 beneplaciti
915 2878 1018 2937 Dei
1044 2883 1381 2953 expectare,
1410 2883 1663 2953 tumque
1684 2879 1935 2949 aggredi
1963 2895 2114 2952 prae-

525 2967 916 3039 dicationem,
974 2985 1116 3027 cum
1187 2969 1317 3027 haec
1373 2985 1523 3027 cura
1577 2968 1693 3026 sibi
1740 2968 2115 3027 demandata

520 3057 934 3133 fuerit,iisque
965 3058 1318 3133 praedicare,
1349 3059 1427 3118 ad
1470 3075 1629 3133 quos
1658 3058 1882 3119 missus
1911 3058 2109 3117 fuerit.

1097 3240 1300 3313 Caput
1348 3241 1470 3299 III.

523 3366 650 3422 Hos
679 3365 992 3423 duodecim
1021 3367 1184 3422 misit
1233 3367 1405 3423 Jesus
1436 3382 1450 3420 :
1494 3366 1861 3436 prwcipiens
1890 3367 1994 3434 eis,
2024 3366 2116 3422 di-

457 3470 631 3511 cens:
662 3455 739 3510 In
759 3457 918 3511 viam
940 3456 1210 3541 gentium
1242 3471 1319 3511 ne
1338 3455 1629 3522 abieritis,
1646 3461 1700 3511 et
1721 3458 1785 3511 in
1815 3457 2115 3512 civitatem

456 3543 985 3601 Samaritanorum
1016 3560 1090 3601 ne
1118 3546 1496 3602 intraveritis
1526 3563 1546 3600 .-
1577 3545 1681 3601 sed
1699 3546 1903 3615 potius
1930 3546 2010 3601 ite
2039 3545 2120 3601 ad

458 3650 593 3692 oves
622 3649 752 3707 qum
775 3636 1093 3704 perierunt
1124 3636 1335 3691 domus
1361 3636 1551 3693 Israel
1572 3636 1812 3708 (Matth.
1838 3653 1898 3704 ,x,
1924 3640 1974 3704 ὅ,
1994 3636 2116 3707 6)...

458 3726 540 3780 Et
551 3738 682 3781 ecce
696 3726 916 3782 mulier
938 3725 1286 3782 Chananaea
1308 3741 1345 3782 a
1362 3725 1587 3795 ﬁnibus
1604 3727 1732 3782 illis
1745 3740 1978 3797 egressa
2000 3727 2122 3782 cla-

455 3818 666 3884 movit,
681 3817 885 3873 dicens
911 3817 967 3873 ei
986 3831 1006 3871 .’
1025 3816 1454 3883 Misereremei,
1478 3816 1750 3882 Domine,
1768 3816 1862 3885 ﬁli
1879 3816 2082 3872 David
2105 3832 2119 3873 :

457 3908 733 3975 ﬁliamea
743 3908 904 3963 male
919 3921 955 3963 a
968 3907 1261 3962 dwmonio
1280 3911 1539 3963 vexatur
1563 3924 1574 3962 :
1611 3907 1718 3977 qui
1734 3922 1853 3962 non
1875 3920 2121 3975 respon-

460 3997 550 4053 dit
570 3998 625 4054 ei
642 3997 909 4053 verbum.
930 3997 1009 4052 Et
1024 3996 1371 4054 accedentes
1382 3996 1666 4065 discipuli
1685 3999 1809 4066 ejus
1821 3996 2124 4066 rogabant

463 4101 617 4158 eum,
650 4085 913 4142 dicentes
943 4102 956 4141 :
984 4086 1232 4141 Dimitte
1261 4100 1409 4156 eam,
1426 4086 1569 4156 quia
1597 4086 1821 4142 clamat
1840 4093 1971 4155 post
1991 4100 2121 4141 nos.

463 4177 599 4246 Ipse
620 4179 822 4232 autem
842 4175 1203 4245 respondens
1225 4175 1312 4231 ait
1331 4191 1344 4230 :
1365 4174 1503 4230 Non
1524 4190 1656 4230 sum
1677 4174 1892 4231 missus
1910 4174 2032 4231 nisi
2045 4173 2126 4231 ad

467 4264 1304 4335 oves,quaaperieruntdomus
1319 4264 1514 4321 Israel
1531 4263 1769 4341 (Matth,
1792 4280 1891 4332 xv,
1913 4268 2123 4334 22-24).

465 4355 598 4426 Ego
624 4355 781 4411 enim
811 4370 887 4412 ex
913 4356 1034 4411 Deo
1078 4355 1346 4423 processi
1372 4359 1429 4411 et
1458 4356 1597 4412 veni
1626 4372 1638 4410 :
1680 4370 1870 4427 neque
1899 4357 2056 4412 enim
2087 4371 2125 4414 a

466 4446 691 4515 meipso
712 4446 864 4511 veni,
892 4445 995 4501 sed
1023 4446 1131 4500 ille
1158 4459 1251 4501 me
1284 4445 1446 4501 misit
1474 4446 1672 4512 (Joan.
1706 4461 1823 4513 vm,
1848 4448 2006 4505 42)...
2045 4447 2126 4501 Et

466 4536 568 4591 illi
592 4535 831 4607 quidem
848 4536 953 4606 qui
967 4535 1226 4605 dispersi
1238 4534 1495 4604 fuerant
1516 4551 1552 4591 a
1580 4536 1977 4592 tribulatione
1994 4550 2127 4607 quae
2155 4530 2200 4584 D
2232 4533 2360 4588 λότα
2441 4539 2586 4590 οἴκου

464 4624 635 4695 facta
644 4625 854 4694 fuerat
872 4623 981 4679 sub
996 4624 1326 4693 Stephano,
1339 4624 1630 4691 perumbu
1640 4625 1920 4681 laverunt
1941 4639 2129 4696 usque

468 4714 817 4784 Phoenicen,
844 4720 899 4771 et
927 4714 1220 4784 Cyprum,
1248 4719 1303 4770 et
1332 4714 1734 4781 Antiochiam,
1768 4715 1999 4771 nemini
2048 4716 2129 4772 lo-

467 4809 714 4875 quentes
734 4803 1137 4873 verbum,nisi
1152 4803 1295 4859 solis
1322 4803 1552 4860 Judceis
1571 4805 1725 4874 (Act.
1754 4820 1837 4871 χι,
1872 4807 2123 4861 tit-20)...

469 4895 704 4951 Paulus
724 4909 933 4951 servus
959 4894 1101 4949 Jesu
1131 4893 1381 4960 Christi,
1413 4900 1660 4950 vocatus
1685 4894 2015 4962 apostolus,
2046 4908 2130 4950 se-

469 4989 757 5054 gregatus
784 4984 847 5040 in
877 4984 1283 5054 Evangelium
1307 4984 1419 5040 Dei
1443 4984 1628 5043 (Rom.
1658 5001 1698 5053 ι,
1730 4986 1803 5055 1).
1829 4984 2129 5051 Quomodo

470 5080 671 5131 autem
682 5073 1072 5131 audientsine
1079 5071 1497 5142 praedicante?
1515 5073 1809 5145 quomodo
1823 5086 1959 5130 vero
1971 5089 2132 5144 pra?-

473 5164 788 5230 dicabunt,
812 5164 934 5220 nisi
960 5160 1335 5219 mittantur?
1353 5164 1542 5234 (Rom.
1564 5166 1725 5233 x,14,
1760 5164 1913 5234 t5)...
1961 5165 2129 5221 Pau-

473 5254 569 5310 lus
593 5255 900 5324 apostolus
913 5255 1057 5310 Jesu
1080 5253 1313 5310 Christi
1329 5254 1657 5311 secundum
1677 5254 1996 5324 imperium
2017 5256 2131 5312 Dei

545 5454 658 5529 (31)
698 5454 944 5527 Antiqui
982 5457 1101 5529 tres
1129 5453 1283 5529 libri
1324 5452 1621 5529 ἀπξλιτςον.
1654 5457 1915 5529 Utraque
1942 5456 2126 5514 editio

469 5523 762 5602 κατέλιπον.
795 5523 922 5602 Mox
945 5526 1127 5582 editio
1158 5527 1338 5582 Paris.
1392 5523 1917 5602 ἐπιδιορθὼσης.’Λί
1970 5546 2121 5587 mss.

470 5604 587 5673 tres
617 5596 972 5673 ἐπιδιορθώσῃ
986 5640 998 5652 .

541 5671 651 5743 (32)
692 5657 863 5736 lllu'd,
898 5657 967 5742 ui;
1017 5667 1249 5735 αὐθάδη,
1277 5669 1449 5727 deest
1473 5669 1725 5744 quidem
1769 5671 1834 5729 in
1861 5671 2125 5739 editione

2214 898 2440 964 δυνατὸς
2531 908 2621 955 καὶ
2655 902 2971 976 παρακαλεῖν
3003 902 3050 956 ἐν
3082 911 3143 979 τῇ
3206 905 3516 978 ὑγιαινούσῃ
3554 900 3822 957 διδασκα-

2212 991 2321 1066 λίᾳ,
2354 999 2443 1047 καὶ
2473 999 2594 1057 τοὺς
2621 993 2981 1067 ἀντιλέγοντας
3008 994 3265 1069 ἐλέγχειν.

2212 1188 2332 1242 Ὀτι
2370 1189 2429 1244 ού
2480 1186 2563 1243 δεῖ
2612 1195 2730 1264 περὶ
2760 1193 2853 1253 τὰς
2906 1195 3234 1265 χειροτονίας
3279 1190 3470 1265 εὐχερῆ
3516 1198 3669 1259 εἶναι,
3702 1194 3822 1247 οὔτε

2286 1278 2678 1354 ἀπερισκέπτως
2730 1279 2806 1334 ἐπ’
2869 1281 3031 1343 αὐτὰς
3059 1281 3334 1354 ἔρχεσθαι·
3405 1281 3463 1335 ού
3520 1284 3621 1356 γὰρ
3679 1279 3822 1335 ἁκίν-ιι

2288 1367 2441 1424 δυνον
2482 1375 2540 1424 τὸ
2582 1368 2856 1445 ἀδόκιμονι
2908 1377 2994 1426 τὸν
3046 1368 3105 1426 δὲ
3153 1372 3345 1426 ἁλόντα
3391 1370 3475 1425 ἐπί
3524 1392 3629 1424 τινι
3673 1392 3821 1445 φανε-

2285 1468 2431 1534 ροῦν,
2467 1463 2550 1513 ἵνα
2593 1466 2725 1534 μήτε
2764 1462 2921 1523 αὐτὸς
2962 1467 3257 1535 κοινωνήσῃ
3306 1470 3367 1535 τῇ
3408 1462 3660 1537 ἁμαρτίᾳ,
3692 1467 3821 1534 μήτε

2287 1552 2337 1602 οἱ
2388 1549 2559 1604 λοιποὶ
2615 1555 3041 1627 προσκόπτωσιν,
3101 1550 3230 1604 ἀλλά
3289 1550 3481 1624 μᾶλλον
3545 1550 3821 1625 φοϐεῖσθαι

2287 1640 2549 1711 μάθωσιν.

2877 1924 3068 1998 Κεφάλ.
3109 1923 3175 1980 Π.

2292 2056 2460 2104 ΠΡΟΣ
2532 2056 2676 2104 ΤΙΜ.
2744 2049 2807 2103 α’.
2876 2057 3065 2123 Χεῖρας
3136 2054 3343 2125 ταχέως
3407 2047 3595 2126 μηδενὶ
3654 2052 3818 2108 ἐπιτί-

2225 2142 2320 2211 θει,
2402 2137 2542 2214 μηδὲ
2599 2145 2829 2193 κοινώνει
2906 2138 3189 2217 ἁμαρτίαις
3252 2140 3566 2216 ἀλλοτρίαις.
3647 2150 3816 2197 ΠΡΟΣ

2220 2236 2362 2284 ΤΙΜ.
2410 2228 2473 2285 α’.
2531 2232 2677 2284 Κατὰ
2726 2230 3079 2306 πρεσϐυτέρου
3142 2238 3483 2308 κατηγορίαν,
3511 2237 3581 2308 μὴ
3640 2253 3817 2309 παρα-

2222 2316 2412 2394 δέχου,
2464 2319 2609 2383 ἐκτὸς
2670 2320 2713 2374 εἰ
2768 2326 2841 2395 μὴ
2902 2320 2985 2375 ἐπὶ
3057 2318 3154 2375 δύο
3208 2322 3238 2381 ἢ
3308 2332 3462 2397 τριῶν
3518 2325 3818 2400 μαρτύρων.

2219 2414 2351 2474 Τοὺς
2381 2407 2441 2464 δε
2467 2410 2854 2487 ἁμαρτάνοντας
2882 2410 3093 2467 ἐνώπιον
3128 2415 3331 2467 πάντων
3371 2411 3577 2488 ἔλεγχε,
3612 2415 3694 2467 ἶνα
3731 2416 3823 2467 καὶ

2220 2503 2269 2554 οἰ
2295 2501 2467 2557 λοιποὶ
2498 2501 2654 2579 φόϐον
2694 2504 2910 2578 ἔχωσιν.

2218 2717 2339 2774 Ὀτι
2391 2718 2451 2773 ού
2501 2714 2584 2774 δεῖ
2612 2721 2699 2773 τὸν
2752 2715 3034 2791 ἐκλεγέντα,
3078 2714 3164 2790 ἀφ’
3217 2716 3402 2772 ἑαυτοῦ
3447 2724 3690 2792 παρεῖναι
3738 2715 3829 2773 ἐπὶ

2291 2814 2350 2863 τό
2378 2810 2493 2880 (33)
2518 2814 2785 2885 κήρυγμα,
2821 2807 3085 2883 ἀναμένειν
3124 2804 3184 2862 δε
3223 2812 3308 2863 τόν
3350 2810 3531 2882 καιρόν
3574 2815 3671 2870 τῆς
3728 2815 3828 2861 τοῦ

2294 2906 2424 2953 Οεοῦ
2466 2895 2733 2968 εὐδοκίας,
2764 2902 2855 2952 καὶ
2904 2900 3175 2972 ἄρχεσθαι
3220 2900 3310 2971 μὲν
3357 2904 3448 2952 τοῦ
3490 2899 3830 2973 κηρύγματος

2293 2990 2414 3043 ὅταν
2464 2989 2746 3066 ἐπιτραπῇ,
2797 2991 3084 3067 κηρύσσειν
3117 2984 3177 3043 δὶ
3223 2986 3439 3053 ἐκείνοις
3483 2990 3610 3061 πρὸς
3642 2985 3731 3053 οὓς
3763 2986 3829 3039 ἂν

2296 3079 2397 3136 ἀπο
2404 3076 2569 3154 σταλῇ
2579 3119 2593 3135 .

2869 3276 3059 3350 Κεφάλ.
3110 3275 3179 3333 Γ’.

2296 3372 2664 3422 ΜΑΤΘΑΙΟΣ.
2742 3370 2969 3430 Τούτους
3042 3370 3160 3427 τοὺς
3237 3362 3449 3419 δώδεκα
3531 3364 3834 3418 ἀπέστειλεν

2227 3458 2251 3508 ὁ
2320 3457 2547 3521 Ἰησοῦς,
2637 3457 2989 3532 παραγγείλας
3071 3456 3268 3519 αὐτοῖς,
3335 3455 3515 3528 λέγων·
3586 3456 3646 3508 Εἰ
3703 3451 3834 3508 ὁδὸν

2226 3545 2379 3600 ἐθνῶν
2455 3552 2525 3621 μὴ
2606 3546 2880 3615 ἀπέλθητε,
2945 3553 3034 3600 καὶ
3111 3548 3181 3609 εἰς
3271 3545 3418 3599 πόλιν
3495 3553 3834 3621 Σαμαρειτῶν

2227 3642 2297 3710 μὴ
2399 3637 2681 3696 εἰσέλθητεο
2768 3638 3051 3712 πορεύεσθε
3136 3633 3195 3689 δὲ
3278 3633 3468 3709 μᾶλλον
3546 3637 3674 3708 πρὸς
3764 3637 3838 3687 τὰ

2227 3727 2467 3802 πρόϐατα
2556 3731 2624 3780 τὰ
2704 3726 3005 3780 ἀπολωλότα
3090 3730 3236 3779 οἴκου
3333 3725 3567 3801 Ἰσραήλ.
3664 3730 3838 3779 ΜΑΤ-

2231 3824 2453 3872 ΘΑΙΟΣ.
2498 3820 2601 3870 Καὶ
2665 3813 2780 3868 ἰδοὺ
2833 3820 2962 3888 γυνή
3018 3819 3307 3880 Χαναναία,
3375 3813 3477 3868 ἀπὸ
3529 3822 3630 3866 τῶν
3675 3814 3835 3888 ὁρίων

2533 3904 2832 3971 ἐξελθοῦσα,
2926 3905 3266 3979 ἐκραύγασεν,
3366 3905 3506 3976 αὐτῷ
3583 3903 3832 3975 λέγουσα·

2231 3995 2472 4053 Ἐλέησόν
2531 4015 2614 4067 με,
2676 3998 2854 4069 Κύριε,
2923 3997 3038 4058 υἱός
3095 3991 3282 4048 Δαϐίδ’
3351 3996 3381 4053 ἡ
3445 3995 3681 4065 θυγάτηρ
3721 3992 3838 4061 (34)

2230 4103 2331 4158 μου
2392 4093 2568 4148 κακῶς
2624 4082 3015 4160 θαψανίζεται⁸
3071 4086 3097 4138 ὁ
3154 4082 3214 4140 δὲ
3264 4085 3359 4138 οὐκ
3397 4083 3654 4158 ἀπεκρίθη
3700 4081 3834 4153 αὐτῇ

2230 4174 2403 4248 λόγον·
2460 4180 2560 4229 Καὶ
2618 4177 2982 4247 προσελθόντες
3041 4176 3089 4230 οἱ
3145 4178 3383 4249 μαθηταὶ
3441 4173 3623 4241 αὐτοῦ,
3689 4171 3839 4245 ἠρώ-

2686 4265 2918 4338 λέγοντες
2967 4286 2981 4301 ο
3071 4263 3361 4319 Ἀπόλυσον
3452 4262 3616 4322 αὐτὴν
3645 4303 3658 4330 ,
3758 4262 3840 4314 ὅτι

2232 4356 2415 4427 κράζει
2489 4357 2702 4409 ὄπισθεν
2777 4357 2943 4429 ἡμῶν.
3017 4355 3075 4407 Ὀ
3143 4352 3203 4408 3‘s
3278 4353 3583 4427 ἀποκριθεὶς
3656 4347 3840 4403 εἷπενο

2235 4445 2345 4497 Ούκ
2405 4444 2700 4505 ἀπεστάλην
2758 4446 2802 4499 εἰ
2866 4450 2938 4519 μὴ
3010 4445 3082 4507 εἰς
3137 4446 3204 4497 τὰ
3248 4442 3491 4519 πρόϐατα
3542 4444 3609 4495 τὰ
3638 4439 3842 4493 ἀπολω-

2231 3906 2431 3959 ἐκείνων

2230 4284 2332 4317 των
2430 4266 2585 4319 αὐτὸν

2678 4535 2911 4611 Ἰσραήλ.
3004 4539 3323 4589 ΙΩΑΝΝΗΣ.
3403 4532 3536 4605 Ἐγώ
3603 4532 3706 4605 γὰρ
3785 4526 3841 4580 ἐκ

2236 4632 2327 4678 τοῦ
2407 4634 2540 4679 Θεοῦ
2598 4624 2810 4688 ἐξῆλθον
2865 4629 2956 4679 καὶ
3016 4627 3146 4684 ἥκω·
3204 4627 3320 4678 οὔτε
3373 4625 3477 4697 γὰρ
3535 4620 3624 4674 ἀπ’
3682 4617 3842 4693 ἐμαυο

2236 4723 2327 4769 τοῦ
2405 4715 2644 4784 ἐλήλυθα,
2723 4715 2831 4767 ἀλλ⁹
2902 4715 3088 4778 ἐκεῖνός
3158 4734 3222 4788 με
3298 4711 3613 4767 ἀπέστειλεν.
3683 4714 3844 4763 ΠΡΑ-

2236 4809 2397 4860 ΞΕΙΣ.
2464 4807 2528 4858 Οἱ
2594 4809 2683 4879 μεν
2742 4805 2831 4858 οὖν
2898 4801 3273 4878 διασπαρέντες
3353 4802 3454 4855 ἀπὸ
3538 4808 3635 4864 τῆς
3724 4799 3841 4853 θλί-

2238 4895 2376 4967 ψεως
2449 4904 2540 4957 τῆς
2624 4899 2899 4968 γενομένης
2972 4893 3057 4948 ἐπὶ
3125 4895 3379 4967 Στεφάνῳ,
3451 4889 3665 4954 διῆλθον
3746 4889 3842 4950 ἕως

2239 4991 2476 5049 Φοινίκης
2564 4972 2655 5039 καὶ
2746 4989 2956 5062 Κύπρου
3040 4989 3129 5038 καὶ
3212 4982 3557 5057 ’Δντιοχείας,
3650 4975 3840 5054 μηδενὶ

2237 5075 2506 5138 λαλοῦντες
2585 5079 2671 5130 τόν
2736 5076 2904 5149 λόγον,
2985 5074 3029 5129 εἰ
3124 5079 3194 5148 μή
3295 5078 3447 5147 μόνον
3529 5066 3835 5130 Ἰουδαίοις.

2239 5172 2408 5220 ΠΡΟΣ
2498 5175 2657 5221 ΡΩΜ.
2758 5165 2957 5227 Παῦλος
3041 5161 3223 5227 δοῦλος
3301 5163 3478 5223 Ἰησον
3577 5164 3850 5237 Χριστοῦ,-

2237 5259 2424 5321 κλητὸς
2512 5257 2821 5325 ἀπόστολος,
2907 5256 3266 5332 ἀφωρισμένος
3367 5254 3439 5318 εἰς
3519 5249 3836 5326 Εὐαγγέλιον

2238 5459 2581 5519 Parisiensi.
2613 5457 2721 5533 sed
2750 5456 2811 5513 in
2856 5454 3093 5533 nostris
3112 5453 3307 5511 tribus
3338 5468 3485 5533 mss:
3512 5450 3831 5533 invenitur.

2307 5534 2420 5601 (33)
2442 5536 2567 5599 Reg
2618 5528 2854 5601 primus
2880 5532 2937 5584 et
2964 5527 3173 5584 tertius
3197 5527 3543 5601 napte'vafzj'rfi
3564 5528 3645 5577 τό.

2307 5595 2419 5677 (34)
2444 5595 2586 5674 Βοῤ.
2604 5595 2950 5677 primusir}
2980 5602 3010 5658 ἡ
3046 5595 3303 5677 agema
3326 5595 3690 5677 Addidimus
3708 5607 3830 5649 non

2230 5669 2411 5747 longe
2440 5692 2515 5732 ex
2532 5669 2822 5745 'antiquis
2842 5671 3036 5729 tribus
3054 5669 3223 5728 libris
3251 5669 3465 5727 Vocem
3493 5676 3686 5729 κακῶς.
