4112 6438
354 339 449 392 821

362 467 515 513 Θεοῦ.
597 466 764 513 ΠΡΟΣ
845 469 1002 516 PRM.

376 552 769 623 κηρύσσοντος;
833 559 944 612 πῶς
1006 546 1065 602 δί
1129 548 1467 625 κηρύξουσιν,
1528 549 1612 598 εὰν
1679 548 1749 617 μή
1819 538 1953 591 ἀπο·

1870 324 2184 381 MORALIA

1092 468 1206 521 Ιιὼς
1286 455 1345 511 δε
1412 457 1724 508 ἀκούσονται
1788 452 1938 523 χωρὶι

2060 444 2399 500 Saluatoris
2440 447 2652 512 nostri,
2716 454 2769 503 et
2832 449 3060 505 Christi
3121 451 3259 505 Jesu
3324 453 3449 520 spei
3494 458 3718 507 nostra

3612 330 3718 381 822

2066 535 2112 600 (1
2149 535 2296 591 Tim.
2320 551 2358 604 1,
2391 541 2435 603 l,
2467 538 2540 595 2).

368 637 629 690 σταλῶσιν
691 646 861 692 ΠΡΟΣ
912 645 1052 694 TIM.
1106 638 1167 693 α’.
1198 623 1417 697 Παῦλος
1460 632 1743 693 ἀπόστολος
1789 630 1966 687 Ἰησοῦ
2030 631 2268 698 Χριστοῦ
2325 625 2442 676 κατ’
2492 623 2745 697 ἐπιταγὴν
2776 632 2910 678 Θεοῦ
2942 633 3179 702 Σωτῆρος
3207 630 3372 700 ἡμῶν,
3404 634 3494 681 καὶ
3538 637 3715 702 Χρισ-

356 733 450 779 τοῦ
480 726 658 785 Ἰησοῦ
682 736 777 789 τῆς
806 725 1015 791 ἐλπίδος
1042 730 1204 800 ἡμων.

365 832 484 886 Ὀτι
512 831 593 887 δεῖ
620 839 707 887 τὸν
758 835 1009 894 κληθέντα
1060 839 1131 897 εὶς
1159 838 1217 887 τό
1239 837 1490 907 κήρυγμα
1515 838 1605 884 τοῦ
1638 825 1951 900 Εύαγγελιου

434 924 585 987 εὐθὺς
603 925 895 994 ὑπακούειν,
920 930 1007 978 καὶ
1022 929 1093 1000 μὴ
1122 922 1521 977 ἀναϐαλλεσθαι.

994 1120 1182 1192 Κεφαλ.
1239 1119 1306 1176 Δ’.

434 1241 712 1293 ΛΟΥΚΑΣ.
792 1232 917 1291 Εἶπε
1001 1232 1062 1291 δὲ
1150 1239 1277 1313 πρὸς
1361 1236 1569 1307 ἕτερον·
1655 1228 1950 1283 Ἀκολούθει

352 1343 462 1394 μοι.
513 1323 583 1376 Ὀ
651 1322 711 1378 δὲ
764 1328 871 1379 εἷπε
913 1346 927 1359 ·
991 1330 1168 1399 Κύριε,
1201 1322 1472 1399 ἓπιτρεψόν
1533 1341 1623 1394 μοι
1679 1319 1949 1373 ἀπελθόντι

351 1422 552 1490 πρῶτον
609 1415 777 1487 θάψαι
829 1419 917 1468 τὸν
981 1420 1181 1493 πατέρα
1236 1435 1358 1489 μου.
1414 1409 1537 1467 Εἷπε
1614 1408 1672 1464 δε
1726 1411 1865 1481 αύτῷ
1923 1410 1947 1460 ὁ

354 1506 583 1578 Κύριοςο
643 1503 800 1578 ’Ἄφες
872 1510 995 1568 τοὺς
1058 1509 1267 1581 νεκρούς
1324 1494 1512 1574 ¹θάψαι
1577 1505 1695 1563 τοὺς
1755 1499 1946 1552 ἑαυτῶν

348 1596 559 1666 νεκρούς
594 1615 607 1627 ο
693 1599 758 1647 σὺ
822 1592 881 1648 δὲ
941 1594 1192 1661 ἀπελθὼν,
1273 1590 1546 1665 διάγγελλε
1608 1595 1700 1649 τὴν
1778 1588 1946 1663 βασι-

344 1680 482 1734 λείαν
538 1690 630 1734 τοῦ
676 1691 829 1738 Θεοῦ.
880 1690 1048 1736 ΠΡΟΣ
1102 1689 1255 1738 ΓΑΛ.
1306 1681 1431 1735 Ὀτε
1479 1678 1539 1734 δε
1588 1676 1871 1738 εὐδόκησεν
1919 1680 1945 1731 ὁ

348 1774 480 1833 Θεὸς
536 1772 561 1823 ό
615 1773 869 1846 ἀφορίσας
920 1793 983 1846 με
1036 1771 1089 1825 ἐκ
1161 1772 1359 1835 κοιλίας
1398 1776 1594 1846 μητρός
1669 1789 1791 1843 μου,
1855 1773 1944 1821 καὶ

2061 836 2233 900 Quod
2282 838 2387 909 qui
2440 838 2517 894 ad
2564 840 3058 913 praedicationem
3103 840 3409 912 Evangelii
3466 845 3718 898 vocatus

2131 932 2236 993 est,
2265 927 2317 983 is
2347 929 2665 987 confestim
2689 930 2936 988 obedire
2963 930 3163 1002 debet,
3195 947 3320 988 non
3347 935 3550 988 autem
3579 947 3719 1005 pro-

2131 1017 2479 1075 crastinare.

2725 1130 2929 1198 Caput
2946 1130 3050 1190 IV.

2128 1233 2229 1288 Ait
2256 1241 2453 1292 autem
2479 1237 2561 1292 ad
2587 1237 2848 1293 alterum
2881 1254 2894 1292 :
2941 1237 3200 1309 Sequere
3236 1251 3347 1294 me.
3374 1237 3489 1294 Ille
3513 1242 3715 1293 autem

2055 1324 2211 1380 dixit
2236 1340 2260 1381 .·
2281 1327 2548 1394 Domine,
2576 1329 2857 1397 permitte
2884 1327 3035 1384 mihi
3050 1328 3313 1397 primum
3334 1328 3443 1395 ire,
3477 1333 3531 1384 et
3557 1341 3717 1396 sepe-

2059 1414 2172 1469 lire
2191 1418 2426 1483 patrem
2464 1430 2683 1471 meum.
2736 1417 3017 1487 Dixitque
3036 1419 3090 1472 ei
3118 1417 3445 1472 Dominus:
3478 1416 3619 1471 Sine
3646 1419 3716 1470 ut

2052 1505 2280 1559 mortui
2295 1506 2587 1574 sepeliant
2616 1513 2881 1562 mortuos
2910 1522 3046 1563 suos
3072 1524 3085 1562 :
3129 1512 3193 1562 tu
3224 1512 3423 1562 autem
3454 1506 3625 1573 vade,
3658 1509 3714 1561 et

2053 1595 2355 1650 annuntio
2384 1610 2636 1665 regnum
2665 1596 2775 1652 Dei
2794 1597 2960 1666 (Luc.
2996 1612 3075 1663 ιχ,
3109 1598 3322 1665 59,60).
3347 1637 3395 1651 ..
3429 1594 3576 1651 Cum
3608 1608 3715 1651 au-

2054 1690 2167 1740 tem
2197 1686 2431 1753 placuit
2453 1687 2705 1758 Deo,qui
2731 1703 2822 1743 me
2841 1688 3183 1759 segregavit
3206 1702 3282 1743 ex
3300 1690 3470 1742 utero
3496 1685 3712 1741 matris

2051 1788 2213 1838 mea,
2242 1778 2297 1830 et
2322 1777 2556 1831 vocavit
2583 1791 2673 1832 me
2698 1778 3079 1847 per-gratiam
3099 1792 3290 1836 suam.
3325 1781 3393 1831 ut
3413 1775 3713 1832 reuelaret

346 1860 571 1923 καλέσας
621 1880 685 1934 με
749 1863 866 1932 (35)
916 1858 1010 1915 διὰ
1076 1870 1166 1923 τῆς
1220 1864 1444 1937 χάριτος
1497 1862 1677 1927 αὑτοῦ,
1737 1857 1938 1911 ἀποκα-

2057 1863 2276 1919 Filium
2306 1879 2480 1920 suum
2540 1867 2605 1920 in
2651 1882 2762 1932 me,
2815 1872 2881 1921 ut
2935 1867 3409 1936 evangelizarem
3447 1865 3626 1920 illum
3650 1864 3711 1919 in

340 1949 507 2022 λύψαι
558 1954 647 2004 τόν
696 1954 814 2004 Υἰόν
867 1954 1028 2005 αὑτοῦ
1073 1951 1123 2005 ἓν
1182 1951 1316 2026 ἐμοὶ,
1377 1953 1459 2004 ἵνα
1528 1948 1944 2022 εὐαγγελίζωμαι

345 2040 500 2093 αύτόν
585 2039 633 2093 ἓν
696 2048 806 2104 τοῖς
888 2044 1107 2098 ἔθνεσιν.
1175 2043 1357 2104 εὐθέως
1414 2042 1474 2094 ού
1549 2040 1940 2117 προσανεθέμην

345 2135 504 2207 σαρκὶ
572 2136 662 2184 καὶ
722 2134 927 2206 αἷματι,
985 2128 1110 2186 οὐδε
1154 2132 1406 2192 Δἀπῆλθον
1482 2131 1568 2192 εἰς·
1627 2128 1946 2204 ῐεροσόλυμα

341 2223 473 2296 πρὸς
550 2224 673 2284 τούς
719 2225 821 2298 πρὸ
902 2219 1027 2296 ἕμοῦ
1106 2220 1457 2283 ἀποστόλους·
1520 2219 1648 2273 ἀλλὰ
1714 2217 1942 2277 ἀπῆλθον

344 2307 415 2372 είς
484 2308 755 2386 Ἀραϐίαν,
828 2316 915 2364 καὶ
983 2310 1135 2364 πάλιν
1206 2309 1510 2385 ὑπέστρεψα
1580 2309 1651 2372 εἰς
1724 2315 1942 2382 Δαμασ-

343 2417 451 2453 κον.

699 2526 824 2581 ’Ὁτι
862 2527 921 2580 ού
962 2524 1045 2581 δεῖ
1077 2524 1583 2603 ἑτεροδιδασκαλεῖν.

979 2725 1168 2797 liqut).
1229 2723 1300 2783 E'.

413 2854 730 2903 ΙΩΑΝΝΗΣ.
788 2848 953 2924 Ἀμὴν
1007 2848 1144 2923 ἀμὴν
1208 2850 1340 2924 λέγω
1408 2851 1632 2924 ύμῖνρό
1694 2855 1764 2923 μὴ
1826 2850 1940 2903 εἰσ-

341 2942 622 3011 ερχόμενος
677 2935 771 2993 δὶα
816 2948 909 3001 τῆς
964 2941 1126 3014 θύρας
1174 2940 1248 3003 είς
1294 2945 1391 2999 τὴν
1452 2940 1611 2999 αὐλὴν
1650 2948 1750 2993 τῶν
1804 2959 1939 3014 προ-

336 3016 529 3085 ϐάτων,
579 3017 704 3071 ἄλλὰ
755 3018 1044 3074 ἀναϐαίνων
1105 3019 1413 3093 ἀλλαχόθεν,
1474 3020 1660 3083 ἐκεῖνος
1716 3020 1942 3083 κλέπτης

336 3105 452 3161 ἔστι
482 3113 573 3162 καὶ
599 3107 814 3182 λῃστής.
847 3109 906 3163 Ὀ
956 3106 1016 3165 δε
1044 3111 1414 3187 εἰσερχόμενος
1464 3106 1561 3164 διὰ
1604 3119 1703 3174 τῆς
1755 3112 1937 3187 θύρας,

2048 1953 2372 2023 gentibus:
2419 1954 2702 2010 continuo
2758 1971 2879 2011 non
2933 1956 3208 2026 acquievi
3254 1954 3431 2011 carni
3471 1959 3526 2009 et
3570 1968 3710 2010 san-

2049 2043 2240 2113 guini,
2285 2058 2474 2115 neque
2505 2045 2641 2100 veni
2684 2045 3123 2114 Jerosolymam
3176 2044 3256 2100 ad
3315 2048 3712 2100 antecessores

2049 2145 2206 2187 meos
2231 2134 2551 2202 apostolos,
2584 2133 2680 2188 sed
2707 2134 2833 2190 abii
2860 2135 2922 2190 in
2944 2134 3261 2203 Arabiam,
3294 2139 3349 2190 et
3373 2133 3593 2191 iterum
3623 2145 3716 2190 re-

2050 2235 2254 2278 versus
2275 2238 2405 2280 sum
2427 2223 2790 2281 Damascum
2811 2225 3036 2297 (Galat.
3071 2242 3110 2292 ι,
3148 2224 3351 2299 iii-t7).

2052 2524 2227 2590 Quod
2269 2525 2511 2583 diversa
2570 2531 2629 2583 et
2677 2526 2877 2584 aliena
2933 2525 3212 2584 doctrina
3268 2541 3392 2583 non
3459 2528 3551 2582 est
3590 2528 3711 2582 tra-

2766 2613 2989 2677 danda.

2734 2723 2934 2793 Caput
2961 2722 3026 2779 V.

2122 2847 2337 2913 Amen,
2380 2861 2556 2903 amen
2578 2847 2711 2903 dico
2739 2846 2923 2919 vobis,
2945 2847 3052 2918 qui
3070 2861 3193 2902 non
3238 2844 3432 2901 intrat
3459 2858 3570 2913 per
3614 2857 3712 2899 os—

2052 2937 2202 2993 tium
2226 2937 2290 2992 in
2316 2938 2472 2993 ovile
2494 2938 2714 3007 ovium,
2736 2938 2840 2993 sed
2867 2937 3139 2995 ascendit
3168 2936 3438 3003 aliunde,
3469 2934 3579 2990 ille
3602 2934 3714 3003 fur

2050 3030 2137 3081 est
2166 3030 2222 3081 et
2245 3025 2423 3081 latro.
2475 3025 2591 3092 Qui
2617 3030 2819 3082 autem
2849 3027 3041 3082 intrat
3068 3039 3183 3094 per
3209 3025 3451 3086 ostium,
3499 3027 3713 3092 pastor

2050 3120 2137 3172 est
2166 3117 2366 3171 ovium
2394 3116 2589 3187 (Joan.
2618 3130 2676 3181 ι,
2713 3119 2845 3184 1,2).
2882 3117 2946 3170 Et
2973 3114 3158 3187 paulo
3183 3118 3322 3185 post
3352 3129 3366 3168 :
3398 3112 3526 3181 Ego
3577 3127 3711 3167 sum

331 3202 528 3271 ποιμήν
550 3196 668 3252 ἔστι
692 3208 794 3254 τῶν
830 3200 1121 3276 προϐάτων.
1156 3206 1258 3256 Καὶ
1286 3202 1397 3274 μετ’
1426 3200 1596 3273 ὀλίγα·
1645 3199 1777 3273 Ἐγώ
1833 3200 1938 3273 εἰμι

2057 3203 2232 3277 294
2261 3205 2477 3261 ostium
2500 3206 2721 3261 ovium.
2748 3204 2960 3260 Omnes
2980 3208 3267 3275 quotquot
3292 3205 3584 3258 venerunt
3609 3201 3712 3269 fu-

332 3289 363 3347 ἡ
420 3288 554 3364 θύρα
578 3299 682 3343 τῶν
737 3289 1039 3365 προϐάτων.
1099 3293 1294 3354 Πάντες
1341 3293 1458 3344 ὅσοι
1487 3288 1662 3363 ἦλθον,
1722 3290 1939 3344 κλέπται

333 3378 436 3432 εἰσὶ
463 3384 554 3432 καὶ
572 3379 787 3453 λῃσταί*
826 3379 933 3434 ἀλλ’
972 3381 1068 3434 οὐκ
1095 3385 1330 3441 ἤκουσαν
1355 3381 1523 3434 αὐτῶν
1574 3384 1642 3434 τὰ
1676 3380 1934 3457 πρόϐατα.

332 3474 504 3522 ΠΡΟΣ
534 3475 687 3525 ΓΑΑ.
728 3469 887 3525 ’Δλλὰ
913 3477 1004 3524 καὶ
1042 3470 1128 3524 ἰὰν
1176 3474 1324 3545 ἡμεῖς
1380 3475 1411 3530 ἦ
1435 3470 1651 3543 ἄγγελος
1698 3469 1751 3534 ἕξ
1785 3472 1938 3546 ούρα-

329 3566 421 3612 νοῦ
495 3559 897 3632 εύαγγελίζηταε
964 3560 1088 3637 παρ’
1157 3561 1185 3614 ὃ
1261 3560 1713 3634 εὐηγγελισάμεθα
1791 3559 1933 3633 ύμῖν,

333 3646 568 3723 ἀνάθεμα
623 3653 782 3723 ἔστω,
807 3650 894 3715 Ὠς
945 3656 1325 3728 προειρήκαμεν
1349 3652 1481 3724 (36),
1520 3655 1612 3704 καὶ
1660 3652 1783 3726 ἄρτι
1828 3651 1937 3703 πεί-

331 3736 409 3791 λιν
428 3738 581 3813 λέγω·
614 3741 677 3795 Εἴ
703 3759 786 3803 τις
816 3742 950 3814 ὑμᾶς
979 3740 1372 3814 εύαγγελιζεταε
1399 3741 1525 3817 παρ’
1551 3741 1577 3793 ὃ
1600 3738 1933 3815 παρελάϐετε,

334 3825 563 3902 ἀνάθεμα
618 3833 774 3884 ἵστω.
817 3837 987 3884 ΠΡΟΣ
1031 3838 1172 3885 ΤΙΜ.
1219 3830 1281 3886 α’.
1337 3834 1401 3885 Εῖ
1444 3850 1527 3892 τις
1584 3826 1934 3903 ἑτεροδιδασ-

304 3909 493 3986 ᾟιαλεί,
516 3923 609 3971 καὶ
633 3924 707 3991 μὴ
738 3924 1099 3994 προσέρχεται
1127 3921 1430 3993 ὑγιαίνουσι
1473 3919 1649 3991 λόγοις
1699 3926 1805 3980 τοῖς
1842 3924 1935 3971 τοῦ

333 4011 528 4081 Κυριου
556 4009 702 4081 ἡμῶν
737 4007 915 4066 Ἰησοῦ
936 4017 1194 4083 Χριστοῦ,
1217 4014 1309 4063 καὶ
1328 4016 1390 4083 τῇ
1424 4008 1539 4061 κατ’
1562 4007 1824 4062 εὐσεϐείαν
1855 4004 1936 4060 δι-

330 4090 620 4171 δασκαλίᾳ,
665 4100 976 4171 τετύφωται,
1007 4094 1175 4171 μηδεν
1199 4097 1555 4172 ἐπιστάμενος,
1585 4102 1674 4152 καὶ
1701 4100 1765 4152 τὰ
1795 4096 1879 4162 ίξῆ
1890 4116 1931 4159 ς·

324 4235 444 4292 Ὀτι
504 4236 590 4294 δεῖ
636 4242 809 4294 πάντα
862 4243 927 4293 τὰ
980 4246 1408 4316 προστεταγμένα
1466 4243 1567 4296 ύπό
1614 4248 1706 4295 τοῦ
1739 4248 1935 4317 Κυριου

400 4326 449 4380 ἓν
506 4337 581 4400 τῷ
625 4329 923 4403 Εὐαγγελιῳ
979 4335 1070 4383 καὶ
1129 4327 1228 4385 διὰ
1276 4339 1376 4383 τῶν
1421 4331 1723 4385 ἀποστόλων
1773 4328 1934 4384 διδά-

400 4436 544 4473 σκειν
598 4422 721 4482 τοὺς
756 4422 1217 4492 πεπιστευμένους,
1267 4424 1360 4474 καὶ
1388 4421 1491 4477 ὅσα
1538 4423 1741 4484 τούτοις
1816 4419 1936 4473 ἀκό-

399 4504 488 4560 λου
496 4507 581 4563 θεν

973 4637 1165 4712 Κεφήλ.
1220 4637 1287 4704 ς’.

401 4749 742 4798 ΜᾹΤΘΙΟΣ.
830 4746 1217 4821 Πορευθέντες,
1306 4746 1672 4820 ματητεύσατε
1761 4742 1933 4798 πάντα

326 4835 393 4885 τὰ
466 4835 609 4903 ἔθνη,
681 4832 1022 4908 βαπτιζοντες
1090 4836 1279 4900 αὐτοὺς
1350 4840 1423 4898 εὶς
1491 4838 1550 4888 τὸ
1609 4837 1769 4909 ὄνομα
1838 4844 1930 4887 τοῦ

328 4927 554 4997 Πατρός,
607 4929 698 4979 καὶ
750 4933 844 4978 τοῦ
909 4931 1054 4996 Υιοῦ,
1123 4931 1214 4980 καὶ
1276 4933 1370 4980 τοῦ
1401 4925 1554 5000 ἁγίου
1613 4915 1927 5000 Πνεύματος,

333 5010 681 5079 διδάσκοντες
754 5016 946 5081 αύτούς
1021 5025 1194 5094 τηρεῖν
1286 5021 1459 5071 πάντα
1551 5019 1654 5072 ὅσα
1742 5015 1929 5072 ἐνετει-

323 5101 494 5178 λάμην
545 5105 689 5177 ὑμῖν.
766 5109 1069 5165 ΠΡΔΞΕΙΣ.
1131 5106 1218 5171 Ὠς
1281 5104 1342 5162 δε
1403 5103 1764 5184 διεπορεύοντο
1841 5109 1930 5168 τὰς

323 5193 496 5257 πόλεις
525 5236 539 5263 ,
628 5191 953 5270 παρεδίδουν
1041 5197 1222 5259 αὐτοῖς
1294 5196 1577 5271 φυλάσσειν
1672 5199 1738 5250 τὰ
1830 5193 1929 5250 δό-

324 5303 504 5358 γματα
529 5287 596 5339 τὰ
653 5289 932 5363 κεκριμένα
983 5287 1084 5341 ύπὸ
1113 5295 1215 5343 τῶν
1262 5285 1565 5344 ἀποστόλων
1622 5293 1715 5342 καὶ
1763 5306 1929 5363 πρεσ-

331 5494 770 5645 Ρθςέῗὲιγοοωο
791 5522 854 5577 με
873 5503 936 5560 in
956 5503 1262 5562 veteribus
1283 5505 1683 5564 nostrislibris
1700 5521 1823 5564 non
1847 5524 1931 5564 rc-

399 5644 508 5717 (36)
538 5648 680 5718 Reg.
702 5646 912 5706 tertius
939 5649 1009 5712 ὡς
1032 5651 1409 5723 προείρηκα,εεί
1427 5655 1571 5709 ante
1607 5649 1757 5709 dixi.
1778 5653 1933 5710 Mox.

1959 4574 2007 4631 D

2045 3309 2139 3351 res
2169 3301 2314 3351 sunt
2343 3300 2398 3351 et
2429 3296 2731 3352 latrones:
2779 3294 2884 3351 sed
2918 3309 3041 3349 non
3086 3292 3415 3349 audierunt
3457 3305 3550 3348 eos
3576 3304 3710 3346 oves

2045 3384 2214 3455 (ibid.
2256 3390 2310 3451 7,
2361 3384 2500 3451 8)...
2526 3384 2645 3441 Sed
2674 3386 2813 3441 licet
2840 3399 2948 3440 nos
2974 3389 3083 3440 aut
3139 3382 3394 3453 angelus
3435 3381 3508 3436 de
3561 3380 3709 3437 coelo

2042 3474 2407 3544 evangelizet
2436 3480 2842 3546 praeterquam
2868 3473 3030 3545 quod
3048 3487 3238 3542 evang
3247 3472 3593 3528 elizavimus
3615 3484 3711 3526 vo-

2045 3562 2151 3633 bis,
2210 3562 2539 3620 anathema
2591 3565 2687 3618 sit.
2737 3563 2909 3620 Sicut
2962 3562 3386 3632 praediximus,
3445 3564 3502 3616 et
3544 3574 3711 3615 nunc

2041 3651 2263 3708 iterum
2318 3651 2486 3707 dico:
2512 3651 2575 3708 Si
2603 3652 2737 3724 quis
2781 3651 2946 3708 vobis
2978 3651 3357 3721 euangelizat
3386 3651 3617 3719 praeter
3644 3646 3712 3703 id

2043 3740 2206 3813 quod
2243 3741 2577 3812 accepistis,
2605 3740 2935 3797 anathema
2956 3741 3033 3795 sit
3058 3740 3287 3813 (Galat.
3324 3755 3359 3805 ι,
3409 3741 3463 3805 8,
3491 3739 3615 3807 9)...
3638 3736 3712 3793 Si

2042 3832 2176 3902 quis
2214 3831 2396 3889 aliter
2423 3832 2591 3887 docet
2619 3835 2813 3886 etnon
2854 3830 3086 3887 accedit
3111 3829 3276 3886 sanis
3334 3822 3709 3884 sermonibus

2040 3921 2286 3978 Domini
2318 3921 2513 3977 nostri
2539 3922 2683 3978 Jesu
2741 3920 2991 3990 Christi,
3015 3925 3069 3976 et
3117 3920 3175 3975 ei
3200 3931 3336 3990 qute
3377 3915 3708 3973 secundum

2040 4010 2322 4081 pietatem
2352 4015 2437 4068 est
2468 4009 2782 4074 doctrina,
2828 4009 3124 4080 superbus
3154 4013 3262 4074 est,
3304 4006 3469 4064 nihil
3514 4004 3708 4063 sciens

2044 4098 2109 4170 (Ι
2131 4099 2278 4157 Tim.
2309 4114 2392 4170 τι,
2426 4103 2480 4170 3,
2509 4098 2584 4172 4),
2608 4102 2720 4156 etc.

2045 4242 2219 4310 Quod
2247 4243 2455 4300 omnia
2483 4258 2621 4315 quas
2653 4258 2690 4299 ο.
2720 4241 2979 4298 Domino
3014 4240 3079 4297 in
3134 4239 3461 4311 Evangelio
3490 4241 3548 4295 et
3599 4253 3710 4311 per

2117 4332 2428 4406 apostolos
2470 4337 2778 4407 praecepta
2824 4336 2989 4403 sunt,
3043 4331 3307 4390 docendi
3337 4334 3480 4387 sunt
3535 4329 3572 4386 ii
3601 4329 3710 4402 qui

2115 4422 2521 4491 crediderunt,
2559 4430 2745 4497 atque
2798 4422 2982 4481 etiam
3009 4437 3391 4495 quoscunque
3419 4420 3517 4477 his
3568 4434 3708 4476 con-

2116 4515 2407 4571 sentanea
2434 4516 2597 4571 sunt.

2720 4637 2921 4708 Caput
2958 4634 3059 4694 VI.

2108 4745 2338 4804 Euntes
2382 4746 2583 4804 docete
2611 4761 2811 4803 omnes
2849 4749 3072 4817 gentes,
3104 4743 3476 4814 baptizantes
3515 4758 3611 4801 eos
3638 4744 3704 4800 in

2036 4837 2279 4893 nomine
2305 4837 2534 4903 Patris,
2559 4843 2613 4893 et
2642 4836 2795 4893 Filii
2822 4841 2878 4892 et
2930 4835 3196 4905 Spiritus
3233 4835 3449 4900 sancti,
3491 4835 3702 4890 docen~

2040 4929 2125 4981 tes
2152 4940 2248 4983 eos
2288 4941 2527 4983 servare
2564 4929 2767 4983 omnia
2793 4940 3160 4999 quaecunque
3202 4924 3498 4980 mandavi
3538 4924 3704 4980 vobis

2036 5014 2282 5087 (Matth.
2304 5031 2506 5080 mnu,
2544 5020 2631 5085 l9,
2664 5020 2822 5087 20)...
2855 5016 3006 5073 Cum
3030 5020 3228 5072 autem
3252 5014 3704 5084 pertransirent

2036 5106 2336 5176 civitates,
2379 5106 2705 5163 tradebant
2749 5107 2831 5163 eis
2878 5105 3181 5162 custodire
3226 5103 3529 5174 dogmata,
3571 5118 3706 5175 qua:

2036 5201 2214 5253 erant
2238 5196 2486 5253 decreta
2515 5196 2593 5253 ab
2613 5195 2902 5267 apostolis
2925 5200 2984 5253 et
3000 5194 3333 5252 senioribus
3361 5194 3426 5249 in
3455 5194 3705 5273 Jerusa-

2040 5286 2156 5345 lem
2179 5285 2337 5364 (Act.
2356 5302 2481 5356 xvx,
2503 5286 2630 5359 4)...
2672 5286 2816 5344 Hac
2866 5285 3009 5344 doce
3034 5290 3088 5344 et
3121 5283 3449 5342 exhortare
3471 5288 3489 5351 (
3511 5284 3548 5340 Ι
3553 5284 3702 5340 Tim.

2043 5509 2303 5586 utraque
2347 5502 2532 5586 9di_ti0
2569 5504 2743 5586 Egit;
2793 5505 2934 5585 ὑμῖν.
2990 5500 3182 5560 Nostri
3217 5503 3335 5586 tres
3366 5516 3513 5586 mss.
3547 5498 3707 5586 ύμόὶς.

2048 5580 2172 5713 [ioc
2196 5569 2332 5651 ipso
2354 5578 2417 5637 in
2440 5575 2578 5633 loco
2610 5580 2753 5647 Reg.
2785 5569 3020 5649 primus
3047 5571 3405 5629 emendatus
3437 5569 3705 5647 εάργγελι-

2099 5667 2248 5709 ηται.

2099 5667 2248 5709 ηται.
