4112 6378
288 331 392 384 825

922 448 1115 523 Κεφάλ.
1156 447 1215 504 l'.

354 589 722 641 ΜΑΤΘΑΙΟΣ.
772 590 921 639 Δεῦτε
966 586 1093 659 πρὸς
1154 584 1237 655 με,
1296 582 1483 645 πάντες
1547 583 1597 634 οἰ
1650 589 1879 634 κοπιῶν-

285 690 368 735 τες
412 678 502 727 καὶ
530 677 946 749 πεφορτισμένοι,
986 674 1130 743 κὰγώ
1169 669 1456 723 ἀναπαύσω
1488 669 1645 744 ὑμᾶς.
1683 668 1879 746 ’Ἄρατε

288 764 371 813 τὸν
415 762 576 834 ζυγὸν
625 781 726 836 μου
781 760 854 835 ἄρ’
902 762 1059 835 ὑμᾶς,
1095 765 1187 813 καὶ
1233 761 1423 833 μάθετε
1462 757 1551 812 ἀπ’
1601 757 1748 833 ἔμοῦ,
1800 759 1879 811 ὅτι

285 855 448 926 πρᾶός
513 852 638 924 εἰμι,
706 856 795 903 καὶ
847 852 1081 911 ταπεινὸς
1143 857 1207 923 τῇ
1276 846 1495 923 καρδίᾳ.
1555 854 1878 903 ῙΩΑΝΝΗΣ.

284 937 410 991 Ὀτε
450 939 539 991 οὖν
570 938 714 1009 fut-,6:
762 942 879 1000 τοὺς
925 934 1095 1000 πόδας
1134 945 1235 991 τῶν
1273 938 1521 1010 μαθητῶν
1560 937 1742 1003 αὑτοῦ,
1791 941 1881 989 καὶ

282 1026 435 1079 ἔλαϐε
480 1030 543 1080 τὰ
588 1028 768 1100 ἱμάτια
805 1028 989 1097 αὐτοῦ,
1029 1026 1298 1079 ἀναπεσὼν
1328 1025 1483 1079 πάλιν
1513 1023 1647 1079 εἶπεν
1680 1025 1877 1088 αὐτοῖς’

288 1121 569 1169 Γινώσκετε
612 1120 667 1168 τί
712 1121 978 1176 πεποίηκα
1032 1118 1199 1190 ὑμῖν;
1256 1114 1426 1188 Ὑμεῖς
1476 1119 1684 1188 φωνεῖτέ
1730 1134 1813 1188 με,
1855 1115 1881 1167 ὁ

286 1202 630 1274 Διδάσκαλος,
654 1209 745 1259 καὶ
769 1206 796 1258 6
830 1208 1035 1279 Κύριος,
1069 1210 1160 1258 καὶ
1202 1204 1370 1267 καλῶς
1398 1204 1585 1277 λέγετε,
1618 1204 1725 1278 εἰμὶ
1753 1206 1878 1280 γὰρ.

280 1292 342 1346 Εἰ
386 1288 473 1344 οὖν
519 1290 619 1365 ἐγὼ
660 1293 814 1365 ἔνιψα
855 1295 999 1367 ὑμῶν
1035 1297 1159 1356 τοὺς
1195 1289 1387 1357 πόδας,
1420 1294 1446 1345 6
1495 1296 1703 1369 Κύριος,
1733 1298 1824 1346 καὶ
1853 1294 1880 1346 6

278 1377 623 1450 Διδάσκαλος,
669 1387 761 1435 καὶ
802 1385 951 1456 ὑμεῖς
997 1382 1220 1455 ὀφείλετε
1258 1381 1486 1441 ἀλλήλων
1524 1386 1718 1435 νίπτειν
1765 1385 1882 1444 τοὺς

275 1465 466 1532 πόδας.
516 1468 843 1545 ’Υπὸδειγμα
878 1474 979 1546 γὰρ
1013 1469 1187 1525 ἔδωκα
1233 1473 1374 1545 ὑμῖν,
1424 1473 1524 1538 ἵνα,
1571 1473 1743 1533 καθὼς
1781 1470 1880 1543 ἐγὼ

275 1556 504 1617 ἔποίησα
547 1562 690 1634 ὑμῖν,
731 1566 823 1614 καὶ
859 1562 1003 1635 ὑμεῖς
1044 1569 1230 1621 ποιῆτε
1270 1559 1526 1624 ἀλλήλοις.
1584 1562 1878 1616 ΠΡΑΞΕΙΣ.

274 1649 458 1702 Πάντα
503 1647 752 1714 ὑπέδειξα
797 1653 940 1724 ὑμῖν,
988 1652 1071 1703 ὅτι
1108 1651 1245 1703 οὕτω
1285 1658 1569 1712 κοπιῶντας
1617 1646 1701 1703 δεῖ
1738 1648 1881 1703 ἀντι-

269 1735 633 1811 λαμϐάνεσθαι
709 1747 810 1792 τῶν
887 1738 1259 1796 ἀσθενούντων.
1343 1746 1513 1793 ΠΡΟΣ
1586 1747 1735 1794 KOP.
1814 1737 1877 1794 α’.

256 1803 515 1900 ’Μιμηταί
560 1847 662 1901 μου
707 1830 932 1900 γίνεσθε,
983 1830 1155 1892 καθὼς
1202 1827 1347 1902 κάγὼ
1397 1837 1652 1904 Χριστοῦ’
1710 1836 1879 1882 ΠΡΟΣ
1908 1803 1951 1858 Β

266 1922 414 1972 ΤΙΜ.
448 1916 516 1973 α’.
546 1913 752 1980 Μηδείς
783 1936 877 1971 σου
907 1926 999 1980 τῆς
1026 1922 1268 1981 νεότητος
1307 1923 1711 1993 καταφρονείτω.
1754 1915 1882 1971 ἀλλά

271 2008 435 2069 τύπος
478 2011 626 2079 γίνου
666 2013 766 2059 τῶν
793 2016 993 2061 πιστῶν
1031 2006 1080 2060 ἕν
1109 2007 1266 2081 λόγῳ,
1309 2006 1357 2061 ἓν
1396 2010 1694 2082 ἀναστροφῇ
1742 2006 1878 2080 (43),

264 2100 363 2149 καὶ
390 2098 459 2149 τὰ
487 2095 572 2160 ἐξῆ
580 2116 621 2159 ς.

262 2229 385 2276 Ὀτι
429 2223 512 2276 δεῖ
558 2223 643 2276 τὸν
686 2231 993 2298 προεστῶτα
1038 2231 1130 2278 τοῦ
1190 2223 1347 2298 λόγου
1401 2227 1472 2299 μὴ
1524 2230 1630 2286 τοῖς
1687 2222 1875 2278 ἑαυτοῦ

343 2314 747 2388 κατορθώμασιν
778 2313 1139 2391 ἑπαμεριμνεῖν
1172 2314 1309 2384 (44),
1349 2311 1488 2368 ἴδιον
1519 2310 1580 2368 δε
1610 2318 1699 2367 καὶ
1729 2313 1875 2377 ἐξαί-

341 2418 486 2477 ρετον
551 2411 649 2465 τῆς
705 2400 1130 2480 ἔγχειρισθείσης
1187 2403 1328 2476 αὐτῷ
1386 2399 1659 2478 φροντίδος
1727 2404 1873 2478 ἔργον

343 2485 536 2544 εἰδέναι
590 2496 684 2551 τὴν
735 2501 836 2544 τῶν
884 2494 1303 2568 πεπιστευμένων
1357 2492 1655 2567 βελτίωσιν.

903 2708 1093 2783 Κεφάλ.
1128 2707 1228 2767 IA'.

337 2838 708 2890 ΜΑΤΘΑΙΟΣ.
755 2831 926 2909 Ὑμεῖς
968 2833 1083 2888 ἔστε
1130 2837 1189 2888 τό
1245 2833 1375 2898 ἅλας
1428 2841 1525 2899 τῆς
1570 2842 1689 2909 γῆς.
1754 2834 1872 2891 Ἐὰν

272 2917 333 2977 δ¹ε
370 2927 430 2977 τὸ
461 2922 588 2987 ἅλας
624 2926 892 2999 μωρανθῇ,
936 2922 984 2977 ἓν
1022 2929 1124 2978 τίνι
1171 2924 1519 2985 ἁλισθήσεται
1551 2941 1565 2993 ;
1598 2925 1683 2989 Εἰς
1720 2922 1872 2981 οὐδἐν

274 3009 454 3085 ἰσχύει
506 3014 598 3079 ἔτι,
642 3014 684 3067 εἰ
722 3018 795 3087 μὴ
840 3011 1103 3088 βληθῆναι
1144 3013 1258 3083 ἔξω,
1308 3018 1400 3068 καὶ
1452 3017 1869 3071 καταπατεῖσθαι

267 3097 367 3154 ὑπὸ
407 3110 506 3154 τῶν
559 3101 861 3180 ἀνθρώπων.
906 3096 1224 3158 mnxnz.
1259 3111 1368 3158 ne»
1407 3104 1433 3157 ὃ
1482 3101 1683 3159 δίδωσί
1720 3126 1811 3180 μοι
1841 3107 1866 3159 ὁ

264 3192 462 3265 Πατὴρ,
504 3196 632 3270 πρὸς
669 3190 756 3267 ἔμε
796 3194 928 3259 ἣξει,
979 3198 1186 3248 καὶτὸν
1234 3193 1511 3269 ἐρχόμενον
1555 3199 1684 3271 πρὸς
1714 3199 1778 3270 με
1807 3197 1866 3249 οὐ

258 3284 333 3354 μὴ
382 3280 580 3335 ἐκϐάλω
629 3281 745 3346 ἔξω.
794 3282 916 3336 Ὀτι
971 3283 1310 3344 καταϐἐϐῆκα
1361 3282 1417 3337 ἔκ
1469 3302 1561 3338 του
1622 3285 1865 3362 οὐρανοῦ,

258 3370 364 3444 οὐχ
401 3373 485 3424 ἵνα
514 3380 647 3425 ποιῶ
676 3375 734 3425 1'6
782 3371 981 3446 θέλημα
1008 3376 1067 3426 τὸ
1097 3371 1239 3446 ἐμὸν,
1272 3372 1400 3426 ἀλλὰ
1440 3377 1499 3426 τὸ
1533 3374 1730 3448 θέλημα
1774 3382 1866 3428 τοῦ

255 3459 554 3534 πέμψαντός
604 3481 667 3535 με
717 3466 943 3538 Πατρός.
992 3469 1157 3516 Τοῦτο
1206 3459 1266 3516 δὲ
1312 3461 1425 3516 ἔστι
1453 3466 1509 3517 τὸ
1544 3463 1745 3538 θέλημα
1773 3472 1865 3517 τοῦ

254 3549 560 3625 πέμψαντός
602 3570 665 3624 με
713 3553 850 3625 (45),
900 3552 983 3604 ἵνα
1029 3558 1132 3615 πᾶς
1180 3553 1205 3605 6
1252 3553 1451 3626 θεωρῶν
1490 3556 1578 3606 τὸν
1617 3558 1736 3607 Υίόν
1775 3558 1866 3607 καὶ

255 3643 517 3694 πιστεύων
562 3640 629 3702 εἰς
677 3641 833 3694 αὑτὸν
882 3644 982 3716 ἔχῃ
1036 3642 1171 3704 ζωὴν
1211 3640 1438 3697 αἰώνιον.
1486 3649 1654 3696 ΠΡΟΣ
1680 3648 1861 3697 ΘΕΣΣ.

256 3727 324 3787 α’.
367 3734 459 3794 Τίς
498 3733 601 3805 γὰρ
650 3732 797 3804 ἡμῶν
846 3729 1010 3800 ἕλπὶς,
1058 3733 1089 3791 ἡ
1137 3734 1309 3807 χαρὰ,
1360 3731 1390 3791 ἢ
1443 3736 1691 3805 στέφανος
1728 3752 1864 3785 καυ-

254 3821 527 3892 χήσεως;
579 3820 608 3880 ἣ
669 3820 797 3895 οὐχὶ
847 3824 938 3874 καὶ
995 3822 1145 3895 ὑμεῖς
1181 3822 1471 3896 ἔμπροσθεν
1526 3829 1618 3876 τοῦ
1668 3829 1865 3897 Κυριου

253 3910 407 3982 ἡμῶν
446 3908 625 3969 Ἰησοῦ
663 3917 897 3986 Χριστοῦ
942 3910 992 3964 ἐν
1039 3918 1102 3985 τῇ
1146 3910 1306 3964 αὑτοῦ
1344 3915 1653 3988 παρουσίᾳ;
1696 3910 1867 3986 Ὑμεῖς

250 4000 357 4073 γὰρ
390 3996 506 4052 ἕστε
535 4000 565 4059 ἡ
616 3995 749 4063 δόξα
785 4002 932 4075 ἡμῶν
973 4005 1063 4054 καὶ
1092 4001 1122 4060 ἡ
1156 4003 1329 4076 χαρά.

247 4121 373 4178 Ὀτι
403 4120 489 4179 δεῖ
523 4128 609 4180 τὸν
638 4135 944 4203 προεστῶτα
972 4135 1065 4181 τοῦ
1094 4125 1250 4200 λόγον
1281 4128 1543 4204 περιάγειν
1564 4129 1656 4191 τὰς
1686 4132 1863 4203 κώμας

319 4218 416 4269 καὶ
461 4217 556 4279 τὰς
601 4215 771 4279 πόλεις
811 4219 988 4278 πάσας
1044 4218 1135 4278 τὰς
1181 4213 1639 4293 ἂγκεχειρισμίνας
1691 4214 1856 4290 αὐτῷ.

898 4340 1089 4414 Ksed)"
1117 4340 1220 4395 IB'.

1812 315 2150 381 MORALIA.

1907 448 1958 503 Α
2184 440 2189 445 ,

3544 319 3654 376 826

2668 447 2866 518 Caput
2907 445 2985 505 Χ.

2077 581 2270 638 Venite
2296 581 2377 638 ad
2413 596 2525 651 me,
2583 596 2783 637 omnes
2831 582 2937 654 qui
2985 578 3278 637 laboratis
3335 583 3391 634 et
3411 576 3656 635 onerati

1988 673 2208 737 estis,et
2225 685 2331 741 ego
2354 670 2622 740 reﬁciam
2644 685 2769 726 vos.
2797 669 3235 739 Tollitejugum
3254 680 3449 722 meum
3470 681 3654 735 super

1988 774 2111 827 vos,
2142 765 2198 816 et
2223 759 2490 816 discitea
2544 774 2656 831 me,
2717 761 2862 832 quia
2914 759 3078 815 mitis
3129 772 3280 825 sum,
3316 760 3372 811 et
3405 754 3649 811 humilis

1989 847 2163 904 corde
2186 847 2431 920 (Matth.
2454 864 2536 911 ιιι,
2593 851 2684 916 28,
2740 849 2903 920 29)...
2946 848 3277 918 Postquam
3329 857 3473 913 ergo
3501 843 3653 898 lavit

1982 923 2163 1005 pedes
2190 936 2629 1006 discipulorum
2659 953 2925 1007 suorum,
2962 942 3019 992 et
3050 934 3281 1003 accepit
3303 933 3653 987 vestimenta

1986 1041 2138 1082 sua:
2168 1042 2299 1081 cum
2330 1025 2695 1083 recubuisset
2721 1024 3128 1092 iterum,di.vit
3158 1023 3278 1079 eis:
3309 1021 3489 1079 Scitis
3507 1018 3653 1092 quid

1984 1115 2233 1185 fecerim
2261 1115 2465 1171 vobis?
2523 1116 2630 1171 Vos
2679 1116 2906 1172 vocatis
2946 1129 3060 1180 me,
3106 1111 3420 1182 Magister,
3454 1116 3509 1177 et
3537 1109 3654 1164 Do-

1987 1205 2179 1261 mine:
2213 1211 2267 1261 et
2298 1204 2443 1262 bene
2466 1205 2664 1262 dicitis
2688 1222 2701 1261 :
2724 1221 2857 1262 sum
2882 1206 3122 1262 etenim.
3141 1203 3208 1258 Si
3229 1216 3373 1272 ergo
3399 1214 3505 1271 ego
3527 1199 3656 1256 lavi

1987 1294 2165 1364 pedes
2195 1295 2822 1364 vestros,Dominus,et
2855 1295 3184 1365 Magister:
3215 1296 3270 1349 et
3298 1305 3399 1347 vos
3429 1288 3652 1347 debetis

1988 1385 2145 1441 alter
2155 1385 2408 1441 alterius
2426 1386 2636 1441 lavare
2643 1383 3212 1455 pedes.Ea:emplum
3227 1380 3386 1438 enim
3400 1378 3543 1436 dedi
3555 1393 3651 1435 vo-

1991 1474 2171 1542 bis,ut
2187 1474 2687 1547 quemadmodum
2708 1490 2814 1545 ego
2832 1474 2955 1545 feci
2972 1473 3248 1540 vobis,ita
3265 1477 3319 1527 et
3341 1485 3438 1525 vos
3452 1470 3651 1540 facia-

1990 1564 2066 1619 tis
2094 1565 2254 1620 alter
2280 1565 2464 1622 alteri
2494 1565 2694 1633 (Joan.
2724 1579 2847 1634 xm,
2882 1563 3134 1633 1215)...
3167 1559 3382 1617 Omnia
3415 1556 3655 1615 ostendi

1988 1653 2463 1725 vobis,quoniam
2483 1654 2568 1710 sic
2591 1653 2937 1710 laborantes
2948 1655 3219 1721 oporteat
3232 1648 3534 1717 suscipere
3551 1646 3647 1702 in-

1986 1743 2191 1810 ﬁrmos
2223 1744 2375 1811 (Act.
2408 1760 2508 1810 xx,
2540 1745 2724 1811 35)....
2756 1742 3099 1798 Imitatores
3128 1739 3247 1796 mei
3268 1742 3470 1802 estote,
3492 1735 3649 1793 sicut

1989 1836 2044 1888 et
2069 1846 2176 1902 ego
2204 1833 2430 1889 Christi
2456 1833 2505 1902 (Ι
2529 1832 2668 1889 Cor.
2701 1848 2781 1901 xi,
2817 1830 2936 1902 l)...
2967 1830 3153 1886 Nemo
3180 1826 3645 1884 adolescentiam

1989 1925 2157 1977 tuam
2186 1926 2527 1978 contemnat
2548 1936 2571 1976 .⁶
2589 1921 2695 1977 sed
2722 1920 3068 1990 exemplum
3098 1924 3219 1975 esto
3251 1916 3548 1987 fidelium,
3582 1914 3646 1968 in

1988 2009 2181 2080 verbo,
2208 2011 2271 2066 in
2302 2013 2761 2069 conversatione
2785 2010 2844 2079 (Ι
2874 2009 3022 2066 Tim.
3055 2024 3137 2079 iv,
3174 2008 3284 2076 i2),
3315 2010 3429 2062 etc.

1985 2223 2158 2294 Quod
2187 2242 2310 2283 non
2350 2229 2587 2300 oportet
2614 2240 2754 2282 eum
2783 2222 2890 2298 qui
2920 2226 3137 2297 praeest
3164 2220 3296 2279 aliis
3327 2217 3643 2291 docendis,

2052 2316 2133 2373 Ob
2161 2332 2271 2373 sua
2298 2320 2456 2372 recte
2482 2315 2642 2372 facta
2694 2329 2976 2371 securum
3031 2328 3162 2369 esse
3185 2328 3198 2367 ἶ
3224 2325 3435 2368 verum
3462 2322 3644 2365 [10530

2052 2404 2231 2462 debet
2260 2404 2572 2479 proprium
2611 2412 2668 2461 et
2712 2403 3087 2478 praecipuum
3140 2417 3299 2458 curae
3331 2398 3444 2455 sibi
3475 2413 3642 2454 com-

2050 2495 2254 2552 missae
2276 2510 2502 2551 munus
2524 2510 2679 2564 esse,
2712 2498 2777 2550 ut
2805 2492 2844 2549 ii
2863 2491 2969 2566 qui
2988 2491 3107 2566 ipsi
3127 2487 3456 2548 concrediti
3479 2489 3642 2556 sunt,

2049 2583 2330 2641 meliores
2361 2581 2715 2641 efﬁciantur.

2648 2707 2847 2779 Caput
2878 2702 2973 2763 XI.

2061 2835 2172 2893 Vos
2197 2836 2337 2894 estis
2355 2835 2452 2892 sal
2477 2840 2677 2891 terra.
2721 2832 2888 2902 Quod
2936 2832 2991 2888 si
3013 2831 3110 2888 sal
3135 2829 3483 2901 infatuatus
3506 2826 3643 2898 fue-

1978 2922 2084 2993 rit,
2110 2930 2173 2982 in
2199 2942 2315 2998 quo
2330 2925 2585 2982 satietur
2602 2926 2629 2978 ι
2646 2922 2746 2978 Ad
2764 2921 3028 2979 nihilum
3050 2920 3211 2977 valet
3233 2916 3555 2987 ultra,nisi
3572 2920 3640 2971 ut

1976 3017 2265 3073 mittatur
2272 3013 2930 3087 foras,etconculcetur
2940 3011 3017 3068 ab
3028 3010 3369 3067 hominibus
3391 3004 3637 3075 (Matth.

1976 3121 2031 3174 ν,
2070 3109 2218 3166 13)...
2245 3106 2432 3162 Omne
2458 3104 2621 3178 quod
2648 3103 2754 3161 dat
2775 3102 2929 3159 mihi
2951 3102 3154 3171 Pater,
3183 3099 3265 3155 ad
3292 3111 3383 3154 me
3409 3097 3635 3153 veniet:
3716 3098 3727 3111 ’

1976 3202 2035 3254 et
2062 3212 2197 3254 eum
2235 3197 2342 3268 qui
2360 3197 2521 3253 venit
2547 3194 2630 3251 ad
2669 3207 2781 3261 me,
2831 3208 2953 3249 non
3002 3190 3240 3261 ejiciam
3261 3188 3455 3260 for'as.
3484 3186 3638 3254 Quia

1976 3286 2256 3344 descendi
2270 3284 2345 3342 de
2368 3286 2530 3351 cwlo,
2547 3298 2672 3341 non
2693 3289 2761 3339 ut
2774 3282 3007 3354 faciam
3032 3280 3402 3337 voluntatem
3420 3291 3636 3341 meam,

1974 3377 2079 3434 sed
2094 3378 2464 3433 voluntatem
2481 3374 2659 3447 293
2678 3377 2806 3445 eius
2831 3372 2937 3445 qui
2956 3371 3113 3428 misit
3131 3366 3638 3437 me,Patris.Hzc

1976 3471 2061 3524 est
2088 3470 2289 3523 autem
2325 3466 2609 3522 voluntas
2656 3465 2786 3533 ejus
2835 3463 2941 3535 qui
2984 3460 3146 3516 misit
3189 3473 3303 3524 me,
3352 3465 3417 3512 ut
3444 3454 3637 3511 omnis

1977 3556 2084 3629 qui
2101 3555 2261 3612 videt
2291 3555 2547 3620 Filium,
2580 3560 2636 3610 et
2667 3553 2860 3611 credit
2898 3553 2962 3607 in
3007 3565 3162 3616 eum,
3196 3548 3414 3604 habeat
3444 3546 3633 3602 vitam

1976 3651 2264 3702 aeternam
2281 3645 2482 3717 (Joan.
2509 3659 2589 3716 vx,
2634 3643 2890 3713 37-40)...
2954 3641 3096 3708 Qua:
3131 3640 3216 3695 est
3235 3638 3393 3694 enim
3423 3639 3636 3691 nostra

1974 3750 2127 3805 spes,
2154 3741 2263 3792 aut
2286 3734 2603 3806 gaudium,
2631 3738 2737 3790 aut
2768 3746 2994 3789 corona
3023 3730 3236 3802 gloriae
3256 3731 3282 3781 .9
3303 3741 3506 3783 nonne
3533 3739 3635 3781 vos

1975 3829 2118 3882 ante
2149 3825 2467 3881 Dominum
2496 3828 2771 3880 nostrum
2792 3823 2995 3878 Jesum
3030 3818 3343 3877 Christum
3370 3814 3534 3885 estis,
3566 3818 3632 3870 in

1974 3915 2241 3974 adventu
2269 3916 2437 3986 ejus?
2465 3914 2574 3971 Vos
2603 3914 2759 3971 enim
2788 3912 2926 3970 estis
2954 3911 3157 3982 gloria
3177 3910 3467 3975 nostra,et
3487 3920 3632 3977 gau-

1973 4005 2142 4062 dium
2164 4006 2215 4078 (I
2240 4004 2439 4061 Thess.
2466 4019 2528 4075 ιι,
2566 4005 2678 4076 19).

1974 4130 2150 4199 Quod
2173 4130 2278 4205 qui
2329 4128 2652 4204 praeﬁcitur
2706 4127 2783 4185 ad
2823 4125 3195 4194 docendum,
3254 4121 3431 4179 debet
3465 4119 3634 4178 obire

2112 4217 2280 4278 vicos
2308 4223 2366 4277 et
2389 4218 2655 4277 civitates
2683 4232 2899 4275 omnes
2931 4215 3045 4273 sibi
3090 4212 3489 4272 concreditas.

2616 4347 2811 4418 Caput
2841 4343 2986 4404 XII.

317 4466 696 4523 ΜᾹΤΘΑῙΟΣ.
767 4469 870 4520 Καὶ
922 4473 1168 4542 περιῆγεν
1227 4465 1348 4525 ὅλην
1413 4470 1507 4525 τὴν
1574 4467 1854 4523 Γαλιλαίαν

2036 4475 2111 4530 Et
2132 4474 2427 4532 circuibat
2455 4475 2629 4531 Jesus
2651 4480 2837 4531 totam
2869 4471 3436 4541 Galilceam,docens
3456 4469 3518 4526 in
3538 4482 3633 4539 sy-

240 4560 268 4613 δ
354 4557 587 4624 Ἰησοῦς,
676 4552 952 4610 διδάσκων
1027 4554 1076 4609 ἓν
1150 4563 1267 4619 ταῖς
1339 4562 1690 4629 συναγωγαῖς,
1768 4564 1858 4613 καὶ

241 4650 538 4722 κηρύσσων
581 4649 640 4699 τὸ
679 4645 993 4720 Εὐαγγέλιον
1045 4654 1141 4709 τῆς
1201 4644 1497 4720 βασιλείας,
1564 4650 1655 4699 καὶ
1702 4649 1857 4724 θερα..

242 4739 422 4791 πεύων
470 4742 645 4790 πᾶσαν
691 4740 843 4790 νόσον
895 4739 986 4789 καὶ
1024 4741 1200 4789 πᾶσαν
1236 4734 1517 4810 μαλακίαν.
1568 4738 1855 4792 ΛΟΥΚΑΣ.

245 4831 355 4882 Καὶ
418 4825 576 4890 αὐτὸς
641 4822 865 4880 διώδευε
920 4825 1048 4899 ’(46)
1118 4827 1255 4879 κατὰ
1327 4823 1476 4879 πόλιν
1532 4829 1623 4878 καὶ
1678 4830 1857 4900 κώμην

242 4919 539 4993 κηρύσσων
594 4920 689 4977 τὴν
739 4914 1014 4991 βασιλείαν
1051 4923 1145 4970 τοῦ
1189 4922 1348 4983 Θεοῦ,
1391 4921 1482 4969 καὶ
1521 4915 1858 4990 εὐαγγελιζὸ-

241 5023 419 5083 μενος·
465 5011 555 5059 καὶ
599 5008 648 5060 οἱ
678 5002 890 5060 δώδεκα
921 5009 1015 5060 σὺν
1056 5006 1214 5079 αὐτῷ.

238 5143 369 5197 Ὀτι
422 5138 506 5197 δεῖ
568 5143 766 5205 πάντας
817 5141 1231 5219 προσκαλεῖσθαι
1286 5145 1413 5219 πρὸς
1469 5144 1705 5205 ὑπακοὴν
1763 5152 1856 5198 τοῦ

314 5325 437 5406 (43ξ
486 5320 636 5408 Reg:
671 5321 877 5408 tertius
906 5320 957 5376 ἓν
989 5320 1311 5408 ἀναστροῗῇ,
1354 5321 1404 5377 ἓν
1435 5321 1637 5408 {cyth-np,
1769 5328 1857 5408 πί·

240 5393 381 5472 σπι,
407 5393 465 5472 ’ἓν
490 5393 691 5472 άγνείᾳ,
722 5397 823 5472 in,
850 5396 914 5452 in
935 5393 1404 5467 conversatione,
1431 5393 1496 5453 in
1523 5393 1851 5472 charitate,

235 5468 304 5524 in
322 5467 471 5537 ﬁde,
502 5467 566 5523 in
594 5467 891 5525 castitate.

236 5540 433 5668 Εέέιξ)
466 5538 655 5595 Editio
698 5538 884 5623 Paris.
935 5537 1301 5623 ἐπιμεριᾳνεῖν,
1351 5541 1681 5598 sollicitum
1708 5553 1850 5600 esse.

332 5617 445 5668 tuo
466 5608 617 5668 Ven.
644 5610 896 5668 nerinde
916 5613 982 5668 ut
1009 5592 1174 5668 itezii
1198 5624 1432 5668 primus
1460 5616 1522 5668 et
1548 5613 1850 5668 secundus

332 5592 445 5669 me
466 5592 896 5687 resipuisse
916 5613 982 5670 ut
1009 5592 1174 5685 ite‘gii
1198 5592 1435 5688 primus
1449 5592 1852 5672 amissaa;

1965 4565 2238 4637 nagogis,
2271 4570 2325 4622 et
2341 4566 2684 4635 praedicans
2708 4564 3110 4634 Evangelium
3130 4560 3385 4632 regni,et
3406 4573 3632 4616 sanans

1966 4669 2197 4712 omnem
2220 4654 2493 4711 morbum
2524 4659 2581 4712 et
2609 4669 2839 4711 omnem
2873 4653 3227 4723 languorem
3255 4649 3501 4722 (Matth.
3546 4663 3624 4719 iv,

1964 4745 2127 4816 23)...
2149 4744 2228 4800 Et
2256 4746 2383 4816 ipse
2410 4745 2526 4801 iter
2546 4743 2806 4815 faciebat
2830 4757 2945 4813 per
2972 4742 3239 4799 civitates
3275 4744 3331 4796 et
3371 4737 3627 4794 castella

1961 4833 2308 4906 praedicans
2327 4848 2573 4905 regnum
2596 4834 2725 4903 Dei,
2756 4836 2811 4890 et
2836 4832 3254 4905 evangelicum
3279 4844 3292 4885 :
3322 4831 3376 4885 et
3402 4825 3631 4883 duode-

1968 4926 2084 4983 cim
2114 4941 2249 4983 cum
2278 4925 2389 4981 illo
2416 4925 2588 4997 (Luc.
2619 4940 2742 4991 vm,
2783 4923 2854 4987 t).

1969 5143 2143 5213 Quod
2194 5159 2409 5203 omnes
2461 5137 2840 5200 convocandi
2897 5143 3038 5197 sunt
3079 5137 3154 5197 ad
3216 5133 3629 5196 obediendum

1964 5326 2345 5401 ἔπαμεριμνεῖν,
2404 5336 2681 5381 securum
2753 5334 2894 5379 esse.
2962 5323 3104 5391 Reg.
3184 5316 3395 5377 tertius
3449 5314 3625 5389 ἱναμε-

1962 5416 2337 5545 ρ’έῗῖἓῖίβρεσ
2368 5464 2600 5545 tertius.
2632 5463 2929 5545 πέμῖιισεντάέ
2949 5463 3377 5545 transmisi”.-

1962 5608 1999 5667 δ
2029 5533 2143 5666 (δεῖ)
2172 5533 2431 5614 Utrique
2459 5536 2643 5595 editio
2690 5533 2843 5598 αὗτὸς
2883 5533 3164 5590 atatis-nx.
3217 5534 3372 5591 Libri
3397 5536 3625 5590 veteres

2003 5633 2064 5665 ιω
2106 5631 2205 5669 ευε.
