4112 6380
513 326 618 377 827

1885 320 1942 373 S.
1988 317 2237 373 liASlLl!
2274 318 2491 373 HAGNI

3764 327 3871 381 828

574 443 1100 513 Evangeliozitem
1148 442 1318 516 quod
1371 457 1570 499 sermo
1621 456 1762 496 cum
1788 439 1954 497 omni
1984 439 2157 494 liber-

2350 440 2689 512 Εὖαγγελίου,
2756 450 2846 496 καὶ
2901 447 3033 517 μετά
3080 446 3258 507 πάσης
3314 445 3613 520 παρρησίας
3674 465 3877 517 καταγ-

573 538 695 593 tate
722 533 796 591 sit
839 532 1321 599 aununtiandus,
1376 532 1571 605 sitque
1616 528 1891 587 dandum
1938 527 2167 584 veritati

574 622 1010 687 testimonium,
1058 636 1418 695 quanquam
1466 617 1742 677 nonnulli
1780 615 2164 691 prohibeant,

573 716 634 769 et
661 727 908 785 quoquo
937 710 1125 769 modo
1173 707 1262 765 vel
1310 707 1392 765 ad
1443 711 1703 765 mortem
1745 722 1937 780 usque
1962 720 2166 780 perse-

576 805 864 874 quantur.

1139 906 1338 977 Caput
1365 905 1530 963 XIII.

575 1013 747 1083 Quod
772 1013 904 1069 dico
930 1013 1093 1069 vobis
1120 1014 1186 1070 in
1209 1012 1487 1081 tenebris,
1505 1011 1690 1068 dicite
1715 1012 1779 1067 in
1814 1009 2043 1067 lumine
2060 1024 2084 1066 .'
2106 1014 2164 1067 et

501 1104 664 1177 quod
680 1104 745 1160 in
775 1118 879 1160 ore
904 1104 1242 1171 audivistis,
1292 1103 1624 1173 praedic-ate
1661 1114 1846 1169 super
1874 1105 2052 1157 tecta.
2083 1098 2164 1157 Et

497 1196 688 1252 nolite
716 1197 923 1252 timere
952 1208 1046 1251 eos
1066 1195 1174 1266 qui
1199 1194 1482 1250 occidunt
1503 1207 1737 1261 corpus,
1765 1191 2036 1248 animam
2058 1205 2165 1248 au-

499 1289 615 1342 tem
636 1301 756 1341 non
772 1291 1024 1354 possunt
1042 1285 1309 1341 occidere
1333 1281 1575 1354 (Matth.
1598 1296 1657 1349 x,
1689 1286 1779 1352 27,
1802 1282 2012 1348 28).....
2035 1279 2164 1336 Nu-

497 1376 643 1445 ptiae
661 1376 897 1447 quidem
910 1379 1149 1445 paratis
1163 1373 1435 1443 sunt,sed
1450 1373 1556 1444 qui
1572 1372 1818 1428 invitati
1835 1376 2162 1441 erant,non

496 1466 746 1535 fuerunt
775 1464 968 1535 digni.
1001 1465 1092 1520 Ite
1116 1478 1258 1534 ergo
1288 1463 1370 1520 ad
1401 1464 1599 1519 exitus
1619 1463 1882 1529 viarum,
1906 1465 1961 1517 et
1990 1473 2165 1531 quos-

497 1568 733 1625 cunque
762 1554 1350 1618 inveneritis,vocate
1376 1552 1458 1609 ad
1486 1552 1736 1620 nuptias
1764 1549 2002 1621 (Matth.
2023 1564 2157 1616 xxu,

496 1646 552 1709 8,
585 1643 708 1715 9)...
731 1643 1061 1713 Respondit
1080 1646 1134 1699 ei
1155 1645 1322 1698 ‘Jesus
1347 1660 1360 1697 :
1389 1642 1515 1712 Ego
1532 1641 1744 1711 palam
1769 1641 2003 1696 loeutus
2026 1653 2159 1695 sum

496 1733 762 1790 mundo:
790 1748 899 1803 ego
928 1747 1162 1802 semper
1181 1732 1364 1788 docui
1386 1732 1447 1786 in
1481 1744 1817 1801 synagoga,
1844 1734 1899 1785 et
1927 1729 1992 1784 in
2013 1733 2158 1785 tem-

2348 529 2542 600 γελλειν
2587 535 2672 584 τὸν
2721 532 2895 607 λόγον,
2945 538 3034 586 xui
3079 543 3360 610 μαρτυρεῖν
3406 543 3467 609 τῇ
3511 533 3747 611 ἀληθείᾳ,
3779 537 3877 588 κᾶν

2348 639 2477 681 τινες
2533 621 2795 693 κωλύωσι,
2838 627 2927 677 καὶ
2978 620 3246 677 διώκωσιν
3300 625 3391 701 οἵῳ
3446 621 3643 685 δήποτε
3702 630 3879 702 τρόπῳ

2346 712 2511 787 μέχρι
2543 711 2787 768 θανάτου.

2910 909 3099 983 Κεφάλ.
3142 908 3241 967 ῙΓ.

2345 1017 2716 1070 ΜΑΤΘΑΙΟΣ.
2760 1015 2826 1069 Ὃ
2868 1015 2999 1089 λέγω
3036 1018 3157 1090 ὑμῖν
3187 1016 3237 1072 iv
3273 1026 3335 1091 τῇ
3372 1022 3580 1091 σκοτίᾳ,
3621 1019 3799 1074 εἴπατε
3828 1017 3877 1073 iv

2270 1110 2346 1174 τῷ
2384 1108 2537 1177 φωτίο
2569 1110 2661 1159 xui
2701 1105 2728 1160 ὃ
2756 1109 2882 1180 πρὸς
2927 1110 2987 1161 τὸ
3033 1104 3120 1169 οὖς
3163 1107 3444 1177 ἠκούσατε,
3494 1107 3756 1184 κηρύξατε
3793 1107 3879 1165 ὄπι

2270 1199 2370 1246 τῶν
2401 1189 2676 1267 δωμάτων.
2711 1200 2813 1249 Καὶ
2836 1199 2909 1269 μή
2939 1195 3180 1268 φοϐεῖσθε
3208 1195 3311 1251 ἀπὸ
3341 1204 3442 1251 τῶν
3474 1194 3877 1255 ἀποκτεινόντων

2273 1283 2384 1351 (47)
2410 1285 2467 1336 τό
2500 1291 2672 1355 σῶμα,
2695 1289 2790 1344 τὴν
2821 1280 2881 1338 δε
2907 1283 3095 1357 ψυχὴν
3126 1290 3197 1359 μὴ
3225 1282 3522 1359 δυναμένων
3550 1284 3875 1343 ἀποκτεῖναι.

2272 1377 2639 1427 ΜΑΤΘΔΙΟΣ.
2698 1373 2758 1430 Ὀ
2979 1376 3145 1447 γάμος
3211 1376 3418 1449 ἕτοιμός
3477 1374 3643 1443 ἔστιν,
3706 1377 3758 1429 οἱ
3817 1373 3879 1431 δι

2270 1460 2570 1535 κεκλημένοι
2620 1463 2715 1517 οὐκ
2768 1461 2902 1523 ἦσαν
2941 1465 3102 1528 ἄξιοι.
3171 1467 3462 1540 Πορεύεσθε
3511 1461 3601 1520 οὖν
3657 1464 3743 1521 ἐπὶ
3788 1469 3879 1529 τὰς

2272 1547 2546 1613 διεξόδους
2574 1561 2673 1606 τῶν
2703 1549 2862 1624 ὁδῶν,
2893 1558 2985 1609 καὶ
3014 1553 3171 1618 ὂσους
3201 1554 3262 1607 ἂν
3293 1555 3495 1630 εὕρητε,
3526 1553 3782 1612 καλέσατε
3810 1555 3879 1616 εὶς

2268 1644 2389 1702 τοὺς
2424 1643 2641 1714 γάμους,
2685 1649 3006 1699 ΙΩΑΝΝΗΣ.
3050 1643 3337 1717 Ἀπεκρίθη
3384 1644 3525 1715 αὐτῷ
3566 1645 3594 1701 ὁ
3646 1644 3873 1707 Ἰησοῦς·

2270 1728 2405 1800 Ἐγὼ
2441 1728 2712 1804 παρρησίᾳ
2754 1730 2984 1791 ἇλαλησα
3025 1742 3098 1804 τῷ
3136 1737 3340 1805 κόσμῳο
3374 1731 3474 1804 ἐγὼ
3501 1736 3723 1788 πάντοτε
3759 1729 3876 1788 εδι-

492 1823 745 1894 plo,quo
771 1794 974 1879 omnes
997 1794 1198 1878 Judaei
1222 1794 1591 1878 conveniunt
1617 1794 2053 1875 :Vet'inoccutto
2076 1817 2157 1873 lo-

2271 1813 2410 1880 δαξα
2446 1817 2494 1871 iv
2532 1828 2593 1892 τῇ
2635 1829 2914 1893 συναγωγῇ
2960 1826 3051 1875 καὶ
3089 1820 3138 1875 iv
3167 1830 3237 1893 τῷ
3279 1824 3419 1896 ἱερῷ,
3451 1823 3580 1879 ὅπου
3609 1824 3796 1885 πάντες
3825 1824 3875 1876 οἱ

498 1917 672 1967 cutus
691 1926 823 1967 sum
845 1910 1006 1967 nihil
1027 1911 1228 1981 (Joan.
1251 1924 1415 1973 xvm,
1435 1908 1591 1980 20)...
1619 1909 1849 1964 Etcum
1872 1905 2161 1964 adduxis-

495 2005 626 2056 sent
640 2000 1146 2069 illos,statuerunt
1168 2000 1233 2054 in
1253 1999 1509 2054 concilio
1539 2013 1553 2052 :
1577 2002 1631 2054 et
1648 1996 2053 2065 interrogavit
2066 2008 2161 2051 eos

488 2091 781 2159 princeps
809 2090 1213 2157 sacerdotum,
1245 2089 1449 2145 dicens
1475 2105 1487 2142 :
1520 2088 1736 2143 Nonne
1758 2084 2161 2155 przcipiendo

486 2182 888 2253 precepimus
909 2179 1067 2237 vobis
1095 2194 1170 2237 ne
1211 2179 1500 2236 doceretis
1550 2178 1612 2234 in
1626 2176 1872 2233 nomine
1895 2177 2006 2230 isto
2032 2178 2059 2229 ἵ
2087 2175 2159 2231 Et

495 2285 627 2331 ecce
652 2272 929 2341 replestis
958 2269 1298 2329 Jerusalem
1319 2268 1601 2327 doctrina
1626 2273 1827 2324 vestra
1861 2271 1951 2321 :et
1976 2264 2159 2321 vultis

494 2359 776 2419 inducere
789 2375 974 2431 super
1001 2376 1110 2418 nos
1148 2360 1506 2431 sanguinem
1534 2355 1789 2414 hominis
1815 2355 2008 2411 istius.
2039 2354 2157 2410 Re-

492 2449 791 2519 spondens
816 2454 1013 2507 autem
1039 2450 1255 2505 Petrus
1285 2454 1341 2505 et
1373 2447 1634 2516 apostoli
1655 2445 1946 2505 dixerunt
1969 2462 1987 2499 :
2007 2443 2156 2500 Obe-

495 2538 628 2595 dire
655 2544 887 2608 oportet
918 2539 1039 2594 Deo
1070 2538 1263 2608 magis
1293 2551 1473 2607 quam
1520 2534 1861 2593 hominibus
1896 2535 2053 2600 \Act.
2099 2548 2154 2600 τ,

494 2627 752 2699 27-29)...
783 2628 917 2683 Nisi
946 2626 1106 2699 quod
1124 2626 1393 2699 Spiritus
1433 2630 1681 2681 sanctus
1721 2638 1833 2692 per
1861 2636 2061 2677 omnes
2080 2621 2159 2677 ci-

494 2717 709 2774 vitates
726 2716 882 2772 mihi
902 2713 1817 2786 protestatur,dicens,quoniam
1837 2711 2086 2767 vincula
2105 2715 2161 2766 et

495 2807 582 2863 tri
585 2805 919 2864 bulationes
934 2820 1028 2863 me
1041 2810 1308 2863 manent.
1338 2804 1553 2861 Verum
1562 2818 1681 2873 pro
1700 2802 1895 2860 nihilo
1910 2801 2035 2859 haec
2056 2801 2161 2857 ha-

495 2894 818 2968 beo,neque
846 2896 974 2953 vita
999 2909 1132 2952 mea
1152 2893 1345 2951 chara
1373 2899 1457 2950 est
1482 2892 1636 2951 mihi
1655 2890 1865 2963 ipsi,ut
1894 2905 2162 2949 consum-

492 2999 645 3043 mem
676 3000 919 3042 cursum
949 3000 1148 3041 meum
1211 3000 1346 3040 cum
1364 2983 1614 3053 gaudio,
1659 2987 1713 3038 et
1760 2981 2159 3039 ministerium

493 3076 656 3146 quod
669 3075 876 3144 accepi
892 3090 931 3133 a
947 3075 1204 3131 Domino
1227 3072 1477 3140 Jesu,ad
1499 3071 1937 3145 testiﬁcandum
1957 3070 2159 3128 Evan-

490 3144 714 3235 gelium
739 3166 962 3235 gratiis
1002 3164 1112 3221 Dei
1150 3162 1310 3234 (Act.
1345 3177 1446 3234 xx,
1498 3165 1590 3226 23,
1638 3144 1804 3233 724)...
1851 3160 2014 3218 Nam
2042 3160 2162 3229 ipsi
2188 3144 2234 3205 (ἶ

490 3256 678 3322 scitis,
698 3256 953 3324 fratres.
976 3253 1296 3311 introitum
1314 3258 1592 3309 nostrum
1622 3251 1704 3308 ad
1725 3266 1844 3314 vos.
1870 3252 2014 3322 quia
2037 3266 2158 3306 non

491 3343 695 3399 inanis
720 3344 844 3411 fuit
872 3359 883 3399 :
914 3342 1017 3399 sed
1040 3349 1185 3399 ante
1210 3343 1394 3411 passi,
1427 3347 1482 3397 et
1513 3339 1889 3398 contumeliis
1937 3338 2155 3409 affecti,

490 3432 644 3487 sicut
674 3432 862 3497 scitis,
905 3434 968 3486 in
1022 3432 1352 3500 Philippis,
1402 3430 1694 3499 ﬁduciam
1742 3428 2063 3487 habuimus
2094 3430 2157 3485 in

488 3520 614 3577 Deo
644 3526 849 3577 nostro
872 3521 1042 3591 loqui
1056 3520 1140 3577 ad
1170 3535 1271 3576 vos
1301 3520 1697 3591 Evangelium
1727 3519 1839 3575 Dei
1866 3519 2078 3589 nostri,
2092 3518 2158 3575 in

487 3610 683 3667 multo
709 3611 1036 3667 certamine
1058 3611 1119 3679 (I
1146 3611 1347 3665 Thess.
1380 3624 1445 3676 ιι,
1469 3611 1522 3679 1,
1556 3612 1635 3674 2).

491 3797 663 3869 297
702 3796 877 3863 Quod
905 3796 1209 3854 orandum
1231 3801 1322 3854 est
1370 3812 1482 3868 pro
1513 3795 1784 3868 profectu
1811 3811 2022 3853 eorum
2051 3795 2158 3869 qui

558 3885 967 3947 crediderunt.
1017 3886 1350 3959 gratiaeque
1404 3901 1515 3958 pro
1572 3886 1690 3942 hoc
1745 3890 1884 3942 sunt
1938 3883 2157 3958 persol-

560 3975 776 4031 venda:
788 4016 800 4029 .

1124 4074 1322 4146 Caput
1352 4074 1515 4129 XIV.

558 4180 696 4236 Non
722 4195 840 4249 pro
867 4180 950 4237 eis
979 4187 1179 4239 autem
1229 4196 1371 4253 rogo
1420 4186 1683 4247 tantum,
1716 4179 1819 4237 sed
1846 4185 1901 4238 et
1924 4195 2043 4250 pro
2072 4180 2156 4237 eis

489 4270 596 4340 qui
604 4269 859 4325 credunt
867 4285 978 4337 per
990 4271 1234 4326 verbum
1247 4286 1455 4327 eorum
1470 4272 1531 4327 in
1548 4284 1655 4341 me,
1668 4274 1732 4325 ut
1748 4285 1950 4326 omnes
1965 4285 2153 4326 unum

486 4356 630 4424 sint,
656 4358 917 4429 sicuttu,
951 4358 1158 4426 Pater,
1189 4360 1253 4414 in
1274 4373 1388 4424 me,
1417 4365 1473 4415 et
1503 4373 1609 4429 ego
1640 4360 1703 4414 in
1735 4364 1811 4425 te,
1844 4363 1910 4414 ut
1950 4364 2007 4415 et
2038 4358 2157 4428 ipsi

486 4445 551 4501 in
572 4446 741 4503 nobis
762 4462 947 4503 unum
962 4449 1083 4504 sint
1105 4449 1305 4515 (Joan.
1331 4463 1474 4516 xvu,
1501 4450 1593 4516 20,
1620 4448 1783 4518 21)...
1807 4450 1874 4503 Ει
1898 4448 2148 4505 iterum:

483 4536 694 4603 Pater,
716 4551 862 4608 quos
892 4536 1116 4594 dedisti
1153 4538 1327 4607 mihi,
1373 4537 1509 4595 volo
1560 4543 1625 4594 ut
1646 4537 1752 4593 ubi
1779 4552 1910 4595 sum
1930 4552 2063 4609 ego,
2094 4543 2150 4595 et

484 4625 587 4681 illi
601 4626 723 4683 sint
741 4640 972 4683 mecum
1002 4626 1167 4687 (ibid.
1194 4627 1355 4698 24)...
1380 4626 1453 4682 In
1479 4628 1613 4696 ipsa
1644 4627 1797 4683 hora
1817 4628 2152 4684 exsultavit

482 4715 703 4783 spiritu
721 4715 914 4781 Jesus,
936 4721 991 4773 et
1019 4716 1176 4772 dixit
1195 4730 1219 4771 .'
1237 4716 1541 4785 Conﬁteor
1557 4716 1686 4785 tibi,
1696 4717 2153 4784 Pater,Domine

482 4804 622 4861 ca'li
646 4809 704 4862 ct
717 4805 1075 4877 terraquod
1089 4805 1461 4862 abscondisti
1482 4805 1607 4862 haec
1627 4822 1665 4863 a
1685 4806 2145 4875 sapientibus,et

475 4895 969 4963 prudentibus,et
991 4896 1279 4951 revelasti
1298 4911 1369 4954 ea
1386 4897 1688 4966 parvulis.
1709 4898 1909 4955 Etiam
1929 4898 2147 4954 Pater:

485 4986 768 5054 quoniam
796 4986 881 5042 sic
906 4986 1140 5055 placuit
1169 4993 1313 5043 ante
1339 4991 1393 5044 te
1417 4988 1583 5059 (Luc.
1608 5004 1662 5058 χ,
1685 4991 1848 5056 21)...
1874 4989 2150 5045 Primum

559 5216 687 5301 (47),
714 5215 963 5272 Codices
985 5216 1413 5301 Qombeﬁsiani
1442 5227 1543 5301 τῶν
1587 5218 1989 5301 ἀποκτενόντων.
2019 5223 2154 5301 Ver-

654 5284 1041 5366 'ieuv,_quod_
1057 5303 1202 5345 mox
1223 5290 1581 5364 sequitur,in
1608 5291 1913 5349 veteribus
1934 5292 2154 5351 nostris

484 5354 657 5411 libris
689 5354 824 5413 non
838 5354 1206 5416 invenimus.

558 5428 672 5497 (48)
710 5431 847 5556 Reg.
883 5431 1096 5488 tertius
1121 5428 1372 5486 Ἰουδαῖοι
1395 5438 1746 5507 συνήρχοντο.

558 5501 675 5556 (49)
751 5504 768 5555 Ι
819 5517 915 5556 em
991 5503 1186 5556 codex
1272 5504 1331 5556 οὗ
1421 5506 1746 5556 παραγγελία

498 5572 509 5583 ’
557 5501 675 5587 (49)
728 5501 918 5587 idern
991 5503 1186 5587 codex
1272 5504 1331 5559 οὐ
1421 5501 1750 5580 παρῆγελίᾳ
1828 5507 2157 5584 παρήγγειλα

485 5574 630 5642 ύμῖν,
655 5578 918 5654 praecepi
942 5574 1126 5630 vobis.
1495 5574 1505 5579 “
1571 5574 1619 5580 ’⁷
1726 5574 1736 5579 ’
1903 5574 1906 5584 ’

427 5683 455 5717 ,κ
557 5640 667 5714 (50)
708 5645 870 5714 Begu
898 5644 1134 5716 primus
1163 5651 1222 5704 et
1247 5646 1457 5705 tertius
1486 5650 1619 5702 ὥστε
1640 5649 1906 5704 τελειῶσαι

2272 1905 2528 1963 Ἰουδαῖοι
2574 1913 2920 1985 συνέρχονται
2969 1911 3106 1982 (48),
3147 1915 3237 1963 καὶ
3280 1909 3329 1963 iv
3375 1918 3591 1985 κρυπτῷ
3646 1909 3875 1971 ἕλάλησα

2270 1993 2442 2054 οὐδὲν.
2494 2002 2790 2056 ΠΡΔΞΕΙΣ.
2834 2000 3142 2075 ’Δγαγόντες
3186 1996 3247 2053 δε
3295 1999 3489 2061 αὐτοὺς
3535 2001 3768 2059 ἔστησαν
3822 1999 3873 2061 iv

2269 2094 2338 2156 τῷ
2387 2083 2662 2161 συνεδρίῳ,
2713 2094 2803 2140 xui
2843 2087 3175 2162 ἐπηρώτησεν
3236 2089 3425 2151 αὐτοὺς
3482 2090 3507 2141 ὁ
3573 2088 3870 2165 ἀρχιερεὺς,

2267 2174 2445 2248 λέγών.
2502 2176 2578 2230 Οὐ
2631 2176 2959 2252 παραγγελία
3008 2177 3424 2254 παρηγγείλαμεν
3473 2179 3594 2252 ὑμῖν
3643 2178 3753 2253 (49)
3790 2183 3864 2252 μὴ

2269 2258 2548 2319 διδάσκειν
2601 2264 2685 2318 ἐπὶ
2735 2275 2808 2338 τῷ
2853 2266 3071 2342 ὀνόματι
3099 2269 3268 2341 τούτῳ
3290 2281 3315 2341 ,’
3360 2272 3461 2321 Καὶ
3515 2264 3630 2321 ἰδοὺ
3676 2266 3871 2326 πεπλη-

2263 2358 2465 2429 ρώκατε
2533 2356 2628 2412 τὴν
2690 2354 3035 2431 Ἰερουσαλὴμ
3094 2363 3192 2417 τῆς
3250 2351 3490 2430 διδαχῆς
3554 2358 3719 2429 ὑμῶν,
3779 2360 3871 2408 xui

2268 2440 2519 2514 βούλεσθε
2563 2442 2842 2517 ἐπαγαγεῖν
2882 2444 2959 2519 ἐφ’
3004 2446 3140 2520 ἡμᾶς
3182 2448 3242 2497 τὸ
3286 2446 3422 2520 αἷμα
3476 2452 3567 2498 τοῦ
3599 2443 3870 2520 ἀνθρώπου

2265 2533 2472 2588 τούτου,
2509 2531 2841 2607 Ἀποκριθεὶς
2872 2530 2931 2587 δε
2962 2538 3155 2610 Πέτρος
3193 2538 3283 2587 καὶ
3314 2537 3363 2587 οὶ
3396 2532 3679 2588 ἀπόστολοι
3706 2530 3869 2588 εἶπον.

2268 2621 2581 2696 Πειθαρχεῖν
2622 2619 2707 2675 δεῖ
2744 2622 2934 2695 μᾶλλον
2977 2631 3091 2694 Θεῷ
3135 2624 3164 2682 ἢ
3222 2622 3531 2700 ἀνθρώποις.
3571 2628 3870 2678 ΠΡΑΞΕΙΣ.

2271 2708 2409 2768 Πλὴν
2448 2712 2529 2763 ὅτι
2557 2715 2615 2763 τὸ
2662 2718 2871 2785 Πνεῦμα
2909 2731 3001 2785 μοι
3037 2715 3098 2765 τό
3126 2714 3278 2787 ἅγιον
3308 2717 3444 2767 κατὰ
3470 2713 3616 2767 πόλιν
3643 2709 3679 2765 δ
3684 2731 3875 2785 ιαμαρ-

2268 2799 2501 2873 τύρεται,
2548 2798 2714 2875 λέγον,
2766 2803 2848 2859 ὅτι
2896 2797 3072 2874 δεσμά
3108 2806 3198 2857 καὶ
3261 2801 3462 2875 θλίψεις
3498 2820 3562 2877 με
3604 2805 3872 2876 μένουσιν.

2273 2886 2407 2941 ’Δλλ’
2456 2885 2668 2953 οὐδενὸς
2704 2889 2875 2965 λόγον,
2929 2898 3203 2965 ποιοῦμαι,
3251 2888 3377 2945 οὐδὲ
3426 2894 3533 2964 ἔχω
3563 2895 3658 2950 τὴν
3687 2889 3878 2965 ψυχὴν

2271 2998 2372 3054 μου
2402 2979 2581 3053 τιμίαν
2630 2978 2837 3054 ἐμαυτῷ
2886 2983 2951 3043 ὡς
2987 2980 3261 3037 τελειῶσαι
3290 2985 3400 3054 (50)
3429 2984 3516 3034 τόν
3550 2976 3745 3055 δρόμον
3775 3000 3877 3054 μου

2270 3071 2403 3143 μετά
2449 3076 2647 3144 χαρᾶς,
2692 3075 2783 3124 καὶ
2829 3074 2924 3129 τὴν
2962 3067 3233 3125 διακονίαν
3273 3070 3334 3133 ἣν
3384 3070 3564 3125 ἔλαϐον
3603 3072 3750 3146 παρά
3785 3076 3879 3123 τοῦ

2273 3165 2468 3234 Κυρίου
2522 3158 2722 3218 Ἰησοῦ.
2773 3156 3239 3236 διαμαρτύρασθαι
3300 3164 3358 3214 τὸ
3416 3160 3726 3235 Εὐαγγελιον
3784 3167 3878 3223 τῆς

2268 3251 2497 3325 χάριτος
2561 3258 2653 3304 τοῦ
2720 3257 2874 3309 Θεοῦ.
2934 3257 3104 3306 ΠΡΟΣ
3166 3256 3340 3306 ΘΕΣΣ.
3407 3271 3471 3307 α.
3541 3250 3706 3305 Αὑτοί
3770 3251 3875 3323 γὰρ

2269 3322 2469 3406 οἰδατε,
2526 3335 2761 3413 ἀδελφοὶ,
2801 3344 2896 3399 τὴν
2946 3337 3155 3394 εἴσοδον
3212 3342 3359 3414 ἡμῶν
3408 3345 3503 3400 τὴν
3540 3343 3672 3418 πρὸς
3718 3322 3895 3413 ὑμᾶς,

2267 3430 2348 3483 ὅτι
2375 3428 2433 3482 οὐ
2464 3432 2581 3487 κενὴ
2613 3433 2835 3511 γέγονεν’
2866 3427 2993 3482 ἀλλὰ
3022 3426 3378 3506 πρὸπαθόντες
3405 3434 3497 3483 καὶ
3528 3428 3873 3503 ὑϐρισθέντες,

2267 3520 2441 3580 καθὼς
2486 3514 2686 3587 οῖδατε,
2739 3517 2787 3571 iv
2832 3519 3126 3588 Φιλίπποις,
3178 3517 3688 3596 ἐπαρρησιασάμεθα
3723 3516 3772 3572 iv
3802 3526 3877 3589 τῷ
3960 3572 3968 3579 ,

2267 3612 2375 3679 Θεῷ
2414 3609 2559 3681 ἡμῶν
2588 3606 2816 3671 λαλῆσαι
2843 3612 2977 3685 πρὸς
3014 3611 3151 3683 ὑμᾶς
3177 3612 3236 3662 τὸ
3267 3608 3583 3685 Εὐαγγὲλιον
3614 3616 3707 3662 τοῦ
3739 3615 3877 3663 Θεοῦ

2266 3699 2413 3772 ἡμῶν
2457 3695 2506 3751 ἓν
2548 3697 2718 3770 πολλῷ
2759 3697 2942 3770 ἀγῶνι.

2263 3808 2390 3857 ’Θτι
2427 3798 2515 3855 δεῖ
2558 3804 2958 3875 προσεύχεσθαι
3000 3803 3128 3878 ὑπερ
3175 3811 3267 3867 τῆς
3304 3810 3568 3879 τροκοπῆς
3609 3804 3724 3874 (51)
3775 3810 3876 3857 τῶν

2445 3895 2886 3960 πεπιστευκότων,
2927 3897 3019 3945 καὶ
3047 3891 3126 3948 ἐπ’
3157 3892 3288 3966 αὐτῇ
3335 3892 3692 3970 εὐχαριστεῖν.

2911 4078 3101 4157 Κεφάλ.
3135 4078 3230 4137 ΙΔ’.

2340 4181 2661 4233 ΙΩΑΝΝΗΣ.
2720 4176 2796 4231 Οὐ
2856 4183 2976 4253 περὶ
3053 4181 3249 4232 τούτων
3326 4175 3385 4233 δε
3458 4179 3632 4256 ἐρωτῶ
3694 4184 3874 4255 μόνον,

2268 4264 2397 4319 ἀλλά
2460 4272 2550 4319 καὶ
2611 4271 2731 4340 περὶ
2797 4276 2897 4319 τῶν
2966 4272 3314 4321 πιστευόντων
3386 4265 3420 4322 δ
3426 4271 3481 4323 ιά
3552 4278 3644 4323 τοῦ
3714 4267 3876 4342 λόγου

2516 4356 2592 4417 εἰς
2652 4356 2761 4429 ἐμὲ,
2841 4358 2925 4409 ἵνα
2986 4359 3176 4419 πάντες
3240 4358 3289 4411 ἓν
3355 4359 3475 4427 ὦσι,
3543 4361 3712 4421 καθὼς
3782 4363 3872 4427 σὺ,

2269 4449 2460 4520 Πάτερ,
2517 4449 2566 4499 iv
2622 4445 2760 4520 ἐμοὶ,
2814 4444 2957 4519 κάγὼ
3028 4445 3077 4500 iv
3140 4452 3245 4511 σοὶ,
3308 4451 3395 4501 ἵνα
3456 4453 3548 4503 xui
3614 4448 3767 4503 αὐτοὶ
3822 4446 3875 4500 iv

2266 4538 2392 4609 ἡμῖν
2444 4538 2495 4590 ἓν
2540 4536 2658 4607 (52)
2699 4536 2821 4592 ὦσι.
2875 4539 2979 4591 Kui
3017 4536 3197 4591 πάλινο
3257 4538 3449 4613 Πάτερ,
3491 4536 3580 4601 οὓς
3630 4533 3875 4599 δέδωκάς

2263 4646 2376 4700 μοι,
2427 4624 2552 4681 θέλω
2611 4624 2694 4681 ἱνα
2763 4629 2892 4681 ὅπου
2946 4625 3053 4700 εἰμί
3116 4625 3236 4700 ἐγὼ,
3305 4626 3535 4682 κάκεῖνοι
3591 4628 3692 4681 ὦσι
3755 4631 3870 4701 μετ’

2261 4714 2406 4790 ἐμοῦ.
2490 4720 2779 4772 ΔΟΥΚΔΣ.
2852 4715 2932 4770 Ἐν
3013 4715 3144 4790 αὐτῇ
3225 4724 3289 4790 τῇ
3369 4719 3480 4792 ὥρᾳ
3508 4716 3872 4790 ἠγαλλιάσατο

2258 4813 2332 4876 τῷ
2402 4806 2656 4878 πνεύματι
2733 4805 2760 4857 ὁ
2853 4804 3076 4874 Ἰησοῦς,
3145 4810 3234 4858 καὶ
3317 4808 3454 4861 εἶπεν
3488 4827 3500 4840 ο
3604 4805 3872 4879 Εξομολο-

2258 4898 2455 4967 γοῡμαί
2525 4913 2631 4966 σοι,
2700 4895 2893 4969 Πάτερ,
2974 4896 3134 4970 Κύριε
3191 4903 3282 4950 τοῦ
3338 4895 3561 4970 οὐρανοῦ
3618 4901 3710 4951 καὶ
3774 4903 3873 4957 τῆς

2259 4991 2374 5056 γῆς,
2432 4984 2513 5036 ὅτι
2586 4981 2895 5060 ἀπέκρυψας
2958 4991 3128 5039 ταῦτα
3185 4983 3286 5040 ἀπὸ
3346 4994 3516 5061 σοφῶν
3581 4990 3672 5041 καὶ
3740 5005 3870 5040 συν-

2270 4356 2439 4409 αὐτῶν

2333 5217 2446 5300 (5.1)
2633 5216 2795 5287 Regii
2832 5217 3067 5300 primus
3117 5221 3176 5276 et
3217 5218 3547 5300 secu_nd_us.
3609 5221 3874 5300 Utraque

2262 5288 2445 5349 editio
2472 5288 3051 5365 resumo-uiuum,
3074 5306 3191 5365 pro
3218 5292 3499 5363 profectu
3529 5307 3736 5350 eorum
3764 5288 3876 5364 qui

2262 5362 2599 5420 concrediti
2618 5367 2780 5419 sunt.
2870 5362 2879 5365 ⁷
3078 5362 3111 5405 1

2335 5434 2449 5505 (52)
2478 5432 2650 5507 Illud,
2676 5433 2897 5507 ivivpiv,
2931 5432 3142 5507 addidi
3168 5437 3224 5490 et
3253 5450 3325 5491 ex
3356 5433 3616 5492 editione
3637 5433 3872 5492 Veneta

2264 5510 2322 5563 et
2342 5522 2409 5563 ex
2426 5506 2691 5580 antiquis
2712 5506 2954 5580 duobus
2972 5506 3162 5564 libris.
3186 5509 3327 5577 Reg.
3354 5508 3687 5580 tertiuspro
3719 5508 3868 5580 ἡμῖν,

2264 5584 2544 5665 corrupte
2564 5576 2768 5665 dieth
2824 5578 2966 5665 υμῖν.
3026 5580 3160 5665 Mox
3201 5576 3460 5665 utreque
3502 5576 3689 5665 editio
3740 5576 3869 5633 θελω

2265 5653 2392 5703 ὅπου
2421 5649 2526 5725 εἰμὶ
2556 5649 2674 5723 ἐγὼ,
2700 5654 2806 5705 ῖνα.
2837 5649 2981 5723 Reg.
3013 5650 3247 5722 primus
3276 5649 3427 5708 utin
3450 5653 3754 5707 contextu.
