4112 6382
304 357 404 412 δ29

1818 353 2143 409 MORALIA.

3567 362 3671 414 830

302 485 442 545 ετῶν,
474 483 565 529 καὶ
596 477 927 549 ἀπεκάλυψας
957 478 1093 530 αὐτὰ
1120 482 1339 537 νηπίοις.
1372 482 1495 547 Ναὶ,
1527 477 1552 528 6
1575 480 1778 552 Πατὴρ,
1813 478 1893 529 ὃτι

2014 477 2238 547 yuidem
2259 479 2492 547 gratias
2504 494 2616 549 ago
2629 482 2747 535 Deo
2758 496 2884 536 meo
2897 497 3009 550 per
3023 484 3226 539 Jesum
3241 484 3541 541 Christum
3557 499 3669 555 pro

300 567 460 629 οὕτως
515 566 703 638 ἐγένετο
757 564 975 620 εὐδοκία
1021 568 1307 640 ἔμπροσθέν
1341 586 1462 623 σου.
1519 572 1687 618 ΠΡΟΣ
1732 572 1890 621 ΡΩΜ.

301 661 509 729 Πρῶτον
536 659 625 728 μὲν
648 657 950 733 εὐχαριστῶ
977 665 1047 729 τῷ
1079 664 1190 728 Θεῷ
1219 675 1321 728 μου
1355 652 1389 708 δ
1397 658 1450 709 ιά
1468 661 1643 716 Ἰησοῦ
1657 661 1893 728 Χριστοῦ

299 744 425 817 ὑπὲρ
447 746 651 796 πάντων
681 747 841 818 ὑμῶν,
863 748 941 799 ὃτι
970 748 999 804 ἡ
1040 750 1215 807 πίστις
1245 747 1387 818 ὑμῶν
1419 745 1531 817 (53)
1555 743 1895 816 καταγγέλλε-

299 850 387 883 ται
413 830 460 883 ἐν
491 832 589 904 ὅλῳ
628 842 700 905 τῷ
729 839 927 907 κόσμῳ.
954 835 1171 909 Μάρτυς
1197 837 1298 908 γάρ
1330 837 1430 907 μού
1462 833 1598 887 ἐστιν
1625 835 1650 885 6
1679 836 1828 899 Θεὸς,

297 919 526 994 λατρεύω
552 920 599 973 ἓν
623 931 695 994 τῷ
720 926 966 996 πνεύματί
1002 943 1123 996 μου,
1150 922 1197 976 ὲν
1228 932 1300 997 τῷ
1331 922 1628 997 Εύαγγελίῳ
1655 930 1747 975 τοῦ
1769 924 1893 975 Υἱοῦ

300 1010 483 1079 αὐτοῦ,
517 1014 584 1074 ὡς
608 1008 947 1074 ἀδιαλείπτως
971 1015 1317 1086 μνείαν-ὐμῶν
1360 1020 1613 1086 ποιοῦμαι
1656 1009 1740 1064 ἐπὶ
1791 1020 1892 1063 τῶν

299 1108 607 1174 προσευχῶν
635 1119 757 1173 μου.
792 1108 962 1156 ΠΡΟΣ
993 1108 1128 1158 ΦΙΛ.
1161 1104 1380 1179 Μάρτυς
1408 1104 1509 1176 γάρ
1541 1104 1641 1174 μού
1696 1099 1837 1154 ἐστιν
1865 1101 1892 1153 6

302 1193 530 1254 Θεός,ὠς
549 1188 777 1243 ἐπιποθῶ
802 1194 1002 1255 πάντας
1026 1195 1160 1266 ὑμᾶς
1191 1191 1240 1245 ἐν
1265 1191 1593 1265 σπλάγχνοις
1624 1191 1735 1264 (54)
1780 1190 1892 1253 Ἰη-

298 1286 392 1331 σοῦ
424 1286 675 1352 Χριστοῦ.
709 1285 812 1334 Καὶ
849 1289 1003 1334 τοῦτο
1052 1284 1443 1358 προσεύχομαι,
1498 1281 1580 1334 ἶνα
1628 1281 1657 1341 ᾖ
1710 1277 1888 1352 ἀγάπη

291 1367 431 1438 ὑμῶν
461 1369 536 1419 ἔτι
583 1368 771 1441 μᾶλλον
814 1375 904 1423 καὶ
945 1370 1133 1443 μᾶλλον
1178 1371 1485 1445 περισσεύη’
1516 1368 1564 1422 ἓν
1594 1367 1892 1442 ,ἐπιγνώσει

287 1460 378 1508 καὶ
406 1458 551 1530 πάσῃ
588 1458 855 1527 αἰσθήσει,
893 1460 962 1520 εἰς
989 1464 1049 1513 τὸ
1092 1457 1398 1534 δοκιμάζειν
1433 1461 1564 1533 ὑμᾶς
1601 1461 1668 1512 τὰ
1700 1455 1888 1529 διαφέ-

287 1563 466 1617 ροντα,
509 1546 593 1599 ἵνα
630 1543 721 1605 ἦτε
768 1548 1050 1623 εἰλικρινεῖς
1095 1554 1185 1602 καὶ
1222 1548 1551 1625 ἀπρόσκοποι
1580 1548 1647 1610 εἰς
1689 1549 1887 1622 ἡμέραν

286 1634 953 1710 Χριστοῦ,πεπληρωμένοι
968 1646 1177 1713 καρπῶν
1200 1635 1539 1705 δικαιοσύνης
1564 1646 1663 1691 τῶν
1682 1634 1889 1696 διάΊη-

290 1730 387 1776 σοῦ
417 1730 654 1800 Χριστοῦ
685 1725 753 1787 εἰς
793 1722 951 1790 δόξαν
982 1732 1071 1781 καὶ
1101 1730 1303 1782 ἔπαινον
1336 1734 1490 1784 Θεοῦ.

2004 566 2203 621 omnib
2212 582 2276 621 us
2293 566 2451 623 vobis
2461 582 2484 623 .'
2500 568 2643 639 quia
2651 569 2799 637 ﬁdes
2814 576 3013 626 vestra
3028 574 3439 628 annuntiatur
3450 575 3513 628 in
3527 572 3668 628 uni-

2004 657 2170 712 verso
2189 655 2437 713 mundo.
2470 658 2654 714 Testis
2684 659 2839 715 enim
2859 658 3013 716 mihi
3038 665 3123 716 est
3152 661 3333 728 Deus,
3356 662 3457 717 cui
3475 675 3666 721 sermo

2004 743 2067 797 in
2088 744 2311 811 spiritu
2350 760 2497 812 meo,
2529 747 2594 805 in
2623 747 2957 817 Evangelia
2975 749 3125 805 Filii
3148 750 3299 820 ejus,
3343 747 3496 820 quod
3542 750 3673 804 sine

2003 832 2444 891 intermissione
2462 838 2809 894 memoriam
2828 838 3012 894 vestri
3037 838 3203 908 facio
3218 839 3281 893 in
3298 837 3670 893 orationibus

2001 922 2146 977 meis
2172 922 2360 992 (Rom.
2390 939 2429 992 ι,
2463 927 2516 990 8,
2547 924 2687 996 9)...
2747 927 2926 983 Testis
2966 926 3123 982 enim
3173 926 3325 983 mihi
3369 931 3456 983 est
3488 927 3666 997 Deus,

2003 1010 2289 1081 quomodo
2301 1014 2543 1082 cupiam
2564 1029 2764 1071 omnes
2782 1031 2883 1072 vos
2903 1017 2966 1071 in
2980 1016 3312 1073 visceribus
3332 1017 3475 1073 .lesu
3490 1014 3669 1072 Chri-

1998 1100 2094 1155 sti.
2116 1102 2194 1157 Et
2217 1101 2327 1158 hoc
2352 1111 2565 1172 oro,ut
2585 1105 2854 1163 charitas
2885 1112 3087 1164 vestra
3127 1106 3330 1169 adhuc
3368 1107 3564 1177 magis
3597 1119 3671 1162 ac

1999 1190 2195 1261 magis
2208 1191 2473 1249 abundet
2493 1195 2556 1249 in
2577 1196 2846 1266 scientia,
2876 1198 3004 1252 etin
3020 1198 3188 1254 omni
3206 1212 3405 1266 sensu,
3434 1200 3500 1251 ut
3524 1210 3672 1267 pro-

2001 1276 2491 1349 betispotiora,ut
2504 1284 2632 1338 sitis
2648 1285 2885 1350 sinceri,
2919 1292 2976 1358 et_
2994 1287 3125 1343 sine
3158 1287 3388 1357 offensa
3419 1286 3482 1340 in
3513 1283 3670 1340 diem

2000 1365 2265 1425 Christi:
2285 1371 2502 1439 repleti
2529 1372 2835 1443 fructibus
2843 1376 3107 1444 justitiae
3135 1392 3246 1447 per
3268 1378 3470 1432 Jesum
3504 1373 3670 1429 Chri-

1994 1460 2153 1513 stum
2178 1459 2243 1513 in
2271 1458 2531 1530 gloriam
2552 1466 2605 1518 et
2632 1462 2867 1520 laudem
2890 1464 3003 1520 Dei
3025 1465 3321 1537 (Philipp.
3353 1482 3388 1528 ι,
3423 1466 3596 1534 8-11).

285 1828 407 1885 Ὀτι
446 1827 530 1886 δεῖ
556 1834 624 1886 τὰ
661 1841 795 1887 Θεοῦ
823 1837 1014 1912 χάριτι
1041 1839 1429 1912 κατορθούμενα
1454 1841 1695 1912 γνώριμα
1722 1838 1886 1914 ποιεῖν

2014 1829 2173 1921 Quod
2203 1846 2275 1889 ea
2299 1848 2436 1907 quae
2464 1837 2626 1892 recte
2674 1834 2834 1893 facta
2880 1840 3024 1895 sunt
3068 1852 3179 1913 per
3234 1838 3336 1897 Dei
3384 1842 3666 1921 gratiam,

694 1928 785 1978 καὶ
815 1923 1005 2002 ἑτέροις
1032 1926 1104 1990 εἰς
1134 1923 1293 1990 δόξαν
1325 1934 1479 1984 Θεοῦ.

932 2033 1120 2107 Κεφάλ.
1154 2033 1249 2094 ῙΗ.

361 2122 649 2175 ΛΟΥΚΔΣ.
695 2126 795 2175 Καὶ
825 2122 1244 2201 ὑποστρέψαντες
1286 2126 1336 2178 οἰ
1375 2122 1655 2179 ἀπόστολοι
1699 2118 1890 2194 διηγή-

292 2226 449 2263 σαντο
476 2209 636 2283 αύτῷ,
671 2211 772 2265 ὅσα
810 2209 1082 2271 ἐποίησαν.
1131 2216 1426 2269 ΠΡΑΞΕΙΣ.
1479 2216 1892 2288 Παραγενόμενοι

291 2294 351 2350 δὲ
380 2304 470 2351 καὶ
498 2305 877 2371 συναγαγόντες
913 2306 998 2361 τὴν
1040 2302 1340 2368 ἐκκλησίαν,
1390 2301 1706 2375 ἀπήγγειλαν
1737 2302 1837 2355 ὅσα
1865 2302 1891 2354 6

292 2392 422 2450 Θεὸς
453 2387 667 2447 ἐποίησε
696 2390 807 2463 μετ’
854 2390 1049 2448 αὐτῶν.
1109 2400 1277 2446 ΠΡΟΣ
1326 2396 1642 2463 ΕΦΕΣ.(55)
1679 2389 1789 2447 Ἰνα
1834 2387 1893 2447 δὲ

291 2473 468 2538 εἰδῆτε
496 2483 586 2531 καὶ
611 2481 760 2553 ὑμεῖς
794 2482 861 2533 τά
886 2481 1001 2533 κατ’
1047 2479 1153 2555 ἐμὲ,
1196 2486 1248 2533 τί
1290 2483 1535 2556 πράσσω,
1562 2482 1734 2533 πάντα
1770 2481 1891 2553 ύμῖν

289 2572 533 2643 γνωρίσει
574 2572 807 2641 Τυχικός
854 2571 880 2621 6
939 2569 1208 2642 ἀγαπητὸς
1259 2567 1499 2644 ἀδελφὸς,
1567 2574 1656 2622 καὶ
1705 2572 1894 2629 πιστός

292 2655 531 2721 διάκονος
580 2658 628 2712 ἓν
683 2665 879 2736 Κυρίῳ,
922 2661 973 2713 ὃν
1017 2661 1226 2734 ἔπεμψα
1284 2665 1415 2735 πρὸς
1462 2662 1596 2734 ὑμᾶς
1647 2660 1712 2722 εἰς
1765 2661 1890 2712 αὐτὸ

288 2756 463 2820 τοῦτο,
494 2749 576 2803 ἶνα
613 2759 774 2822 γνῶτε
793 2752 859 2803 τὰ
886 2755 1006 2825 περὶ
1032 2752 1200 2824 ἡμῶν,

288 2943 412 2997 Ὀτι
435 2941 516 2997 δεῖ
536 2950 605 3018 μὴ
640 2952 787 3019 μόνον
818 2957 915 2999 τῶν
936 2953 1203 3020 παρόντων
1234 2946 1607 3020 ἐπιμελεῖσθαι,
1646 2945 1773 2999 ἀλλά
1802 2952 1891 3000 καὶ

365 3042 464 3085 τῶν
496 3033 722 3087 ἀπόντων
747 3058 759 3069 ·
826 3042 914 3089 καὶ
953 3039 1123 3089 πάντα
1164 3045 1328 3090 ποιεῖν
1357 3039 1425 3100 ὡς
1477 3036 1545 3088 ἂν.
1600 3035 1794 3108 ἀπαιτῇ
1855 3038 1886 3093 ἡ

360 3129 522 3199 χρεία
552 3133 641 3187 τῆς
665 3122 968 3199 οἰκοδομῆς.
1372 3120 1377 3127 ’

932 3234 1120 3308 Κεφάλ.
1156 3232 1249 3298 ῐς-’.

363 3329 659 3376 ΙΩΔΝΝΗΣ
727 3328 826 3376 Καὶ
856 3323 986 3375 ἄλλα
1015 3321 1255 3396 πρόϐατα
1285 3326 1413 3396 ἔχω,
1463 3321 1498 3375 οἱ
1526 3323 1621 3374 οῦκ
1651 3325 1791 3375 ἔστιν
1840 3320 1893 3372 ἐκ

288 3420 382 3474 τῆς
425 3412 587 3475 αὐλῆς
617 3416 809 3474 ταύτης
836 3435 846 3445 ·
890 3411 1102 3465 κάκεῖνά
1149 3433 1211 3486 με
1252 3409 1337 3465 δεῖ
1380 3411 1594 3485 ἀγαγεῖν
1620 3433 1632 3445 ο
1675 3416 1765 3463 καὶ
1803 3419 1895 3472 τῆς

291 3510 463 3575 φωνῆς
499 3522 600 3576 μου
625 3500 915 3554 ἀκούσουσι
941 3523 953 3536 ο
990 3507 1078 3554 καὶ
1116 3507 1389 3574 γενήσεται
1427 3505 1525 3575 μία
1561 3506 1776 3574 ποίμνη,
1827 3500 1893 3560 εἷς

286 3577 506 3664 ποιμὴν.
538 3599 706 3645 ΠΡΟΣ
738 3598 899 3645 ΘΕΣὲ
939 3591 1002 3646 α’.
1038 3596 1124 3645 Διό
1150 3580 1338 3665 μηκέτι
1371 3596 1630 3663 στέγοντες
1652 3587 1893 3649 ηὐδοκή-

295 3699 455 3754 σαμεν
485 3681 888 3754 καταλειφθῆναι
914 3680 960 3734 ἐν
995 3682 1241 3743 Ἀθήναις
1271 3685 1437 3754 μόνοι,
1472 3685 1559 3733 καὶ
1597 3678 1895 3753 ἐπέμψαμεν

292 3773 379 3821 τὸν
411 3767 628 3845 ἀδελφόν
660 3773 804 3844 ἡμῶν
831 3773 1103 3845 Τιμόθεον,
1125 3776 1215 3824 καὶ
1257 3768 1497 3823 διάκονον
1525 3778 1615 3822 τοῦ
1665 3776 1798 3822 Θεοῦ
1847 3766 1895 3819 ἓν

294 3867 367 3930 τῷ
404 3858 699 3932 Εὐαγγελίῳ
737 3868 828 3912 τοῦ
857 3868 1112 3933 Χριστοῦ,
1138 3860 1209 3921 εἰς
1239 3863 1296 3912 τό
1340 3859 1584 3935 στηρίξαι
1634 3860 1767 3931 ὑμᾶς
1808 3862 1898 3911 καὶ

294 3948 659 4023 παρακαλέσαι
686 3951 811 4023 ὑπὲρ
845 3957 936 4010 τῆς
964 3954 1194 4012 πίστεως
1222 3951 1385 4023 ὑμῶν.

327 4054 443 4109 Ὀτι
466 4053 548 4110 δεῖ
574 4065 674 4111 τῶν
704 4055 1168 4131 προσκαλουμένων
1202 4056 1311 4130 (56)
1344 4055 1422 4110 ἐπ’
1457 4056 1705 4135 εύργεσίᾳ
1752 4054 1861 4109 ἀνέ-

989 4147 1208 4218 χεσθαι.

941 4252 1131 4325 Κεγάλ..
1161 4253 1256 4309 ΙΖ’.
1588 4308 1595 4313 .

367 4351 735 4400 ΜΑΤΘΑΙΟΣ.
776 4350 957 4396 Ταῦτα
986 4341 1146 4395 αὐτοῦ
1193 4341 1487 4408 λαλοῦντος,
1548 4339 1895 4418 ἰδούδξᾶρχων

295 4434 536 4491 εἰσελθὼν
566 4434 872 4505 προσεκύνει
903 4431 1066 4500 αὐτῷ,
1097 4430 1275 4502 λέγων,
1303 4432 1383 4484 ὅτι
1554 4431 1612 4485 Ἠ
1659 4434 1895 4506 θυγάτηρ

2068 1919 2252 1978 etiam
2276 1921 2408 1980 aliis
2434 1923 2862 1996 patefacienda
2886 1925 3006 1984 sint
3030 1926 3110 1984 ad
3139 1926 3399 1998 gloriam
3429 1933 3557 1992 Dei.

2647 2033 2840 2102 Caput
2886 2034 3025 2092 XV.

2070 2118 2148 2175 Et
2170 2110 2399 2177 reversi
2428 2123 2692 2190 apostoli
2718 2130 3131 2181 narraverunt
3165 2125 3266 2185 illi
3295 2142 3671 2202 quascunque

1998 2208 2459 2278 fecerunt(Luc.
2474 2212 2721 2283 ΠΛΟ)...
2747 2212 2896 2269 Cum
2914 2219 3111 2270 autem
3137 2217 3518 2283 venissent,et
3529 2236 3667 2278 con—

1999 2303 2339 2367 gregassent
2389 2300 2722 2367 ecclesiam,
2773 2302 3115 2359 retulerunt
3149 2310 3381 2374 quanta
3427 2306 3695 2377 fecisset!

2000 2386 2159 2441 Deus
2182 2402 2317 2442 cum
2337 2388 2464 2443 illis
2487 2390 2644 2453 (Act.
2662 2406 2783 2456 xw,
2807 2394 2970 2455 26)...
2999 2391 3071 2447 Ut
3091 2397 3290 2451 autem
3313 2398 3370 2448 et
3399 2410 3498 2451 vos
3519 2400 3669 2454 scia-

2003 2477 2077 2532 tis
2124 2493 2257 2548 quae
2297 2479 2463 2535 circa
2500 2496 2593 2536 me
2636 2486 2795 2547 sunt,
2826 2482 2976 2553 quid
3011 2497 3223 2553 agam.“
3253 2486 3457 2543 omnia
3504 2488 3668 2545 vobis

2001 2572 2147 2622 nota
2164 2567 2350 2636 faciat
2379 2568 2675 2638 Tychicus
2705 2571 3095 2628 charissimus
3127 2573 3349 2645 frater,
3377 2580 3432 2631 et
3468 2577 3667 2645 ﬁdelis

2001 2655 2274 2711 minister
2284 2656 2347 2712 in
2361 2657 2651 2714 Domino:
2666 2674 2836 2731 quem
2855 2660 2993 2716 misi
3007 2660 3090 2716 ad
3110 2676 3210 2717 vos
3231 2663 3294 2717 in
3314 2662 3424 2719 hoc
3445 2665 3662 2735 ipsum,

2001 2748 2068 2798 ut
2101 2746 2474 2815 cognoscatis
2504 2761 2640 2819 quce
2671 2751 2835 2805 circa
2854 2764 2963 2805 nos
2990 2754 3132 2806 sunt
3164 2751 3410 2822 (Ephes.
3459 2769 3537 2819 vr,
3574 2757 3665 2825 21,

2002 2832 2114 2903 22).

2002 2939 2175 3004 Quod
2190 2956 2312 2997 non
2340 2942 2526 2998 modo
2549 2944 2968 3015 prtesentium,
2987 2945 3095 3001 sed
3117 2946 3461 3003 absentium
3485 2946 3666 3004 etiam

2073 3044 2219 3084 cura
2240 3030 2508 3100 gerenda
2540 3032 2635 3099 sit,
2666 3033 2995 3106 omniaque
3028 3034 3309 3090 facienda
3342 3040 3524 3108 prout
3563 3052 3671 3117 po-

2075 3117 2312 3173 stularil
2340 3118 2761 3179 ludiﬁcationis
2789 3121 2965 3178 ratio.

2642 3227 3026 3297 CaputXVI.

2072 3312 2152 3369 Et
2180 3316 2338 3372 alias
2363 3330 2498 3373 oves
2516 3315 2703 3374 habeo
2732 3333 2865 3390 quae
2884 3333 3005 3375 non
3026 3321 3262 3376 suntex
3285 3319 3395 3377 hoc
3421 3321 3587 3389 ovili,
3616 3327 3673 3380 et

2002 3402 2146 3459 illas
2167 3410 2397 3474 oportet
2410 3420 2501 3461 me
2527 3405 2861 3479 adducere;
2881 3413 2936 3464 et
2963 3423 3161 3465 vocem
3179 3424 3369 3466 meam
3383 3410 3633 3471 audient
3645 3422 3671 3487 ,‘
3750 3483 3765 3491 ρ

2004 3497 2059 3547 et
2073 3491 2174 3559 ﬁet
2196 3508 2381 3549 unum
2405 3494 2744 3561 ovile,unus
2756 3503 2975 3567 pastor
2993 3497 3192 3570 (.loan.
3223 3514 3284 3568 Χ,
3322 3500 3478 3573 16)...
3519 3500 3670 3556 Pro-

2000 3585 2139 3649 pter
2164 3583 2326 3653 quod
2348 3598 2470 3638 non
2490 3584 2755 3652 amplius
2772 3586 3205 3642 sustinentibus
3226 3588 3395 3643 nobis
3409 3590 3670 3659 placuit,

2004 3675 2070 3726 ut
2094 3672 2348 3727 Athenis
2366 3672 2856 3745 relinqueremur
2890 3676 3039 3732 soli:
3085 3681 3140 3732 et
3185 3677 3453 3732 misimus
3479 3678 3667 3733 Timo-

2007 3761 2209 3817 theum
2221 3761 2482 3830 fratrem
2505 3767 2799 3832 nostrum,
2813 3770 2869 3820 et
2890 3765 3233 3820 ministrum
3249 3765 3362 3821 Dei
3380 3766 3443 3820 in
3464 3762 3671 3822 Evan-

2004 3853 2160 3922 gelia
2184 3850 2431 3923 Christi,
2454 3853 2536 3909 ad
2551 3854 2994 3922 conﬁrmandos
3020 3870 3140 3927 vos,
3166 3860 3222 3912 et
3256 3854 3667 3913 exhortandos

2004 3956 2116 4010 pro
2144 3941 2265 4011 ﬁde
2293 3946 2493 3998 vestra
2525 3942 2579 4012 (Ῑ
2601 3942 2802 3999 Thess.
2821 3959 2902 4011 ιιι,
2941 3949 2989 4015 1,
3016 3942 3093 4016 2).

2010 4049 2190 4124 298
2213 4048 2388 4119 Quod
2415 4049 2487 4106 iis
2508 4049 2984 4108 auscultandum
3006 4051 3102 4117 sit,
3134 4052 3242 4127 qui
3270 4068 3384 4110 nos
3414 4053 3494 4112 ad
3519 4068 3673 4128 pra.

2345 4139 2634 4197 standum
2658 4140 3023 4199 beneﬁcium
3053 4141 3330 4201 invitant.

2238 4323 2242 4327 η
2611 4246 2814 4318 Caput
2867 4249 3062 4310 XVII.

2076 4337 2220 4393 Hac
2239 4337 2348 4393 illo
2370 4337 2669 4410 loquente,
2683 4353 2812 4397 ecce
2828 4341 3111 4412 princeps
3140 4340 3414 4409 accessit,
3442 4345 3496 4398 et
3533 4339 3673 4398 ado-

2006 4424 2185 4483 rabat
2216 4426 2613 4496 eum,dicens:
2648 4427 2817 4486 Filia
2845 4445 2978 4487 mea
3016 4430 3190 4489 modo
3211 4430 3504 4500 defuncta
3534 4435 3621 4487 est
3647 4443 3675 4501 ,ο

296 4542 400 4596 μου
440 4522 562 4597 ἄρτι
588 4519 910 4579 ἐτελεύτησεν
940 4540 952 4552 ·
997 4518 1126 4572 ἀλλά
1167 4518 1326 4574 ἐλθὼν
1383 4518 1546 4582 ἐπίθες
1601 4524 1695 4580 τὴν
1741 4521 1893 4594 χεῖρά

2014 4516 2111 4573 sed
2129 4516 2528 4587 veni,impone
2550 4530 2798 4576 manum
2820 4521 2985 4576 tuam
3008 4533 3193 4588 super
3219 4533 3374 4586 eam,
3406 4522 3461 4574 et
3492 4519 3671 4576 vivet.

302 4631 397 4665 σου
426 4609 504 4665 ἐπ’
534 4610 717 4680 αὐτὴν,
754 4615 843 4664 καὶ
874 4609 1116 4672 ζήσεται.
1166 4614 1267 4665 Καὶ
1320 4607 1543 4686 ἐγερθεὶς
1584 4610 1610 4661 6
1674 4608 1897 4679 Ἰησοῦς,

300 4700 652 4760 ἠκολούθησεν
679 4700 836 4772 αὐτῷ.
870 4690 1165 4755 ΠΡᾸΞΕΙΣ.
1192 4699 1376 4771 Ἐγγύς
1407 4694 1643 4760 δεούσης
1673 4693 1898 4763 Λύδδης

300 4798 362 4863 τῇ
393 4790 598 4856 Ἰόππη,
633 4793 682 4843 οἱ
709 4792 945 4864 μαθηταὶ
975 4788 1286 4850 ἀκούσαντες
1311 4789 1389 4841 ὅτι
1437 4792 1631 4865 Πέτρος
1676 4787 1818 4841 ἐστὶν
1850 4788 1899 4841 ἐν

302 4881 456 4955 αὐτῇ,
489 4880 794 4936 ἀπέστειλαν
835 4877 933 4933 δύο
962 4877 1157 4956 ἄνδρας
1184 4882 1312 4955 πρὸς
1341 4878 1519 4952 αὐτόν,
1547 4878 1901 4952 παρακολοῦνσ

368 5317 482 5389 (53)
504 5320 646 5389 Reg.
685 5315 893 5389 tertius
932 5320 1107 5377 πίστις
1167 5317 1336 5389 ἡμῶν.
1387 5312 1713 5386 Aliquanto
1760 5314 1899 5386 post

292 5387 669 5460 idem’codex,
707 5395 806 5460 τῶν
828 5387 1020 5460 εὐχῶν.
1168 5458 1177 5460 _
1209 5387 1215 5389 ⁷
1383 5455 1394 5460 _
1439 5459 1447 5460 ί
1572 5448 1577 5453 .

295 5534 329 5554 η
367 5463 478 5549 (54)
514 5459 676 5529 Regii
706 5455 937 5533 primus
967 5462 1024 5515 et
1050 5458 1258 5515 tertius
1310 5455 1638 5529 σπλάγχνοις
1656 5462 1895 5532 Χριστοῦ

314 5540 713 5674 Ιηῶῗςῒτοωω
741 5604 909 5670 illud,
940 5602 1051 5657 ἰνα
1081 5599 1172 5674 δέ,
1201 5606 1336 5674 etc.,
1369 5616 1494 5674 non
1510 5599 1818 5674 reperitur
1831 5599 1894 5656 in

296 5671 490 5746 Regiis
504 5675 703 5749 primo
724 5680 781 5732 et
800 5673 971 5732 tertio
996 5692 1009 5730 :
1073 5673 1183 5730 sed
1209 5672 1425 5744 legitur
1451 5672 1514 5729 in
1549 5671 1668 5730 alio
1685 5671 1899 5730 codice

2005 4604 2087 4661 Et
2108 4619 2364 4676 surgens
2381 4608 2578 4682 Jesus,
2608 4608 2971 4681 sequebatur
3000 4621 3130 4663 eum
3153 4606 3398 4675 (Matth.
3440 4620 3517 4672 ιχ,
3583 4608 3670 4679 18,

2012 4697 2168 4766 19)...
2193 4695 2341 4754 Cum
2362 4705 2565 4757 autem
2587 4699 2791 4756 vicina
2824 4702 2971 4755 esset
3004 4696 3223 4767 Lydda
3248 4696 3464 4764 Joppe,
3496 4694 3672 4752 disci-

2001 4785 2142 4854 puli
2150 4786 2459 4846 audientes
2469 4788 2631 4863 quod
2642 4789 2863 4846 Petrus
2875 4792 3021 4844 esset
3034 4786 3098 4843 in
3111 4784 3502 4855 ea,miserunt
3519 4782 3669 4856 duos

2007 4876 2162 4935 viros
2203 4877 2287 4934 ad
2322 4891 2476 4948 eum,
2512 4883 2834 4951 rogantes:
2875 4881 2943 4933 ut
2972 4890 3048 4935 ne
3067 4878 3435 4953 gravaretur
3465 4872 3671 4931 venire

2006 5309 2189 5382 Regio
2218 5312 2278 5366 et
2311 5308 2375 5365 in
2405 5312 2662 5382 utraque
2692 5306 2976 5364 editione.
3008 5373 3025 5382 -
3083 5375 3093 5382 _
3316 5374 3360 5382 __
3443 5376 3453 5382 _
3499 5370 3511 5382 ο

2077 5373 2190 5455 (36)
2220 5384 2482 5454 Utraque
2494 5373 2676 5456 editio
2698 5382 2785 5433 τὸν
2798 5373 3275 5456 προσκαλούμενον.
3291 5373 3513 5456 .Ng‘atri
3548 5373 3667 5427 tres

2003 5442 2156 5512 mss.
2171 5442 2280 5506 τῶν
2290 5442 2796 5526 πρίσκαλουμένων,
2810 5442 2993 5507 sensu
3010 5442 3137 5501 non
3156 5442 3459 5526 dissimili:

2070 5526 2193 5597 (57)
2232 5513 2450 5582 Vocem
2481 5526 2563 5576 ὅτι
2592 5513 2942 5580 addidimus
2972 5534 3045 5575 ex
3093 5514 3358 5588 antiquis
3414 5513 3660 5571 duobus

1998 5596 2190 5655 libris.
