4112 6372
429 318 529 375 831
1781 314 1840 371 St
1903 311 2053 373 BASI

2208 310 2452 374 HAGNI.
3702 325 3809 379 832

433 456 621 513 usque
644 440 729 499 ad
752 456 813 497 se
839 441 1195 514 Exsurgens
1228 446 1428 499 autem
1470 440 1711 510 Petrus,
1761 440 1920 498 venit
1963 455 2057 495 cui

2206 459 2308 511 τες,
2343 445 2416 513 μὴ
2450 440 2672 501 ὀκνῆσαι
2703 439 2923 495 διελθεῖν
2949 444 3041 507 ἕως
3072 442 3257 501 αὐτῶν.
3293 444 3541 506 Ἀναστὰς
3570 441 3630 499 δε
3658 445 3685 498 6
3717 449 3805 500 Πέ·

426 531 555 587 illis
587 531 748 591 (Act.
778 546 860 599 Ix,
893 531 1007 603 38).

2205 548 2348 605 τρος,
2383 530 2628 590 συνῆλθεν
2659 531 2856 594 αὐτοῖς.

432 655 608 721 Quod
639 654 745 729 qui
771 655 1039 712 veritatis
1069 655 1409 712 doctrinam
1452 654 1807 728 suscipiunt,
1829 654 1869 710 ii
1896 653 2056 712 siuti:

2203 658 2326 704 Ὅτι
2366 649 2450 706 δεῖ
2482 657 2605 716 τούς
2643 651 3070 729 ὑποδεχομένους
3110 659 3198 710 τόν
3235 655 3386 730 λόγον
3423 667 3521 721 τῆς
3567 658 3812 721 ἀληθείας

716 744 855 818 ipsa
882 760 992 818 per
1019 743 1425 801 visitationem
1450 744 1808 801 stabiliendi.

1796 783 1808 798 .
2591 742 2948 819 ἐπιστηρίζειν
2980 741 3056 798 δι’
3085 744 3420 819 ἐπισκέψεως.

1028 870 1228 941 Caput
1256 871 1489 927 XVIII.

2846 870 3035 943 Κεφάλ.
3061 870 3163 929 ΙΗ’.

504 960 647 1017 Post
671 961 923 1032 aliquod
939 967 1138 1018 autem
1153 962 1278 1018 dies
1291 962 1447 1018 dixit
1465 960 1547 1017 ad
1569 960 1917 1017 Barnabam
1938 959 2097 1016 Pau-

2282 960 2580 1016 ΠΡΛΞΕΙΣ.
2622 961 2768 1012 Μετά
2793 956 2852 1012 δὲ
2883 979 3021 1022 τινας
3057 963 3257 1036 ἡμέρας
3286 958 3393 1015 εἶπε
3433 962 3637 1025 Παῦλος
3682 967 3810 1039 πρὸς

436 1048 563 1105 lus:
593 1051 974 1106 Revertentes
994 1052 1127 1120 jam
1152 1051 1454 1106 visitemus
1481 1050 1713 1119 fratres
1736 1054 1970 1104 nostros
1983 1063 2060 1118 pe

2205 1046 2475 1119 Βαρνάϐαν
2493 1068 2504 1080 ·
2540 1046 2968 1122 Ἐπιστρέψαντες
2995 1046 3030 1102 δ
3033 1054 3063 1108 ἡ
3087 1049 3489 1124 ἐπισκεψώμεθα
3512 1056 3630 1113 τούς
3661 1049 3809 1106 ἀδελ-

431 1139 745 1195 universas
760 1139 1122 1207 civitates,in
1137 1139 1351 1211 quibus
1370 1138 1641 1208 prcedica
1651 1139 1840 1194 vimus
1853 1136 2055 1194 verbm

2205 1138 2327 1208 φούς
2356 1138 2386 1194 ἡ
2393 1145 2502 1209 μῶν
2533 1139 2666 1189 κατά
2693 1144 2868 1190 πᾶσαν
2895 1138 3063 1210 πόλιν,
3098 1138 3149 1191 έν
3176 1141 3259 1201 αἶς
3287 1141 3700 1214 κατηγγείλαμεν
3721 1145 3808 1195 τόν

431 1228 697 1297 Domini,
729 1229 1023 1300 quomodo
1048 1245 1109 1285 se
1138 1228 1399 1285 habeant
1431 1228 1587 1298 (Act.
1614 1243 1715 1296 xv,
1745 1229 1929 1297 36)....
1970 1227 2055 1283 Nc

2202 1223 2354 1297 λόγον
2410 1233 2502 1277 τοῦ
2562 1231 2783 1299 Κυρίου,
2848 1236 2959 1290 πῶς
2998 1230 3236 1301 ἔχουσιν.
3293 1237 3462 1283 ΠΡΟΣ
3511 1238 3694 1287 ΘΕΣΣ.
3742 1230 3806 1288 α’.

430 1323 654 1383 autem,
679 1319 933 1388 fratres,
963 1318 1221 1374 desolati
1261 1334 1298 1373 a
1327 1316 1489 1374 vobis
1538 1317 1622 1373 ad
1649 1323 1880 1387 tempus
1908 1317 2054 1372 hora

2202 1313 2378 1387 Ἡμεῖς
2418 1311 2496 1383 δε,
2528 1312 2761 1388 ἀδελφοὶ,
2829 1315 3298 1392 ἀπορφανισθέντες
3356 1318 3439 1392 ἀφ’
3500 1321 3640 1393 ὑμῶν
3678 1324 3809 1394 πρός

430 1412 814 1478 aspectu,non
830 1407 1068 1476 corde,a
1078 1407 1376 1464 bundanti
1381 1422 1447 1461 us
1456 1407 1871 1477 festinavimus
1882 1406 2054 1477 faciei

2203 1408 2384 1479 καιρόν
2440 1406 2594 1479 ὧρας,
2642 1412 2929 1482 προσώπῳ,
2997 1407 3056 1459 ού
3131 1404 3349 1483 καρδίᾳ,
3424 1414 3810 1485 περισσοτέρως

430 1501 690 1552 vestram
703 1497 907 1552 videre
917 1512 1049 1551 cum
1068 1497 1259 1552 multo
1271 1495 1591 1553 desiderio:
1606 1496 1890 1567 quoniam
1911 1495 2052 1550 volu

2204 1490 2610 1568 έσπουδάσαμεν
2639 1499 2695 1548 τό
2725 1501 3006 1571 πρόσωπον
3036 1499 3179 1571 ὑμῶν
3214 1494 3343 1550 ἰδεῖν
3367 1496 3414 1550 ἐν
3441 1498 3600 1572 πολλῇ⁴
3627 1501 3809 1552 ἐπιθυ-

430 1600 562 1641 mus
592 1601 794 1643 venire
812 1586 895 1643 ad
924 1601 1047 1656 vos,
1075 1601 1181 1657 ego
1210 1586 1451 1657 quidem
1475 1586 1735 1651 Paulus,
1766 1591 1820 1641 et
1841 1585 2054 1641 semelt

2203 1588 2322 1656 μίᾳ.
2357 1587 2443 1635 Διό
2475 1581 2789 1658 ἐθελήσαμεν
2820 1584 3142 1662 ἑλθείνιπρός
3181 1588 3335 1661 ὑμᾶς,
3392 1586 3491 1660 ἐγὼ
3530 1590 3621 1660 μὶν
3666 1596 3811 1641 Παῦ-

428 1674 782 1745 iterum,sed
800 1674 1116 1746 impedivit
1146 1691 1252 1732 nos
1290 1675 1552 1732 Satanas
1607 1676 1664 1736 (Ι
1688 1675 1887 1731 Thess.
1919 1691 1980 1740 ιι,
2009 1675 2052 1729 1⁸

2201 1670 2303 1740 λος,
2387 1678 2476 1726 καὶ
2540 1672 2681 1737 ἅπαξ
2730 1680 2821 1727 καὶ
2865 1671 2966 1743 δὶς,
3012 1681 3102 1728 καὶ
3162 1674 3396 1748 ἐνέκοψεν
3450 1679 3588 1750 ἡμᾶς
3641 1679 3669 1730 6
3717 1686 3811 1731 Σα-

433 1765 542 1827 18).
580 1766 645 1820 Et
666 1764 851 1836 paulo
872 1769 1006 1838 post
1031 1782 1042 1820 :
1091 1766 1342 1835 Prapter
1365 1766 1526 1837 quod
1554 1780 1674 1820 non
1700 1765 1963 1834 amplius
2001 1779 2057 1819 si.

2202 1767 2380 1823 τανᾶς.
2412 1768 2512 1816 Καὶ
2549 1763 2658 1837 μετ’
2691 1763 2843 1836 ὀλίγα
2866 1786 2878 1798 ·
2940 1768 3028 1818 Διό
3062 1770 3251 1838 μηκέτι
3279 1770 3545 1839 στέγοντες
3574 1764 3808 1827 ηὐδοκή-

428 1853 792 1910 stinentibus
813 1855 982 1910 nobis
997 1856 1328 1926 placuit,ut
1350 1855 1603 1912 Athenis
1616 1855 2052 1926 relinqueremu

2205 1872 2365 1926 σαμεν
2390 1853 2797 1926 καταλειφθῆναι
2828 1854 2936 1926 (58)
2964 1853 3012 1907 έν
3052 1854 3298 1918 Ἀθήναις
3324 1859 3471 1929 μόνοι
3496 1878 3508 1890 ·
3533 1861 3623 1910 καὶ⁵
3653 1856 3808 1931 ἐπέμ-

429 1944 586 2000 soli:
629 1950 683 2001 et
710 1945 976 2001 misimus
1006 1944 1377 2002 Timotheum
1410 1947 1673 2015 fratrem
1714 1950 2007 2013 nostrum,
2039 1961 2053 2000 ι

2201 1941 2372 2015 ψαμεν
2409 1946 2658 2016 Τιμόθεον
2696 1947 2784 1997 τόν
2812 1941 3033 2017 ἀδελφόν
3072 1947 3239 2018 ημῶν,
3295 1950 3386 1999 καὶ
3432 1943 3674 2000 διάκονον
3716 1954 3806 2001 τοῦ

429 2033 777 2090 ministrum
800 2036 907 2092 Dei
930 2037 991 2091 in
1012 2036 1342 2107 Evangelia
1367 2036 1704 2103 Christi,ad
1733 2037 2053 2105 conﬁrmat

2204 2039 2337 2084 Θεοῦ
2376 2030 2424 2084 έν
2453 2041 2527 2105 τῷ
2566 2033 2861 2106 Εὗαγγελίῳ
2899 2041 2991 2111 τοῦ
3032 2042 3289 2109 Χριστοῦ,
3332 2035 3404 2098 εἰς
3456 2039 3513 2089 τὸ
3560 2035 3806 2111 στηρίξαι

433 2123 541 2180 dos
564 2138 665 2180 vos
686 2130 740 2181 et
763 2124 1174 2182 exhortandos
1186 2142 1304 2196 pro
1323 2126 1445 2195 ﬁde
1463 2131 1684 2196 vestra,
1700 2131 1763 2181 ut
1785 2141 1956 2181 nemo
1975 2138 2057 2179 mc

2201 2121 2333 2193 ὑμᾶς
2363 2126 2453 2174 καὶ
2481 2122 2845 2196 παρακαλέσαι
2886 2124 3013 2197 ὑπὲρ
3044 2132 3141 2184 τῆς
3172 2128 3397 2187 πίστεως
3423 2127 3585 2198 ὑμῶν,
3619 2129 3677 2177 τό
3702 2144 3802 2198 μη-

430 2220 647 2269 veatur
665 2215 728 2270 in
748 2215 1245 2272 tribulationibus
1264 2216 1423 2288 istis;
1441 2216 1562 2285 ipsi
1576 2216 1731 2273 enim
1750 2215 1912 2272 scitis
1931 2228 2054 2286 quo

2202 2206 2327 2263 δένα
2357 2213 2632 2265 σαίνεσθαι
2657 2211 2705 2264 ἐν
2735 2220 2847 2274 ταῖς
2881 2213 3090 2285 θλίψεσι
3119 2216 3339 2276 ταύταις
3370 2235 3384 2249 ο
3428 2215 3571 2269 αὐτοὶ
3607 2216 3706 2291 γὰρ
3731 2217 3802 2268 οῖ-

430 2301 499 2357 in
527 2302 639 2359 hoc
654 2304 839 2370 positi
859 2318 1065 2360 sumus
1086 2304 1365 2376 (IT/less.
1384 2319 1465 2377 ιιι,
1504 2306 1641 2366 1-3).

1384 2319 1465 2377 1n,
1504 2306 1641 2366 1-3).
2202 2295 2349 2369 δατε,
2374 2302 2452 2354 ὅτι
2484 2301 2552 2363 εἰς
2581 2309 2734 2355 τοῦτο
2760 2304 2993 2376 κείμεθα.

403 2505 406 2510 _
435 2426 605 2492 Quod
622 2428 938 2501 proprium
965 2433 1050 2486 est
1075 2432 1205 2499 ejus
1228 2428 1329 2503 qui
1353 2429 1676 2486 Dominum
1699 2429 1912 2501 diligit,
1960 2446 2027 2486 ml

2197 2420 2315 2477 Ὀτι
2341 2418 2477 2478 ἴδιον
2502 2434 2593 2479 τοῦ
2620 2423 2927 2499 ἀγαπῶντος
2955 2431 3043 2481 τὸν
3071 2431 3262 2504 Κύριον
3287 2432 3365 2498 τό,
3391 2426 3439 2482 έν
3469 2429 3631 2503 πολλῇ
3666 2428 3806 2503 φιλο-

503 2531 625 2586 gna
653 2534 794 2574 cum
817 2519 1110 2577 cbaritatc
1147 2536 1294 2591 erga
1324 2536 1428 2576 eos
1466 2536 1622 2593 quos
1652 2520 1847 2588 docet,
1876 2520 2093 2593 quavis

2276 2519 2510 2588 στοργίᾳ,
2552 2523 2615 2588 τῇ
2648 2520 2768 2591 περὶ
2796 2520 2914 2578 τοὺς
2947 2513 3380 2591 διδασκομένους,
3440 2521 3571 2591 μετὰ
3627 2521 3804 2583 πάσης

499 2604 735 2664 ratione
764 2612 821 2665 et
840 2624 980 2665 cum
1010 2608 1179 2665 omni
1205 2608 1403 2666 studio
1434 2609 1708 2681 ipsorum
1741 2625 1956 2666 curam
1988 2625 2093 2682 ge-

2277 2601 2521 2667 σπουδῆς
2550 2604 2909 2679 ἐπιμελεῖσθαι
2933 2605 3102 2659 αὐτῶν
3127 2613 3283 2661 παντὶ
3328 2611 3526 2684 τρόπῳ,
3566 2608 3660 2660 κᾶν
3717 2613 3808 2681 μέ·

498 2711 651 2767 rere,
674 2697 914 2755 etiamsi
938 2698 1001 2755 in
1040 2698 1316 2757 doctrina
1347 2716 1488 2756 cum
1518 2699 1759 2773 publice
1787 2705 1916 2758 tum
1964 2700 2093 2774 pri-

2272 2713 2374 2770 χρι
2405 2695 2628 2747 θανάτου
2662 2692 2753 2769 δέη
2786 2705 3280 2773 προσκαρτεροῦντα
3306 2705 3369 2770 τῇ
3400 2693 3729 2770 διδασκαλίᾳ
3753 2699 3803 2750 ἔν

497 2786 691 2844 vatim
720 2786 1023 2845 tradenda
1049 2788 1146 2846 vel
1183 2789 1265 2846 ad
1302 2793 1558 2847 mortem
1580 2805 1775 2864 usque
1812 2806 2092 2864 perseve-

1442 2793 1558 2846 tem
1580 2805 1775 2864 usque
1812 2806 2092 2864 perseve-
2273 2802 2329 2837 τε
2348 2791 2421 2855 τῷ
2451 2792 2606 2858 κοινῷ
2637 2790 2727 2839 καὶ
2755 2787 2871 2840 κατ’
2904 2783 3066 2843 ἰδίαν.

498 2890 634 2932 rare
659 2876 1010 2950 oportuerit.

1052 3002 1256 3074 Caput
1286 3004 1456 3061 XIX.
2550 3052 2557 3057 .
2824 3000 3015 3076 Κεφάλ.
3061 2999 3167 3057 Ie'.

499 3086 710 3149 Bonus
729 3098 944 3163 pastor
960 3093 1225 3151 animam
1274 3108 1444 3151 suam
1493 3094 1667 3163 ponit
1717 3108 1832 3164 pro
1880 3093 2089 3152 ovibus

2273 3094 2590 3145 ΙΩΑΝΝΗΣ.
2623 3086 2681 3141 Ὀ
2700 3093 2896 3163 ποιμὴν
2927 3091 2954 3142 6
2979 3089 3136 3152 καλός
3165 3094 3259 3150 τὴν
3284 3088 3470 3163 ψυχὴν
3517 3089 3678 3144 αὐτοῦ
3727 3093 3802 3143 τί·

427 3180 626 3251 (Joan.
652 3197 710 3253 χ,
729 3149 769 3236 ἰ
789 3186 908 3248 ι)...
932 3149 1083 3239 eum
1099 3149 1240 3253 ago
1257 3149 1671 3259 trandum,
1692 3149 1837 3239 an:
1857 3149 2051 3240 at...

2201 3179 2355 3236 θησιν
2386 3179 2512 3252 ὑπὲρ
2542 3186 2642 3231 τῶν
2670 3149 2965 3255 προέάτων.
2989 3149 3223 3234 ΙΩΛΠΝ
3254 3149 3458 3232 ’ὁτῗδι
3479 3180 3800 3255 ἠρίστησαν,

425 3270 610 3326 Petro
628 3271 836 3327 Jesus:
855 3271 1064 3327 Simon
1093 3271 1371 3338 Joannis,
1414 3271 1620 3341 diligis
1657 3285 1751 3327 me
1785 3272 1925 3341 plus
1956 3271 2046 3327 his

2196 3266 2332 3339 λέγει
2352 3274 2425 3339 τῷ
2450 3272 2643 3341 Σίμωνι
2670 3272 2849 3342 Πέτρῳ
2870 3269 2895 3321 6
2926 3267 3129 3329 Ἰησοῦς
3149 3289 3162 3301 ο
3204 3272 3372 3341 Σίμων
3406 3269 3570 3332 Ἰωνᾶ,
3594 3266 3798 3341 ἀγαπᾷς

426 3354 585 3413 Dicit
608 3359 702 3416 ei:
722 3356 947 3425 Etiam,
979 3360 1271 3430 Domine;
1312 3365 1377 3416 tu
1398 3360 1512 3416 scis
1532 3361 1677 3433 quia
1703 3374 1838 3416 amo
1856 3366 1911 3417 te
1928 3375 1954 3418 .'
1979 3361 2050 3416 Dz

2197 3375 2260 3429 με
2283 3355 2455 3410 πλεῖον
2484 3359 2675 3409 τούτων
2703 3374 2717 3425 ;
2754 3361 2907 3429 Λέγει
2938 3355 3077 3429 αὐτῷ
3105 3378 3118 3391 ’
3150 3361 3276 3427 Ναὶ,
3310 3360 3469 3433 Κύριε
3491 3378 3505 3392 ·
3554 3361 3620 3410 σὺ
3651 3353 3798 3418 οἶδας

430 3445 509 3503 cit
531 3447 587 3503 ei
602 3462 624 3503 :
668 3448 862 3505 Pasce
888 3464 1077 3520 agnos
1097 3465 1275 3507 meos.
1306 3450 1467 3505 Dicit
1499 3449 1554 3505 ei
1573 3451 1789 3506 iterum
1809 3464 1834 3506 .°
1879 3450 2054 3507 Simo:

2198 3445 2279 3497 ὅτι
2304 3444 2433 3517 φιλῶ
2475 3464 2553 3501 σε.
2587 3450 2737 3516 Λέγει
2764 3444 2906 3517 αύτῷ
2935 3466 2949 3480 ο
2994 3450 3157 3499 Βόσκε
3187 3448 3253 3499 τὰ
3284 3444 3436 3522 ἀρνία
3469 3466 3591 3520 μου.
3644 3450 3798 3519 Λέγει

426 3538 704 3609 Joannis,
726 3538 932 3611 diligis
963 3554 1054 3596 me
1073 3543 1099 3594 .'
1125 3540 1230 3596 Ait
1258 3538 1397 3596 illi:
1433 3538 1662 3606 Etiam,
1692 3540 1987 3608 Domine;
2023 3545 2044 3595 t

2197 3535 2335 3606 αύτῷ
2390 3535 2543 3590 πάλιν
2587 3532 2866 3609 δεύτερον·
2935 3539 3101 3610 Σίμων
3179 3535 3345 3604 Ἰωνᾶ,
3425 3534 3634 3608 ἀγαπᾶς
3694 3552 3794 3610 με;

427 3629 541 3685 scis
569 3630 714 3700 quia
739 3644 874 3686 amo
902 3635 975 3686 te.
1008 3630 1170 3687 Dicit
1200 3630 1257 3688 ei
1282 3649 1303 3685 .-
1330 3631 1522 3688 Pasce
1545 3645 1680 3687 oves
1708 3645 1895 3688 meas.
1931 3631 2051 3687 Dic:

2200 3628 2354 3698 Λέγει
2401 3625 2542 3697 αύτῷ
2592 3645 2605 3660 ·
2683 3629 2810 3693 Ναὶ,
2859 3628 3050 3701 Κύριε⁸
3100 3628 3165 3678 σὺ
3225 3622 3375 3688 οἶδας
3420 3626 3501 3678 ὅτι
3553 3624 3681 3699 φιλῶ
3718 3644 3795 3681 σε.

427 3718 484 3775 ei
502 3720 709 3776 tertio:
756 3720 962 3777 bimon
983 3720 1263 3788 Joannis,
1308 3735 1474 3777 amas
1521 3724 1649 3776 me?
1687 3720 2051 3777 Contristatu

2196 3720 2352 3788 Λέγει
2427 3714 2606 3787 αύτῷ·
2700 3720 2951 3789 Ποίμαινε
3034 3718 3102 3769 τὰ
3193 3715 3434 3792 πρόϐατά
3498 3737 3620 3791 μου.
3703 3721 3801 3771 Λέ-

428 3814 513 3865 est
538 3809 773 3877 Petrus,
801 3811 945 3883 quia
966 3810 1126 3867 dixit
1154 3825 1205 3866 ei
1230 3810 1427 3877 tertio,
1455 3811 1642 3866 Amas
1661 3825 1753 3866 me
1772 3813 1800 3865 ?
1842 3815 1897 3867 et
1929 3809 2052 3866 dixi

2194 3824 2277 3877 γει
2329 3804 2468 3877 αύτῷ
2522 3807 2581 3857 τὸ
2645 3809 2855 3878 τρίτον·
2943 3808 3114 3878 Σίμων
3196 3805 3360 3871 Ἰωνᾶ,
3453 3804 3613 3878 φιλεῖς
3690 3824 3797 3879 μες

425 3899 512 3955 ei:
555 3900 828 3967 Domine,
861 3904 926 3955 tu
957 3900 1160 3956 omnia
1189 3900 1383 3955 nosti:
1423 3904 1488 3954 tu
1516 3901 1630 3956 scis
1661 3899 1805 3970 quia
1840 3913 1967 3954 amo
2007 3903 2049 3955 tt

2196 3893 2462 3954 Ἐλυπήοη
2539 3894 2566 3947 6
2658 3898 2871 3969 Πέτρος,
2954 3895 3034 3946 ὅτι
3127 3894 3263 3947 εἶπεν
3330 3895 3472 3966 αύτῷ
3561 3898 3621 3948 τὸ
3692 3900 3802 3971 τρέ-

423 3988 597 4044 Βίξεέι
627 3988 682 4045 ei
708 3990 872 4045 Iesus
892 4005 914 4043 :
942 3989 1130 4045 Pasce
1145 4004 1278 4045 oves
1297 4003 1460 4046 meas
1479 3988 1680 4061 (Joan.
1702 3987 2037 4058 απυδ-17).

2196 4003 2282 4037 τον
2351 3984 2465 4056 (59)
2504 4003 2519 4017 ο
2617 3981 2783 4045 Φιλεῖς
2857 4000 2966 4056 με;
3045 3988 3136 4036 καὶ
3233 3981 3367 4037 εἶπεν
3437 3984 3579 4056 αύτῷ
3612 4006 3626 4019 ·
3689 3987 3799 4039 Κύ-

434 4075 568 4135 Una
596 4085 797 4136 autem
822 4076 1243 4149 Sabbatorum,
1284 4095 1418 4136 cum
1462 4079 1875 4136 convenissent
1907 4078 2058 4135 disci

2195 4093 2293 4149 ριε,
2378 4077 2445 4126 σύ
2516 4075 2687 4126 πάντα
2776 4068 2964 4135 οἶδας·
3072 4077 3138 4127 σύ
3190 4079 3465 4147 γινώσκεις
3514 4077 3593 4128 ὅτι
3670 4074 3797 4149 φιλῶ

417 4168 561 4237 puli
575 4168 656 4224 ad
665 4166 1073 4238 frangendum
1086 4183 1327 4239 panem,
1341 4168 1568 4225 Paulus
1580 4167 1931 4238 disputabat
1952 4183 2041 4224 cui

2198 4181 2276 4218 σε.
2311 4166 2465 4235 Λέγει
2495 4161 2635 4233 αύτῷ
2675 4163 2702 4214 6
2753 4162 2996 4223 Ἰησοῦς·
3066 4167 3230 4216 Βόσκε
3277 4166 3344 4216 τὰ
3388 4163 3627 4239 πρόϐατά
3673 4184 3798 4237 μου.

425 4257 920 4328 eis,pro/ecturus
949 4258 1013 4314 in
1053 4259 1411 4324 crastinum,
1447 4258 1624 4330 299
1656 4257 2049 4330 protracitqu

2196 4256 2493 4310 ῙΙΡΑΞΕΙΣ.
2583 4251 2662 4306 Ἐν
2730 4249 2789 4306 δὲ
2854 4260 2917 4327 τῇ
2989 4259 3089 4328 μιᾷ
3160 4262 3259 4306 τῶν
3340 4253 3636 4323 sacceum»,
3708 4273 3801 4307 συ-

425 4359 754 4405 sermonem
775 4362 965 4420 usque
988 4348 1053 4404 in
1077 4347 1336 4405 mediam
1357 4354 1588 4404 noctem
1631 4346 1791 4418 (Act.
1822 4362 1924 4419 xx,
1956 4347 2049 4419 7)..

2196 4346 2462 4416 νηγμένων
2530 4349 2634 4395 τῶν
2704 4344 2953 4416 μαθητῶν
3032 4341 3227 4395 κλάσαι
3304 4343 3483 4416 ἄρτον,
3558 4344 3586 4395 ὁ
3658 4349 3801 4396 Παῦ-

425 4436 493 4493 Et
519 4436 733 4510 paucis
759 4436 1112 4509 interjectis:
1143 4437 1487 4495 Ascendens
1512 4442 1733 4505 autem,
1762 4436 2049 4507 frangens

2195 4430 2279 4493 λος
2356 4428 2614 4505 διελέγετο
2688 4432 2883 4501 αὐτοῖς,
2968 4431 3163 4505 μέλλων
3240 4430 3428 4496 ἐξιέναι
3491 4440 3554 4505 τῇ
3643 4430 3800 4485 ἐπαύ-

423 4540 536 4597 que
560 4542 805 4597 panem,
828 4532 882 4584 et
895 4532 1171 4599 gustans,
1198 4526 1464 4597 satisque
1484 4525 1788 4583 allocutus
1818 4541 2005 4598 usque
2023 4527 2047 4581 i

2195 4541 2307 4597 ριον
2333 4542 2345 4556 ·
2433 4526 2694 4597 παρέτεινε
2751 4518 2811 4575 δὲ
2859 4525 2948 4574 τόν
3002 4521 3154 4594 λόγον
3211 4525 3377 4596 μέχρι
3431 4527 3796 4595 μεσονυκτίου.

424 4616 636 4685 lucem,
655 4618 965 4688 profectus
991 4622 1077 4674 est
1104 4616 1300 4689 (ibid.l
1320 4614 1741 4684 1;...Quomodo
1772 4615 1930 4672 nihil
1952 4615 2048 4672 sul

2198 4616 2301 4665 Καὶ
2357 4613 2467 4686 μετ’
2527 4612 2710 4685 ὀλίγαι
2782 4609 3003 4673 Ἀναϐὰς
3053 4608 3131 4680 δε,
3188 4617 3278 4664 καὶ
3354 4611 3553 4674 κλάσας
3617 4614 3795 4686 ἄρτον,

425 4707 719 4763 traxerim
756 4708 1016 4777 utilium,
1050 4706 1367 4778 quominus
1387 4705 1818 4762 annuntiarem
1841 4705 2005 4761 vobis
2031 4719 2049 4762 ι

2195 4707 2286 4755 καὶ
2360 4703 2700 4776 γευσάμενος,
2778 4699 2850 4774 ἐφ’
2930 4702 3102 4754 ἱκανόν
3182 4720 3236 4754 τε
3300 4701 3556 4775 ὁμιλήσας
3610 4706 3800 4775 μέχρις

423 4795 693 4854 docerem
716 4811 817 4853 vos
843 4796 1087 4867 publice
1101 4801 1155 4852 et
1165 4795 1844 4865 perdomos,testificans
1858 4795 2047 4851 Judwa

2197 4788 2379 4863 αὐγῆς,
2459 4789 2766 4850 ἐξῆλθεν...
2853 4787 2943 4849 Ὠς
3017 4785 3168 4842 οὐδὲν
3248 4788 3629 4863 ὑπεστειλάμην
3698 4797 3799 4842 τῶν

424 4892 602 4959 atque
627 4887 954 4958 gentilibus
990 4887 1057 4943 in
1086 4887 1275 4943 Deum
1299 4886 1741 4957 paenitentiam,
1758 4890 1812 4942 et
1821 4885 2048 4955 ﬁdemi:

2198 4883 2561 4955 συμφερόντων
2604 4886 2697 4932 τοῦ
2745 4883 2814 4952 μὴ
2884 4876 3184 4950 ἀναγγεῖλαι
3267 4880 3409 4952 ύμῖν,
3482 4883 3573 4932 καὶ
3644 4874 3800 4932 δεδάα-

422 4976 745 5033 Dominum
773 4982 1047 5033 nostrum
1076 4977 1277 5034 Jesum
1305 4974 1471 5041 (ibid.
1495 4977 1586 5039 20,
1617 4978 1777 5047 21)...
1828 4975 2046 5044 Propte

2197 4971 2282 5034 ξαι
2338 4971 2474 5044 ὑμᾶς
2520 4966 2761 5044 δημοσίᾳ
2812 4972 2902 5021 καὶ
2943 4966 3059 5021 κατ’
3116 4970 3312 5037 οἴκους,
3377 4965 3801 5044 διαμαρτυρόμε-

422 5065 586 5137 quod
614 5066 884 5137 vigilate,
924 5066 1215 5124 memoria
1252 5064 1597 5129 retinentes.
1655 5064 1942 5135 quoniam
1975 5078 2046 5135 pe

2194 5079 2276 5122 νος
2330 5060 2447 5133 (60)
2532 5055 2815 5122 Ἰουδαίοις
2895 5077 2948 5113 τε
3001 5063 3092 5111 καὶ
3163 5056 3381 5119 Ἕλλησι
3427 5063 3521 5117 την
3588 5058 3660 5121 εἰς
3711 5060 3799 5110 τόν

425 5153 755 5211 triennium
784 5161 957 5214 nocte
985 5160 1039 5212 et
1069 5154 1167 5212 die
1192 5169 1314 5211 non
1345 5154 1574 5211 cessavi
1604 5169 1744 5233 cum
1798 5153 2049 5225 lacrymi

2198 5153 2321 5204 Θεόν
2370 5148 2669 5223 μετάνοιαν,
2737 5153 2828 5202 καὶ
2892 5154 3072 5203 πίστιν
3139 5153 3232 5208 τὸν
3309 5149 3380 5211 εἰς
3444 5152 3531 5201 τόν
3609 5149 3800 5223 Κύριον

495 5421 605 5502 (ξί8)
632 5420 1025 5502 EditioParis.
1050 5423 1647 5502 καταλειφθῆναι-μόνοι..
1670 5421 1829 5502 Libri
1857 5426 2085 5482 veteres

1916 5426 2085 5482 iteres
2195 5448 2285 5485 πω
2320 5450 2333 5463 ·
2374 5428 2545 5502 quod
2574 5427 2860 5502 mutilum
2887 5430 3015 5485 erat
3032 5430 3090 5485 et
3113 5426 3540 5502 decurtatum._.

423 5498 489 5575 ut
511 5494 573 5551 in
589 5494 905 5554 contextu.
940 5494 1425 5570 Aliquanto'post
1451 5494 1593 5565 Reg.
1617 5495 1828 5551 tertias
1857 5503 1950 5548 τοῦ
1979 5517 2047 5570 μη

2216 5574 2227 5575 7
2266 5494 2538 5575 (60)Reg.
2569 5501 2803 5575 primus
2832 5497 3336 5575 διαμαρτυράμενος.
3358 5502 3487 5557 Mox
3509 5499 3672 5557 idem
3702 5514 3802 5575 co;-

425 5562 598 5645 δέλέᾳε,
648 5638 697 5645 ,,
756 5638 891 5645 -
1143 5562 1360 5645 ___'-.
1435 5643 1465 5645 _
1540 5562 1563 5645 ἶ
1980 5562 2049 5645 ’,

2194 5562 2317 5631 ἀεὶ
2342 5562 2409 5635 εἰς
2450 5562 2535 5627 τῖν
2571 5562 2735 5627 ’Θεὸν.
2770 5562 2944 5630 Deest
2986 5562 3275 5630 articulus
3296 5573 3359 5628 in
3386 5577 3642 5645 utraque
3684 5570 3801 5628 edi-

493 5638 606 5713 (59)
643 5638 738 5698 Sic
756 5638 894 5698 libri
925 5639 1177 5714 antiqui.
1212 5639 1404 5699 Editio
1434 5638 1616 5700 Paris.
1652 5645 1827 5717 τρίτον
1874 5645 1964 5694 καὶ
2017 5642 2086 5697 εἷ.

756 5638 894 5698 libri
925 5639 1177 5714 antiqui.
1212 5639 1404 5699 Editio
1434 5638 1616 5700 Paris.
1652 5645 1827 5717 τρίτον
1874 5645 1964 5694 καὶ
2017 5642 2086 5697 εἷ-
2194 5645 2376 5704 tione.
