4112 6378
291 320 394 374 833
1785 309 2099 368 ΜΟΒΔῌΑ
3549 313 3665 369 834

291 444 437 515 ἡμῶν
476 440 699 500 Ἰησοῦν.
726 482 739 497 .
767 483 782 499 .
826 443 913 495 Διό
964 444 1289 514 γρηγορεῖτε,
1345 439 1751 511 μνημονεύοντες
1806 438 1888 489 ὅτι

2044 435 3450 506 tenensunumquemquevestrum(Act.xx,3t)...
3464 438 3668 495 Memo-

291 536 511 606 τριετίαν
530 534 693 583 νύκτα
716 535 805 583 καὶ
838 532 1030 603 ἡμέραν
1052 532 1145 582 ούκ
1165 526 1474 600 ἐπαυσάμην
1495 546 1629 601 μετα
1655 523 1898 602 δακρύων

2036 539 2101 581 ἐε
2117 524 2273 580 enim
2290 524 2443 580 estis.
2449 525 2584 594 frat
2590 539 2704 588 res,
2715 524 2937 580 laboris
2952 526 3226 594 nostri,et
3245 527 3631 597 fatigationis
3648 544 3660 582 :

294 623 542 674 νουθετῶν
573 621 661 675 ἕνα
683 621 903 674 ἕκαστον
961 621 1121 692 ὑμῶν.
1177 623 1345 670 ΠΡΟΣ
1399 622 1584 672 ΘΕΣΣ.
1624 615 1687 672 α’.
1743 615 1904 671 Αύτοὶ

2042 619 2182 670 εοειε
2195 628 2268 669 ac
2282 613 2378 669 die
2395 627 2612 684 operan
2620 617 2724 678 tes,
2741 628 2816 669 ne
2827 627 2993 684 quem
3006 617 3261 669 vestrum
3270 630 3666 683 gravaremus,

295 713 394 785 γὰρ
421 707 621 777 οἴδατε,
663 706 897 783 ἀὸελφοι,
942 712 1027 762 τὸν
1055 710 1215 760 κόπον
1236 709 1266 765 ἠ
1274 714 1403 779 μῶν,
1435 712 1525 759 καὶ
1556 709 1643 759 τόν
1673 706 1899 779 μόχθον’

2042 702 2476 760 ινωιίίσαυίηιυε
2503 702 2907 773 Evangetium
2932 703 3040 758 Dei
3067 702 3115 774 (I
3134 701 3334 759 Thess.
3363 719 3421 768 ιι,
3454 704 3531 774 9),
3553 709 3666 760 etc.

294 803 475 861 νυκτὸς
502 806 592 853 καὶ
620 801 736 867 (61)
785 801 979 875 ἡμέρας
1015 796 1353 871 ἐργαζόμενοι
1380 800 1508 870 πρός
1552 800 1613 849 τὸ
1644 799 1716 869 μὴ
1749 792 2070 869 ἐπιϐαρῆσαί
2106 812 2224 846 τινα
2270 794 2412 866 ὑμῶν
2444 790 2761 867 ἐκηρύξαμεν
2797 796 2855 845 τό
2887 791 3201 865 Εύαγγέλιον
3233 800 3322 846 τοῦ
3366 801 3524 865 Θεοῦ,
3578 799 3670 848 καὶ

298 892 365 943 τὰ
390 890 473 952 ἐξῆ
487 911 532 951 ς.

296 986 419 1040 Ὀτι
473 983 557 1040 δεῖ
615 990 699 1039 τὸν
753 994 1056 1059 προεστῶτα
1115 992 1207 1038 τοῦ
1270 984 1426 1056 λόγου
1495 982 1738 1057 ἐλεήμονα
1802 988 1892 1036 καὶ

2048 978 2180 1035 ιιιοά
2207 979 2313 1053 qui
2351 979 2676 1053 praeﬁcitur
2723 979 3015 1037 doctrinae
3039 979 3370 1047 tradendae,
3400 979 3450 1037 is
3487 980 3672 1039 debet

375 1075 730 1146 εὔσπλαγχνον
788 1071 935 1142 εἶναι,
985 1079 1077 1128 καὶ
1125 1074 1357 1149 μάλιστα
1404 1076 1487 1129 ἐπὶ
1526 1081 1625 1126 τῶν
1664 1092 1894 1127 κεκακω-

2076 1084 2207 1126 esse
2237 1069 2578 1126 misericors
2600 1075 2657 1126 et
2677 1070 2965 1138 clemens,
2990 1074 3047 1127 et
3076 1071 3344 1127 maxime
3370 1086 3512 1143 erga
3542 1087 3669 1143 eos,

372 1168 528 1238 μένων
581 1166 670 1225 τὰς
716 1162 918 1236 ψυχάς.

2079 1175 2345 1234 quorum
2375 1159 2595 1216 animus
2617 1165 2758 1216 sunt
2787 1160 2948 1217 male
2980 1160 3230 1219 affectas.

937 1288 1127 1362 Κεροίλ.
1176 1288 1250 1342 κ’·

2655 1286 2852 1357 Caput
2890 1288 3026 1345 XX.

366 1416 733 1468 ΜΑΤΘΑΙΟΣ.
788 1417 889 1466 Καὶ
940 1408 1139 1474 ἰδόντες
1184 1414 1234 1465 οὶ
1272 1418 1572 1486 Φαρισαῖοι,
1616 1407 1758 1464 εἶπον
1796 1417 1903 1472 τοῖς

2079 1412 2159 1468 Et
2190 1412 2458 1469 videntes
2491 1413 2814 1478 Pharisaei,
2845 1413 3124 1471 dicebant
3150 1413 3470 1484 discipulis
3500 1417 3631 1485 ejus
3656 1433 3671 1472 :

294 1502 554 1575 μαθηταῖς
603 1502 783 1554 αὐτοῦ’
834 1505 928 1555 Δια
952 1506 1004 1555 τί
1050 1501 1182 1574 μετὰ
1210 1510 1309 1554 τῶν
1349 1501 1575 1554 τελωνῶν
1617 1506 1706 1554 καὶ
1738 1502 1905 1575 ἁμαρ-

2051 1504 2213 1557 ιιιατε
2225 1517 2357 1557 cum
2366 1502 2712 1571 publicanis
2729 1506 2785 1558 et
2794 1502 3211 1570 peccatoribus
3223 1503 3549 1560 manducat
3560 1520 3675 1560 ma-

292 1589 466 1665 τωλῶν
529 1589 691 1645 ἐσθίει
744 1593 770 1643 ό
844 1587 1171 1652 διδασκαλος
1214 1593 1406 1663 ὑμῶνς
1462 1590 1521 1643 Ὀ
1579 1587 1638 1644 δε
1697 1591 1904 1651 Ἰησους

2053 1591 2199 1647 ister
2227 1590 2459 1646 vester?
2475 1591 2557 1646 At
2577 1591 2747 1647 Jesus
2773 1591 3050 1660 audiens,
3078 1592 3166 1647 ait
3201 1608 3214 1646 :
3246 1592 3380 1648 Non
3408 1599 3494 1648 est
3524 1608 3675 1662 opus

296 1682 550 1745 ἀκούσας,
621 1677 776 1733 εἶπενι
834 1681 910 1731 Οὐ
967 1684 1155 1754 χρείαν
1207 1683 1427 1752 ἔχουσιν
1486 1680 1536 1733 οἰ
1588 1681 1904 1752 ὑγιαίνοντες

2052 1679 2353 1735 alentibus
2366 1679 2757 1743 medicus,sed
2768 1679 2926 1735 male
2937 1678 3310 1736 habentibus.
3324 1679 3552 1737 Euntes
3564 1695 3675 1737 au-

298 1769 500 1845 ἰατροῦ,
542 1767 649 1821 ἀλλ’
682 1771 730 1822 οἱ
768 1777 938 1830 κακῶς
968 1773 1196 1842 ἔχοντες.
1233 1770 1572 1844 Πορευθέντες
1604 1766 1681 1837 δὲ,
1712 1772 1902 1842 μάθετε

2051 1783 2131 1824 9m
2149 1767 2374 1834 discite,
2396 1767 2545 1841 quid
2562 1773 2646 1825 est
2666 1786 2678 1824 :
2702 1768 3189 1826 Misericordiam
3206 1770 3423 1833 voto,et
3440 1785 3560 1826 non
3582 1785 3675 1828 sa-

294 1864 348 1913 τί
404 1857 564 1911 ἔστιν·
612 1856 785 1912 Ἐλεον
828 1857 975 1924 θέλω,
1019 1863 1108 1911 καὶ
1154 1859 1213 1911 ού
1261 1861 1467 1912 θυσίαν·
1524 1858 1583 1912 ού
1608 1861 1710 1934 γὰρ
1752 1856 1906 1918 ἦλθον

2052 1859 2308 1928 riﬁcium
2341 1874 2354 1913 :
2381 1873 2500 1913 non
2534 1859 2691 1914 enim
2723 1858 2862 1915 veni
2880 1873 3098 1915 vocare
3116 1860 3448 1928 justas,sed
3463 1874 3675 1930 pecca-

295 1948 514 2002 καλίσαι
583 1945 840 2015 δικαίους,
909 1945 1038 2000 ἀλλὰ
1102 1946 1433 2024 ἁμαρτωλοὺς
1491 1948 1563 2011 εἰς
1612 1949 1906 2021 μετάνοιαν.

2054 1962 2174 2004 ores
2203 1947 2285 2004 ad
2305 1948 2728 2017 paenitentiam
2776 1947 3019 2018 (Matth.
3056 1964 3135 2016 lx,
3168 1948 3429 2020 11-13)...
3462 1949 3678 2006 Videns

297 2043 669 2092 ΜΑΤΘΑῙΟΣ.
730 2033 879 2091 Ἰδὼν
930 2032 989 2089 δὲ
1049 2041 1167 2099 τοὺς
1214 2037 1426 2110 ὄχλους,
1470 2036 1905 2110 εὐσπλαγχνίσθη

2054 2043 2216 2093 utem
2248 2036 2480 2106 turbas,
2511 2036 2790 2094 misertus
2819 2041 2908 2092 est
2934 2037 3037 2103 eis,
3064 2037 3210 2107 quia
3234 2042 3412 2093 erant
3450 2038 3678 2105 vexati,

298 2131 421 2200 περὶ
473 2126 664 2195 αὐτῶν,
724 2128 804 2180 ὃτι
854 2123 989 2185 ἦσαν
1038 2124 1361 2200 ἐσκυλμνοι,
1423 2127 1490 2187 ὡς
1536 2124 1777 2202 πρόϐατα
1832 2131 1905 2201 μή

1834 2131 1905 2201 μὴ
2017 2127 2172 2184 sicut
2203 2141 2336 2183 oves
2364 2141 2487 2182 non
2515 2125 2801 2184 habentes
2821 2131 3127 2197 pastorem
3152 2126 3323 2197 (ibid.
3344 2126 3458 2198 36).

300 2219 497 2288 ἔχοντα
534 2220 782 2289 ποιμένα.

299 2312 425 2368 Ὀτι
466 2311 553 2367 δεῖ
590 2320 681 2367 καὶ
712 2313 759 2367 ἓν
797 2321 913 2377 ταῖς
944 2321 1037 2368 τοῦ
1084 2319 1329 2387 σώματος
1355 2317 1570 2389 χρείαις
1610 2312 1907 2387 σπλαγχνί-

2055 2314 2192 2382 !uod
2212 2316 2451 2387 oportet
2473 2313 2535 2370 in
2567 2312 2873 2385 corporeis
2896 2312 3078 2369 etiam
3099 2312 3557 2371 necessitatibus
3575 2329 3679 2372 eos

377 2404 563 2465 ζεσθαι
629 2403 714 2458 ἐπὶ
773 2410 877 2466 τοῖς
942 2406 1389 2478 πεπιστευμένοις,
1457 2407 1550 2456 καὶ
1620 2403 1909 2477 φροντίζειν

2090 2404 2197 2478 qui
2228 2403 2403 2460 nobis
2434 2401 2762 2459 concrediti
2791 2406 2954 2471 sunt,
2987 2402 3492 2472 commiserari,et
3520 2402 3680 2480 ipso.

379 2493 568 2548 αὐτῶν.

2091 2509 2229 2551 rum
2260 2509 2472 2551 curam
2512 2508 2741 2565 gerere.

936 2616 1120 2691 Κεφάλ.
1158 2616 1280 2672 KA'.

2650 2617 2850 2689 Caput
2874 2619 3044 2677 XXI.

372 2748 743 2800 ΜΑΤΘΑΙΟΣ.
776 2742 1212 2817 Σπλαγχνίζομαι
1242 2743 1329 2796 ἐπὶ
1367 2745 1454 2795 τὸν
1481 2741 1660 2815 ὄχλον,
1688 2742 1769 2793 ὅτι
1798 2736 1908 2800 ἤδη

2092 2718 2380 2801 Misereor
2395 2743 2610 2811 turbae,
2623 2746 2771 2816 quia
2797 2746 2997 2801 triduo
3008 2748 3144 2816 jam
3156 2754 3545 2817 perseverant
3565 2763 3683 2806 me-

306 2837 496 2909 ἡμίραι
541 2841 676 2907 τρεῖς
729 2837 1089 2907 προσμένουσί
1149 2852 1261 2906 μοι,
1316 2836 1406 2884 καὶ
1460 2831 1556 2884 οὐκ
1608 2833 1802 2903 ἔχουσι
1858 2834 1912 2883 τί

2063 2851 2178 2902 um,
2207 2842 2264 2891 et
2289 2850 2412 2891 non
2441 2833 2663 2891 habent
2689 2835 2851 2906 quod
2874 2835 3266 2903 manducent,
3299 2843 3356 2893 et
3379 2837 3687 2896 dimittere

310 2926 536 2996 φάγωσι,
566 2928 654 2975 καὶ
687 2922 948 2975 ἀπολῦσαι
979 2924 1168 2985 αύτούς
1197 2927 1410 2984 νήστεις
1438 2921 1497 2973 ού
1533 2920 1679 2988 θελω,
1709 2925 1913 2992 μήποτε

2059 2926 2382 2994 osjejunos
2436 2925 2577 2979 noto
2619 2938 2696 2980 ne
2741 2924 3023 2992 deﬁciant
3069 2925 3135 2980 in
3184 2928 3285 2983 via
3314 2926 3561 2993 (Matth.
3588 2943 3683 2997 xv,

312 3010 590 3065 ἕκλυθῶσιν
635 3010 683 3064 ἐν
726 3020 790 3085 τῇ
843 3008 972 3081 ὀδῷ.
1017 3016 1308 3066 ΜΑΡΚΟΣ.
1367 3016 1470 3064 Καὶ
1516 3011 1732 3083 ἔρχεται
1781 3011 1916 3075 πρὸς

2063 3018 2186 3079 ‘2)...
2218 3013 2297 3068 Et
2320 3013 2484 3068 venit
2505 3012 2587 3067 ad
2614 3026 2748 3068 eum
2781 3013 3408 3083 teprosus,deprecans
3427 3021 3687 3084 eum,at-

309 3100 464 3153 αὐτὸν
508 3100 706 3176 λεπρὸς,
737 3100 1052 3174 παρακαλῶν
1082 3100 1260 3167 αὐτόν,
1292 3105 1382 3152 καὶ
1407 3106 1699 3172 γονυπετῶν
1731 3096 1906 3153 αὐτόν.

2066 3116 2138 3158 ue
2166 3101 2248 3157 ad
2275 3115 2476 3172 genua
2495 3101 2665 3156 illius
2684 3115 2745 3157 se
2756 3102 3219 3172 provolvens,ac
3241 3104 3446 3160 dicens
3474 3105 3575 3160 itii
3588 3122 3602 3161 :
3618 3104 3689 3162 Si

307 3194 393 3243 καὶ
419 3189 577 3262 λέγων
605 3190 767 3261 αὐτῷ,
798 3194 879 3243 ὅτι
903 3190 1018 3244 Ἐὰν
1050 3189 1167 3263 θέλῃ
1178 3180 1223 3260 ς,
1251 3186 1480 3242 δύνασαί
1508 3207 1573 3262 με
1601 3189 1909 3263 καθαρίσαι.

2067 3192 2136 3259 is,
2148 3196 2309 3263 potes
2321 3205 2408 3247 me
2419 3190 2728 3247 mundare.
2742 3192 2915 3246 Jesus
2926 3198 3125 3247 autem
3133 3193 3427 3265 misertus,
3444 3199 3687 3252 extaua

304 3283 362 3331 Ὁ
398 3275 458 3333 δε
503 3279 711 3341 Ἰησοῦς
740 3278 1187 3351 σπλαγχνισθεὶς,
1234 3276 1461 3340 ἇκτείνας
1501 3282 1596 3336 τὴν
1626 3283 1788 3350 χεῖρα
1816 3275 1914 3328 αύ-

2067 3296 2214 3338 ιαηιι
2236 3295 2349 3337 sua
2375 3280 2571 3350 tetigit
2594 3294 2751 3350 eum,
2773 3285 2828 3335 et
2863 3280 2950 3336 ait
2993 3281 3094 3336 itii
3125 3298 3139 3334 :
3176 3282 3356 3338 Volo:
3390 3283 3691 3340 mundare

304 3376 415 3436 τοῦ,
453 3368 627 3440 ἣψατό
667 3368 851 3435 αὐτοῦ,
890 3374 981 3422 καὶ
1020 3368 1157 3439 λέγει
1197 3366 1340 3438 αύτῷ
1405 3367 1522 3439 (6’2)
1548 3385 1561 3399 ·
1597 3365 1762 3433 Θέλω,
1819 3385 1916 3418 κα-

2070 3369 2245 3426 Harc.
2275 3371 2424 3435 1,40,
2455 3371 2620 3437 41)...
2653 3369 2726 3423 In
2770 3368 2978 3425 diebus
3004 3375 3205 3426 autem
3234 3371 3694 3440 ittis,crescente

311 3459 613 3533 θαρίσθητι.
671 3459 970 3512 ΠΡΑΞΕΙΣ.
1019 3455 1102 3509 Ἐν
1162 3453 1221 3509 δὲ
1254 3463 1368 3518 ταῖς
1422 3457 1641 3529 ἡμέραις
1698 3456 1917 3516 ταύταις

2074 3473 2272 3514 umero
2284 3458 2912 3527 discipulorumfactu
2920 3475 2974 3513 m
2984 3464 3070 3515 est
3081 3474 3349 3517 murmur
3360 3462 3694 3519 Graecorum

308 3548 672 3608 πληθυνόντων
730 3557 830 3601 τῶν
881 3548 1152 3621 μαθητῶν,
1208 3544 1404 3618 ὶγένετο
1460 3549 1768 3618 γογγυσμὸς
1817 3552 1919 3597 τῶν

2071 3548 2319 3603 dversus
2338 3545 2712 3614 Hebrwos,eo
2722 3547 2885 3617 quod
2895 3546 3342 3619 despicerentur
3355 3551 3419 3606 in
3429 3551 3691 3608 ministe-

307 3638 667 3697 Ἑλληνιστῶν.
697 3642 827 3715 πρὸς
874 3641 997 3699 τοὺς
1042 3634 1332 3711 Ἐϐραίους,
1375 3637 1459 3689 ότι
1501 3637 1921 3711 παρεθεωροῦντο

2071 3637 2124 3693 io
2152 3635 2508 3708 quotidiana
2538 3634 2736 3692 viduae
2782 3650 3009 3691 eorum.
3044 3636 3456 3695 Convocantes
3493 3646 3695 3698 autem

309 3726 360 3780 ἓν
395 3735 456 3801 τῇ
501 3724 748 3800 διακονίᾳ
779 3734 842 3800 τῇ
889 3733 1213 3799 κατημερινῇ
1257 3727 1313 3777 αἱ
1340 3733 1515 3799 χῆραι
1554 3724 1747 3782 αὐτῶν.
1779 3732 1921 3798 Προ-

2067 3727 2345 3782 ῐιιοιίεείηι
2368 3725 2822 3782 multitudinem
2843 3725 3307 3796 discipulorum,
3348 3728 3641 3786 dixerunt
3677 3747 3691 3786 :

312 3817 693 3891 σκαλεσοὶμενοι
733 3812 793 3870 δὲ
837 3817 886 3868 οἱ
935 3810 1150 3868 δώδεκα
1186 3817 1246 3868 τό
1289 3812 1482 3875 πλῆθος
1520 3822 1620 3865 τῶν
1653 3815 1919 3889 μαθητῶν,

2072 3816 2168 3872 Ion
2200 3820 2283 3871 est
2313 3830 2542 3886 Equum
2590 3829 2699 3870 nos
2741 3814 3162 3886 derelinquere
3203 3817 3450 3873 verbum
3476 3819 3588 3874 Dei
3598 3859 3612 3883 ,
3639 3824 3696 3875 et

314 3905 477 3960 εἶπον·
511 3906 625 3959 Ούκ
662 3903 880 3980 ἀρεστόν
926 3903 1039 3958 ἐστι
1068 3903 1447 3964 καταλιπόντας
1476 3905 1618 3977 ἡμᾶς
1647 3907 1735 3956 τὸν
1772 3902 1923 3975 λόγον

2074 3905 2385 3961 ιίηὶεινανε
2404 3904 2646 3961 mensis.
2696 3903 3102 3972 Considerate,
3154 3906 3412 3975 fratres,
3443 3907 3603 3963 viros
3625 3923 3698 3963 ex

310 4004 406 4050 τοῦ
455 4003 610 4063 Θεοῦ,
662 3992 921 4048 διακονεῖν
970 4001 1087 4057 ταῖς
1147 3993 1451 4067 τραπέζαις.
1512 3991 1922 4064 Ἐπισκέψασθε,

2074 3994 2200 4051 obzs
2223 3993 2556 4051 testimonio
2577 3998 2774 4050 vestro
2789 3994 3205 4062 comprobato:
3230 4000 3453 4065 septem
3463 3997 3696 4066 ,ptenos

312 4084 554 4160 ἀδελφοὶ,
576 4082 771 4160 ἄνδρας
801 4083 853 4149 ἐξ
882 4086 1024 4157 ὑμῶν
1044 4086 1502 4159 μαρτυρουμένους
1529 4081 1677 4150 ἑπτὰ,
1709 4082 1926 4156 πλήρεις

2073 4085 2272 4155 fpiritu
2327 4087 2540 4140 sancto
2582 4087 2638 4139 et
2676 4083 3002 4152 sapientia,
3062 4099 3208 4156 quos
3268 4087 3697 4142 constituemus

313 4178 613 4249 Πνεύματος
661 4174 813 4246 ἁγίου
861 4177 953 4225 καὶ
988 4176 1194 4245 σοιρίας,
1240 4170 1331 4233 οὒς
1386 4176 1789 4245 καταστήσομεν
1838 4170 1926 4224 ἕπε

1395 4176 1789 4245 καταστήσομεν
1838 4170 1926 4224 ἐπι
2038 4190 2223 4246 super
2254 4174 2364 4231 hoc
2388 4188 2539 4244 opus
2572 4172 2736 4245 (Act.
2764 4188 2847 4240 Vl,
2886 4174 3019 4246 1-3).

310 4274 415 4328 τῆς
452 4268 642 4339 χρείας
679 4266 890 4324 ταύτης.

311 4362 439 4416 Ὀτι
486 4362 545 4415 ού
590 4358 677 4414 δεῖ
709 4364 798 4413 τὸν
835 4366 1146 4432 προεστῶτα
1181 4364 1276 4410 τοῦ
1312 4356 1470 4430 λόγου
1525 4357 1575 4411 ἓν
1626 4364 1738 4420 τοῖς
1789 4356 1930 4411 ἐλάτ-

2083 4364 2223 4435 ιοο
2256 4361 2426 4429 Quod
2457 4361 2508 4418 is
2538 4361 2635 4419 cui
2682 4363 3066 4421 conereditur
3110 4364 3367 4422 verbum
3404 4365 3528 4428 Dei,
3580 4382 3643 4423 se
3668 4382 3707 4424 ο.

394 4469 542 4504 τοσιν
592 4448 896 4525 αὐτουργεῖν
956 4445 1377 4520 φιλοτιμούμενον
1441 4456 1540 4510 τῆς
1602 4446 1928 4521 ὀφειλομένης

2113 4451 2418 4523 majorum
2442 4451 2825 4523 negotiorum
2850 4451 3052 4509 studio
3077 4453 3418 4529 subducere
3441 4466 3563 4510 non
3595 4454 3707 4511 de-

394 4542 515 4613 περὶ
542 4539 609 4592 τὰ
635 4537 798 4614 μείζω
831 4531 1074 4597 σπουδῆς
1104 4533 1498 4589 ἀπολείπεσθαι.
1959 4550 2004 4605 ι)

2114 4541 2235 4613 bet,
2269 4540 2419 4597 dum
2450 4556 2675 4612 magno
2697 4546 2920 4598 conatu
2946 4540 3007 4598 in
3028 4542 3435 4616 exsequendis
3455 4542 3708 4601 minori-

2115 4629 2233 4687 bus
2264 4646 2440 4688 suam
2471 4631 2664 4705 ipsius
2693 4645 2946 4704 operam
2972 4636 3178 4687 navet.

972 4749 1160 4825 Κεφάλ.
1193 4748 1307 4806 ΚΗ.

2666 4755 2864 4827 Caput
2891 4754 3086 4813 XXII.

396 4884 695 4939 ΠΡΔΞΕΙΣ.
727 4876 1219 4955 Προσκαλεσοίμενοι
1240 4873 1301 4929 δὲ
1323 4876 1372 4928 οἱ
1404 4870 1616 4928 δώδεκα
1643 4877 1702 4928 τό
1733 4873 1932 4938 πλῆθος

2119 4883 2528 4940 Convocantes
2539 4888 2735 4940 autem
2746 4882 3052 4940 duodecim
3065 4882 3513 4939 multitudinem
3529 4884 3652 4942 dist
3662 4886 3713 4942 i-

315 4981 425 5027 τῶν
472 4972 738 5044 μαθητῶν,
785 4967 946 5022 εἶπονο
993 4967 1105 5019 Οὐκ
1146 4963 1362 5041 ἀρεστόν
1401 4963 1515 5018 ἐστι
1552 4963 1934 5026 καταλιπόντας

2091 4973 2327 5029 uterum
2356 4972 2849 5029 dixeruntzNon
2892 4977 2976 5028 est
3028 4987 3265 5045 (equum
3295 4987 3405 5028 nos
3448 4972 3713 5030 derelin-

321 5064 469 5136 ἡμᾶς
505 5064 593 5114 τὸν
638 5059 788 5131 λόγον
835 5064 928 5110 τοῦ
978 5063 1131 5124 Θεοῦ,
1189 5052 1448 5109 διακονεῖν
1480 5055 1789 5130 τραπέζαις.
1834 5058 1936 5107 Καὶ

2088 5076 2227 5123 uere
2256 5061 2502 5118 verbum
2523 5062 2655 5129 Dei,
2700 5067 2758 5118 et
2804 5062 3156 5119 ministrare
3182 5062 3403 5118 mensis
3443 5062 3606 5132 (Act.
3626 5078 3708 5135 η,

324 5150 436 5226 μετ’
480 5149 647 5222 ὀλίγα·
693 5148 869 5221 Ἡμεῖς
921 5142 981 5199 δε
1025 5152 1087 5218 τῇ
1136 5152 1412 5221 προσευχῇ
1456 5148 1546 5198 καὶ
1583 5152 1646 5220 τῇ
1691 5140 1936 5217 διακονίᾳ

2085 5153 2123 5226 ).
2157 5155 2221 5208 Et
2244 5150 2429 5226 paulo
2452 5156 2627 5226 post:
2659 5152 2781 5209 Nos
2820 5167 2961 5209 vero
2999 5153 3267 5209 orationi
3287 5157 3343 5210 et
3372 5153 3709 5212 ministerio

327 5248 425 5295 τοῦ
448 5238 608 5312 λόγου
632 5239 1200 5314 προσκαρτερήσωμεν.

2048 5241 2220 5301 verbi
2240 5243 2534 5298 instantes
2555 5241 2858 5312 fuerimus
2890 5240 3045 5307 (ibid
3077 5244 3154 5310 4).

405 5561 522 5632 (61)
552 5562 696 5636 Reg.
737 5558 968 5636 primus
994 5556 1217 5636 recenti
1255 5573 1444 5636 manu
1480 5560 1664 5636 νυκτὸς
1699 5559 1798 5636 χᾲρ
1826 5562 1938 5636 καί.

2094 5556 2240 5614 Iulto
2260 5560 2398 5636 post
2415 5554 2711 5636 ide_m_m§.
2735 5554 2973 5636 {idetur
2990 5553 3499 5636 habuisseprimg
3522 5566 3718 5636 msnu

412 5625 525 5708 (62')
547 5625 762 5689 Διὶἆὶιέ
799 5634 858 5689 et
884 5645 1004 5687 vox
1028 5628 1168 5702 ἀύτῷ
1189 5645 1262 5687 ex
1292 5632 1434 5702 Reg.
1467 5629 1687 5705 primo.
1705 5625 1835 5686 Nec
1858 5628 1940 5689 ita

2089 5625 2281 5689 αταστῆ
2293 5647 2481 5702 suum
2497 5626 2723 5686 Subide
2743 5628 2888 5698 Reg.
2904 5625 3110 5685 tertius
3130 5630 3222 5679 καί
3241 5625 3339 5689 τῆς
3359 5625 3713 5700 ὀφειλομένης.
