4112 6376
421 296 526 354 835

1816 297 1872 350 S.
1908 294 2155 351 BASlLll
2184 294 2403 352 MAGNI

3684 308 3788 361 836

421 421 594 489 Quod
622 435 825 496 neque
857 420 937 477 ad
959 420 1423 477 ostentationem
1435 434 1651 493 ,neque
1673 418 1750 474 ad
1779 422 2078 493 quaestum

2193 418 2313 472 Ὀτι
2354 420 2413 472 οὐ
2458 418 2543 474 δεῖ
2581 419 2926 496 ἐπιδεικτιᾷν,
2971 423 3096 480 οὐδὲ
3134 426 3511 502 ἐμπορεύεσθαι
3562 430 3648 481 τὸν
3695 429 3786 482 λό-

484 511 877 568 adhibendus
907 517 1000 567 est
1036 511 1321 567 doctrinm
1353 508 1953 579 sermo,blandiendo
1973 524 2081 565 au-

484 600 815 671 dientibus,
845 606 910 658 ut
935 601 1157 658 nostris
1180 600 1595 674 voluptatibus
1617 604 1722 655 aut
1741 598 2080 655 commodis

487 690 915 748 consulamus:
943 690 1050 746 sed
1101 706 1217 747 nos
1266 690 1414 747 tales
1464 704 1596 745 esse
1644 686 1922 753 addecet,
1952 691 2078 744 tan-

487 796 675 854 quam
705 781 811 855 qui
830 780 906 836 ad
929 779 1188 851 gloriam
1214 780 1316 836 Dei
1339 795 1549 837 coram
1568 778 1703 852 ipso
1726 776 2073 851 loquamur.

1018 897 1206 966 Caput
1251 896 1482 954 XXIII.

491 1020 706 1078 Omnia
736 1036 874 1078 vero
905 1037 1089 1091 opera
1118 1036 1228 1078 sua
1252 1020 1500 1091 faciunt
1530 1025 1596 1076 ut
1627 1018 1952 1075 videantur
1999 1018 2075 1075 ab

418 1108 784 1167 hominibus:
801 1111 1062 1167 dilatant
1079 1111 1232 1168 enim
1244 1109 1832 1181 phylacleriasua,et
1846 1111 2078 1180 magni-

413 1202 604 1272 ﬁcant
627 1202 899 1271 ﬁmbrias
924 1202 1403 1259 vestimentorum
1449 1215 1716 1267 suorum,
1751 1205 2077 1272 amantque

417 1294 644 1361 primos
667 1292 971 1348 recubitus
991 1294 1054 1346 in
1090 1292 1287 1359 cumis,
1320 1295 1376 1346 et
1396 1291 1627 1359 primas
1657 1289 1979 1345 cathedras
2010 1290 2074 1344 in

416 1383 824 1453 synagogz‘s,et
849 1382 1250 1438 salutationes
1282 1382 1345 1435 in
1371 1380 1606 1451 foris,et
1639 1380 1846 1436 vocari
1874 1378 1949 1436 ab
1975 1378 2075 1435 ho-

413 1470 692 1539 minibus,
725 1470 933 1539 Rabbi,
973 1469 1188 1526 Rabbi.
1242 1470 1350 1524 Vos
1397 1474 1595 1526 autem
1640 1468 1828 1523 nolite
1868 1467 2078 1524 vocari

412 1561 606 1617 Rabbi
621 1579 632 1615 :
650 1576 806 1617 unus
819 1566 903 1617 est
930 1561 1087 1617 enim
1109 1560 1397 1630 magister
1418 1565 1637 1616 vester:
1658 1574 1858 1615 omnes
1874 1564 2073 1615 autem

410 1666 511 1707 vos
522 1651 754 1720 fratres
769 1650 1013 1708 estis.Et
1022 1656 1262 1720 patrem
1276 1650 1462 1705 nolite
1484 1664 1698 1706 vocare
1710 1648 1873 1705 vobis
1891 1663 2074 1719 super

413 1746 669 1798 terram:
690 1756 844 1797 unus
869 1744 955 1798 est
976 1741 1130 1797 enim
1157 1742 1341 1797 Pater
1352 1742 1676 1812 vester,qui
1699 1741 1762 1795 in
1782 1741 1946 1797 ccelis
1959 1744 2070 1794 est.
2102 1776 2141 1832 Β

412 1831 503 1888 Ne
529 1832 820 1888 vocemini
847 1832 1133 1901 magistri
1144 1845 1318 1887 :nam
1361 1831 1650 1900 magister
1692 1835 1886 1887 vester
1913 1844 2072 1885 unus

416 1925 525 1991 est,
550 1920 828 1978 Christus
874 1919 1119 1986 (Matth.
1161 1935 1320 1987 XXIII,
1371 1921 1588 1989 5-10)...
1627 1920 1763 1976 Mea
1792 1919 2074 1976 doctrina
2114 1926 2117 1927 '

414 2025 535 2066 non
560 2018 641 2069 est
673 2010 926 2077 mea,sed
949 2011 1079 2080 ejus
1110 2011 1217 2081 qui
1240 2010 1401 2065 misit
1427 2024 1540 2066 me.
1559 2008 1629 2065 Si
1644 2010 1778 2081 quis
1798 2009 2077 2065 volunta-

417 2104 531 2157 tem
555 2101 743 2169 ipsius
768 2100 1313 2170 faciat,cognoscet
1335 2098 1409 2157 de
1435 2099 1739 2167 doctrina,
1774 2103 1979 2154 utrum
1999 2112 2075 2155 ea:

414 2190 537 2246 Deo
567 2191 751 2259 sit,an
781 2205 884 2260 ego
916 2203 953 2245 a
1002 2190 1223 2258 meipso
1275 2189 1514 2259 loquar.
1560 2187 1736 2255 Quia
1760 2190 2072 2256 semetipso

417 2280 967 2354 loquitur,gloriam
977 2278 1290 2350 propriam
1300 2279 1641 2349 qucerit:qui
1650 2282 1844 2334 autem
1856 2277 2072 2350 quaerit

411 2372 673 2442 gloriam
703 2369 964 2440 ejus,qui
980 2369 1140 2424 misit
1155 2367 1415 2434 eum,hic
1436 2382 1626 2424 veram
1644 2371 1810 2435 est,et
1832 2366 2071 2435 injusti-

414 2462 501 2516 tia
532 2462 595 2515 in
625 2460 734 2515 illo
775 2474 895 2514 non
940 2462 1025 2514 est
1052 2459 1250 2525 (Joan.
1302 2473 1405 2522 vn,
1448 2461 1708 2527 {6-18)...
1735 2457 1874 2513 Non
1916 2458 2068 2513 enim

413 2549 803 2616 sumus,sicut
817 2548 1523 2618 plurimi,adulterantes
1548 2547 1791 2603 verbum
1812 2546 1923 2603 Dei
1943 2547 2075 2603 :sed

411 2640 577 2697 velut
602 2654 677 2695 ex
704 2637 1181 2703 sinceritate,sed
1200 2636 1362 2692 velut
1394 2652 1468 2693 eo:
1495 2637 1832 2702 Deo,coram
1858 2642 1970 2693 Deo
2012 2638 2073 2692 in

415 2729 655 2787 Christo
677 2728 983 2799 loquimur
1004 2727 1085 2789 (II
1108 2726 1271 2793 Cor.,
1297 2730 1428 2795 11,17
1436 2725 1907 2797 )...Exhortatio
1917 2729 2071 2783 enim

412 2824 627 2877 nostra
644 2833 765 2874 non
778 2817 852 2873 de
866 2830 1288 2886 errore,neque
1308 2815 1381 2873 de
1392 2816 1532 2871 imm
1540 2814 1996 2887 unditia,neque
2009 2817 2074 2872 in

416 2909 556 2969 doto
579 2922 593 2963 :
617 2906 721 2964 sed
738 2906 896 2962 sicut
911 2905 1160 2975 probati
1177 2919 1383 2961 sumus
1403 2919 1441 2962 a
1463 2906 1603 2972 Deo,
1642 2909 1709 2959 ut
1731 2905 2076 2963 crederetur

416 2996 586 3054 nobis
607 2996 1007 3067 Evangelium
1022 3013 1035 3052 :
1051 2996 1141 3052 ita
1164 2995 1615 3066 loquimur,non
1629 2996 1809 3066 quasi
1825 2995 2075 3051 homini-

420 3085 526 3143 bus
550 3087 885 3157 placentes,
911 3084 1017 3142 sed
1051 3085 1201 3182 Deo,
1232 3085 1341 3155 qui
1373 3085 1597 3153 probat
1618 3084 1806 3142 corda
1834 3091 2071 3182 nostra.
2107 3122 2149 3182 ο

418 3176 625 3249 Neque
637 3178 794 3233 enim
815 3174 1150 3247 aliquando
1160 3174 1394 3244 fuimus
1408 3175 1474 3230 in
1484 3189 1757 3232 sermone
1765 3174 1956 3232 aduta
1965 3176 2077 3232 tio-

420 3267 515 3322 nis
537 3264 705 3335 apud
726 3265 1007 3328 vos,sicut
1024 3265 1187 3320 scitis
1210 3279 1224 3319 :
1249 3277 1440 3334 neque
1458 3263 1524 3318 in
1546 3264 1855 3320 occasione
1879 3264 2081 3322 avari—

421 3357 554 3413 tiae:
571 3354 730 3411 Deus
752 3355 916 3410 testis
943 3359 1027 3410 est
1046 3370 1060 3408 :
1076 3367 1266 3424 neque
1285 3358 1620 3424 qua’rentes
1643 3352 1717 3409 ab
1739 3352 2080 3410 hominibus

420 3443 704 3514 gloriam,
720 3456 911 3513 neque
930 3454 970 3498 a
994 3440 1171 3507 vobis,
1197 3454 1389 3511 neque
1415 3439 1492 3496 ab
1521 3441 1704 3510 aliis;
1735 3442 1872 3497 licet
1888 3455 2082 3511 posse-

419 3548 552 3589 mus
571 3533 638 3590 in
663 3534 1027 3588 auctoritate
1050 3545 1192 3601 esse,
1221 3535 1513 3602 tanquam
1554 3531 1817 3601 apostoli
1849 3530 2085 3589 Christi

422 3622 483 3687 (Ι
513 3623 716 3680 Thess.
750 3637 806 3689 ιι,
830 3620 968 3692 3-6).

423 3818 596 3890 301
632 3816 806 3885 Quod
833 3831 960 3873 non
989 3819 1229 3889 oportet
1263 3830 1405 3871 eum
1433 3814 1538 3887 qui
1566 3819 1780 3887 praeest
1807 3813 1942 3872 aliis
1972 3780 2090 3871 do;

490 3907 722 3977 cendis,
745 3905 913 3962 abuti
944 3921 1057 3961 sua
1076 3909 1375 3977 potestate
1397 3904 1476 3960 ad
1504 3904 1921 3975 subjectorum
1942 3917 2083 3959 con-

491 3996 826 4062 tumeliam,
857 4010 1057 4067 neque
1104 3998 1315 4050 contra
1363 3993 1498 4049 illos
1547 3992 1770 4059 extolli,
1806 3992 1955 4065 quin
1977 4007 2081 4064 po-

489 4084 609 4141 tius
639 4083 900 4154 gradum
929 4081 1098 4138 illum
1124 4082 1395 4153 accipere
1416 4096 1528 4137 ceu
1554 4080 1890 4153 quamdam
1910 4095 2081 4137 occa-

494 4175 728 4230 sionem
754 4172 1130 4244 humilitatis,
1159 4188 1296 4245 quie
1326 4172 1410 4228 eis
1440 4168 1824 4227 ostendenda
1844 4169 1938 4226 sit.

1030 4291 1231 4359 Caput
1253 4289 1471 4345 XXIV.

499 4408 661 4478 Quis,
683 4414 887 4479 putas,
919 4414 1005 4465 est
1030 4407 1226 4478 ﬁdelis
1271 4421 1478 4465 servus
1503 4409 1559 4463 et
1579 4405 1873 4475 prudens,
1904 4420 2077 4477 quem

2261 529 2351 582 γον
2397 518 2492 575 τῆς
2542 508 2898 576 διδασκαλίας
2939 514 2988 567 ἐν
3030 515 3275 590 κολακείᾳ
3332 526 3432 571 τῶν
3472 517 3781 587 ἀκουόντων,

2261 598 2333 663 είς
2383 598 2734 678 πληροφορίαν
2785 612 2884 657 τῶν
2935 601 3082 659 ἰδίων
3136 603 3354 673 ἡδονῶν,
3403 611 3520 668 ἦτοι
3558 615 3782 682 χρειῶνο

2259 686 2390 741 ἀλλὰ
2438 692 2711 755 τοιούτους
2750 689 2898 760 εἶναι,
2946 696 3014 759 ὡς
3062 695 3131 759 εἰς
3174 692 3330 762 δόξαν
3370 698 3486 770 (68)
3530 705 3664 752 Θεοῦ
3711 697 3786 752 ἑν-

2261 782 2421 833 ώπιον
2460 779 2620 833 αὐτοῦ
2663 780 2963 844 λαλοῦντας.

2818 899 3006 973 Κεφαλ.
3043 899 3157 954 ΚΓ.

2255 1027 2629 1082 ΜΑΤΘΑΙΘΣ,
2661 1026 2836 1080 Πάντα
2866 1021 2926 1080 δὲ
2954 1028 3020 1078 τὰ
3048 1028 3176 1100 ἔργα
3205 1028 3372 1082 αὐτῶν
3409 1037 3624 1084 ποιοῦσι
3653 1036 3785 1108 πρὸς

2183 1113 2242 1164 τὸ
2266 1112 2513 1171 θεαθῆναι
2537 1120 2641 1174 τοῖς
2669 1110 2978 1190 ἀνθρὼποις’
3004 1116 3325 1173 πλατύνουσι
3352 1115 3387 1173 δ
3391 1122 3412 1174 ι
3436 1122 3502 1173 τὰ
3526 1119 3787 1193 φυλακτή-

2184 1220 2274 1277 ρια
2303 1201 2491 1269 αὐτῶν,
2535 1207 2625 1256 καὶ
2651 1203 3004 1278 μεγαλύνουσι
3033 1209 3100 1259 τὰ
3126 1205 3406 1281 κράσπεδα
3433 1217 3533 1262 τῶν
3567 1212 3784 1285 ἱματίων

2184 1289 2374 1341 αὐτῶν·
2418 1290 2628 1363 φιλοῦσί
2673 1312 2726 1345 τε
2761 1295 2850 1354 τὰς
2875 1295 3257 1370 πρωτοκλισίας
3296 1295 3344 1350 ἐν
3389 1305 3500 1362 τοῖς
3530 1295 3782 1369 δείπνοις,

2183 1383 2275 1432 καὶ
2298 1382 2393 1445 τὰς
2422 1378 2882 1456 πρωτοκαθεδρίας
2910 1386 2959 1437 ἓν
2988 1392 3101 1446 ταῖς
3128 1394 3476 1459 συναγωγαῖς,
3508 1394 3599 1442 καὶ
3666 1394 3787 1454 τούς

2185 1466 2502 1543 ἀσπασμοὺς
2549 1468 2598 1523 ἓν
2645 1479 2762 1535 ταῖς
2805 1471 3042 1549 ἀγοραῖς,
3079 1481 3170 1528 καὶ
3210 1476 3485 1530 καλεῖσθαι
3542 1479 3643 1532 ὑπό
3687 1488 3787 1533 τῶν

2184 1556 2483 1635 ἀνθρώπων,
2521 1559 2718 1630 Ῥαϐϐὶ,
2765 1561 2938 1616 Ῥαϐϐί
2974 1564 3111 1635 (64).
3150 1564 3319 1638 Ὑμεῖς
3357 1563 3417 1618 δὲ
3455 1571 3527 1640 μή
3561 1566 3789 1628 κληθῆτε

2181 1647 2365 1702 Ραϐϐί³
2414 1648 2486 1711 εἰς
2530 1652 2635 1725 ’γὰρ
2689 1649 2830 1705 ἐστιν
2867 1653 3018 1725 ὑμῶν
3049 1654 3074 1705 6
3122 1655 3451 1727 καθηγητὴς·
3497 1657 3684 1720 πάντες
3727 1654 3788 1713 δε

2178 1735 2335 1810 ’ὑμεῖς
2383 1734 2597 1810 ἀδελφοί
2634 1737 2772 1799 ἐστε.
2816 1745 2916 1794 Καὶ
2970 1745 3171 1816 πατέρα
3224 1748 3295 1815 μη
3351 1743 3604 1804 καλέσητε
3642 1747 3786 1819 ὑμῶν

2183 1825 2267 1880 ἐπὶ
2306 1835 2401 1889 τῆς
2440 1836 2560 1898 γῆς·
2608 1829 2675 1891 εἷς
2712 1832 2814 1905 γάρ
2860 1829 3000 1884 ἐστιν
3039 1832 3065 1883 ὁ
3107 1837 3288 1908 Πατὴρ
3325 1835 3487 1906 ὑμῶν,
3531 1837 3557 1887 6
3593 1834 3643 1890 ἐν
3677 1842 3786 1900 τοῖς

2162 1915 2436 1989 ὀὐρανοῖς.
2477 1914 2630 1976 Μηδὲ
2677 1918 2904 1979 κληθῆτε
2955 1923 3272 1995 καθηγηταί’
3325 1918 3393 1984 εἷς
3442 1926 3544 1999 γάρ
3588 1924 3728 1981 ἐστιν
3758 1927 3786 1980 ὁ

2182 2008 2484 2078 καθηγητῆς
2541 2009 2703 2082 ὑμῶν,
2777 2011 2803 2062 ὁ
2860 2014 3112 2085 Χριστός.
3181 2019 3498 2070 ΙΩΑΝΝΗΣ.
3565 2014 3623 2069 Ἠ
3684 2016 3782 2089 ἐμὴ

2185 2092 2393 2168 διδαχὴ
2435 2096 2529 2150 οῦκ
2560 2100 2701 2153 ἔστιν
2745 2098 2860 2172 ἐμὴ,
2900 2098 3029 2154 ἄλλα
3076 2098 3167 2155 τοῦ
3205 2102 3505 2176 πέμψαντός
3547 2124 3628 2177 με.
3665 2104 3784 2177 Ἐάν

2182 2205 2262 2248 τις
2291 2189 2348 2238 τὸ
2374 2186 2572 2260 θελημα
2597 2187 2756 2240 αὑτοῦ
2783 2198 2932 2263 ποιῇ,
2960 2196 3217 2263 γνώσεται
3245 2197 3364 2263 περὶ
3394 2201 3486 2256 τῆς
3524 2190 3781 2267 διδαχῆς,

2184 2279 2396 2351 πότερον
2445 2275 2499 2329 ἐκ
2551 2284 2643 2331 τοῦ
2693 2286 2827 2333 Θεοῦ
2859 2277 3020 2348 ἐστιν,
3050 2282 3079 2341 ἦ
3114 2279 3215 2353 ἐγὼ
3246 2280 3336 2335 ἀπ’
3366 2273 3591 2355 ἐμαυτοῦ
3627 2283 3784 2340 λαλῶ.

2180 2371 2239 2418 '0
2270 2362 2352 2437 ἀφ’
2386 2364 2570 2418 ἑαυτοῦ
2603 2365 2790 2436 λαλῶν,
2830 2372 2925 2427 τὴν
2970 2365 3127 2433 δόξαν
3159 2375 3253 2430 τὴν
3295 2367 3436 2424 ἰδίαν
3478 2375 3592 2443 (65)
3623 2374 3787 2435 ζητεῖ·

2184 2455 2209 2506 6
2250 2450 2309 2507 δὲ
2357 2454 2528 2515 ζητῶν
2567 2459 2661 2514 τὴν
2708 2452 2867 2520 δόξαν
2924 2466 3015 2511 τοῦ
3065 2460 3361 2533 πέμψαντος
3404 2461 3581 2530 αὑτὸν,
3641 2458 3794 2527 οὗτος

2185 2541 2381 2603 ἀληθής
2425 2542 2587 2611 ἐστιν,
2633 2549 2724 2598 καὶ
2766 2541 2954 2599 ἀδικία
2995 2546 3041 2600 ἐν
3083 2547 3223 2618 αύτῷ
3268 2546 3362 2600 οῦκ
3409 2552 3570 2603 ἔστιν.
3624 2558 3793 2603 ΠΡΟΣ

2186 2638 2336 2685 ΚΟΡ.
2463 2632 2537 2684 Ov’
2566 2636 2668 2708 γὰρ
2701 2633 2873 2708 ἐσμεν,
2909 2637 2979 2698 ὡς
3004 2639 3053 2688 οἱ
3073 2635 3271 2703 πολλοὶ,
3301 2638 3672 2700 καπηλεύοντες
3701 2643 3790 2691 τὸν

2182 2720 2332 2793 λόγον
2390 2722 2482 2775 τοῦ
2542 2730 2695 2791 Θεοῦ,
2747 2722 2857 2777 ἀλλ’
2916 2728 2981 2786 ὡς
3038 2725 3092 2787 ἐξ
3149 2725 3490 2798 εἰλικρινείας,
3560 2725 3669 2779 ἀλλ’
3719 2731 3790 2788 ὡς

2185 2811 2240 2866 εκ
2276 2819 2431 2881 Θεοῦ,
2461 2819 2776 2867 κατενώπιον
2814 2821 2948 2867 Θεοῦ
2982 2813 3031 2866 ἐν
3073 2822 3288 2890 Χριστῷ
3315 2814 3582 2890 λαλοῦμεν.
3619 2824 3789 2873 ΠΡΟΣ

2186 2909 2366 2958 ΘΕΣΣ.
2416 2900 2482 2958 α’.
2522 2901 2579 2957 Ἦ
2614 2905 2716 2974 γὰρ
2755 2901 3091 2975 παράκλησις
3132 2905 3278 2976 ἡμῶν
3323 2904 3416 2958 οῦκ
3464 2905 3520 2959 ἐκ
3566 2906 3784 2980 πλάνης,

2185 2988 2309 3045 οῦδε
2370 2991 2424 3055 ἕξ
2489 2989 2833 3065 ἀκαθαρσίας,
2895 2988 3020 3046 οὐδε
3083 2993 3130 3045 ἐν
3198 2990 3356 3066 δόλῳο
3425 2993 3556 3049 ἀλλὰ
3617 2999 3790 3059 καθὼς

2187 3077 2622 3155 δεδοκιμάσμεθα
2649 3083 2749 3135 ὑπὸ
2785 3089 2876 3135 τοῦ
2920 3090 3054 3136 Θεοῦ
3094 3085 3440 3143 πιστευθῆναι
3468 3088 3527 3138 τὸ
3562 3085 3790 3159 Εὐαγγέ-

2185 3170 2315 3239 λιον,
2355 3174 2490 3224 οὕτω
2543 3169 2812 3245 λαλοῦμεν·
2860 3172 2967 3245 οὐχ
3013 3174 3085 3235 ὡς
3131 3171 3423 3248 ἀνθρώποις
3466 3172 3785 3250 ἀρέσκοντες,

2189 3259 2320 3312 ἀλλὰ
2379 3268 2453 3331 τῷ
2505 3266 2620 3330 Θεῷ
2675 3266 2749 3330 τῷ
2804 3256 3149 3334 δοκιμάζοντι
3194 3264 3286 3323 τὰς
3339 3260 3568 3337 καρδίας
3604 3266 3778 3338 ἡμῶν.

2190 3353 2324 3402 Οῦτε
2367 3352 2468 3424 γάρ
2516 3368 2640 3403 ποτε
2682 3349 2731 3403 ἐν
2774 3349 2911 3423 λόγῳ
2954 3350 3227 3412 κολακείας
3282 3349 3591 3425 ἐγενήθημεν
3657 3357 3792 3430 πρὸς

2189 3441 2341 3513 ὑμᾶς,
2384 3441 2559 3502 καθὼς
2607 3436 2809 3507 οἴδατε,
2851 3443 2967 3494 οὔτε
3008 3443 3269 3515 προφάσει
3314 3440 3624 3509 πλεονεξίας,
3658 3446 3793 3506 Θεὸς

2188 3532 2410 3604 μάρτυς,
2447 3532 2565 3585 οὔτε
2613 3530 2890 3592 ζητοῦντες
2921 3530 2973 3594 ἐξ
3002 3529 3283 3605 ἀνθρώπων
3329 3527 3506 3599 δόξαν,
3551 3536 3669 3587 οὔτε
3706 3532 3797 3607 ἀφ’

2187 3620 2353 3693 ὑμῶν,
2403 3623 2520 3674 οὔτε
2569 3618 2669 3673 ἀπὸ
2703 3619 2888 3688 ἄλλων,
2936 3616 3216 3694 δυνάμενοι
3253 3620 3304 3673 ἐν
3345 3618 3500 3694 βάρει
3530 3622 3679 3690 εἶναι,
3721 3624 3793 3686 ὡς

2188 3716 2425 3785 Χριστοῦ
2465 3708 2748 3763 ἀπόστολοι
2759 3750 2774 3766 .

2186 3815 2309 3869 Ὀτι
2347 3816 2406 3868 οῦ
2457 3813 2541 3869 δεῖ
2579 3820 2667 3869 τὸν
2713 3825 3017 3892 προεστῶτα
3058 3825 3152 3870 τοῦ
3192 3817 3349 3890 λόγου
3395 3819 3467 3881 εἰς
3515 3823 3610 3878 τὴν
3654 3821 3793 3873 κατά

2260 3914 2360 3959 τῶν
2411 3907 2757 3979 ὑποκειμένων
2800 3905 2950 3979 ὕϐριν
3000 3905 3406 3983 ἂποκεχρῆσθαι
3444 3915 3506 3981 τῇ
3554 3907 3787 3982 ἐξουσίαι

2261 3995 2320 4047 οῦ
2372 4000 2475 4067 μὴν
2522 3991 2648 4047 οῦδὲ
2709 3998 3118 4070 κατεπαίρεσθαι
3176 3997 3364 4050 αὐτῶν*
3421 3996 3550 4050 ἀλλὰ
3598 3997 3789 4073 μᾶλλον

2260 4087 2507 4139 ὑπόθεσιν
2577 4093 2670 4146 τῆς
2733 4089 2865 4162 πρὸς
2927 4086 3118 4150 αὐτοὺς
3176 4090 3650 4163 ταπεινοφροσύνης
3702 4091 3790 4141 τὸν

2264 4173 2470 4248 βαθμὸν
2519 4176 2680 4246 ἔχειν.

2821 4291 3010 4369 Κεφάλ.
3048 4290 3161 4347 ΚΔ’.

2262 4412 2629 4462 ΜΑΤΘΑΙΟΣ.
2683 4412 2777 4472 Τίς
2824 4410 2929 4485 ἄρα
2974 4409 3113 4463 ἐστὶν
3162 4410 3188 4460 ὁ
3235 4411 3425 4471 πιστὸς
3464 4405 3650 4473 δοῦλος
3704 4414 3797 4465 καὶ

424 4501 736 4557 constituit
747 4500 1025 4555 dominus
1036 4512 1219 4567 super
1232 4497 1538 4568 familiam
1551 4501 1815 4566 suam,ut
1837 4495 1932 4552 det
1951 4496 2077 4550 illis

2193 4502 2458 4571 φρόνιμος,
2523 4498 2576 4550 ὃν
2634 4503 2953 4559 κατέστησεν
3013 4501 3039 4552 6
3087 4501 3267 4573 κύριος
3324 4499 3409 4553 ἐπὶ
3471 4508 3567 4563 τῆς
3631 4501 3797 4563 οἰκίας

425 4589 619 4646 cibum
647 4591 709 4645 in
735 4591 1038 4657 tempore?
1071 4588 1299 4643 Beatus
1342 4585 1446 4641 ille
1478 4598 1703 4653 servus,
1739 4600 1909 4657 quem
1941 4599 2077 4640 cum

422 4681 649 4736 venerit
668 4679 866 4735 domin
876 4694 943 4733 us
965 4675 1509 4747 ejus,inveneritsic
1522 4675 1868 4744 facientem.
1886 4674 2077 4730 Amen

425 4767 559 4825 dico
579 4769 759 4835 vobis,
801 4768 1085 4838 quoniam
1106 4781 1289 4835 super
1312 4767 1511 4821 omnia
1543 4764 1697 4819 bona
1726 4779 1837 4820 sua
1868 4764 2080 4820 consti-

424 4864 549 4915 tuet
587 4873 744 4915 eum.
774 4857 841 4913 Si
864 4862 1065 4913 autem
1113 4855 1339 4912 dixerit
1382 4854 1582 4910 matus
1622 4869 1828 4911 serv-us
1868 4855 1977 4909 itte
2012 4854 2079 4909 in

424 4950 603 5007 corde
625 4949 996 5005 suonoram
1008 4946 1166 5017 facit
1180 4944 1456 5001 dominus
1472 4960 1634 5002 meus
1656 4946 1884 5001 venire:
1901 4949 1957 5000 et
1970 4959 2080 5001 cte-

421 5042 581 5112 perit
587 5044 906 5110 percutere
916 5051 1227 5093 conservos
1240 5036 1839 5106 suos,manducetque
1850 5040 1903 5091 et
1917 5034 2081 5092 bibat

421 5146 557 5187 cum
584 5128 1069 5186 ebriosiszveniet
1108 5125 1385 5181 dominus
1413 5126 1574 5181 servi
1587 5126 1753 5182 illius
1772 5125 1837 5181 in
1853 5125 2082 5195 diequa

421 5235 544 5275 non
596 5222 817 5288 sperat,
874 5222 930 5274 et
987 5216 1137 5274 hora
1187 5230 1308 5288 qua
1372 5216 1619 5285 ignorat
1671 5232 1686 5271 ε
1746 5219 1800 5272 et
1854 5214 2082 5272 dividet

496 5400 609 5519 (63)
631 5395 826 5479 Editi'o
854 5394 1033 5483 Paris.
1065 5396 1129 5455 ὡς
1162 5389 1337 5475 δοξαν.
1369 5397 1441 5449 At
1470 5409 1615 5474 ms_s.
1646 5392 1769 5449 duo
1801 5393 1871 5474 εἰς
1903 5389 2081 5456 δόξαν.

523 5471 611 5519 64x
632 5470 756 5519 Vox
795 5465 957 5519 Ραϐϐι
985 5465 1168 5519 semel
1201 5481 1261 5519 in
1291 5469 1431 5519 Rea.
1479 5480 1676 5519 primo
1704 5464 1937 5519 legitur.

523 5471 611 5525 64)
632 5470 756 5522 Vox
780 5465 959 5519 Ῥαϐϐί
985 5465 1168 5523 semel
1201 5467 1269 5535 in,
1291 5469 1433 5535 Regt
1479 5465 1676 5535 primo
1704 5464 1937 5534 legitur.

495 5537 629 5609 (i655)
662 5538 853 5595 Editio
878 5539 1068 5596 Paris.
1100 5543 1194 5597 τὴν
1225 5533 1585 5600 ἰδίαν-δόξαν.
1618 5541 1689 5592 At
1716 5533 1862 5594 mss.
1895 5536 2085 5595 nostri

420 5614 488 5668 ut
513 5610 577 5667 in
597 5614 901 5669 contextu.

2191 4587 2350 4639 αὐτοῦ
2421 4596 2512 4641 τοῦ
2591 4585 2775 4642 δοῦναι
2850 4589 3023 4649 αὐτοῖς
3082 4589 3130 4641 ἐν
3196 4597 3363 4662 καιρῷ
3420 4593 3509 4648 τὴν
3578 4595 3796 4670 τροφήν,

2188 4679 2456 4752 Μακάριος
2530 4679 2555 4730 ὁ
2625 4675 2810 4741 δοῦλος
2880 4678 3090 4746 ἐκεῖνος,
3163 4677 3216 4729 ὃν
3294 4678 3451 4731 ἐλθὼν
3524 4680 3550 4731 6
3616 4682 3798 4752 κύριος

2187 4767 2348 4821 αὑτοῦ
2402 4770 2613 4842 εὑρήσει
2685 4775 2936 4821 ποιοῦντα
2993 4767 3175 4829 οὕτως.
3238 4767 3403 4840 Ἀμὴν
3461 4767 3593 4841 λέγω
3651 4770 3794 4841 ὑμῖν,

2187 4859 2268 4911 ὃτι
2337 4856 2422 4912 ἐπὶ
2500 4864 2636 4911 πᾶσι
2724 4865 2833 4919 τοῖς
2901 4859 3241 4933 ὑπάρχουσιν
3303 4857 3465 4913 αὐτοῦ
3529 4864 3799 4917 καταστη-

2189 4965 2268 5000 σει
2333 4946 2511 5002 αὐτὸν.
2593 4946 2708 5000 Ἐὰν
2785 4943 2845 4999 δε
2927 4950 3043 5019 εἴπῃ
3111 4948 3137 4998 6
3202 4949 3359 5007 κακὸς
3429 4944 3616 5008 δοῦλος
3674 4946 3799 5001 ἐκεῖ·

2185 5056 2266 5099 νος
2313 5038 2360 5091 ἐν
2421 5046 2483 5111 τῇ
2553 5034 2755 5113 καρδίᾳ
2808 5038 3000 5093 αὑτοῦ.
3054 5038 3300 5111 Χρονίζει
3358 5040 3384 5091 6
3449 5042 3631 5113 κύριός
3695 5058 3797 5111 μου

2187 5130 2465 5201 ἔρχεσθαι,
2534 5132 2624 5181 καὶ
2698 5127 2925 5202 ἄρξηται
3003 5130 3211 5180 τύπτειν
3275 5131 3400 5190 τοὺς
3481 5124 3800 5190 συνδούλους

2191 5217 2352 5270 αὐτοῦ
2398 5219 2534 5290 (66),
2594 5216 2745 5290 ἐσθίῃ
2798 5236 2853 5270 τε
2910 5222 3001 5270 καὶ
3053 5238 3197 5292 τι-ιιινηΔ
3236 5220 3364 5291 μετά
3418 5226 3518 5270 τῶν
3582 5219 3796 5292 μεθυόν·

2264 5395 2378 5465 (66)
2400 5397 2522 5450 Vox
2554 5393 2715 5447 αὐτοῦ
2745 5394 2807 5450 in
2838 5394 3144 5465 veteribus
3165 5395 3386 5465 nostris
3417 5393 3584 5450 libris
3607 5393 3796 5450 deest.

2194 5469 2319 5523 M'ox
2346 5463 2601 5596 utt‘aqlllle
2634 5466 2817 5522 editio
2846 5463 3127 5539 προσδοκᾷ
3154 5471 3244 5518 καὶ
3276 5463 3652 5542 διχοτομήσει.
3681 5471 3797 5526 An-

2194 5538 2345 5596 tiaui
2365 5539 2491 5596 duo
2541 5537 2651 5595 'bri
2675 5537 2778 5596 ita.
2811 5542 2878 5594 ut
2900 5538 3226 5596 edidimus.

2193 5538 2345 5613 tiqui
2365 5539 2491 5596 duo
2514 5538 2651 5596 libri
2675 5538 2778 5606 ita,
2811 5538 3226 5598 utedidimus.
