4112 6382
265 335 367 390 837

1783 330 2126 391 MORALIA.

3526 336 3633 390 sas
3712 410 3717 413 ι

265 474 362 510 των
387 478 400 492 ο
442 460 554 522 ἥξει
582 458 609 510 6
633 459 809 533 κύριος
838 464 929 512 τοῦ
960 454 1151 511 δούλου
1189 456 1385 510 ἐκείνου
1404 457 1452 510 ἂν
1483 460 1653 533 ἡμέρᾳ
1802 458 1863 510 ού

1991 472 2124 525 tum,
2149 462 2499 529 partemque
2528 459 2658 526 ejus
2678 463 2861 526 ponet
2890 473 3024 514 cum
3066 458 3429 527 hypocritis.
3490 459 3634 514 Illic

265 543 562 619 προσδοκᾷ,
585 552 674 600 καὶ
704 547 752 600 ὲν
781 548 946 623 ὤρᾳῇ
980 548 1040 599 οὐ
1060 552 1304 620 γινώσκει
1328 569 1341 581 ·
1382 553 1473 601 καὶ
1505 544 1864 621 διχοτομήσει

268 636 444 706 αὐτὸν,
474 641 564 689 καὶ
592 640 651 689 τὸ
682 639 836 712 μέρος
866 636 1026 689 αὐτοῦ
1055 638 1184 709 μετὰ
1211 645 1313 688 τῶν
1342 637 1633 713 ὑποκριτῶν
1689 639 1861 695 θήσει.

271 726 405 780 Ἐκεῖ
433 729 582 779 ἔσται
607 727 633 778 6
662 726 943 800 κλαυθμὸς,
971 731 1062 779 καὶ
1112 728 1140 778 ό
1189 725 1426 801 βρυγμὸς
1472 735 1574 780 τῶν
1616 724 1861 784 ὀδόντων.

272 820 589 870 ΙΩΑΝΝΒΣ.
620 815 790 889 Ὑμεῖς
819 819 1020 889 φωνεῖτέ
1045 833 1127 889 με,
1162 816 1189 868 6
1217 818 1427 889 Κύριος,
1470 822 1560 870 καὶ
1609 818 1635 868 6
1701 813 1867 873 Διδά-

273 905 481 972 σκαλος,
511 909 602 959 καὶ
633 904 831 967 ἀληθῶς
857 904 1022 978 λέγετε
1038 905 1152 976 (67)
1175 924 1190 942 ο
1231 905 1339 979 εἰμὶ
1366 908 1491 980 γάρ.
1551 906 1611 959 Εἰ
1640 901 1729 959 οὖν

272 993 428 1065 ἔνιψα
454 997 575 1056 τοὺς
602 990 768 1054 πόδας
804 995 965 1067 ὑμῶν,
1008 996 1034 1046 ό
1067 997 1278 1070 Κύριος,
1308 1000 1399 1048 καὶ
1447 996 1474 1048 6
1518 991 1865 1062 Διδάσκαλος,

273 1088 363 1136 καὶ
389 1085 536 1157 ὑμεῖς
566 1081 783 1155 ὀφείλετε
822 1081 1052 1143 ἀλλήλων
1080 1088 1279 1139 νίπτειν
1306 1088 1428 1149 τούς
1457 1082 1647 1147 πόδας.
1699 1091 1868 1138 ΛΟΥαο

275 1176 421 1226 ΚΑΣ.
460 1171 678 1242 Ἐγένετο
710 1167 769 1225 δε
796 1177 889 1225 καὶ
918 1172 1205 1245 φιλονεικία
1233 1172 1281 1225 ἐν
1312 1174 1505 1241 αὐτοῖς,
1547 1178 1627 1243 τὸ,
1654 1178 1731 1235 τίς
1769 1174 1868 1226 αὐ-

267 1268 364 1313 τῶν
389 1259 580 1331 μείζων
609 1256 759 1313 δοκεῖ
785 1258 933 1317 εἶναι.
966 1262 1027 1314 Ὀ
1056 1259 1117 1315 δὲ
1143 1262 1349 1324 Ἰησοῦς
1371 1260 1508 1316 εἶπεν
1534 1260 1710 1325 αὐτοῖς
1735 1285 1748 1298 ι
1803 1266 1870 1319 Οἱ

265 1345 506 1419 βασιλεῖς
532 1356 630 1400 τῶν
662 1347 817 1402 tum
846 1354 1179 1424 κυριεύουσιν
1207 1352 1396 1419 αὐτῶν,
1425 1357 1515 1405 καὶ
1545 1356 1593 1406 όί
1624 1352 1870 1417 ἐξουσιά-

264 1436 437 1499 ζοντες
468 1438 641 1490 αὐτῶν
671 1439 933 1514 εὐεργέται
967 1440 1247 1494 καλοῦνται
1272 1463 1284 1476 ο
1326 1443 1469 1515 ὑμεῖς
1519 1439 1577 1497 δέ
1625 1443 1729 1516 οὐχ
1787 1443 1872 1496 ού-

260 1545 361 1588 τως
387 1547 400 1560 ο
445 1525 552 1579 ἀλλ’
586 1529 612 1580 6
637 1529 831 1602 μείζων
862 1528 911 1582 ἐν
951 1531 1072 1603 ὑμῖν
1101 1534 1326 1603 γενέσθω
1358 1535 1428 1594 ὡς
1470 1539 1727 1607 νεώτερος,
1779 1538 1871 1587 καὶ

261 1615 288 1669 6
318 1616 625 1689 ἡγούμενος,
659 1621 725 1680 ὡς
757 1619 782 1670 6
814 1614 1090 1674 διακονῶν.
1122 1624 1215 1681 Τίς
1243 1623 1344 1696 γὰρ
1381 1622 1596 1695 μείζων,
1661 1624 1687 1676 ὁ
1750 1621 1870 1676 ἀναα

262 1708 497 1777 κείμενος
544 1706 574 1765 ἦ
627 1707 654 1758 6
710 1703 1013 1776 διακονῶν;
1074 1709 1198 1782 Οὐχ
1249 1711 1274 1763 6
1320 1712 1434 1783 (68)
1498 1711 1867 1787 ἀνακείμενος;

1973 549 2088 604 erit
2114 550 2311 617 fletus,
2344 551 2398 602 et
2442 546 2670 601 stridor
2711 547 2981 602 dentium
3030 547 3273 615 (Matth.
3323 564 3487 615 xxxv,
3538 551 3634 604 45—

1974 640 2084 707 51).
2101 678 2143 693 ..
2184 638 2293 692 Vos
2314 637 2541 693 vocatis
2558 650 2674 698 me.
2694 637 2962 693 Domine.
2983 642 3039 692 et
3067 637 3395 706 Magister:
3423 642 3478 693 et
3497 653 3636 695 vere

1975 727 2213 783 dicitis:
2230 741 2361 782 sum
2391 727 2634 783 etenim.
2665 726 2734 781 Si
2753 741 2895 796 ergo
2916 741 3022 796 ego
3046 727 3172 782 lavi
3186 726 3364 794 pedes
3385 731 3631 794 vestros,

1974 816 2268 871 Dominus
2296 820 2353 871 et
2373 815 2711 885 Magister:
2731 820 2787 870 et
2816 830 2915 870 vos
2940 814 3164 871 debetis
3194 814 3353 871 alter
3380 815 3637 870 alterius

1979 907 2191 961 lavare
2207 904 2389 974 pedes
2414 903 2615 973 (Joan.
2646 919 2768 968 λιιι,
2806 907 2871 958 13
2930 904 3118 973 14)....
3171 903 3366 960 Facta
3407 908 3492 959 est
3529 917 3639 959 au-

1978 999 2093 1050 tem
2123 999 2180 1049 et
2209 994 2513 1067 contentio
2542 993 2704 1047 inter
2740 1007 2856 1059 eos,
2930 993 3042 1062 qui
3086 1006 3289 1047 eorum
3331 991 3639 1048 videretur

1976 1096 2099 1139 esse
2120 1084 2341 1151 major.
2366 1082 2537 1137 Jesus
2557 1086 2753 1138 autem
2785 1081 2945 1137 dixit
2971 1082 3092 1139 eis:
3144 1082 3330 1152 Reges
3365 1081 3634 1151 gentium

1976 1173 2372 1229 dominantur
2399 1173 2499 1233 eis,
2537 1177 2593 1227 et
2635 1172 2743 1242 qui
2786 1175 3145 1240 potestatem
3190 1170 3412 1228 habent
3456 1185 3640 1241 super

1978 1276 2095 1329 eos,
2129 1260 2379 1329 beneﬁci
2422 1265 2740 1316 vocantur.
2804 1260 2914 1315 Vos
2961 1265 3162 1316 autem
3211 1275 3336 1316 non
3373 1272 3499 1316 sic:
3533 1259 3639 1317 sed

1976 1352 2082 1423 qui
2120 1352 2320 1420 major
2366 1355 2450 1406 est
2497 1351 2562 1405 in
2607 1349 2794 1415 vobis,
2850 1350 2961 1419 ﬁat
2999 1351 3415 1420 sicutjunior.‘
3439 1355 3495 1406 et
3531 1350 3641 1422 qui

1971 1455 2303 1512 praecessor
2327 1445 2434 1505 est,
2458 1441 2614 1496 sicut
2640 1440 3048 1496 ministrator.
3084 1439 3242 1495 Nam
3279 1454 3410 1511 quis
3440 1443 3641 1511 major

1978 1537 2081 1595 est,
2118 1546 2220 1605 qui
2251 1529 2543 1590 recumbit
2589 1544 2669 1585 an
2726 1532 2831 1601 qui
2868 1530 3227 1585 ministrat?
3268 1529 3486 1585 Nonne
3534 1529 3641 1600 qui

1979 1619 2314 1677 recumbit?
2359 1620 2488 1690 Ego
2520 1624 2719 1674 autem
2748 1620 2811 1674 in
2841 1618 3034 1674 medio
3061 1624 3323 1674 vestrum
3367 1633 3518 1685 sum,
3564 1618 3639 1674 si-

1981 1716 2079 1767 cut
2112 1711 2218 1781 qui
2244 1710 2554 1765 ministrat
2579 1709 2728 1778 (Luc
2752 1724 2895 1778 xxu,
2930 1710 2998 1762 24
3025 1709 3182 1776 '26)...
3213 1708 3264 1763 A
3297 1707 3504 1763 Mileto
3534 1722 3640 1764 au-

263 1791 398 1864 Ἐγὼ
426 1790 486 1847 δέ
516 1794 623 1868 εἰμι
653 1795 700 1849 ἓν
730 1800 873 1870 μέσῳ
913 1799 1074 1870 ὑμῶν,
1102 1799 1167 1859 ὡς
1207 1800 1231 1850 6
1265 1792 1538 1858 δίακονών.
1572 1804 1866 1857 ΠΡΑΞΕΙΣ.

1991 1804 2098 1857 tem
2122 1799 2364 1855 mittens
2397 1798 2726 1867 Ephesum,
2757 1798 2992 1853 vocavit
3036 1799 3295 1865 majores
3330 1801 3482 1853 natu
3522 1797 3641 1853 Ec-

264 1882 397 1938 Ἀπὸ
429 1879 488 1938 δὲ
512 1890 605 1948 τῆς
632 1883 869 1945 Μιλήτου
893 1885 1106 1960 πέμψας
1128 1887 1201 1950 εἰς
1232 1886 1468 1961 Ἔφεσον,
1498 1890 1870 1962 μετεκαλέσατο

262 1974 384 2035 τοὺς
411 1971 793 2048 πρεσϐυτέρους
822 1984 914 2036 τῆς
938 1975 1252 2040 Ἐκκλησίας
1276 1999 1288 2012 ο
1350 1980 1418 2042 ὡς
1446 1976 1506 2031 δὲ
1534 1983 1871 2055 παρεγένοντο

263 2065 398 2137 πρὸς
425 2062 603 2132 αὐτὸν,
637 2059 772 2117 εἶπεν
799 2064 974 2125 αὐτοῖς
1001 2084 1016 2098 θ
1055 2064 1221 2140 Ὑμεῖς
1246 2065 1550 2135 ἐπίστασθε,
1601 2067 1701 2122 ἀπὸ
1731 2075 1872 2144 πρώ-

263 2166 358 2212 της
385 2153 585 2226 ἡμέρας
617 2150 702 2226 ἀφ’
733 2154 797 2218 ἧς
827 2152 1017 2214 ἐπέϐην
1040 2155 1156 2226 (69)
1183 2156 1250 2217 εἰς
1276 2161 1368 2215 τὴν
1399 2156 1598 2226 Ἀσίαν,
1628 2166 1738 2221 πῶς
1759 2161 1872 2231 μεθ’

264 2242 410 2315 ὑμῶν
438 2244 529 2295 τὸν
557 2244 728 2329 πάντα
755 2248 949 2317 χρόνον
979 2244 1243 2319 ἐγενόμην,
1280 2243 1535 2301 δουλεύων
1574 2254 1646 2319 τῷ
1697 2253 1872 2324 Κυρίῳ

265 2332 397 2405 μετὰ
426 2332 605 2394 πάσης
632 2337 1130 2407 ταπεινοφροσύνης,
1161 2340 1251 2388 καὶ
1288 2334 1486 2389 πολλῶν
1519 2332 1758 2413 δακρύων
1783 2342 1873 2391 καὶ

264 2427 590 2494 πειρασμῶν,
660 2429 763 2475 τῶν
810 2423 1118 2496 συμϐάντων
1172 2444 1263 2498 μοι
1313 2423 1361 2477 ἓν
1414 2432 1533 2489 ταῖς
1575 2424 1872 2489 ἐπιϐουλαῖς

265 2517 367 2563 τῶν
397 2507 692 2567 Ἰουδαίων.
727 2518 895 2566 ΠΡΟΣ
928 2520 1077 2569 KOP.
1237 2511 1433 2577 Ἡδέως
1468 2518 1572 2592 γὰρ
1623 2515 1873 2590 ἀνέχεσθε

266 2607 371 2653 τῶν
394 2598 648 2674 ἀφρόνων,
697 2605 937 2677 φρόνιμοι
984 2606 1143 2666 ὄντες.
1192 2603 1469 2677 ’Λνέχεσθε
1524 2608 1646 2681 γὰρ,
1699 2609 1745 2660 εἶ
1792 2624 1871 2667 τις

269 2690 406 2764 ὑμᾶς
423 2685 765 2758 καταδουλοῖ,
790 2695 835 2744 εἴ
856 2710 939 2758 τις
958 2694 1242 2762 κατεσθίει,
1266 2696 1312 2747 εἶ
1334 2712 1412 2758 τις
1424 2693 1694 2769 λαμϐάνει,
1730 2698 1773 2748 εἰ
1796 2714 1873 2757 τις

272 2778 557 2854 ξπαίρεται,
584 2783 627 2834 εἰ
646 2799 726 2846 τις
753 2781 820 2844 εἰς
848 2786 1130 2857 πρόσωπον
1151 2785 1287 2857 ὑμᾶς
1318 2781 1476 2860 δέρει.
1500 2788 1646 2840 Κατὰ
1658 2783 1871 2859 ἀτιμίαν

271 2867 424 2941 λέγω,
454 2871 525 2933 ὡς
548 2870 628 2923 ὅτι
657 2872 803 2943 ἡμεῖς
832 2872 1196 2947 ἠσθενήσαμεν
1226 2872 1275 2926 ἐν
1304 2882 1376 2946 τῷ
1401 2878 1547 2949 μέρει
1573 2878 1761 2948 τούτῳ.

276 2989 397 3044 Ὀτι
426 2992 483 3045 οὐ
524 2990 605 3047 δεῖ
626 2995 735 3049 κατ’
767 2999 893 3071 ἔριν,
926 2998 955 3056 ἢ
990 3000 1194 3071 φθόνον,
1229 2999 1257 3057 ἢ
1291 2999 1601 3072 φιλονεικίαν
1629 3004 1724 3059 τὴν
1743 3003 1874 3076 πρός

523 3103 660 3146 τινας
687 3086 822 3158 (70),
863 3089 1149 3165 κηρύσσειν
1189 3092 1248 3143 τὸ
1278 3089 1613 3164 Εὐαγγελιον.

901 3303 1090 3377 Κεφάλ.
1136 3302 1254 3361 κε’.

342 3395 710 3446 ΜΑΤΘΑΙΟΣ.
744 3387 889 3445 Ἰδοὺ
920 3395 945 3445 6
966 3400 1096 3456 παῖς
1114 3414 1237 3467 μου,
1263 3394 1316 3447 ὃν
1343 3397 1590 3469 ᾐμέτισα,
1616 3397 1640 3448 6
1672 3395 1876 3468 ἀγαπη-

272 3484 362 3543 τός
389 3499 510 3554 μου,
545 3481 618 3546 εἰς
643 3479 696 3535 ὃν
720 3479 1020 3541 ηὐδόκησεν
1049 3484 1079 3542 ἠ
1108 3482 1263 3556 ψυχή
1296 3504 1418 3559 μου.
1453 3490 1612 3543 Θήσω
1642 3489 1700 3538 τό
1722 3493 1877 3539 Πνεῦο

273 3571 349 3644 μοί
373 3588 472 3644 μου
505 3569 582 3624 ἔπ’
614 3571 793 3639 αὑτὸν,
827 3577 919 3625 καὶ
949 3576 1126 3646 κρίσιν
1161 3581 1269 3636 τοῖς
1321 3575 1515 3628 ἔθνεσιν
1565 3573 1867 3647 ἀπαγγελεῖ.

274 3659 386 3712 Οὐκ
415 3659 594 3734 ἕρίσει,
629 3657 754 3714 ούδί
778 3663 1070 3737 κραυγάσει
1097 3662 1229 3735 (71),
1285 3660 1410 3716 οὐδὲ
1440 3660 1654 3717 ἀκούσει
1700 3682 1777 3727 τις
1829 3663 1877 3719 ἓν

271 3757 383 3812 ταῖς
402 3748 671 3814 πλατείαις
697 3755 792 3810 τὴν
820 3756 991 3824 φωνὴν
1021 3752 1203 3809 αὐτοῦ.
1248 3759 1415 3807 ΠΡΟΣ
1447 3759 1707 3810 ΦΙΛΙΠΠ,
1739 3757 1879 3816 Tris;

273 3842 366 3912 μὶν
395 3845 484 3893 καὶ
511 3837 606 3894 διὰ
636 3842 816 3914 φθόνον
846 3847 935 3895 καὶ
967 3845 1092 3919 ἔριν,
1117 3846 1246 3906 τινες
1279 3841 1452 3897 δὲκαὶ
1501 3841 1573 3897 δι’
1634 3842 1878 3899 εὐδοκίαν

270 3932 362 3981 τὸν
395 3934 625 4004 Χριστὸν
653 3933 1020 4006 κηρύσσουσιν
1044 3953 1057 3969 ο
1120 3935 1169 3987 οἱ
1220 3937 1309 4008 μεν
1343 3933 1397 3998 ἔξ
1424 3934 1601 4008 ἀγάπη
1614 3956 1653 4004 ς,
1683 3933 1881 4000 εἰδότες

273 4021 357 4073 ὃτι
400 4020 471 4083 εἰς
528 4019 813 4094 ἀπολογίαν
869 4030 962 4075 τοῦ
1022 4024 1340 4097 Εὐαγγελίου
1393 4033 1569 4099 κεῖμαι
1599 4045 1612 4060 ο
1712 4029 1760 4079 οἱ
1821 4022 1881 4080 δε

271 4109 327 4173 ἑξ
366 4108 589 4184 ἐριθείας
638 4115 726 4164 τὸν
765 4116 997 4187 Χριστὸν
1044 4105 1504 4186 καταγγελλουσιν,
1557 4117 1662 4189 οὐχ
1688 4116 1880 4189 ἁγνῶς,

272 4200 504 4272 οἰόμενοι
530 4200 706 4273 θλίψιν
746 4199 1000 4277 ἐπιφέρειν
1030 4210 1141 4266 τοῖς
1163 4201 1381 4278 δεσμοῖς
1401 4225 1524 4278 μου.

1983 1890 2209 1945 clesiz:
2236 1888 2341 1960 qui
2369 1903 2501 1943 cum
2539 1888 2834 1943 venissent
2866 1886 2948 1941 ad
2978 1901 3134 1954 eum,
3165 1885 3320 1943 dixit
3347 1885 3468 1942 eis:
3532 1884 3641 1941 Vos

1979 1979 2163 2047 scitis,
2194 1992 2232 2033 a
2247 1978 2453 2047 prima
2491 1976 2586 2031 die
2628 1990 2747 2048 qua
2776 1976 3084 2046 ingressus
3124 1990 3255 2030 sum
3297 1975 3362 2030 in
3407 1973 3640 2043 Asiam,

1981 2069 2247 2140 qualiter
2276 2066 2577 2123 vobiscum
2602 2078 2717 2135 per
2742 2079 2916 2120 omne
2944 2068 3174 2134 tempus
3200 2065 3467 2137 fuerim:
3517 2078 3643 2120 ser-

1982 2159 2146 2214 viens
2175 2156 2429 2212 Domino
2457 2168 2591 2211 cum
2618 2155 2782 2209 omni
2808 2153 3173 2225 humilitate,
3216 2158 3271 2209 et
3299 2154 3509 2209 multis
3554 2153 3640 2209 la-

1982 2246 2205 2316 crymis
2223 2246 2279 2301 et
2305 2241 2891 2314 tentationibus,quz
2908 2241 3061 2297 mihi
3078 2240 3432 2297 acciderunt
3450 2254 3528 2297 ea:
3551 2241 3646 2296 in-

1981 2334 2152 2391 sidiis
2180 2334 2534 2391 Judceorum
2560 2330 2717 2403 (Act.
2744 2346 2846 2400 xx,
2891 2332 3146 2404 17-19)...
3183 2330 3465 2387 Libenter
3488 2330 3643 2386 enim

1982 2425 2247 2497 su/Tertis
2269 2424 2638 2494 insipientes,
2675 2436 2808 2478 cum
2842 2422 2970 2477 sitis
3007 2421 3127 2490 ipsi
3167 2421 3484 2490 sapientes.
3532 2420 3645 2477 Su-

1981 2515 2212 2573 stinetis
2234 2514 2471 2583 enim,si
2492 2513 2625 2583 quis
2646 2525 2748 2568 vos
2770 2513 2835 2567 in
2860 2510 3290 2568 servitudinem
3316 2509 3561 2581 redigit,
3593 2510 3647 2565 si

1982 2607 2115 2677 quis
2134 2604 2462 2665 devorat,si
2474 2603 2609 2674 quis
2620 2602 2865 2670 accipit,
2880 2602 2934 2656 si
2945 2600 3079 2672 quis
3093 2599 3490 2666 extollitur,si
3513 2599 3646 2671 quis

1983 2696 2053 2751 in
2076 2694 2297 2765 faciem
2318 2698 2418 2749 vas
2439 2690 2634 2748 ctedit.
2654 2690 2997 2747 Secundum
3015 2687 3456 2759 ignobilitatem
3487 2688 3644 2756 dico,

1983 2785 2162 2857 quasi
2181 2798 2288 2839 nos
2308 2782 2540 2851 inﬁrmi
2557 2780 2859 2851 fuerimus
2876 2780 2940 2835 in
2954 2779 3069 2836 hac
3080 2783 3261 2849 parte
3285 2777 3374 2850 (II
3396 2776 3534 2835 Cor.
3560 2791 3646 2847 ιι,

1986 2874 2197 2944 49-21).

1984 2995 2158 3064 Quod
2187 3012 2312 3053 non
2338 2995 2414 3051 sit
2433 2992 2897 3067 praedicandum
2930 2989 3319 3063 Evangelium
3370 3005 3478 3063 per
3501 3005 3646 3046 con-

2053 3086 2406 3152 tentionem,
2441 3087 2547 3140 aut
2576 3082 2891 3152 invidiam,
2923 3085 3029 3137 aut
3076 3080 3416 3153 quamdam
3459 3078 3649 3135 animi

1903 3169 1948 3229 0
2055 3177 2380 3236 adversum
2412 3174 2651 3246 aliquos
2681 3170 3173 3229 concitationem.

2591 3298 2786 3368 Caput
2829 3297 3028 3354 XXV.

2056 3390 2208 3450 Ecce
2246 3405 2404 3461 puer
2428 3403 2617 3458 meus,
2649 3402 2822 3460 quem
2853 3388 3024 3457 elegi,
3057 3386 3310 3442 dilectus
3348 3400 3535 3453 meus,
3583 3386 3648 3442 in

1985 3499 2100 3557 quo
2121 3482 2239 3538 sibi
2268 3481 2413 3537 bene
2435 3478 2802 3549 complacuit
2825 3480 3029 3533 anima
3050 3491 3203 3533 mea.
3253 3478 3489 3534 Ponam
3516 3476 3650 3545 Spi-

1984 3574 2168 3629 ritum
2190 3585 2385 3626 meum
2415 3583 2596 3638 super
2615 3582 2769 3635 eum,
2804 3572 2859 3622 et
2876 3566 3173 3636 judicium
3191 3565 3471 3635 gentibus
3496 3579 3654 3620 nun-

1985 3660 2178 3717 tiabit.
2211 3659 2349 3714 Non
2380 3654 2720 3724 contendet,
2758 3668 2952 3726 neque
2976 3653 3286 3724 clamabit,
3319 3666 3512 3724 neque
3540 3666 3651 3707 au-

1985 3750 2105 3807 diet
2136 3747 2358 3820 aliquis
2387 3747 2453 3802 in
2482 3746 2703 3816 plateis
2733 3758 2935 3801 vocem
2967 3745 3096 3813 ejus
3144 3742 3392 3813 (Matth.
3423 3756 3527 3810 xu,
3563 3744 3652 3809 18,

1990 3840 2147 3912 i9)...
2183 3837 2441 3906 Quidam
2462 3835 2705 3908 quidem
2754 3840 2810 3890 et
2844 3838 3099 3904 propter
3125 3832 3419 3888 invidiam
3473 3830 3650 3902 302

1987 3935 2044 3986 et
2073 3928 2535 3994 contentionem,
2568 3924 2814 3997 quidam
2848 3928 3048 3979 autem
3079 3926 3135 3979 et
3162 3926 3418 3992 propter
3439 3921 3656 3976 bonam

1988 4019 2362 4075 voluntatem
2388 4014 2696 4072 Christum
2719 4013 3058 4083 pradicant
3072 4026 3095 4067 .·
3110 4010 3356 4083 quidam
3368 4024 3445 4066 ea:
3459 4009 3660 4067 chari-

1987 4107 2388 4174 tate,scientes
2410 4105 2694 4176 quoniam
2715 4104 2779 4157 in
2792 4101 3198 4172 defensionem
3216 4100 3542 4171 Evangelii
3549 4114 3658 4170 ρος

1987 4198 2138 4254 situs
2160 4211 2327 4253 sum:
2355 4194 2602 4266 quidam
2622 4198 2823 4249 autem
2843 4206 2922 4248 ex
2947 4192 3326 4248 contentione
3348 4188 3659 4246 Christum

1988 4286 2515 4353 annuntiant,non
2532 4283 2780 4352 sincere,
2790 4281 3205 4337 existimantes
3224 4293 3574 4349 pressuram
3601 4292 3661 4334 se

1989 4376 2281 4431 suscitare
2310 4372 2571 4429 vinculis
2598 4371 2744 4428 meis
2775 4369 3072 4439 (Philipp.
3099 4384 3139 4431 1.
3169 4368 3371 4439 15-17).

271 4501 403 4553 Ὀτι
442 4499 501 4552 οὗ
547 4496 629 4554 δεῖ
673 4508 780 4564 τοῖς
831 4500 1170 4577 ἀνθρωπίνοις
1220 4503 1632 4577 πλεονεκτήμασι
1678 4515 1873 4581 κεχρῆ

1994 4498 2169 4567 Quod
2194 4513 2319 4556 non
2346 4501 2591 4571 oportet
2614 4496 2901 4553 humanis
2931 4492 3230 4567 praesidiis
3268 4496 3327 4548 et
3353 4490 3532 4581 donis
3578 4490 3658 4547 uti

354 4591 480 4643 σθαι
511 4589 583 4652 εἰς
612 4594 671 4644 τὸ
705 4597 952 4667 κήρυγμα
978 4600 1069 4646 τοῦ
1099 4591 1439 4665 Εὐαγγελίου,
1475 4594 1558 4646 ἶνα
1585 4599 1657 4668 μὴ
1703 4594 1887 4670 ἆγκρύ-

351 4699 550 4741 πτηται
581 4682 691 4753 (72)
726 4682 902 4745 αὐτοῖς
932 4685 963 4742 ἠ
996 4691 1089 4737 τοῦ
1119 4688 1247 4737 Θεοῦ
1276 4685 1465 4757 χάρις.

906 4808 1094 4864 Ksed).
1150 4808 1263 4864 Kc“.

908 4829 973 4861 tu
1012 4829 1094 4864 οιΑ.
1152 4829 1189 4862 ιι
1250 4851 1263 4864 .

354 4898 725 4952 ΜΑΤΘΑΙΟΣ.
755 4829 1333 4973 Ἐξομολῖγοῡμαίςσοι,
1378 4902 1568 4976 Πάτερ,
1612 4902 1769 4976 Κύριε
1796 4906 1887 4953 τοῦ

283 4984 508 5061 οὐρανοῦ
539 4991 630 5040 καὶ
667 4995 763 5050 τῆς
781 4996 900 5060 γῆς,
931 4991 1012 5042 ὅτι
1043 4988 1350 5066 ἀπέκρυψας
1388 4999 1556 5044 ταῦτα
1578 4988 1678 5044 ἀπὸ
1719 4998 1889 5064 σοφῶν

362 5229 475 5294 (6‘7)
497 5228 759 5302 Uti-aque
779 5228 965 5285 editio
983 5232 1039 5286 et
1069 5232 1209 5302 Reg.
1242 5230 1546 5287 secundus
1577 5235 1667 5283 καὶ
1687 5230 1891 5295 ἀληθῶς

286 5296 480 5374 Ityn}.
503 5298 612 5354 Alii
625 5296 759 5374 duo
790 5316 936 5356 mss.
965 5304 1055 5353 καὶ
1077 5296 1244 5374 καλῶς
1261 5301 1448 5374 λέγετε,
1492 5309 1547 5359 et
1575 5303 1719 5359 bene
1747 5304 1892 5360 dici-

289 5371 389 5449 tis:
412 5370 755 5449 Notandum
785 5377 1097 5449 praeterea,
1126 5373 1243 5443 legi
1263 5370 1378 5449 hoc
1401 5370 1535 5449 loco
1578 5375 1639 5449 in
1690 5375 1893 5445 Regiis

287 5442 491 5512 primo
519 5447 577 5498 et
595 5443 766 5498 tertio
788 5442 1006 5499 ordine
1035 5442 1274 5501 inverso
1301 5447 1326 5497 6
1360 5442 1690 5507 Διδάσκαλος
1737 5442 1827 5499 καὶ
1866 5448 1901 5499 ὁ

268 5542 275 5559 ι
294 5512 507 5574 Κύριος.

368 5529 769 5660 ἴέὲῗῌιιειιιιιιο
788 5584 970 5660 editio
991 5585 1164 5660 95x33.
1197 5590 1269 5643 At
1289 5604 1433 5660 mss.
1464 5588 1589 5645 duo
1614 5589 1757 5660 οὐχὶ,
1773 5590 1821 5645 ὁ.

364 5656 477 5725 (69)
497 5656 761 5728 Utraque
791 5656 973 5714 editio
994 5656 1208 5715 ἀπέϐην.
1262 5659 1463 5716 Codex
1511 5656 1782 5718 Combef.
1839 5663 1899 5718 et

2067 4588 2146 4645 ad
2178 4586 2477 4658 Evangelii
2503 4584 3023 4659 praedicationem,
3046 4597 3123 4638 ne
3152 4581 3232 4638 ab
3260 4580 3412 4652 ipsis
3440 4580 3660 4637 obscu-

2066 4682 2230 4735 retur
2255 4677 2359 4734 Dei
2387 4676 2603 4748 gratia.

2595 4800 2793 4870 Caput
2828 4797 3055 4854 XXVI.

2072 4893 2373 4963 Conﬁteor
2401 4889 3001 4962 tibi,Pater,Domine
3031 4885 3168 4943 caeli
3196 4888 3251 4941 et
3281 4888 3480 4951 terrm,
3514 4882 3660 4954 quia

1998 4982 2367 5042 abscondisti
2385 4981 2514 5038 haec
2535 4995 2573 5036 a
2591 4978 2965 5049 sapientibus
2996 4981 3051 5033 et
3066 4972 3555 5045 prudentibus,et
3569 4986 3662 5027 re-

2001 5225 2102 5284 alii
2130 5224 2253 5281 duo
2279 5221 2486 5281 ίπίϐην.

2074 5298 2184 5368 (70)
2216 5299 2357 5365 Reg.
2397 5292 2606 5350 tertius
2656 5293 2750 5347 τὴν
2794 5290 2927 5363 πρὸς
2966 5304 3099 5352 τινα,
3141 5283 3430 5340 adversus
3468 5297 3667 5355 quem-

2000 5385 2191 5522 Ρῑῗῃό
2224 5437 2391 5503 Illud,
2420 5430 2544 5488 οὐδε
2569 5432 2882 5509 κραυγάσει,
2917 5426 3195 5484 additum
3233 5430 3326 5482 est
3372 5441 3448 5482 ex
3498 5424 3668 5481 libris

2002 5515 2483 5655 vetggjbgfraque
2530 5573 2711 5631 editio
2764 5571 3168 5655 εἰσκρύπτηται.
3219 5567 3386 5637 Regii
3433 5566 3668 5640 primus

2005 5660 2065 5712 et
2087 5646 2301 5712 tertius
2324 5646 2702 5724 ἕγὶρύπτηται,
2728 5646 2972 5700 rectius.
