4112 6382
434 327 540 382 839

1818 310 1874 370 S.
1923 311 2172 371 BASILII
2202 311 2420 368 MAGNI

3704 311 3812 365 8&0

436 446 655 506 velasti
704 460 773 504 ea
828 446 1110 517 parvulis
1164 443 1411 510 (Matth.
1442 440 1715 509 11,25)...
1759 438 1899 496 Non
1938 437 2095 494 enim

2210 440 2297 488 καὶ
2351 442 2595 502 συνετῶν,
2651 438 2743 488 καὶ
2803 432 3142 504 ἅπεκοΰωψας
3192 431 3328 487 αὐτὰ
3362 436 3590 495 νηπίοις.
3640 439 3811 488 ΠΡΟΣ

434 539 594 593 misit
615 551 707 592 me
732 535 1014 592 Christus
1039 534 1368 603 baptizare.
1392 531 1494 587 sed
1514 529 1950 599 erangetizare:
1973 542 2095 583 non

432 629 499 684 in
525 626 828 696 sapientia
860 623 1043 692 verbi,
1075 628 1143 678 ut
1172 638 1293 679 non
1323 624 1649 677 evacuetur
1670 632 1827 674 crum
1869 615 2099 673 Christi

433 719 488 787 (ι
522 718 655 771 Cor.
679 733 716 783 ι,
745 714 924 785 17)....
951 713 1029 770 Et
1061 727 1168 782 ego
1202 727 1335 767 cum
1364 710 1649 766 venissem
1679 708 1762 763 ad
1792 722 1913 775 vos,
1962 706 2095 775 fra-

435 811 577 871 tres,
616 803 755 859 veni
789 818 911 857 non
933 801 996 856 in
1017 799 1389 855 sublimitate
1405 798 1717 864 sermonis,
1739 802 1843 850 aut
1869 795 2096 865 sapien-

437 896 554 965 tize,
580 893 959 950 annuntians
981 890 1147 947 vobis
1177 887 1576 945 testimonium
1605 885 1737 941 Dei.
1767 884 1907 940 Non
1936 884 2094 940 enim

423 983 709 1055 judicavi
733 996 826 1037 me
844 976 1677 1053 scirealiquidintervos,nisi
1700 974 1900 1030 Jesum
1925 973 2095 1029 Chri-

433 1077 590 1128 stum
610 1089 633 1125 :
657 1076 712 1126 et
741 1068 905 1125 hunc
925 1067 1315 1137 cruciﬁxum.
1337 1066 1415 1120 Et
1445 1080 1551 1133 ego
1571 1064 1632 1118 in
1652 1063 2023 1131 inﬁrmitate,
2037 1067 2092 1117 et

437 1163 665 1225 timore,
690 1164 744 1215 et
768 1164 1025 1214 tremore
1043 1156 1235 1212 multo
1252 1154 1353 1225 fui
1399 1152 1567 1222 apud
1605 1166 1743 1208 vos:
1802 1157 1856 1207 et
1900 1165 2093 1207 sermo

433 1264 619 1318 meus,
642 1253 696 1305 et
713 1246 1072 1318 praedicatio
1091 1259 1223 1300 mea
1241 1258 1362 1299 non
1381 1243 1446 1297 in
1465 1240 1962 1311 persuasibilibus
1981 1238 2092 1295 hu-

434 1353 632 1395 manae
650 1337 965 1406 sapientior
986 1333 1201 1401 verbis,
1239 1332 1344 1388 sed
1373 1332 1435 1387 in
1462 1331 1796 1387 ostensione
1825 1328 2094 1399 Spiritus

436 1435 491 1485 et
515 1427 799 1496 virtutis;
829 1431 896 1480 ut
924 1424 1063 1494 ﬁdes
1088 1428 1297 1479 nostra
1323 1437 1445 1477 non
1471 1422 1546 1477 sit
1573 1421 1636 1476 in
1665 1420 1965 1490 sapientia
1994 1418 2094 1474 ho-

435 1519 686 1581 minam,
719 1516 823 1571 sed
846 1516 909 1569 in
942 1514 1170 1570 virtute
1192 1512 1301 1568 Dei
1326 1512 1389 1583 (Ι
1412 1511 1540 1567 Cor.
1570 1525 1612 1566 ιι
1667 1511 1805 1581 1-5).

436 1640 610 1710 Quod
640 1655 763 1696 non
803 1636 1147 1712 putandum
1196 1640 1305 1706 est,
1354 1634 1521 1709 quod
1562 1639 1771 1691 nostra
1814 1633 2094 1708 ipsorum

505 1730 747 1787 solertia
791 1733 846 1785 et
887 1733 1012 1785 arte
1062 1726 1560 1800 praedicationem
1608 1724 1685 1781 ad
1734 1739 2095 1798 prosperum

2207 531 2360 582 KOI’.
2387 524 2452 580 α’.
2493 525 2569 577 υύ
2598 526 2699 599 γὰρ
2741 521 3012 576 ἀπέστειλέ
3057 541 3120 595 με
3156 523 3183 574 ὁ
3226 526 3458 597 Χριστὸς
3507 520 3807 594 βαπτίζειν,

2166 612 2173 617 ’
2206 612 2313 666 ἀλλ’
2343 613 2776 686 εὐαγγελίζεσθαι
2799 632 2813 646 ⁸
2843 612 2944 685 ουμ
2964 610 3014 665 έν
3044 615 3202 685 σοφίᾳ
3237 610 3416 684 λόγου,
3478 614 3583 664 ίνα’
3605 615 3677 684 μὴ
3727 631 3811 665 κει

2203 704 2339 776 mea
2374 704 2401 756 ὀ
2439 705 2659 776 σταυρὸς
2696 709 2789 754 τοῦ
2812 708 3073 777 Χριστοῦ.
3105 699 3264 773 Κάγὼ
3294 699 3447 754 έλθὼν
3475 704 3604 776 πρὸς
3648 703 3805 774 ὑμᾶς,

2207 787 2441 863 ἀδελφοὶ,
2472 787 2626 849 ἦλθον
2656 790 2715 843 οὐ
2736 791 2856 843 καθ’
2881 791 3150 863 ὑπεροχὴν
3174 788 3351 862 λόγου,
3384 790 3414 849 ἦ
3469 793 3666 862 σοφίας,
3715 809 3810 842 κα-

2201 880 2491 952 ταγγέλλων
2529 881 2650 953 ὑμῖν
2678 882 2735 932 τὸ
2775 881 3058 954 μαρτύριον
3087 886 3180 932 τοῦ
3207 885 3363 934 Θεοῦ.
3396 878 3471 931 Οὐ
3500 880 3600 951 γὰρ
3629 880 3810 954 ἔκρινά

2201 989 2255 1022 τι
2286 966 2479 1022 εἰδέναι
2508 966 2557 1021 ἓν
2584 969 2727 1042 ὑμῖν,
2761 968 2805 1021 εἰ
2833 972 2905 1041 μή
2954 966 3163 1026 Ἰησοῦν
3205 970 3437 1043 Χριστὸν
3487 971 3580 1019 καὶ
3623 974 3807 1021 τοῦτον

2204 1056 2614 1132 ἐσταυρωμένον.
2650 1056 2807 1128 Κάγὼ
2838 1054 2887 1109 έν
2914 1055 3175 1129 ἀσθενείᾳ,
3203 1061 3294 1108 καὶ
3323 1054 3372 1109 έν
3420 1059 3594 1129 τρόμῳ
3636 1054 3810 1128 πολλῷ

2203 1145 2449 1221 ἕγενόμην
2480 1150 2611 1221 πρὸς
2640 1148 2777 1221 ὑμᾶς
2800 1168 2814 1180 ·
2867 1151 2957 1199 καὶ
2998 1147 3024 1198 ὁ
3054 1145 3203 1217 λόγος
3239 1165 3362 1220 μου,
3402 1150 3494 1200 καὶ
3540 1148 3600 1198 τὸ
3646 1150 3810 1221 κήρυ-

2200 1239 2313 1311 γμά
2341 1256 2442 1311 μου
2483 1236 2577 1289 οὐκ
2615 1235 2665 1289 έν
2710 1237 2947 1298 πιθανοῖς
2999 1233 3324 1311 ἀνθρωπίνης
3372 1240 3560 1308 σοφίας
3613 1233 3806 1319 λόγοις,

2203 1324 2314 1379 ἀλλ’
2345 1325 2393 1380 ἐν
2418 1322 2687 1390 ἀποδείξει
2717 1328 3017 1398 Πνεύματος
3045 1330 3135 1378 καὶ
3167 1320 3432 1398 δυνάμεως
3456 1344 3468 1359 ·
3531 1325 3615 1377 ἳνα
3659 1325 3689 1383 ἠ
3722 1328 3811 1376 πί-

2205 1435 2320 1479 στις
2345 1418 2489 1490 ἡμῶν
2515 1419 2628 1487 (73)
2660 1420 2732 1489 μὴ
2830 1413 2879 1469 ἓν
2908 1421 3066 1489 σοφίᾳ
3096 1413 3398 1490 ἀνθρώπων,
3432 1412 3540 1468 ἀλλ’
3571 1412 3620 1469 ἓν
3651 1409 3809 1469 δυνά-

2202 1525 2289 1579 μει
2321 1513 2476 1562 Θεοῦ.

2202 1630 2324 1685 Ὀτι
2353 1631 2411 1685 οὗ
2444 1628 2527 1685 δεῖ
2566 1633 2772 1685 οἴεσθαι
2808 1635 2901 1691 τὴν
2936 1627 3145 1685 εὐοδίαν
3173 1638 3266 1684 τοῦ
3318 1630 3427 1702 (74)
3472 1632 3808 1707 κηρύγματος

2277 1721 2329 1775 ἓν
2363 1718 2530 1785 ἰδίαις
2560 1720 2808 1785 ἐπινοίαις
2826 1722 3243 1797 κατεργάζεσθαι
3273 1741 3286 1755 ο
3316 1724 3375 1774 τὸ
3398 1718 3458 1775 δι
3489 1720 3601 1775 ὅλον
3631 1718 3714 1774 ἐπὶ
3734 1726 3808 1794 τῷ

503 1820 733 1876 exitum
759 1794 1166 1874 deducamus:
1209 1814 1315 1871 sed
1338 1813 1565 1870 ﬁducia
1594 1794 1843 1870 omnino
1872 1794 1936 1870 in
1975 1813 2096 1871 Deo

2276 1820 2392 1884 θεῷ
2418 1813 2739 1870 πεποιθέναι.

503 1905 862 1965 collocando.
891 1909 1005 1962 est.

1008 2031 1209 2101 Caput
1264 2029 1524 2087 XXVII.

508 2124 826 2182 Fiduciam
857 2129 1060 2179 autem
1092 2122 1273 2177 tatem
1304 2119 1589 2176 habemus
1629 2134 1741 2189 per
1788 2118 2098 2176 Christum

434 2216 516 2273 ad
531 2217 720 2271 Deum
742 2230 765 2268 .·
788 2228 909 2269 ηοη
932 2210 1094 2283 quod
1112 2210 1479 2279 sufﬁcientes
1502 2214 1687 2265 simus
1706 2210 1973 2279 cogitare
1986 2209 2099 2265 ali-

433 2305 582 2377 quid
601 2320 638 2359 a
659 2302 849 2370 nobis,
865 2301 1042 2374 quasi
1062 2314 1138 2357 ex
1156 2298 1362 2354 nobis:
1378 2297 1481 2355 sed
1498 2297 1868 2368 sufﬁcientia
1888 2304 2099 2356 nostra

431 2409 510 2452 ea:
542 2394 661 2449 Deo
690 2399 797 2460 est,
829 2392 937 2463 qui
962 2394 1016 2446 et
1050 2390 1290 2445 idoneos
1313 2403 1420 2444 nos
1439 2388 1586 2457 fecit
1626 2389 1931 2444 ministros
1958 2389 2105 2445 novi

435 2481 774 2539 testamenti
803 2480 898 2547 (II
917 2479 1056 2536 Cor.
1088 2495 1169 2549 ιιι,
1204 2477 1387 2547 4-6)...
1415 2477 1724 2534 Habemus
1758 2482 1957 2533 autem
1979 2478 2106 2539 the.

432 2586 686 2629 taurum
713 2572 891 2626 istum
914 2570 978 2625 in
1003 2568 1162 2625 vasis
1195 2565 1505 2637 ﬁctilibus,
1533 2576 1596 2621 ut
1632 2567 1972 2623 sublimitas
2022 2569 2103 2624 sit

436 2663 680 2719 virtutis
703 2661 832 2729 Dei,
854 2664 910 2716 et
933 2673 1057 2715 non
1077 2673 1153 2714 ea:
1190 2656 1359 2713 nobis
1389 2657 1481 2721 (II
1500 2657 1639 2714 Cor.
1670 2672 1750 2724 tv,
1777 2661 1856 2725 ‘7).
1942 2710 1947 2713 λ

435 2787 608 2856 Quod
633 2787 685 2844 is
718 2786 814 2842 cui
850 2782 1196 2842 concredita
1223 2781 1330 2838 fuit
1383 2781 1685 2852 Evangelii
1726 2780 2098 2854 praedicatio,

505 2877 657 2935 nihil
686 2875 950 2950 amplius
976 2873 1195 2930 debeat
1241 2872 1555 2947 possidere
1602 2888 1793 2945 quam
1840 2887 1977 2946 qua
2021 2871 2102 2931 ad

506 2966 918 3025 necessarium
949 2964 1142 3037 ipsius
1172 2978 1351 3019 usum
1380 2961 1784 3035 requiruntur.

1011 3088 1210 3159 Caput
1233 3088 1524 3144 XXVIII.

2836 2028 3025 2102 Κεφάλ.
3068 2027 3186 2085 ΚΖ.

2280 2126 2449 2174 ΠΡΟΣ
2492 2125 2642 2174 KOP.
2774 2121 3096 2178 Πεποίθησιν
3136 2115 3196 2173 δὲ
3233 2122 3480 2180 τοιαύτην
3509 2122 3699 2195 ἔχομεν
3719 2118 3815 2178 διὰ

2208 2217 2301 2263 τοῦ
2340 2216 2579 2282 Χριστοῦ
2610 2211 2735 2281 πρὸς
2764 2211 2850 2261 τὸν
2880 2212 3030 2276 Θεὸν,
3064 2208 3170 2282 οὐχ
3194 2211 3276 2262 ὅτι
3321 2211 3488 2263 ἱκανοί
3531 2209 3683 2284 ἐσμεν
3726 2209 3811 2285 ἀφ’

2210 2298 2403 2352 ἑαυτῶν
2428 2297 2750 2370 λογίσασθαί
2788 2317 2860 2365 τι,
2894 2300 2961 2359 ὡς
2994 2296 3046 2361 ἐξ
3076 2298 3270 2351 ἑαυτῶν
3303 2319 3316 2333 ’
3374 2297 3480 2351 ἀλλ’
3507 2300 3538 2359 ἠ
3570 2301 3813 2363 ἱκανότης

2210 2390 2358 2462 ἡμῶν
2388 2386 2443 2440 έκ
2472 2395 2565 2439 τοῦ
2592 2394 2748 2453 Θεοῦ,
2773 2388 2828 2448 ὃς
2856 2391 2948 2439 καὶ
2989 2386 3235 2441 ἱκάνωσεν
3266 2389 3402 2460 ἡμᾶς
3429 2391 3670 2461 γενέσθαι
3696 2386 3812 2443 δια·

2210 2482 2394 2541 κόνους
2430 2484 2611 2537 καινῆς
2641 2473 2873 2536 διαθήκη
2887 2497 2925 2539 ς.
2978 2484 3147 2532 ΠΡΟΣ
3176 2484 3324 2534 ΚΟΡ.
3479 2486 3709 2554 ’Ἐχομεν
3752 2476 3812 2534 δε

2210 2571 2298 2622 τὸν
2331 2570 2599 2641 θησαυρὸν
2629 2566 2882 2622 τοῦτονέν
2934 2566 3262 2644 ὀστρακίνοις
3312 2571 3573 2641 σκεύεσιν,
3641 2573 3726 2625 in
3778 2572 3810 2632 ἡ

2211 2657 2465 2732 ὑπερϐολὴ
2496 2665 2591 2719 τῆς
2617 2654 2882 2731 δυιοίμεως
2973 2665 3064 2712 τοῦ
3096 2665 3251 2723 Θεοῦ,
3296 2662 3387 2712 καὶ
3431 2662 3504 2732 μὴ
3541 2657 3594 2722 ἐξ
3642 2661 3810 2733 ἡμῶν,

2209 2782 2332 2837 Ὀτι
2352 2783 2412 2837 οὗ
2444 2780 2529 2837 δεῖ
2555 2786 2642 2836 τὸν
2663 2783 3121 2857 έγκεχειρισμένον
3140 2786 3200 2838 τὸ
3230 2789 3481 2859 κήρυγμα
3516 2791 3609 2838 τοῦ
3646 2785 3817 2857 E1317-

2280 2874 2455 2949 γελίου
2476 2876 2708 2927 κτᾶσθαί
2728 2894 2782 2927 τι
2802 2873 2952 2928 πλέον
2972 2882 3071 2928 τῶν
3091 2877 3217 2950 πρὸς
3237 2878 3324 2933 τὴν
3336 2875 3459 2951 παρ’
3482 2875 3642 2929 αὐτοῦ
3662 2873 3817 2949 ἀναγ-

2283 2969 2439 3018 καίαν
2469 2968 2680 3038 χρείαν,

2830 3088 3020 3162 Κεφάλ.
3087 3088 3214 3147 κη’.

503 3184 707 3242 Nolite
727 3179 1032 3253 possidere
1050 3193 1293 3245 aurum,
1314 3191 1508 3250 neque
1534 3181 1879 3247 argentum,
1912 3191 2101 3249 neque

2284 3183 2656 3236 ΜΑΤΘΑΙΟΣ.
2702 3182 2787 3237 Μὴ
2829 3153 3103 3237 κτησησθε
3129 3181 3338 3251 χρυσὸν
3377 3178 3510 3251 (75),
3550 3185 3683 3254 μήτε
3729 3182 3822 3259 ἄρ-

434 3291 512 3332 azs
533 3277 597 3330 in
617 3273 782 3330 zonis
805 3270 1052 3327 vestris:
1077 3284 1198 3325 non
1217 3283 1429 3337 peram
1455 3267 1519 3323 in
1560 3269 1679 3335 via,
1719 3283 1911 3339 neque
1947 3268 2101 3324 duas

435 3364 694 3431 tunicas,
716 3376 907 3432 neque
926 3358 1354 3427 calceamenta,
1372 3372 1563 3428 neque
1581 3358 1857 3426 virgam:
1882 3357 2103 3427 dignus

435 3454 592 3511 enim
616 3458 698 3508 est
725 3451 1043 3520 operarius
1063 3447 1190 3503 cibo
1205 3462 1314 3504 suo
1345 3447 1573 3517 (Matth
1626 3463 1687 3511 x,
1714 3446 1768 3514 9,
1806 3448 1963 3519 10)...
1990 3447 2103 3503 Ni-

437 3543 530 3599 hil
553 3541 817 3598 tuleritis
836 3538 899 3594 in
923 3538 1041 3605 via,
1063 3551 1256 3608 neque
1272 3538 1498 3606 virgas,
1528 3551 1719 3609 neque
1734 3551 1973 3606 peram,
2004 3551 2104 3592 ne-

434 3642 992 3704 quepanem,neque
1010 3628 1545 3698 pecuniam,neque
1564 3626 1719 3682 duos
1740 3626 1979 3681 tunicas
1999 3626 2106 3682 ha-

436 3721 620 3778 beatis
650 3718 822 3782 (Luc.
849 3733 931 3784 1x,
963 3720 1082 3780 3)...
1124 3716 1461 3786 Argentum
1484 3721 1593 3771 aut
1622 3730 1840 3771 aurum
1862 3720 1970 3771 aut
2013 3730 2104 3771 ve-

433 3817 580 3868 stem
600 3810 837 3865 nullius
858 3806 1213 3875 concupiui:
1240 3806 1541 3874 ipsiscitis
1589 3807 1752 3870 (Act.
1792 3821 1893 3872 xx,
1938 3803 2101 3873 33)...

432 3901 622 3957 Nemo
637 3899 911 3955 militans
931 3898 1073 3952 vitae
1090 3895 1344 3964 negotiis
1363 3894 1739 3963 implicatur,
1767 3898 1832 3948 ut
1859 3894 2104 3963 placeat

434 3991 492 4049 ei
516 3989 625 4062 qui
656 3990 849 4058 ipsum
874 3988 936 4041 in
961 3985 1245 4041 militiam
1262 3982 1482 4052 delegit
1506 3983 1595 4051 (II
1620 3983 1768 4039 Tim.
1788 3998 1845 4053 ιι,
1880 3982 1959 4054 li).

439 4109 794 4188 3030uod
820 4108 1059 4167 animus
1078 4107 1243 4164 haud
1269 4107 1343 4163 sit
1368 4104 1773 4180 npplicandus
1798 4105 1876 4162 ad
1901 4122 2103 4163 rerum

509 4200 964 4259 mundanarum
996 4213 1174 4254 curas
1211 4196 1271 4253 in
1306 4211 1518 4255 eorum
1549 4197 1830 4268 gratiam,
1859 4194 1968 4271 qui
2007 4195 2103 4252 his
2176 4260 2179 4265 ι

507 4288 699 4348 nimio
728 4286 947 4346 affectu
985 4291 1225 4343 vacant.

1045 4410 1244 4481 Caput
1268 4411 1492 4468 XXIX.

2225 3288 2405 3344 γυροί,
2437 3271 2571 3342 μήτε
2598 3266 2799 3340 χαλκὸν
2816 3266 2882 3328 εἰς
2905 3269 2993 3328 τὰς
3015 3268 3178 3330 ζώνας
3203 3269 3345 3341 ὑμῶν
3375 3288 3389 3302 ⁸
3430 3274 3501 3342 μὴ
3534 3276 3705 3345 πήραν
3754 3271 3822 3349 εἰς

2214 3355 2360 3425 ὁδὸν,
2383 3353 2525 3431 μηδὲ
2551 3354 2650 3410 δύο
2678 3365 2929 3430 χιτῶνας,
2964 3355 3104 3430 μηδὲ
3135 3354 3459 3431 ὑποδήματα
3486 3361 3622 3431 (ἷὸ),
3677 3357 3820 3433 μηδι

2210 3444 2410 3523 ῥάϐδον
2435 3468 2448 3482 ο
2490 3447 2634 3510 ἄξιος
2669 3448 2772 3520 γὰρ
2813 3448 2838 3499 ὀ
2879 3447 3103 3523 ἐργάτης
3126 3454 3224 3510 τῆς
3258 3456 3456 3522 τροφῆς
3478 3448 3639 3502 αὐτοῦ
3670 3449 3811 3505 ἐστι.

2216 3541 2506 3594 ΛΟΥΚΔΣ.
2536 3532 2720 3595 Μηδὲν
2752 3540 2920 3611 αἴρετε
2950 3536 3023 3599 εἰς
3051 3533 3198 3606 ὁδὸν,
3229 3542 3362 3611 μήτε
3385 3534 3640 3614 ῥάϐδους,
3684 3542 3820 3612 μήτε

2212 3630 2384 3700 πήραν
2412 3630 2531 3694 (77)
2560 3630 2693 3700 μήτε
2719 3626 2897 3701 ἄρτον,
2927 3631 3059 3699 μήτε
3085 3623 3354 3700 ἀργύριον,
3409 3633 3544 3701 μήτε
3573 3626 3671 3682 δινά
3718 3624 3819 3682 δύο

2212 3724 2447 3790 χιτῶνας
2471 3718 2637 3787 ἔχειν.
2670 3718 2944 3769 ΠΡΑΞΕΙΣ
2975 3716 3257 3791 Ἀργυρίου
3289 3718 3318 3776 ᾖ
3352 3723 3585 3791 χρυσίου
3616 3720 3645 3778 ἡ
3701 3721 3822 3792 ίμα-

2212 3812 2408 3879 τισμοῦ
2454 3800 2670 3867 οὐδενὸς
2716 3803 3041 3879 ἐπεθύμησα,
3095 3804 3245 3860 αὐτοὶ
3288 3812 3587 3878 γινώσκετε.
3649 3815 3819 3862 ΠΡΟΣ

2212 3902 2357 3952 TIM.
2526 3891 2716 3957 Οὐδεὶς
2779 3899 3177 3970 στρατευόμενος
3221 3894 3524 3969 ἐμπλέκεται
3568 3906 3681 3960 ταῖς
3726 3906 3819 3952 τοῦ

2216 3982 2341 4059 βίου
2371 3988 2771 4059 πραγματείαις,
2796 3985 2881 4036 ῖνα
2906 3990 2979 4055 τῷ
3012 3983 3298 4057 στατολογή
3309 4005 3461 4039 σαντί
3487 3984 3673 4062 ἀρέσῃ.

2211 4108 2332 4163 ὀτι
2358 4109 2417 4163 οὐ
2449 4105 2533 4162 δεῖ
2559 4115 2756 4183 κιχρᾷν
2787 4107 2968 4162 ἑαυτὸν
3008 4109 3079 4174 εἰς
3107 4114 3202 4169 τήν
3247 4115 3367 4185 περὶ
3405 4119 3507 4164 τῶν
3560 4111 3824 4186 βιωτικῶν

2287 4194 2545 4273 φροντίδα
2566 4204 2674 4261 τοίς
2713 4200 2847 4251 κατά
2871 4201 3233 4273 προσπάθειαν
3274 4203 3391 4277 περὶ
3434 4208 3604 4254 ταῦτα
3652 4200 3823 4275 ἀσχο-

2283 4287 2568 4362 λουμένοις.

2821 4415 3012 4489 Κεφάλ.
3083 4415 3211 4475 ΚΘ’.

507 4502 612 4558 Ait
632 4507 828 4559 autem
871 4502 927 4558 ei
969 4501 1215 4573 quidam
1252 4501 1327 4557 de
1379 4501 1593 4557 turba:
1640 4500 1949 4572 Magister,
2002 4502 2101 4560 dic

2285 4508 2572 4558 ΛΟΥΚΑΣ.
2606 4501 2730 4559 Εῖπε
2770 4503 2830 4559 δέ
2862 4524 2945 4569 τις
2969 4505 3109 4578 αὐτῷ
3139 4506 3193 4559 έκ
3218 4536 3223 4545 τ
3250 4512 3343 4559 τοῦ
3386 4507 3549 4579 ὄχλου
3583 4529 3597 4543 ο
3658 4504 3819 4562 Διδά-

431 4594 628 4665 fratri
654 4608 779 4650 meo
808 4597 875 4647 ut
895 4591 1130 4648 dividat
1161 4607 1390 4648 mecum
1424 4590 1853 4648 hereditatem.
1885 4593 1965 4647 At
1995 4593 2104 4649 ille

437 4684 595 4739 dixit
616 4698 637 4738 .’
661 4683 878 4746 Homo,
900 4682 1033 4754 quis
1058 4695 1150 4737 me
1179 4680 1795 4750 constituitjudicem,
1815 4687 1921 4737 aut
1951 4682 2102 4739 divi-

437 4788 629 4829 sorem
654 4786 837 4842 super
860 4786 962 4827 vos
983 4774 1012 4827 ε)
1051 4772 1218 4841 (Luc.
1251 4785 1352 4837 xu,
1372 4773 1473 4840 .13,
1514 4772 1670 4837 14)...
1731 4770 1917 4827 Nemo
1942 4772 2101 4828 mili-

436 4868 575 4923 tans
594 4862 952 4932 implicatur
972 4863 1112 4917 vitae
1132 4859 1385 4932 negotiis
1410 4858 1496 4925 (II
1534 4859 1681 4916 Tim.
1713 4874 1769 4931 ιι,
1806 4862 1884 4930 4).

510 5205 625 5270 (73)
653 5205 762 5258 Pro
784 5205 950 5274 ἧμῶν,
978 5215 1152 5257 sacer
1180 5202 1375 5256 textus
1399 5198 1681 5269 vulgatus
1718 5196 1905 5255 habet
1936 5199 2100 5272 ὑμῶν,

436 5275 587 5344 ﬁdes
613 5280 833 5331 vestra.
1691 5330 1698 5337 _

513 5348 626 5417 (74)
663 5346 919 5417 Utraque
941 5342 1123 5400 editio
1144 5346 1211 5417 _et
1239 5341 1363 5398 duo
1396 5357 1545 5417 mss.
1576 5345 1669 5417 την
1698 5335 1938 5393 εὐδοκίαν
1984 5350 2100 5417 τοῦ,

439 5410 582 5487 Βέε.
612 5410 913 5487 Secundus
943 5413 1439 5487 emendatus-nis
1495 5410 1704 5487 εὐοὸξίαν
1758 5420 1883 5465 τοῦ-
1933 5414 2104 5487 quod

442 5483 658 5544 melius
674 5486 1086 5557 judicavimus
1117 5491 1175 5541 et
1203 5484 1495 5557 verius,u_t
1514 5498 1585 5539 ea
1605 5483 1763 5557 loca.
1791 5500 1927 5557 quin
1955 5483 2104 5542 inox

438 5554 854 5688 ai‘ggriptura
873 5557 1274 5631 proferentur,
1305 5554 1540 5630 possint
1575 5554 1654 5615 ad
1678 5554 1915 5613 titulum
1944 5572 2103 5636 qua-

2214 4592 2390 4666 σκαλε,
2426 4594 2533 4648 εἰπὲ
2561 4603 2632 4667 τῷ
2663 4591 2869 4668 ἀδελφῷ
2906 4615 3008 4668 μου
3038 4597 3363 4669 μερίσασθαι
3403 4598 3514 4671 μετ’
3570 4598 3693 4672 ἐμοῦ
3719 4602 3816 4657 τὴν

2211 4682 2577 4758 κληρονομίαν.
2607 4683 2666 4736 ’0
2689 4681 2748 4737 δι
2779 4683 2914 4737 εἶπεν
2937 4702 2951 4718 ·
3000 4682 3291 4760 Ἄνθρωπε,
3320 4691 3402 4748 τίς
3429 4707 3493 4761 με
3521 4692 3818 4747 κατέστησε

2213 4769 2475 4833 δικαστὴν
2514 4774 2543 4833 ἠ
2576 4777 2831 4848 μεριστὴν
2862 4773 2936 4847 ἐφ’
2962 4775 3133 4848 ὑμᾶςς
3182 4781 3351 4828 ΠΡΟΣ
3378 4782 3523 4835 ἸῚΜ.
3715 4777 3820 4829 Οὑ-

2213 4858 2325 4924 δεὶς
2357 4866 2759 4939 στρατευόμενος
2788 4861 3093 4938 ἐμπλέκεται
3135 4871 3249 4927 ταῖς
3281 4868 3374 4918 τοῦ
3406 4864 3532 4940 βίου
3563 4885 3817 4940 πραγμα-

2211 4955 2394 5024 τείαις,
2422 4957 2513 5007 καὶ
2533 4956 2601 5008 τὰ
2630 4952 2713 5019 ἐξῆ
2728 4972 2770 5017 ς.

2284 5202 2403 5285 ρει)
2429 5204 2578 5285 ﬁeg.
2610 5202 3099 5285 primaeuo}:in
3129 5210 3263 5278 μήτε
3283 5205 3554 5285 ἀργύριον.

2216 5347 2238 5361 _
2286 5275 2396 5344 (76)
2429 5273 3187 5361 Ut£agueaediti6"‘e.t_ll_eg.
3233 5273 3540 5361 scéundus
3590 5287 3825 5361 χιτῶνᾳς

2209 5340 2906 5489 ιόἲὲἔῑὺἶτοδὴματα.
2921 5348 3028 5404 Alii
3050 5340 3175 5405 duo
3196 5365 3343 5407 mss.
3370 5356 3436 5406 ut
3456 5351 3518 5406 in
3538 5340 3823 5409 contextu

2282 5489 2577 5581 87.721398:
2597 5489 2822 5581 τετέὶιξξ
2833 5495 2921 5581 et-
2935 5497 3131 5581 “Sim-
3163 5494 3332 5581 E935.
3352 5496 3611 5581 ιιξτειίιυθ
3635 5492 3826 5555 editio

2211 5566 2442 5635 χιτῶνας
2467 5561 2603 5634 ἔχει.
2627 5560 3124 5624 Οοάθκἰ;οω1)εῐ.
3155 5568 3212 5624 et
3235 5564 3336 5624 alii
3362 5565 3489 5623 duo
3509 5560 3675 5639 ἔχειν.
