4112 6444
267 354 363 410 841
1783 344 1873 402 M0

2006 346 2100 401 .IA
3518 357 3622 411 842

262 475 380 530 Ὀτι
431 480 480 530 οἱ
533 475 627 531 διὰ
655 483 747 536 τὴν
777 481 906 549 πρὸς
943 479 1068 537 τοὺς
1114 473 1398 534 ἀκούοντας
1429 470 1703 545 ἀρέσκειαν
1736 469 1858 542 ἀμε-

2006 468 2145 533 Quod
2159 468 2241 525 illi
2263 470 2367 542 qui
2391 470 2471 526 ad
2493 471 2752 540 gratiam
2779 471 3159 529 audientium
3184 479 3637 536 conciliandam

333 566 530 628 λοῦντες
585 576 680 629 τῆς
734 566 1036 641 παρῥησίας
1079 573 1178 617 τῶν
1224 571 1318 616 τοῦ
1352 570 1484 616 Θεοῦ
1537 561 1856 634 θελημάτων,

2046 560 2154 616 Dei
2183 560 2523 617 voluntates
2554 559 2740 617 libere
2789 561 3066 617 nuntiare
3110 565 3441 636 negligant,
3474 569 3635 624 exci-

2045 648 2193 705 dant
2249 666 2285 706 a
2334 650 2570 706 Domini
2638 651 2993 722 mancipio:
3035 653 3539 726 quandoquidem
3563 656 3636 712 iis

2044 738 2273 811 quibus
2303 740 2549 812 placere
2571 740 2803 810 volunt,
2838 757 2970 797 sese
2998 744 3372 816 mancipant.

2586 868 2785 937 Caput
2829 868 3026 924 XXX.

2059 954 2360 1022 Quomodo
2383 973 2478 1014 eos
2496 959 2744 1027 potestis
2767 958 3024 1019 credere,
3050 960 3155 1031 qui
3165 961 3425 1030 gloriam
3449 962 3524 1018 ab
3545 963 3637 1020 in-

1980 1051 2164 1106 vicem
2221 1049 2518 1117 accipitis,
2551 1053 2604 1104 et
2653 1049 2937 1117 gloriam,
2967 1064 3095 1120 quae
3153 1065 3189 1105 a
3222 1051 3348 1108 solo
3385 1053 3498 1108 Deo
3529 1059 3637 1121 est,

1976 1156 2096 1195 non
2124 1139 2398 1210 quceritzs
2425 1141 2450 1191 .9
2483 1139 2682 1205 (Joan.
2714 1153 2773 1206 ν,
2804 1141 2967 1207 Illa)...
3019 1139 3088 1195 Si
3132 1139 3335 1197 adhuc
3383 1142 3640 1199 homini-

1979 1231 2080 1286 bus
2100 1230 2432 1301 placerem,
2457 1227 2678 1284 Christi
2695 1243 2902 1285 servus
2922 1244 3042 1286 non
3064 1245 3244 1288 essem
3275 1233 3435 1303 (Gal.
3462 1249 3500 1302 ι,
3531 1233 3638 1305 10).

334 657 544 721 ἐκείνοις
596 659 806 719 ἑαυτοὺς
863 654 1183 722 δουλοῦντες,
1234 655 1306 716 οἷς
1353 653 1596 729 ἀρέσκειν
1631 652 1860 718 θέλουσι,

335 757 431 811 τῆς
469 757 562 802 τοῦ
596 753 790 824 Κυρίου
826 745 1122 807 δεσποτείας
1151 744 1513 800 ἐκπίπτουσιν.

913 872 1099 944 Κεφάλ.
1161 869 1221 924 λ’.

342 968 664 1017 ΙΩΑΝΝΗΣ.
720 970 833 1025 Πῶς
886 959 1115 1015 δύνασθε
1167 963 1309 1033 ὑμεῖς
1364 962 1648 1025 πιστεύειν,
1708 954 1865 1020 δόξαν

271 1055 417 1126 παρὰ
479 1051 706 1111 ἀλλήλων
764 1051 1127 1124 λαμϐάνοντες,
1211 1055 1301 1102 καὶ
1359 1055 1452 1108 τήν
1541 1046 1698 1111 δόξαν
1779 1051 1866 1106 τὴν

273 1143 415 1214 παρά
471 1150 561 1194 τοῦ
605 1147 760 1214 μόνου
815 1149 948 1196 Θεοῦ
1017 1140 1075 1193 ού
1140 1145 1415 1203 ζητοῦντες
1480 1139 1632 1210 (78);
1700 1145 1867 1192 ΠΡΟΣ

277 1233 425 1285 ΓΑΛ.
461 1231 520 1283 Εἰ
565 1233 638 1283 ἔτι
683 1229 971 1306 ἀνθρώποις
1002 1236 1244 1305 ἤρεσκον,
1281 1238 1512 1303 Χριστοῦ
1546 1225 1732 1291 δοῦλος
1775 1228 1867 1281 οὐκ

274 1317 332 1370 ἂν
364 1322 523 1390 ἥμην.

263 1441 379 1495 Ὀτι
431 1440 516 1496 δεῖ
569 1450 766 1498 σκοπὸν
815 1448 1127 1520 προκεῖσθαι
1177 1453 1248 1516 τῷ
1299 1442 1638 1514 διδάσκοντι,
1674 1446 1868 1505 πάντας

331 1537 420 1606 μεν
462 1535 530 1596 είς
559 1532 731 1610 ἄνδρα
757 1536 964 1603 τέλειον,
1001 1535 1072 1598 εἰς
1119 1539 1303 1608 μέτρον
1357 1535 1562 1594 ἡλικίας
1605 1541 1697 1587 τοῦ
1735 1534 1868 1592 πλη-

325 1629 567 1696 ρώματος
609 1633 698 1678 τοῦ
729 1633 963 1700 Χριστοῦ
993 1630 1331 1700 καταρτίσαι,
1360 1625 1580 1678 ἕκαστον
1615 1621 1674 1678 δε
1718 1623 1766 1675 iv
1795 1631 1868 1694 τῷ

335 1709 458 1786 ἰδίῳ
495 1717 750 1788 τάγματι.

1977 1446 2149 1512 Quod
2203 1445 2253 1501 is
2302 1445 2408 1518 qui
2461 1443 2656 1510 docet,
2683 1443 2847 1500 hunc
2880 1444 2994 1500 sibi
3051 1459 3393 1519 praponere
3419 1449 3640 1508 debeat

2051 1551 2328 1608 scopum,
2351 1540 2416 1590 ut
2439 1533 2711 1603 singulos
2735 1534 2795 1588 in
2818 1533 3013 1589 virum
3037 1537 3369 1606 perfectum
3391 1537 3451 1592 in
3474 1554 3641 1595 men-

2051 1641 2256 1682 suram
2293 1624 2485 1681 aetatis
2519 1623 2912 1696 plenitudinis
2945 1625 3157 1680 Christi
3192 1631 3354 1698 aptet
3379 1632 3436 1684 et
3473 1644 3638 1685 com-

2049 1721 2769 1788 ponat,unumquemque
2785 1719 2990 1770 tamen
3005 1716 3064 1770 in
3077 1715 3390 1788 suoipsius
3404 1717 3637 1776 ordine.

2575 1843 2772 1910 Caput
2808 1841 3030 1898 XXXI.

2051 1932 2256 1988 Estote
2294 1947 2434 2002 ergo
2463 1947 2562 1987 vos
2599 1932 2879 2000 perfecti.
2910 1933 3064 1987 sicut
3091 1933 3269 1988 Pater
3296 1939 3487 1990 vester
3533 1950 3643 1992 τα»-

1984 2021 2144 2077 testis
2198 2022 2507 2090 perfectus
2555 2027 2639 2076 est
2689 2019 2933 2091 (Matth.
2969 2037 3021 2086 γ,
3053 2023 3213 2093 48)...
3247 2023 3382 2078 Non
3423 2039 3536 2093 pro
3561 2025 3641 2081 eis

1981 2118 2182 2168 autem
2214 2127 2360 2180 rogo
2394 2117 2652 2179 tantum,
2673 2110 2776 2166 sed
2798 2116 2852 2166 et
2879 2127 2993 2180 pro
3019 2113 3099 2167 eis
3126 2112 3230 2184 qui
3259 2113 3512 2169 credunt
3532 2129 3642 2184 per

1982 2201 2227 2258 verbum
2258 2217 2461 2257 eorum
2494 2202 2556 2256 in
2589 2217 2680 2257 me
2704 2217 2725 2256 .'
2758 2207 2820 2256 ut
2845 2217 3046 2257 omnes
3078 2218 3265 2258 unum
3310 2205 3454 2270 sint,
3485 2207 3642 2260 sicut

1982 2296 2068 2356 tu,
2101 2292 2309 2358 Pater,
2337 2298 2397 2345 in
2421 2306 2533 2359 me,
2566 2297 2620 2346 et
2653 2305 2757 2360 ego
2788 2294 2849 2346 in
2901 2297 2977 2359 te,
3008 2297 3073 2346 ut
3101 2298 3154 2347 et
3185 2293 3304 2361 ipsi
3353 2294 3414 2348 in
3473 2295 3642 2349 nobis

1983 2393 2174 2436 unum
2199 2381 2320 2434 sint
2345 2380 2542 2450 (Joan.
2574 2395 2714 2442 xvu,
2742 2383 3000 2450 20,21)...
3023 2379 3096 2434 Et
3127 2381 3253 2450 ipse
3271 2381 3436 2437 dedit
3465 2397 3640 2453 quos-

1981 2469 2117 2525 dam
2143 2471 2378 2540 quidem
2403 2470 2725 2538 apostolos,
2747 2471 3032 2540 quosdam
3065 2476 3263 2526 autem
3290 2472 3640 2540 prophetas,

1983 2559 2135 2616 alios
2165 2566 2364 2616 autem
2392 2565 2666 2629 pastores
2692 2566 2746 2614 et
2778 2559 3048 2616 doctores
3078 2560 3158 2616 ad
3178 2564 3644 2618 consummatio-

1981 2665 2113 2705 nem
2133 2657 2481 2706 sanctorum
2504 2649 2566 2728 in
2589 2665 2737 2718 opus
2761 2652 3642 2719 mimsterii,inadiﬁcationem

1982 2743 2247 2809 corporis
2279 2739 2508 2796 Christi
2541 2757 2552 2794 :
2583 2739 2766 2795 donec
2794 2755 3148 2796 occuramus
3178 2757 3379 2796 omnes
3417 2743 3479 2797 in
3510 2745 3644 2798 uni-

1983 2833 2167 2884 tatem
2192 2828 2346 2898 ﬁdei,
2380 2834 2436 2884 et
2475 2832 2806 2899 agnitionis
2835 2829 2985 2884 Filii
3002 2830 3132 2896 Dei,
3162 2832 3225 2884 in
3280 2834 3478 2884 virum
3507 2843 3645 2897 per-

1976 2919 2227 2988 fectum,
2251 2919 2314 2974 in
2345 2933 2692 2976 mensuram
2734 2919 2927 2975 aetatis
2977 2919 3378 2989 plenitudinis
3415 2919 3647 2976 Christi

1979 3009 2223 3078 (Ephes.
2254 3023 2330 3079 IV,
2367 3011 2569 3069 11-13).

1984 3133 2157 3200 Quod
2178 3134 2240 3190 in
2261 3134 2550 3206 patientia
2575 3139 2631 3190 et
2661 3132 3127 3190 mansuetudine
3166 3133 3481 3191 erudiendi
3527 3136 3645 3194 sint

900 1836 1092 1913 Κεφάλ.
1141 1840 1238 1894 λα’.
1908 1829 1950 1883 Β

334 1935 704 1985 ΜᾹΤΘΑΙΟΣ.
785 1927 1005 1983 Ἐσεσθε
1080 1927 1167 1982 οὖν
1216 1931 1358 2002 ὑμεῖς
1431 1929 1633 1996 τέλειοι,
1695 1931 1868 2005 ὥσπερ

259 2023 284 2073 ὁ
349 2024 534 2093 Πατὴρ
561 2021 702 2092 ὑμῶν
751 2020 777 2072 ὁ
835 2017 884 2070 iv
935 2027 1043 2082 τοῖς
1084 2019 1318 2094 ούρανοίς
1348 2021 1464 2090 (79)
1491 2019 1677 2080 τέλειός
1707 2017 1870 2074 ἔστιν.

259 2116 586 2166 ῘΩΑΝΝΗΣ.
644 2110 719 2162 Ού
765 2114 882 2183 περὶ
939 2113 1134 2162 τούτων
1191 2107 1248 2163 δὲ
1307 2108 1477 2184 ἐρωτῶ
1535 2116 1709 2184 μόνον,
1745 2108 1870 2162 ἀλλὰ

259 2206 352 2254 καὶ
395 2205 514 2274 περὶ
562 2208 662 2251 τῶν
701 2203 1051 2252 πιστευόντων
1103 2196 1195 2252 διὰ
1249 2207 1341 2251 τοῦ
1399 2198 1555 2270 λόγου
1605 2199 1772 2251 αὐτῶν
1805 2199 1872 2260 εἰς

259 2289 371 2364 ίμέ·
439 2292 526 2343 ἵνα
571 2291 754 2351 πάντες
794 2288 842 2342 ἓν
893 2289 1042 2354 ὦσιν,
1083 2291 1257 2352 καθὼς
1291 2293 1375 2356 σὺ,
1421 2292 1612 2364 Πάτερ,
1652 2289 1699 2341 ἐν
1733 2289 1868 2363 ἐμοὶ,

255 2381 410 2454 κάγὼ
463 2381 511 2433 iv
566 2386 670 2448 σοὶ,
707 2383 788 2434 ἵνα
843 2386 932 2434 καὶ
984 2381 1128 2434 αὐτοὶ
1181 2379 1230 2432 iv
1288 2383 1412 2454 ἡμῖν
1462 2379 1510 2434 ἓν
1551 2382 1678 2433 ὦσιν
1732 2383 1867 2450 (80).

259 2477 434 2525 ΠΡΟΣ
483 2477 659 2525 ΕΦΕΣ.
697 2476 798 2525 Καὶ
845 2471 1003 2533 αύτός
1041 2467 1205 2523 ἔδωκε
1235 2474 1355 2533 τοὺς
1387 2473 1477 2544 μὲν
1524 2469 1870 2540 ἀποστόλους,

257 2566 386 2624 τούς
438 2558 496 2614 δὲ
552 2566 843 2636 προφήτας,
873 2565 989 2622 τοὺς
1019 2557 1078 2614 δε
1117 2565 1363 2633 ποιμένας
1393 2565 1483 2613 καὶ
1511 2557 1872 2622 διδασκάλους

260 2656 391 2727 πρός
419 2655 507 2704 τὸν
552 2655 912 2726 καταρτισμὸν
938 2660 1037 2702 τῶν
1088 2650 1269 2723 ἁγίων,
1300 2650 1371 2711 εἰς
1398 2653 1544 2726 ἔργον
1577 2647 1870 2719 διακονίας,

264 2742 336 2804 εἰς
357 2738 645 2815 οἰκοδομὴν
675 2748 767 2793 τοῦ
802 2747 1044 2813 σώματος
1075 2748 1166 2793 τοῦ
1199 2747 1456 2814 Χριστοῦ,
1481 2744 1642 2815 μέχρι
1674 2760 1870 2792 καταν-

266 2837 510 2890 τησωαεν
537 2834 587 2884 οἱ
623 2832 811 2892 πάντες
856 2831 929 2893 εἰς
967 2835 1060 2889 τὴν
1104 2829 1322 2888 ἑνότητα
1357 2840 1454 2892 τῆς
1499 2835 1745 2898 πίστεως,
1784 2835 1873 2882 καὶ

269 2930 371 2985 τῆς
394 2921 710 2993 ἆπιγνώσεως
738 2929 830 2974 τοῦ
861 2922 985 2974 Υίοῦ
1011 2929 1102 2973 τοῦ
1149 2928 1304 2989 Θεου,
1338 2923 1410 2983 είς
1453 2917 1624 2996 ἄνδρα
1660 2920 1871 2990 τέλειον,

274 3011 346 3073 εἰς
376 3015 558 3085 μέτρον
583 3011 783 3073 ἡλικίας
811 3019 903 3065 τοῦ
928 3011 1277 3086 πληρώματος
1303 3018 1396 3064 τοῦ
1437 3017 1692 3086 Χριστοῦ.

273 3135 395 3190 Ὅτι
443 3133 526 3190 δεῖ
581 3135 629 3188 iv
687 3136 988 3210 ἀνεξικακίᾳ
1033 3142 1121 3189 καὶ
1150 3141 1410 3211 πραότητι
1449 3132 1716 3188 παιδεύειν
1755 3133 1870 3207 (81)

342 3232 460 3288 τοὺς
515 3224 1048 3300 ἀντιδιατιθεμένους,
1101 3223 1481 3301 προσδοκῶντα
1533 3226 1700 3278 αὐτῶν
1777 3230 1872 3284 τὴν

339 3318 634 3390 μετάνοιαν,
694 3317 786 3378 ἕως
845 3315 905 3368 διν
986 3316 1239 3390 πληρώση
1312 3319 1370 3369 τὸ
1427 3320 1612 3392 μέτρον
1668 3323 1760 3376 τῆς
1803 3315 1876 3376 εἰς

339 3408 529 3470 αύτούς
550 3407 858 3481 ἕπιμελείας.

2054 3223 2413 3295 adversarii,
2437 3229 2782 3297 exspectata
2809 3225 3091 3280 nimirum
3143 3225 3413 3298 ipsorum
3450 3227 3641 3299 paeni-

2055 3315 2258 3382 tentia,
2311 3314 2518 3388 quoad
2575 3315 2776 3372 omnis
2833 3315 3056 3373 modus
3109 3314 3432 3388 diligentiae
3494 3331 3642 3387 erga

2052 3402 2218 3476 ipsos
2249 3403 2673 3477 adimpleatur.

914 3531 1102 3605 Κεφάλ.
1134 3529 1206 3584 λε’
1215 3573 1228 3586 .

336 3629 712 3680 ΜΑΤΘΑΙΟΣ.
755 3622 865 3676 Ούκ
935 3621 1118 3697 ἐρίσει,
1174 3617 1297 3674 οὐδὲ
1362 3623 1673 3696 κραυγάσει,
1758 3624 1876 3674 οὔτε

263 3713 486 3768 ἀκούσει
542 3733 623 3776 τις
674 3711 722 3766 iv
779 3720 896 3774 ταῖς
964 3711 1235 3774 πλατείαις
1290 3716 1384 3770 τὴν
1454 3716 1623 3784 φωνὴν
1691 3710 1871 3762 αύτου.

2571 3531 2763 3602 Caput
2806 3529 3054 3587 XXXII

2053 3619 2261 3690 Neque
2290 3619 2631 3688 contendet,
2663 3634 2853 3692 neque
2876 3620 3185 3687 clamabit,
3218 3635 3408 3691 neque
3432 3623 3641 3680 audiet

1983 3711 2210 3781 aliquis
2248 3709 2548 3779 inplateis
2572 3725 2768 3766 vocem
2814 3712 2964 3779 ejus.
2992 3710 3366 3767 Arundinem
3396 3728 3644 3784 quassa-

1988 3806 2113 3859 tam
2143 3817 2266 3856 non
2296 3801 2664 3871 confringet,
2696 3806 2752 3856 et
2783 3800 2974 3856 linum
3000 3801 3313 3871 fumigans
3344 3817 3465 3857 non
3511 3818 3643 3860 exs-

1989 3896 2245 3963 tinguet,
2274 3891 2460 3946 donec
2490 3892 2695 3960 ejiciat
2726 3891 2808 3946 ad
2832 3892 3148 3946 victoriam
3174 3892 3478 3960 judicium
3502 3894 3642 3953 (Isa.

1989 3997 2128 4052 ml,
2154 3983 2286 4049 2-4;
2316 3981 2538 4036 Matth.
2566 3995 2669 4044 ιιι,
2707 3983 2792 4048 l9,
2817 3984 2977 4044 20;...
2999 3981 3253 4037 Servum
3293 3989 3493 4038 autem
3532 3983 3646 4038 Do-

1986 4074 2139 4130 mini
2190 4089 2312 4128 non
2359 4076 2589 4143 Oportet
2642 4072 2908 4140 litigare,
2939 4072 3042 4126 sed
3096 4080 3475 4129 mansuetum
3526 4089 3647 4130 esse

1989 4165 2073 4222 ad
2101 4179 2323 4227 omnes.
2356 4163 2633 4218 idoneum
2669 4159 2848 4233 304
2880 4161 2961 4217 ad
2993 4161 3350 4230 docendum,
3385 4165 3649 4220 toleran-

1989 4261 2104 4316 tem
2151 4255 2473 4320 malorum,
2504 4254 2570 4308 in
2621 4252 3088 4308 mansuetudine
3134 4253 3504 4310 erudientem
3553 4269 3649 4310 eos

1989 4351 2096 4425 qui
2121 4348 2529 4404 adversantur
2560 4360 2573 4398 :
2607 4342 2930 4414 nequando
2972 4343 3128 4399 Deus
3159 4343 3255 4399 det
3282 4343 3410 4400 illis
3458 4345 3649 4412 pani-

1993 4440 2242 4496 tentiam
2289 4435 2371 4492 ad
2410 4433 2881 4504 cognoscendam
2930 4434 3266 4498 veritatem,
3294 4439 3350 4489 et
3411 4434 3649 4503 resipis-

1912 4550 1959 4605 D
1991 4535 2132 4588 cant
2164 4544 2202 4585 a
2241 4526 2474 4582 diaboli
2505 4526 2718 4597 laqueo
2749 4524 2841 4582 (II
2864 4523 3016 4580 Tim.
3049 4535 3110 4588 ιι,
3144 4525 3355 4593 24-26).

263 3804 517 3876 Κάλαμον
577 3806 1006 3878 συντετριμμένον
1097 3801 1156 3854 ού
1240 3800 1498 3868 κατεάξει,
1560 3805 1650 3852 καὶ
1739 3799 1875 3852 λίνον

258 3899 555 3968 τυφόμενον
612 3893 670 3946 ού
731 3891 927 3962 σϐέσει,
975 3892 1068 3954 ἕως
1134 3891 1194 3943 ἂν
1247 3889 1436 3964 ἐκϐάλῃ
1472 3891 1544 3952 εἰς
1593 3899 1734 3952 νῖκος
1781 3895 1875 3949 τὴν

260 3989 470 4060 κρίσιν.
531 3979 699 4038 ΠΡΟΣ
766 3988 907 4036 ΤΙΜ.
1092 3981 1275 4034 Δουλον
1353 3978 1412 4034 δε
1472 3985 1664 4056 Κυρίου
1697 3981 1755 4034 ού
1797 3977 1878 4034 δεῖ

258 4074 573 4149 μάχεσθαι,
607 4072 714 4125 ἀλλ’
769 4076 922 4132 ἤπιον
963 4069 1092 4125 εἶναι
1130 4077 1257 4147 πρὸς
1287 4073 1506 4136 πάντας,
1537 4068 1874 4139 διδακτικόν,

259 4163 576 4229 ἀνεξίκακον
631 4162 679 4216 iv
722 4163 987 4238 πραΰτητι
1016 4158 1337 4216 παιδεύοντα
1370 4165 1492 4223 τοὺς
1536 4159 1880 4216 ἀντιδιατιθε-

254 4260 474 4331 μένους·
528 4258 730 4328 μήποτε
780 4249 858 4324 δῷ
907 4251 1087 4315 αὐτοῖς
1116 4253 1141 4304 ό
1175 4256 1300 4313 Θεὸς
1325 4254 1599 4325 μετάνοιαν
1640 4252 1706 4314 εἰς
1737 4251 1880 4324 ἐπίγ-

253 4363 426 4399 νωσιν
472 4343 738 4415 ἀληθείας,
789 4346 878 4395 καὶ
906 4340 1240 4412 ἀνανήψωσιν
1272 4341 1326 4394 ἐκ
1374 4350 1470 4404 τῆς
1507 4360 1596 4395 του
1630 4338 1665 4394 δ
1671 4340 1880 4395 ιαϐόλου

251 4431 527 4510 παγίδος.

249 4655 388 4710 Ὀτι
423 4648 516 4706 δεῖ
542 4657 648 4712 τοῖς
706 4645 802 4703 διὰ
857 4647 1012 4723 φόϐον
1064 4652 1154 4701 καὶ
1203 4647 1468 4701 εὐλάϐειαν
1519 4651 1880 4721 παραιτουμέ-

340 4763 460 4805 νοις
537 4745 631 4800 τήν
677 4744 974 4817 παρουσίαν
1040 4759 1132 4793 του
1185 4741 1544 4813 κηρύσσοντος
1592 4741 1678 4790 τὸν
1732 4737 1882 4810 λόγον

1993 4658 2164 4727 Quod
2198 4653 2538 4713 cedendum
2563 4658 2673 4720 est,
2707 4667 2846 4708 cum
2877 4649 3066 4723 aliqui
3091 4649 3481 4722 presentiam
3513 4651 3648 4724 ejus

2063 4747 2167 4822 qui
2199 4743 2451 4802 verbum
2485 4743 2795 4817 praedicat,
2841 4745 3129 4796 recusant
3155 4739 3236 4795 ob
3267 4739 3546 4797 timorem
3577 4756 3650 4798 ac

329 4839 522 4901 εἴκειν,
557 4837 649 4885 καὶ
679 4836 751 4905 μὴ
785 4831 1083 4905 φιλονείκως
1113 4829 1402 4903 ἐγκεῖσθαι.

911 4957 1107 5015 Κεφάλ.
1159 4955 1254 5015 λν’.

913 4978 978 5012 ne
1019 4978 1107 5015 αλ.
1161 4978 1187 5009 Α
1242 4999 1254 5012 .

331 5055 638 5109 ΛΟΥΚΑΣ.
707 5053 809 5104 Καὶ
873 4980 1156 5125 ἠρὼζησαν
1188 4978 1382 5100 γαύτόν
1441 5045 1578 5099 ἅπαν
1646 5050 1704 5099 τὸ
1743 5045 1881 5105 πλῆ-

255 5145 349 5208 Θος
399 5150 511 5204 τῆς
579 5145 886 5215 περιχώρου
960 5147 1060 5191 τῶν
1119 5135 1456 5212 Γαδαρηνῶν,
1510 5135 1744 5189 ἀπελθεῖν
1793 5134 1882 5188 ἀπ’

251 5235 463 5302 αὐτῶν,
500 5231 584 5283 ὅτι
632 5229 772 5303 φόϐῳ
803 5229 1012 5304 μεγάλῳ
1054 5233 1381 5303 συνείχοντο.
1436 5226 1603 5289 Αύτός
1633 5223 1692 5280 δι
1723 5225 1883 5301 ἕμϐἀς

249 5326 329 5391 εἰς
353 5328 420 5379 τὸ
444 5321 656 5390 πλοῖον,
688 5318 1030 5394 ὑπέστρεψεν.

250 5582 285 5643 ζ
328 5507 452 5596 (Ίξ)
503 5502 770 5576 Utraque
792 5499 974 5559 editio
997 5498 1056 5553 ού
1093 5504 1384 5563 ζητοῦντες.
1417 5501 1560 5570 Reg.
1589 5498 1796 5557 tertius
1822 5501 1880 5551 ού

289 5595 498 5639 ητειτε.

289 5586 498 5639 ητεῖτε.

327 5652 457 5725 (79)
504 5648 650 5728 Reg.
700 5645 918 5728 tertius
974 5643 1310 5728 o'oupoivtog.
1363 5641 1687 5717 Aliquanto
1742 5647 1886 5716 post

174 5746 178 5749 ‘
247 5716 448 5783 idem’
465 5716 668 5786 codex
691 5718 741 5771 ἑν
772 5718 886 5791 ἐμοὶ
909 5722 1000 5770 καὶ
1026 5716 1128 5789 ἐγὼ
1151 5716 1221 5771 ἐν.

642 5811 886 5865 Punon.
930 5810 1030 5865 Gn.
1063 5805 1237 5864 XXXI.

2063 4844 2315 4908 metum,
2347 4849 2458 4891 nec
2487 4837 2725 4907 oportet
2755 4829 3130 4888 contentiosa
3153 4829 3398 4886 instare.

2569 4961 2766 5029 Caput
2807 4957 3085 5014 XXXIII

2062 5056 2144 5112 Et
2173 5057 2546 5124 rogaverunt
2585 5051 2767 5107 illum
2800 5063 2990 5104 omnis
3022 5045 3348 5104 multitudo
3395 5047 3653 5117 regionis

1995 5145 2482 5206 Gadarenorum,
2515 5145 2581 5194 ut
2609 5137 2938 5194 discederet
2969 5136 3046 5192 ab
3093 5137 3243 5206 ipsis
3276 5151 3290 5190 :
3339 5137 3484 5206 quia
3531 5150 3657 5193 ma-

1991 5251 2108 5308 gno
2160 5241 2377 5290 timore
2443 5229 2828 5288 tenebantur.
2886 5228 3023 5296 Ipse
3070 5231 3273 5282 autem
3321 5224 3656 5282 ascendens

1990 5326 2218 5393 navim,
2249 5337 2525 5380 reversus
2565 5325 2649 5377 est
2676 5319 2843 5391 (Luc.
2882 5332 3006 5384 VIII,
3039 5315 3148 5386 37).

2067 5500 2182 5570 (80)
2217 5494 2407 5552 Editio
2439 5498 2698 5570 utraque
2721 5496 2777 5548 et
2807 5491 2931 5570 duo
2952 5505 3101 5570 mss.
3156 5487 3204 5570 ἓν
3233 5483 3543 5570 ὦσινςτοὺς
3575 5482 3653 5540 δέ.

1996 5557 2195 5627 CddeX
2218 5571 2470 5626 Messen.
2501 5571 2557 5621 et
2583 5557 2723 5633 Reg.
2761 5563 2987 5622 tertius.
3023 5561 3106 5615 ita
3138 5557 3548 5633 ut‘edidimus.

2065 5641 2184 5724 (81)
2243 5641 2501 5724 Utraque
2553 5625 2736 5724 editi?
2768 5640 3046 5721 ,πραότητι
3095 5625 3422 5686 παιδεύσειν.
3493 5628 3660 5699 Regii

1996 5704 2231 5786 primas
2264 5715 2321 5768 et
2354 5704 2561 5768 te'rtius
2592 5704 2884 5761 παιδεύειν.

2847 5801 2912 5850 27
