4112 6376
465 324 569 380 84³

1839 319 1896 376 S.
1932 315 2190 375 BASlLll
2218 318 2444 378 MAGNI

3735 330 3853 387 844

463 447 637 514 Quod
662 446 744 504 ab
771 446 847 503 iis
882 444 1068 503 etiam
1123 443 1229 518 qui
1257 447 1508 517 propter
1535 443 1728 501 animi
1766 441 2101 517 impr-obita

2241 443 2364 498 Ὀτι
2413 442 2500 499 δεῖ
2555 452 2646 501 καὶ
2695 456 2799 501 τῶν
2823 446 2920 502 διὰ
2948 448 3326 524 ἀγνωμοσύνην
3364 456 3437 526 μὴ
3467 449 3846 527 καταδεχομίέ-

534 543 654 594 tem
699 535 1198 610 praedicationem
1249 533 1560 605 Evangelii
1600 549 1723 591 non
1764 534 2128 607 suscipiunt,

535 626 820 683 secedere
866 624 1225 693 debeamus,
1258 640 1333 680 ne
1385 640 1496 696 pro
1553 623 1827 697 corporis
1876 624 2130 697 quidem

526 716 988 775 necessitatibus
1007 714 1303 773 beneﬁcia
1327 714 1406 772 ab
1427 714 1576 787 ipsis
1598 714 1986 787 accipientes.

1052 843 1244 911 Caput
1274 840 1543 899 XXXIV

525 953 601 1010 Et
624 954 969 1025 quicunque
995 967 1117 1009 non
1147 953 1435 1022 receperit
1460 966 1580 1020 vos,
1607 964 1799 1023 neque
1849 948 2123 1006 audierit

457 1049 760 1102 termones
781 1050 1027 1115 vestros,
1044 1048 1324 1099 exeuntes
1347 1042 1419 1097 de
1439 1041 1738 1097 domoilta
1749 1040 1843 1096 vel
1858 1041 2128 1107 civitate,

459 1135 726 1193 excutite
771 1134 1079 1204 pulverem
1127 1133 1203 1190 de
1241 1131 1485 1202 pedibus
1532 1132 1749 1187 vestris
1783 1129 2031 1194 (Matth.
2067 1144 2125 1195 ιι,

458 1228 626 1296 14)...
647 1224 719 1280 In
737 1239 1155 1295 quamcunque
1174 1230 1371 1279 autem
1387 1223 1692 1278 civitatem
1718 1222 2125 1289 intraveritis,

460 1322 516 1371 et
541 1330 664 1371 non
690 1315 1063 1383 susceperint
1094 1328 1217 1381 vos,
1248 1318 1534 1369 exeuntes
1562 1312 1628 1367 in
1683 1312 1925 1381 plateas
1970 1312 2123 1380 ejus,

459 1405 640 1463 dicite
665 1422 677 1461 :
709 1402 916 1461 Etiam
932 1404 1246 1474 pulverem
1273 1403 1379 1475 qui
1397 1401 1657 1459 adheesit
1681 1402 1851 1459 nobis
1878 1401 1952 1458 de
1981 1401 2124 1457 civi-

460 1501 586 1553 tate
614 1500 838 1563 vestra,
862 1495 1233 1565 extergimus
1262 1511 1326 1549 in
1346 1509 1446 1550 vos
1470 1513 1490 1550 :
1521 1501 1722 1550 tamen
1754 1491 1864 1548 hoc
1889 1493 2118 1559 scitote,

458 1586 604 1659 quia
648 1586 1171 1657 appropinquavit
1203 1586 1267 1641 in
1293 1599 1391 1641 vos
1430 1598 1682 1654 regnum
1715 1582 1825 1639 Dei
1857 1583 2022 1647 (Luc.
2056 1597 2119 1647 x,

461 1679 547 1747 10,
601 1677 781 1743 it)...
846 1677 994 1732 Cum
1054 1677 1352 1732 venissent
1390 1679 1591 1731 autem
1647 1673 1722 1730 de
1759 1671 2117 1730 Macedonia

454 1766 615 1823 Silas
662 1771 719 1822 et
780 1765 1142 1831 Timotheus,
1193 1764 1581 1821 detinebatur
1624 1778 1900 1819 sermone
1951 1763 2116 1818 Pau-
2152 1802 2200 1859 Β

459 1857 575 1925 lus,
608 1855 936 1924 testiﬁcans
960 1855 1185 1911 Judaeis
1216 1870 1339 1912 esse
1365 1855 1674 1912 Christum
1709 1854 1931 1909 Jesum.
1964 1853 2113 1909 Con-

446 1948 896 2009 tradicentibus
921 1950 1120 2003 autem
1153 1946 1234 2003 eis
1292 1949 1346 2002 et
1401 1942 1980 2014 blusphemantibus,
2011 1955 2114 1999 ex-

457 2044 687 2100 cutiens
717 2041 1090 2098 vestimenta.
1123 2036 1279 2092 dixit
1310 2034 1392 2091 ad
1418 2040 1519 2091 eos‘
1546 2050 1559 2089 :
1613 2033 1872 2103 Sanguis
1922 2038 2115 2088 vester

455 2148 639 2204 super
692 2137 876 2203 caput
933 2133 1250 2185 vestrum:
1293 2124 1554 2181 mundus
1580 2136 1731 2196 ego;
1779 2138 1850 2180 ea:
1898 2121 2004 2179 hoc
2032 2119 2117 2179 ad

451 2228 658 2294 gentes
696 2221 916 2279 vadum
948 2220 1104 2291 (Act.
1148 2232 1287 2287 xvu,
1322 2217 1376 2283 ὅ,
1410 2217 1487 2286 6).

451 2421 623 2491 Quod
651 2416 1064 2477 recedendum
1088 2418 1180 2471 est
1217 2414 1295 2471 ab
1317 2411 1744 2484 immorigeris,
1776 2414 2112 2486 postquam

523 2526 670 2583 erga
724 2509 891 2583 ipsos
940 2504 1252 2565 adhibitus
1307 2501 1486 2560 fuerit
1540 2501 1743 2559 omnis
1786 2500 2112 2572 diligentiae

524 2599 771 2658 modus.

808 2698 815 2703 ’
1047 2705 1250 2773 Caput
1287 2700 1523 2758 XXXV

520 2814 881 2884 Jerusalem,
906 2810 1266 2875 Jerusalem,
1291 2823 1425 2881 qua:
1449 2805 1671 2864 occidis
1686 2805 2017 2876 prophetas
2054 2810 2109 2861 et

452 2907 692 2978 lapidas
721 2920 815 2963 eos
840 2905 947 2977 qui
964 2903 1046 2959 ad
1066 2908 1123 2958 te
1150 2901 1321 2956 missi
1339 2904 1503 2965 sunt,
1532 2899 1761 2969 quoties
1788 2898 1956 2953 volui
1973 2911 2108 2952 con-

447 3010 706 3068 gregare
751 2995 911 3065 ﬁlios
964 2998 1119 3056 tuos,
1151 2988 1655 3061 quemadmodum
1704 2987 1936 3056 gallina
1968 3001 2104 3041 eon-

445 3092 661 3158 gregat
713 3085 916 3155 putlos
964 3096 1101 3138 suos
1154 3079 1263 3136 sub
1312 3080 1446 3136 alas
1474 3093 1639 3146 suas,
1679 3083 1735 3134 et
1781 3077 2102 3133 noluistis!

2313 555 2411 587 νων
2463 540 2521 589 τό
2574 556 2822 612 κηρυγμα
2849 548 2941 592 τοῦ
2994 540 3310 613 Εύαγγελίου
3358 540 3669 617 ἀναχωρεῖν,
3706 540 3847 615 μηδὶ

2311 628 2377 678 τὰ
2400 629 2531 701 πρὸς
2587 632 2682 687 τὴν
2736 625 3026 701 ἀναγκαίαν
3054 639 3148 683 τοῦ
3203 637 3442 705 σώματος
3493 638 3681 708 χρείαν
3720 632 3845 709 παρ’

2312 715 2481 768 αὐτῶν
2507 716 2905 792 εὐεργετηθῆναι
2930 718 3278 794 ἀνεχομένους
3306 725 3439 791 (82).

2824 828 2829 833 ’
2876 846 3064 919 Κεφάλ.
3121 843 3220 902 λό’.

2311 951 2680 1003 ΜΑΤΘΑΙΟΣ.
2725 954 2827 1005 Καὶ
2885 952 2942 1014 ὃς
2992 952 3051 1005 ἆν
3104 957 3176 1027 μὴ
3239 950 3454 1017 δέξηται
3500 956 3657 1027 ῦμᾶς,
3700 950 3842 1028 μήδὶ

2241 1033 2441 1112 ἀκούση
2498 1048 2597 1092 τῶν
2653 1040 2817 1113 λόγων
2874 1041 3036 1115 ὑμῶν,
3102 1040 3433 1120 ἐξερχόμενοι
3496 1052 3592 1107 τῆς
3669 1044 3841 1108 οἰκίας

2237 1124 2454 1197 ἐκείνης,
2508 1129 2538 1188 ἣ
2626 1140 2723 1192 τῆς
2814 1131 3027 1199 πόλεως,
3098 1132 3401 1194 ἐκτινάξατε
3482 1136 3570 1186 τὸν
3628 1152 3837 1209 κονιορ-

2235 1220 2322 1269 τὸν
2362 1216 2462 1270 ἀπὸ
2516 1226 2615 1271 τῶν
2671 1216 2849 1272 ποδῶν
2900 1223 3059 1294 ὑμῶν.
3115 1228 3405 1277 ΛΘΥΚΑΣ.
3450 1223 3536 1285 Εἰς
3587 1223 3647 1281 ἣν
3686 1220 3739 1276 δ’
3777 1222 3839 1275 ἂν

2235 1306 2381 1359 πόλιν
2440 1308 2778 1383 εἰσέρχησθε,
2806 1316 2896 1363 καὶ
2930 1316 3007 1389 μὴ
3070 1309 3321 1375 δέξωνται
3365 1314 3516 1385 ὑμᾶς,
3551 1310 3839 1379 ἕξελθόντες

2234 1397 2306 1461 εἰς
2334 1400 2429 1460 τὰς
2457 1397 2704 1462 πλατείας
2733 1399 2863 1459 αὐτῆ
2876 1422 2919 1469 ς,
2946 1404 3141 1454 εἶπατει
3179 1407 3279 1456 Καὶ
3306 1405 3392 1455 τὸν
3434 1406 3699 1476 κονιορτὸν
3748 1407 3836 1456 τὸν

2232 1486 2545 1546 κολληθέντα
2596 1491 2721 1561 ἡμῖν
2747 1492 2849 1545 ἀπὸ
2880 1498 2976 1554 τῆς
3014 1491 3207 1554 πόλεως
3238 1493 3379 1564 ὑμῶν
3424 1490 3835 1565 ἀποματτόμεθα

2231 1578 2371 1650 ύμῖν·
2428 1577 2561 1637 πλὴν
2608 1587 2763 1633 τοῦτο
2800 1586 3102 1651 γινώσκετε,
3154 1582 3235 1634 ὅτι
3292 1584 3506 1653 ἤγγικεν
3551 1581 3627 1655 ἐφ’
3696 1583 3833 1655 ὑμᾶς

2228 1667 2258 1724 ἡ
2317 1665 2565 1738 βασιλεία
2617 1677 2708 1721 τοῦ
2766 1677 2921 1724 Θεοῦ.
2974 1672 3269 1726 ΠΡΑΞΕΙΣ.
3326 1671 3409 1732 Ὠς
3466 1667 3527 1724 δι
3572 1671 3832 1732 κατῆλθον

2229 1752 2329 1808 ἀπὸ
2366 1766 2456 1818 τῆς
2486 1754 2809 1819 Μακεδονίας
2840 1761 2865 1811 ὃ
2894 1778 2949 1812 τε
2984 1759 3133 1821 Σίλας
3172 1765 3261 1813 καὶ
3292 1761 3317 1812 ό
3360 1762 3613 1833 Τιμόθεος
3654 1766 3831 1814 συνεί-

2225 1865 2353 1918 χετο
2404 1855 2475 1919 τῷ
2504 1847 2638 1920 λόγῳ
2691 1849 2717 1900 ό
2763 1848 2981 1916 Παῦλος,
3029 1846 3513 1925 διαμαρτυρόμενος
3554 1858 3660 1913 τοῖς
3692 1851 3826 1905 Ἰου-

2227 1931 2398 1997 δαίοις
2449 1933 2577 1990 εἶναι
2620 1941 2735 2009 (83)
2810 1941 2898 1991 τὸν
2957 1942 3188 2015 Χριστὸν
3254 1939 3482 1998 Ἰησοῦν,
3543 1939 3826 1994 Ἀντιτασ-

2227 2030 2452 2099 σομίνων
2484 2022 2543 2081 δὶ
2583 2028 2773 2099 αύτῶν,
2804 2033 2895 2081 καὶ
2931 2027 3403 2104 βλασφημούντων,
3436 2026 3829 2104 ἓκτιναξάμενος

2223 2118 2290 2169 τὰ
2337 2117 2539 2188 ἱμάτια,
2568 2117 2677 2171 εἶπε
2722 2122 2851 2193 πρὸς
2890 2119 3091 2180 αύτούς·
3125 2124 3194 2173 Τὸ
3237 2120 3369 2193 αἷμα
3417 2121 3560 2193 ὑμῶν
3609 2119 3695 2174 ἐπὶ
3733 2125 3826 2180 τήν

2223 2205 2446 2279 κεφαλὴν
2494 2209 2656 2281 ὑμῶν’
2701 2206 2864 2271 aeuo;
2917 2208 3035 2283 ἐγώ·
3098 2207 3198 2263 ἀπὸ
3251 2217 3343 2263 τοῦ
3373 2218 3461 2264 νῦν
3504 2211 3664 2273 εἰςτά
3707 2213 3823 2271 ἔθνη

2223 2298 2380 2371 πορεύ
2390 2314 2571 2371 σομαι.

2220 2420 2342 2477 Ὀτι
2397 2420 2481 2477 δεῖ
2527 2433 2627 2478 τῶν
2684 2427 2815 2497 μετά
2841 2428 2900 2478 τὸ
2940 2425 3279 2502 πληρωθῆναι
3322 2427 3391 2489 εἰς
3435 2425 3626 2492 αύτούς
3653 2429 3823 2483 πάντα

2292 2517 2483 2588 τρόπον
2521 2512 2808 2589 ἕπιμελείας
2841 2515 3188 2570 ἀπειθούντων
3219 2514 3533 2593 ἀναχωρεῖν.

2868 2710 3058 2783 [squ].
3094 2708 3181 2768 λε’.

2289 2821 2659 2871 ΜΑΤΘᾹῙΟΣ.
2726 2816 3088 2892 Ἰερουσαλὴμ,
3156 2817 3517 2894 Ἰερουσαλὴμ,
3567 2820 3598 2877 ἠ
3658 2814 3818 2871 arma.

2216 2911 2459 2959 τείνουσα
2538 2911 2660 2968 τούς
2742 2913 3031 2983 προφήτας,
3097 2914 3188 2960 καὶ
3271 2906 3616 2961 λιθοϐολοῦσα
3691 2913 3818 2972 τοὺς

2217 2993 2636 3068 ἀπεσταλμένους
2685 3001 2811 3072 πρὸς
2883 2997 3067 3063 αύτὴν,
3127 3000 3357 3059 ποσάκις
3421 2997 3654 3057 ἠθέλησα
3707 2996 3815 3052 ἔπιέ

2216 3094 2524 3159 συναγαγεῖν
2572 3090 2638 3140 τὰ
2670 3091 2825 3140 τέκνα
2868 3106 2984 3155 σου,
3027 3087 3080 3140 ὃν
3112 3093 3301 3162 τρόπον
3333 3092 3467 3163 ὀρνις
3508 3087 3815 3160 ἐπισυνάγει

443 3176 600 3234 Ecce
610 3177 979 3248 relinquitur
996 3170 1155 3228 vobis
1168 3170 1377 3226 domus
1391 3175 1588 3225 vestra
1604 3168 1840 3224 deserta
1854 3164 2096 3237 (Matth.

2219 3177 2276 3228 τὰ
2321 3182 2513 3229 νοσσία
2565 3177 2749 3239 ἑαυτῆς
2796 3179 2897 3230 ὑπὸ
2938 3180 3026 3238 τὰς
3068 3182 3325 3252 πτέρυγας
3362 3179 3493 3238 αὐτῆ
3507 3198 3529 3240 ς
3558 3180 3690 3250 ι84),
3722 3184 3812 3231 καὶ

442 3281 610 3335 nm,
666 3269 756 3334 37,
812 3263 998 3335 38)...
1051 3260 1223 3316 Vobis
1272 3258 1586 3329 oportebat
1636 3258 1802 3329 loqui
1853 3255 2098 3313 verbum

445 3357 557 3412 Dei
580 3373 593 3411 :
626 3355 729 3411 sed
757 3352 1042 3426 quoniam
1064 3350 1358 3419 repellitis
1390 3347 1567 3415 illud,
1597 3353 1651 3404 et
1688 3346 1967 3417 indignos
2004 3359 2100 3402 vos

433 3446 731 3516 judicans
761 3449 988 3500 aeterna
1017 3442 1159 3504 vita,
1180 3454 1312 3496 ecce
1341 3438 1753 3495 convertimur
1779 3436 1861 3492 ad
1874 3441 2096 3507 gentes.

441 3535 541 3592 Sic
566 3536 720 3591 enim
733 3532 1022 3602 praecepit
1052 3530 1221 3586 nobis
1249 3530 1537 3583 Dominus
1566 3545 1579 3583 :
1615 3527 1805 3583 Posui
1830 3532 1887 3581 te
1915 3528 1977 3581 in
2011 3527 2101 3581 lu-

441 3639 564 3681 cem
594 3623 884 3694 gentium,
929 3625 996 3675 ut
1025 3620 1106 3675 sis
1155 3619 1217 3673 in
1248 3616 1506 3673 salutem
1556 3630 1745 3688 usque
1772 3614 1853 3671 ad
1895 3620 2099 3671 extre-

441 3730 602 3770 mum
632 3723 811 3771 terra:
837 3715 990 3777 (Act.
1017 3725 1139 3775 xui,
1169 3711 1258 3773 46,
1282 3708 1387 3775 47;
1418 3707 1532 3763 Isa.
1563 3721 1712 3771 χιιι,
1737 3704 1871 3777 6)...
1899 3704 2105 3760 Hareé

437 3807 622 3861 ticum
655 3804 951 3860 hominem
1009 3806 1141 3869 post
1193 3813 1378 3854 unam
1405 3802 1462 3853 et
1490 3796 1819 3852 secundam
1857 3810 2098 3864 correp-

438 3898 660 3951 tionem
711 3894 951 3949 devita:
1002 3890 1195 3945 sciens
1262 3889 1406 3961 quia
1451 3887 1771 3942 subversus
1829 3890 1935 3955 est,
1993 3886 2102 3958 qui

436 3982 738 4055 ejusmudi
761 3987 865 4042 est.
890 3986 945 4037 et
975 3979 1294 4050 delinquit,
1324 3993 1461 4033 cum
1500 3978 1577 4032 sit
1625 3990 1884 4046 proprio
1922 3975 2096 4046 judi-

437 4074 530 4132 cio
562 4070 1158 4130 condemnatustTit.
1183 4074 1269 4134 ut,
1308 4070 1393 4134 to,
1432 4068 1540 4139 tt).

436 4186 613 4265 Quod
641 4197 704 4255 in
735 4195 1024 4254 omnibus
1050 4210 1194 4265 erga
1222 4208 1435 4250 omnes
1468 4190 1770 4249 servanda
1802 4195 1890 4248 est
1912 4190 2090 4265 305

504 4287 834 4347 verborum
862 4284 1099 4342 Domini
1124 4284 1455 4354 integritas,
1484 4281 1568 4339 sic
1601 4287 1664 4340 ut
1692 4280 1843 4339 nihil
1871 4280 2091 4338 efﬁcia-

504 4383 602 4437 tur
630 4377 709 4436 ob
732 4375 923 4435 animi
950 4374 1426 4433 inclinationem.

1023 4501 1214 4573 Caput
1241 4500 1417 4558 XXX
1430 4499 1510 4556 VI

508 4613 719 4672 Testor
744 4628 950 4671 coram
974 4612 1096 4669 Deo
1124 4616 1179 4668 et
1212 4611 1457 4668 Christo
1485 4609 1648 4675 .Iesu,
1679 4613 1733 4665 et
1759 4607 1961 4665 electis
1982 4621 2088 4664 an-

425 4706 604 4777 gelis,
635 4710 701 4760 ut
730 4702 856 4761 haec
885 4702 1192 4759 custodias
1219 4703 1352 4757 sine
1387 4698 1771 4769 prcejudicio,
1795 4697 1953 4754 nihil
1984 4698 2088 4768 fa-

427 4796 586 4853 ciens
607 4794 671 4850 in
697 4794 958 4857 alteram
980 4797 1220 4862 partem
1246 4789 1611 4848 declinando
1642 4789 1699 4851 (Ι
1729 4789 1880 4844 Tim.
1900 4788 2084 4860 v,2l).

426 5013 603 5080 Quod
630 5011 872 5085 singula
896 5010 977 5069 ab
1008 5026 1081 5068 eo
1105 5009 1213 5084 qui
1233 5008 1524 5066 doctrinae
1576 5008 1886 5067 tradendae
1937 5026 2087 5083 prai-

495 5105 717 5169 ﬁcitur,
739 5100 1120 5160 considerate
1144 5105 1205 5156 et
1232 5116 1372 5156 eum
1402 5098 1594 5156 multo
1617 5099 1894 5156 examine
1923 5106 1980 5157 et
2003 5104 2088 5157 ta-

495 5191 712 5250 cienda
729 5191 849 5248 sint
867 5195 926 5248 et
940 5188 1220 5256 dicenda,
1236 5204 1307 5244 eo
1321 5203 1541 5261 nempe
1559 5187 1908 5259 consilio,ut
1931 5205 2087 5246 rem-

494 5375 607 5444 (82)
647 5373 812 5444 Regii
841 5372 1168 5445 primus‘et
1196 5370 1403 5428 tertius
1437 5368 1766 5443 ἀνεχόμενον,

491 5443 608 5517 (82:)
653 5445 800 5501 Illud
829 5443 962 5498 ιῖναι
982 5443 1260 5517 additum
1283 5449 1372 5498 est
1401 5458 1470 5517 es
1505 5445 1643 5514 Reg.
1679 5444 1872 5517 tertio.

492 5513 600 5588 (84)
634 5519 751 5574 Vox
782 5518 947 5578 αὐτῆς
977 5514 1149 5588 abest
1187 5531 1223 5572 δ.
1274 5515 1496 5588 nostris
1553 5513 1850 5570 veteribus
1882 5513 2076 5573 libris.

415 5584 547 5648 ΜόΧ
582 5594 721 5658 lleg.
754 5591 959 5660 tertius
999 5584 1206 5660 ἀφίεται
1246 5588 1271 5639 ὁ
1302 5584 1443 5649 οἶκος
1490 5588 1610 5657 ὑμῖν
1651 5589 1865 5660 ἔρημος.
1929 5588 2076 5644 Sub-

413 5664 554 5720 dien
580 5655 834 5734 utraque
866 5655 1049 5716 editio
1069 5665 1127 5717 et
1146 5658 1270 5715 duo
1301 5675 1450 5715 mss.
1500 5655 1620 5730 ὗμίν
1651 5655 2072 5731 οὖν’ἀναγκαῖον.

2211 3267 2307 3319 οὐκ
2360 3267 2683 3327 ἠθελήσατεῑ
2741 3266 2880 3323 Ἰδοὺ
2941 3267 3145 3342 ἀφίεται
3202 3271 3324 3343 ὑμῖν
3384 3272 3410 3322 ὁ
3463 3271 3604 3333 οἶκος
3668 3271 3810 3342 ὑμῶν

2212 3359 2420 3430 ἕρημος.
2476 3364 2768 3413 ΠΡΑΞΕΙΣ.
2803 3358 2946 3431 ’Υμῖν
2991 3355 3052 3417 ἦν
3093 3357 3377 3431 ἀναγκαῖον
3403 3358 3693 3420 λαληθῆναι
3721 3362 3809 3413 τὸν

2208 3444 2358 3518 λόγον
2411 3456 2503 3500 τοῦ
2562 3456 2716 3501 Θεοῦ·
2758 3444 2940 3508 ἐπειδὴ
3012 3444 3071 3501 δι
3139 3446 3432 3502 ἀπωθεῖσθε
3484 3448 3661 3511 αὐτὸν,
3722 3454 3813 3501 καὶ

2210 3536 2304 3588 οὐκ
2349 3535 2526 3600 ἀξίους
2582 3544 2776 3613 κρίνετε
2814 3538 3025 3599 ἑαυτούς
3080 3546 3176 3601 τῆς
3223 3539 3434 3591 αἰωνίου
3496 3539 3656 3607 ζωῆς,
3695 3534 3813 3591 ἰδού

2211 3629 2535 3701 στρεφόμεθα
2608 3632 2681 3689 εἱς
2740 3630 2806 3680 τὰ
2884 3628 3025 3687 ἔθνη.
3098 3628 3250 3681 Οὕτω
3331 3631 3433 3704 γὰρ
3524 3626 3814 3681 ἔντέταλται

2210 3718 2335 3789 ἡμῖν
2402 3718 2427 3769 ὁ
2489 3720 2691 3790 Κύριοςο
2759 3719 2975 3771 Τέθεικά
3056 3734 3113 3771 σε
3167 3718 3233 3779 εἰς
3299 3727 3403 3792 φῶς
3461 3716 3637 3788 ἐθνῶν,
3716 3720 3810 3771 τοῦ

2211 3800 2341 3858 εἷναί
2372 3824 2429 3859 σε
2482 3806 2550 3867 εἰς
2589 3812 2849 3880 σωτηρίαν
2894 3809 2983 3869 ἕως
3021 3806 3256 3880 ἐσχάτου
3313 3816 3406 3870 τῆς
3458 3817 3577 3880 γῆς.
3638 3814 3813 3862 ΠΡΟΣ

2207 3901 2336 3951 ΤῙΤ.
2398 3897 2667 3971 Αἱρετικόν
2717 3899 2986 3972 ἄνθρωπον
3043 3901 3174 3971 μετὰ
3229 3902 3350 3971 μίαν
3403 3902 3495 3950 καὶ
3556 3894 3807 3973 δευτέραν

2206 3987 2479 4039 νουθεσίαν
2506 3993 2784 4061 παραιτοῦ,
2819 3983 2992 4054 εἰδὼς,
3017 3990 3099 4041 ὅτι
3128 3986 3473 4063 ἐξέστραπται
3499 3988 3524 4041 ὁ
3553 3994 3806 4058 τοιοῦτος,

2204 4080 2297 4128 καὶ
2328 4074 2632 4151 ἁμαρτάνει,
2665 4076 2731 4128 ὢν
2763 4076 3226 4152 αὐτοκατάκριτος.

2204 4200 2327 4255 ’Ὁτι
2372 4206 2504 4277 πρός
2548 4204 2748 4266 πάντας
2793 4201 2843 4255 ἐν
2886 4208 3043 4257 παντὶ
3089 4204 3360 4279 πράγματι
3408 4202 3692 4277 φυλάσσειν
3726 4198 3810 4259 δεῖ

2273 4295 2368 4350 τὴν
2418 4290 2685 4367 ἀκρίϐειαν
2744 4301 2843 4346 τῶν
2903 4301 2996 4346 τοῦ
3057 4299 3254 4369 Κυρίου
3313 4294 3586 4369 ῥημάτων,
3635 4290 3807 4367 μηδεν

2268 4389 2518 4437 ποιοῦντα
2541 4386 2677 4437 κατά
2713 4383 3027 4458 πρόσκλισιν
3068 4389 3198 4455 (85).
3294 4379 3315 4391 ’

2196 4570 2201 4573 Α
2838 4508 3027 4583 Ksed).
3066 4508 3167 4575 λς’.

2268 4620 2437 4671 ΠΡΟΣ
2464 4620 2606 4672 ΤΙΜ.
2626 4612 2692 4672 α’.
2714 4619 3148 4692 Διαμαρτύρομαι
3176 4615 3396 4671 ἐνώπιον
3425 4623 3518 4670 τοῦ
3545 4622 3681 4671 Θεοῦ
3709 4619 3813 4670 καὶ

2198 4713 2433 4782 Χριστοῦ
2491 4707 2691 4776 Ἰησοῦ,
2769 4713 2860 4762 καὶ
2933 4716 3037 4761 τῶν
3107 4706 3353 4762 ἐκλεκτῶν
3422 4707 3671 4781 ἀγγέλων,
3722 4708 3810 4760 ἶνα

2196 4804 2366 4850 ταῦτα
2395 4796 2626 4871 φυλάξῃς
2655 4802 2829 4871 χωρὶς
2869 4802 3251 4871 προκρίματος,
3281 4794 3449 4871 μηδὲν
3479 4805 3641 4852 ποιῶν
3666 4798 3807 4851 κατὰ

2197 4886 2535 4962 πρόσκλισιν.

2194 5009 2316 5065 Ὅτι
2372 5008 2457 5065 δεῖ
2533 5015 2622 5066 τὸν
2678 5020 2988 5088 προεστῶτα
3036 5018 3129 5067 τοῦ
3177 5011 3331 5085 λόγου
3379 5014 3514 5086 μετὰ
3561 5012 3808 5087 περισκέ-

2265 5102 2400 5175 ψεως
2455 5109 2546 5158 καὶ
2615 5100 2935 5178 δοκιμασίας
3003 5103 3210 5165 πολλῆς,
3261 5106 3398 5158 κατᾶ
3448 5106 3645 5157 σκοπὸν
3710 5111 3806 5164 τῆς

2264 5197 2392 5270 πρὸς
2445 5197 2574 5250 Θεὸν
2628 5195 3036 5270 εὐαρεστήσεως,
3093 5194 3312 5249 ἕκαστον
3387 5201 3551 5249 ποιεῖν
3608 5212 3663 5247 τε
3711 5195 3806 5247 καὶ

2190 5373 2334 5443 Reg.
2359 5370 2597 5444 primus
2651 5368 2865 5445 niptris
2892 5370 3196 5445 ἀναγκαῖον.

2261 5442 3074 5519 (83)Utraque'editioseq'ue
3105 5462 3175 5502 ac
3203 5443 3393 5519 nostri
3428 5448 3543 5501 tres
3570 5458 3717 5499 mss.
3745 5447 3806 5501 et

2188 5515 2364 5590 bicet
2383 5516 2537 5572 intra
2564 5520 2698 5568 κατά
2720 5515 3071 5590 quam”,
3085 5520 3275 5585 juxta
3292 5518 3797 5573 exhortationem.

2189 5587 2305 5645 Sed
2365 5587 2979 5661 ulr_umque4locum_
3007 5591 3491 5661 eiiiemtaviiuus
3525 5604 3601 5644 ex
3620 5603 3800 5643 sacro

2189 5666 2351 5717 textu
2371 5652 2642 5731 vulgata,
2670 5652 2770 5716 ubi
2794 5658 3108 5734 πρόσκλισιν
3135 5658 3355 5730 legitur
3384 5662 3405 5718 Ι
3436 5659 3583 5717 Tim.
3617 5676 3671 5728 ν,
3702 5663 3795 5717 21.
3837 5697 3843 5703 ι
