4112 6382
496 383 600 436 847

1885 374 1943 430 S.
1975 373 2126 429 BASI
2135 374 2222 429 ιιι
2260 373 2454 429 MAGN
2464 374 2479 426 Ι

3750 370 3855 426 848

563 519 684 579 que
706 503 814 578 qui
837 503 898 560 in
924 499 1226 574 ejusmodi
1243 498 1533 557 doctrinis
1547 503 1935 572 perseverant
1962 497 2144 555 vehe-

2325 515 2433 558 τοις
2455 495 2564 564 (88)
2589 490 2626 548 δ
2630 491 2687 548 ιδ
2690 496 2920 568 άγμασιν
2943 492 3274 566 ἐπιμένοντας
3295 490 3714 565 ἀποστρέφεσθαι
3733 510 3857 565 σφο-

565 594 830 651 mentius
859 592 1153 650 aversari.

1185 718 1382 788 Caput
1408 718 1458 774 Ι.

577 813 676 870 Va!
702 811 934 868 homini
957 811 1070 878 illi,
1093 825 1203 878 per
1222 824 1393 880 quem
1413 807 1768 864 scandalum
1793 806 1972 861 venit.
2003 803 2082 859 Et
2099 804 2152 859 si

491 903 702 960 oculus
733 907 871 956 tuus
895 900 1271 956 scandalizat
1296 904 1518 963 te,erue
1537 911 1668 953 eum
1700 894 1949 950 (Matth.
1988 908 2144 960 nm,

480 996 645 1062 (7,9):
673 989 944 1046 similiter
968 989 1110 1044 etde
1135 1004 1320 1044 manu
1341 994 1396 1042 et
1416 986 1490 1042 de
1529 985 1804 1058 pede...A
1817 999 1948 1040 men
1973 996 2147 1038 amen

490 1076 623 1137 'dico
637 1080 827 1136 vobis:
855 1079 1101 1146 Quinon
1122 1079 1434 1145 intratper
1448 1081 1662 1130 ostium
1681 1074 1744 1128 in
1758 1073 1914 1129 ovile
1925 1087 2145 1136 ovium,

489 1171 592 1228 sed
613 1169 1165 1230 ascenditalzunde,
1182 1167 1286 1222 ille
1298 1167 1568 1236 furestet
1587 1166 1744 1222 latro
1768 1164 1954 1233 (Joan.
1983 1177 2042 1225 κ,
2074 1164 2144 1230 1).

488 1262 556 1316 Et
576 1265 712 1332 post
744 1273 966 1330 pauca:
1001 1258 1275 1312 Alienum
1307 1261 1503 1310 autem
1527 1269 1646 1309 non
1667 1259 2011 1324 sequentur,
2045 1251 2148 1306 sed

483 1350 715 1419 fugent
738 1345 812 1402 ab
835 1360 925 1401 eo:
945 1345 1086 1415 quia
1116 1359 1235 1398 non
1266 1348 1562 1398 noverunt
1595 1356 1787 1397 vocem
1808 1340 2144 1395 alienorum

487 1435 652 1505 (ibid.
679 1434 937 1503 5)...Sed
959 1433 1093 1487 licet
1117 1446 1241 1494 nos,
1277 1437 1380 1487 aut
1403 1431 1657 1499 angelus
1683 1430 1756 1485 de
1783 1429 1932 1484 caelo
1971 1442 2148 1482 evan-

481 1524 692 1592 gelizet
713 1521 873 1577 vobis
884 1527 1106 1591 praeter
1125 1520 1189 1574 id
1206 1519 1364 1591 quod
1385 1517 2048 1587 accepistis,anathema
2068 1516 2143 1571 sit

482 1613 696 1684 (Gala,
720 1612 843 1682 8)...
864 1610 1226 1679 Prophetias
1245 1609 1435 1664 nolite
1456 1622 1756 1677 spernere.
1802 1607 2014 1662 Omnia
2035 1621 2143 1662 au-

482 1707 596 1758 tem
617 1701 900 1771 probate:
929 1700 1088 1771 quod
1119 1699 1334 1754 bonum
1359 1705 1462 1768 est,
1490 1704 1701 1754 tenete.
1726 1697 1820 1752 Ab
1836 1712 1997 1753 omni
2013 1710 2142 1766 spe-

481 1793 569 1848 cie
592 1791 758 1848 mala
780 1790 1072 1847 abstinete
1091 1790 1145 1860 (I
1168 1789 1370 1845 Thess.
1392 1804 1451 1856 v,
1483 1791 1692 1855 20-22).

483 2006 659 2076 Quod
687 2005 727 2063 ii
753 2005 857 2080 qui
878 2020 1001 2062 non
1047 2003 1309 2061 multum
1360 2003 1577 2060 callent
1627 2003 1986 2076 Scripturas,
2035 2002 2141 2060 de-

549 2095 731 2154 beant
764 2112 836 2152 ex
864 2094 1119 2167 Spiritus
1151 2093 1443 2149 fructibus
1482 2095 1894 2150 characterem
1933 2109 2004 2149 ac
2032 2109 2141 2149 no-

551 2191 678 2243 tam
706 2191 1056 2241 sanctorum
1079 2198 1449 2252 agnoscere:
1501 2189 1558 2239 et
1609 2199 1711 2239 eos
1757 2181 2006 2255 quidem
2036 2181 2143 2255 qui

551 2273 698 2332 tales
719 2279 878 2339 sunt,
907 2271 1246 2343 admittere,
1296 2271 1376 2329 ab
1404 2272 1479 2330 iis
1509 2287 1652 2330 vero
1680 2272 1786 2346 qui
1828 2287 1953 2330 non
1998 2273 2143 2328 sunt

551 2362 931 2436 hujusmodi,
955 2361 1260 2420 recedere.

1159 2488 1357 2558 Caput
1386 2490 1467 2546 II.

553 2579 864 2636 Attendite
892 2593 930 2634 a
953 2579 1134 2648 falsis
1151 2579 1598 2650 prOphetis,qui
1614 2580 1813 2635 veniut
1837 2580 1918 2635 ad
1947 2595 2047 2637 vos
2077 2582 2141 2638 in

481 2671 844 2727 vestimentis
870 2669 1092 2736 ovium,
1115 2669 1475 2724 intrinsecus
1497 2673 1693 2725 autem
1714 2676 1855 2724 sunt
1888 2670 2020 2738 lupi
2046 2686 2143 2727 ra-

478 2775 678 2832 paces.
710 2763 760 2816 A
791 2758 1095 2829 fructibus
1135 2773 1338 2814 eorum
1383 2760 1743 2828 cognoscetis
1777 2775 1872 2816 eos
1898 2759 2140 2830 (Matth.

481 2864 584 2917 vn,
613 2853 698 2919 15,
727 2852 883 2914 16)...
907 2847 1241 2903 Imitatores
1272 2849 1390 2903 mei
1416 2848 1927 2918 estote,fratres,et
1950 2849 2144 2906 obser-

484 2944 623 2994 vate
637 2953 730 2994 eos
741 2938 847 3009 qui
862 2937 952 2993 ita
969 2951 1060 2992 am
1072 2937 1810 3008 bulant,quemadmodum
1832 2955 1936 2995 nos
1955 2954 2146 2996 exem-

479 3029 628 3097 plar
650 3027 877 3083 habetis
909 3027 1204 3096 (Philipp.
1233 3042 1314 3096 ιιι,
1356 3029 1463 3088 17).

490 3134 661 3202 Quod
681 3134 787 3208 qui
805 3139 961 3192 recte
981 3134 1236 3191 verbum
1252 3134 1517 3192 veritatis
1537 3139 1811 3204 tractant,
1835 3137 1875 3192 ii
1898 3137 2147 3210 perinde

563 3231 746 3298 atque
769 3226 1056 3282 Dominus
1079 3225 1197 3281 sint
1216 3225 1603 3298 suscipiendi,
1629 3226 1708 3282 ad
1738 3227 1994 3298 gloriam
2018 3230 2149 3301 ejus
2179 3217 2220 3274 Ο

565 3315 673 3389 qui
699 3314 832 3372 illos
862 3314 1178 3372 misitlesu
1218 3315 1431 3372 Christi
1454 3315 1689 3372 Domini
1719 3317 1932 3375 nostri.

1137 3421 1334 3492 Caput
1391 3422 1504 3478 III.

567 3511 928 3583 Qui’recipit
971 3527 1094 3575 vos.
1124 3528 1217 3569 me
1237 3513 1450 3582 recipit
1491 3513 1731 3583 (Matth.
1753 3530 1812 3580 x,
1840 3516 2002 3584 40)...
2034 3516 2150 3585 Qui

492 3604 704 3673 recipit
721 3605 771 3659 si
783 3618 953 3674 quem
975 3602 1212 3669 misero,
1234 3619 1326 3658 me
1347 3604 1558 3672 recipit
1580 3603 1777 3671 (Joan.
1809 3620 1931 3674 xui,
1956 3609 2143 3676 20)....

494 3693 610 3761 Qui
633 3707 732 3749 vos
766 3692 954 3754 audit,
995 3707 1086 3748 me
1123 3691 1295 3748 audit
1332 3693 1497 3758 (Luc.
1529 3708 1589 3760 x,
1627 3693 1713 3761 t6)
1747 3692 2021 3765 307....
2069 3694 2146 3750 Et

491 3783 872 3840 tentationem
895 3782 960 3836 in
982 3796 1166 3838 carne
1191 3796 1321 3837 mea
1341 3798 1462 3837 non
1483 3783 1811 3850 sprevistts,
1840 3800 2028 3854 neque
2056 3800 2146 3842 re-

487 3873 765 3942 spuistis:
794 3871 898 3928 sed
915 3872 1068 3927 sicut
1096 3872 1376 3942 angelum
1398 3873 1508 3929 Dei
1525 3874 1840 3942 excepistis
1857 3889 1968 3944 me,
1990 3878 2144 3932 sicut

493 3962 797 4018 Christum
824 3962 1022 4018 Jesum
1051 3961 1214 4028 (Gal.
1237 3977 1318 4031 ιν,
1347 3964 1455 4024 14).

491 4069 663 4137 Quod
695 4070 801 4142 qui
833 4085 954 4126 non
980 4069 1324 4126 auscultant
1362 4070 1432 4126 iis
1461 4071 1567 4143 qui
1594 4069 1910 4128 mittuntur
1954 4088 1991 4129 a
2041 4075 2149 4130 Do-

560 4159 751 4226 mino,
773 4160 972 4215 nonin
1003 4174 1106 4214 eos
1137 4158 1320 4214 modo
1363 4160 1785 4216 contumeliosi
1827 4169 1988 4228 sunt,
2041 4163 2148 4219 sed

563 4247 625 4304 in
655 4265 793 4305 eum
825 4250 1004 4305 etiam
1027 4249 1129 4316 qui
1159 4250 1324 4321 ipsos
1352 4250 1512 4305 misit
1540 4267 1553 4305 :
1587 4250 1734 4323 quin
1766 4257 1824 4307 et
1854 4251 1967 4307 sibi
1999 4252 2147 4324 ipsis

555 4338 851 4409 judicium
875 4339 1119 4408 gravius
1143 4341 1466 4410 asciscunt,
1491 4355 1679 4412 quam
1694 4340 1863 4414 quod
1883 4341 1944 4397 in
1961 4341 2146 4399 Sodo-

557 4445 693 4485 mos
721 4444 792 4486 ac
823 4429 1188 4486 Gomorrhas
1213 4429 1517 4502 prolatum
1548 4434 1658 4488 est.

1135 4538 1336 4607 Caput
1380 4537 1488 4593 IV.

2330 581 2365 636 δ
2366 604 2396 657 ρ
2403 590 2595 660 ότερον.

2899 709 3087 782 Κεφάλ.
3147 707 3212 764 α’.

2327 806 2693 856 ΜΛΤΘΑΙΟΣ.
2709 799 2845 852 Ούαὶ
2866 807 2938 870 τῷ
2960 798 3213 874 ἀνθρώπῳ
3233 797 3426 868 έκείνῳ,
3442 792 3517 849 δι’
3537 795 3598 849 οὗ
3614 799 3672 849 τό
3695 797 3855 848 σκάν-

2258 885 2415 942 δαλον
2445 893 2680 966 ἔρχεται.
2716 894 2816 944 Καὶ
2845 889 2890 942 εὶ
2927 891 2953 941 ό
2984 888 3241 961 ὀφθαλμός
3283 907 3378 940 σου
3407 883 3750 946 σκανδαλίζει
3776 903 3852 952 σε,

2256 978 2387 1041 ἔξελε
2400 979 2554 1032 αύτόν
2575 1000 2586 1013 ο
2603 981 2793 1052 ὁμοίως
2806 985 2896 1032 καὶ
2907 981 3215 1054 περὶχειρός
3229 982 3318 1030 καὶ
3333 972 3517 1038 ποδός.
3534 980 3852 1029 ῙΩΑΝΝΗΣ.

2259 1069 2422 1142 Ἀμὴν
2453 1067 2589 1142 ἀμὴν
2609 1069 2738 1142 λέγω
2759 1071 2881 1142 ύμῖν
2902 1091 2913 1102 ·
2938 1072 2963 1122 ό
2985 1074 3056 1142 μὴ
3081 1069 3447 1143 εἰσερχόμενος
3469 1063 3564 1118 διὰ
3582 1073 3677 1126 τῆς
3700 1067 3857 1139 θύρας

2257 1159 2328 1220 εἰς
2354 1164 2440 1217 τὴν
2463 1158 2622 1217 αύλὴν
2643 1168 2742 1212 τῶν
2763 1157 3056 1234 προϐάτων,
3082 1157 3210 1210 ἀλλά
3233 1156 3519 1209 ἀναϐαίνων
3542 1154 3853 1226 ἀλλαχόθεν,

2256 1244 2438 1307 ἐκεῖνος
2464 1246 2686 1309 κλέπτης
2717 1246 2830 1299 ἐστί
2852 1251 2941 1298 καὶ
2960 1246 3020 1319 λῃ
3032 1252 3127 1304 στή
3141 1267 3179 1308 ς.
3215 1251 3317 1299 Καὶ
3337 1243 3441 1317 μετ’
3462 1243 3614 1314 ὀλίγα
3636 1263 3648 1276 ·
3685 1241 3857 1294 Ἀλλο-

2255 1341 2382 1410 τρίῳ
2415 1333 2449 1388 δ
2453 1340 2474 1388 ὲ
2504 1335 2561 1388 ού
2583 1341 2654 1408 μὴ
2681 1334 3108 1394 ἀκολουθήσωσιν
3141 1335 3276 1406 (89),
3325 1333 3453 1386 ἀλλά
3473 1332 3743 1406 φεύξονται
3765 1329 3855 1383 ἀπ’

2256 1424 2438 1493 αὑτοῦ,
2463 1427 2543 1477 ὅτι
2570 1425 2663 1478 ούκ
2689 1421 2872 1478 οἴδασι
2900 1433 3001 1477 τῶν
3028 1423 3304 1498 ἀλλοτρίων
3325 1428 3420 1482 τὴν
3453 1427 3642 1494 φωνήν.
3685 1427 3856 1475 ΠΡΟΣ

2256 1520 2404 1568 ΓΑΑ.
2442 1513 2596 1568 Ἀλλά
2625 1519 2714 1567 καὶ
2744 1514 2828 1567 έάν
2860 1516 3033 1587 ἡμεῖς,
3065 1515 3094 1573 ἣ
3124 1513 3342 1586 ἄγγελος
3372 1511 3426 1575 ἐξ
3463 1511 3683 1585 ούρανοῦ
3705 1509 3856 1581 εύαγ-

2251 1602 2430 1674 γελίζη
2441 1623 2525 1656 ται
2550 1605 2672 1676 ύμῖν
2692 1605 2816 1678 παρ’
2837 1603 2862 1655 ὃ
2884 1603 3216 1678 παρελάϐετε,
3249 1601 3482 1674 ἀνάθεμα
3505 1603 3659 1654 ἔστω.
3686 1605 3855 1652 ΠΡΟΣ

2253 1699 2434 1748 ΘΕΣΣ.
2467 1691 2530 1748 α’.
2563 1697 2886 1767 Προφητείας
2915 1698 2986 1766 μὴ
3029 1691 3354 1755 έξουθενείτε.
3407 1693 3582 1744 Πάντα
3622 1686 3853 1761 δοκιμά-

2253 1781 2364 1842 ζετε
2385 1784 2497 1855 (90)
2533 1805 2545 1816 ·
2579 1787 2637 1836 τό
2658 1783 2813 1836 καλὸν
2833 1787 3106 1856 κατέχετε.
3142 1787 3252 1836 Από
3277 1786 3469 1845 παντὸς
3494 1777 3668 1841 εἴδους
3689 1798 3853 1838 πονη-

2170 1852 2212 1910 Β
2249 1879 2344 1944 ροῦ
2368 1852 2651 1945 ἀπέχεσθε.

2249 1994 2370 2050 Ὀτι
2401 1994 2484 2051 δεῖ
2511 2003 2634 2062 τούς
2660 2003 2731 2072 μὴ
2760 1997 2950 2058 πολλὴν
2982 2001 3198 2072 ἔχοντας
3217 2002 3311 2057 τὴν
3341 2005 3442 2050 τῶν
3484 2002 3696 2073 Γραφῶν
3726 2001 3855 2068 γνῶ-

2326 2106 2429 2155 σιν,
2457 2086 2504 2140 έν
2529 2097 2634 2151 τοῖς
2666 2096 2882 2164 καρποῖς
2916 2097 3005 2142 τοῦ
3030 2091 3326 2161 Πνεύματος
3346 2087 3616 2161 γνωρίζειν
3645 2088 3730 2138 τόν
3752 2104 3853 2158 χα-

2322 2185 2562 2252 ρακτῆρα
2590 2187 2690 2230 τῶν
2721 2179 2882 2250 ἁγίων
2906 2201 2920 2215 ο
2977 2183 3066 2231 καὶ
3109 2181 3231 2239 τούς
3264 2182 3356 2252 μεν
3397 2179 3662 2239 τοιούτους
3703 2171 3856 2248 δέχεο

2325 2269 2470 2335 σθαι,
2511 2273 2634 2331 τοὺς
2673 2265 2733 2322 δε
2770 2267 2934 2330 ἄλλως
2974 2271 3190 2342 ἔχοντας
3231 2266 3674 2344 ἀποστρέφεσθαι.

2895 2485 3087 2560 Κεφάλ.
3137 2483 3210 2558 β’.

2323 2581 2551 2630 ΜΑΤΘΑ
2565 2582 2690 2632 ΙΟΣ.
2719 2581 3015 2651 Προσέχετε
3046 2572 3104 2628 δὲ
3135 2573 3235 2628 ἀπό
3256 2583 3354 2627 τῶν
3380 2572 3848 2650 ψευδοπροφητῶν,

2253 2669 2432 2728 οἵτινες
2470 2669 2716 2741 ἔρχονται
2740 2669 2869 2742 πρὸς
2900 2667 3031 2739 ὑμᾶς
3061 2664 3108 2717 ἐν
3132 2661 3392 2740 ἐνδύμασι
3413 2665 3701 2740 προϐάτων,
3727 2668 3854 2717 ἔσω-

2256 2757 2335 2809 θεν
2367 2752 2427 2808 δέ
2452 2757 2556 2810 εἰσι
2593 2756 2741 2809 λύκοι
2788 2757 3038 2831 ἅρπαγες.
3081 2755 3211 2811 Ἀπὸ
3261 2764 3360 2808 τῶν
3417 2765 3625 2831 καρπῶν
3681 2757 3852 2809 αὐτῶν

2254 2845 2604 2918 ἐπιγνωσεσθε
2633 2849 2835 2907 αὐτούς.
2872 2852 3039 2899 ΠΡΟΣ
3079 2851 3340 2901 ΦΙΛΙΠΠ.
3385 2851 3722 2920 Συμμιμηταί
3752 2867 3854 2920 μου

2253 2937 2481 3008 γίνεσθε,
2515 2933 2747 3008 ἀδελγοὶ,
2781 2940 2870 2988 καὶ
2899 2943 3136 2990 σκοπεῖτε
3161 2940 3277 2998 τούς
3325 2936 3461 2990 οὕτω
3516 2945 3858 3013 περιπατοῦνο

2255 3045 2370 3092 τας,
2402 3027 2571 3087 καθὼς
2601 3029 2746 3098 ἔχετε
2783 3029 2941 3078 τύπον
2968 3029 3128 3100 ἡμᾶς.

2257 3131 2378 3187 Ὀτι
2409 3129 2493 3188 δεῖ
2520 3143 2619 3186 τῶν
2641 3134 3060 3211 ὀρθοτομοῦντων
3091 3139 3177 3189 τόν
3207 3135 3358 3208 λόγον
3388 3144 3480 3198 τῆς
3509 3135 3858 3211 ἀληθείαςοῦ-

2330 3243 2426 3286 τως
2451 3221 2752 3296 ἀνέχεσθαι,
2776 3227 2841 3286 ὡς
2859 3233 2950 3278 τοῦ
2974 3228 3080 3296 (9i)
3117 3231 3328 3302 Κυρίου,
3373 3226 3446 3288 εἰς
3487 3222 3647 3289 δόξαν
3699 3226 3858 3279 αύτοῦ

2331 3321 2422 3366 τοῦ
2445 3311 2844 3377 ἀποστείλαντος
2871 3314 3048 3373 Ἰησοῦ
3071 3321 3307 3390 Χριστοῦ
3345 3323 3438 3370 τοῦ
3471 3320 3666 3392 Κυρίου
3688 3316 3853 3390 ἡμῶν.

2929 3424 3098 3498 Κεφάλ
3125 3424 3193 3497 γ’.

2327 3519 2692 3570 ΜΑΤΘΑΙΟΣ.
2716 3515 2774 3568 Ὀ
2805 3512 3086 3589 δεχόμενος
3106 3517 3258 3589 ὑμᾶς,
3285 3513 3372 3588 έμε
3397 3511 3636 3588 δέχεται.
3671 3519 3859 3570 “IAN.

2252 3609 2310 3656 Ὀ
2334 3602 2606 3678 λαμϐάνων
2635 3604 2719 3658 έάν
2741 3625 2858 3658 τινα
2881 3605 3093 3680 πέμψω,
3127 3604 3212 3680 έμε
3249 3605 3521 3679 λαμϐάνει.
3567 3612 3862 3664 ΛΟΥΚΔΣ.

2254 3697 2313 3750 Ὀ
2362 3695 2560 3749 ἀκούων
2604 3698 2769 3769 ὑμῶν,
2801 3693 2925 3768 ἐμοῦ
2979 3694 3174 3752 ἀκούει.
3224 3703 3394 3750 ΠΡΟΣ
3434 3703 3588 3752 ΓΔΑ.
3625 3701 3726 3750 Καὶ
3767 3699 3860 3749 τὸν

2255 3791 2567 3862 πειρασμόν,
2602 3789 2688 3837 τόν
2739 3785 2786 3837 έν
2838 3793 2898 3858 τῇ
2955 3791 3110 3860 σαρκί
3139 3805 3262 3860 μου,
3317 3786 3410 3838 ούκ
3460 3785 3857 3854 ἐξουθενήσατε,

2257 3873 2380 3930 οὐδε
2411 3876 2741 3943 ἐξεπτύσατε,
2768 3873 2875 3928 ἀλλ’
2907 3878 2977 3937 ὡς
3001 3875 3219 3949 ἄγγελον
3249 3884 3382 3930 Θεοῦ
3410 3871 3658 3939 ἐδέξασθέ
3680 3893 3763 3948 με,
3789 3877 3862 3938 ὡς

2256 3970 2488 4040 Χριστὸν
2519 3968 2744 4024 Ἰησοῦν.

2253 4073 2375 4128 Ὀτι
2404 4075 2453 4126 oi
2475 4071 2804 4136 ἀπειθοῦντες
2832 4080 2941 4137 τοῖς
2977 4077 3123 4150 παρά
3146 4082 3237 4127 τοῦ
3262 4079 3453 4150 κυρίου
3485 4071 3865 4145 ἀποστελλομέ-

2327 4183 2453 4234 νοις,
2483 4167 2576 4220 τὴν
2625 4160 2837 4236 ἀτιμίαν
2889 4162 2948 4215 ού
2988 4167 3152 4236 μέχρι
3204 4165 3398 4215 τούτων
3442 4163 3680 4228 ἱστῶσιν,
3731 4158 3865 4214 ἀλλά

2329 4251 2612 4324 ἀνάγουσιν
2643 4251 2726 4306 ἐπὶ
2755 4257 2841 4305 τὸν
2874 4251 3269 4319 ἀποστείλαντα,
3311 4257 3402 4304 καὶ
3451 4259 3615 4326 κρῖμα
3654 4245 3863 4313 ἑαυτοῖς

2323 4351 2504 4417 χεῖρον
2524 4352 2623 4395 τῶν
2645 4341 2693 4395 έν
2715 4339 2964 4416 Σοδόμοις
2983 4345 3072 4396 καὶ
3095 4341 3380 4418 Γομόρροις
3404 4341 3745 4396 ἐπισπῶνται.

2895 4541 3086 4615 Κεφάλ.
3142 4538 3209 4600 δ’.

551 4626 634 4683 Et
662 4626 1005 4699 quicunque
1022 4641 1144 4683 non
1183 4606 1476 4694 receperit
1499 4641 1624 4691 vos,
1664 4641 1855 4699 neque
1877 4627 2143 4686 audierit

2322 4637 2688 4688 ΜΑΤΘΑιοΣ.
2754 4637 2855 4686 Καὶ
2908 4606 3075 4693 ὅς’ἀν
3133 4637 3204 4706 μὴ
3276 4628 3492 4696 δέξηται
3541 4633 3698 4704 ὑμᾶς,
3747 4651 3861 4704 μη-

480 4730 776 4773 sermones
796 4723 1328 4784 vestros,exeuntes
1347 4716 1420 4772 de
1430 4717 1672 4773 civitate
1691 4725 1796 4773 aut
1819 4719 1992 4774 domo
2005 4720 2136 4787 illa,

477 4807 739 4862 excutite
754 4807 1065 4876 pulverem
1082 4807 1154 4862 de
1172 4806 1420 4875 pedibus
1438 4807 1670 4862 vestris.
1688 4809 1868 4863 Amen
1890 4809 2022 4863 dico
2040 4825 2138 4865 vo-

480 4895 586 4964 bis,
616 4896 994 4951 tolerabilius
1015 4898 1127 4951 erit
1161 4902 1341 4952 terra:
1377 4896 1770 4952 Sodomorum
1807 4903 1862 4953 et
1897 4898 2139 4954 Gomor-

475 4983 784 5041 rhteorum
806 4986 868 5039 in
890 4983 988 5039 die
1005 4984 1242 5053 iudicii,
1256 4999 1437 5055 quam
1454 4985 1553 5040 illi
1565 4985 1802 5041 civitati
1815 4986 2134 5057 (Matth.x,

477 5077 562 5147 14,
617 5078 810 5145 15)....
871 5072 986 5140 Qui
1027 5088 1128 5130 vos
1172 5075 1427 5141 spernit,
1475 5089 1568 5132 me
1605 5076 1836 5146 spernit
1875 5077 2044 5145 (Luc.
2071 5093 2132 5146 x,

543 5407 656 5485 (88)
683 5409 848 5483 Regii
880 5413 1186 5470 secundus
1221 5413 1279 5469 et
1321 5407 1529 5470 tertius
1566 5412 1652 5466 καὶ
1697 5419 1806 5478 τοῖς
1850 5413 2125 5476 τοιούτοις.

469 5484 728 5557 Utraque
749 5485 930 5542 editio
962 5491 1050 5538 καὶ
1079 5489 1203 5557 τούς
1232 5489 1518 5548 τοιούτους.

535 5556 650 5625 (89)
680 5557 869 5614 Editio
891 5557 1073 5613 Paris.
1107 5556 1502 5613 ἀκολουθοῦσιν.
1539 5557 1729 5615 Editio
1757 5561 1906 5617 Ven.
1944 5563 2003 5616 et
2024 5574 2128 5616 an-

464 5625 614 5700 tiqui
632 5633 761 5700 (tres
792 5627 932 5685 libri
965 5628 1219 5688 ἀκολουθή
1231 5649 1415 5700 σωσιν.

534 5698 649 5771 (90)
684 5703 916 5757 Veteres
947 5701 1070 5756 duo
1107 5701 1243 5757 libri
1276 5698 1669 5774 δοκιμάζοντες.

2253 4720 2312 4776 δὲ
2383 4723 2585 4795 ἀκούσῃ
2666 4727 2784 4784 τούς
2868 4723 3055 4794 λόγους
3133 4723 3296 4794 ὑμῶν,
3371 4721 3700 4797 ἐξερχόμενοι
3755 4729 3863 4785 τῆς

2249 4813 2444 4874 πόλεως
2502 4814 2531 4871 ἦ
2589 4822 2682 4875 τῆς
2736 4813 2906 4874 οἰκίας
2963 4811 3178 4876 ἐκείνης,
3232 4811 3530 4875 ἐκτινάξατε
3603 4815 3690 4863 τόν
3757 4831 3860 4865 κο·-

2248 4907 2448 4976 νιορτὸν
2495 4911 2592 4954 τῶν
2654 4899 2832 4955 ποδῶν
2885 4903 3050 4975 ὑμῶν.
3111 4902 3275 4974 Ἀμὴν
3335 4901 3468 4973 λέγω
3539 4902 3681 4974 ύμῖν,
3769 4898 3863 4954 ἂν·

2248 4999 2511 5068 εκτο’τερον
2594 4995 2742 5044 ἔσται
2821 5001 2890 5065 γῇ
2975 4987 3217 5065 Σοδόμων
3298 4997 3389 5044 καὶ
3474 4990 3737 5065 Γομόρρας
3807 4990 3860 5044 έν

2245 5084 2417 5159 nisi”
2452 5087 2696 5158 κρίσεως,
2745 5083 2775 5142 ἦ
2824 5090 2886 5156 τῇ
2947 5081 3091 5136 πόλει
3147 5080 3310 5156 ἐκείνῃ
3344 5082 3480 5154 (92).
3558 5085 3854 5138 ΛΟΥΚΑΣ,

2313 5419 2424 5483 (91)
2456 5413 2645 5474 Editio
2665 5415 2843 5473 Paris.
2874 5409 3233 5489 ἀναδέχεσθαι
3255 5417 3324 5479 ὡς
3345 5422 3437 5489 τοῦ
3455 5435 3467 5449 ο
3491 5429 3684 5489 quam
3702 5412 3857 5489 seri:-

2239 5495 2481 5564 pturam
2504 5505 2625 5564 non
2646 5489 2780 5544 ideo
2793 5485 3388 5564 reprobaiuus,quo_d
3407 5485 3611 5564 inepta
3637 5485 3860 5564 s_it.sed

2237 5558 2402 5636 quod
2432 5561 2599 5636 nullo
2621 5558 2886 5636 veterum
2910 5560 3203 5616 librorum
3235 5558 3577 5636 testimonio
3603 5558 3852 5613 nitatur.

2239 5629 2430 5690 Editio
2453 5633 2601 5689 Ven.
2629 5639 2688 5689 et
2704 5634 2886 5689 nostri
2911 5640 3026 5689 tres
3051 5648 3200 5688 mss.
3234 5629 3518 5703 ἀνέχεσθαι
3539 5631 3604 5691 ὡς
3623 5636 3737 5703 τοῦ.

2307 5708 2424 5774 (92)
2445 5708 2569 5762 Vox
2591 5704 2755 5777 ἐκείνῃ
2793 5705 2999 5762 addita
3030 5711 3123 5760 est
3151 5719 3224 5760 ex
3253 5701 3424 5759 libris
3450 5701 3739 5774 antiquis.
