4112 6378
335 285 441 342 849

1849 284 2186 341 MORALIA.

3596 287 3702 340 850

335 406 396 460 ’0
436 406 626 460 ἀθετων
652 409 803 480 ὑμᾶς,
835 405 922 480 ius
949 405 1119 460 ἀθετεῖ
1147 413 1316 462 ΠΡΟΣ
1346 414 1529 463 ΘΕΣΣ.
1557 405 1620 462 α’.
1643 413 1925 481 Τοιγαροῦν

2059 409 2243 476 l6).....
2261 406 2472 476 Itaque
2495 407 2603 477 qui
2627 408 2999 478 spernit,non
3021 409 3318 466 hominem
3339 407 3703 480 spernit,sed

336 496 362 549 ὁ
393 494 602 562 ἀθετῶν,
637 497 729 550 ούκ
757 499 1026 573 ἄνθρωπον
1055 496 1240 563 ἀθετεῖ,
1283 496 1410 550 ἀλλὰ
1434 501 1520 550 τὸν
1552 501 1702 564 Θεὸν,
1733 501 1820 550 τόν
1839 501 1929 550 καὶ

339 581 499 638 δοντα
523 589 580 638 τὸ
613 593 822 660 Πνεῦμα
861 587 1020 641 αύτοῦ
1051 591 1108 640 τὸ
1134 587 1280 658 ἅγιον
1312 585 1382 648 εἰς
1411 588 1549 659 ἡμᾶς
1580 587 1712 656 (93).

333 709 453 764 Ὀτι
485 707 569 764 δεῖ
595 717 688 770 τὴν
721 709 1071 765 διδασκαλίαν
1099 720 1198 764 τῶν
1237 711 1446 764 ἐντολῶν
1477 719 1569 764 τοῦ
1611 717 1804 784 Κυρίου
1836 711 1930 764 οῦ-

407 820 508 864 τως
538 798 816 874 δέχεσθαι,
849 805 914 865 ὡς
955 803 1093 865 ζωῆς
1122 802 1332 856 αἰωνίου
1385 807 1474 856 καὶ
1515 801 1789 876 βασιλείας
1837 801 1929 854 ού-

407 900 572 966 ρανῶν
598 897 986 965 περιποιητικήν
1020 913 1034 927 ο
1065 899 1154 945 καὶ
1191 895 1472 968 προθύμως
1497 892 1712 968 ἐνεργεῖν
1745 891 1926 960 αύτὴν,

409 980 504 1034 κᾶν
536 984 766 1044 ἐπίπονος
793 983 920 1035 εἴναι
961 979 1115 1058 δοκῇ.

997 1180 1184 1253 Κεφαλ.
1219 1180 1271 1238 ε’.

403 1292 716 1342 ῙΩΑΝΝΗΣ·
751 1289 909 1362 ’Δμὴν
935 1287 1073 1362 ἀμὴν
1102 1288 1232 1361 λέγω
1265 1289 1406 1362 ύμῖν,
1439 1290 1519 1341 ὅτι
1566 1289 1592 1341 ὁ
1639 1291 1723 1340 τὸν
1779 1287 1930 1360 λόγον

330 1396 430 1450 μου
454 1375 674 1446 ἀκούων,
705 1383 796 1432 καὶ
825 1381 1084 1431 πιστεύων
1115 1388 1186 1449 τῷ
1216 1376 1481 1452 πέμψαντί
1519 1397 1601 1451 με,
1637 1381 1751 1450 ἔχει
1792 1377 1930 1438 ζωὴν

329 1466 554 1534 αἰώνιον,
597 1472 687 1520 καὶ
714 1469 786 1531 εἰς
810 1473 986 1544 κρίσιν
1014 1469 1106 1521 ούκ
1133 1471 1366 1541 ἔρχεται,
1415 1467 1542 1520 ἀλλά
1587 1466 1930 1541 μεταϐέϐηκεν

329 1555 386 1610 ἐκ
423 1565 514 1610 τοῦ
556 1558 778 1611 θανάτου
819 1558 890 1619 εἰς
929 1562 1021 1617 τὴν
1046 1558 1204 1618 ζωήν.
1248 1563 1543 1613 ΠΡΑΞΕΙΣ.
1576 1557 1930 1629 Εύαγγελισοί-

328 1651 470 1719 μενοί
495 1665 548 1699 τε
586 1652 680 1704 τὴν
707 1647 854 1699 πολιν
885 1646 1079 1705 ἐκείνην
1118 1651 1233 1716 (94)
1264 1652 1353 1701 καὶ
1375 1649 1788 1720 μαθητεύσαντες
1821 1649 1931 1700 ἰκα-

2038 496 2362 566 Deum,qui
2395 495 2576 552 etiam
2605 495 2764 551 dedit
2794 497 3087 566 Spiritum
3112 512 3286 552 suum
3315 505 3596 554 sanctum
3635 498 3700 555 in

2040 585 2211 642 nobis
2251 587 2304 649 (Ι
2334 585 2532 642 Thess.
2568 600 2646 651 1v,
2677 586 2752 655 8).

2042 711 2214 779 Quod
2243 712 2519 768 doctrina
2571 711 3008 768 mandatorum
3050 711 3287 768 Domini
3336 711 3418 768 ita
3439 711 3513 768 sit
3550 712 3703 768 acci-

2111 801 2655 875 pienda,tanquam
2677 817 2813 875 quas
2834 801 3015 857 vitam
3045 806 3333 858 aeternam
3353 806 3410 857 et
3446 816 3705 874 regnum

2113 893 2404 948 cmlorum
2426 891 2604 948 nobis
2646 891 2958 948 conciliet:
2993 893 3133 948 item
3174 890 3342 964 quod
3369 889 3705 947 debeamus

2110 981 2171 1037 in
2198 997 2271 1038 ea
2301 982 2572 1038 studiose
2599 998 2711 1038 nos
2741 997 3040 1051 exercere,
3074 980 3212 1038 licet
3241 979 3437 1038 ardua
3464 985 3520 1039 et
3555 979 3705 1038 ditﬁ-

2112 1071 2240 1128 cilis
2273 1087 2403 1128 esse
2435 1071 2731 1128 videatur.

2718 1177 2912 1250 Caput
2950 1180 3013 1235 V.

2109 1288 2302 1344 Amen
2315 1302 2488 1344 amen
2505 1288 2639 1344 dico
2659 1289 2992 1360 vobis.quia
3012 1290 3118 1360 qui
3132 1289 3377 1348 verbum
3389 1303 3583 1346 meum
3599 1303 3706 1345 au-

2039 1377 2210 1443 dit,et
2226 1377 2414 1433 credit
2436 1379 2491 1433 ei
2510 1379 2614 1450 qui
2635 1379 2792 1433 misit
2810 1377 3107 1445 me,habet
3125 1381 3309 1435 vitam
3332 1381 3707 1448 zternam,“

2038 1477 2101 1530 in
2105 1467 2413 1536 judicium
2437 1484 2554 1523 non
2581 1468 2871 1532 venit,sed
2891 1469 3137 1524 transiit
3161 1484 3199 1524 a
3220 1474 3410 1524 morte
3430 1469 3494 1523 in
3518 1469 3704 1524 vitam

2038 1557 2771 1630 (Joan.v,2s’r)....Cumque
2799 1559 3308 1628 evangetizassent
3329 1558 3566 1614 civitati
3583 1557 3702 1625 itti,

2040 1652 2097 1704 et
2125 1647 2464 1703 docuissent
2488 1649 2728 1717 multos,
2748 1648 2976 1704 reversi
3004 1653 3144 1703 sunt
3166 1649 3474 1719 Lystram,
3495 1653 3550 1704 et
3570 1647 3705 1704 1co-

326 1739 466 1802 νούς,
500 1735 830 1812 ὑπέστρεψαν
857 1737 922 1798 εἰς
947 1741 1040 1795 τὴν
1087 1739 1352 1812 Λύστραν,
1404 1743 1493 1790 καὶ
1542 1737 1774 1806 Ἰκόνιον,
1837 1741 1925 1788 καὶ

2059 1738 2292 1802 iium,et
2319 1736 3157 1806 Antiochiam.conﬁrmantes
3188 1739 3423 1794 animas
3453 1737 3708 1806 discipu-

330 1825 674 1898 ’Δντιόχειαν,
727 1825 1151 1901 ἐπιστηρίζοντες
1182 1829 1273 1889 τὰς
1313 1826 1494 1900 ψυχὰς
1523 1835 1618 1880 τῶν
1658 1829 1928 1901 μαθητῶν,

327 1915 746 1991 παρακαλοῦντες
785 1915 1012 1990 ἐμμένειν
1052 1924 1114 1990 τῇ
1144 1922 1321 1970 πίστει
1344 1939 1357 1952 ο
1391 1923 1480 1970 καὶ
1502 1920 1581 1969 ὅτι
1613 1913 1706 1970 διὰ
1735 1916 1929 1970 πολλῶν

331 2006 550 2078 θλίψεων
580 2003 662 2060 δεῖ
699 2008 838 2080 ἡμᾶς
878 2006 1120 2061 εἰσελθεῖν
1159 2007 1226 2069 εἰς
1255 2012 1348 2067 τὴν
1381 2006 1653 2081 βασιλείαν
1705 2016 1804 2060 τῶν
1848 2007 1934 2060 ού·

327 2104 515 2171 ρανῶν.

327 2209 446 2256 Ὀτι
486 2199 569 2257 δεῖ
595 2207 682 2257 τὸν
712 2204 928 2277 ἔλεγχον
977 2209 1068 2258 καὶ
1105 2209 1197 2264 τήν
1229 2204 1533 2280 ἐπιτίμησιν
1565 2205 1729 2269 οὕτως
1770 2201 1931 2278 δέχε-

403 2295 545 2362 σθαι,
597 2297 666 2357 ὡς
710 2296 978 2368 φάρμακον
1017 2293 1337 2370 ἀναιρετικὸν
1376 2297 1591 2363 πάθους,
1632 2300 1720 2347 καὶ
1759 2296 1933 2368 ὑγείας

399 2389 899 2438 κανασκευαστικὸν.
932 2385 1018 2448 Ἐξ
1043 2394 1101 2438 ού
1135 2381 1294 2444 δῆλον
1317 2384 1478 2455 ἐστιν,
1511 2387 1592 2438 ὅτι
1622 2388 1669 2438 οἱ
1700 2384 1747 2438 ἐν
1777 2387 1932 2438 πάθει

399 2472 886 2551 ἀνθρωπαρεσκείας
931 2474 1206 2528 ἐπιείκειαν
1253 2478 1669 2551 ὑποκρινόμενοι,
1718 2481 1807 2528 καὶ
1854 2480 1926 2549 μὴ

401 2562 698 2636 ἐλέγχοντες
727 2569 844 2625 τούς
873 2565 1278 2639 ἁμαρτάνοντας,
1310 2569 1366 2618 τὸ
1397 2565 1509 2619 ὅλον
1538 2566 1812 2638 ζημιοῦσι,
1841 2568 1930 2617 καὶ

401 2654 472 2718 είς
510 2654 672 2714 αύτὴν
694 2659 787 2713 τὴν
818 2653 1068 2716 ἀληθινὴν
1100 2657 1239 2717 ζωὴν
1271 2654 1710 2712 ἐπιϐουλεύουσιν,

966 2942 1156 3017 Κεφήλ.
1213 2943 1279 3009 ς’.

397 3055 758 3106 ΜΑΤΘΛΙΟΣ.
794 3051 910 3106 Ἐὰν
949 3048 1010 3104 δὲ
1057 3051 1263 3127 ἁμάρτῃ
1315 3052 1381 3112 εἰς
1436 3054 1494 3104 σε
1539 3047 1760 3123 ἀδελφὸς
1801 3069 1916 3118 σου,

2043 1827 2754 1897 torum,exhortantes,ut
2772 1833 3201 1896 permanerent
3229 1829 3290 1882 in
3311 1827 3430 1894 ﬁde
3453 1845 3465 1881 :
3490 1831 3544 1882 et
3565 1841 3705 1897 quo-

2039 1917 2205 1972 niam
2231 1931 2344 1986 per
2373 1917 2598 1972 multas
2621 1918 3047 1973 tribulatione:
3073 1922 3304 1986 oportet
3338 1932 3441 1973 nos
3474 1917 3707 1972 intrare

2038 2006 2103 2061 in
2123 2021 2376 2078 regnum
2406 2007 2690 2064 etetorum
2725 2006 2881 2078 (Act.
2914 2021 3034 2074 xw,
3065 2008 3274 2078 20-22).

2041 2203 2216 2272 Quod
2246 2203 2637 2278 reprehensio
2661 2208 2718 2261 et
2747 2204 3093 2276 objurgatio
3123 2189 3205 2261 ita
3226 2203 3585 2277 accipienda
3607 2204 3704 2275 sit;

2109 2294 2289 2368 quasi
2319 2295 2834 2351 medicamentum
2865 2294 3183 2367 quoddam
3208 2309 3330 2368 quo
3355 2293 3600 2350 vitiosus
3625 2294 3708 2350 af-

2111 2384 2303 2441 fectus
2349 2383 2707 2458 depellatur,
2755 2389 2814 2440 et
2853 2386 3078 2441 sanitas
3127 2391 3392 2457 paretur.
3449 2385 3533 2440 Ex
3579 2399 3705 2457 quo

2110 2475 2500 2548 perspicuum
2519 2473 2805 2546 est,quod
2817 2475 2922 2548 qui
2936 2473 3468 2531 mansuetudinem
3484 2472 3708 2530 acleni-

2113 2569 2296 2620 tatem
2331 2562 2624 2619 simulant
2650 2563 2862 2620 vitioso
2884 2563 3161 2636 quodam
3192 2562 3546 2620 hominibus
3575 2562 3704 2636 pla-

2109 2655 2288 2712 cendi
2315 2655 2539 2724 studio,
2572 2671 2684 2712 nec
2711 2660 3036 2728 peccantes
3059 2654 3458 2725 redarguunt,
3486 2654 3526 2710 ii
3566 2653 3704 2710 illos

2106 2760 2358 2819 prorsus
2386 2745 2618 2802 damno
2648 2743 2937 2808 afﬁciant,
2967 2749 3148 2818 atque
3175 2745 3470 2800 adversus
3502 2744 3703 2818 ipsam

2106 2850 2314 2892 veram
2345 2851 2560 2892 eorum
2588 2834 2776 2892 vitam
2805 2834 3059 2891 insidias
3089 2837 3342 2891 struant.

2690 2943 2893 3014 Caput
2962 2942 3058 2997 VI.
3130 2992 3138 2998 .

2102 3050 2173 3106 Si
2197 3055 2396 3106 autem
2425 3052 2768 3119 peccaverit
2800 3048 2863 3105 in
2895 3055 2950 3106 te
2972 3049 3172 3119 frater
3198 3056 3357 3120 tuus,
3382 3051 3552 3119 vade,
3577 3065 3706 3110 cor.

322 3140 504 3213 ὕπαγε,
537 3139 736 3212 ἔλεγξον
765 3143 919 3194 αύτόν
949 3143 1142 3216 μεταξύ
1176 3150 1270 3195 σοῦ
1301 3147 1390 3195 καὶ
1412 3141 1571 3195 αὐτοῦ
1602 3145 1760 3214 μόνου
1790 3162 1802 3175 ·
1836 3139 1919 3193 ἐὰν

2059 3141 2164 3209 ipe
2189 3155 2319 3196 eum
2347 3142 2506 3195 inter
2537 3145 2592 3195 te
2607 3146 2660 3196 et
2679 3141 2871 3210 ipsum
2896 3141 3087 3197 solum
3115 3156 3128 3195 :
3159 3142 3212 3196 si
3231 3146 3288 3197 te
3317 3140 3701 3208 audierit,tu~

323 3249 416 3282 σου
449 3227 673 3304 ἀκούσῃ,
703 3228 996 3305 ἐκέρδησας
1024 3236 1110 3284 τὸν
1137 3228 1356 3305 ἀδελφόν
1389 3251 1506 3285 σου.
1567 3237 1734 3286 ΠΡΟΣ
1771 3237 1917 3285 KOP.

320 3318 388 3375 α’.
429 3321 796 3391 Συναχθέντων
827 3322 968 3394 ὑμῶν
1002 3323 1111 3391 (95)
1168 3325 1258 3372 καὶ
1297 3330 1392 3374 τοῦ
1451 3320 1574 3394 ἐμοῦ
1632 3325 1919 3394 πνεύματος

322 3413 415 3462 σύν
439 3418 500 3482 τῇ
546 3406 765 3484 δυνάμει
792 3419 882 3464 τοῦ
925 3417 1118 3485 Κυρίου
1152 3413 1298 3484 ἡμῶν
1320 3411 1497 3470 Ἰησοῦ
1531 3420 1782 3485 Χριστοῦ,
1813 3431 1917 3463 πα-

318 3495 574 3575 ραδοῦναι
603 3504 690 3551 τὸν
711 3507 944 3553 τοιοῦτον
969 3509 1042 3572 τῷ
1072 3507 1274 3570 Σατανᾴ
1304 3501 1373 3563 εἰς
1405 3500 1608 3574 ὧ.εθρον
1649 3507 1741 3562 τῆς
1787 3519 1885 3573 σαρ
1909 3530 1920 3539 -

320 3593 426 3657 κὸς,
463 3593 543 3642 ἱνα
568 3595 625 3642 τὸ
664 3598 868 3664 πνεῦμα
899 3592 1040 3663 σωθῇ
1075 3590 1123 3644 ἐν
1161 3599 1223 3664 τῇ
1259 3593 1428 3665 ἡμέρᾳ
1456 3598 1546 3643 τοῦ
1575 3595 1768 3664 Κυρίου
1809 3589 1918 3648 Ἰη-

323 3686 416 3732 σοῦ
451 3686 617 3733 ΠΡΟΣ
652 3687 798 3735 ΚΟΡ.
954 3678 1072 3732 Ὀτι
1124 3683 1153 3739 ἡ
1208 3679 1452 3739 ἐπιστολή
1499 3679 1690 3746 ἐκείνη,
1739 3679 1782 3731 εἰ
1830 3683 1920 3731 καὶ

319 3771 448 3842 πρὸς
479 3771 614 3843 ὤραν
642 3767 891 3828 ἐλύπησεν
921 3771 1076 3842 ὑμᾶς,
1109 3777 1197 3821 νῦν
1227 3775 1424 3844 χαίρω,
1468 3769 1573 3841 ούχ
1612 3771 1693 3822 ὅτι
1724 3767 1919 3826 ἐλυπή-

322 3861 463 3925 θητε,
507 3859 613 3911 ἀλλ’
641 3862 718 3912 ὅτι
748 3859 1036 3919 ἐλυπήθητε
1056 3861 1127 3923 εἰς
1155 3863 1449 3935 μετάνοιαν.
1476 3861 1799 3920 Ἐλυπὴθητε
1816 3862 1918 3935 γὰρ

315 3951 450 4001 κατά
481 3953 629 4017 Θεὸν,
666 3953 748 4002 ἱνα
783 3953 832 4002 ἐν
860 3947 1050 4023 μηδενὶ
1082 3952 1384 4024 ζημιωθῆτε
1413 3950 1467 4014 ἐξ
1503 3953 1670 4024 ἡμῶν.
1727 3950 1785 4003 'll
1816 3952 1917 4024 γὰρ

316 4041 457 4090 κατά
486 4044 615 4093 Θεὸν
653 4039 790 4097 λύπη
824 4041 1097 4112 μετάνοιαν
1137 4041 1209 4103 εἰς
1243 4047 1502 4114 σωτηρίαν
1534 4039 1918 4114 ἀμεταμέλητον

315 4130 715 4203 κατεργάζεται.
759 4136 928 4182 ΠΡΟΣ
966 4135 1100 4184 ΤΙΤ.
1133 4131 1206 4182 Δι’
1237 4131 1297 4189 ἣν
1329 4132 1496 4183 αἰτίαν
1527 4130 1710 4203 ὒεγχε
1731 4130 1921 4190 αύτούς

317 4215 615 4292 ἀποτόμως,
659 4221 742 4272 ἵνα
781 4220 1088 4290 ὑγιαίνωσιν
1119 4218 1168 4270 ἐν
1197 4228 1258 4292 τῇ
1291 4225 1488 4275 πίστει.

963 4421 1130 4468 ΟΡΟΣ
1163 4415 1280 4471 ΟΓ.

2031 3238 2238 3289 cratus
2265 3246 2322 3287 es
2347 3231 2611 3300 fratrem
2646 3237 2814 3288 tuum
2862 3231 3098 3300 (Matth.
3131 3247 3294 3296 xvm,
3328 3234 3508 3302 15)....
3546 3231 3704 3287 Con-

2029 3322 2295 3392 gregatis
2315 3321 2476 3376 vobis
2494 3326 2549 3376 et
2566 3336 2690 3377 meo
2709 3322 2930 3389 spiritu
2949 3337 3082 3377 cum
3101 3323 3324 3377 virtute
3343 3321 3584 3376 Domini
3602 3337 3706 3379 no-

2029 3413 2145 3466 stri
2199 3413 2336 3466 Jesu
2385 3409 2628 3470 Christi.
2679 3411 2920 3466 tradere
2975 3409 3326 3480 Imjusmodi
3369 3411 3611 3466 Satanas
3637 3410 3702 3464 in

2031 3503 2341 3555 interitum
2361 3501 2658 3567 carnis,ut
2679 3503 2929 3568 spiritus
2939 3501 3146 3556 salvus
3162 3501 3237 3556 sit
3262 3502 3322 3556 in
3337 3501 3434 3556 die
3453 3500 3707 3561 Domini

2027 3591 2240 3659 Jesu(1
2266 3589 2402 3645 Cor.
2441 3605 2495 3656 ν,
2525 3591 2576 3655 4,
2608 3591 2757 3660 5)....
2803 3589 2974 3656 Quod
3012 3591 3272 3658 epistola
3322 3591 3435 3645 illa
3455 3592 3590 3660 (etsi
3617 3588 3700 3645 ad

2032 3680 2272 3742 horam)
2285 3695 2382 3735 vos
2397 3680 2968 3741 contristavit.nunc
2979 3679 3214 3748 gaudeo
3231 3695 3243 3733 :
3260 3694 3380 3734 non
3396 3681 3539 3750 quia
3554 3693 3692 3734 con-

2031 3770 2264 3824 tristati
2287 3769 2446 3833 estis,
2474 3767 2579 3824 sed
2597 3769 2741 3839 quia
2762 3769 3105 3824 contristati
3129 3769 3268 3823 estis
3305 3768 3386 3824 ad
3409 3769 3699 3836 paeniten-

2031 3864 2198 3915 tiam.
2234 3859 2596 3914 Contristati
2615 3860 2767 3914 enim
2791 3861 2932 3914 estis
2953 3857 3281 3913 secundum
3301 3857 3491 3913 Deum
3519 3857 3700 3928 308

2032 3955 2096 4003 ut
2117 3949 2180 4004 in
2198 3949 2373 4004 nullo
2419 3948 2846 4004 detrimentum
2891 3947 3220 4016 patiamini
3238 3960 3313 4002 ex
3343 3945 3534 4002 nobis.
3559 3947 3700 4014 Quae

2031 4041 2187 4094 enim
2204 4039 2534 4094 secundum
2557 4040 2744 4094 Deum
2769 4038 3023 4093 tristitia
3053 4042 3163 4100 est,
3185 4038 3604 4106 paenitentiam
3633 4037 3698 4092 in

2028 4129 2286 4184 salutem
2310 4127 2477 4183 haud
2527 4127 2936 4196 pwnitendam
2989 4132 3284 4196 operatur
3321 4127 3403 4194 (11
3427 4125 3566 4182 Cor.
3598 4141 3697 4195 vn,

2031 4217 2160 4273 8-10
2193 4259 2230 4272 ..
2292 4218 2480 4285 Quam
2532 4217 2605 4272 ob
2653 4231 2899 4273 causam
2956 4218 3209 4287 increpa
3257 4217 3397 4273 ittos
3426 4216 3600 4286 dure,
3633 4221 3701 4272 ut

2031 4309 2169 4364 sani
2191 4308 2311 4364 sint
2343 4308 2407 4362 in
2437 4306 2557 4375 ﬁde
2580 4306 2719 4378 (Tit.
2756 4322 2794 4374 ι,
2831 4305 2946 4378 13),

2585 4414 2869 4470 REGULA
2910 4412 3146 4470 LXXIII.

319 4522 442 4575 Ὀτι
481 4522 540 4575 ού
573 4517 657 4574 δεῖ
684 4517 856 4596 ἄνδρα
887 4520 988 4575 ἀπὸ
1017 4527 1265 4596 γυναικὸς
1296 4525 1432 4595 (96),
1483 4525 1512 4584 ἦ
1546 4531 1772 4596 γυναῖκα
1822 4525 1922 4578 ἀπὸ

2059 4521 2207 4590 )uod
2238 4521 2329 4578 vir
2348 4519 2426 4577 ab
2459 4536 2669 4588 uxore,
2721 4525 2826 4577 aut
2871 4535 3024 4576 uxor
3071 4536 3108 4575 a
3153 4520 3285 4576 viro
3325 4533 3450 4576 non
3480 4518 3702 4576 debeat

395 4608 587 4688 ἀνδρὸς
615 4611 966 4686 χωρίζεσθαι,
997 4613 1040 4666 εἰ
1064 4617 1135 4687 μή
1170 4632 1252 4674 τις
1290 4612 1350 4665 ἀν
1396 4611 1479 4666 ἐπὶ
1532 4619 1745 4688 πορνεία
1796 4613 1922 4686 ἁλῷ,

394 4702 424 4762 ἣ
469 4701 540 4764 εἰς
558 4706 652 4760 τὴν
693 4701 984 4755 θεοσέϐειαν
1010 4702 1298 4760 κωλύηται.

967 4811 1156 4885 Κεφάλ.
1215 4810 1280 4869 α’.

392 4925 762 4978 ΜΔΤΘΔΙΟΣ.
826 4919 1048 4998 Ἐῥρήθη
1120 4917 1199 4990 δε,
1265 4922 1346 4975 ὅτι
1421 4921 1476 4984 ὃς
1555 4920 1616 4974 ἄν
1687 4920 1925 4997 ἀπολύσῃ

392 5170 731 5258 ⁸(θζξμίιξὶιίρ
758 5154 943 5228 Paris.
992 5173 1065 5236 εἰς
1102 5173 1256 5246 ὑμᾶς.
1306 5173 1507 5231 Codex
1555 5172 1826 5231 Combef.
1874 5179 1933 5232 et

327 5243 428 5300 alii
446 5243 572 5300 duo
602 5247 761 5317 ἡμᾶς.
1137 5243 1146 5246 ⁷

339 5385 352 5393 _
405 5317 515 5393 (94)
561 5315 846 5393 Utraque
885 5313 1064 5393 editio
1101 5315 1574 5393 _sﬁw/7e1tadpsvm
1654 5326 1716 5393 τῇ
1790 5317 1933 5372 πόλει

331 5385 519 5460 ἐκείνη.
550 5385 814 5460 Antiqui
835 5392 951 5441 tres
978 5387 1112 5442 libri
1142 5385 1223 5443 ut
1244 5385 1302 5442 in
1333 5385 1635 5445 contextu.

552 5457 960 5534 Begfprimus
992 5461 1355 5534 συναχθέντων
1387 5461 1474 5513 οὖν
1504 5463 1665 5534 ὑμῶν.

409 5533 525 5613 (9(ξ)
558 5530 921 5613 Εάὶιὶργθῑι.
955 5537 1012 5586 et
1033 5530 1223 5613 nostri
1246 5538 1516 5613 tresmss.
1537 5530 1644 5594 τοῖς
1676 5531 1726 5613 e.
1750 5535 1931 5613 paper.

334 5600 502 5675 quod
524 5617 664 5660 cum
687 5603 970 5660 vitiosum
985 5618 1114 5660 esse
1129 5600 1772 5680 viderenttypographi
1788 5600 1938 5662 Pari-

2107 4613 2398 4686 separari,
2430 4612 2546 4668 nisi
2573 4612 2723 4668 alter
2769 4609 3266 4681 deprehendatur
3287 4610 3348 4667 in
3377 4608 3695 4676 adulterio,

2110 4709 2214 4760 aut
2235 4702 2476 4777 pietatis
2503 4703 2578 4758 sit
2607 4701 3065 4775 impedimento.

2713 4810 2914 4881 Caput
2972 4810 2996 4866 1

2095 4922 2350 4980 'Dictum
2376 4925 2462 4980 est
2481 4927 2682 4980 autem
2711 4936 2725 4976 :
2762 4920 3110 4994 Quicunque
3136 4918 3429 4976 dimiserit
3448 4927 3699 4977 uxorem

2040 5173 2292 5242 sionses,
2322 5188 2435 5246 pro
2482 5180 2602 5246 toi;
2640 5169 2688 5246 ἓν
2734 5173 2908 5244 γάμῳ,
2957 5170 3276 5246 ediderunt
3319 5173 3406 5246 τρν
3447 5168 3496 5222 έν
3524 5173 3698 5246 γάμῳ-

2039 5249 2157 5303 Nos
2186 5242 2388 5301 autem
2419 5245 2549 5300 haec
2568 5242 2923 5300 delevimus.
2956 5242 3511 5298 Animadvertimus
3541 5242 3703 5298 enim
3733 5285 3740 5288 .

2039 5317 2151 5374 has
2172 5333 2372 5373 voces.
2399 5324 2510 5377 τοῖς
2534 5315 2582 5368 ἐν
2599 5319 2772 5388 γάμῳ,
2791 5316 3028 5388 punctis
3051 5314 3234 5370 variis
3258 5319 3498 5388 notatas
3519 5313 3704 5388 fuisse

2040 5391 2100 5445 in
2135 5392 2275 5458 Reg.
2320 5390 2513 5453 tertio,
2540 5385 2614 5443 ut
2634 5385 3020 5443 maneremus
3050 5389 3217 5458 ipsas
3248 5385 3435 5441 deleri
3462 5386 3704 5441 debere.

2043 5463 2170 5519 Mox
2218 5461 2398 5517 editio
2448 5459 2724 5531 Parissei
2762 5463 2831 5531 μή
2875 5477 2971 5518 τις.
3015 5457 3204 5531 Editio
3253 5459 3393 5531 Ven.
3451 5463 3508 5513 et
3554 5472 3702 5512 mss.

2043 5533 2231 5590 nostri
2252 5533 2385 5608 εἰμή
2418 5551 2492 5584 τι.
2536 5527 2771 5588 Ibidem
2817 5533 2956 5601 Reg.
2981 5528 3285 5587 secundus
3323 5527 3408 5581 ἐπὶ
3445 5533 3704 5604 πορνείαν.
