4112 6388
328 331 432 387 853
1843 305 2170 366 MORALIA.
3595 295 3702 348 854

331 455 452 508 ’Ότι
483 454 540 506 οὐ
587 448 668 505 δεῖ
703 451 796 511 τὰς
823 452 1079 520 γυναῖκας
1120 443 1248 517 πρὸς
1285 440 1556 513 ὠραῖσμὸν
1594 434 1933 508 κοσμεῖσθαι,

2078 427 2377 520 )uodnon
2407 426 2630 483 debent
2658 424 2940 482 mulieres
2970 441 3034 479 se
3078 422 3158 479 ad
3188 421 3532 495 parandam
3561 418 3702 491 pul-

407 543 534 596 ἄλλα
580 547 674 600 τήν
712 547 888 592 πᾶσαν
923 531 1162 592 σπουδὴν
1210 535 1301 583 καὶ
1351 534 1601 603 μέριμναν
1641 530 1781 596 ἔχειν
1819 527 1938 595 περὶ

2117 516 2519 574 chritudinem
2551 530 2866 580 exornare,
2884 513 2992 568 sed
3015 511 3280 568 studium
3310 526 3492 567 omne
3523 513 3581 564 et
3608 524 3701 564 cu-

339 683 345 689 .
405 636 472 685 τὰ
501 637 581 702 (3)
624 632 798 703 οἶγαθα
837 631 983 701 ἔργα,
1027 630 1116 678 καὶ
1161 601 1620 691 τοῦτονῗήγείσθαι
1652 614 1818 673 ἀληθῆ
1849 617 1939 664 καὶ

2115 625 2248 665 ram
2280 607 2358 663 ad
2390 606 2554 662 bona
2575 620 2760 678 opera
2789 602 3080 666 conferre,
3103 607 3284 672 atque
3305 601 3469 656 hunc
3489 613 3704 654 verum

409 727 673 800 πρέποντα
710 724 1053 794 Χριστιαναῖς
1081 718 1296 786 κόσμον.

2117 703 2174 755 et
2217 696 2566 754 Christianis
2606 693 2963 750 mulieribus
3013 691 3477 749 convenientem
3522 704 3703 746 orna-

2118 792 2249 844 tum
2275 802 2409 844 esse
2431 785 2794 843 existimare.

1002 911 1189 985 Κεφάλ.
1233 909 1286 964 ε’.

2728 893 2928 962 Caput
2960 891 3025 947 V.

417 1035 605 1084 ΠΡΟΣ.
645 1031 785 1079 ΤΙΜ.
828 1021 890 1077 α’.
930 1021 1200 1081 Ὡσαύτως
1245 1017 1494 1090 γυναῖκας
1542 1008 1936 1082 ἐν“καταστολῇ

2119 1006 2415 1064 Similiter
2440 1009 2493 1062 et
2522 1004 2799 1059 mulieres
2821 1003 2882 1056 in
2913 998 3124 1056 habitu
3150 1008 3359 1054 ornato
3389 1011 3523 1052 cum
3551 1009 3708 1052 vere-

343 1123 542 1191 κοσμίῳ
579 1116 709 1188 μετὰ
740 1109 921 1174 αἰδοῦς
960 1115 1050 1163 καὶ
1084 1109 1428 1181 σωφροσύνης
1474 1110 1688 1176 κοσμεῖν
1731 1101 1938 1162 ἑαυτὰς·

2084 1097 2272 1153 undia
2303 1102 2357 1152 et
2388 1096 2705 1152 sobrietate
2737 1096 3020 1147 ornantes
3051 1104 3130 1155 se,
3155 1103 3273 1143 non
3297 1088 3360 1142 in
3392 1087 3566 1142 tortis
3597 1087 3708 1141 cri-

342 1212 413 1281 μὴ
442 1205 488 1258 ἓν
514 1202 828 1274 πλέγμασιν,
850 1201 879 1260 ἡ
910 1207 1120 1273 χρυσῷ,
1152 1197 1180 1256 ἦ
1211 1198 1584 1269 μαργαρίταις,
1613 1191 1642 1249 ἡ
1673 1193 1940 1261 ἱματισμῷ

2081 1194 2246 1257 ribus,
2265 1195 2368 1244 aut
2398 1203 2571 1244 auro.
2599 1190 2703 1241 aut
2728 1181 3101 1286 margaritis,
3132 1180 3226 1236 vel
3250 1185 3404 1236 veste
3419 1179 3705 1247 pretiosa,

339 1292 618 1358 πολυτελεῖ,
655 1290 784 1357 ἀλλ’,
819 1290 845 1343 ὁ
873 1293 1055 1362 πρέπει
1083 1289 1160 1358 (4)
1191 1282 1449 1358 γυναιξὶν,
1481 1278 1942 1352 ἐπαγγελλομέναις

2083 1283 2172 1345 ed,
2209 1279 2367 1351 quod
2406 1278 2569 1332 decet
2605 1269 2907 1336 mulierfes,
2948 1273 3361 1341 promittentes
3400 1269 3707 1338 pietatem,

339 1380 649 1441 θεοσέϐειαν,
694 1377 768 1435 δι’
803 1381 964 1452 ἔργων
997 1375 1222 1448 ἀγαθῶν.

2049 1387 2159 1442 per
2187 1383 2371 1438 opera
2406 1365 2633 1437 bona(I
2668 1365 2816 1419 Tim.
2851 1380 2908 1428 ιι,
2943 1366 2994 1428 9,
3026 1362 3136 1416 10).

333 1488 454 1542 Ὀτι
486 1486 570 1544 δεῖ
594 1492 686 1553 τὰς
717 1493 972 1558 γυναῖκας
1005 1490 1158 1556 σιγᾷν
1192 1481 1240 1534 ἐν
1269 1480 1540 1553 ἐκκλησίᾳ,
1573 1477 1687 1530 κατ’
1716 1473 1853 1529 οἶκον
1885 1471 1943 1529 δε

2084 1477 2221 1544 )uod
2251 1475 2475 1530 debent
2504 1471 2784 1529 mulieres
2803 1470 2973 1526 silere
3006 1469 3068 1526 in
3101 1465 3380 1530 Ecclesia,
3413 1469 3471 1521 et
3497 1463 3708 1521 sedulo

412 1576 948 1652 σπουδαιολογεῖσθαι
978 1580 1094 1648 περὶ
1134 1581 1224 1636 τῆς
1257 1574 1323 1634 εἰς
1364 1574 1490 1624 Θεὸν
1532 1568 1938 1642 εὐαρεστήσεως.

1905 1585 1938 1627 :-
2230 1565 2395 1623 domi
2424 1564 2498 1620 de
2530 1562 2718 1620 modo
2751 1559 3030 1634 placendi
3081 1561 3198 1615 Deo
3229 1556 3529 1630 inquirere

1002 1681 1191 1756 ΚεφαἿ..
1227 1679 1273 1746 ς’

2719 1671 2909 1740 Caput
2951 1669 3049 1724 VI.

409 1808 579 1856 ΠΡΟΣ
612 1807 759 1856 ΚΟΡ.
791 1798 859 1854 α’.
895 1801 960 1851 Αἰ
983 1804 1228 1870 γυναῖκες
1251 1798 1392 1868 ὑμῶν
1425 1793 1472 1847 ἐν
1503 1800 1618 1854 ταῖς
1643 1789 1940 1850 ἐκκλησίαις
1981 1792 2020 1846 Β

2121 1786 2401 1842 Mulieres
2429 1788 2639 1840 vestrae
2685 1782 2747 1836 in
2801 1778 3065 1836 ecclesiis
3104 1779 3371 1832 taceant.
3400 1789 3523 1830 non
3552 1773 3710 1829 enim

339 1895 661 1963 σιγάτωσαν·
716 1890 775 1942 οὐ
822 1892 924 1962 γὰρ
969 1887 1338 1959 ἐπιτέτραπται
1383 1884 1565 1945 αὐταῖς
1602 1881 1791 1950 λαλεῖν,
1833 1878 1939 1931 ἀλλ’

2091 1878 2421 1934 ermittitur
2442 1875 2523 1930 eis
2553 1872 2738 1944 loqui,
2761 1870 2864 1925 sed
2882 1867 3154 1923 subditas
3176 1880 3314 1922 esse.
3337 1864 3403 1920 Si
3431 1863 3578 1935 quid
3606 1877 3714 1918 au-

339 1981 756 2035 ὑποτοξσσεσθαι.
792 1979 850 2032 Εἰ
891 1975 948 2030 δέ
986 1997 1038 2030 τι
1067 1979 1248 2049 μαθεῖν
1283 1975 1532 2042 θέλουσιν,
1569 1971 1618 2024 ἐν
1657 1976 1780 2042 οἴκῳ
1819 1973 1942 2030 τοὺς

2083 1984 2164 2026 em
2192 1968 2402 2025 volunt
2433 1965 2681 2030 discere,
2727 1961 2891 2016 domi
2923 1974 3079 2016 viros
3136 1972 3272 2013 suos
3309 1956 3707 2023 interrogent.

341 2069 512 2134 ἰδίους
571 2067 766 2143 ἄνδρας
832 2067 1259 2143 ἐπερωτάτωσαν.
1336 2065 1572 2138 Αἰσχρὸν
1638 2064 1738 2136 γαρ
1826 2059 1940 2112 ἐστι

2086 2062 2248 2128 ‘urpe
2268 2064 2350 2114 est
2379 2057 2532 2114 enim
2562 2051 2918 2109 mulieribus
2943 2049 3109 2120 loqui
3129 2048 3191 2102 in
3213 2047 3462 2103 ecclesia
3487 2044 3537 2115 (Ι
3565 2045 3710 2098 Cor-

335 2161 572 2234 γυναιξὶν
603 2159 653 2212 ἓν
694 2158 948 2230 ὶκκλησία
985 2157 1176 2211 λαλεῖν.
1213 2162 1388 2209 ΠΡΟΣ
1425 2135 1564 2208 TlM.
1610 2151 1672 2204 α’.
1714 2135 1848 2208 Γυνή
1892 2148 1939 2201 ἐν

2087 2167 2166 2217 ιν,
2197 2149 2400 2216 34.35).
2429 2147 2649 2201 Mulier
2669 2144 2731 2198 in
2752 2143 2992 2198 silentio
3009 2141 3202 2195 discat
3229 2153 3363 2193 cum
3384 2135 3550 2192 omni
3575 2135 3711 2190 sub-

337 2253 550 2322 ἠσυχίᾳ
597 2251 896 2322 μανθανετω
951 2247 1000 2300 ἐν
1053 2265 1198 2319 πασῃ
1249 2247 1508 2316 ὑποταγῇ.
1562 2239 1840 2296 Διδάσκειν
1881 2236 1940 2292 δε

2087 2241 2323 2296 actione.
2359 2239 2580 2292 Docere
2609 2241 2808 2291 autem
2839 2231 3086 2286 mulieri
3119 2242 3240 2283 non
3268 2227 3574 2295 permitto,
3605 2238 3711 2280 ne-

335 2339 681 2413 7uvatutioux
720 2338 999 2412 ἐπιτρέπω,
1060 2333 1184 2390 οὐδὲ
1233 2335 1489 2388 αὐθεντεῖν
1555 2328 1767 2405 ἀνδρὸς,
1832 2329 1940 2382 ἀλλ’

2091 2345 2162 2386 ue
2192 2327 2502 2384 dominari
2529 2326 2596 2380 in
2621 2327 2840 2383 virum,
2863 2321 2966 2378 sed
2993 2334 3115 2376 esse
3133 2321 3196 2372 in
3217 2317 3477 2372 silentio.
3508 2314 3709 2370 Adam

341 2426 466 2484 εἶναι
521 2429 571 2482 ἐν
615 2431 848 2500 ἡσυχία.
904 2423 1078 2499 Ἀδαμ
1116 2429 1216 2500 γὰρ
1271 2433 1471 2497 πρῶτος
1523 2423 1779 2487 ἐπλάσθη,
1831 2416 1942 2472 εἶτα

2085 2422 2205 2476 nim
2244 2420 2478 2488 primus
2517 2417 2821 2485 formatus
2851 2409 3178 2479 est,deinde
3207 2409 3361 2463 Eva.
3400 2406 3480 2460 Et
3509 2404 3709 2460 Adam

340 2525 465 2574 Εὔα.
503 2525 603 2574 Καὶ
643 2521 668 2570 ὁ
699 2514 869 2591 Ἀδὰμ
900 2517 992 2570 οὐκ
1037 2498 1302 2582 ἠπατήθη,
1337 2517 1366 2573 ὴ
1422 2511 1481 2567 δε
1511 2517 1642 2584 γυνὴ
1675 2510 1940 2574 ἐξαπατη-

2085 2526 2170 2566 ιοη
2201 2516 2283 2566 est
2310 2508 2611 2572 seductus,
2638 2505 2859 2560 mulier
2887 2506 3084 2558 autem
3116 2498 3363 2554 seducta
3393 2500 3456 2550 in
3472 2509 3709 2567 prava-

343 2613 493 2664 θεῖσα
541 2610 592 2662 ἓν
633 2607 934 2685 παραϐάσει
981 2610 1180 2678 γέγονε.
1233 2606 1531 2662 Σωθήσεται
1581 2599 1639 2655 δε
1698 2598 1793 2654 δια
1848 2608 1942 2660 τῆς

2089 2601 2345 2656 icatione
2362 2598 2505 2667 fuit.
2527 2593 2886 2651 Saluabitur
2905 2598 3102 2647 autem
3125 2603 3234 2658 per
3250 2587 3520 2655 ﬁliorum
3538 2598 3710 2653 gene-

341 2704 688 2772 τεκνογονίας,
731 2697 814 2750 ἐὰν
858 2702 1104 2769 μείνωσιν
1152 2695 1202 2747 ἐν
1243 2703 1303 2768 τῇ
1354 2698 1551 2760 πίστει,
1600 2696 1690 2745 καὶ
1738 2689 1939 2763 ἀγάπη,

2083 2691 2370 2753 ationem,
2403 2687 2454 2741 si
2473 2683 2914 2754 permanserint
2944 2682 3008 2736 in
3033 2679 3172 2749 ﬁde,
3202 2683 3256 2734 et
3285 2676 3628 2743 dilectione,
3651 2677 3707 2730 et

340 2795 432 2842 καὶ
463 2788 732 2862 ἁγιασμῷ,
765 2790 892 2860 μετὰ
932 2787 1292 2860 σωφροσύνης.

2051 2778 2547 2848 sanctiﬁcatione,
2573 2790 2705 2831 cum
2736 2772 3055 2829 sobrietate
3081 2770 3140 2840 (Ι
3158 2769 3306 2824 Tim.
3338 2781 3396 2832 ιι,
3425 2764 3634 2835 11-15).

981 2900 1148 2947 ΟΡΟΣ
1181 2891 1296 2946 ΟΔ’.

2615 2879 2895 2937 REGULA
2930 2878 3148 2933 LXXIV.

343 3001 466 3054 Ὀτι
494 2998 574 3055 δεῖ
603 3006 694 3061 τὴν
723 3008 919 3078 χήραν,
951 3007 1045 3060 τήν
1080 3001 1411 3076 ἰσχυροτέρῳ
1449 3007 1523 3070 τῷ
1557 3001 1762 3070 σώματι
1799 3015 1942 3070 χρω-

2085 2994 2225 3063 )uod
2251 2993 2488 3065 oportet
2523 2989 2800 3055 viduam,
2832 2984 3169 3042 robustiore
3212 2995 3465 3055 corpore
3495 2977 3709 3053 praedi-

414 3097 590 3164 μένην,
651 3089 698 3144 ἒν
750 3089 988 3170 φροντίδι
1026 3097 1116 3144 καὶ
1157 3087 1364 3164 σπουδῇ
1410 3086 1632 3161 διάγειν,
1676 3088 1941 3160 μεμνημέ-

2123 3091 2268 3149 tam,
2305 3085 2369 3137 in
2423 3094 2570 3135 cura
2597 3092 2669 3133 ac
2727 3074 2928 3130 studio
2969 3073 3158 3128 vitam
3197 3071 3436 3141 degere,
3479 3082 3710 3124 memo-

409 3202 497 3240 νην
550 3191 651 3235 τῶν
700 3184 800 3235 ὑπὸ
854 3191 946 3235 τοῦ
985 3181 1306 3237 Ἀποστὸλου
1373 3180 1671 3254 εἰρημένων,
1740 3181 1831 3229 καὶ
1877 3184 1937 3248 τῇ
1981 3166 2021 3220 C

2123 3190 2250 3230 rem
2281 3187 2492 3228 eorum
2533 3183 2669 3241 qua:
2697 3165 2775 3222 ab
2809 3162 3099 3240 Apostolo
3130 3160 3293 3218 dicta
3325 3163 3485 3226 sunt,
3515 3162 3572 3214 et
3597 3160 3710 3214 tes-

411 3269 640 3347 Δορκάδι
667 3276 1164 3349 μεμαρτυρημένων.

2122 3261 2376 3330 timonii,
2400 3259 2570 3334 quod
2599 3254 2857 3314 Dorcadi
2887 3253 3099 3309 datum
3131 3257 3240 3309 est.

909 3422 914 3426 .
977 3380 1167 3456 Regni}.
1231 3378 1294 3434 α’.

2729 3367 2927 3436 Caput
2965 3364 3023 3423 Ι.

407 3492 704 3546 ΠΡΑΞΕΙΣ.
751 3490 833 3544 Ἐν
873 3489 1055 3561 Ἰόππη
1112 3485 1171 3541 δέ
1221 3507 1299 3549 τις
1356 3489 1417 3547 ἦν
1475 3487 1762 3560 μαθήτρια,
1823 3481 1938 3534 ὀνό-

2121 3485 2192 3540 Ῑη
2221 3485 2414 3552 Joppe
2441 3483 2642 3536 autem
2675 3480 2806 3534 erat
2837 3473 3112 3547 quadam
3142 3469 3445 3541 discipula
3472 3467 3710 3524 nomine

341 3600 465 3654 ματι
526 3580 753 3647 Ταϐιθὰ,
824 3579 854 3638 ἢ
943 3560 1376 3654 διερμηνευομένη
1452 3576 1653 3648 λέγεται
1719 3574 1936 3646 Δορκάς.

2085 3575 2467 3644 "abilha,quae
2485 3572 2888 3638 interpretata
2909 3565 3137 3620 dicitur
3161 3560 3562 3618 Dorcaslﬂec
3577 3563 3709 3616 erat

339 3671 478 3730 Αὕτη
566 3672 629 3729 ἧν
705 3669 914 3743 πλήρης
980 3671 1141 3742 ἔργων
1209 3666 1417 3738 ἀγαθῶν
1495 3670 1586 3718 καὶ
1653 3664 1940 3737 ἐλεημοσυ-

2087 3668 2231 3723 lena
2253 3661 2528 3733 operibus
2551 3659 2736 3724 bonis,
2764 3662 2816 3712 et
2835 3653 3222 3723 eteemosynis
3245 3651 3296 3722 3
3313 3651 3424 3721 ιο
3447 3663 3595 3721 quas
3611 3648 3711 3718 fa-

333 3768 432 3822 νῶν
492 3763 560 3812 ὧν
617 3759 797 3814 ἐποίει.
863 3765 963 3814 Καὶ
1019 3758 1130 3833 μετ’
1198 3757 1367 3828 ὀλίγα·
1435 3762 1535 3809 Καὶ
1591 3760 1940 3830 περιέστησαν

2088 3757 2240 3813 iebat
2277 3756 2343 3821 (Α
2360 3759 2413 3809 ct
2447 3767 2527 3814 ιχ,
2555 3752 2673 3818 36).
2715 3750 2781 3804 Et
2807 3744 2992 3819 paulo
3037 3747 3208 3816 post:
3243 3741 3321 3796 Et
3357 3742 3708 3796 circumste-

337 3850 476 3923 αὐτῷ
539 3858 707 3904 πᾶσαι
764 3853 819 3904 αἱ
884 3859 1056 3924 χῆραι
1122 3848 1423 3915 κλαίουσαι,
1493 3851 1582 3898 καὶ
1639 3842 1940 3898 ἐπιδεικνύ-

2084 3852 2253 3903 erunt
2289 3844 2465 3899 illum
2487 3854 2687 3896 omnes
2709 3839 2900 3894 viduae
2916 3836 3208 3905 ﬂentes.et
3230 3827 3601 3886 ostendentes
3619 3831 3708 3882 tu-

335 3960 484 4014 μεναι
529 3950 764 4015 χιτῶνας
821 3947 911 3994 καὶ
972 3943 1158 4014 ἱμάτια
1223 3941 1325 3992 ὅσα
1385 3937 1547 3990 ἐποίει
1600 3937 1708 4009 μετ’
1774 3936 1939 3987 αὐτῶν

2084 3938 2219 3992 ιὶεαε
2245 3940 2298 3992 et
2345 3938 2529 3989 vestes
2559 3944 2708 4001 quas
2733 3924 3001 3997 faciebat
3034 3938 3167 3979 cum
3208 3926 3354 3977 esset
3398 3934 3532 3976 cum
3564 3918 3708 3988 ipsis

335 4009 470 4084 δῦσα
529 4009 569 4090 ’ἦ
641 4033 858 4105 Δορκάς.
929 4009 1098 4086 neos
1159 4035 1301 4084 TIM.
1372 4027 1434 4082 α’.
1502 4031 1656 4100 Χήρα
1718 4025 1939 4078 καταλε-

2082 4031 2276 4082 )orcas
2302 4021 2451 4090 tibid
2471 4023 2631 4090 39)...
2665 4017 2858 4073 Vidua
2885 4016 3154 4084 eligatur
3171 4027 3293 4067 non
3319 4009 3516 4064 minus
3535 4021 3706 4064 sexa-

332 4123 522 4194 γέσθω,
587 4128 657 4195 μή
726 4122 946 4175 ἐλάττων
1017 4120 1140 4175 ἐτῶν
1207 4121 1474 4187 ἑξήκοντα,
1543 4125 1790 4190 γεγονυῖα
1837 4116 1940 4176 ἐνὸς

2093 4118 2220 4172 inta
2238 4127 2558 4179 annorum,
2575 4123 2707 4181 quae
2727 4108 2913 4177 fuerit
2942 4106 3120 4159 un.’us
3143 4104 3259 4158 viri
3284 4115 3476 4170 uxor;
3497 4115 3558 4154 ιη
3579 4112 3710 4167 ope-

332 4206 524 4286 ἀνδρὸς
579 4216 735 4283 γυνή,
805 4209 854 4262 ἄν
929 4213 1097 4283 ἔργοις
1163 4208 1339 4270 καλοῖς
1405 4210 1828 4282 μαρτυρουμένη,
1897 4204 1940 4257 εἰ

2081 4206 2215 4262 ibus
2249 4205 2413 4260 bonis
2443 4200 2842 4257 testimonium
2880 4195 3125 4263 habens,
3151 4194 3204 4248 si
3225 4191 3384 4260 ﬁlios
3407 4190 3705 4259 educavit,

333 4298 786 4374 ἐτεκνοτρόφησεν,
856 4299 900 4352 εἰ
957 4295 1357 4371 ἐξενοδόχησεν,
1426 4297 1470 4349 εἰ
1543 4292 1941 4369 ἀγίωνιποδας

2086 4297 2104 4351 i
2131 4293 2390 4363 hospitio
2413 4291 2658 4360 recepit,
2687 4287 2740 4344 si
2756 4291 3104 4342 sanctorum
3130 4281 3307 4352 pedes
3337 4279 3508 4347 tavit,
3531 4280 3585 4336 si
3602 4279 3710 4334 tri~

332 4389 523 4460 ἔνιψεν,
604 4389 646 4442 εἰ
717 4387 1043 4462 θλιϐομένοις
1109 4386 1408 4463 ἐπήρκεσεν,
1478 4387 1522 4439 εἰ
1584 4391 1740 4439 παντὶ
1805 4386 1940 4459 ἔργῳ

2092 4387 2420 4443 utationem
2469 4378 2843 4452 patientibus
2900 4373 3404 4437 subministravit,
3458 4371 3510 4427 si
3537 4383 3710 4426 omne

335 4478 518 4550 ἀγαθῷ
567 4477 1006 4538 ἐπηκολούθησεν.

1974 4529 2018 4583 D
2051 4493 2196 4552 oqus
2221 4477 2438 4532 bonum
2469 4472 2784 4529 subsecuta
2813 4472 2898 4524 est
2929 4465 2989 4534 (Ι
3016 4465 3163 4520 Tim.
3195 4480 3249 4533 γ,
3283 4466 3337 4533 9,
3374 4462 3475 4534 10).

331 4587 455 4640 Ὀτι
494 4582 578 4641 δεῖ
611 4590 705 4644 τήν
755 4591 938 4660 χήραν
982 4590 1076 4644 τήν
1125 4580 1558 4658 εὐδοκιμήσασαν
1599 4582 1647 4635 ἐν
1689 4591 1794 4645 τοῖς
1841 4585 1941 4637 ὑπό

2082 4586 2228 4656 )uod
2258 4584 2444 4642 vidua
2474 4597 2611 4655 quae
2656 4577 2738 4635 ob
2777 4579 2934 4634 recte
2962 4573 3125 4632 facta
3154 4571 3233 4628 ab
3264 4570 3552 4660 Apostolo
3587 4583 3706 4660 ine-

405 4683 498 4729 τοῦ
551 4676 872 4731 Ἀποστόλου
917 4676 1204 4750 εἰρημένοις
1249 4675 1644 4748 κατορθώμασι,
1685 4678 1776 4725 καὶ
1813 4675 1940 4746 φθα-

2125 4682 2361 4735 morata
2390 4672 2636 4730 illustris
2666 4673 2755 4726 est
2801 4671 2858 4723 et
2897 4664 3080 4729 clara,
3130 4677 3391 4734 quicque
3443 4659 3523 4718 ad
3546 4659 3709 4716 ordi-

413 4785 582 4818 σασαν
613 4766 686 4827 εἰς
729 4769 787 4818 τὸ
836 4769 1017 4839 τάγμα
1043 4773 1144 4817 τῶν
1171 4766 1329 4826 ὅντως
1367 4771 1571 4838 χηρῶν,
1613 4781 1942 4838 προσκαρτε-

2126 4784 2267 4825 nem
2291 4782 2427 4822 vere
2449 4763 2775 4820 viduarum
2802 4754 3104 4830 pervenit,
3138 4751 3422 4826 precibus
3453 4755 3509 4806 et
3529 4749 3706 4807 obse-

406 4863 511 4929 ριῖν
561 4863 678 4918 ταῖς
734 4853 956 4914 δεήσεσι
1015 4860 1105 4908 καὶ
1154 4862 1265 4916 ταῖς
1303 4861 1633 4930 προσευχαῖς
1671 4855 1802 4926 μετὰ
1851 4871 1942 4911 νη-

2127 4856 2502 4915 crationibus
2531 4868 2673 4910 cum
2688 4847 2936 4924 jejuniis
2967 4850 3150 4904 noctu
3178 4843 3407 4916 diuque
3435 4840 3707 4898 insistere

414 4955 596 5001 στειῶν
638 4949 826 5009 νυκτὸς
874 4951 966 4998 καὶ
1004 4948 1220 5021 ἡμέρας.

739 4949 826 5009 τὸς
874 4951 966 4998 καὶ
1004 4948 1220 5021 ἡμέρας.
2125 4948 2363 5005 debeat.

981 5053 1172 5128 Κεφάλ.

2731 5052 2932 5121 Caput
2953 5047 3034 5104 II.

414 5169 706 5220 ΛΟΥΚΑΣ.
791 5169 891 5217 Καὶ
969 5165 1031 5222 ἦν
1107 5163 1269 5218 ’Ἅννα
1349 5171 1627 5238 προφῆτις,
1707 5163 1942 5236 θυγάτηρ

2124 5169 2206 5224 Et
2243 5172 2376 5225 erat
2434 5165 2617 5220 Anna
2660 5159 3067 5233 prophetissa,
3117 5154 3253 5224 ﬁlia
3308 5151 3612 5216 Phanuel,
3639 5149 3713 5207 de

339 5253 596 5321 Φανουήλ,
668 5252 723 5306 ἐκ
792 5253 955 5326 φυλῆς
1021 5255 1204 5328 Ἀσήρ·
1274 5255 1406 5312 αὕτη
1475 5251 1834 5328 προϐεϐηκυῖα
1896 5251 1943 5304 ἐν

2087 5259 2219 5314 ribu
2245 5259 2439 5313 Aser:
2463 5255 2588 5311 haec
2627 5253 2998 5324 processerat
3051 5248 3115 5302 in
3145 5243 3351 5300 diebus
3398 5241 3627 5306 multis,
3655 5245 3711 5296 et

341 5346 564 5418 ἡμέραις
615 5342 852 5410 πολλαῖς,
925 5347 1140 5407 ζήσασα
1201 5346 1331 5418 μετὰ
1394 5339 1587 5416 ανδρος
1652 5345 1738 5400 ἔτη
1816 5341 1945 5395 ἑπτα

2081 5350 2292 5407 νίτρναι
2321 5363 2455 5403 cum
2487 5347 2617 5402 viro
2651 5343 2828 5401 annis
2881 5343 3102 5409 septem
3129 5351 3166 5393 a
3191 5335 3546 5406 virginitate
3574 5345 3705 5387 sua.

418 5664 494 5734 (3)
527 5665 621 5721 Sic
658 5664 794 5720 libri
825 5663 1077 5738 antiqui.
1106 5667 1363 5740 Utraque
1393 5666 1576 5722 editio
1604 5672 1728 5741 πρὸς
1749 5672 1832 5725 τὰ,

2124 5671 2200 5741 (li)
2234 5669 2359 5742 Reg
2386 5668 2592 5727 tertius
2625 5666 2729 5719 ἀλλ’
2780 5667 3069 5738 ὡςπρέπει,
3125 5660 3230 5720 sed
3257 5659 3349 5716 uti
3402 5656 3703 5714 convenit.
