4112 6378
409 268 514 326 855

1787 286 1844 343 S.
1889 289 2136 348 BASlLlI
2182 293 2403 352 MAGNI

3678 306 3783 363 856

410 384 650 453 Et'haic
671 397 856 457 vidua
892 416 1081 475 usque
1108 407 1192 462 ad
1223 421 1415 466 annos
1433 412 1744 483 octoginta
1763 422 2028 487 quatuor
2052 435 2059 473 τ

2183 417 2284 470 ἀπὸ
2334 426 2424 480 τῆς
2461 423 2740 493 παρθενίας
2791 422 2970 488 αὐτῆς.
3028 429 3130 479 Καὶ
3167 425 3297 484 αὕτη
3338 431 3490 501 χήρα
3534 430 3604 491 ὡς
3660 429 3781 484 ίτῶν

409 501 538 557 qua:
561 504 682 544 non
712 491 1052 550 discedebat
1081 497 1155 553 de
1175 501 1416 569 templo,
1439 505 1697 572 jejuniis
1729 511 1782 561 et
1803 507 2072 564 obsecra-

408 577 672 634 tionibus
700 584 965 640 serviens
995 593 1166 644 nocte
1195 603 1266 644 ac
1296 591 1394 646 die
1417 593 1585 652 (Luc.
1628 611 1686 649 ιι.
1716 599 2072 666 36,37).Quw

409 675 610 726 autem
637 684 774 728 vere
801 675 984 732 vidua
1040 684 1123 734 est
1175 687 1228 735 et
1263 682 1555 750 desolata,
1589 695 1794 754 sperat
1831 691 1893 742 in
1929 690 2066 757 Deo,

409 763 464 812 et
497 758 687 815 instat
743 762 1251 824 obsecrationibus
1307 776 1362 826 et
1405 777 1778 830 orationibus
1797 784 1970 834 nocte
1998 793 2069 834 ac

408 845 507 902 die
551 863 707 919 :qua:
751 867 890 908 vero
944 854 1007 910 in
1063 857 1295 915 deliciis
1325 866 1429 929 est,
1480 863 1683 919 vivens
1720 872 1956 922 mortua
1986 871 2070 924 est

408 935 467 1006 (Ι
491 939 637 995 Tim.
671 956 726 1011 ν,
757 942 893 1012 5,6).

983 1037 1114 1092 REG
1126 1039 1261 1094 ULA
1295 1042 1493 1098 LXXV.

408 1115 583 1184 Quod
627 1125 864 1192 oportet
918 1139 1127 1181 servos
1172 1144 1311 1200 cum
1339 1131 1508 1186 omni
1539 1131 1964 1192 benevolentia
1985 1138 2066 1194 ad

475 1207 574 1263 Dei
624 1208 878 1278 gloriam
933 1214 1060 1269 suis
1106 1217 1444 1274 secundum
1500 1237 1748 1278 carnem
1800 1223 2065 1282 dominis

478 1297 744 1365 obedire,
777 1300 837 1354 in
869 1301 941 1356 iis
974 1309 1152 1378 certe,
1184 1306 1247 1363 in
1286 1309 1511 1383 quibus
1554 1312 1915 1372 mandatum
1961 1317 2064 1375 Dei

475 1400 599 1444 non
631 1387 900 1446 solvitur.

1079 1487 1278 1558 Caput
1321 1489 1372 1546 Ι.

471 1568 664 1636 Servi,
689 1571 919 1630 obedite
938 1573 1196 1632 dominis
1226 1581 1578 1638 carnalibus
1609 1600 1743 1641 cum
1773 1587 1986 1645 timore
2004 1597 2061 1646 et

398 1662 654 1716 tremore
678 1662 741 1716 in
771 1665 1161 1733 simplicitate
1182 1670 1380 1726 cordis
1408 1677 1769 1744 vestri,sicul
1791 1679 2054 1736 Christo:

2181 505 2800 584 όγδοηκοντατεσσάρων,
2852 513 2883 572 ἣ
2927 514 3019 567 οὐκ
3068 513 3323 587 ἀφίστατο
3353 515 3454 569 ἀπὸ
3493 526 3586 571 τοῦ
3619 518 3776 594 ἱεροῦ,

2178 604 2446 660 νηστείαις
2494 606 2582 654 καὶ
2634 598 2852 660 δεήσεσι
2897 603 3221 679 λατρεύουσα
3248 608 3412 658 νύκτα
3438 612 3528 660 καὶ
3557 609 3776 684 ἡμέραν.

2181 695 2349 740 ΠΡΟΣ
2387 696 2526 745 ΤΙΜ.
2579 690 2643 746 α’.
2696 692 2753 746 Ἠ
2805 689 2864 746 δε
2917 698 3071 757 ὀντως
3112 700 3264 769 χὴρα
3312 701 3400 748 καὶ
3443 702 3774 772 μεμονωμένη

2178 778 2390 836 ἤλπικεν
2422 779 2505 833 ἐπὶ
2543 785 2630 834 τόν
2662 787 2812 852 Θεὸν,
2859 790 2948 837 καὶ
2977 791 3254 860 προσμένει
3283 795 3396 850 ταῖς
3429 785 3648 846 δεήσεσι
3687 794 3777 842 καὶ

2176 876 2288 928 ταῖς
2330 879 2656 945 προσευχαῖς
2683 877 2867 937 νυκτὸς
2906 880 2997 928 καὶ
3026 878 3243 951 ἡμέρας
3275 879 3304 936 η
3341 873 3400 930 δι
3431 877 3772 947 σπαταλῶσα,

2179 957 2329 1019 ζῶσα
2364 960 2624 1018 τέθνηκεν,

2818 1059 2984 1108 ΟΡΟΣ
3017 1055 3130 1112 ΟΕ·

2174 1134 2295 1190 Ὀτι
2345 1144 2454 1213 χρὴ
2497 1145 2616 1204 τοὺς
2665 1138 2881 1206 δούλους
2936 1147 3214 1200 ὑπακούειν
3271 1155 3380 1210 τοῖς
3419 1151 3554 1201 κατὰ
3605 1151 3778 1224 σάρκα

2245 1233 2446 1302 κυρίοις
2491 1230 2560 1290 εἰς
2607 1227 2765 1298 δόξαν
2822 1241 2955 1287 Θεοῦ
2985 1238 3114 1307 μετὰ
3151 1238 3325 1298 πάσης
3355 1237 3543 1290 εὐνοία·
3581 1238 3632 1291 ἄν
3663 1237 3773 1294 οῖᾶν

2245 1314 2417 1377 ἐντολὴ
2461 1327 2593 1374 Θεοῦ
2624 1321 2682 1374 οὑ
2709 1321 2916 1381 λύηται.

2814 1504 3002 1561 Κιφάλ.
3062 1505 3126 1561 α’.

2815 1526 2879 1558 ιιι
2920 1526 3002 1561 ut.
3062 1526 3126 1561 α.

2245 1596 2412 1643 ΠΡΟΣ
2479 1597 2654 1647 ΕΦΕΣ.
2725 1595 2791 1646 Οἱ
2850 1526 3050 1663 δῖῦλοι,
3123 1597 3408 1651 ὑπακούετε
3472 1605 3581 1661 τοῖς
3639 1603 3773 1653 κατά

2172 1683 2345 1754 σάρκα
2381 1686 2582 1754 κυρίοις
2630 1686 2762 1755 μετά
2810 1684 2970 1756 φόϐου
3019 1691 3109 1738 καὶ
3164 1691 3357 1761 τρόμου
3414 1691 3462 1741 ἑν
3517 1689 3772 1751 ἁπλότητι

396 1763 518 1804 non
539 1749 620 1805 ad
648 1753 890 1810 oculum
907 1759 1249 1822 servientes,
1272 1764 1447 1832 quasi
1467 1764 1807 1824 hominibus
1824 1772 2058 1836 placen-

2169 1749 2389 1843 καρδίας
2409 1749 2572 1844 ὑμῶν,
2597 1749 2668 1835 ως
2686 1782 2759 1844 τῷ
2782 1749 3016 1848 ὶξριστῷ·
3041 1780 3113 1848 μὴ
3137 1749 3770 1852 κάτ’όφθαλμδουλείάν,

397 1843 503 1908 tes,
521 1840 625 1896 sed
643 1848 706 1897 ut
728 1845 889 1899 servi
907 1845 1138 1903 Christi
1144 1850 1452 1918 ,facientes
1474 1857 1840 1915 voluntatem
1859 1861 1972 1917 Dei
1985 1877 2060 1918 ea:

395 1931 617 1995 animo,
656 1947 790 1988 cum
811 1934 1212 1994 benevolentia
1233 1943 1579 2000 servientes.
1607 1948 1758 2001 sicut
1781 1949 2056 2020 Domino,

395 2025 449 2075 et
489 2035 611 2076 non
641 2021 975 2081 hominibus
995 2043 1016 2082 .'
1040 2031 1312 2100 scientes,
1340 2035 1624 2103 quoniam
1651 2042 2059 2112 unusquisque

395 2110 794 2184 quodcunque
816 2114 1030 2183 fecerit
1056 2118 1294 2186 bonum,
1315 2122 1426 2178 hoc
1447 2127 1693 2195 recipiet
1725 2142 1760 2183 a
1783 2110 2053 2198 Domino,

392 2200 516 2256 sive
543 2216 772 2267 servus,
798 2206 922 2262 sive
954 2207 1369 2280 liber(Ephes.
1419 2230 1496 2280 v1,
1530 2220 1666 2280 5-8).
1706 2217 2058 2294 Quicunque

391 2297 529 2346 sunt
554 2293 664 2348 sub
679 2296 834 2366 jugo
861 2302 1036 2369 servi,
1061 2299 1334 2358 dominos
1363 2319 1495 2361 suos
1529 2310 1695 2364 omni
1722 2293 2056 2368 honoredi-

389 2397 539 2452 gnos
570 2385 972 2453 arbitrentur,
1000 2406 1076 2446 ne
1109 2408 1323 2449 nomen
1359 2395 1465 2450 Dei
1493 2401 1547 2453 et
1574 2399 1858 2457 doctrina
1899 2403 2054 2458 blas-

385 2472 731 2540 phemetur,
765 2476 878 2543 Qui
913 2485 1112 2534 autem
1138 2482 1346 2550 ﬁdeles
1377 2485 1601 2542 habent
1633 2488 2054 2557 dominos,non

389 2567 795 2624 contemnant.
865 2569 1008 2638 quia
1029 2569 1260 2637 fratres
1306 2579 1496 2630 sunt:
1543 2577 1646 2632 sed
1692 2581 1884 2648 magis
1931 2597 2051 2638 ser-

393 2653 745 2726 viant,quia
767 2657 976 2725 ﬁdeles
1003 2666 1142 2715 sunt
1165 2667 1219 2717 et
1249 2661 1476 2732 dilecti,
1500 2667 1607 2736 qui
1637 2667 2055 2741 beneficiipar—

395 2742 603 2811 ticipes
633 2753 773 2800 sunt
803 2748 856 2817 (l
890 2748 1038 2802 Tim.
1073 2765 1158 2812 vx,
1193 2755 1325 2819 1,2).
1357 2753 1561 2809 Servos
1618 2757 1874 2815 dominis
1928 2765 2056 2818 suis

393 2831 660 2889 subditos
693 2850 830 2900 esse,
855 2839 917 2892 in
945 2840 1216 2898 omnibus
1241 2843 1567 2911 placentes,
1597 2862 1717 2902 non
1749 2853 2055 2908 contradi-

393 2930 608 2989 centes,
641 2942 759 2982 non
794 2929 1182 2997 fraudantes,
1213 2934 1319 2990 sed
1353 2950 1582 2993 omnem
1610 2939 1786 3006 fidem
1841 2941 2056 3000 bonam

396 3017 811 3089 ostendentes;
843 3026 907 3076 ut
935 3021 1275 3080 doctrinam
1334 3027 1677 3086 Saluatoris
1727 3034 1924 3088 nostri
1949 3036 2062 3092 Dei

392 3114 607 3163 ornent
641 3108 708 3164 in
729 3111 1004 3166 omnibus
1029 3114 1160 3183 (Tit.
1203 3130 1259 3179 ιι,
1290 3118 1342 3185 9,
1378 3119 1487 3187 10).

400 3196 572 3268 311
604 3199 776 3264 Quod
803 3206 1040 3273 oportet
1093 3202 1511 3280 dominos,qui
1563 3225 1868 3268 memores
1921 3218 2060 3271 sunt

467 3286 591 3342 veri
614 3288 867 3356 Domini,
900 3307 1088 3362 quam
1117 3308 1369 3366 operam
1396 3296 1544 3368 ipsis
1575 3299 1852 3357 dederint
1878 3303 2057 3368 servi,

470 3392 606 3432 eam
664 3394 910 3452 quoque
965 3383 1154 3437 servis
1217 3400 1326 3456 pro
1378 3388 1607 3444 viribus
1652 3390 1940 3460 praebere,
1995 3393 2058 3450 in

473 3468 575 3523 Dei
606 3468 818 3526 timore
850 3476 908 3527 et
935 3475 1404 3534 mansuetudine
1435 3495 1581 3550 erga
1612 3481 1798 3553 ipsos,
1826 3483 1905 3538 ad
1951 3485 2060 3540 Do-

479 3558 628 3614 mini
654 3561 1028 3635 exemplum.

1071 3655 1271 3726 Caput
1295 3657 1376 3714 ΙΙ.

469 3739 675 3798 Sciens
696 3743 890 3812 Jesus,
923 3746 1066 3816 quia
1120 3749 1323 3803 omnia
1361 3749 1525 3805 dedit
1552 3752 1607 3806 ei
1634 3752 1820 3810 Pater
1849 3756 1911 3812 in
1937 3772 2059 3814 ma-

398 3845 512 3887 nus
537 3838 590 3888 et
611 3835 754 3904 quia
776 3850 813 3890 a
843 3835 964 3890 Deo
985 3837 1190 3907 exivit,
1221 3844 1274 3894 et
1301 3839 1383 3894 ad
1430 3840 1618 3897 Deum
1653 3844 1838 3912 vadit,
1862 3849 2060 3918 surgit

398 3935 435 3976 a
457 3936 646 3991 ccena,
678 3929 732 3977 et
783 3928 953 3990 ponit
986 3927 1338 3983 vestimenta
1359 3944 1468 3986 sua
1489 3945 1513 3986 .'
1532 3937 1586 3987 et
1631 3948 1765 3989 cum
1797 3938 2058 4006 accepis-

395 4017 483 4066 set
513 4013 783 4077 linteum,
812 4016 1143 4082 praecinxit
1171 4033 1251 4074 se.
1275 4019 1505 4076 Deinde
1532 4024 1716 4080 mittil
1750 4040 1970 4097 aquam
1995 4032 2058 4084 in

395 4102 642 4171 pelvim,
673 4107 728 4158 et
755 4107 928 4173 ccepti
960 4106 1166 4163 lavare
1182 4109 1358 4178 pedes
1389 4111 1848 4184 discipulorum,
1874 4125 1927 4174 et
1959 4134 2062 4176 ex-

401 4195 631 4262 tergere
653 4193 854 4259 linteo,
881 4212 994 4267 quo
1017 4204 1149 4253 erat
1179 4202 1543 4268 praecinctus
1573 4205 1764 4276 (Joan.
1791 4211 2052 4279 xm.3~5).

397 4282 464 4337 Et
493 4281 680 4353 paulo
713 4289 850 4356 post
882 4302 893 4341 :
933 4287 1037 4342 Vos
1069 4296 1287 4347 vocatis
1317 4307 1429 4360 me,
1460 4294 1750 4364 Magister
1772 4302 1825 4353 et
1861 4299 2062 4354 Domi-

400 4386 495 4440 ne,
518 4378 573 4428 et
607 4373 748 4430 bene
769 4375 1004 4433 dicitis:
1031 4394 1158 4435 sum
1186 4379 1421 4438 etenim.
1445 4384 1516 4440 Si
1540 4400 1674 4456 ergo
1697 4402 1800 4457 ego
1826 4388 1946 4445 lavi
1960 4404 2060 4459 pe—

400 4461 501 4519 des
534 4470 755 4520 vestros
788 4467 1070 4523 Dominus
1092 4477 1147 4526 et
1167 4473 1474 4541 Magister,
1509 4480 1564 4529 et
1595 4491 1695 4530 vos
1718 4476 1937 4534 debetis
1967 4481 2058 4536 al-

401 4563 492 4608 ter
519 4554 773 4610 alterius
797 4557 1007 4614 lavare
1025 4561 1219 4628 pedes.
1246 4562 1607 4633 Exemplum
1630 4566 1784 4620 enim
1805 4567 1946 4624 dedi
1963 4584 2060 4626 vo-

399 4640 506 4706 bis,
535 4648 599 4697 ut
627 4647 1127 4714 quemadmodum
1145 4651 1269 4718 feci
1299 4651 1459 4707 vobis
1486 4653 1574 4709 ita
1599 4658 1656 4708 et
1691 4668 1791 4709 vos
1812 4656 2058 4724 faciatis

400 4732 568 4799 (ibid.
606 4737 806 4803 13-15).
830 4737 1076 4793 Domini
1098 4740 1303 4796 eadem
1331 4743 1520 4811 facite
1535 4744 1663 4798 illis
1690 4747 2060 4806 remittentes

399 4823 906 4882 minaszscientes
961 4834 1105 4899 quia
1163 4835 1218 4886 et
1250 4837 1444 4886 vester
1471 4834 1738 4900 ipsorum
1767 4836 2060 4895 Dominus

399 4916 485 4966 est
506 4912 568 4967 in
599 4915 846 4981 caelis,et
893 4931 1295 4984 personarum
1337 4923 1604 4991 acceptio
1631 4938 1751 4978 non
1782 4931 1865 4980 est
1895 4928 2058 4996 apud

400 5014 531 5058 eum
556 5003 806 5074 (Ephes.
828 5021 908 5064 vr.
943 5006 997 5076 9)

469 5329 550 5412 (5)
582 5331 726 5399 Reg.
772 5331 1007 5402 primus
1043 5339 1304 5406 κομιεῖται
1332 5337 1477 5410 παρά
1505 5342 1597 5390 τοῦ
1629 5341 1775 5406 Θεοῦ,
1804 5341 2053 5412 recipiet

394 5422 433 5465 α
461 5403 740 5546 ᾒῖοέοςίὶ
770 5474 1000 5547 primus
1027 5481 1082 5532 et
1119 5478 1321 5534 tertius
1343 5481 1410 5531 ὧν
1450 5480 1508 5533 ἂν
1540 5479 1832 5541 ἀπολύωσι.

467 5553 545 5624 (7)
569 5547 710 5638 ἔξεις.
747 5548 948 5635 tertius
974 5552 1147 5602 πάντα
1163 5547 1383 5632 ⁸ἔδωκεν.
1561 5625 1570 5636 ⁸
1743 5629 1752 5638 Ι

467 5618 540 5688 (8)
573 5618 694 5674 Vox
720 5619 878 5674 αὑτοῦ
901 5620 964 5677 in
989 5622 1209 5679 nostris
1231 5640 1382 5679 mss.
1409 5640 1531 5687 non
1555 5625 1874 5689 invenitur.
1918 5633 2044 5690 Mox

2168 1863 2232 1921 ὡς
2264 1860 2708 1937 ἀνθρωπάρεσκοι,
2743 1863 2852 1923 ’ἁλλ’
2894 1868 2958 1926 ὡς
2998 1861 3180 1918 δοῦλοι
3213 1873 3465 1942 Χριστοῦ,
3509 1877 3770 1933 ποιοῦντες

2165 1953 2222 2004 τὸ
2257 1953 2454 2024 Θέλημα
2473 1960 2563 2004 τοῦ
2594 1961 2728 2006 Θεοῦ
2754 1952 2808 2006 ἐκ
2833 1954 3039 2027 ψυχῆς,
3063 1955 3172 2028 μετ’
3195 1957 3394 2021 εὐνοίας
3417 1955 3768 2030 δουλεύοντες,

2167 2043 2236 2102 ὡς
2272 2051 2342 2112 τῷ
2386 2047 2581 2117 Κυριῳ.
2609 2049 2699 2096 καὶ
2728 2044 2822 2096 οὐκ
2855 2042 3160 2119 ἀνθρώποις·
3190 2043 3405 2114 εἰδότες,
3439 2050 3519 2102 ὅτι
3550 2052 3769 2115 ἕκαστος

2167 2129 2193 2182 ὃ
2223 2129 2308 2182 ἐὰν
2337 2136 2459 2190 ποιή
2471 2151 2537 2205 σῃ
2567 2131 2784 2204 ἀγαθόν,
2811 2143 2962 2187 τοῦτο
2988 2144 3248 2209 κομιεῖται
3275 2141 3421 2211 παρά
3449 2147 3542 2191 τοῦ
3571 2145 3767 2215 Κυρίου

2168 2221 2267 2292 (5),
2301 2224 2400 2273 εἴτε
2431 2218 2636 2287 δοῦλος,
2672 2226 2771 2275 εῖτε
2808 2222 3087 2300 ἐλεύθερος.
3131 2231 3301 2279 ΠΡΟΣ
3337 2232 3482 2282 TIM.
3516 2226 3578 2282 α’.
3611 2228 3768 2282 Ὀσοί

2166 2310 2302 2363 εἰσὶν
2341 2312 2441 2364 ὑπὸ
2483 2311 2641 2383 ζυγόν
2674 2309 2873 2381 δοῦλοι,
2917 2319 3037 2375 τοὺς
3083 2312 3253 2378 ἰδίους
3293 2311 3558 2380 δεσπότας
3587 2321 3766 2386 πάσης

2164 2409 2318 2474 τιμῆς
2340 2399 2516 2464 ἀξίους
2537 2404 2888 2474 ἡγείσθωσαν,
2920 2405 3003 2456 ἱνα
3026 2409 3097 2477 μὴ
3125 2408 3183 2457 τὸ
3213 2409 3374 2478 ὄνομα
3398 2415 3489 2460 τοῦ
3517 2415 3650 2461 Θεοῦ
3673 2414 3762 2462 καὶ

2163 2492 2193 2548 ἡ
2247 2487 2577 2543 διδασκαλία
2621 2491 3021 2566 βλασφημῆται.
3083 2496 3149 2546 Οἱ
3196 2491 3255 2547 δε
3303 2500 3523 2559 πιστοὺς
3563 2501 3764 2570 ἔχοντες

2167 2576 2440 2646 δεσπότας,
2470 2586 2542 2654 μὴ
2575 2588 3080 2656 καταφρονείτωσαν,
3114 2584 3195 2637 ὅτι
3219 2581 3433 2658 ἀδελφοί
3454 2586 3604 2650 εἰσιν,
3637 2587 3766 2641 ἀλλὰ

2165 2669 2354 2743 μᾶλλον
2383 2666 2790 2740 δουλευέτωσαν,
2823 2674 2904 2724 ὃτι
2941 2678 3126 2725 πιστοί
3152 2674 3256 2727 εἰσι
3285 2679 3374 2727 καὶ
3403 2673 3684 2748 ἀγαπητοὶ,
3716 2678 3766 2730 οἰ

2165 2767 2262 2820 τῆς
2293 2759 2590 2836 εὐεργεσίας
2623 2759 3138 2836 ἀντιλαμϐανόμενοι.
3183 2771 3350 2817 ΠΡΟΣ
3388 2771 3517 2820 ΤΙΤ.
3545 2765 3766 2830 Δούλους

2171 2846 2327 2914 ἰδίοις
2369 2847 2655 2916 δεσπόταις
2685 2854 3106 2919 ὑποτάσσεσθαι,
3151 2858 3200 2909 ἓν
3249 2862 3412 2909 πᾶσιν
3460 2857 3770 2931 εὐαρέστους

2170 2941 2318 3006 εἶναι,
2347 2944 2419 3014 μὴ
2463 2941 2838 3014 ἀντιλέγοντας,
2871 2948 2942 3016 μὴ
2976 2945 3405 3019 νοσφιζομένους,
3441 2943 3568 2999 ἀλλὰ
3595 2953 3772 3001 πᾶσαν

2168 3034 2349 3083 πίστιν
2393 3027 2844 3106 ἐπιδεικνυμένους
2895 3034 3117 3107 ἀγαθήν·
3168 3035 3250 3088 ἵνα
3293 3040 3385 3098 τὴν
3420 3032 3774 3090 διδασκαλίαν

2090 3144 2132 3202 c
2172 3127 2263 3172 τοῦ
2295 3127 2529 3196 Σωτῆρος
2557 3124 2704 3195 ἡμῶν
2745 3131 2878 3176 Θεοῦ
2919 3133 3188 3198 κοσμῶσιν
3217 3124 3265 3177 ἐν
3305 3131 3490 3184 πᾶσιν,

2169 3207 2308 3277 "On,
2345 3206 2431 3263 δεῖ
2473 3215 2594 3274 τοὺς
2646 3233 2856 3286 κυριους
2925 3218 3336 3290 μνημονεύοντας
3384 3225 3475 3270 τοῦ
3529 3215 3774 3276 ἀληθινοῦ

2243 3305 2461 3373 Κυριου,
2513 3299 2578 3354 ὧν
2627 3300 2687 3354 ἂν
2738 3302 3081 3357 ἀπολαύσωσι
3121 3308 3202 3376 (6)
3239 3308 3383 3381 παρὰ
3420 3315 3520 3359 τῶν
3553 3304 3772 3374 δούλων,

2239 3397 2407 3442 ταῦτα
2453 3396 2542 3445 καὶ
2588 3400 2752 3446 ποιεῖν
2806 3394 2991 3456 αὐτοῖς
3033 3397 3166 3447 κατά
3221 3391 3465 3469 δύναμιν,
3527 3395 3576 3449 ἓν
3635 3395 3774 3471 φόϐῳ

2241 3483 2368 3532 Θεοῦ
2421 3486 2511 3535 καὶ
2554 3480 2802 3556 ἐπιεικείᾳ
2849 3493 2908 3558 τῇ
2961 3488 3088 3559 πρός
3136 3485 3345 3554 αὐτοὺς,
3387 3490 3521 3539 κατὰ
3545 3491 3772 3561 μίμησιν

2239 3577 2332 3623 τοῦ
2367 3576 2583 3645 Κυρίου.

2814 3647 3002 3718 Κεφάλ.

2241 3738 2559 3788 ΙΩΑΝΝΗΣ.
2620 3731 2790 3797 Εἰδὼς
2816 3737 2841 3788 ό
2873 3735 3101 3804 Ἰησοῦς,
3135 3737 3213 3790 ὃτι
3248 3739 3418 3790 πάντα
3445 3734 3671 3791 δέδωκεν
3696 3739 3773 3812 (‘7)

2170 3822 2311 3893 αὑτῷ
2344 3825 2369 3875 ό
2401 3828 2581 3899 Πατὴρ
2611 3824 2683 3886 εἰς
2703 3827 2792 3886 τὰς
2811 3833 3019 3899 χεῖρας,
3051 3831 3140 3879 καὶ
3171 3829 3250 3880 ὅτι
3278 3825 3378 3880 ἀπὸ
3409 3835 3544 3880 Θεοῦ
3576 3827 3772 3896 ἐξῆλθε,

2169 3918 2260 3964 καὶ
2300 3916 2432 3988 πρὸς
2473 3918 2561 3967 τόν
2608 3918 2734 3966 Θεὸν
2776 3917 2987 3988 ὑπάγει,
3021 3914 3269 3991 ἐγείρεται
3322 3915 3377 3970 ἐκ
3406 3924 3498 3970 τοῦ
3539 3913 3772 3985 δείπνου,

2169 4008 2260 4055 καὶ
2288 4005 2472 4062 τίθησι
2521 4007 2588 4056 τά
2638 4006 2823 4078 ἱμάτια
2870 4006 3030 4059 αὑτοῦ
3079 4007 3180 4078 (8),
3229 4013 3319 4060 καὶ
3356 4005 3522 4062 λαϐὼν
3561 4007 3773 4076 λέντιον,

2173 4089 2423 4153 διίζωοεν
2472 4093 2668 4148 ἑαυτὸν.
2712 4091 2841 4146 Εἶτα
2879 4093 3061 4168 βάλλει
3099 4092 3244 4170 ὕδωρ
3275 4097 3348 4160 εἰς
3395 4101 3482 4149 τὸν
3528 4106 3777 4171 νιπτῆρα,

2170 4187 2260 4234 καὶ
2315 4182 2508 4257 ἤρξατο
2562 4188 2757 4237 νίπτειν
2815 4189 2935 4248 τοὺς
2993 4183 3163 4248 πόδας
3202 4195 3302 4239 τῶν
3357 4190 3627 4261 μαθητῶν,
3686 4193 3778 4241 καὶ

2171 4270 2454 4344 ἐκμάσσειν
2486 4281 2557 4344 τῷ
2588 4273 2763 4347 λεντίῳ
2857 4277 2918 4334 ἦν
2947 4272 3317 4350 διεζωσμένος.
3340 4283 3440 4332 Καὶ
3465 4278 3574 4352 μετ’
3603 4278 3773 4350 ὀλίγαι

2169 4361 2334 4436 Ὑμεῖς
2393 4369 2598 4436 φωνεῖτέ
2661 4385 2748 4438 με,
2805 4367 2830 4417 ό
2895 4363 3247 4438 διδάσκαλος,
3307 4373 3398 4421 καὶ
3467 4371 3492 4421 ό
3561 4372 3774 4443 Κύριος,

2173 4458 2262 4505 καὶ
2293 4453 2460 4516 καλῶς
2488 4453 2673 4526 λέγει-ε’
2699 4455 2805 4529 εἰμὶ
2825 4458 2949 4531 γὰρ.
2974 4457 3034 4510 Εἰ
3062 4455 3150 4511 οὖν
3181 4457 3278 4530 ἐγὼ
3309 4458 3462 4530 ἔνιψα
3487 4461 3626 4532 ὑμῶν
3652 4462 3774 4522 τοὺς

2172 4541 2338 4606 πόδας
2377 4547 2402 4598 ό
2436 4549 2624 4619 Κύριος
2674 4553 2763 4600 καὶ
2793 4549 2818 4600 ό
2861 4544 3206 4620 διδάσκαλος,
3247 4555 3338 4603 καὶ
3376 4552 3522 4624 ὑμεῖς
3554 4550 3774 4624 ὀφείλετε

2170 4632 2398 4693 ἀλλήλων
2445 4641 2636 4690 νίπτειν
2679 4641 2796 4698 τούς
2834 4633 3019 4700 πόδας.
3062 4636 3381 4712 ’Υπόδειγμα
3429 4643 3531 4713 γὰρ
3562 4637 3775 4694 δέδωκα

2169 4726 2311 4797 ὑμῖν,
2345 4727 2444 4797 ἵνα,
2479 4729 2652 4790 καθὼς
2678 4727 2907 4786 ἐποίησα
2927 4730 3070 4801 ὑμῖν,
3094 4734 3184 4782 καὶ
3210 4731 3352 4803 ὑμεῖς
3373 4733 3573 4790 ποιῆτε.
3603 4737 3771 4784 ΠΡΟΣ

2166 4821 2345 4870 ΕΦΕΣ.
2409 4819 2477 4868 Οἱ
2533 4820 2726 4891 κύριοι,
2792 4821 2858 4870 τά
2922 4821 3060 4871 αυτά
3113 4827 3306 4874 ποιεῖτε
3372 4825 3498 4896 πρὸς
3565 4821 3767 4888 αὐτούς,

2167 4903 2383 4967 ἀνιέντες
2427 4911 2514 4965 τὴν
2548 4904 2781 4967 ἀπειλήν⁹
2817 4904 3031 4976 εἰδότες,
3064 4909 3144 4961 ὅτι
3173 4915 3262 4962 καὶ
3310 4911 3452 4982 ὑμῶν
3483 4910 3651 4964 αὐτῶν
3691 4913 3770 4982 (9)

2168 4998 2360 5071 Κύριός
2393 4996 2534 5050 ἐστιν
2565 4996 2615 5052 ἕν
2647 4998 2907 5074 οὐρανοῖς,
2957 5004 3046 5052 καὶ
3077 4999 3499 5073 προσωποληψία
3536 5002 3631 5055 οὑκ
3660 5005 3771 5055 Erat

2163 5087 2286 5165 παρ’
2329 5088 2489 5161 αὑτῷ.

2161 5344 2416 5412 utraque
2447 5340 2630 5398 editio
2674 5345 2732 5398 et
2780 5343 2919 5412 Reg.
2954 5341 3259 5398 secundus
3298 5339 3548 5404 διεζωσεν
3589 5343 3763 5398 αύτόν.

2161 5358 2416 5469 urrague
2447 5358 2630 5398 emno
2674 5358 2732 5398 et
2780 5358 2832 5397 ιιι

2158 5414 2268 5470 Alii
2347 5431 2422 5469 uo
2453 5431 2600 5469 mss.
2635 5414 2832 5469 ἑαυτὸν.

2229 5487 2306 5552 (9)
2338 5486 2525 5541 Editio
2558 5488 2740 5541 Paris.
2775 5489 2854 5539 ὅτι
2876 5492 2970 5569 καί
2996 5489 3138 5569 ὑμῶν
3159 5492 3248 5538 καὶ
3269 5487 3457 5569 αὐτῷνυ,
3475 5493 3544 5569 et
3569 5493 3766 5544 vester

2156 5565 2209 5614 et
2231 5561 2479 5614 illorum
2505 5561 2808 5615 Dominus.
2826 5559 3014 5614 Editio
3035 5562 3173 5614 Ven.
3189 5567 3246 5613 et
3262 5561 3448 5614 nostri
3472 5568 3589 5614 tres
3612 5575 3760 5614 mss.

2155 5633 2230 5683 ὅτι
2256 5637 2345 5684 καὶ
2371 5632 2512 5708 ὑμῶν
2539 5631 2725 5685 αὐτῶν.
2769 5630 2999 5689 lbidem
3025 5631 3169 5700 Reg.
3201 5635 3435 5704 primus
3461 5629 3509 5683 ἐν
3535 5631 3753 5706 οὐρανῷ.
