4112 6386
292 375 396 432 857

935 507 1101 554 ΟΡΟΣ
1133 497 1245 564 Ος·’.

293 598 415 652 Ὀτι
455 596 539 652 δεῖ
565 601 629 651 τὰ
656 602 810 652 τέκνα
847 605 1002 672 τιμᾲν
1042 602 1162 660 τοὺς
1190 604 1375 669 γονεῖς,
1409 601 1498 649 καὶ
1537 599 1814 650 ὑπακούειν
1842 597 1889 650 έν

366 695 526 741 πᾶσιν
575 689 772 754 αὐτοῖς,
824 687 872 741 έν
922 687 1000 752 οἷς
1042 687 1101 739 ἂν
1145 687 1320 747 ἐντολὴ
1375 694 1508 743 Θεοῦ
1557 692 1627 762 μὴ
1671 685 1889 764 ἐμποδί-

368 779 541 843 Curat.

934 887 1119 960 Κεφςίλ.
1152 887 1218 940 α’.

369 1002 653 1051 ΛΟΥΚΑΣ.
702 1000 800 1049 Καὶ
846 998 974 1070 πρὸς
1028 994 1183 1047 αὐτόν
1236 996 1266 1053 ἡ
1310 999 1485 1068 μήτηρ
1547 993 1706 1047 αὐτοῦ
1758 992 1885 1047 εἶπε·

293 1089 500 1151 Τέκνον,
559 1090 609 1138 τί
653 1083 898 1146 ἐποίησας
930 1087 1054 1159 ἡμῖν
1086 1085 1249 1146 οὕτως
1279 1101 1292 1150 ;
1337 1081 1480 1137 Ἰδοὺ
1511 1086 1536 1136 6
1567 1089 1742 1159 πατήρ
1789 1103 1888 1137 σου

295 1172 439 1244 κάγὼ
483 1170 794 1244 ὀδυνώμενοι
842 1173 1122 1246 έζητοῦμέν
1157 1193 1235 1229 σε.
1291 1178 1391 1228 Καὶ
1421 1174 1531 1246 μετ’
1574 1173 1743 1245 ὀλίγα·
1791 1178 1890 1227 Καὶ

291 1261 475 1335 μετέϐη
500 1264 613 1330 (10)
639 1263 748 1334 μετ’
780 1263 970 1330 αὐτῶν,
1003 1268 1093 1316 καὶ
1131 1263 1280 1322 ἦλθεν
1307 1263 1375 1323 εἰς
1405 1263 1667 1335 Ναζαρὶτ,
1699 1268 1788 1316 καὶ
1827 1264 1888 1321 ἧν

290 1351 704 1422 ὑποτασσόμενος
751 1353 946 1414 αὐτοῖς.
993 1359 1161 1406 ΠΡΟΣ
1203 1358 1379 1407 ΕΦΕΣ.
1433 1354 1510 1406 Τά
1546 1355 1717 1420 τέκνα,
1758 1354 1888 1404 ὑπα-

286 1441 462 1494 κούετε
505 1448 608 1502 τοῖς
645 1449 884 1512 γονεῦσιν
924 1443 1066 1516 ὑμῶν
1106 1441 1156 1495 έν
1204 1446 1397 1516 Κυρίῳ*
1442 1450 1593 1496 τοῦτο
1635 1444 1737 1515 γὰρ
1779 1441 1889 1495 ἐστι

288 1527 514 1587 δίκαιον.
549 1538 690 1605 Τιμκ
717 1536 804 1585 τόν
833 1537 1033 1608 πατέρα
1079 1539 1168 1586 καὶ
1196 1537 1291 1591 τὴν
1337 1537 1560 1607 μητέρα.
1591 1537 1709 1595 ἣτις
1748 1531 1888 1586 έστὶν

285 1619 457 1680 ἐντολὴ
500 1627 678 1696 πρώτη
724 1623 774 1674 έν
819 1621 1164 1694 ἐπαγγελίαις,
1217 1625 1300 1674 ἶνα
1330 1622 1384 1676 εὖ
1417 1641 1500 1676 σοι
1524 1627 1754 1695 γένηται,
1798 1628 1888 1676 καὶ

283 1711 374 1782 ἔσῃ
408 1715 792 1786 μακροχρόνιος
818 1710 900 1764 ίπὶ
929 1719 1024 1772 τῆς
1052 1721 1170 1784 γῆς.

1802 375 2132 432 MORALIA.

1923 501 1972 554 Α

3553 383 3657 443 858

2553 502 2832 558 BEGULA
2874 502 3102 559 LXXVI.

2073 596 2239 662 Quod
2272 595 2439 652 liberi
2459 597 2681 652 debent
2699 605 2978 669 parentes
2997 601 3427 674 colere.eisque
3450 604 3655 661 obedi-

2073 701 2134 742 re
2167 687 2224 740 in
2253 686 2558 750 omnibus,
2591 703 2727 762 quae
2788 687 2889 744 Dei
2935 689 3227 748 mandato
3264 706 3657 771 nequaquam

2071 775 2360 838 ofﬁciunt.

2679 888 2877 956 Caput
2918 889 2970 944 Ι.

2077 997 2150 1052 Et
2162 997 2319 1054 dixit
2338 1001 2532 1053 mater
2546 999 2671 1067 ejus
2690 998 2772 1052 ad
2786 999 2963 1053 illum
2979 1013 3003 1055 .'
3018 997 3315 1072 Fili.quid
3329 1000 3533 1069 fecisti
3553 1016 3655 1057 no-

2002 1085 2088 1141 bis
2112 1088 2197 1142 sic
2208 1087 2236 1142 ‘t
2247 1086 2402 1142 Ecce
2412 1091 2594 1154 pater
2609 1092 2746 1142 tuus
2763 1093 2817 1141 et
2843 1102 2950 1157 ego
2968 1089 3233 1145 dolentes
3253 1091 3658 1161 quarebamus

2001 1182 2057 1232 te
2087 1177 2254 1245 (Luc.
2301 1191 2360 1234 ιι.
2393 1177 2506 1247 48).
2533 1177 2648 1231 Nec
2681 1177 2870 1232 multo
2901 1185 3066 1250 post:
3110 1180 3187 1234 Et
3217 1179 3366 1235 abiit
3397 1195 3528 1236 cum
3553 1183 3653 1253 eis,

1997 1273 2055 1322 et
2084 1269 2244 1322 venit
2267 1267 2530 1323 Nazaret
2557 1285 2569 1321 :
2593 1273 2648 1322 et
2693 1273 2824 1324 erat
2857 1269 3132 1324 subditus
3175 1270 3300 1325 illis
3333 1271 3498 1336 (ibid.
3542 1273 3657 1341 51).

1997 1357 2759 1428 Filii,obediteparentibus
2772 1361 2985 1415 vestris
2996 1362 3058 1414 in
3080 1361 3353 1424 Domino;
3371 1361 3482 1416 hoc
3500 1363 3659 1417 enim

1988 1449 2224 1518 justum
2238 1449 2600 1504 est.Honora
2610 1455 2844 1514 patrem
2859 1454 2914 1505 et
2933 1451 3377 1522 matrem,quod
3393 1457 3474 1506 est
3493 1467 3659 1506 man-

1997 1538 2208 1594 datum
2233 1539 2496 1607 primum
2529 1544 2592 1594 in
2621 1539 3206 1608 promissionibusmt
3241 1540 3384 1596 bene
3419 1545 3497 1595 sit
3529 1540 3656 1606 tibi,

1998 1633 2054 1683 et
2083 1630 2201 1684 eris
2233 1629 2537 1699 longzvus
2558 1644 2742 1698 super
2766 1635 2993 1686 terram
3023 1629 3262 1700 (Ep/tes.
3294 1645 3374 1695 γι,
3411 1630 3548 1699 1-3).

282 1815 402 1870 Ὀτι
433 1815 519 1871 δεῖ
544 1821 666 1881 τοὺς
704 1827 871 1890 γονεῖς
919 1817 968 1871 έν
1014 1815 1237 1891 παιδείᾳ
1274 1823 1364 1871 καὶ
1413 1821 1659 1892 νουθεσίᾳ
1690 1824 1884 1894 Κυρίου

2014 1798 2169 1864 )uod
2198 1803 2478 1871 parentes
2499 1799 2558 1855 in
2581 1799 2902 1873 disciplina
2922 1805 2980 1856 et
2999 1801 3366 1858 correctione
3399 1802 3654 1870 Domini,

2072 1905 2202 1913 -..Μ
2227 1890 2689 1913 ........-.--A-_J:_-
2720 1897 2768 1913 ..ι
2791 1891 2804 1913 1
2829 1893 3026 1913 ._:A-n-
3053 1890 3266 1913 .I-I___.L
3287 1891 3502 1913 I:l_-..-_
3523 1893 3629 1913 -.ιη

354 1906 610 1982 έκτρέφειν
663 1910 728 1960 τὰ
779 1912 932 1962 τέκνα
980 1911 1110 1982 μετὰ
1158 1913 1453 1981 πραότητος
1493 1914 1582 1961 καὶ
1612 1911 1884 1983 μακροθυ-

355 2002 500 2069 μίας,
554 1994 820 2070 μηδεμίαν
870 1995 930 2052 δε
978 2004 1260 2074 πρόφασιν,
1316 2001 1373 2050 τὸ
1423 1999 1544 2054 ὅσον
1589 1997 1666 2051 ἐπ’
1707 2000 1884 2062 αὐτοῖς

354 2083 566 2140 διδόναι
606 2087 766 2163 ὀργῆς
796 2094 886 2141 καὶ
916 2088 1052 2146 λύπη
1065 2111 1104 2152 ς.

942 2179 1130 2253 Κεράλ.

356 2282 524 2330 ΠΡΟΣ
572 2283 749 2332 ΕΦΕΣ.
796 2282 897 2331 Καὶ
937 2281 985 2332 οἱ
1022 2285 1259 2354 πατέρες,
1319 2287 1390 2355 μὴ
1437 2288 1781 2360 παροργίζετε
1819 2287 1886 2337 τὰ

282 2369 433 2420 τέκνα
462 2368 624 2439 ὑμῶν,
655 2366 761 2418 ἀλλ’
791 2365 1058 2442 ἒκτπέφετε
1085 2371 1218 2423 αὐτὰ
1247 2371 1294 2424 ἐν
1326 2369 1546 2446 παιδείᾳ
1583 2379 1672 2426 καὶ
1702 2376 1882 2427 νουθε-

287 2461 380 2530 σίᾳ
413 2464 627 2518 Κυρίου.
659 2464 825 2511 ΠΡΟΣ
868 2465 1030 2515 ΚΟΛ.
1072 2464 1137 2513 Οἱ
1161 2467 1396 2537 πατέρες,
1429 2468 1500 2536 μὴ
1543 2463 1790 2538 ἐρεθίζετε
1820 2467 1884 2517 τὰ

282 2549 434 2602 τέκνα
461 2548 624 2620 ὑμῶν,
659 2549 742 2601 ἵνα
777 2552 849 2622 μὴ
885 2546 1176 2626 ἀθυμῶσιν.

913 2728 1079 2775 ΟΡΟΣ
1121 2722 1238 2780 ΟΖ’.

280 2823 399 2877 Ὀτι
451 2822 536 2879 δεῖ
570 2831 661 2890 τὰς
711 2831 995 2903 παρθένους
1038 2829 1382 2906 ἀπηλλάχθαι
1419 2835 1598 2896 πάσης
1626 2837 1882 2907 μεμίμνης

354 2921 444 2966 τοῦ
487 2914 758 2982 ἐνεστῶτος
800 2919 997 2987 αἰῶνος;
1033 2925 1162 2996 πρὸς
1198 2925 1259 2974 τὸ
1287 2919 1550 2975 δύνασθαι
1581 2921 1880 2997 ἀπερισπά-

359 3021 493 3066 στως
536 3015 606 3077 τῷ
646 3015 757 3080 Θεῷ
805 3010 1139 3084 εὐχαριστεῖν
1190 3016 1302 3080 (Η)
1350 3015 1484 3064 κατά
1523 3033 1576 3066 τε
1634 3020 1752 3065 νοῦν
1790 3018 1880 3065 καὶ

358 3101 525 3168 σῶμα,
554 3094 630 3149 ἐπ’
661 3096 815 3153 έλπίδ
821 3121 837 3152 ι
858 3109 949 3162 τῆς
976 3100 1254 3175 βασιλείας
1281 3111 1380 3156 τῶν
1413 3103 1660 3179 οὐρανῶν.

938 3201 1125 3274 Κεφάλ.
1169 3201 1232 3258 α’.
1911 3218 1952 3275 c

349 3297 722 3351 ΜΑΤΘΔΙΟΣ.
809 3298 956 3351 Εἰσιν
1040 3301 1303 3373 εὐνοῦχοι,
1377 3305 1557 3364 οἰτινες
1634 3303 1880 3374 εὐνούχι-

283 3398 376 3432 σαν
441 3382 652 3444 έαυτούς
719 3382 814 3438 διὰ
858 3392 953 3445 τὴν
1020 3388 1296 3460 βασιλείαν
1345 3399 1444 3443 τῶν
1507 3391 1754 3465 οὐρανῶν.
1823 3390 1882 3441 Ὀ

283 3468 568 3545 δυνάμενος
615 3481 830 3548 χωρεῖν,
889 3482 1148 3549 χωρείτω.
1205 3485 1374 3532 ΠΡΟΣ
1416 3487 1564 3534 ΚΟΡ.
1621 3480 1684 3534 α’.
1738 3479 1883 3534 Θέλω

283 3557 342 3616 δε
393 3564 525 3635 ὑμᾶς
583 3561 895 3639 ἀμερίμνους
952 3563 1100 3618 εἶναι.
1160 3567 1218 3619 Ὀ
1271 3570 1469 3642 ἄγαμος
1534 3577 1760 3642 μεριμνᾷ
1819 3573 1886 3622 τὰ

282 3658 373 3704 τοῦ
421 3659 614 3728 Κυριου
673 3655 806 3724 (12),
855 3663 964 3718 πῶς
1015 3655 1189 3732 ἆρέσει
1227 3666 1298 3728 τῷ
1344 3663 1539 3732 Κυρίῳ·
1593 3662 1618 3710 ό
1677 3655 1736 3711 δε
1780 3680 1884 3730 ’γα-

281 3747 459 3814 μήσας
513 3749 737 3818 μεριμνᾷ
801 3747 868 3797 τὰ
931 3754 1025 3798 τοῦ
1086 3751 1308 3819 κόσμου,
1375 3755 1484 3810 πῶς
1566 3747 1742 3821 ἂρέσει
1820 3757 1880 3822 τῇ

278 3838 510 3905 γυναικί.
553 3839 876 3908 Μεμέρισται
917 3837 1033 3905 (13)
1077 3842 1166 3890 καὶ
1205 3839 1234 3895 ἠ
1267 3842 1397 3908 γυνὴ
1432 3843 1520 3890 καὶ
1549 3841 1579 3897 ἡ
1613 3841 1880 3909 παρθένος.

277 3922 336 3976 Ἠ
383 3924 586 3996 ἄγαμος
629 3931 855 3998 μεριμνᾲ
901 3927 967 3978 τὰ
1003 3934 1094 3978 τοῦ
1146 3931 1362 4000 Κυρίου,
1415 3929 1497 3978 ἵνα
1623 3927 1750 4000 ἁγία
1791 3934 1882 3981 καὶ

276 4021 353 4083 τῷ
418 4019 622 4086 σώματι
674 4018 875 4085 καὶτῷ
924 4018 1199 4088 πνεύματι.
1255 4016 1311 4070 Ἠ
1365 4013 1424 4070 δε
1461 4023 1760 4090 γαμήσασα
1798 4039 1885 4092 με·

273 4109 436 4178 ριμνᾷ
472 4106 540 4154 τὰ
589 4111 682 4156 τοῦ
721 4109 946 4177 κόσμου,
1000 4113 1105 4166 πῶς
1159 4103 1333 4179 ἁρέσει
1380 4115 1451 4178 τῷ
1492 4104 1670 4182 ἀνδρί.
1718 4115 1883 4161 Τοῦτο

280 4189 338 4245 δε
403 4197 534 4267 πρός
596 4196 653 4246 τὸ
702 4195 843 4266 ὑμῶν
892 4194 1061 4247 αὐτῶν
1117 4200 1376 4269 συμφέρον
1432 4195 1586 4268 λέγω·
1646 4197 1742 4250 οὐκ
1803 4200 1885 4251 ἵνα

281 4279 486 4355 βρόχον
539 4283 659 4356 ὑμῖν
717 4282 962 4349 ἐπιϐάλω,
1027 4282 1154 4336 ἀλλὰ
1198 4290 1328 4360 πρὸς
1383 4290 1440 4338 τό
1472 4291 1745 4361 εὔσχημον
1794 4294 1884 4341 καί

283 4367 600 4447 εὐπαρεδρον
646 4382 718 4444 τῷ
751 4380 928 4450 Κυρίῳ
958 4375 1381 4450 ἀπερισπάστως.

915 4551 1080 4598 ΟΡΟΣ
1123 4543 1244 4598 ΟΗ’.

282 4649 402 4708 Ὀτι
469 4653 563 4707 οὐκ
629 4652 798 4716 ἔξεστι
860 4660 970 4716 τοῖς
1038 4657 1461 4727 στρατευομένοις
1529 4649 1781 4708 διασείειν
1850 4655 1877 4714 ὃ

908 4749 1266 4815 συκοφαντεῖν.

931 4831 1120 4906 Κεφάλ.
1174 4831 1242 4890 α’.

354 4937 642 4987 ΛΟΥΚΑΣ.
713 4931 1017 5005 Ἐπηρώτων
1083 4927 1142 4984 δε
1211 4931 1366 4984 αὑτὸν
1441 4950 1530 4984 και
1599 4936 1884 5006 στρατευό-

281 5041 444 5095 μενοι,
520 5020 788 5094 λέγοντες·
853 5027 952 5076 Καὶ
1017 5025 1167 5095 ἡμεῖς
1232 5027 1285 5074 τί
1356 5027 1643 5094 ποιήτζομεν
1710 5021 1882 5094 (14);

353 5203 462 5274 (t0)
489 5203 632 5273 Reg.
666 5199 902 5275 primus
940 5199 1130 5275 κατέϐη
1143 5243 1156 5256 .

351 5272 463 5346 (lt)
497 5272 639 5346 Reg.
659 5272 882 5346 tertius
898 5280 970 5343 τῷ
999 5272 1119 5340 Θεῷ
1138 5272 1454 5346 εὐαρεστεῖν,
1479 5273 1598 5328 Deo
1621 5273 1882 5339 placere.

350 5344 464 5416 (12)
523 5345 710 5402 Editio
756 5344 939 5400 Paris.
977 5346 1042 5396 τὰ
1091 5344 1308 5418 Κυρίου.
1359 5350 1430 5400 At
1477 5361 1627 5400 mss.
1673 5347 1738 5396 τὰ
1796 5352 1886 5397 τοῦ

287 5423 507 5474 Κυρίου.

388 5495 473 5556 1'2)
503 5488 674 5556 Quod
708 5490 768 5544 in
802 5487 1055 5558 Vulgata
1080 5486 1316 5557 legitur.
1344 5493 1398 5544 et
1423 5487 1648 5543 divisus
1679 5493 1785 5544 est.
1813 5488 1887 5542 Et

287 5561 508 5619 mulier
529 5565 787 5631 innupta
809 5568 859 5616 et
885 5561 1054 5630 virgo
1076 5562 1297 5629 cogitat
1321 5575 1451 5630 qua:
1473 5561 1706 5615 Domini
1723 5567 1887 5629 sunt,

289 5634 480 5690 videri
511 5641 708 5705 potest
736 5631 1063 5705 confusum
1093 5631 1630 5705 etperturbatum.‘
1648 5631 1884 5705 Contra,

289 5707 396 5780 qui
428 5702 632 5763 Graeca
657 5703 838 5778 paulo
863 5702 1143 5761 attentius
1162 5702 1390 5771 legerit,
1415 5718 1507 5772 ea,
1535 5702 1770 5778 opinor,
1798 5703 1884 5758 di-

1912 4575 1956 4629 D

2067 1905 2206 1944 cum
2227 1890 2692 1946 mansuetudine
2714 1897 2770 1946 et
2791 1891 3030 1947 lenitate
3047 1890 3269 1946 debent
3287 1891 3505 1948 liberos
3517 1893 3658 1948 edu-

2068 1995 2226 2045 care,
2260 1979 2638 2053 nullamque,
2679 1987 2979 2052 quantum
3036 1981 3097 2036 in
3129 1981 3277 2054 ipsis
3303 1987 3410 2052 est,
3442 1981 3526 2037 eis
3554 1981 3656 2038 ira:

2069 2084 2139 2125 ac
2166 2069 2414 2125 tristitiae
2447 2071 2829 2126 occasionem
2860 2071 3027 2126 dare.

2664 2159 2863 2228 Caput
2903 2160 2982 2215 II.

2065 2260 2144 2314 Et
2175 2259 2714 2328 vos.patrcs,nolite
2734 2258 2814 2314 ad
2835 2259 3216 2315 iracundiam
3237 2273 3573 2328 provocare
3587 2261 3657 2328 ﬁ—

1998 2349 2107 2404 lios
2139 2355 2365 2404 vestros
2385 2348 2525 2410 .‘sed
2553 2348 2802 2403 educate
2830 2349 2966 2403 illos
2997 2349 3058 2403 in
3091 2348 3496 2417 disciplina,et
3519 2363 3654 2404 cor-

1994 2441 2262 2509 reptione
2295 2440 2530 2494 Domini
2547 2438 2788 2508 (Ephes.
2816 2454 2892 2504 v1,
2923 2439 2995 2504 4).
3024 2438 3550 2508 Patres,nolitead
3568 2439 3658 2493 in-

1994 2531 2405 2599 dignationem
2437 2543 2771 2598 provocare
2785 2529 2943 2597 ﬁlios
2966 2534 3281 2596 vestros,ut
3299 2543 3417 2585 non
3428 2528 3656 2598 pusillo

1994 2622 2194 2678 animo
2223 2621 2378 2690 ﬁant
2407 2621 2654 2692 (Coloss.
2688 2635 2766 2686 ιιι,
2801 2621 2912 2683 2t}.

2421 2719 2597 2792 312
2632 2719 2912 2775 REGULA
2976 2720 3220 2774 LXXVII.

1995 2820 2168 2888 Quod
2199 2823 2436 2892 oportet
2467 2818 2730 2888 virgines
2748 2817 2828 2875 ab
2852 2817 3020 2874 omni
3046 2816 3247 2874 seaculi
3276 2817 3463 2888 hujus
3484 2817 3654 2874 solli-

2065 2910 2328 2966 citudine
2353 2909 2575 2964 liberas
2606 2923 2757 2977 esse,
2792 2913 2856 2962 ut
2885 2909 3125 2980 possint
3155 2909 3243 2964 sic
3274 2909 3501 2978 gratias
3534 2911 3654 2966 Deo

2065 3015 2265 3070 agere,
2301 3004 2364 3053 ut
2392 3013 2513 3053 non
2545 2997 2960 3053 distrahantur
2989 3013 3188 3070 neque
3218 3006 3419 3055 mente
3451 3014 3650 3073 neque

2063 3104 2314 3164 corpore
2341 3087 2420 3143 ob
2442 3102 2611 3161 spem
2644 3085 2815 3155 regni
2846 3087 3162 3143 caelorum.

2673 3187 2871 3256 Caput
2919 3186 2969 3244 Ῑ.

2062 3292 2216 3349 Sunt
2238 3293 2504 3350 eunuchi
2545 3311 2648 3367 qui
2695 3294 2916 3359 seipsos
2961 3295 3654 3360 castraveruntpropter

1991 3397 2242 3452 regnum
2267 3385 2574 3440 cwtorum.
2601 3385 2717 3452 Qui
2740 3391 2932 3455 potest
2951 3382 3390 3451 capere,capiat
3411 3380 3649 3451 (Matth.

1992 3487 2116 3538 xxx,
2149 3474 2256 3544 I2).
2294 3473 2433 3528 Volo
2449 3480 2647 3530 autem
2672 3491 2772 3530 vos
2797 3477 2927 3530 sine
2945 3473 3360 3530 sollicitudine
3388 3471 3654 3538 esse.0ui

1992 3561 2119 3616 sine
2147 3575 2337 3617 uxore
2360 3568 2463 3629 est,
2496 3564 2794 3619 sollicitus
2815 3569 2900 3618 est
2926 3577 3057 3632 quae
3083 3561 3321 3616 Domini
3342 3563 3655 3628 sunt,quo-

1992 3649 2165 3704 modo
2184 3651 2530 3718 placiturus
2546 3654 2622 3708 sit
2649 3653 2896 3707 Domino
2914 3670 2933 3706 .·
2959 3652 3065 3723 qui
3079 3655 3275 3706 autem
3300 3665 3432 3704 cum
3463 3663 3655 3704 uxore

1993 3741 2400 3798 est.sollicitus
2427 3748 2510 3798 est
2540 3758 2670 3814 qum
2689 3748 2829 3798 sunt
2855 3741 3072 3796 mundi
3101 3757 3114 3794 :
3139 3739 3430 3811 quomodo
3457 3737 3654 3807 placi-

1994 3835 2167 3886 turus
2192 3833 2266 3886 sit
2298 3835 2499 3888 uxori.
2521 3833 2819 3901 Di/ferunt
2850 3838 2905 3887 et
2928 3831 3147 3886 mulier
3175 3835 3228 3885 et
3262 3829 3452 3897 virgo.
3473 3827 3654 3882 Innu-

1989 3913 2098 3990 pta
2115 3927 2292 3976 curat
2320 3937 2450 3993 qua
2471 3923 2713 3977 Domini
2739 3926 2970 3988 sunt,ut
2993 3921 3070 3974 sit
3093 3921 3303 3974 sancta
3329 3923 3384 3973 et
3403 3931 3656 3984 corpore

1993 4016 2047 4067 et
2078 4013 2322 4080 spiritu.
2358 4011 2499 4078 Quae
2529 4021 2726 4066 autem
2782 4016 2977 4080 nupta
3028 4013 3316 4076 est,curat
3351 4021 3483 4079 qua
3512 4011 3656 4062 sunt

1992 4102 2224 4168 mundi,
2253 4102 2546 4173 quomodo
2570 4103 2883 4170 placitura
2908 4102 2985 4156 sit
3027 4101 3175 4155 viro.
3214 4100 3403 4154 Porro
3435 4096 3544 4152 hoc
3574 4095 3657 4152 ad

1992 4193 2315 4248 utilitatem
2346 4197 2600 4247 vestram
2653 4190 2785 4248 dico
2812 4209 2832 4247 :
2859 4206 2979 4246 non
3036 4195 3102 4244 ut
3154 4189 3434 4260 laqueum
3492 4185 3656 4242 vobis

1993 4281 2400 4350 injiciam.sed
2430 4287 2494 4336 ut
2525 4281 2588 4336 id
2626 4281 2786 4353 quod
2811 4281 3122 4337 honestum
3153 4285 3367 4346 cst,vos
3388 4277 3653 4342 doceam,

1995 4377 2048 4429 et
2076 4371 2264 4441 facile
2293 4372 2658 4428 adhaereatis
2698 4373 2948 4427 Domino
2988 4372 3146 4427 citra
3177 4369 3372 4426 ullam
3396 4367 3652 4423 distrac-

1995 4462 2215 4518 tionem
2245 4463 2304 4530 (Ι
2331 4461 2469 4518 Cor.
2513 4477 2607 4530 vn,
2635 4463 2846 4533 32-35).

2531 4561 2810 4617 REGULA
2841 4559 3115 4617 LXXVIII.

1997 4649 2172 4718 Quod
2199 4666 2323 4708 non
2352 4649 2490 4707 licet
2518 4650 2916 4707 militantibus
2931 4663 3310 4722 quemquam
3331 4654 3654 4706 concutere

2567 4747 2672 4798 aut
2701 4739 3080 4798 calumniari.

2685 4831 2883 4901 Caput
2913 4829 2963 4885 Ι.

2066 4931 2536 5004 Interrogabant
2563 4939 2761 4988 autem
2811 4945 2942 4988 eum
2975 4935 3030 4987 et
3060 4930 3298 5000 milites,
3340 4928 3602 4986 dicentes
3636 4947 3648 4985 :

1998 5023 2155 5092 Quid
2179 5025 2475 5095 faciemus
2499 5029 2556 5081 et
2580 5038 2687 5080 nos
2719 5025 2744 5078 γ
2773 5023 2852 5079 Et
2881 5023 2966 5080 ait
2996 5021 3122 5078 illis
3145 5036 3166 5076 :
3180 5020 3489 5077 Neminem
3520 5035 3654 5077 con-

1995 5200 2291 5258 lucidiora
2316 5201 2448 5258 esse
2459 5201 2779 5273 judicabit.
2802 5202 3148 5257 Grecorum
3169 5196 3332 5273 enim
3355 5192 3655 5273 sententia

1997 5289 2122 5330 non
2151 5280 2263 5339 est,
2292 5266 2580 5346 marifum
2635 5273 2917 5346 divisum__
2948 5286 3113 5346 esse,_
3159 5266 3267 5346 sed
3317 5282 3568 5346 osorem
3599 5271 3654 5321 et

1997 5337 2292 5415 virginem
2325 5345 2535 5415 dividi,
2564 5347 2680 5400 hoc
2705 5353 2813 5406 est.
2845 5343 3024 5399 aliam
3059 5337 3138 5396 ab
3177 5339 3296 5415 alia
3319 5337 3582 5415 diﬂ‘erre.

2069 5411 2175 5483 (I4)
2211 5417 2472 5477 Utraaue
2503 5411 2685 5472 editio
2714 5424 2766 5471 et
2823 5418 2962 5485 Reg.
3014 5411 3318 5468 secundus
3347 5413 3397 5461 τί
3417 5413 3652 5488 πριήσωτ

1998 5480 2088 5562 μεν
2144 5491 2284 5558 Reg.
2317 5489 2524 5562 tertius
2575 5493 2882 5562 ποιήσομεν.
2908 5480 3065 5543 ‘Mox
3109 5480 3572 5562 utraque_editio
3599 5482 3656 5533 et

2000 5551 2140 5635 Reg.
2170 5551 2472 5616 secundus
2501 5556 2706 5634 μηδένα
2738 5551 3184 5635 συκοφαντήσητε.
3216 5551 3324 5614 Alii
3349 5551 3472 5611 duo
3496 5565 3648 5609 mss.

1998 5653 2069 5707 μη
2079 5630 2138 5689 δι
2170 5637 2462 5710 συκοφαντὴ
2474 5630 2618 5698 σητε.
