  <div class='ocr_page' id='page_1' title='image "/cluster/home/n/w/nwhite01/storage/ocr_20150623/31:no.3/coo.31924054869288/448.png"; bbox 0 0 4110 6390; ppageno 0'>
   <div class='ocr_carea' id='block_1_1' title="bbox 249 304 352 360">
    <p class='ocr_par' dir='ltr' id='par_1_1' title="bbox 249 304 352 360">
     <span class='ocr_line' id='line_1_1' title="bbox 249 304 352 360; baseline 0.019 -2"><span class='ocrx_word' id='word_1_1' title='bbox 249 304 352 360; x_wconf 72' lang='lat'><strong><em>869</em></strong></span> 
     </span>
    </p>
   </div>
   <div class='ocr_carea' id='block_1_2' title="bbox 1765 295 2091 354">
    <p class='ocr_par' dir='ltr' id='par_1_2' title="bbox 1765 295 2091 354">
     <span class='ocr_line' id='line_1_2' title="bbox 1765 295 2091 354; baseline -0.009 0"><span class='ocrx_word' id='word_1_2' title='bbox 1765 295 2091 354; x_wconf 68' lang='lat' dir='ltr'><strong><em>MORALIA</em></strong></span> 
     </span>
    </p>
   </div>
   <div class='ocr_carea' id='block_1_3' title="bbox 3504 301 3613 356">
    <p class='ocr_par' dir='ltr' id='par_1_3' title="bbox 3504 301 3613 356">
     <span class='ocr_line' id='line_1_3' title="bbox 3504 301 3613 356; baseline -0.018 0"><span class='ocrx_word' id='word_1_3' title='bbox 3504 301 3613 356; x_wconf 77' lang='lat'><strong><em>870</em></strong></span> 
     </span>
    </p>
   </div>
   <div class='ocr_carea' id='block_1_4' title="bbox 250 420 1871 499">
    <p class='ocr_par' dir='ltr' id='par_1_4' title="bbox 250 423 1846 499">
     <span class='ocr_line' id='line_1_4' title="bbox 250 423 1846 499; baseline -0.003 -21"><span class='ocrx_word' id='word_1_4' title='bbox 250 424 490 484; x_wconf 74' lang='grc' dir='ltr'>ἀκίνητον</span> <span class='ocrx_word' id='word_1_5' title='bbox 535 428 666 499; x_wconf 86' lang='grc' dir='ltr'>πρὸς</span> <span class='ocrx_word' id='word_1_6' title='bbox 729 430 905 479; x_wconf 83' lang='grc' dir='ltr'>πᾶσαν</span> <span class='ocrx_word' id='word_1_7' title='bbox 963 424 1244 498; x_wconf 76' lang='grc' dir='ltr'><strong><em>ἁμαρτίαν,</em></strong></span> <span class='ocrx_word' id='word_1_8' title='bbox 1277 423 1415 474; x_wconf 78' lang='grc' dir='ltr'>κατὰ</span> <span class='ocrx_word' id='word_1_9' title='bbox 1464 423 1524 474; x_wconf 89' lang='grc' dir='ltr'>τὸ</span> <span class='ocrx_word' id='word_1_10' title='bbox 1554 425 1846 494; x_wconf 83' lang='grc' dir='ltr'>γεγραμμέ-</span> 
     </span>
    </p>
   </div>
   <div class='ocr_carea' id='block_1_5' title="bbox 1988 420 3615 499">
    <p class='ocr_par' dir='ltr' id='par_1_5' title="bbox 1989 420 3615 496">
     <span class='ocr_line' id='line_1_5' title="bbox 1989 420 3615 496; baseline 0.003 -21"><span class='ocrx_word' id='word_1_11' title='bbox 1989 437 2027 475; x_wconf 85' lang='lat' dir='ltr'><strong>x</strong></span> <span class='ocrx_word' id='word_1_12' title='bbox 2039 421 2231 492; x_wconf 85' lang='lat' dir='ltr'><strong><em>aqua?</em></strong></span> <span class='ocrx_word' id='word_1_13' title='bbox 2243 421 2316 476; x_wconf 88' lang='lat' dir='ltr'><strong><em>Ut</em></strong></span> <span class='ocrx_word' id='word_1_14' title='bbox 2336 435 2516 492; x_wconf 82' lang='lat' dir='ltr'><strong><em>quem</em></strong></span> <span class='ocrx_word' id='word_1_15' title='bbox 2527 420 2861 477; x_wconf 81' lang='lat' dir='ltr'><strong><em>admodum</em></strong></span> <span class='ocrx_word' id='word_1_16' title='bbox 2883 423 3149 480; x_wconf 75' lang='lat' dir='ltr'><strong><em>Christus</em></strong></span> <span class='ocrx_word' id='word_1_17' title='bbox 3164 429 3413 496; x_wconf 85' lang='lat' dir='ltr'><strong><em>peccato</em></strong></span> <span class='ocrx_word' id='word_1_18' title='bbox 3428 423 3615 481; x_wconf 85' lang='lat' dir='ltr'><strong>semel</strong></span> 
     </span>
    </p>
   </div>
   <div class='ocr_carea' id='block_1_6' title="bbox 248 510 1846 586">
    <p class='ocr_par' dir='ltr' id='par_1_6' title="bbox 248 510 1846 586">
     <span class='ocr_line' id='line_1_6' title="bbox 248 510 1846 586; baseline -0.003 -20"><span class='ocrx_word' id='word_1_19' title='bbox 248 534 352 583; x_wconf 91' lang='grc' dir='ltr'>νον,</span> <span class='ocrx_word' id='word_1_20' title='bbox 414 517 494 567; x_wconf 86' lang='grc' dir='ltr'>ὅτι</span> <span class='ocrx_word' id='word_1_21' title='bbox 547 514 702 568; x_wconf 76' lang='grc' dir='ltr'>Ὀσοι</span> <span class='ocrx_word' id='word_1_22' title='bbox 749 514 1138 586; x_wconf 77' lang='grc' dir='ltr'>ἐϐαπτίσθημεν</span> <span class='ocrx_word' id='word_1_23' title='bbox 1183 512 1254 574; x_wconf 83' lang='grc' dir='ltr'><strong><em>εἰς</em></strong></span> <span class='ocrx_word' id='word_1_24' title='bbox 1322 515 1550 585; x_wconf 81' lang='grc' dir='ltr'>Χριστόν</span> <span class='ocrx_word' id='word_1_25' title='bbox 1618 510 1846 576; x_wconf 86' lang='grc' dir='ltr'>Ἰησοῦν,</span> 
     </span>
    </p>
   </div>
   <div class='ocr_carea' id='block_1_7' title="bbox 252 602 1848 674">
    <p class='ocr_par' dir='ltr' id='par_1_7' title="bbox 252 602 1848 674">
     <span class='ocr_line' id='line_1_7' title="bbox 252 602 1848 674; baseline -0.002 -18"><span class='ocrx_word' id='word_1_26' title='bbox 252 604 319 664; x_wconf 85' lang='grc' dir='ltr'><strong><em>εἰς</em></strong></span> <span class='ocrx_word' id='word_1_27' title='bbox 383 608 469 656; x_wconf 85' lang='grc' dir='ltr'>τὸν</span> <span class='ocrx_word' id='word_1_28' title='bbox 535 606 751 657; x_wconf 80' lang='grc' dir='ltr'>θάνατον</span> <span class='ocrx_word' id='word_1_29' title='bbox 827 605 987 656; x_wconf 75' lang='grc' dir='ltr'>αὐτοῦ</span> <span class='ocrx_word' id='word_1_30' title='bbox 1077 602 1488 674; x_wconf 82' lang='grc' dir='ltr'>ἐϐαπτίσθημεν.</span> <span class='ocrx_word' id='word_1_31' title='bbox 1564 604 1848 672; x_wconf 65' lang='grc' dir='ltr'>Συνιτάφη-</span> 
     </span>
    </p>
   </div>
   <div class='ocr_carea' id='block_1_8' title="bbox 252 690 1851 766">
    <p class='ocr_par' dir='ltr' id='par_1_8' title="bbox 252 690 1851 766">
     <span class='ocr_line' id='line_1_8' title="bbox 252 690 1851 766; baseline -0.003 -20"><span class='ocrx_word' id='word_1_32' title='bbox 252 713 341 766; x_wconf 87' lang='grc' dir='ltr'><strong><em>μεν</em></strong></span> <span class='ocrx_word' id='word_1_33' title='bbox 400 690 487 746; x_wconf 84' lang='grc' dir='ltr'>οὖν</span> <span class='ocrx_word' id='word_1_34' title='bbox 546 694 689 765; x_wconf 81' lang='grc' dir='ltr'>αύτῷ</span> <span class='ocrx_word' id='word_1_35' title='bbox 740 690 836 746; x_wconf 81' lang='grc' dir='ltr'><strong><em>διὰ</em></strong></span> <span class='ocrx_word' id='word_1_36' title='bbox 887 701 978 746; x_wconf 90' lang='grc' dir='ltr'><strong><em>τοῦ</em></strong></span> <span class='ocrx_word' id='word_1_37' title='bbox 1033 691 1400 765; x_wconf 79' lang='grc' dir='ltr'><strong><em>βαπτίσματος</em></strong></span> <span class='ocrx_word' id='word_1_38' title='bbox 1449 691 1518 752; x_wconf 88' lang='grc' dir='ltr'>εἰς</span> <span class='ocrx_word' id='word_1_39' title='bbox 1570 694 1656 743; x_wconf 87' lang='grc' dir='ltr'><strong><em>τόν</em></strong></span> <span class='ocrx_word' id='word_1_40' title='bbox 1701 691 1851 742; x_wconf 81' lang='grc' dir='ltr'>θάνα-</span> 
     </span>
    </p>
   </div>
   <div class='ocr_carea' id='block_1_9' title="bbox 253 781 1854 855">
    <p class='ocr_par' dir='ltr' id='par_1_9' title="bbox 253 781 1854 855">
     <span class='ocr_line' id='line_1_9' title="bbox 253 781 1854 855; baseline -0.003 -20"><span class='ocrx_word' id='word_1_41' title='bbox 253 802 358 847; x_wconf 90' lang='grc' dir='ltr'>τον,</span> <span class='ocrx_word' id='word_1_42' title='bbox 426 791 581 836; x_wconf 84' lang='grc' dir='ltr'>τοῦτο</span> <span class='ocrx_word' id='word_1_43' title='bbox 646 790 986 855; x_wconf 84' lang='grc' dir='ltr'>γινώσκοντες</span> <span class='ocrx_word' id='word_1_44' title='bbox 1050 783 1130 834; x_wconf 86' lang='grc' dir='ltr'>ὅτι</span> <span class='ocrx_word' id='word_1_45' title='bbox 1191 781 1216 833; x_wconf 81' lang='grc' dir='ltr'><strong><em>ὁ</em></strong></span> <span class='ocrx_word' id='word_1_46' title='bbox 1278 781 1499 842; x_wconf 79' lang='grc' dir='ltr'>παλαιὸς</span> <span class='ocrx_word' id='word_1_47' title='bbox 1564 781 1708 853; x_wconf 76' lang='grc' dir='ltr'>ἡμῶν</span> <span class='ocrx_word' id='word_1_48' title='bbox 1765 781 1854 832; x_wconf 79' lang='grc' dir='ltr'><strong><em>ἄν-</em></strong></span> 
     </span>
    </p>
   </div>
   <div class='ocr_carea' id='block_1_10' title="bbox 256 872 1854 947">
    <p class='ocr_par' dir='ltr' id='par_1_10' title="bbox 256 872 1854 947">
     <span class='ocr_line' id='line_1_10' title="bbox 256 872 1854 947; baseline -0.004 -21"><span class='ocrx_word' id='word_1_49' title='bbox 256 874 460 947; x_wconf 83' lang='grc' dir='ltr'>θρωπος</span> <span class='ocrx_word' id='word_1_50' title='bbox 549 874 970 944; x_wconf 78' lang='grc' dir='ltr'><strong><em>συνεσταυρώθη,</em></strong></span> <span class='ocrx_word' id='word_1_51' title='bbox 1043 873 1124 923; x_wconf 85' lang='grc' dir='ltr'><strong><em>ἱνα</em></strong></span> <span class='ocrx_word' id='word_1_52' title='bbox 1203 872 1510 945; x_wconf 72' lang='grc' dir='ltr'><strong><em>καταργηθῇ</em></strong></span> <span class='ocrx_word' id='word_1_53' title='bbox 1580 873 1636 920; x_wconf 89' lang='grc' dir='ltr'><strong><em>τό</em></strong></span> <span class='ocrx_word' id='word_1_54' title='bbox 1702 875 1854 940; x_wconf 81' lang='grc' dir='ltr'>σῶμα</span> 
     </span>
    </p>
   </div>
   <div class='ocr_carea' id='block_1_11' title="bbox 253 957 1848 1036">
    <p class='ocr_par' dir='ltr' id='par_1_11' title="bbox 253 957 1848 1036">
     <span class='ocr_line' id='line_1_11' title="bbox 253 957 1848 1036; baseline -0.003 -22"><span class='ocrx_word' id='word_1_55' title='bbox 253 969 347 1022; x_wconf 82' lang='grc' dir='ltr'>τῆς</span> <span class='ocrx_word' id='word_1_56' title='bbox 435 960 711 1036; x_wconf 79' lang='grc' dir='ltr'>ἁμαρτίας,</span> <span class='ocrx_word' id='word_1_57' title='bbox 776 969 866 1014; x_wconf 85' lang='grc' dir='ltr'><strong><em>τοῦ</em></strong></span> <span class='ocrx_word' id='word_1_58' title='bbox 947 965 1135 1033; x_wconf 77' lang='grc' dir='ltr'><strong><em>μηκέτι</em></strong></span> <span class='ocrx_word' id='word_1_59' title='bbox 1232 957 1491 1012; x_wconf 71' lang='grc' dir='ltr'>δουλεύειν</span> <span class='ocrx_word' id='word_1_60' title='bbox 1575 961 1712 1030; x_wconf 78' lang='grc' dir='ltr'>ἡμᾶς</span> <span class='ocrx_word' id='word_1_61' title='bbox 1787 965 1848 1030; x_wconf 75' lang='grc' dir='ltr'>τῇ</span> 
     </span>
    </p>
   </div>
   <div class='ocr_carea' id='block_1_12' title="bbox 257 1047 1853 1125">
    <p class='ocr_par' dir='ltr' id='par_1_12' title="bbox 257 1047 1853 1125">
     <span class='ocr_line' id='line_1_12' title="bbox 257 1047 1853 1125; baseline -0.002 -24"><span class='ocrx_word' id='word_1_62' title='bbox 257 1050 510 1125; x_wconf 76' lang='grc' dir='ltr'><strong><em>ἁμαρτίᾳ.</em></strong></span> <span class='ocrx_word' id='word_1_63' title='bbox 566 1055 628 1103; x_wconf 80' lang='grc' dir='ltr'><strong><em>Τί</em></strong></span> <span class='ocrx_word' id='word_1_64' title='bbox 678 1048 813 1102; x_wconf 69' lang='grc' dir='ltr'>ἴδιον</span> <span class='ocrx_word' id='word_1_65' title='bbox 865 1057 957 1102; x_wconf 89' lang='grc' dir='ltr'><strong><em>τοῦ</em></strong></span> <span class='ocrx_word' id='word_1_66' title='bbox 1013 1051 1337 1122; x_wconf 72' lang='grc' dir='ltr'>γεννηθέντος</span> <span class='ocrx_word' id='word_1_67' title='bbox 1394 1047 1450 1100; x_wconf 86' lang='grc' dir='ltr'><strong><em>ἐκ</em></strong></span> <span class='ocrx_word' id='word_1_68' title='bbox 1504 1051 1795 1120; x_wconf 84' lang='grc' dir='ltr'>[Ινεύματος</span> <span class='ocrx_word' id='word_1_69' title='bbox 1838 1064 1853 1115; x_wconf 89' lang='grc'>;</span> 
     </span>
    </p>
   </div>
   <div class='ocr_carea' id='block_1_13' title="bbox 255 1135 1853 1213">
    <p class='ocr_par' dir='ltr' id='par_1_13' title="bbox 255 1135 1853 1213">
     <span class='ocr_line' id='line_1_13' title="bbox 255 1135 1853 1213; baseline -0.003 -20"><span class='ocrx_word' id='word_1_70' title='bbox 255 1142 326 1194; x_wconf 88' lang='lat' dir='ltr'><strong><em>T6</em></strong></span> <span class='ocrx_word' id='word_1_71' title='bbox 379 1141 614 1211; x_wconf 73' lang='grc' dir='ltr'>γενέσθαι</span> <span class='ocrx_word' id='word_1_72' title='bbox 663 1137 820 1191; x_wconf 83' lang='grc' dir='ltr'>ἐκεῖνο</span> <span class='ocrx_word' id='word_1_73' title='bbox 876 1142 1012 1191; x_wconf 84' lang='grc' dir='ltr'>κατὰ</span> <span class='ocrx_word' id='word_1_74' title='bbox 1057 1143 1116 1191; x_wconf 85' lang='grc' dir='ltr'>τὸ</span> <span class='ocrx_word' id='word_1_75' title='bbox 1158 1135 1432 1210; x_wconf 78' lang='grc' dir='ltr'>διδομενον</span> <span class='ocrx_word' id='word_1_76' title='bbox 1484 1141 1688 1213; x_wconf 78' lang='grc' dir='ltr'>μέτρον,</span> <span class='ocrx_word' id='word_1_77' title='bbox 1730 1137 1853 1211; x_wconf 84' lang='grc' dir='ltr'>ὅπερ</span> 
     </span>
    </p>
   </div>
   <div class='ocr_carea' id='block_1_14' title="bbox 257 1227 1855 1300">
    <p class='ocr_par' dir='ltr' id='par_1_14' title="bbox 257 1227 1855 1300">
     <span class='ocr_line' id='line_1_14' title="bbox 257 1227 1855 1300; baseline 0 -21"><span class='ocrx_word' id='word_1_78' title='bbox 257 1227 369 1282; x_wconf 87' lang='grc' dir='ltr'>ἐστὶ</span> <span class='ocrx_word' id='word_1_79' title='bbox 398 1231 454 1280; x_wconf 89' lang='grc' dir='ltr'>τὸ</span> <span class='ocrx_word' id='word_1_80' title='bbox 495 1227 546 1289; x_wconf 82' lang='grc' dir='ltr'>ἐξ</span> <span class='ocrx_word' id='word_1_81' title='bbox 577 1228 636 1279; x_wconf 78' lang='grc' dir='ltr'>οὗ</span> <span class='ocrx_word' id='word_1_82' title='bbox 667 1227 934 1299; x_wconf 80' lang='grc' dir='ltr'>ἐγεννήθη,</span> <span class='ocrx_word' id='word_1_83' title='bbox 969 1230 1136 1288; x_wconf 85' lang='grc' dir='ltr'>καθὼς</span> <span class='ocrx_word' id='word_1_84' title='bbox 1178 1232 1488 1300; x_wconf 85' lang='grc' dir='ltr'>γέγραπται,</span> <span class='ocrx_word' id='word_1_85' title='bbox 1532 1228 1613 1278; x_wconf 86' lang='grc' dir='ltr'>ὃτι</span> <span class='ocrx_word' id='word_1_86' title='bbox 1659 1229 1728 1278; x_wconf 98' lang='lat' dir='ltr'><strong><em>T6</em></strong></span> <span class='ocrx_word' id='word_1_87' title='bbox 1767 1245 1855 1297; x_wconf 79' lang='grc' dir='ltr'>γε·</span> 
     </span>
    </p>
   </div>
   <div class='ocr_carea' id='block_1_15' title="bbox 253 1315 1857 1392">
    <p class='ocr_par' dir='ltr' id='par_1_15' title="bbox 253 1315 1857 1392">
     <span class='ocr_line' id='line_1_15' title="bbox 253 1315 1857 1392; baseline 0 -24"><span class='ocrx_word' id='word_1_88' title='bbox 253 1319 555 1388; x_wconf 83' lang='grc' dir='ltr'>γεννημένον</span> <span class='ocrx_word' id='word_1_89' title='bbox 615 1317 668 1368; x_wconf 78' lang='grc' dir='ltr'><strong><em>ἐκ</em></strong></span> <span class='ocrx_word' id='word_1_90' title='bbox 727 1327 817 1378; x_wconf 84' lang='grc' dir='ltr'>τῆς</span> <span class='ocrx_word' id='word_1_91' title='bbox 873 1322 1088 1392; x_wconf 85' lang='grc' dir='ltr'>σαρκός,</span> <span class='ocrx_word' id='word_1_92' title='bbox 1153 1317 1285 1392; x_wconf 62' lang='grc' dir='ltr'>σάρξ</span> <span class='ocrx_word' id='word_1_93' title='bbox 1343 1315 1474 1368; x_wconf 89' lang='grc' dir='ltr'>ἐστι·</span> <span class='ocrx_word' id='word_1_94' title='bbox 1527 1323 1617 1368; x_wconf 81' lang='grc' dir='ltr'>καὶ</span> <span class='ocrx_word' id='word_1_95' title='bbox 1667 1319 1724 1367; x_wconf 90' lang='grc' dir='ltr'>τὸ</span> <span class='ocrx_word' id='word_1_96' title='bbox 1777 1335 1857 1386; x_wconf 88' lang='grc' dir='ltr'>γε-</span> 
     </span>
    </p>
   </div>
   <div class='ocr_carea' id='block_1_16' title="bbox 250 1405 1855 1479">
    <p class='ocr_par' dir='ltr' id='par_1_16' title="bbox 250 1405 1855 1479">
     <span class='ocr_line' id='line_1_16' title="bbox 250 1405 1855 1479; baseline -0.001 -22"><span class='ocrx_word' id='word_1_97' title='bbox 250 1409 554 1478; x_wconf 88' lang='grc' dir='ltr'>γεννημένον</span> <span class='ocrx_word' id='word_1_98' title='bbox 625 1406 682 1458; x_wconf 84' lang='grc' dir='ltr'><strong><em>ἐκ</em></strong></span> <span class='ocrx_word' id='word_1_99' title='bbox 769 1409 860 1458; x_wconf 71' lang='grc' dir='ltr'><strong><em>τοῦ</em></strong></span> <span class='ocrx_word' id='word_1_100' title='bbox 936 1410 1244 1479; x_wconf 84' lang='grc' dir='ltr'>πνεύματος,</span> <span class='ocrx_word' id='word_1_101' title='bbox 1295 1408 1495 1478; x_wconf 78' lang='grc' dir='ltr'>πνεῦμά</span> <span class='ocrx_word' id='word_1_102' title='bbox 1560 1405 1724 1459; x_wconf 83' lang='grc' dir='ltr'>ἐστιν.</span> <span class='ocrx_word' id='word_1_103' title='bbox 1792 1408 1855 1457; x_wconf 84' lang='grc' dir='ltr'><strong><em>Τί</em></strong></span> 
     </span>
    </p>
   </div>
   <div class='ocr_carea' id='block_1_17' title="bbox 255 1489 1855 1567">
    <p class='ocr_par' dir='ltr' id='par_1_17' title="bbox 255 1489 1855 1567">
     <span class='ocr_line' id='line_1_17' title="bbox 255 1489 1855 1567; baseline 0.003 -22"><span class='ocrx_word' id='word_1_104' title='bbox 255 1489 391 1547; x_wconf 71' lang='grc' dir='ltr'>ἰδιον</span> <span class='ocrx_word' id='word_1_105' title='bbox 417 1502 508 1547; x_wconf 82' lang='grc' dir='ltr'><strong><em>του</em></strong></span> <span class='ocrx_word' id='word_1_106' title='bbox 550 1497 740 1548; x_wconf 81' lang='grc' dir='ltr'>ἄνωθεν</span> <span class='ocrx_word' id='word_1_107' title='bbox 774 1497 1098 1567; x_wconf 71' lang='grc' dir='ltr'>γεννηθέντος</span> <span class='ocrx_word' id='word_1_108' title='bbox 1133 1513 1146 1563; x_wconf 90' lang='grc'><strong>;</strong></span> <span class='ocrx_word' id='word_1_109' title='bbox 1196 1499 1265 1548; x_wconf 86' lang='grc' dir='ltr'>Τὸ</span> <span class='ocrx_word' id='word_1_110' title='bbox 1303 1492 1711 1547; x_wconf 73' lang='grc' dir='ltr'>ἀπικὸύσασθαι</span> <span class='ocrx_word' id='word_1_111' title='bbox 1742 1494 1855 1564; x_wconf 68' lang='lat'><strong>(36)</strong></span> 
     </span>
    </p>
   </div>
   <div class='ocr_carea' id='block_1_18' title="bbox 252 1584 1857 1660">
    <p class='ocr_par' dir='ltr' id='par_1_18' title="bbox 252 1584 1857 1660">
     <span class='ocr_line' id='line_1_18' title="bbox 252 1584 1857 1660; baseline 0 -24"><span class='ocrx_word' id='word_1_112' title='bbox 252 1587 338 1636; x_wconf 90' lang='grc' dir='ltr'><strong><em>τόν</em></strong></span> <span class='ocrx_word' id='word_1_113' title='bbox 389 1584 610 1638; x_wconf 83' lang='grc' dir='ltr'>παλαιὸν</span> <span class='ocrx_word' id='word_1_114' title='bbox 661 1587 936 1660; x_wconf 74' lang='grc' dir='ltr'>ἄνθρωπον</span> <span class='ocrx_word' id='word_1_115' title='bbox 989 1590 1081 1638; x_wconf 83' lang='grc' dir='ltr'>σὺν</span> <span class='ocrx_word' id='word_1_116' title='bbox 1123 1593 1238 1647; x_wconf 84' lang='grc' dir='ltr'>ταῖς</span> <span class='ocrx_word' id='word_1_117' title='bbox 1285 1585 1534 1659; x_wconf 69' lang='grc' dir='ltr'>πράξεσιν</span> <span class='ocrx_word' id='word_1_118' title='bbox 1565 1584 1726 1636; x_wconf 70' lang='grc' dir='ltr'>αὐτοῦ</span> <span class='ocrx_word' id='word_1_119' title='bbox 1768 1589 1857 1636; x_wconf 81' lang='grc' dir='ltr'>καὶ</span> 
     </span>
    </p>
   </div>
   <div class='ocr_carea' id='block_1_19' title="bbox 253 1671 1858 1746">
    <p class='ocr_par' dir='ltr' id='par_1_19' title="bbox 253 1671 1858 1746">
     <span class='ocr_line' id='line_1_19' title="bbox 253 1671 1858 1746; baseline -0.001 -21"><span class='ocrx_word' id='word_1_120' title='bbox 253 1680 370 1735; x_wconf 87' lang='grc' dir='ltr'>ταῖς</span> <span class='ocrx_word' id='word_1_121' title='bbox 401 1673 726 1746; x_wconf 86' lang='grc' dir='ltr'>ἐπιθυμίαις.</span> <span class='ocrx_word' id='word_1_122' title='bbox 761 1679 851 1726; x_wconf 81' lang='grc' dir='ltr'>καὶ</span> <span class='ocrx_word' id='word_1_123' title='bbox 899 1671 1225 1727; x_wconf 74' lang='grc' dir='ltr'><strong><em>ἐνδύσασθαι</em></strong></span> <span class='ocrx_word' id='word_1_124' title='bbox 1255 1677 1340 1726; x_wconf 88' lang='grc' dir='ltr'>τὸν</span> <span class='ocrx_word' id='word_1_125' title='bbox 1379 1678 1486 1727; x_wconf 83' lang='grc' dir='ltr'>νέον</span> <span class='ocrx_word' id='word_1_126' title='bbox 1528 1677 1614 1726; x_wconf 89' lang='grc' dir='ltr'>τὸν</span> <span class='ocrx_word' id='word_1_127' title='bbox 1647 1672 1858 1725; x_wconf 79' lang='grc' dir='ltr'>ἀνακαι-</span> 
     </span>
    </p>
   </div>
   <div class='ocr_carea' id='block_1_20' title="bbox 1956 509 3615 582">
    <p class='ocr_par' dir='ltr' id='par_1_20' title="bbox 1956 509 3615 582">
     <span class='ocr_line' id='line_1_20' title="bbox 1956 509 3615 582; baseline 0.002 -16"><span class='ocrx_word' id='word_1_128' title='bbox 1956 515 2232 566; x_wconf 87' lang='lat' dir='ltr'><strong><em>mortuus</em></strong></span> <span class='ocrx_word' id='word_1_129' title='bbox 2263 509 2468 568; x_wconf 88' lang='lat' dir='ltr'><strong><em>est.ita</em></strong></span> <span class='ocrx_word' id='word_1_130' title='bbox 2497 510 2676 565; x_wconf 88' lang='lat' dir='ltr'><strong><em>etiam</em></strong></span> <span class='ocrx_word' id='word_1_131' title='bbox 2702 510 2826 582; x_wconf 91' lang='lat' dir='ltr'><strong><em>ipse</em></strong></span> <span class='ocrx_word' id='word_1_132' title='bbox 2850 511 3238 578; x_wconf 88' lang='lat' dir='ltr'><strong><em>sitmortuus,</em></strong></span> <span class='ocrx_word' id='word_1_133' title='bbox 3259 519 3314 568; x_wconf 91' lang='lat' dir='ltr'><strong><em>et</em></strong></span> <span class='ocrx_word' id='word_1_134' title='bbox 3333 514 3410 569; x_wconf 89' lang='lat' dir='ltr'><strong><em>ad</em></strong></span> <span class='ocrx_word' id='word_1_135' title='bbox 3433 528 3615 570; x_wconf 82' lang='lat' dir='ltr'><strong><em>omne</em></strong></span> 
     </span>
    </p>
   </div>
   <div class='ocr_carea' id='block_1_21' title="bbox 1958 598 3616 673">
    <p class='ocr_par' dir='ltr' id='par_1_21' title="bbox 1958 598 3616 673">
     <span class='ocr_line' id='line_1_21' title="bbox 1958 598 3616 673; baseline 0.002 -18"><span class='ocrx_word' id='word_1_136' title='bbox 1958 606 2274 672; x_wconf 89' lang='lat' dir='ltr'><strong><em>peccatum</em></strong></span> <span class='ocrx_word' id='word_1_137' title='bbox 2308 598 2655 664; x_wconf 81' lang='lat' dir='ltr'><strong><em>immobilis,</em></strong></span> <span class='ocrx_word' id='word_1_138' title='bbox 2689 601 2840 655; x_wconf 86' lang='lat' dir='ltr'><strong><em>sicut</em></strong></span> <span class='ocrx_word' id='word_1_139' title='bbox 2869 603 3158 673; x_wconf 88' lang='lat' dir='ltr'><strong><em>scriptum</em></strong></span> <span class='ocrx_word' id='word_1_140' title='bbox 3187 608 3274 656; x_wconf 89' lang='lat' dir='ltr'><strong><em>est</em></strong></span> <span class='ocrx_word' id='word_1_141' title='bbox 3307 620 3320 657; x_wconf 90' lang='lat'>:</span> <span class='ocrx_word' id='word_1_142' title='bbox 3356 604 3616 670; x_wconf 85' lang='lat' dir='ltr'><strong><em>Quicun-</em></strong></span> 
     </span>
    </p>
   </div>
   <div class='ocr_carea' id='block_1_22' title="bbox 1960 689 3618 762">
    <p class='ocr_par' dir='ltr' id='par_1_22' title="bbox 1960 689 3618 762">
     <span class='ocr_line' id='line_1_22' title="bbox 1960 689 3618 762; baseline 0.002 -19"><span class='ocrx_word' id='word_1_143' title='bbox 1960 705 2069 762; x_wconf 85' lang='lat' dir='ltr'><em>que</em></span> <span class='ocrx_word' id='word_1_144' title='bbox 2084 689 2594 757; x_wconf 80' lang='lat' dir='ltr'><strong><em>baptizatisumus</em></strong></span> <span class='ocrx_word' id='word_1_145' title='bbox 2625 691 2688 744; x_wconf 84' lang='lat' dir='ltr'><strong><em>in</em></strong></span> <span class='ocrx_word' id='word_1_146' title='bbox 2713 689 2956 744; x_wconf 76' lang='lat' dir='ltr'><strong><em>Christo</em></strong></span> <span class='ocrx_word' id='word_1_147' title='bbox 2988 693 3210 756; x_wconf 81' lang='lat' dir='ltr'><strong><em>tesu,in</em></strong></span> <span class='ocrx_word' id='word_1_148' title='bbox 3228 698 3420 747; x_wconf 88' lang='lat' dir='ltr'><strong><em>morte</em></strong></span> <span class='ocrx_word' id='word_1_149' title='bbox 3435 693 3618 760; x_wconf 83' lang='lat' dir='ltr'><strong><em>ipisus</em></strong></span> 
     </span>
    </p>
   </div>
   <div class='ocr_carea' id='block_1_23' title="bbox 1962 778 3621 851">
    <p class='ocr_par' dir='ltr' id='par_1_23' title="bbox 1962 778 3621 851">
     <span class='ocr_line' id='line_1_23' title="bbox 1962 778 3621 851; baseline 0.002 -18"><span class='ocrx_word' id='word_1_150' title='bbox 1962 778 2256 848; x_wconf 85' lang='lat' dir='ltr'><strong><em>baptizati</em></strong></span> <span class='ocrx_word' id='word_1_151' title='bbox 2263 794 2484 834; x_wconf 84' lang='lat' dir='ltr'><strong><em>sumus.</em></strong></span> <span class='ocrx_word' id='word_1_152' title='bbox 2502 779 2854 848; x_wconf 81' lang='lat' dir='ltr'><strong><em>Conseputti</em></strong></span> <span class='ocrx_word' id='word_1_153' title='bbox 2863 781 3018 836; x_wconf 86' lang='lat' dir='ltr'><strong><em>enim</em></strong></span> <span class='ocrx_word' id='word_1_154' title='bbox 3045 781 3096 851; x_wconf 80' lang='lat'><strong>3</strong></span> <span class='ocrx_word' id='word_1_155' title='bbox 3113 780 3224 850; x_wconf 78' lang='lat'><strong>18</strong></span> <span class='ocrx_word' id='word_1_156' title='bbox 3243 795 3448 836; x_wconf 88' lang='lat' dir='ltr'><strong><em>sumus</em></strong></span> <span class='ocrx_word' id='word_1_157' title='bbox 3485 795 3621 837; x_wconf 89' lang='lat' dir='ltr'><strong><em>cum</em></strong></span> 
     </span>
    </p>
   </div>
   <div class='ocr_carea' id='block_1_24' title="bbox 1962 869 3625 942">
    <p class='ocr_par' dir='ltr' id='par_1_24' title="bbox 1962 869 3625 942">
     <span class='ocr_line' id='line_1_24' title="bbox 1962 869 3625 942; baseline 0.001 -18"><span class='ocrx_word' id='word_1_158' title='bbox 1962 870 2074 924; x_wconf 72' lang='lat' dir='ltr'><strong><em>illo</em></strong></span> <span class='ocrx_word' id='word_1_159' title='bbox 2100 885 2211 938; x_wconf 84' lang='lat' dir='ltr'><strong><em>per</em></strong></span> <span class='ocrx_word' id='word_1_160' title='bbox 2239 869 2600 938; x_wconf 81' lang='lat' dir='ltr'><strong><em>baptismum</em></strong></span> <span class='ocrx_word' id='word_1_161' title='bbox 2632 872 2694 924; x_wconf 86' lang='lat' dir='ltr'><strong><em>in</em></strong></span> <span class='ocrx_word' id='word_1_162' title='bbox 2719 876 2990 928; x_wconf 85' lang='lat' dir='ltr'><strong><em>mortem.</em></strong></span> <span class='ocrx_word' id='word_1_163' title='bbox 3017 870 3128 926; x_wconf 85' lang='lat' dir='ltr'><strong><em>hoc</em></strong></span> <span class='ocrx_word' id='word_1_164' title='bbox 3163 874 3436 940; x_wconf 76' lang='lat' dir='ltr'><strong><em>scientes,</em></strong></span> <span class='ocrx_word' id='word_1_165' title='bbox 3478 871 3625 942; x_wconf 97' lang='lat' dir='ltr'><strong><em>quia</em></strong></span> 
     </span>
    </p>
   </div>
   <div class='ocr_carea' id='block_1_25' title="bbox 1965 959 3625 1029">
    <p class='ocr_par' dir='ltr' id='par_1_25' title="bbox 1965 959 3625 1029">
     <span class='ocr_line' id='line_1_25' title="bbox 1965 959 3625 1029; baseline 0 -13"><span class='ocrx_word' id='word_1_166' title='bbox 1965 967 2128 1016; x_wconf 80' lang='lat' dir='ltr'><strong><em>vetus</em></strong></span> <span class='ocrx_word' id='word_1_167' title='bbox 2142 959 2315 1015; x_wconf 87' lang='lat' dir='ltr'><strong><em>homo</em></strong></span> <span class='ocrx_word' id='word_1_168' title='bbox 2332 961 2726 1016; x_wconf 84' lang='lat' dir='ltr'><strong><em>nostersimut</em></strong></span> <span class='ocrx_word' id='word_1_169' title='bbox 2737 961 3068 1029; x_wconf 76' lang='lat' dir='ltr'><strong><em>cruciﬁxus</em></strong></span> <span class='ocrx_word' id='word_1_170' title='bbox 3087 966 3173 1016; x_wconf 89' lang='lat' dir='ltr'><strong><em>est</em></strong></span> <span class='ocrx_word' id='word_1_171' title='bbox 3186 968 3252 1016; x_wconf 88' lang='lat' dir='ltr'><strong><em>ut</em></strong></span> <span class='ocrx_word' id='word_1_172' title='bbox 3266 961 3625 1017; x_wconf 79' lang='lat' dir='ltr'><strong><em>destruatur</em></strong></span> 
     </span>
    </p>
   </div>
   <div class='ocr_carea' id='block_1_26' title="bbox 1963 1051 3624 1120">
    <p class='ocr_par' dir='ltr' id='par_1_26' title="bbox 1963 1051 3624 1120">
     <span class='ocr_line' id='line_1_26' title="bbox 1963 1051 3624 1120; baseline 0.001 -15"><span class='ocrx_word' id='word_1_173' title='bbox 1963 1063 2180 1118; x_wconf 85' lang='lat' dir='ltr'><strong><em>corpus</em></strong></span> <span class='ocrx_word' id='word_1_174' title='bbox 2215 1051 2467 1117; x_wconf 85' lang='lat' dir='ltr'><strong><em>peccati,</em></strong></span> <span class='ocrx_word' id='word_1_175' title='bbox 2511 1055 2566 1106; x_wconf 89' lang='lat' dir='ltr'><strong><em>et</em></strong></span> <span class='ocrx_word' id='word_1_176' title='bbox 2611 1051 2782 1105; x_wconf 79' lang='lat' dir='ltr'><strong><em>ultra</em></strong></span> <span class='ocrx_word' id='word_1_177' title='bbox 2834 1066 2955 1106; x_wconf 86' lang='lat' dir='ltr'><strong><em>non</em></strong></span> <span class='ocrx_word' id='word_1_178' title='bbox 2995 1052 3329 1107; x_wconf 80' lang='lat' dir='ltr'><strong><em>serviamus</em></strong></span> <span class='ocrx_word' id='word_1_179' title='bbox 3379 1057 3624 1120; x_wconf 72' lang='lat' dir='ltr'><strong><em>pet-cato</em></strong></span> 
     </span>
    </p>
   </div>
   <div class='ocr_carea' id='block_1_27' title="bbox 1963 1138 3628 1212">
    <p class='ocr_par' dir='ltr' id='par_1_27' title="bbox 1963 1138 3628 1212">
     <span class='ocr_line' id='line_1_27' title="bbox 1963 1138 3628 1212; baseline -0.002 -14"><span class='ocrx_word' id='word_1_180' title='bbox 1963 1141 2150 1198; x_wconf 85' lang='lat' dir='ltr'><strong><em>(Rom.</em></strong></span> <span class='ocrx_word' id='word_1_181' title='bbox 2167 1155 2235 1206; x_wconf 69' lang='lat' dir='ltr'><strong><em>vn,</em></strong></span> <span class='ocrx_word' id='word_1_182' title='bbox 2259 1143 2396 1207; x_wconf 76' lang='lat'><strong>3-6).</strong></span> <span class='ocrx_word' id='word_1_183' title='bbox 2421 1138 2574 1204; x_wconf 86' lang='lat' dir='ltr'><strong><em>Quid</em></strong></span> <span class='ocrx_word' id='word_1_184' title='bbox 2593 1139 2905 1212; x_wconf 89' lang='lat' dir='ltr'><strong><em>proprium</em></strong></span> <span class='ocrx_word' id='word_1_185' title='bbox 2927 1147 3014 1196; x_wconf 89' lang='lat' dir='ltr'><strong><em>est</em></strong></span> <span class='ocrx_word' id='word_1_186' title='bbox 3036 1141 3305 1212; x_wconf 89' lang='lat' dir='ltr'><strong><em>ejus,qui</em></strong></span> <span class='ocrx_word' id='word_1_187' title='bbox 3325 1139 3433 1196; x_wconf 88' lang='lat' dir='ltr'><strong><em>fuit</em></strong></span> <span class='ocrx_word' id='word_1_188' title='bbox 3453 1155 3628 1209; x_wconf 82' lang='lat' dir='ltr'><strong><em>gene-</em></strong></span> 
     </span>
    </p>
   </div>
   <div class='ocr_carea' id='block_1_28' title="bbox 1963 1229 3620 1302">
    <p class='ocr_par' dir='ltr' id='par_1_28' title="bbox 1963 1229 3620 1302">
     <span class='ocr_line' id='line_1_28' title="bbox 1963 1229 3620 1302; baseline 0.001 -18"><span class='ocrx_word' id='word_1_189' title='bbox 1963 1235 2132 1284; x_wconf 86' lang='lat' dir='ltr'><strong><em>ratus</em></strong></span> <span class='ocrx_word' id='word_1_190' title='bbox 2161 1245 2233 1284; x_wconf 85' lang='lat' dir='ltr'><strong><em>ex</em></strong></span> <span class='ocrx_word' id='word_1_191' title='bbox 2279 1229 2539 1300; x_wconf 75' lang='lat' dir='ltr'><strong><em>Spiritu?</em></strong></span> <span class='ocrx_word' id='word_1_192' title='bbox 2575 1231 2644 1284; x_wconf 90' lang='lat' dir='ltr'><strong><em>Ut</em></strong></span> <span class='ocrx_word' id='word_1_193' title='bbox 2683 1232 2788 1285; x_wconf 82' lang='lat' dir='ltr'><strong><em>ﬁat</em></strong></span> <span class='ocrx_word' id='word_1_194' title='bbox 2834 1229 2979 1285; x_wconf 90' lang='lat' dir='ltr'><strong><em>illud</em></strong></span> <span class='ocrx_word' id='word_1_195' title='bbox 3011 1245 3122 1302; x_wconf 88' lang='lat' dir='ltr'><strong><em>pro</em></strong></span> <span class='ocrx_word' id='word_1_196' title='bbox 3152 1229 3296 1286; x_wconf 89' lang='lat' dir='ltr'><strong><em>data</em></strong></span> <span class='ocrx_word' id='word_1_197' title='bbox 3319 1245 3620 1286; x_wconf 67' lang='lat' dir='ltr'><strong><em>mensura.</em></strong></span> 
     </span>
    </p>
   </div>
   <div class='ocr_carea' id='block_1_29' title="bbox 1964 1318 3625 1391">
    <p class='ocr_par' dir='ltr' id='par_1_29' title="bbox 1964 1318 3625 1391">
     <span class='ocr_line' id='line_1_29' title="bbox 1964 1318 3625 1391; baseline 0.001 -19"><span class='ocrx_word' id='word_1_198' title='bbox 1964 1318 2130 1390; x_wconf 91' lang='lat' dir='ltr'><strong><em>quod</em></strong></span> <span class='ocrx_word' id='word_1_199' title='bbox 2155 1326 2244 1373; x_wconf 91' lang='lat' dir='ltr'><strong><em>est</em></strong></span> <span class='ocrx_word' id='word_1_200' title='bbox 2265 1319 2324 1372; x_wconf 88' lang='lat' dir='ltr'><strong><em>id</em></strong></span> <span class='ocrx_word' id='word_1_201' title='bbox 2357 1335 2430 1373; x_wconf 83' lang='lat' dir='ltr'><strong><em>ex</em></strong></span> <span class='ocrx_word' id='word_1_202' title='bbox 2452 1334 2576 1390; x_wconf 90' lang='lat' dir='ltr'><strong><em>quo</em></strong></span> <span class='ocrx_word' id='word_1_203' title='bbox 2608 1325 2786 1373; x_wconf 91' lang='lat' dir='ltr'><strong><em>natus</em></strong></span> <span class='ocrx_word' id='word_1_204' title='bbox 2815 1326 2925 1381; x_wconf 89' lang='lat' dir='ltr'><strong><em>est.</em></strong></span> <span class='ocrx_word' id='word_1_205' title='bbox 2960 1319 3138 1374; x_wconf 87' lang='lat' dir='ltr'><strong><em>veluti</em></strong></span> <span class='ocrx_word' id='word_1_206' title='bbox 3172 1320 3466 1391; x_wconf 76' lang='lat' dir='ltr'><strong><em>scriptum</em></strong></span> <span class='ocrx_word' id='word_1_207' title='bbox 3499 1327 3625 1375; x_wconf 87' lang='lat' dir='ltr'><strong><em>est:</em></strong></span> 
     </span>
    </p>
   </div>
   <div class='ocr_carea' id='block_1_30' title="bbox 1969 1409 3630 1480">
    <p class='ocr_par' dir='ltr' id='par_1_30' title="bbox 1969 1409 3630 1480">
     <span class='ocr_line' id='line_1_30' title="bbox 1969 1409 3630 1480; baseline 0.001 -17"><span class='ocrx_word' id='word_1_208' title='bbox 1969 1409 2134 1476; x_wconf 85' lang='lat' dir='ltr'><strong><em>Quod</em></strong></span> <span class='ocrx_word' id='word_1_209' title='bbox 2162 1416 2373 1466; x_wconf 55' lang='lat' dir='ltr'><strong><em>natum</em></strong></span> <span class='ocrx_word' id='word_1_210' title='bbox 2395 1414 2478 1464; x_wconf 88' lang='lat' dir='ltr'><strong><em>est</em></strong></span> <span class='ocrx_word' id='word_1_211' title='bbox 2510 1424 2586 1465; x_wconf 73' lang='lat' dir='ltr'><strong><em>ea:</em></strong></span> <span class='ocrx_word' id='word_1_212' title='bbox 2604 1423 2807 1476; x_wconf 86' lang='lat' dir='ltr'><strong><em>carne,</em></strong></span> <span class='ocrx_word' id='word_1_213' title='bbox 2836 1424 2980 1465; x_wconf 84' lang='lat' dir='ltr'><strong><em>caro</em></strong></span> <span class='ocrx_word' id='word_1_214' title='bbox 3001 1417 3085 1466; x_wconf 79' lang='lat' dir='ltr'><strong><em>est</em></strong></span> <span class='ocrx_word' id='word_1_215' title='bbox 3111 1427 3124 1463; x_wconf 89' lang='lat'><strong>:</strong></span> <span class='ocrx_word' id='word_1_216' title='bbox 3150 1416 3204 1466; x_wconf 88' lang='lat' dir='ltr'><strong><em>et</em></strong></span> <span class='ocrx_word' id='word_1_217' title='bbox 3234 1410 3396 1480; x_wconf 87' lang='lat' dir='ltr'><strong><em>quod</em></strong></span> <span class='ocrx_word' id='word_1_218' title='bbox 3415 1417 3630 1465; x_wconf 81' lang='lat' dir='ltr'><strong><em>natum</em></strong></span> 
     </span>
    </p>
   </div>
   <div class='ocr_carea' id='block_1_31' title="bbox 1966 1499 3634 1570">
    <p class='ocr_par' dir='ltr' id='par_1_31' title="bbox 1966 1499 3634 1570">
     <span class='ocr_line' id='line_1_31' title="bbox 1966 1499 3634 1570; baseline 0 -16"><span class='ocrx_word' id='word_1_219' title='bbox 1966 1505 2049 1555; x_wconf 86' lang='lat' dir='ltr'><strong><em>est</em></strong></span> <span class='ocrx_word' id='word_1_220' title='bbox 2081 1514 2157 1554; x_wconf 75' lang='lat' dir='ltr'><strong><em>ex</em></strong></span> <span class='ocrx_word' id='word_1_221' title='bbox 2194 1499 2438 1567; x_wconf 87' lang='lat' dir='ltr'><strong><em>spiritu,</em></strong></span> <span class='ocrx_word' id='word_1_222' title='bbox 2479 1500 2732 1568; x_wconf 83' lang='lat' dir='ltr'><strong><em>spiritus</em></strong></span> <span class='ocrx_word' id='word_1_223' title='bbox 2755 1504 2841 1555; x_wconf 82' lang='lat' dir='ltr'><strong><em>est</em></strong></span> <span class='ocrx_word' id='word_1_224' title='bbox 2887 1501 3090 1558; x_wconf 85' lang='lat' dir='ltr'><strong><em>(Joan.</em></strong></span> <span class='ocrx_word' id='word_1_225' title='bbox 3117 1514 3197 1567; x_wconf 90' lang='grc' dir='ltr'>ιιι,</span> <span class='ocrx_word' id='word_1_226' title='bbox 3251 1499 3327 1570; x_wconf 91' lang='lat'><strong><em>6).</em></strong></span> <span class='ocrx_word' id='word_1_227' title='bbox 3361 1499 3509 1564; x_wconf 87' lang='lat' dir='ltr'><strong><em>Quid</em></strong></span> <span class='ocrx_word' id='word_1_228' title='bbox 3541 1503 3634 1554; x_wconf 81' lang='lat' dir='ltr'><strong><em>est</em></strong></span> 
     </span>
    </p>
   </div>
   <div class='ocr_carea' id='block_1_32' title="bbox 1968 1587 3631 1660">
    <p class='ocr_par' dir='ltr' id='par_1_32' title="bbox 1968 1587 3631 1660">
     <span class='ocr_line' id='line_1_32' title="bbox 1968 1587 3631 1660; baseline 0.001 -18"><span class='ocrx_word' id='word_1_229' title='bbox 1968 1590 2284 1660; x_wconf 86' lang='lat' dir='ltr'><strong><em>proprium</em></strong></span> <span class='ocrx_word' id='word_1_230' title='bbox 2312 1587 2468 1643; x_wconf 90' lang='lat' dir='ltr'><strong><em>illius</em></strong></span> <span class='ocrx_word' id='word_1_231' title='bbox 2496 1587 2601 1660; x_wconf 91' lang='lat' dir='ltr'><strong><em>qui</em></strong></span> <span class='ocrx_word' id='word_1_232' title='bbox 2630 1587 2832 1642; x_wconf 90' lang='lat' dir='ltr'><strong><em>denuo</em></strong></span> <span class='ocrx_word' id='word_1_233' title='bbox 2853 1593 3034 1643; x_wconf 83' lang='lat' dir='ltr'><strong><em>natus</em></strong></span> <span class='ocrx_word' id='word_1_234' title='bbox 3064 1588 3198 1644; x_wconf 84' lang='lat' dir='ltr'><strong><em>est?</em></strong></span> <span class='ocrx_word' id='word_1_235' title='bbox 3225 1590 3448 1643; x_wconf 81' lang='lat' dir='ltr'><strong><em>Exuere</em></strong></span> <span class='ocrx_word' id='word_1_236' title='bbox 3474 1595 3631 1643; x_wconf 81' lang='lat' dir='ltr'><strong><em>vete-</em></strong></span> 
     </span>
    </p>
   </div>
   <div class='ocr_carea' id='block_1_33' title="bbox 1967 1676 3636 1749">
    <p class='ocr_par' dir='ltr' id='par_1_33' title="bbox 1967 1676 3636 1749">
     <span class='ocr_line' id='line_1_33' title="bbox 1967 1676 3636 1749; baseline 0 -17"><span class='ocrx_word' id='word_1_237' title='bbox 1967 1693 2096 1733; x_wconf 85' lang='lat' dir='ltr'><strong><em>rem</em></strong></span> <span class='ocrx_word' id='word_1_238' title='bbox 2127 1677 2437 1732; x_wconf 85' lang='lat' dir='ltr'><strong><em>hominem</em></strong></span> <span class='ocrx_word' id='word_1_239' title='bbox 2471 1693 2592 1733; x_wconf 89' lang='lat' dir='ltr'><strong><em>una</em></strong></span> <span class='ocrx_word' id='word_1_240' title='bbox 2612 1693 2750 1732; x_wconf 90' lang='lat' dir='ltr'><strong><em>cum</em></strong></span> <span class='ocrx_word' id='word_1_241' title='bbox 2770 1677 3008 1732; x_wconf 80' lang='lat' dir='ltr'><strong><em>actibus</em></strong></span> <span class='ocrx_word' id='word_1_242' title='bbox 3028 1678 3179 1748; x_wconf 88' lang='lat' dir='ltr'><strong><em>ejus,</em></strong></span> <span class='ocrx_word' id='word_1_243' title='bbox 3208 1682 3266 1732; x_wconf 87' lang='lat' dir='ltr'><strong><em>et</em></strong></span> <span class='ocrx_word' id='word_1_244' title='bbox 3293 1676 3636 1749; x_wconf 79' lang='lat' dir='ltr'><strong><em>cupiditati-</em></strong></span> 
     </span>
    </p>
   </div>
   <div class='ocr_carea' id='block_1_34' title="bbox 254 1762 1871 1839">
    <p class='ocr_par' dir='ltr' id='par_1_34' title="bbox 254 1762 1859 1835">
     <span class='ocr_line' id='line_1_34' title="bbox 254 1762 1859 1835; baseline -0.001 -20"><span class='ocrx_word' id='word_1_245' title='bbox 254 1767 494 1835; x_wconf 89' lang='grc' dir='ltr'>νούμενον</span> <span class='ocrx_word' id='word_1_246' title='bbox 522 1763 588 1824; x_wconf 80' lang='grc' dir='ltr'>εἰς</span> <span class='ocrx_word' id='word_1_247' title='bbox 619 1762 896 1835; x_wconf 75' lang='grc' dir='ltr'>ἐπίγνωσιν</span> <span class='ocrx_word' id='word_1_248' title='bbox 935 1764 1052 1816; x_wconf 81' lang='grc' dir='ltr'>κατ’</span> <span class='ocrx_word' id='word_1_249' title='bbox 1098 1764 1271 1817; x_wconf 81' lang='grc' dir='ltr'>εἰκόνα</span> <span class='ocrx_word' id='word_1_250' title='bbox 1317 1771 1407 1816; x_wconf 82' lang='grc' dir='ltr'><strong><em>τοῦ</em></strong></span> <span class='ocrx_word' id='word_1_251' title='bbox 1446 1769 1723 1824; x_wconf 70' lang='grc' dir='ltr'>κτίσαντος</span> <span class='ocrx_word' id='word_1_252' title='bbox 1769 1762 1859 1815; x_wconf 84' lang='grc' dir='ltr'>αύ-</span> 
     </span>
    </p>
   </div>
   <div class='ocr_carea' id='block_1_35' title="bbox 1988 1762 3634 1839">
    <p class='ocr_par' dir='ltr' id='par_1_35' title="bbox 1988 1765 3634 1839">
     <span class='ocr_line' id='line_1_35' title="bbox 1988 1765 3634 1839; baseline 0.001 -19"><span class='ocrx_word' id='word_1_253' title='bbox 1988 1782 2123 1822; x_wconf 67' lang='grc' dir='ltr'>ἰιιεε</span> <span class='ocrx_word' id='word_1_254' title='bbox 2154 1771 2210 1822; x_wconf 86' lang='lat' dir='ltr'><strong><em>et</em></strong></span> <span class='ocrx_word' id='word_1_255' title='bbox 2242 1767 2493 1822; x_wconf 83' lang='lat' dir='ltr'><strong><em>induere</em></strong></span> <span class='ocrx_word' id='word_1_256' title='bbox 2521 1783 2751 1822; x_wconf 87' lang='lat' dir='ltr'><strong><em>novum</em></strong></span> <span class='ocrx_word' id='word_1_257' title='bbox 2793 1767 2899 1839; x_wconf 88' lang='lat' dir='ltr'><strong><em>qui</em></strong></span> <span class='ocrx_word' id='word_1_258' title='bbox 2929 1774 3256 1822; x_wconf 80' lang='lat' dir='ltr'><strong><em>renovatur</em></strong></span> <span class='ocrx_word' id='word_1_259' title='bbox 3280 1767 3339 1821; x_wconf 91' lang='lat' dir='ltr'><strong><em>in</em></strong></span> <span class='ocrx_word' id='word_1_260' title='bbox 3383 1765 3634 1835; x_wconf 84' lang='lat' dir='ltr'><strong><em>agnitio—</em></strong></span> 
     </span>
    </p>
   </div>
   <div class='ocr_carea' id='block_1_36' title="bbox 255 1851 1861 1928">
    <p class='ocr_par' dir='ltr' id='par_1_36' title="bbox 255 1851 1861 1928">
     <span class='ocr_line' id='line_1_36' title="bbox 255 1851 1861 1928; baseline -0.001 -23"><span class='ocrx_word' id='word_1_261' title='bbox 255 1856 362 1921; x_wconf 88' lang='grc' dir='ltr'>τόν,</span> <span class='ocrx_word' id='word_1_262' title='bbox 413 1855 550 1905; x_wconf 84' lang='grc' dir='ltr'>κατὰ</span> <span class='ocrx_word' id='word_1_263' title='bbox 600 1856 658 1905; x_wconf 86' lang='grc' dir='ltr'>τὸ</span> <span class='ocrx_word' id='word_1_264' title='bbox 689 1853 972 1928; x_wconf 74' lang='grc' dir='ltr'>εἰρημένον,</span> <span class='ocrx_word' id='word_1_265' title='bbox 1019 1855 1098 1907; x_wconf 85' lang='grc' dir='ltr'>ὅτι</span> <span class='ocrx_word' id='word_1_266' title='bbox 1145 1852 1302 1906; x_wconf 82' lang='grc' dir='ltr'>Ὀσοι</span> <span class='ocrx_word' id='word_1_267' title='bbox 1354 1854 1425 1916; x_wconf 81' lang='grc' dir='ltr'>εἰς</span> <span class='ocrx_word' id='word_1_268' title='bbox 1467 1857 1698 1926; x_wconf 79' lang='grc' dir='ltr'>Χριστόν</span> <span class='ocrx_word' id='word_1_269' title='bbox 1747 1851 1861 1904; x_wconf 79' lang='grc' dir='ltr'>ἐϐα-</span> 
     </span>
    </p>
   </div>
   <div class='ocr_carea' id='block_1_37' title="bbox 257 1937 1862 2018">
    <p class='ocr_par' dir='ltr' id='par_1_37' title="bbox 257 1937 1862 2018">
     <span class='ocr_line' id='line_1_37' title="bbox 257 1937 1862 2018; baseline -0.001 -22"><span class='ocrx_word' id='word_1_270' title='bbox 257 1943 532 2013; x_wconf 82' lang='grc' dir='ltr'>πτίσθητε,</span> <span class='ocrx_word' id='word_1_271' title='bbox 603 1947 831 2018; x_wconf 80' lang='grc' dir='ltr'>Χριστὸν</span> <span class='ocrx_word' id='word_1_272' title='bbox 884 1940 1219 1999; x_wconf 76' lang='grc' dir='ltr'>ἐνεδύσασθε.</span> <span class='ocrx_word' id='word_1_273' title='bbox 1277 1948 1339 1996; x_wconf 91' lang='grc' dir='ltr'>Τί</span> <span class='ocrx_word' id='word_1_274' title='bbox 1405 1937 1544 1996; x_wconf 73' lang='grc' dir='ltr'>ἴδιον</span> <span class='ocrx_word' id='word_1_275' title='bbox 1606 1951 1862 2016; x_wconf 80' lang='grc' dir='ltr'>Χριστια-</span> 
     </span>
    </p>
   </div>
   <div class='ocr_carea' id='block_1_38' title="bbox 253 2032 1862 2106">
    <p class='ocr_par' dir='ltr' id='par_1_38' title="bbox 253 2032 1862 2106">
     <span class='ocr_line' id='line_1_38' title="bbox 253 2032 1862 2106; baseline -0.001 -22"><span class='ocrx_word' id='word_1_276' title='bbox 253 2040 390 2100; x_wconf 73' lang='grc' dir='ltr'>νοῦ,</span> <span class='ocrx_word' id='word_1_277' title='bbox 442 2036 511 2085; x_wconf 93' lang='lat' dir='ltr'><strong><em>T6</em></strong></span> <span class='ocrx_word' id='word_1_278' title='bbox 559 2033 947 2106; x_wconf 79' lang='grc' dir='ltr'>καθαρισθῆναι</span> <span class='ocrx_word' id='word_1_279' title='bbox 1017 2037 1108 2106; x_wconf 69' lang='grc' dir='ltr'><strong><em>μεν</em></strong></span> <span class='ocrx_word' id='word_1_280' title='bbox 1170 2032 1269 2085; x_wconf 79' lang='grc' dir='ltr'><strong><em>ἀπὸ</em></strong></span> <span class='ocrx_word' id='word_1_281' title='bbox 1329 2037 1518 2093; x_wconf 83' lang='grc' dir='ltr'>παντὸς</span> <span class='ocrx_word' id='word_1_282' title='bbox 1588 2032 1862 2105; x_wconf 75' lang='grc' dir='ltr'>μολυσμοῦ</span> 
     </span>
    </p>
   </div>
   <div class='ocr_carea' id='block_1_39' title="bbox 258 2121 1860 2198">
    <p class='ocr_par' dir='ltr' id='par_1_39' title="bbox 258 2121 1860 2198">
     <span class='ocr_line' id='line_1_39' title="bbox 258 2121 1860 2198; baseline 0 -24"><span class='ocrx_word' id='word_1_283' title='bbox 258 2125 449 2198; x_wconf 76' lang='grc' dir='ltr'>σαρκὸς</span> <span class='ocrx_word' id='word_1_284' title='bbox 501 2126 590 2174; x_wconf 82' lang='grc' dir='ltr'>καὶ</span> <span class='ocrx_word' id='word_1_285' title='bbox 643 2124 931 2195; x_wconf 85' lang='grc' dir='ltr'>πνεύματος</span> <span class='ocrx_word' id='word_1_286' title='bbox 993 2121 1041 2174; x_wconf 88' lang='grc' dir='ltr'><strong><em>ἐν</em></strong></span> <span class='ocrx_word' id='word_1_287' title='bbox 1096 2131 1169 2194; x_wconf 83' lang='grc' dir='ltr'>τῷ</span> <span class='ocrx_word' id='word_1_288' title='bbox 1227 2125 1410 2196; x_wconf 86' lang='grc' dir='ltr'>αἰματι</span> <span class='ocrx_word' id='word_1_289' title='bbox 1461 2130 1555 2175; x_wconf 90' lang='grc' dir='ltr'><strong><em>τοῦ</em></strong></span> <span class='ocrx_word' id='word_1_290' title='bbox 1603 2129 1860 2195; x_wconf 82' lang='grc' dir='ltr'>Χριστοῦ,</span> 
     </span>
    </p>
   </div>
   <div class='ocr_carea' id='block_1_40' title="bbox 257 2207 1863 2284">
    <p class='ocr_par' dir='ltr' id='par_1_40' title="bbox 257 2207 1863 2284">
     <span class='ocr_line' id='line_1_40' title="bbox 257 2207 1863 2284; baseline -0.001 -20"><span class='ocrx_word' id='word_1_291' title='bbox 257 2210 504 2283; x_wconf 83' lang='grc' dir='ltr'>ἐπιτεγεῐν</span> <span class='ocrx_word' id='word_1_292' title='bbox 555 2207 613 2264; x_wconf 68' lang='grc' dir='ltr'><strong><em>δὲ</em></strong></span> <span class='ocrx_word' id='word_1_293' title='bbox 661 2211 963 2283; x_wconf 82' lang='grc' dir='ltr'>ἁγιωσύνην</span> <span class='ocrx_word' id='word_1_294' title='bbox 1009 2210 1057 2264; x_wconf 86' lang='grc' dir='ltr'><strong><em>ἐν</em></strong></span> <span class='ocrx_word' id='word_1_295' title='bbox 1101 2215 1239 2284; x_wconf 73' lang='grc' dir='ltr'>φόϐῳ</span> <span class='ocrx_word' id='word_1_296' title='bbox 1268 2219 1400 2266; x_wconf 85' lang='grc' dir='ltr'>Θεοῦ</span> <span class='ocrx_word' id='word_1_297' title='bbox 1441 2217 1530 2264; x_wconf 81' lang='grc' dir='ltr'>καὶ</span> <span class='ocrx_word' id='word_1_298' title='bbox 1559 2210 1737 2284; x_wconf 76' lang='grc' dir='ltr'>ἀγάπῃ</span> <span class='ocrx_word' id='word_1_299' title='bbox 1772 2218 1863 2264; x_wconf 91' lang='grc' dir='ltr'><strong><em>τοῦ</em></strong></span> 
     </span>
    </p>
   </div>
   <div class='ocr_carea' id='block_1_41' title="bbox 260 2298 1862 2377">
    <p class='ocr_par' dir='ltr' id='par_1_41' title="bbox 260 2298 1862 2377">
     <span class='ocr_line' id='line_1_41' title="bbox 260 2298 1862 2377; baseline -0.002 -21"><span class='ocrx_word' id='word_1_300' title='bbox 260 2308 518 2377; x_wconf 79' lang='grc' dir='ltr'>Χριστοῦ,</span> <span class='ocrx_word' id='word_1_301' title='bbox 581 2306 671 2353; x_wconf 81' lang='grc' dir='ltr'>καὶ</span> <span class='ocrx_word' id='word_1_302' title='bbox 729 2306 798 2374; x_wconf 75' lang='grc' dir='ltr'>μή</span> <span class='ocrx_word' id='word_1_303' title='bbox 851 2304 990 2374; x_wconf 74' lang='grc' dir='ltr'>ἔχειν</span> <span class='ocrx_word' id='word_1_304' title='bbox 1041 2301 1223 2354; x_wconf 89' lang='grc' dir='ltr'>σπῖλον</span> <span class='ocrx_word' id='word_1_305' title='bbox 1278 2303 1305 2360; x_wconf 77' lang='grc' dir='ltr'><strong>ἣ</strong></span> <span class='ocrx_word' id='word_1_306' title='bbox 1365 2298 1581 2376; x_wconf 78' lang='grc' dir='ltr'>ῥυτίδα,</span> <span class='ocrx_word' id='word_1_307' title='bbox 1615 2305 1643 2359; x_wconf 78' lang='grc' dir='ltr'><strong>ἥ</strong></span> <span class='ocrx_word' id='word_1_308' title='bbox 1683 2309 1862 2354; x_wconf 86' lang='grc' dir='ltr'>τιτῶν</span> 
     </span>
    </p>
   </div>
   <div class='ocr_carea' id='block_1_42' title="bbox 259 2387 1867 2464">
    <p class='ocr_par' dir='ltr' id='par_1_42' title="bbox 259 2387 1867 2464">
     <span class='ocr_line' id='line_1_42' title="bbox 259 2387 1867 2464; baseline 0 -21"><span class='ocrx_word' id='word_1_309' title='bbox 259 2394 524 2458; x_wconf 84' lang='grc' dir='ltr'>τοιούτων,</span> <span class='ocrx_word' id='word_1_310' title='bbox 585 2389 688 2443; x_wconf 71' lang='grc' dir='ltr'>ἀλλ’</span> <span class='ocrx_word' id='word_1_311' title='bbox 740 2387 869 2443; x_wconf 85' lang='grc' dir='ltr'>εἶναι</span> <span class='ocrx_word' id='word_1_312' title='bbox 922 2390 1071 2462; x_wconf 77' lang='grc' dir='ltr'>ἅγιον</span> <span class='ocrx_word' id='word_1_313' title='bbox 1122 2397 1212 2444; x_wconf 80' lang='grc' dir='ltr'>καὶ</span> <span class='ocrx_word' id='word_1_314' title='bbox 1266 2392 1501 2464; x_wconf 77' lang='grc' dir='ltr'>ἄμωμον,</span> <span class='ocrx_word' id='word_1_315' title='bbox 1558 2397 1648 2444; x_wconf 80' lang='grc' dir='ltr'>καὶ</span> <span class='ocrx_word' id='word_1_316' title='bbox 1701 2391 1867 2452; x_wconf 74' lang='grc' dir='ltr'>οὕτως</span> 
     </span>
    </p>
   </div>
   <div class='ocr_carea' id='block_1_43' title="bbox 261 2479 1864 2555">
    <p class='ocr_par' dir='ltr' id='par_1_43' title="bbox 261 2479 1864 2555">
     <span class='ocr_line' id='line_1_43' title="bbox 261 2479 1864 2555; baseline 0.002 -23"><span class='ocrx_word' id='word_1_317' title='bbox 261 2479 452 2534; x_wconf 80' lang='grc' dir='ltr'>ἐσθίειν</span> <span class='ocrx_word' id='word_1_318' title='bbox 481 2483 540 2532; x_wconf 87' lang='grc' dir='ltr'><strong><em>τό</em></strong></span> <span class='ocrx_word' id='word_1_319' title='bbox 596 2488 750 2553; x_wconf 87' lang='grc' dir='ltr'>σῶμα</span> <span class='ocrx_word' id='word_1_320' title='bbox 819 2488 910 2532; x_wconf 88' lang='grc' dir='ltr'><strong><em>τοῦ</em></strong></span> <span class='ocrx_word' id='word_1_321' title='bbox 947 2488 1200 2555; x_wconf 85' lang='grc' dir='ltr'>Χριστοῦ,</span> <span class='ocrx_word' id='word_1_322' title='bbox 1237 2487 1328 2534; x_wconf 81' lang='grc' dir='ltr'><strong><em>καί</em></strong></span> <span class='ocrx_word' id='word_1_323' title='bbox 1379 2487 1539 2534; x_wconf 86' lang='grc' dir='ltr'>πίνειν</span> <span class='ocrx_word' id='word_1_324' title='bbox 1598 2485 1656 2534; x_wconf 84' lang='grc' dir='ltr'><strong><em>τό</em></strong></span> <span class='ocrx_word' id='word_1_325' title='bbox 1710 2482 1864 2553; x_wconf 83' lang='grc' dir='ltr'>αἷμα.</span> 
     </span>
    </p>
   </div>
   <div class='ocr_carea' id='block_1_44' title="bbox 260 2567 1867 2644">
    <p class='ocr_par' dir='ltr' id='par_1_44' title="bbox 260 2567 1867 2644">
     <span class='ocr_line' id='line_1_44' title="bbox 260 2567 1867 2644; baseline -0.001 -22"><span class='ocrx_word' id='word_1_326' title='bbox 260 2569 318 2622; x_wconf 75' lang='grc' dir='ltr'><strong>Ὀ</strong></span> <span class='ocrx_word' id='word_1_327' title='bbox 375 2573 476 2644; x_wconf 82' lang='grc' dir='ltr'><strong><em>γὰρ</em></strong></span> <span class='ocrx_word' id='word_1_328' title='bbox 539 2567 726 2622; x_wconf 90' lang='grc' dir='ltr'>ἐσθίων</span> <span class='ocrx_word' id='word_1_329' title='bbox 781 2574 870 2622; x_wconf 86' lang='grc' dir='ltr'>καὶ</span> <span class='ocrx_word' id='word_1_330' title='bbox 924 2574 1082 2622; x_wconf 90' lang='grc' dir='ltr'>πίνων</span> <span class='ocrx_word' id='word_1_331' title='bbox 1141 2569 1384 2638; x_wconf 75' lang='grc' dir='ltr'>ἀναξίως,</span> <span class='ocrx_word' id='word_1_332' title='bbox 1459 2579 1626 2644; x_wconf 86' lang='grc' dir='ltr'>κρῖμα</span> <span class='ocrx_word' id='word_1_333' title='bbox 1699 2569 1867 2640; x_wconf 80' lang='grc' dir='ltr'>ἐαυτῷ</span> 
     </span>
    </p>
   </div>
   <div class='ocr_carea' id='block_1_45' title="bbox 264 2655 1866 2736">
    <p class='ocr_par' dir='ltr' id='par_1_45' title="bbox 264 2655 1866 2736">
     <span class='ocr_line' id='line_1_45' title="bbox 264 2655 1866 2736; baseline -0.001 -24"><span class='ocrx_word' id='word_1_334' title='bbox 264 2658 426 2712; x_wconf 83' lang='grc' dir='ltr'>ἐσθίει</span> <span class='ocrx_word' id='word_1_335' title='bbox 474 2664 563 2711; x_wconf 81' lang='grc' dir='ltr'>καὶ</span> <span class='ocrx_word' id='word_1_336' title='bbox 601 2664 766 2715; x_wconf 87' lang='grc' dir='ltr'>πίνει.</span> <span class='ocrx_word' id='word_1_337' title='bbox 814 2664 877 2713; x_wconf 88' lang='grc' dir='ltr'>Τί</span> <span class='ocrx_word' id='word_1_338' title='bbox 929 2655 1067 2712; x_wconf 71' lang='grc' dir='ltr'>ἴδιον</span> <span class='ocrx_word' id='word_1_339' title='bbox 1122 2669 1221 2712; x_wconf 87' lang='grc' dir='ltr'>τῶν</span> <span class='ocrx_word' id='word_1_340' title='bbox 1268 2659 1543 2714; x_wconf 81' lang='grc' dir='ltr'>ἐσθιόντων</span> <span class='ocrx_word' id='word_1_341' title='bbox 1593 2664 1678 2712; x_wconf 76' lang='grc' dir='ltr'>τὸν</span> <span class='ocrx_word' id='word_1_342' title='bbox 1711 2661 1866 2736; x_wconf 80' lang='grc' dir='ltr'>ἄρτον</span> 
     </span>
    </p>
   </div>
   <div class='ocr_carea' id='block_1_46' title="bbox 263 2752 1868 2826">
    <p class='ocr_par' dir='ltr' id='par_1_46' title="bbox 263 2752 1868 2826">
     <span class='ocr_line' id='line_1_46' title="bbox 263 2752 1868 2826; baseline -0.001 -24"><span class='ocrx_word' id='word_1_343' title='bbox 263 2755 354 2802; x_wconf 80' lang='grc' dir='ltr'>καὶ</span> <span class='ocrx_word' id='word_1_344' title='bbox 401 2754 648 2802; x_wconf 86' lang='grc' dir='ltr'>πινόντων</span> <span class='ocrx_word' id='word_1_345' title='bbox 696 2752 755 2801; x_wconf 87' lang='grc' dir='ltr'>τὸ</span> <span class='ocrx_word' id='word_1_346' title='bbox 810 2754 1059 2824; x_wconf 84' lang='grc' dir='ltr'>ποτήριον</span> <span class='ocrx_word' id='word_1_347' title='bbox 1117 2758 1208 2802; x_wconf 85' lang='grc' dir='ltr'><strong><em>τοῦ</em></strong></span> <span class='ocrx_word' id='word_1_348' title='bbox 1257 2755 1450 2826; x_wconf 79' lang='grc' dir='ltr'>Κυρίου</span> <span class='ocrx_word' id='word_1_349' title='bbox 1502 2755 1590 2806; x_wconf 77' lang='lat'><strong><em>37)</em></strong></span> <span class='ocrx_word' id='word_1_350' title='bbox 1618 2767 1632 2818; x_wconf 84' lang='lat'><strong>;</strong></span> <span class='ocrx_word' id='word_1_351' title='bbox 1665 2754 1734 2803; x_wconf 91' lang='lat' dir='ltr'><em>T6</em></span> <span class='ocrx_word' id='word_1_352' title='bbox 1775 2754 1868 2808; x_wconf 77' lang='grc' dir='ltr'><strong><em>την</em></strong></span> 
     </span>
    </p>
   </div>
   <div class='ocr_carea' id='block_1_47' title="bbox 265 2835 1845 2915">
    <p class='ocr_par' dir='ltr' id='par_1_47' title="bbox 265 2835 1845 2915">
     <span class='ocr_line' id='line_1_47' title="bbox 265 2835 1845 2915; baseline 0.001 -25"><span class='ocrx_word' id='word_1_353' title='bbox 265 2844 475 2912; x_wconf 78' lang='grc' dir='ltr'>μνήμην</span> <span class='ocrx_word' id='word_1_354' title='bbox 522 2839 803 2912; x_wconf 69' lang='grc' dir='ltr'>φυλάσσειν</span> <span class='ocrx_word' id='word_1_355' title='bbox 862 2835 1075 2898; x_wconf 76' lang='grc' dir='ltr'>διηνεκῆ</span> <span class='ocrx_word' id='word_1_356' title='bbox 1110 2848 1201 2892; x_wconf 83' lang='grc' dir='ltr'><strong><em>τοῦ</em></strong></span> <span class='ocrx_word' id='word_1_357' title='bbox 1248 2842 1372 2915; x_wconf 78' lang='grc' dir='ltr'>ὑπερ</span> <span class='ocrx_word' id='word_1_358' title='bbox 1415 2843 1559 2902; x_wconf 72' lang='grc' dir='ltr'>ἡμῶν</span> <span class='ocrx_word' id='word_1_359' title='bbox 1588 2839 1845 2893; x_wconf 78' lang='grc' dir='ltr'>ἀποθανόν</span> 
     </span>
    </p>
   </div>
   <div class='ocr_carea' id='block_1_48' title="bbox 269 2925 1869 3002">
    <p class='ocr_par' dir='ltr' id='par_1_48' title="bbox 269 2925 1869 3002">
     <span class='ocr_line' id='line_1_48' title="bbox 269 2925 1869 3002; baseline 0 -22"><span class='ocrx_word' id='word_1_360' title='bbox 269 2947 356 2989; x_wconf 90' lang='grc' dir='ltr'><strong><em>τος</em></strong></span> <span class='ocrx_word' id='word_1_361' title='bbox 395 2934 484 2979; x_wconf 84' lang='grc' dir='ltr'>καὶ</span> <span class='ocrx_word' id='word_1_362' title='bbox 535 2927 842 3002; x_wconf 85' lang='grc' dir='ltr'>ἐγερθέντος.</span> <span class='ocrx_word' id='word_1_363' title='bbox 896 2932 959 2981; x_wconf 90' lang='grc' dir='ltr'>Τί</span> <span class='ocrx_word' id='word_1_364' title='bbox 1007 2925 1146 2982; x_wconf 72' lang='grc' dir='ltr'>ἴδιον</span> <span class='ocrx_word' id='word_1_365' title='bbox 1196 2937 1296 2980; x_wconf 80' lang='grc' dir='ltr'>τῶν</span> <span class='ocrx_word' id='word_1_366' title='bbox 1353 2929 1722 3000; x_wconf 75' lang='grc' dir='ltr'>φυλασσόντων</span> <span class='ocrx_word' id='word_1_367' title='bbox 1775 2934 1869 2987; x_wconf 73' lang='grc' dir='ltr'>τὴν</span> 
     </span>
    </p>
   </div>
   <div class='ocr_carea' id='block_1_49' title="bbox 273 3018 1874 3092">
    <p class='ocr_par' dir='ltr' id='par_1_49' title="bbox 273 3018 1874 3092">
     <span class='ocr_line' id='line_1_49' title="bbox 273 3018 1874 3092; baseline 0.001 -23"><span class='ocrx_word' id='word_1_368' title='bbox 273 3020 519 3076; x_wconf 78' lang='grc' dir='ltr'>τοιαύτην</span> <span class='ocrx_word' id='word_1_369' title='bbox 566 3024 809 3091; x_wconf 78' lang='grc' dir='ltr'>μνήμην;</span> <span class='ocrx_word' id='word_1_370' title='bbox 864 3023 933 3072; x_wconf 89' lang='grc' dir='ltr'>Τό</span> <span class='ocrx_word' id='word_1_371' title='bbox 992 3023 1182 3091; x_wconf 67' lang='grc' dir='ltr'>μηκέτι</span> <span class='ocrx_word' id='word_1_372' title='bbox 1230 3019 1428 3081; x_wconf 78' lang='grc' dir='ltr'>ἑαυτοῖς</span> <span class='ocrx_word' id='word_1_373' title='bbox 1486 3020 1602 3092; x_wconf 75' lang='grc' dir='ltr'>ζῇν,</span> <span class='ocrx_word' id='word_1_374' title='bbox 1646 3018 1772 3071; x_wconf 82' lang='grc' dir='ltr'>ἀλλὰ</span> <span class='ocrx_word' id='word_1_375' title='bbox 1801 3027 1874 3089; x_wconf 83' lang='grc' dir='ltr'>τῷ</span> 
     </span>
    </p>
   </div>
   <div class='ocr_carea' id='block_1_50' title="bbox 274 3107 1944 3189">
    <p class='ocr_par' dir='ltr' id='par_1_50' title="bbox 274 3107 1944 3189">
     <span class='ocr_line' id='line_1_50' title="bbox 274 3107 1944 3189; baseline 0.001 -31"><span class='ocrx_word' id='word_1_376' title='bbox 274 3109 398 3180; x_wconf 70' lang='grc' dir='ltr'>ὑπὲρ</span> <span class='ocrx_word' id='word_1_377' title='bbox 467 3107 631 3159; x_wconf 71' lang='grc' dir='ltr'>αὐτων</span> <span class='ocrx_word' id='word_1_378' title='bbox 698 3111 814 3178; x_wconf 64' lang='grc'>(38)</span> <span class='ocrx_word' id='word_1_379' title='bbox 894 3109 1207 3161; x_wconf 84' lang='grc' dir='ltr'>αποθανόντι</span> <span class='ocrx_word' id='word_1_380' title='bbox 1289 3114 1379 3161; x_wconf 81' lang='grc' dir='ltr'>καὶ</span> <span class='ocrx_word' id='word_1_381' title='bbox 1457 3108 1734 3182; x_wconf 72' lang='grc' dir='ltr'>ἐγερθέντι.</span> <span class='ocrx_word' id='word_1_382' title='bbox 1811 3113 1874 3161; x_wconf 91' lang='grc' dir='ltr'><strong><em>Τί</em></strong></span> <span class='ocrx_word' id='word_1_383' title='bbox 1908 3138 1944 3189; x_wconf 61' lang='grc' dir='ltr'>υ</span> 
     </span>
    </p>
   </div>
   <div class='ocr_carea' id='block_1_51' title="bbox 270 3194 1872 3274">
    <p class='ocr_par' dir='ltr' id='par_1_51' title="bbox 270 3194 1872 3274">
     <span class='ocr_line' id='line_1_51' title="bbox 270 3194 1872 3274; baseline 0.001 -25"><span class='ocrx_word' id='word_1_384' title='bbox 270 3194 408 3249; x_wconf 75' lang='grc' dir='ltr'>ἴδιον</span> <span class='ocrx_word' id='word_1_385' title='bbox 439 3205 758 3270; x_wconf 70' lang='grc' dir='ltr'>Χριστιανοῦ</span> <span class='ocrx_word' id='word_1_386' title='bbox 789 3215 804 3264; x_wconf 83' lang='lat'><strong>;</strong></span> <span class='ocrx_word' id='word_1_387' title='bbox 861 3203 930 3252; x_wconf 88' lang='lat' dir='ltr'><strong><em>T6</em></strong></span> <span class='ocrx_word' id='word_1_388' title='bbox 979 3202 1305 3274; x_wconf 85' lang='grc' dir='ltr'>περισσεύειν</span> <span class='ocrx_word' id='word_1_389' title='bbox 1360 3199 1518 3252; x_wconf 76' lang='grc' dir='ltr'>αὐτοῦ</span> <span class='ocrx_word' id='word_1_390' title='bbox 1546 3205 1638 3258; x_wconf 80' lang='grc' dir='ltr'>τὴν</span> <span class='ocrx_word' id='word_1_391' title='bbox 1672 3195 1872 3251; x_wconf 72' lang='grc' dir='ltr'>δικαιο-</span> 
     </span>
    </p>
   </div>
   <div class='ocr_carea' id='block_1_52' title="bbox 275 3287 1874 3364">
    <p class='ocr_par' dir='ltr' id='par_1_52' title="bbox 275 3287 1874 3364">
     <span class='ocr_line' id='line_1_52' title="bbox 275 3287 1874 3364; baseline 0.001 -26"><span class='ocrx_word' id='word_1_392' title='bbox 275 3289 431 3345; x_wconf 82' lang='grc' dir='ltr'>σύνην</span> <span class='ocrx_word' id='word_1_393' title='bbox 482 3287 529 3340; x_wconf 79' lang='grc' dir='ltr'><strong><em>ἐν</em></strong></span> <span class='ocrx_word' id='word_1_394' title='bbox 587 3293 764 3345; x_wconf 85' lang='grc' dir='ltr'>παντὶ,</span> <span class='ocrx_word' id='word_1_395' title='bbox 798 3287 945 3340; x_wconf 88' lang='grc' dir='ltr'>πλέον</span> <span class='ocrx_word' id='word_1_396' title='bbox 1004 3299 1102 3341; x_wconf 84' lang='grc' dir='ltr'>τῶν</span> <span class='ocrx_word' id='word_1_397' title='bbox 1159 3294 1504 3364; x_wconf 82' lang='grc' dir='ltr'>γραμματέων</span> <span class='ocrx_word' id='word_1_398' title='bbox 1572 3295 1662 3342; x_wconf 83' lang='grc' dir='ltr'>καὶ</span> <span class='ocrx_word' id='word_1_399' title='bbox 1721 3296 1874 3362; x_wconf 82' lang='grc' dir='ltr'>Φαρι-</span> 
     </span>
    </p>
   </div>
   <div class='ocr_carea' id='block_1_53' title="bbox 275 3379 1876 3452">
    <p class='ocr_par' dir='ltr' id='par_1_53' title="bbox 275 3379 1876 3452">
     <span class='ocr_line' id='line_1_53' title="bbox 275 3379 1876 3452; baseline 0.002 -24"><span class='ocrx_word' id='word_1_400' title='bbox 275 3381 456 3443; x_wconf 87' lang='grc' dir='ltr'>σαίων,</span> <span class='ocrx_word' id='word_1_401' title='bbox 517 3379 653 3428; x_wconf 82' lang='grc' dir='ltr'>κατὰ</span> <span class='ocrx_word' id='word_1_402' title='bbox 709 3380 767 3428; x_wconf 86' lang='grc' dir='ltr'>τὸ</span> <span class='ocrx_word' id='word_1_403' title='bbox 815 3381 998 3450; x_wconf 87' lang='grc' dir='ltr'>μέτρον</span> <span class='ocrx_word' id='word_1_404' title='bbox 1055 3387 1150 3441; x_wconf 81' lang='grc' dir='ltr'>τῆς</span> <span class='ocrx_word' id='word_1_405' title='bbox 1175 3383 1310 3432; x_wconf 84' lang='grc' dir='ltr'><strong><em>κατά</em></strong></span> <span class='ocrx_word' id='word_1_406' title='bbox 1337 3384 1393 3433; x_wconf 88' lang='grc' dir='ltr'>τὸ</span> <span class='ocrx_word' id='word_1_407' title='bbox 1425 3380 1740 3452; x_wconf 80' lang='grc' dir='ltr'>Εὖαγγέλιον</span> <span class='ocrx_word' id='word_1_408' title='bbox 1783 3388 1876 3433; x_wconf 86' lang='grc' dir='ltr'><strong><em>τοῦ</em></strong></span> 
     </span>
    </p>
   </div>
   <div class='ocr_carea' id='block_1_54' title="bbox 275 3461 1876 3543">
    <p class='ocr_par' dir='ltr' id='par_1_54' title="bbox 275 3461 1876 3543">
     <span class='ocr_line' id='line_1_54' title="bbox 275 3461 1876 3543; baseline 0.002 -25"><span class='ocrx_word' id='word_1_409' title='bbox 275 3470 470 3541; x_wconf 79' lang='grc' dir='ltr'>Κυρίου</span> <span class='ocrx_word' id='word_1_410' title='bbox 505 3461 880 3526; x_wconf 72' lang='grc' dir='ltr'>διδασκαλίας.</span> <span class='ocrx_word' id='word_1_411' title='bbox 909 3471 972 3520; x_wconf 89' lang='grc' dir='ltr'><strong><em>Τί</em></strong></span> <span class='ocrx_word' id='word_1_412' title='bbox 1004 3463 1138 3519; x_wconf 75' lang='grc' dir='ltr'>’ἰδιον</span> <span class='ocrx_word' id='word_1_413' title='bbox 1170 3475 1486 3543; x_wconf 78' lang='grc' dir='ltr'>Χριστιανοῦ</span> <span class='ocrx_word' id='word_1_414' title='bbox 1521 3487 1534 3537; x_wconf 90' lang='grc'><strong>;</strong></span> <span class='ocrx_word' id='word_1_415' title='bbox 1567 3473 1636 3524; x_wconf 91' lang='lat' dir='ltr'><strong><em>T6</em></strong></span> <span class='ocrx_word' id='word_1_416' title='bbox 1669 3469 1876 3541; x_wconf 79' lang='grc' dir='ltr'>ἀγαπᾷν</span> 
     </span>
    </p>
   </div>
   <div class='ocr_carea' id='block_1_55' title="bbox 273 3553 1876 3632">
    <p class='ocr_par' dir='ltr' id='par_1_55' title="bbox 273 3553 1876 3632">
     <span class='ocr_line' id='line_1_55' title="bbox 273 3553 1876 3632; baseline 0.004 -25"><span class='ocrx_word' id='word_1_417' title='bbox 273 3553 525 3617; x_wconf 77' lang='grc' dir='ltr'>ἀλλήλους</span> <span class='ocrx_word' id='word_1_418' title='bbox 551 3559 689 3621; x_wconf 83' lang='lat'><strong><em>(39),</em></strong></span> <span class='ocrx_word' id='word_1_419' title='bbox 717 3556 890 3616; x_wconf 86' lang='grc' dir='ltr'>καθὼς</span> <span class='ocrx_word' id='word_1_420' title='bbox 919 3561 1008 3608; x_wconf 83' lang='grc' dir='ltr'>καὶ</span> <span class='ocrx_word' id='word_1_421' title='bbox 1038 3558 1064 3608; x_wconf 89' lang='lat'><strong><em>6</em></strong></span> <span class='ocrx_word' id='word_1_422' title='bbox 1114 3562 1341 3630; x_wconf 82' lang='grc' dir='ltr'>Χριστὸς</span> <span class='ocrx_word' id='word_1_423' title='bbox 1390 3561 1660 3631; x_wconf 78' lang='grc' dir='ltr'>ἠγάπησεν</span> <span class='ocrx_word' id='word_1_424' title='bbox 1715 3561 1876 3632; x_wconf 76' lang='grc' dir='ltr'>ἡμᾶς.</span> 
     </span>
    </p>
   </div>
   <div class='ocr_carea' id='block_1_56' title="bbox 272 3642 1884 3724">
    <p class='ocr_par' dir='ltr' id='par_1_56' title="bbox 272 3642 1884 3724">
     <span class='ocr_line' id='line_1_56' title="bbox 272 3642 1884 3724; baseline 0.002 -26"><span class='ocrx_word' id='word_1_425' title='bbox 272 3650 335 3698; x_wconf 83' lang='grc' dir='ltr'><strong><em>Τί</em></strong></span> <span class='ocrx_word' id='word_1_426' title='bbox 363 3642 504 3698; x_wconf 74' lang='grc' dir='ltr'>ἴδιον</span> <span class='ocrx_word' id='word_1_427' title='bbox 552 3651 914 3719; x_wconf 81' lang='grc' dir='ltr'>Χριστιανοῦ;</span> <span class='ocrx_word' id='word_1_428' title='bbox 955 3649 1024 3698; x_wconf 89' lang='grc' dir='ltr'>Τὸ</span> <span class='ocrx_word' id='word_1_429' title='bbox 1075 3650 1404 3720; x_wconf 83' lang='grc' dir='ltr'>προορᾶσθαι</span> <span class='ocrx_word' id='word_1_430' title='bbox 1451 3653 1537 3701; x_wconf 85' lang='grc' dir='ltr'>τὸν</span> <span class='ocrx_word' id='word_1_431' title='bbox 1575 3655 1764 3724; x_wconf 77' lang='grc' dir='ltr'>Κύριον</span> <span class='ocrx_word' id='word_1_432' title='bbox 1807 3649 1884 3702; x_wconf 77' lang='grc' dir='ltr'>ἐν·</span> 
     </span>
    </p>
   </div>
   <div class='ocr_carea' id='block_1_57' title="bbox 277 3730 1882 3812">
    <p class='ocr_par' dir='ltr' id='par_1_57' title="bbox 277 3730 1882 3812">
     <span class='ocr_line' id='line_1_57' title="bbox 277 3730 1882 3812; baseline 0.004 -27"><span class='ocrx_word' id='word_1_433' title='bbox 277 3740 438 3787; x_wconf 88' lang='grc' dir='ltr'>ὡπιον</span> <span class='ocrx_word' id='word_1_434' title='bbox 466 3733 627 3788; x_wconf 74' lang='grc' dir='ltr'>αὑτοῦ</span> <span class='ocrx_word' id='word_1_435' title='bbox 662 3730 758 3788; x_wconf 78' lang='grc' dir='ltr'><strong><em>διὰ</em></strong></span> <span class='ocrx_word' id='word_1_436' title='bbox 796 3740 1004 3797; x_wconf 87' lang='grc' dir='ltr'>παντός.</span> <span class='ocrx_word' id='word_1_437' title='bbox 1040 3740 1102 3788; x_wconf 91' lang='grc' dir='ltr'><strong><em>Τί</em></strong></span> <span class='ocrx_word' id='word_1_438' title='bbox 1134 3732 1271 3788; x_wconf 72' lang='grc' dir='ltr'>ἴδιον</span> <span class='ocrx_word' id='word_1_439' title='bbox 1295 3745 1655 3811; x_wconf 83' lang='grc' dir='ltr'>Χριστιανοῦ;</span> <span class='ocrx_word' id='word_1_440' title='bbox 1698 3744 1766 3794; x_wconf 90' lang='lat' dir='ltr'><strong><em>T6</em></strong></span> <span class='ocrx_word' id='word_1_441' title='bbox 1809 3739 1882 3812; x_wconf 66' lang='grc' dir='ltr'><strong><em>ἐφ’</em></strong></span> 
     </span>
    </p>
   </div>
   <div class='ocr_carea' id='block_1_58' title="bbox 277 3824 1881 3901">
    <p class='ocr_par' dir='ltr' id='par_1_58' title="bbox 277 3824 1881 3901">
     <span class='ocr_line' id='line_1_58' title="bbox 277 3824 1881 3901; baseline 0.004 -25"><span class='ocrx_word' id='word_1_442' title='bbox 277 3824 504 3886; x_wconf 76' lang='grc' dir='ltr'>ἑκάστης</span> <span class='ocrx_word' id='word_1_443' title='bbox 559 3826 758 3900; x_wconf 75' lang='grc' dir='ltr'>ἡμέρας</span> <span class='ocrx_word' id='word_1_444' title='bbox 801 3830 890 3878; x_wconf 84' lang='grc' dir='ltr'>καὶ</span> <span class='ocrx_word' id='word_1_445' title='bbox 941 3826 1079 3901; x_wconf 81' lang='grc' dir='ltr'>ὥρας</span> <span class='ocrx_word' id='word_1_446' title='bbox 1135 3835 1428 3901; x_wconf 84' lang='grc' dir='ltr'>γρηγορείν,</span> <span class='ocrx_word' id='word_1_447' title='bbox 1471 3832 1562 3880; x_wconf 79' lang='grc' dir='ltr'>καὶ</span> <span class='ocrx_word' id='word_1_448' title='bbox 1615 3827 1662 3880; x_wconf 83' lang='grc' dir='ltr'><strong><em>ἐν</em></strong></span> <span class='ocrx_word' id='word_1_449' title='bbox 1707 3837 1770 3901; x_wconf 74' lang='grc' dir='ltr'><strong><em>τῇ</em></strong></span> <span class='ocrx_word' id='word_1_450' title='bbox 1803 3849 1881 3883; x_wconf 74' lang='grc' dir='ltr'>τεο</span> 
     </span>
    </p>
   </div>
   <div class='ocr_carea' id='block_1_59' title="bbox 276 3913 1879 3991">
    <p class='ocr_par' dir='ltr' id='par_1_59' title="bbox 276 3913 1879 3991">
     <span class='ocr_line' id='line_1_59' title="bbox 276 3913 1879 3991; baseline 0.004 -25"><span class='ocrx_word' id='word_1_451' title='bbox 276 3913 504 3972; x_wconf 84' lang='grc' dir='ltr'>λειότητι</span> <span class='ocrx_word' id='word_1_452' title='bbox 539 3922 628 3976; x_wconf 82' lang='grc' dir='ltr'>τῆς</span> <span class='ocrx_word' id='word_1_453' title='bbox 687 3918 818 3989; x_wconf 86' lang='grc' dir='ltr'>πρὸς</span> <span class='ocrx_word' id='word_1_454' title='bbox 878 3920 1006 3969; x_wconf 88' lang='grc' dir='ltr'>Θεὸν</span> <span class='ocrx_word' id='word_1_455' title='bbox 1038 3915 1429 3991; x_wconf 72' lang='grc' dir='ltr'>εὐαρεστήσεως</span> <span class='ocrx_word' id='word_1_456' title='bbox 1485 3919 1688 3990; x_wconf 77' lang='grc' dir='ltr'>ἕτοιμον</span> <span class='ocrx_word' id='word_1_457' title='bbox 1731 3915 1879 3986; x_wconf 84' lang='grc' dir='ltr'>εἶναι,</span> 
     </span>
    </p>
   </div>
   <div class='ocr_carea' id='block_1_60' title="bbox 280 4000 1611 4083">
    <p class='ocr_par' dir='ltr' id='par_1_60' title="bbox 280 4000 1611 4083">
     <span class='ocr_line' id='line_1_60' title="bbox 280 4000 1611 4083; baseline 0.006 -28"><span class='ocrx_word' id='word_1_458' title='bbox 280 4000 476 4072; x_wconf 78' lang='grc' dir='ltr'>εἰδότα,</span> <span class='ocrx_word' id='word_1_459' title='bbox 511 4006 591 4058; x_wconf 86' lang='grc' dir='ltr'>ὅτι</span> <span class='ocrx_word' id='word_1_460' title='bbox 683 4007 791 4079; x_wconf 80' lang='grc' dir='ltr'>ὥρᾳ</span> <span class='ocrx_word' id='word_1_461' title='bbox 821 4005 880 4059; x_wconf 82' lang='grc' dir='ltr'><strong><em>ού</em></strong></span> <span class='ocrx_word' id='word_1_462' title='bbox 909 4002 1076 4075; x_wconf 76' lang='grc' dir='ltr'>δοκεῖ,</span> <span class='ocrx_word' id='word_1_463' title='bbox 1097 4009 1123 4060; x_wconf 84' lang='grc' dir='ltr'><strong><em>ὁ</em></strong></span> <span class='ocrx_word' id='word_1_464' title='bbox 1159 4011 1344 4082; x_wconf 77' lang='grc' dir='ltr'>Κύριος</span> <span class='ocrx_word' id='word_1_465' title='bbox 1377 4011 1611 4083; x_wconf 81' lang='grc' dir='ltr'>ἔρχεται.</span> 
     </span>
    </p>
   </div>
   <div class='ocr_carea' id='block_1_61' title="bbox 1971 1854 3632 1928">
    <p class='ocr_par' dir='ltr' id='par_1_61' title="bbox 1971 1854 3632 1928">
     <span class='ocr_line' id='line_1_61' title="bbox 1971 1854 3632 1928; baseline -0.001 -16"><span class='ocrx_word' id='word_1_466' title='bbox 1971 1871 2136 1925; x_wconf 85' lang='lat' dir='ltr'><strong><em>nem,</em></strong></span> <span class='ocrx_word' id='word_1_467' title='bbox 2172 1857 2510 1912; x_wconf 88' lang='lat' dir='ltr'><strong><em>secundum</em></strong></span> <span class='ocrx_word' id='word_1_468' title='bbox 2559 1856 2888 1925; x_wconf 80' lang='lat' dir='ltr'><strong><em>imaginem</em></strong></span> <span class='ocrx_word' id='word_1_469' title='bbox 2933 1855 3064 1926; x_wconf 62' lang='lat' dir='ltr'><strong><em>ejus</em></strong></span> <span class='ocrx_word' id='word_1_470' title='bbox 3090 1856 3194 1928; x_wconf 90' lang='lat' dir='ltr'><strong><em>qui</em></strong></span> <span class='ocrx_word' id='word_1_471' title='bbox 3216 1858 3436 1911; x_wconf 85' lang='lat' dir='ltr'><strong><em>creavit</em></strong></span> <span class='ocrx_word' id='word_1_472' title='bbox 3464 1854 3632 1911; x_wconf 90' lang='lat' dir='ltr'><strong><em>illum</em></strong></span> 
     </span>
    </p>
   </div>
   <div class='ocr_carea' id='block_1_62' title="bbox 1972 1945 3635 2017">
    <p class='ocr_par' dir='ltr' id='par_1_62' title="bbox 1972 1945 3635 2017">
     <span class='ocr_line' id='line_1_62' title="bbox 1972 1945 3635 2017; baseline -0.001 -15"><span class='ocrx_word' id='word_1_473' title='bbox 1972 1946 2226 2016; x_wconf 84' lang='lat' dir='ltr'><strong><em>(Cotoss.</em></strong></span> <span class='ocrx_word' id='word_1_474' title='bbox 2255 1962 2336 2016; x_wconf 86' lang='grc' dir='ltr'>ιιι,</span> <span class='ocrx_word' id='word_1_475' title='bbox 2391 1946 2466 2017; x_wconf 83' lang='lat'><strong><em>9),</em></strong></span> <span class='ocrx_word' id='word_1_476' title='bbox 2501 1945 2656 2001; x_wconf 88' lang='lat' dir='ltr'><strong><em>sicut</em></strong></span> <span class='ocrx_word' id='word_1_477' title='bbox 2690 1945 2977 2017; x_wconf 87' lang='lat' dir='ltr'><strong><em>scriptum</em></strong></span> <span class='ocrx_word' id='word_1_478' title='bbox 3011 1950 3104 2001; x_wconf 83' lang='lat' dir='ltr'><strong><em>est</em></strong></span> <span class='ocrx_word' id='word_1_479' title='bbox 3135 1962 3148 1999; x_wconf 93' lang='lat'><strong>:</strong></span> <span class='ocrx_word' id='word_1_480' title='bbox 3193 1945 3545 2016; x_wconf 80' lang='lat' dir='ltr'><strong><em>Quicunque</em></strong></span> <span class='ocrx_word' id='word_1_481' title='bbox 3569 1946 3635 2000; x_wconf 79' lang='lat' dir='ltr'><strong><em>in</em></strong></span> 
     </span>
    </p>
   </div>
   <div class='ocr_carea' id='block_1_63' title="bbox 1974 2035 3638 2106">
    <p class='ocr_par' dir='ltr' id='par_1_63' title="bbox 1974 2035 3638 2106">
     <span class='ocr_line' id='line_1_63' title="bbox 1974 2035 3638 2106; baseline -0.002 -15"><span class='ocrx_word' id='word_1_482' title='bbox 1974 2036 2280 2092; x_wconf 78' lang='lat' dir='ltr'><strong><em>Christum</em></strong></span> <span class='ocrx_word' id='word_1_483' title='bbox 2299 2036 2603 2104; x_wconf 84' lang='lat' dir='ltr'><strong><em>baptizati</em></strong></span> <span class='ocrx_word' id='word_1_484' title='bbox 2629 2035 3106 2106; x_wconf 79' lang='lat' dir='ltr'><strong><em>estis,Cltristum</em></strong></span> <span class='ocrx_word' id='word_1_485' title='bbox 3122 2035 3638 2102; x_wconf 70' lang='lat' dir='ltr'><strong><em>induistis(Gatat.</em></strong></span> 
     </span>
    </p>
   </div>
   <div class='ocr_carea' id='block_1_64' title="bbox 1971 2124 3638 2197">
    <p class='ocr_par' dir='ltr' id='par_1_64' title="bbox 1971 2124 3638 2197">
     <span class='ocr_line' id='line_1_64' title="bbox 1971 2124 3638 2197; baseline -0.001 -17"><span class='ocrx_word' id='word_1_486' title='bbox 1971 2142 2050 2195; x_wconf 89' lang='grc' dir='ltr'>ιιι,</span> <span class='ocrx_word' id='word_1_487' title='bbox 2079 2127 2190 2197; x_wconf 77' lang='lat'><strong><em>27).</em></strong></span> <span class='ocrx_word' id='word_1_488' title='bbox 2220 2124 2377 2191; x_wconf 89' lang='lat' dir='ltr'><strong><em>Quid</em></strong></span> <span class='ocrx_word' id='word_1_489' title='bbox 2408 2126 2720 2197; x_wconf 88' lang='lat' dir='ltr'><strong><em>proprium</em></strong></span> <span class='ocrx_word' id='word_1_490' title='bbox 2754 2124 3118 2182; x_wconf 73' lang='lat' dir='ltr'><strong><em>Christiani?</em></strong></span> <span class='ocrx_word' id='word_1_491' title='bbox 3149 2127 3367 2179; x_wconf 86' lang='lat' dir='ltr'><strong><em>Purum</em></strong></span> <span class='ocrx_word' id='word_1_492' title='bbox 3401 2140 3534 2180; x_wconf 87' lang='lat' dir='ltr'><strong><em>esse</em></strong></span> <span class='ocrx_word' id='word_1_493' title='bbox 3558 2124 3638 2179; x_wconf 86' lang='lat' dir='ltr'><strong><em>ab</em></strong></span> 
     </span>
    </p>
   </div>
   <div class='ocr_carea' id='block_1_65' title="bbox 1973 2211 3640 2287">
    <p class='ocr_par' dir='ltr' id='par_1_65' title="bbox 1973 2211 3640 2287">
     <span class='ocr_line' id='line_1_65' title="bbox 1973 2211 3640 2287; baseline -0.001 -18"><span class='ocrx_word' id='word_1_494' title='bbox 1973 2215 2139 2270; x_wconf 88' lang='lat' dir='ltr'><strong><em>omni</em></strong></span> <span class='ocrx_word' id='word_1_495' title='bbox 2169 2213 2631 2287; x_wconf 87' lang='lat' dir='ltr'><strong><em>inquinamento</em></strong></span> <span class='ocrx_word' id='word_1_496' title='bbox 2659 2214 2860 2269; x_wconf 78' lang='lat' dir='ltr'><strong><em>carnis</em></strong></span> <span class='ocrx_word' id='word_1_497' title='bbox 2892 2221 2950 2270; x_wconf 88' lang='lat' dir='ltr'><strong><em>et</em></strong></span> <span class='ocrx_word' id='word_1_498' title='bbox 2981 2213 3224 2286; x_wconf 65' lang='lat' dir='ltr'><strong><em>spiritus</em></strong></span> <span class='ocrx_word' id='word_1_499' title='bbox 3256 2214 3314 2268; x_wconf 90' lang='lat' dir='ltr'><strong><em>in</em></strong></span> <span class='ocrx_word' id='word_1_500' title='bbox 3341 2211 3640 2282; x_wconf 80' lang='lat' dir='ltr'><strong><em>sanguine</em></strong></span> 
     </span>
    </p>
   </div>
   <div class='ocr_carea' id='block_1_66' title="bbox 1974 2302 3640 2376">
    <p class='ocr_par' dir='ltr' id='par_1_66' title="bbox 1974 2302 3640 2376">
     <span class='ocr_line' id='line_1_66' title="bbox 1974 2302 3640 2376; baseline -0.002 -16"><span class='ocrx_word' id='word_1_501' title='bbox 1974 2303 2208 2374; x_wconf 83' lang='lat' dir='ltr'><strong><em>Christi,</em></strong></span> <span class='ocrx_word' id='word_1_502' title='bbox 2243 2321 2314 2360; x_wconf 89' lang='lat' dir='ltr'><strong><em>ac</em></strong></span> <span class='ocrx_word' id='word_1_503' title='bbox 2347 2303 2635 2376; x_wconf 84' lang='lat' dir='ltr'><strong><em>perlicere</em></strong></span> <span class='ocrx_word' id='word_1_504' title='bbox 2670 2303 3141 2359; x_wconf 85' lang='lat' dir='ltr'><strong><em>sanctimoniam</em></strong></span> <span class='ocrx_word' id='word_1_505' title='bbox 3174 2302 3234 2357; x_wconf 89' lang='lat' dir='ltr'><strong><em>in</em></strong></span> <span class='ocrx_word' id='word_1_506' title='bbox 3282 2303 3493 2358; x_wconf 85' lang='lat' dir='ltr'><strong><em>timore</em></strong></span> <span class='ocrx_word' id='word_1_507' title='bbox 3539 2303 3640 2358; x_wconf 93' lang='lat' dir='ltr'><strong><em>Dei</em></strong></span> 
     </span>
    </p>
   </div>
   <div class='ocr_carea' id='block_1_67' title="bbox 1974 2392 3640 2465">
    <p class='ocr_par' dir='ltr' id='par_1_67' title="bbox 1974 2392 3640 2465">
     <span class='ocr_line' id='line_1_67' title="bbox 1974 2392 3640 2465; baseline -0.001 -15"><span class='ocrx_word' id='word_1_508' title='bbox 1974 2392 2374 2450; x_wconf 86' lang='lat' dir='ltr'><strong><em>etdilectione</em></strong></span> <span class='ocrx_word' id='word_1_509' title='bbox 2419 2393 2631 2449; x_wconf 87' lang='lat' dir='ltr'><strong><em>Christi</em></strong></span> <span class='ocrx_word' id='word_1_510' title='bbox 2673 2394 2761 2464; x_wconf 84' lang='lat' dir='ltr'><strong><em>(II</em></strong></span> <span class='ocrx_word' id='word_1_511' title='bbox 2791 2394 2930 2450; x_wconf 87' lang='lat' dir='ltr'><strong><em>Cor.</em></strong></span> <span class='ocrx_word' id='word_1_512' title='bbox 2955 2409 3054 2455; x_wconf 83' lang='lat' dir='ltr'><strong><em>vn.</em></strong></span> <span class='ocrx_word' id='word_1_513' title='bbox 3092 2393 3140 2463; x_wconf 85' lang='lat' dir='ltr'><strong><em>t)</em></strong></span> <span class='ocrx_word' id='word_1_514' title='bbox 3186 2409 3199 2448; x_wconf 91' lang='lat'><strong>:</strong></span> <span class='ocrx_word' id='word_1_515' title='bbox 3244 2407 3640 2465; x_wconf 83' lang='lat' dir='ltr'><strong><em>nequaquam</em></strong></span> 
     </span>
    </p>
   </div>
   <div class='ocr_carea' id='block_1_68' title="bbox 1975 2481 3636 2554">
    <p class='ocr_par' dir='ltr' id='par_1_68' title="bbox 1975 2481 3636 2554">
     <span class='ocr_line' id='line_1_68' title="bbox 1975 2481 3636 2554; baseline -0.002 -14"><span class='ocrx_word' id='word_1_516' title='bbox 1975 2484 2200 2540; x_wconf 86' lang='lat' dir='ltr'><strong><em>habere</em></strong></span> <span class='ocrx_word' id='word_1_517' title='bbox 2225 2482 2530 2539; x_wconf 80' lang='lat' dir='ltr'><strong><em>maculam</em></strong></span> <span class='ocrx_word' id='word_1_518' title='bbox 2559 2489 2664 2538; x_wconf 89' lang='lat' dir='ltr'><strong><em>aut</em></strong></span> <span class='ocrx_word' id='word_1_519' title='bbox 2684 2499 2921 2553; x_wconf 74' lang='lat' dir='ltr'><strong><em>rugam,</em></strong></span> <span class='ocrx_word' id='word_1_520' title='bbox 2955 2489 3059 2538; x_wconf 86' lang='lat' dir='ltr'><strong><em>aut</em></strong></span> <span class='ocrx_word' id='word_1_521' title='bbox 3087 2481 3406 2554; x_wconf 80' lang='lat' dir='ltr'><strong><em>quidpiam</em></strong></span> <span class='ocrx_word' id='word_1_522' title='bbox 3451 2482 3636 2551; x_wconf 83' lang='lat' dir='ltr'><strong><em>hujus</em></strong></span> 
     </span>
    </p>
   </div>
   <div class='ocr_carea' id='block_1_69' title="bbox 1977 2571 3637 2640">
    <p class='ocr_par' dir='ltr' id='par_1_69' title="bbox 1977 2571 3637 2640">
     <span class='ocr_line' id='line_1_69' title="bbox 1977 2571 3637 2640; baseline -0.001 -11"><span class='ocrx_word' id='word_1_523' title='bbox 1977 2573 2275 2640; x_wconf 89' lang='lat' dir='ltr'><strong><em>modi,sed</em></strong></span> <span class='ocrx_word' id='word_1_524' title='bbox 2296 2589 2427 2628; x_wconf 85' lang='lat' dir='ltr'><strong><em>esse</em></strong></span> <span class='ocrx_word' id='word_1_525' title='bbox 2451 2577 2726 2628; x_wconf 86' lang='lat' dir='ltr'><strong><em>sanctum</em></strong></span> <span class='ocrx_word' id='word_1_526' title='bbox 2751 2572 3364 2627; x_wconf 86' lang='lat' dir='ltr'><strong><em>etincontaminatum</em></strong></span> <span class='ocrx_word' id='word_1_527' title='bbox 3390 2571 3637 2640; x_wconf 80' lang='lat' dir='ltr'><strong><em>(Ephes.</em></strong></span> 
     </span>
    </p>
   </div>
   <div class='ocr_carea' id='block_1_70' title="bbox 1976 2661 3644 2735">
    <p class='ocr_par' dir='ltr' id='par_1_70' title="bbox 1976 2661 3644 2735">
     <span class='ocr_line' id='line_1_70' title="bbox 1976 2661 3644 2735; baseline -0.002 -17"><span class='ocrx_word' id='word_1_528' title='bbox 1976 2679 2034 2728; x_wconf 85' lang='lat' dir='ltr'><strong><em>v,</em></strong></span> <span class='ocrx_word' id='word_1_529' title='bbox 2062 2664 2176 2735; x_wconf 73' lang='lat'><strong><em>27),</em></strong></span> <span class='ocrx_word' id='word_1_530' title='bbox 2209 2670 2266 2718; x_wconf 92' lang='lat' dir='ltr'><strong><em>et</em></strong></span> <span class='ocrx_word' id='word_1_531' title='bbox 2297 2663 2383 2718; x_wconf 86' lang='lat' dir='ltr'><strong><em>sic</em></strong></span> <span class='ocrx_word' id='word_1_532' title='bbox 2414 2662 2590 2718; x_wconf 90' lang='lat' dir='ltr'><strong><em>edere</em></strong></span> <span class='ocrx_word' id='word_1_533' title='bbox 2641 2678 2866 2734; x_wconf 84' lang='lat' dir='ltr'><strong><em>corpus</em></strong></span> <span class='ocrx_word' id='word_1_534' title='bbox 2897 2661 3132 2724; x_wconf 77' lang='lat' dir='ltr'><strong><em>Christi,</em></strong></span> <span class='ocrx_word' id='word_1_535' title='bbox 3178 2667 3235 2716; x_wconf 89' lang='lat' dir='ltr'><strong><em>et</em></strong></span> <span class='ocrx_word' id='word_1_536' title='bbox 3272 2661 3478 2716; x_wconf 87' lang='lat' dir='ltr'><strong><em>bibere</em></strong></span> <span class='ocrx_word' id='word_1_537' title='bbox 3509 2677 3644 2716; x_wconf 86' lang='lat' dir='ltr'><strong><em>san-</em></strong></span> 
     </span>
    </p>
   </div>
   <div class='ocr_carea' id='block_1_71' title="bbox 1979 2750 3644 2823">
    <p class='ocr_par' dir='ltr' id='par_1_71' title="bbox 1979 2750 3644 2823">
     <span class='ocr_line' id='line_1_71' title="bbox 1979 2750 3644 2823; baseline -0.002 -16"><span class='ocrx_word' id='word_1_538' title='bbox 1979 2754 2248 2823; x_wconf 81' lang='lat' dir='ltr'><strong><em>guinem.</em></strong></span> <span class='ocrx_word' id='word_1_539' title='bbox 2285 2753 2399 2820; x_wconf 85' lang='lat' dir='ltr'><strong><em>Qui</em></strong></span> <span class='ocrx_word' id='word_1_540' title='bbox 2414 2753 2569 2808; x_wconf 86' lang='lat' dir='ltr'><strong><em>enim</em></strong></span> <span class='ocrx_word' id='word_1_541' title='bbox 2602 2753 2932 2808; x_wconf 83' lang='lat' dir='ltr'><strong><em>manducat</em></strong></span> <span class='ocrx_word' id='word_1_542' title='bbox 2975 2757 3029 2808; x_wconf 86' lang='lat' dir='ltr'><strong><em>et</em></strong></span> <span class='ocrx_word' id='word_1_543' title='bbox 3065 2750 3208 2805; x_wconf 85' lang='lat' dir='ltr'><strong><em>bibit</em></strong></span> <span class='ocrx_word' id='word_1_544' title='bbox 3243 2751 3516 2820; x_wconf 76' lang='lat' dir='ltr'><strong><em>indigne.</em></strong></span> <span class='ocrx_word' id='word_1_545' title='bbox 3539 2751 3644 2819; x_wconf 68' lang='lat' dir='ltr'><strong><em>jua</em></strong></span> 
     </span>
    </p>
   </div>
   <div class='ocr_carea' id='block_1_72' title="bbox 1979 2839 3646 2911">
    <p class='ocr_par' dir='ltr' id='par_1_72' title="bbox 1979 2839 3646 2911">
     <span class='ocr_line' id='line_1_72' title="bbox 1979 2839 3646 2911; baseline -0.002 -14"><span class='ocrx_word' id='word_1_546' title='bbox 1979 2844 2199 2898; x_wconf 86' lang='lat' dir='ltr'><strong><em>dicium</em></strong></span> <span class='ocrx_word' id='word_1_547' title='bbox 2227 2843 2338 2897; x_wconf 87' lang='lat' dir='ltr'><strong><em>sibi</em></strong></span> <span class='ocrx_word' id='word_1_548' title='bbox 2357 2841 2688 2898; x_wconf 75' lang='lat' dir='ltr'><strong><em>mandarat</em></strong></span> <span class='ocrx_word' id='word_1_549' title='bbox 2717 2847 2772 2897; x_wconf 89' lang='lat' dir='ltr'><strong><em>et</em></strong></span> <span class='ocrx_word' id='word_1_550' title='bbox 2806 2839 2947 2895; x_wconf 86' lang='lat' dir='ltr'><strong><em>bibit</em></strong></span> <span class='ocrx_word' id='word_1_551' title='bbox 2996 2841 3050 2909; x_wconf 84' lang='grc' dir='ltr'><strong><em>(Ι</em></strong></span> <span class='ocrx_word' id='word_1_552' title='bbox 3079 2840 3223 2895; x_wconf 85' lang='lat' dir='ltr'><strong><em>Cor.</em></strong></span> <span class='ocrx_word' id='word_1_553' title='bbox 3248 2857 3318 2906; x_wconf 80' lang='lat' dir='ltr'><strong><em>xi,</em></strong></span> <span class='ocrx_word' id='word_1_554' title='bbox 3341 2841 3454 2911; x_wconf 80' lang='lat'><strong><em>&#39;29).</em></strong></span> <span class='ocrx_word' id='word_1_555' title='bbox 3491 2839 3646 2905; x_wconf 81' lang='lat' dir='ltr'><strong><em>Quid</em></strong></span> 
     </span>
    </p>
   </div>
   <div class='ocr_carea' id='block_1_73' title="bbox 1981 2928 3650 3002">
    <p class='ocr_par' dir='ltr' id='par_1_73' title="bbox 1981 2928 3650 3002">
     <span class='ocr_line' id='line_1_73' title="bbox 1981 2928 3650 3002; baseline -0.002 -14"><span class='ocrx_word' id='word_1_556' title='bbox 1981 2939 2070 2988; x_wconf 87' lang='lat' dir='ltr'><strong><em>est</em></strong></span> <span class='ocrx_word' id='word_1_557' title='bbox 2089 2932 2400 3002; x_wconf 83' lang='lat' dir='ltr'><strong><em>praprium</em></strong></span> <span class='ocrx_word' id='word_1_558' title='bbox 2424 2931 2662 2986; x_wconf 85' lang='lat' dir='ltr'><strong><em>illorum</em></strong></span> <span class='ocrx_word' id='word_1_559' title='bbox 2694 2930 2798 3002; x_wconf 89' lang='lat' dir='ltr'><strong><em>qui</em></strong></span> <span class='ocrx_word' id='word_1_560' title='bbox 2845 2930 3035 2984; x_wconf 90' lang='lat' dir='ltr'><strong><em>edunt</em></strong></span> <span class='ocrx_word' id='word_1_561' title='bbox 3062 2947 3287 3002; x_wconf 86' lang='lat' dir='ltr'><strong><em>panem</em></strong></span> <span class='ocrx_word' id='word_1_562' title='bbox 3345 2937 3402 2985; x_wconf 89' lang='lat' dir='ltr'><strong><em>et.</em></strong></span> <span class='ocrx_word' id='word_1_563' title='bbox 3428 2928 3650 2985; x_wconf 83' lang='lat' dir='ltr'><strong><em>bibunt</em></strong></span> 
     </span>
    </p>
   </div>
   <div class='ocr_carea' id='block_1_74' title="bbox 1984 3018 3647 3093">
    <p class='ocr_par' dir='ltr' id='par_1_74' title="bbox 1984 3018 3647 3093">
     <span class='ocr_line' id='line_1_74' title="bbox 1984 3018 3647 3093; baseline -0.001 -19"><span class='ocrx_word' id='word_1_564' title='bbox 1984 3021 2270 3093; x_wconf 80' lang='lat' dir='ltr'><strong><em>poculum</em></strong></span> <span class='ocrx_word' id='word_1_565' title='bbox 2303 3019 2584 3075; x_wconf 75' lang='lat' dir='ltr'><strong><em>Domini?</em></strong></span> <span class='ocrx_word' id='word_1_566' title='bbox 2634 3023 2984 3091; x_wconf 81' lang='lat' dir='ltr'><strong><em>Perpetuam</em></strong></span> <span class='ocrx_word' id='word_1_567' title='bbox 3015 3035 3258 3074; x_wconf 88' lang='lat' dir='ltr'><strong><em>servare</em></strong></span> <span class='ocrx_word' id='word_1_568' title='bbox 3288 3018 3647 3074; x_wconf 84' lang='lat' dir='ltr'><strong><em>memoriam</em></strong></span> 
     </span>
    </p>
   </div>
   <div class='ocr_carea' id='block_1_75' title="bbox 1984 3107 3650 3182">
    <p class='ocr_par' dir='ltr' id='par_1_75' title="bbox 1984 3107 3650 3182">
     <span class='ocr_line' id='line_1_75' title="bbox 1984 3107 3650 3182; baseline -0.002 -17"><span class='ocrx_word' id='word_1_569' title='bbox 1984 3109 2141 3166; x_wconf 88' lang='lat' dir='ltr'><strong><em>illius</em></strong></span> <span class='ocrx_word' id='word_1_570' title='bbox 2160 3109 2262 3182; x_wconf 91' lang='lat' dir='ltr'><strong><em>qui</em></strong></span> <span class='ocrx_word' id='word_1_571' title='bbox 2288 3124 2396 3180; x_wconf 83' lang='lat' dir='ltr'><strong><em>pro</em></strong></span> <span class='ocrx_word' id='word_1_572' title='bbox 2421 3107 2596 3163; x_wconf 82' lang='lat' dir='ltr'><strong><em>nobis</em></strong></span> <span class='ocrx_word' id='word_1_573' title='bbox 2624 3114 2900 3163; x_wconf 86' lang='lat' dir='ltr'><strong><em>mortuus</em></strong></span> <span class='ocrx_word' id='word_1_574' title='bbox 2924 3113 3016 3163; x_wconf 89' lang='lat' dir='ltr'><strong><em>est</em></strong></span> <span class='ocrx_word' id='word_1_575' title='bbox 3045 3115 3101 3163; x_wconf 90' lang='lat' dir='ltr'><strong><em>et</em></strong></span> <span class='ocrx_word' id='word_1_576' title='bbox 3121 3108 3462 3162; x_wconf 84' lang='lat' dir='ltr'><strong><em>resurrexit.</em></strong></span> <span class='ocrx_word' id='word_1_577' title='bbox 3495 3107 3650 3172; x_wconf 87' lang='lat' dir='ltr'><strong><em>Quid</em></strong></span> 
     </span>
    </p>
   </div>
   <div class='ocr_carea' id='block_1_76' title="bbox 1986 3198 3651 3272">
    <p class='ocr_par' dir='ltr' id='par_1_76' title="bbox 1986 3198 3651 3272">
     <span class='ocr_line' id='line_1_76' title="bbox 1986 3198 3651 3272; baseline -0.002 -16"><span class='ocrx_word' id='word_1_578' title='bbox 1986 3208 2076 3256; x_wconf 83' lang='lat' dir='ltr'><strong><em>est</em></strong></span> <span class='ocrx_word' id='word_1_579' title='bbox 2108 3201 2422 3272; x_wconf 66' lang='lat' dir='ltr'><strong><em>proiirium</em></strong></span> <span class='ocrx_word' id='word_1_580' title='bbox 2451 3215 2660 3255; x_wconf 87' lang='lat' dir='ltr'><strong><em>eorum</em></strong></span> <span class='ocrx_word' id='word_1_581' title='bbox 2691 3200 2798 3270; x_wconf 89' lang='lat' dir='ltr'><strong><em>qui</em></strong></span> <span class='ocrx_word' id='word_1_582' title='bbox 2829 3207 3069 3254; x_wconf 86' lang='lat' dir='ltr'><strong><em>servant</em></strong></span> <span class='ocrx_word' id='word_1_583' title='bbox 3097 3198 3396 3268; x_wconf 79' lang='lat' dir='ltr'><strong><em>ejusmodi</em></strong></span> <span class='ocrx_word' id='word_1_584' title='bbox 3422 3212 3651 3254; x_wconf 81' lang='lat' dir='ltr'><strong><em>memo-</em></strong></span> 
     </span>
    </p>
   </div>
   <div class='ocr_carea' id='block_1_77' title="bbox 1984 3289 3650 3360">
    <p class='ocr_par' dir='ltr' id='par_1_77' title="bbox 1984 3289 3650 3360">
     <span class='ocr_line' id='line_1_77' title="bbox 1984 3289 3650 3360; baseline -0.002 -13"><span class='ocrx_word' id='word_1_585' title='bbox 1984 3291 2136 3347; x_wconf 89' lang='lat' dir='ltr'><strong><em>riam</em></strong></span> <span class='ocrx_word' id='word_1_586' title='bbox 2157 3292 2185 3346; x_wconf 71' lang='lat'><strong><em>7</em></strong></span> <span class='ocrx_word' id='word_1_587' title='bbox 2221 3290 2292 3346; x_wconf 90' lang='lat' dir='ltr'><strong><em>Ut</em></strong></span> <span class='ocrx_word' id='word_1_588' title='bbox 2309 3291 2444 3359; x_wconf 88' lang='lat' dir='ltr'><strong><em>jam</em></strong></span> <span class='ocrx_word' id='word_1_589' title='bbox 2462 3305 2586 3344; x_wconf 81' lang='lat' dir='ltr'><strong><em>non</em></strong></span> <span class='ocrx_word' id='word_1_590' title='bbox 2610 3289 2724 3344; x_wconf 78' lang='lat' dir='ltr'><strong><em>sibi</em></strong></span> <span class='ocrx_word' id='word_1_591' title='bbox 2755 3291 2983 3344; x_wconf 86' lang='lat' dir='ltr'><strong><em>vivant.</em></strong></span> <span class='ocrx_word' id='word_1_592' title='bbox 3013 3289 3118 3344; x_wconf 86' lang='lat' dir='ltr'><strong><em>sed</em></strong></span> <span class='ocrx_word' id='word_1_593' title='bbox 3147 3295 3201 3344; x_wconf 82' lang='lat' dir='ltr'><strong><em>et</em></strong></span> <span class='ocrx_word' id='word_1_594' title='bbox 3233 3291 3340 3360; x_wconf 87' lang='lat' dir='ltr'><strong><em>qui</em></strong></span> <span class='ocrx_word' id='word_1_595' title='bbox 3363 3304 3475 3358; x_wconf 87' lang='lat' dir='ltr'><strong><em>pro</em></strong></span> <span class='ocrx_word' id='word_1_596' title='bbox 3507 3289 3650 3357; x_wconf 86' lang='lat' dir='ltr'><strong><em>ipsis</em></strong></span> 
     </span>
    </p>
   </div>
   <div class='ocr_carea' id='block_1_78' title="bbox 1984 3377 3653 3450">
    <p class='ocr_par' dir='ltr' id='par_1_78' title="bbox 1984 3377 3653 3450">
     <span class='ocr_line' id='line_1_78' title="bbox 1984 3377 3653 3450; baseline -0.002 -14"><span class='ocrx_word' id='word_1_597' title='bbox 1984 3385 2260 3437; x_wconf 85' lang='lat' dir='ltr'><strong><em>mortuus</em></strong></span> <span class='ocrx_word' id='word_1_598' title='bbox 2305 3385 2410 3437; x_wconf 86' lang='lat' dir='ltr'><strong><em>est.</em></strong></span> <span class='ocrx_word' id='word_1_599' title='bbox 2454 3385 2506 3435; x_wconf 88' lang='lat' dir='ltr'><strong><em>et</em></strong></span> <span class='ocrx_word' id='word_1_600' title='bbox 2548 3380 2884 3434; x_wconf 73' lang='lat' dir='ltr'><strong><em>resurrexit</em></strong></span> <span class='ocrx_word' id='word_1_601' title='bbox 2928 3378 3014 3450; x_wconf 90' lang='grc' dir='ltr'><strong><em>(ΙΙ</em></strong></span> <span class='ocrx_word' id='word_1_602' title='bbox 3046 3379 3194 3434; x_wconf 84' lang='lat' dir='ltr'><strong><em>Cor.</em></strong></span> <span class='ocrx_word' id='word_1_603' title='bbox 3236 3395 3290 3440; x_wconf 72' lang='grc' dir='ltr'><strong><em>ν,</em></strong></span> <span class='ocrx_word' id='word_1_604' title='bbox 3348 3379 3456 3448; x_wconf 77' lang='grc'><strong><em>15).</em></strong></span> <span class='ocrx_word' id='word_1_605' title='bbox 3501 3377 3653 3444; x_wconf 84' lang='lat' dir='ltr'><strong><em>Quid</em></strong></span> 
     </span>
    </p>
   </div>
   <div class='ocr_carea' id='block_1_79' title="bbox 1987 3465 3668 3544">
    <p class='ocr_par' dir='ltr' id='par_1_79' title="bbox 1987 3465 3668 3544">
     <span class='ocr_line' id='line_1_79' title="bbox 1987 3465 3668 3544; baseline -0.002 -18"><span class='ocrx_word' id='word_1_606' title='bbox 1987 3469 2304 3544; x_wconf 87' lang='lat' dir='ltr'><strong><em>proprium</em></strong></span> <span class='ocrx_word' id='word_1_607' title='bbox 2331 3467 2646 3524; x_wconf 75' lang='lat' dir='ltr'><strong><em>Christiani</em></strong></span> <span class='ocrx_word' id='word_1_608' title='bbox 2670 3467 2698 3522; x_wconf 86' lang='lat'><strong>?</strong></span> <span class='ocrx_word' id='word_1_609' title='bbox 2733 3469 2801 3523; x_wconf 88' lang='lat' dir='ltr'><strong><em>Ut</em></strong></span> <span class='ocrx_word' id='word_1_610' title='bbox 2833 3469 2888 3522; x_wconf 90' lang='lat' dir='ltr'><strong><em>in</em></strong></span> <span class='ocrx_word' id='word_1_611' title='bbox 2922 3467 3208 3523; x_wconf 89' lang='lat' dir='ltr'><strong><em>omnibus</em></strong></span> <span class='ocrx_word' id='word_1_612' title='bbox 3233 3468 3460 3537; x_wconf 62' lang='lat' dir='ltr'><strong><em>justiti»</em></strong></span> <span class='ocrx_word' id='word_1_613' title='bbox 3496 3465 3668 3522; x_wconf 85' lang='lat' dir='ltr'><strong><em>illius-</em></strong></span> 
     </span>
    </p>
   </div>
   <div class='ocr_carea' id='block_1_80' title="bbox 1991 3557 3653 3630">
    <p class='ocr_par' dir='ltr' id='par_1_80' title="bbox 1991 3557 3653 3630">
     <span class='ocr_line' id='line_1_80' title="bbox 1991 3557 3653 3630; baseline -0.002 -14"><span class='ocrx_word' id='word_1_614' title='bbox 1991 3560 2184 3630; x_wconf 85' lang='lat' dir='ltr'><strong><em>major</em></strong></span> <span class='ocrx_word' id='word_1_615' title='bbox 2197 3561 2273 3614; x_wconf 88' lang='lat' dir='ltr'><strong><em>sit</em></strong></span> <span class='ocrx_word' id='word_1_616' title='bbox 2279 3559 2300 3629; x_wconf 90' lang='lat' dir='ltr'><strong><em>j</em></strong></span> <span class='ocrx_word' id='word_1_617' title='bbox 2312 3557 2510 3614; x_wconf 86' lang='lat' dir='ltr'><strong><em>ustitia</em></strong></span> <span class='ocrx_word' id='word_1_618' title='bbox 2526 3557 2862 3613; x_wconf 83' lang='lat' dir='ltr'><strong><em>scribarum</em></strong></span> <span class='ocrx_word' id='word_1_619' title='bbox 2878 3562 2931 3612; x_wconf 92' lang='lat' dir='ltr'><strong><em>et</em></strong></span> <span class='ocrx_word' id='word_1_620' title='bbox 2950 3557 3392 3612; x_wconf 68' lang='lat' dir='ltr'><strong><em>Pharisaeorum</em></strong></span> <span class='ocrx_word' id='word_1_621' title='bbox 3410 3558 3653 3629; x_wconf 80' lang='lat' dir='ltr'><strong><em>(Matth.</em></strong></span> 
     </span>
    </p>
   </div>
   <div class='ocr_carea' id='block_1_81' title="bbox 1990 3646 3654 3720">
    <p class='ocr_par' dir='ltr' id='par_1_81' title="bbox 1990 3646 3654 3720">
     <span class='ocr_line' id='line_1_81' title="bbox 1990 3646 3654 3720; baseline -0.001 -16"><span class='ocrx_word' id='word_1_622' title='bbox 1990 3666 2043 3704; x_wconf 90' lang='lat' dir='ltr'><strong><em>v.</em></strong></span> <span class='ocrx_word' id='word_1_623' title='bbox 2066 3649 2371 3720; x_wconf 81' lang='lat' dir='ltr'><strong><em>20),juxta</em></strong></span> <span class='ocrx_word' id='word_1_624' title='bbox 2398 3647 2650 3703; x_wconf 92' lang='lat' dir='ltr'><strong><em>modum</em></strong></span> <span class='ocrx_word' id='word_1_625' title='bbox 2675 3653 2731 3702; x_wconf 89' lang='lat' dir='ltr'><strong><em>et</em></strong></span> <span class='ocrx_word' id='word_1_626' title='bbox 2752 3646 3027 3717; x_wconf 87' lang='lat' dir='ltr'><strong><em>regulam</em></strong></span> <span class='ocrx_word' id='word_1_627' title='bbox 3067 3646 3381 3715; x_wconf 68' lang='lat' dir='ltr'><strong><em>doctrinae,</em></strong></span> <span class='ocrx_word' id='word_1_628' title='bbox 3416 3663 3554 3720; x_wconf 67' lang='lat' dir='ltr'><strong><em>que</em></strong></span> <span class='ocrx_word' id='word_1_629' title='bbox 3592 3648 3654 3702; x_wconf 88' lang='lat' dir='ltr'><strong><em>in</em></strong></span> 
     </span>
    </p>
   </div>
   <div class='ocr_carea' id='block_1_82' title="bbox 1992 3735 3637 3808">
    <p class='ocr_par' dir='ltr' id='par_1_82' title="bbox 1992 3735 3637 3808">
     <span class='ocr_line' id='line_1_82' title="bbox 1992 3735 3637 3808; baseline -0.003 -13"><span class='ocrx_word' id='word_1_630' title='bbox 1992 3737 2311 3805; x_wconf 81' lang='lat' dir='ltr'><strong><em>Evangelio</em></strong></span> <span class='ocrx_word' id='word_1_631' title='bbox 2337 3737 2572 3793; x_wconf 89' lang='lat' dir='ltr'><strong><em>Domini</em></strong></span> <span class='ocrx_word' id='word_1_632' title='bbox 2600 3735 2817 3791; x_wconf 85' lang='lat' dir='ltr'><strong><em>tradita</em></strong></span> <span class='ocrx_word' id='word_1_633' title='bbox 2839 3741 2950 3793; x_wconf 90' lang='lat' dir='ltr'><strong><em>est.</em></strong></span> <span class='ocrx_word' id='word_1_634' title='bbox 2975 3735 3125 3801; x_wconf 88' lang='lat' dir='ltr'><strong><em>Quid</em></strong></span> <span class='ocrx_word' id='word_1_635' title='bbox 3151 3737 3466 3808; x_wconf 89' lang='lat' dir='ltr'><strong><em>proprium</em></strong></span> <span class='ocrx_word' id='word_1_636' title='bbox 3496 3735 3637 3793; x_wconf 84' lang='lat' dir='ltr'><strong><em>Chri</em></strong></span> 
     </span>
    </p>
   </div>
   <div class='ocr_carea' id='block_1_83' title="bbox 1994 3823 3661 3894">
    <p class='ocr_par' dir='ltr' id='par_1_83' title="bbox 1994 3823 3661 3894">
     <span class='ocr_line' id='line_1_83' title="bbox 1994 3823 3661 3894; baseline -0.003 -10"><span class='ocrx_word' id='word_1_637' title='bbox 1994 3827 2212 3886; x_wconf 85' lang='lat' dir='ltr'><strong><em>stiani?</em></strong></span> <span class='ocrx_word' id='word_1_638' title='bbox 2255 3828 2325 3884; x_wconf 87' lang='lat' dir='ltr'><strong><em>Ut</em></strong></span> <span class='ocrx_word' id='word_1_639' title='bbox 2372 3825 2523 3881; x_wconf 88' lang='lat' dir='ltr'><strong><em>alter</em></strong></span> <span class='ocrx_word' id='word_1_640' title='bbox 2570 3824 2825 3880; x_wconf 86' lang='lat' dir='ltr'><strong><em>alterum</em></strong></span> <span class='ocrx_word' id='word_1_641' title='bbox 2859 3825 3092 3894; x_wconf 88' lang='lat' dir='ltr'><strong><em>diligat,</em></strong></span> <span class='ocrx_word' id='word_1_642' title='bbox 3134 3824 3285 3880; x_wconf 86' lang='lat' dir='ltr'><strong><em>sicut</em></strong></span> <span class='ocrx_word' id='word_1_643' title='bbox 3310 3830 3368 3880; x_wconf 81' lang='lat' dir='ltr'><strong><em>et</em></strong></span> <span class='ocrx_word' id='word_1_644' title='bbox 3393 3823 3661 3880; x_wconf 81' lang='lat' dir='ltr'><strong><em>Christus</em></strong></span> 
     </span>
    </p>
   </div>
   <div class='ocr_carea' id='block_1_84' title="bbox 1992 3913 3659 3986">
    <p class='ocr_par' dir='ltr' id='par_1_84' title="bbox 1992 3913 3659 3986">
     <span class='ocr_line' id='line_1_84' title="bbox 1992 3913 3659 3986; baseline -0.004 -12"><span class='ocrx_word' id='word_1_645' title='bbox 1992 3917 2200 3974; x_wconf 73' lang='lat' dir='ltr'><strong><em>ditent</em></strong></span> <span class='ocrx_word' id='word_1_646' title='bbox 2228 3933 2342 3972; x_wconf 88' lang='lat' dir='ltr'><strong><em>nos</em></strong></span> <span class='ocrx_word' id='word_1_647' title='bbox 2370 3914 2610 3986; x_wconf 76' lang='lat' dir='ltr'><strong><em>(Ephes.</em></strong></span> <span class='ocrx_word' id='word_1_648' title='bbox 2631 3932 2686 3980; x_wconf 80' lang='grc' dir='ltr'><strong><em>ν,</em></strong></span> <span class='ocrx_word' id='word_1_649' title='bbox 2712 3915 2794 3984; x_wconf 82' lang='lat'><strong><em>2).</em></strong></span> <span class='ocrx_word' id='word_1_650' title='bbox 2835 3913 2987 3978; x_wconf 87' lang='lat' dir='ltr'><strong><em>Quid</em></strong></span> <span class='ocrx_word' id='word_1_651' title='bbox 3022 3914 3334 3986; x_wconf 89' lang='lat' dir='ltr'><strong><em>proprium</em></strong></span> <span class='ocrx_word' id='word_1_652' title='bbox 3367 3919 3456 3968; x_wconf 83' lang='lat' dir='ltr'><strong><em>est</em></strong></span> <span class='ocrx_word' id='word_1_653' title='bbox 3500 3913 3659 3970; x_wconf 80' lang='lat' dir='ltr'><strong><em>Chri-</em></strong></span> 
     </span>
    </p>
   </div>
   <div class='ocr_carea' id='block_1_85' title="bbox 1996 4003 3666 4075">
    <p class='ocr_par' dir='ltr' id='par_1_85' title="bbox 1996 4003 3666 4075">
     <span class='ocr_line' id='line_1_85' title="bbox 1996 4003 3666 4075; baseline -0.002 -13"><span class='ocrx_word' id='word_1_654' title='bbox 1996 4005 2531 4064; x_wconf 73' lang='lat' dir='ltr'><strong><em>stiaui‘2Providere</em></strong></span> <span class='ocrx_word' id='word_1_655' title='bbox 2545 4004 2866 4059; x_wconf 90' lang='lat' dir='ltr'><strong><em>Dominum</em></strong></span> <span class='ocrx_word' id='word_1_656' title='bbox 2883 4003 2940 4058; x_wconf 89' lang='lat' dir='ltr'><strong><em>in</em></strong></span> <span class='ocrx_word' id='word_1_657' title='bbox 2956 4010 3288 4075; x_wconf 86' lang='lat' dir='ltr'><strong><em>conspectu</em></strong></span> <span class='ocrx_word' id='word_1_658' title='bbox 3302 4019 3413 4059; x_wconf 87' lang='lat' dir='ltr'><strong><em>suo</em></strong></span> <span class='ocrx_word' id='word_1_659' title='bbox 3428 4017 3666 4074; x_wconf 85' lang='lat' dir='ltr'><strong><em>semper</em></strong></span> 
     </span>
    </p>
   </div>
   <div class='ocr_carea' id='block_1_86' title="bbox 280 4093 3666 4179">
    <p class='ocr_par' dir='ltr' id='par_1_86' title="bbox 280 4093 3666 4179">
     <span class='ocr_line' id='line_1_86' title="bbox 280 4093 3666 4179; baseline -0 -29"><span class='ocrx_word' id='word_1_660' title='bbox 280 4094 809 4179; x_wconf 80' lang='lat' dir='ltr'><strong><em>(Psat.xv,8).Quid</em></strong></span> <span class='ocrx_word' id='word_1_661' title='bbox 837 4102 929 4151; x_wconf 86' lang='lat' dir='ltr'><strong><em>est</em></strong></span> <span class='ocrx_word' id='word_1_662' title='bbox 956 4099 1271 4170; x_wconf 89' lang='lat' dir='ltr'><strong><em>proprium</em></strong></span> <span class='ocrx_word' id='word_1_663' title='bbox 1301 4100 1655 4156; x_wconf 81' lang='lat' dir='ltr'><strong><em>Christiani?</em></strong></span> <span class='ocrx_word' id='word_1_664' title='bbox 1677 4099 1943 4169; x_wconf 86' lang='lat' dir='ltr'><strong><em>Singulis</em></strong></span> <span class='ocrx_word' id='word_1_665' title='bbox 1961 4097 2177 4153; x_wconf 84' lang='lat' dir='ltr'><strong><em>diebus</em></strong></span> <span class='ocrx_word' id='word_1_666' title='bbox 2195 4113 2265 4152; x_wconf 90' lang='lat' dir='ltr'><strong><em>ac</em></strong></span> <span class='ocrx_word' id='word_1_667' title='bbox 2279 4095 2444 4151; x_wconf 90' lang='lat' dir='ltr'><strong><em>horis</em></strong></span> <span class='ocrx_word' id='word_1_668' title='bbox 2468 4093 2932 4165; x_wconf 72' lang='lat' dir='ltr'><strong><em>vigilare.atque</em></strong></span> <span class='ocrx_word' id='word_1_669' title='bbox 2951 4093 3028 4148; x_wconf 89' lang='lat' dir='ltr'><strong><em>ad</em></strong></span> <span class='ocrx_word' id='word_1_670' title='bbox 3065 4110 3200 4149; x_wconf 91' lang='lat' dir='ltr'><strong><em>eam</em></strong></span> <span class='ocrx_word' id='word_1_671' title='bbox 3235 4094 3666 4166; x_wconf 78' lang='lat' dir='ltr'><strong><em>perfectionem</em></strong></span> 
     </span>
    </p>
   </div>
   <div class='ocr_carea' id='block_1_87' title="bbox 279 4183 3666 4263">
    <p class='ocr_par' dir='ltr' id='par_1_87' title="bbox 279 4183 3666 4263">
     <span class='ocr_line' id='line_1_87' title="bbox 279 4183 3666 4263; baseline 0 -23"><span class='ocrx_word' id='word_1_672' title='bbox 279 4200 404 4257; x_wconf 89' lang='lat' dir='ltr'><strong><em>qua</em></strong></span> <span class='ocrx_word' id='word_1_673' title='bbox 435 4185 630 4258; x_wconf 84' lang='lat' dir='ltr'><strong><em>placet</em></strong></span> <span class='ocrx_word' id='word_1_674' title='bbox 657 4188 799 4256; x_wconf 88' lang='lat' dir='ltr'><strong><em>Deo,</em></strong></span> <span class='ocrx_word' id='word_1_675' title='bbox 819 4192 1100 4258; x_wconf 85' lang='lat' dir='ltr'><strong><em>paratum</em></strong></span> <span class='ocrx_word' id='word_1_676' title='bbox 1129 4204 1283 4255; x_wconf 82' lang='lat' dir='ltr'><strong><em>esse,</em></strong></span> <span class='ocrx_word' id='word_1_677' title='bbox 1305 4189 1592 4246; x_wconf 86' lang='lat' dir='ltr'><strong><em>scientem</em></strong></span> <span class='ocrx_word' id='word_1_678' title='bbox 1611 4189 1783 4262; x_wconf 90' lang='lat' dir='ltr'><strong><em>quod</em></strong></span> <span class='ocrx_word' id='word_1_679' title='bbox 1812 4205 1937 4263; x_wconf 89' lang='lat' dir='ltr'><strong><em>qua</em></strong></span> <span class='ocrx_word' id='word_1_680' title='bbox 1961 4188 2114 4246; x_wconf 88' lang='lat' dir='ltr'><strong><em>hora</em></strong></span> <span class='ocrx_word' id='word_1_681' title='bbox 2137 4203 2260 4244; x_wconf 89' lang='lat' dir='ltr'><strong><em>non</em></strong></span> <span class='ocrx_word' id='word_1_682' title='bbox 2284 4192 2478 4260; x_wconf 85' lang='lat' dir='ltr'><strong><em>putat,</em></strong></span> <span class='ocrx_word' id='word_1_683' title='bbox 2503 4184 2796 4240; x_wconf 88' lang='lat' dir='ltr'><strong><em>Dominus</em></strong></span> <span class='ocrx_word' id='word_1_684' title='bbox 2819 4191 3110 4240; x_wconf 88' lang='lat' dir='ltr'><strong><em>venturus</em></strong></span> <span class='ocrx_word' id='word_1_685' title='bbox 3150 4183 3228 4240; x_wconf 82' lang='lat' dir='ltr'><strong><em>sit</em></strong></span> <span class='ocrx_word' id='word_1_686' title='bbox 3252 4185 3422 4256; x_wconf 85' lang='lat' dir='ltr'><strong><em>(Luc.</em></strong></span> <span class='ocrx_word' id='word_1_687' title='bbox 3453 4201 3551 4255; x_wconf 81' lang='lat' dir='ltr'><strong><em>xu,</em></strong></span> <span class='ocrx_word' id='word_1_688' title='bbox 3573 4184 3666 4256; x_wconf 74' lang='grc'>40)</span> 
     </span>
    </p>
   </div>
   <div class='ocr_carea' id='block_1_88' title="bbox 463 4433 1710 4504">
    <p class='ocr_par' dir='ltr' id='par_1_88' title="bbox 463 4433 1710 4504">
     <span class='ocr_line' id='line_1_88' title="bbox 463 4433 1710 4504; baseline 0.005 -22"><span class='ocrx_word' id='word_1_689' title='bbox 463 4433 594 4483; x_wconf 86' lang='grc' dir='ltr'><strong><em>ΤΟΥ</em></strong></span> <span class='ocrx_word' id='word_1_690' title='bbox 633 4435 847 4485; x_wconf 83' lang='grc' dir='ltr'>ΑΥΤΟΥ</span> <span class='ocrx_word' id='word_1_691' title='bbox 885 4435 1103 4484; x_wconf 86' lang='grc' dir='ltr'><strong>ΛΟΓΟΣ</strong></span> <span class='ocrx_word' id='word_1_692' title='bbox 1146 4435 1524 4486; x_wconf 79' lang='grc' dir='ltr'><strong><em>ΑΣΚΠΤΙΚΟΣ</em></strong></span> <span class='ocrx_word' id='word_1_693' title='bbox 1570 4434 1710 4504; x_wconf 84' lang='grc'>(40).</span> 
     </span>
    </p>
   </div>
   <div class='ocr_carea' id='block_1_89' title="bbox 290 4518 1890 4595">
    <p class='ocr_par' dir='ltr' id='par_1_89' title="bbox 290 4518 1890 4595">
     <span class='ocr_line' id='line_1_89' title="bbox 290 4518 1890 4595; baseline 0.004 -25"><span class='ocrx_word' id='word_1_694' title='bbox 290 4543 293 4547; x_wconf 86' lang='grc'><strong>-</strong></span> <span class='ocrx_word' id='word_1_695' title='bbox 363 4523 410 4575; x_wconf 77' lang='grc'><strong><em>1.</em></strong></span> <span class='ocrx_word' id='word_1_696' title='bbox 473 4518 532 4571; x_wconf 82' lang='grc'><strong><em>’0</em></strong></span> <span class='ocrx_word' id='word_1_697' title='bbox 593 4521 860 4593; x_wconf 78' lang='grc' dir='ltr'>ἄνθρωπος</span> <span class='ocrx_word' id='word_1_698' title='bbox 917 4520 1028 4574; x_wconf 86' lang='grc' dir='ltr'>κατ’</span> <span class='ocrx_word' id='word_1_699' title='bbox 1099 4521 1270 4574; x_wconf 82' lang='grc' dir='ltr'>εἰκόνα</span> <span class='ocrx_word' id='word_1_700' title='bbox 1332 4530 1465 4576; x_wconf 87' lang='grc' dir='ltr'>Θεοῦ</span> <span class='ocrx_word' id='word_1_701' title='bbox 1535 4523 1723 4595; x_wconf 80' lang='grc' dir='ltr'>ἐγένετο</span> <span class='ocrx_word' id='word_1_702' title='bbox 1799 4528 1890 4576; x_wconf 82' lang='grc' dir='ltr'><strong><em>καὶ</em></strong></span> 
     </span>
    </p>
   </div>
   <div class='ocr_carea' id='block_1_90' title="bbox 288 4606 1894 4688">
    <p class='ocr_par' dir='ltr' id='par_1_90' title="bbox 288 4606 1894 4688">
     <span class='ocr_line' id='line_1_90' title="bbox 288 4606 1894 4688; baseline 0.004 -28"><span class='ocrx_word' id='word_1_703' title='bbox 288 4609 559 4681; x_wconf 71' lang='grc' dir='ltr'>ὁμοίωσινι</span> <span class='ocrx_word' id='word_1_704' title='bbox 590 4610 620 4667; x_wconf 80' lang='grc' dir='ltr'><strong>ἠ</strong></span> <span class='ocrx_word' id='word_1_705' title='bbox 657 4606 715 4662; x_wconf 73' lang='grc' dir='ltr'>δε</span> <span class='ocrx_word' id='word_1_706' title='bbox 743 4609 972 4686; x_wconf 83' lang='grc' dir='ltr'>ἁμαρτία</span> <span class='ocrx_word' id='word_1_707' title='bbox 1000 4615 1058 4664; x_wconf 89' lang='grc' dir='ltr'>τὸ</span> <span class='ocrx_word' id='word_1_708' title='bbox 1099 4611 1285 4676; x_wconf 78' lang='grc' dir='ltr'>κάλλος</span> <span class='ocrx_word' id='word_1_709' title='bbox 1310 4621 1402 4675; x_wconf 81' lang='grc' dir='ltr'>τῆς</span> <span class='ocrx_word' id='word_1_710' title='bbox 1450 4613 1637 4675; x_wconf 78' lang='grc' dir='ltr'>εἰκόνος</span> <span class='ocrx_word' id='word_1_711' title='bbox 1668 4614 1894 4688; x_wconf 79' lang='grc' dir='ltr'>ἠχρείω-</span> 
     </span>
    </p>
   </div>
   <div class='ocr_carea' id='block_1_91' title="bbox 294 4699 1897 4776">
    <p class='ocr_par' dir='ltr' id='par_1_91' title="bbox 294 4699 1897 4776">
     <span class='ocr_line' id='line_1_91' title="bbox 294 4699 1897 4776; baseline 0.004 -27"><span class='ocrx_word' id='word_1_712' title='bbox 294 4716 403 4766; x_wconf 91' lang='grc' dir='ltr'>σεν,</span> <span class='ocrx_word' id='word_1_713' title='bbox 478 4699 545 4760; x_wconf 85' lang='grc' dir='ltr'>εἰς</span> <span class='ocrx_word' id='word_1_714' title='bbox 594 4702 689 4762; x_wconf 84' lang='grc' dir='ltr'><strong><em>τὰς</em></strong></span> <span class='ocrx_word' id='word_1_715' title='bbox 753 4701 997 4774; x_wconf 83' lang='grc' dir='ltr'>ἐμπαθεῖς</span> <span class='ocrx_word' id='word_1_716' title='bbox 1051 4701 1325 4776; x_wconf 82' lang='grc' dir='ltr'>ἐπιθυμίας</span> <span class='ocrx_word' id='word_1_717' title='bbox 1374 4708 1466 4762; x_wconf 79' lang='grc' dir='ltr'>τὴν</span> <span class='ocrx_word' id='word_1_718' title='bbox 1519 4703 1706 4776; x_wconf 71' lang='grc' dir='ltr'>ψυχὴν</span> <span class='ocrx_word' id='word_1_719' title='bbox 1771 4706 1897 4756; x_wconf 88' lang='grc' dir='ltr'>καθ-</span> 
     </span>
    </p>
   </div>
   <div class='ocr_carea' id='block_1_92' title="bbox 291 4785 1894 4869">
    <p class='ocr_par' dir='ltr' id='par_1_92' title="bbox 291 4785 1894 4869">
     <span class='ocr_line' id='line_1_92' title="bbox 291 4785 1894 4869; baseline 0.006 -29"><span class='ocrx_word' id='word_1_720' title='bbox 291 4786 533 4844; x_wconf 81' lang='grc' dir='ltr'>έλκουσα.</span> <span class='ocrx_word' id='word_1_721' title='bbox 584 4786 644 4841; x_wconf 82' lang='grc' dir='ltr'><strong>Ὀ</strong></span> <span class='ocrx_word' id='word_1_722' title='bbox 704 4785 763 4843; x_wconf 70' lang='grc' dir='ltr'>δι</span> <span class='ocrx_word' id='word_1_723' title='bbox 818 4795 962 4859; x_wconf 81' lang='grc' dir='ltr'>Θεὸς,</span> <span class='ocrx_word' id='word_1_724' title='bbox 1019 4793 1044 4842; x_wconf 86' lang='grc' dir='ltr'><strong><em>ό</em></strong></span> <span class='ocrx_word' id='word_1_725' title='bbox 1093 4798 1320 4855; x_wconf 83' lang='grc' dir='ltr'>ποιήσας</span> <span class='ocrx_word' id='word_1_726' title='bbox 1368 4797 1454 4845; x_wconf 88' lang='grc' dir='ltr'>τὸν</span> <span class='ocrx_word' id='word_1_727' title='bbox 1514 4795 1804 4869; x_wconf 78' lang='grc' dir='ltr'>ἄνθρωπον,</span> <span class='ocrx_word' id='word_1_728' title='bbox 1864 4795 1894 4850; x_wconf 82' lang='grc' dir='ltr'>ἡ</span> 
     </span>
    </p>
   </div>
   <div class='ocr_carea' id='block_1_93' title="bbox 294 4874 1898 4957">
    <p class='ocr_par' dir='ltr' id='par_1_93' title="bbox 294 4874 1898 4957">
     <span class='ocr_line' id='line_1_93' title="bbox 294 4874 1898 4957; baseline 0.004 -30"><span class='ocrx_word' id='word_1_729' title='bbox 294 4874 510 4936; x_wconf 76' lang='grc' dir='ltr'>ἀληθινή</span> <span class='ocrx_word' id='word_1_730' title='bbox 569 4877 681 4931; x_wconf 84' lang='grc' dir='ltr'>ἐστι</span> <span class='ocrx_word' id='word_1_731' title='bbox 731 4880 861 4941; x_wconf 77' lang='grc' dir='ltr'><strong><em>ζωή.</em></strong></span> <span class='ocrx_word' id='word_1_732' title='bbox 920 4879 979 4933; x_wconf 85' lang='grc' dir='ltr'><strong>Ὀ</strong></span> <span class='ocrx_word' id='word_1_733' title='bbox 1027 4877 1116 4934; x_wconf 84' lang='grc' dir='ltr'>οὖν</span> <span class='ocrx_word' id='word_1_734' title='bbox 1183 4880 1438 4945; x_wconf 79' lang='grc' dir='ltr'>ἀπολέσας</span> <span class='ocrx_word' id='word_1_735' title='bbox 1491 4888 1583 4942; x_wconf 80' lang='grc' dir='ltr'>τὴν</span> <span class='ocrx_word' id='word_1_736' title='bbox 1632 4887 1758 4957; x_wconf 87' lang='grc' dir='ltr'>πρὸς</span> <span class='ocrx_word' id='word_1_737' title='bbox 1810 4885 1898 4935; x_wconf 90' lang='grc' dir='ltr'>τὸν</span> 
     </span>
    </p>
   </div>
   <div class='ocr_carea' id='block_1_94' title="bbox 296 4968 1902 5048">
    <p class='ocr_par' dir='ltr' id='par_1_94' title="bbox 296 4968 1902 5048">
     <span class='ocr_line' id='line_1_94' title="bbox 296 4968 1902 5048; baseline 0.002 -28"><span class='ocrx_word' id='word_1_738' title='bbox 296 4970 426 5020; x_wconf 84' lang='grc' dir='ltr'>Θεὸν</span> <span class='ocrx_word' id='word_1_739' title='bbox 481 4969 766 5040; x_wconf 84' lang='grc' dir='ltr'>ὁμοιότητα</span> <span class='ocrx_word' id='word_1_740' title='bbox 823 4968 1053 5024; x_wconf 79' lang='grc' dir='ltr'>ἀπώλεσε</span> <span class='ocrx_word' id='word_1_741' title='bbox 1127 4977 1220 5031; x_wconf 77' lang='grc' dir='ltr'>τὴν</span> <span class='ocrx_word' id='word_1_742' title='bbox 1289 4977 1416 5048; x_wconf 87' lang='grc' dir='ltr'>πρὸς</span> <span class='ocrx_word' id='word_1_743' title='bbox 1469 4978 1562 5033; x_wconf 74' lang='grc' dir='ltr'>τὴν</span> <span class='ocrx_word' id='word_1_744' title='bbox 1623 4974 1761 5034; x_wconf 80' lang='grc' dir='ltr'>ζωὴν</span> <span class='ocrx_word' id='word_1_745' title='bbox 1830 4973 1902 5025; x_wconf 90' lang='grc' dir='ltr'><strong><em>οἰ-</em></strong></span> 
     </span>
    </p>
   </div>
   <div class='ocr_carea' id='block_1_95' title="bbox 294 5055 1903 5137">
    <p class='ocr_par' dir='ltr' id='par_1_95' title="bbox 294 5055 1903 5137">
     <span class='ocr_line' id='line_1_95' title="bbox 294 5055 1903 5137; baseline 0.005 -29"><span class='ocrx_word' id='word_1_746' title='bbox 294 5062 560 5116; x_wconf 72' lang='grc' dir='ltr'>κειότηταο</span> <span class='ocrx_word' id='word_1_747' title='bbox 622 5061 708 5110; x_wconf 88' lang='grc' dir='ltr'>τὸν</span> <span class='ocrx_word' id='word_1_748' title='bbox 784 5055 844 5112; x_wconf 66' lang='grc' dir='ltr'>δι</span> <span class='ocrx_word' id='word_1_749' title='bbox 895 5058 1038 5122; x_wconf 81' lang='grc' dir='ltr'>ἐκτὸς</span> <span class='ocrx_word' id='word_1_750' title='bbox 1085 5070 1175 5114; x_wconf 88' lang='grc' dir='ltr'><strong><em>τοῦ</em></strong></span> <span class='ocrx_word' id='word_1_751' title='bbox 1214 5066 1344 5116; x_wconf 88' lang='grc' dir='ltr'>Θεοῦ</span> <span class='ocrx_word' id='word_1_752' title='bbox 1375 5067 1512 5132; x_wconf 65' lang='grc' dir='ltr'>ὀντα,</span> <span class='ocrx_word' id='word_1_753' title='bbox 1561 5062 1608 5116; x_wconf 82' lang='grc' dir='ltr'><strong><em>ἐν</em></strong></span> <span class='ocrx_word' id='word_1_754' title='bbox 1641 5072 1701 5137; x_wconf 77' lang='grc' dir='ltr'>τῇ</span> <span class='ocrx_word' id='word_1_755' title='bbox 1735 5083 1903 5137; x_wconf 87' lang='grc' dir='ltr'>μακα-</span> 
     </span>
    </p>
   </div>
   <div class='ocr_carea' id='block_1_96' title="bbox 295 5148 1903 5226">
    <p class='ocr_par' dir='ltr' id='par_1_96' title="bbox 295 5148 1903 5226">
     <span class='ocr_line' id='line_1_96' title="bbox 295 5148 1903 5226; baseline 0.005 -28"><span class='ocrx_word' id='word_1_756' title='bbox 295 5151 386 5221; x_wconf 78' lang='grc' dir='ltr'><strong><em>ρίᾳ</em></strong></span> <span class='ocrx_word' id='word_1_757' title='bbox 444 5148 550 5220; x_wconf 80' lang='grc' dir='ltr'>ζωῇ</span> <span class='ocrx_word' id='word_1_758' title='bbox 615 5149 853 5220; x_wconf 85' lang='grc' dir='ltr'>γενέσθαι</span> <span class='ocrx_word' id='word_1_759' title='bbox 928 5149 1223 5223; x_wconf 78' lang='grc' dir='ltr'>ἀμήχανον.</span> <span class='ocrx_word' id='word_1_760' title='bbox 1280 5153 1482 5205; x_wconf 85' lang='grc' dir='ltr'>Ούκοῦν</span> <span class='ocrx_word' id='word_1_761' title='bbox 1554 5152 1903 5226; x_wconf 83' lang='grc' dir='ltr'>ἐπανέλθωμεν</span> 
     </span>
    </p>
   </div>
   <div class='ocr_carea' id='block_1_97' title="bbox 299 5237 1904 5318">
    <p class='ocr_par' dir='ltr' id='par_1_97' title="bbox 299 5237 1904 5318">
     <span class='ocr_line' id='line_1_97' title="bbox 299 5237 1904 5318; baseline 0.006 -30"><span class='ocrx_word' id='word_1_762' title='bbox 299 5237 372 5298; x_wconf 87' lang='grc' dir='ltr'>εἰς</span> <span class='ocrx_word' id='word_1_763' title='bbox 399 5242 494 5296; x_wconf 80' lang='grc' dir='ltr'>τὴν</span> <span class='ocrx_word' id='word_1_764' title='bbox 527 5237 579 5302; x_wconf 82' lang='grc' dir='ltr'>ἐξ</span> <span class='ocrx_word' id='word_1_765' title='bbox 629 5237 804 5314; x_wconf 71' lang='grc' dir='ltr'>ἀρχῆς</span> <span class='ocrx_word' id='word_1_766' title='bbox 847 5242 1028 5314; x_wconf 81' lang='grc' dir='ltr'>χάριν,</span> <span class='ocrx_word' id='word_1_767' title='bbox 1077 5239 1134 5302; x_wconf 76' lang='grc' dir='ltr'>ἧς</span> <span class='ocrx_word' id='word_1_768' title='bbox 1184 5239 1278 5295; x_wconf 77' lang='grc' dir='ltr'><strong><em>διὰ</em></strong></span> <span class='ocrx_word' id='word_1_769' title='bbox 1323 5252 1416 5304; x_wconf 87' lang='grc' dir='ltr'>τῆς</span> <span class='ocrx_word' id='word_1_770' title='bbox 1445 5244 1705 5318; x_wconf 78' lang='grc' dir='ltr'>ἁμαρτίας</span> <span class='ocrx_word' id='word_1_771' title='bbox 1752 5244 1904 5303; x_wconf 83' lang='grc' dir='ltr'>ἠλλο-</span> 
     </span>
    </p>
   </div>
   <div class='ocr_carea' id='block_1_98' title="bbox 299 5363 1428 5438">
    <p class='ocr_par' dir='ltr' id='par_1_98' title="bbox 299 5363 1428 5438">
     <span class='ocr_line' id='line_1_98' title="bbox 299 5363 1428 5438; baseline 0.005 -21"><span class='ocrx_word' id='word_1_772' title='bbox 299 5363 441 5432; x_wconf 78' lang='lat' dir='ltr'><strong><em>Reg.</em></strong></span> <span class='ocrx_word' id='word_1_773' title='bbox 477 5363 1109 5438; x_wconf 72' lang='grc' dir='ltr'>ρι’ἱιιιιιεβαπτίσματος</span> <span class='ocrx_word' id='word_1_774' title='bbox 1134 5367 1186 5438; x_wconf 81' lang='grc' dir='ltr'>ἐξ</span> <span class='ocrx_word' id='word_1_775' title='bbox 1216 5364 1428 5429; x_wconf 76' lang='grc' dir='ltr'>ὕδατος.</span> 
     </span>
    </p>
   </div>
   <div class='ocr_carea' id='block_1_99' title="bbox 373 5437 1459 5510">
    <p class='ocr_par' dir='ltr' id='par_1_99' title="bbox 373 5437 1459 5510">
     <span class='ocr_line' id='line_1_99' title="bbox 373 5437 1459 5510; baseline 0.002 -18"><span class='ocrx_word' id='word_1_776' title='bbox 373 5439 490 5510; x_wconf 58' lang='lat'><strong><em>(36)</em></strong></span> <span class='ocrx_word' id='word_1_777' title='bbox 533 5439 673 5506; x_wconf 84' lang='lat' dir='ltr'><strong><em>Reg.</em></strong></span> <span class='ocrx_word' id='word_1_778' title='bbox 708 5437 1026 5510; x_wconf 14' lang='lat' dir='ltr'><strong><em>primuslrc‘i</em></strong></span> <span class='ocrx_word' id='word_1_779' title='bbox 1058 5437 1459 5499; x_wconf 77' lang='grc' dir='ltr'>ἀποδύσασθαι.</span> 
     </span>
    </p>
   </div>
   <div class='ocr_carea' id='block_1_100' title="bbox 377 5507 1908 5587">
    <p class='ocr_par' dir='ltr' id='par_1_100' title="bbox 377 5507 1908 5587">
     <span class='ocr_line' id='line_1_100' title="bbox 377 5507 1908 5587; baseline 0.003 -26"><span class='ocrx_word' id='word_1_780' title='bbox 377 5507 490 5587; x_wconf 63' lang='grc' dir='ltr'><strong><em>ςέἲῑ)</em></strong></span> <span class='ocrx_word' id='word_1_781' title='bbox 537 5507 797 5587; x_wconf 72' lang='lat' dir='ltr'><strong><em>Utraque</em></strong></span> <span class='ocrx_word' id='word_1_782' title='bbox 828 5509 1010 5565; x_wconf 81' lang='lat' dir='ltr'><strong><em>editio</em></strong></span> <span class='ocrx_word' id='word_1_783' title='bbox 1031 5521 1087 5566; x_wconf 87' lang='lat' dir='ltr'><strong><em>et</em></strong></span> <span class='ocrx_word' id='word_1_784' title='bbox 1129 5516 1270 5580; x_wconf 80' lang='lat' dir='ltr'><strong><em>Reg.</em></strong></span> <span class='ocrx_word' id='word_1_785' title='bbox 1303 5512 1608 5568; x_wconf 76' lang='lat' dir='ltr'><strong><em>secundus</em></strong></span> <span class='ocrx_word' id='word_1_786' title='bbox 1656 5518 1908 5587; x_wconf 78' lang='grc' dir='ltr'>ποτήριον</span> 
     </span>
    </p>
   </div>
   <div class='ocr_carea' id='block_1_101' title="bbox 303 5581 1703 5659">
    <p class='ocr_par' dir='ltr' id='par_1_101' title="bbox 303 5581 1703 5659">
     <span class='ocr_line' id='line_1_101' title="bbox 303 5581 1703 5659; baseline 0.006 -30"><span class='ocrx_word' id='word_1_787' title='bbox 303 5585 580 5659; x_wconf 43' lang='grc' dir='ltr'>τοῦ-ρων.</span> <span class='ocrx_word' id='word_1_788' title='bbox 613 5581 722 5636; x_wconf 73' lang='grc' dir='ltr'><strong><em>Αιίι</em></strong></span> <span class='ocrx_word' id='word_1_789' title='bbox 753 5582 877 5659; x_wconf 71' lang='lat' dir='ltr'><strong><em>duo</em></strong></span> <span class='ocrx_word' id='word_1_790' title='bbox 909 5598 1053 5659; x_wconf 72' lang='lat' dir='ltr'><strong><em>mss.</em></strong></span> <span class='ocrx_word' id='word_1_791' title='bbox 1086 5588 1338 5659; x_wconf 81' lang='grc' dir='ltr'>ποτήριον</span> <span class='ocrx_word' id='word_1_792' title='bbox 1357 5593 1450 5637; x_wconf 84' lang='grc' dir='ltr'><strong><em>τοῦ</em></strong></span> <span class='ocrx_word' id='word_1_793' title='bbox 1486 5591 1703 5659; x_wconf 71' lang='grc' dir='ltr'>Κύριον.</span> 
     </span>
    </p>
   </div>
   <div class='ocr_carea' id='block_1_102' title="bbox 380 5651 1297 5731">
    <p class='ocr_par' dir='ltr' id='par_1_102' title="bbox 380 5651 1297 5731">
     <span class='ocr_line' id='line_1_102' title="bbox 380 5651 1297 5731; baseline 0.002 -26"><span class='ocrx_word' id='word_1_794' title='bbox 380 5651 488 5722; x_wconf 83' lang='lat'><strong>(38)</strong></span> <span class='ocrx_word' id='word_1_795' title='bbox 531 5652 676 5722; x_wconf 74' lang='lat' dir='ltr'><strong><em>Reg.</em></strong></span> <span class='ocrx_word' id='word_1_796' title='bbox 707 5653 943 5724; x_wconf 86' lang='lat' dir='ltr'><strong><em>primus</em></strong></span> <span class='ocrx_word' id='word_1_797' title='bbox 973 5655 1098 5731; x_wconf 65' lang='grc' dir='ltr'>ὑπὲρ</span> <span class='ocrx_word' id='word_1_798' title='bbox 1130 5651 1297 5728; x_wconf 64' lang='grc' dir='ltr'>ἡμῶν.</span> 
     </span>
    </p>
   </div>
   <div class='ocr_carea' id='block_1_103' title="bbox 1923 4583 1963 4636">
    <p class='ocr_par' dir='ltr' id='par_1_103' title="bbox 1923 4583 1963 4636">
     <span class='ocr_line' id='line_1_103' title="bbox 1923 4583 1963 4636; baseline 0 0"><span class='ocrx_word' id='word_1_799' title='bbox 1923 4583 1963 4636; x_wconf 94' lang='lat' dir='ltr'><strong><em>D</em></strong></span> 
     </span>
    </p>
   </div>
   <div class='ocr_carea' id='block_1_104' title="bbox 2321 4429 3352 4488">
    <p class='ocr_par' dir='ltr' id='par_1_104' title="bbox 2321 4429 3352 4488">
     <span class='ocr_line' id='line_1_104' title="bbox 2321 4429 3352 4488; baseline -0.002 0"><span class='ocrx_word' id='word_1_800' title='bbox 2321 4431 2630 4488; x_wconf 67' lang='lat' dir='ltr'><strong><em>EIUSDEM</em></strong></span> <span class='ocrx_word' id='word_1_801' title='bbox 2673 4429 2901 4486; x_wconf 83' lang='lat' dir='ltr'><strong>SERMO</strong></span> <span class='ocrx_word' id='word_1_802' title='bbox 2943 4431 3352 4488; x_wconf 84' lang='lat' dir='ltr'><strong><em>ASCETICUS.</em></strong></span> 
     </span>
    </p>
   </div>
   <div class='ocr_carea' id='block_1_105' title="bbox 2079 4518 3674 4589">
    <p class='ocr_par' dir='ltr' id='par_1_105' title="bbox 2079 4518 3674 4589">
     <span class='ocr_line' id='line_1_105' title="bbox 2079 4518 3674 4589; baseline -0.003 -8"><span class='ocrx_word' id='word_1_803' title='bbox 2079 4527 2128 4580; x_wconf 82' lang='lat' dir='ltr'><strong><em>l.</em></strong></span> <span class='ocrx_word' id='word_1_804' title='bbox 2165 4523 2354 4580; x_wconf 84' lang='lat' dir='ltr'><strong><em>Homo</em></strong></span> <span class='ocrx_word' id='word_1_805' title='bbox 2397 4521 2476 4578; x_wconf 90' lang='lat' dir='ltr'><strong><em>ad</em></strong></span> <span class='ocrx_word' id='word_1_806' title='bbox 2507 4519 2838 4589; x_wconf 87' lang='lat' dir='ltr'><strong><em>imaginem</em></strong></span> <span class='ocrx_word' id='word_1_807' title='bbox 2871 4524 2928 4573; x_wconf 92' lang='lat' dir='ltr'><strong><em>et</em></strong></span> <span class='ocrx_word' id='word_1_808' title='bbox 2956 4518 3412 4577; x_wconf 85' lang='lat' dir='ltr'><strong><em>similitudinem</em></strong></span> <span class='ocrx_word' id='word_1_809' title='bbox 3443 4521 3544 4577; x_wconf 87' lang='lat' dir='ltr'><strong><em>Dei</em></strong></span> <span class='ocrx_word' id='word_1_810' title='bbox 3588 4520 3674 4578; x_wconf 85' lang='lat' dir='ltr'><strong><em>fa-</em></strong></span> 
     </span>
    </p>
   </div>
   <div class='ocr_carea' id='block_1_106' title="bbox 2004 4608 3675 4685">
    <p class='ocr_par' dir='ltr' id='par_1_106' title="bbox 2004 4608 3675 4685">
     <span class='ocr_line' id='line_1_106' title="bbox 2004 4608 3675 4685; baseline -0.002 -14"><span class='ocrx_word' id='word_1_811' title='bbox 2004 4618 2136 4671; x_wconf 87' lang='lat' dir='ltr'><strong><em>ctus</em></strong></span> <span class='ocrx_word' id='word_1_812' title='bbox 2173 4619 2262 4670; x_wconf 78' lang='lat' dir='ltr'><strong><em>est</em></strong></span> <span class='ocrx_word' id='word_1_813' title='bbox 2284 4613 2455 4685; x_wconf 85' lang='lat' dir='ltr'><strong><em>(Gen.</em></strong></span> <span class='ocrx_word' id='word_1_814' title='bbox 2489 4627 2528 4679; x_wconf 85' lang='grc' dir='ltr'><strong><em>ι,</em></strong></span> <span class='ocrx_word' id='word_1_815' title='bbox 2551 4611 2642 4682; x_wconf 80' lang='lat'><strong><em>26)</em></strong></span> <span class='ocrx_word' id='word_1_816' title='bbox 2677 4626 2691 4665; x_wconf 87' lang='lat'><strong>:</strong></span> <span class='ocrx_word' id='word_1_817' title='bbox 2724 4608 2830 4665; x_wconf 91' lang='lat' dir='ltr'><strong><em>sed</em></strong></span> <span class='ocrx_word' id='word_1_818' title='bbox 2869 4614 3209 4680; x_wconf 89' lang='lat' dir='ltr'><strong><em>peccatum,</em></strong></span> <span class='ocrx_word' id='word_1_819' title='bbox 3234 4612 3441 4668; x_wconf 88' lang='lat' dir='ltr'><strong><em>anima</em></strong></span> <span class='ocrx_word' id='word_1_820' title='bbox 3480 4611 3560 4668; x_wconf 89' lang='lat' dir='ltr'><strong><em>ad</em></strong></span> <span class='ocrx_word' id='word_1_821' title='bbox 3591 4611 3675 4668; x_wconf 82' lang='lat' dir='ltr'><strong><em>vi-</em></strong></span> 
     </span>
    </p>
   </div>
   <div class='ocr_carea' id='block_1_107' title="bbox 2006 4697 3675 4775">
    <p class='ocr_par' dir='ltr' id='par_1_107' title="bbox 2006 4697 3675 4775">
     <span class='ocr_line' id='line_1_107' title="bbox 2006 4697 3675 4775; baseline -0.001 -16"><span class='ocrx_word' id='word_1_822' title='bbox 2006 4703 2200 4760; x_wconf 87' lang='lat' dir='ltr'><strong><em>tiosas</em></strong></span> <span class='ocrx_word' id='word_1_823' title='bbox 2255 4700 2624 4775; x_wconf 86' lang='lat' dir='ltr'><strong><em>cupiditates</em></strong></span> <span class='ocrx_word' id='word_1_824' title='bbox 2654 4697 2937 4771; x_wconf 86' lang='lat' dir='ltr'><strong><em>impulsa,</em></strong></span> <span class='ocrx_word' id='word_1_825' title='bbox 2977 4697 3342 4755; x_wconf 85' lang='lat' dir='ltr'><strong><em>deformavit</em></strong></span> <span class='ocrx_word' id='word_1_826' title='bbox 3388 4700 3675 4771; x_wconf 85' lang='lat' dir='ltr'><strong><em>imaginis</em></strong></span> 
     </span>
    </p>
   </div>
   <div class='ocr_carea' id='block_1_108' title="bbox 2011 4787 3672 4866">
    <p class='ocr_par' dir='ltr' id='par_1_108' title="bbox 2011 4787 3672 4866">
     <span class='ocr_line' id='line_1_108' title="bbox 2011 4787 3672 4866; baseline -0.002 -17"><span class='ocrx_word' id='word_1_827' title='bbox 2011 4791 2549 4866; x_wconf 85' lang='lat' dir='ltr'><strong><em>pulchritudinem.</em></strong></span> <span class='ocrx_word' id='word_1_828' title='bbox 2586 4792 2739 4843; x_wconf 81' lang='lat' dir='ltr'><strong><em>Deus</em></strong></span> <span class='ocrx_word' id='word_1_829' title='bbox 2763 4793 2987 4858; x_wconf 81' lang='lat' dir='ltr'><strong><em>autem,</em></strong></span> <span class='ocrx_word' id='word_1_830' title='bbox 3022 4787 3128 4860; x_wconf 89' lang='lat' dir='ltr'><strong><em>qui</em></strong></span> <span class='ocrx_word' id='word_1_831' title='bbox 3170 4787 3480 4845; x_wconf 85' lang='lat' dir='ltr'><strong><em>hominem</em></strong></span> <span class='ocrx_word' id='word_1_832' title='bbox 3527 4807 3672 4847; x_wconf 81' lang='lat' dir='ltr'><strong><em>con-</em></strong></span> 
     </span>
    </p>
   </div>
   <div class='ocr_carea' id='block_1_109' title="bbox 2008 4876 3678 4950">
    <p class='ocr_par' dir='ltr' id='par_1_109' title="bbox 2008 4876 3678 4950">
     <span class='ocr_line' id='line_1_109' title="bbox 2008 4876 3678 4950; baseline 0.001 -13"><span class='ocrx_word' id='word_1_833' title='bbox 2008 4883 2182 4947; x_wconf 88' lang='lat' dir='ltr'><strong><em>didit,</em></strong></span> <span class='ocrx_word' id='word_1_834' title='bbox 2217 4897 2361 4938; x_wconf 78' lang='lat' dir='ltr'><strong><em>vera</em></strong></span> <span class='ocrx_word' id='word_1_835' title='bbox 2410 4884 2499 4936; x_wconf 88' lang='lat' dir='ltr'><strong><em>est</em></strong></span> <span class='ocrx_word' id='word_1_836' title='bbox 2534 4879 2672 4934; x_wconf 85' lang='lat' dir='ltr'><strong><em>vita.</em></strong></span> <span class='ocrx_word' id='word_1_837' title='bbox 2705 4883 2909 4950; x_wconf 88' lang='lat' dir='ltr'><strong><em>Itaque</em></strong></span> <span class='ocrx_word' id='word_1_838' title='bbox 2944 4877 3050 4950; x_wconf 91' lang='lat' dir='ltr'><strong><em>qui</em></strong></span> <span class='ocrx_word' id='word_1_839' title='bbox 3095 4876 3196 4932; x_wconf 88' lang='lat' dir='ltr'><strong><em>Dei</em></strong></span> <span class='ocrx_word' id='word_1_840' title='bbox 3219 4877 3678 4939; x_wconf 84' lang='lat' dir='ltr'><strong><em>similitudinem</em></strong></span> 
     </span>
    </p>
   </div>
   <div class='ocr_carea' id='block_1_110' title="bbox 2014 4965 3682 5043">
    <p class='ocr_par' dir='ltr' id='par_1_110' title="bbox 2014 4965 3682 5043">
     <span class='ocr_line' id='line_1_110' title="bbox 2014 4965 3682 5043; baseline -0.001 -15"><span class='ocrx_word' id='word_1_841' title='bbox 2014 4971 2237 5038; x_wconf 87' lang='lat' dir='ltr'><strong><em>amisit,</em></strong></span> <span class='ocrx_word' id='word_1_842' title='bbox 2271 4970 2321 5027; x_wconf 91' lang='lat' dir='ltr'><strong><em>is</em></strong></span> <span class='ocrx_word' id='word_1_843' title='bbox 2345 4967 2604 5043; x_wconf 89' lang='lat' dir='ltr'><strong><em>perdidit</em></strong></span> <span class='ocrx_word' id='word_1_844' title='bbox 2631 4967 2762 5024; x_wconf 67' lang='lat' dir='ltr'><strong><em>vitae</em></strong></span> <span class='ocrx_word' id='word_1_845' title='bbox 2806 4965 3218 5035; x_wconf 89' lang='lat' dir='ltr'><strong><em>consortium;</em></strong></span> <span class='ocrx_word' id='word_1_846' title='bbox 3247 4967 3352 5040; x_wconf 90' lang='lat' dir='ltr'><strong><em>qui</em></strong></span> <span class='ocrx_word' id='word_1_847' title='bbox 3408 4983 3552 5026; x_wconf 64' lang='lat' dir='ltr'><strong><em>vero</em></strong></span> <span class='ocrx_word' id='word_1_848' title='bbox 3582 4986 3682 5027; x_wconf 42' lang='lat' dir='ltr'><strong><em>exs</em></strong></span> 
     </span>
    </p>
   </div>
   <div class='ocr_carea' id='block_1_111' title="bbox 2011 5056 3681 5131">
    <p class='ocr_par' dir='ltr' id='par_1_111' title="bbox 2011 5056 3681 5131">
     <span class='ocr_line' id='line_1_111' title="bbox 2011 5056 3681 5131; baseline 0.001 -15"><span class='ocrx_word' id='word_1_849' title='bbox 2011 5067 2103 5118; x_wconf 89' lang='lat' dir='ltr'><strong><em>tra</em></strong></span> <span class='ocrx_word' id='word_1_850' title='bbox 2127 5065 2314 5118; x_wconf 88' lang='lat' dir='ltr'><strong><em>Deum</em></strong></span> <span class='ocrx_word' id='word_1_851' title='bbox 2335 5065 2443 5124; x_wconf 88' lang='lat' dir='ltr'><strong><em>est,</em></strong></span> <span class='ocrx_word' id='word_1_852' title='bbox 2474 5058 2659 5113; x_wconf 83' lang='lat' dir='ltr'><strong><em>vitam</em></strong></span> <span class='ocrx_word' id='word_1_853' title='bbox 2681 5057 2923 5114; x_wconf 88' lang='lat' dir='ltr'><strong><em>beatam</em></strong></span> <span class='ocrx_word' id='word_1_854' title='bbox 2948 5056 3166 5126; x_wconf 88' lang='lat' dir='ltr'><strong><em>degere</em></strong></span> <span class='ocrx_word' id='word_1_855' title='bbox 3188 5073 3310 5113; x_wconf 89' lang='lat' dir='ltr'><strong><em>non</em></strong></span> <span class='ocrx_word' id='word_1_856' title='bbox 3333 5063 3549 5131; x_wconf 86' lang='lat' dir='ltr'><strong><em>potest.</em></strong></span> <span class='ocrx_word' id='word_1_857' title='bbox 3575 5062 3681 5117; x_wconf 82' lang='lat' dir='ltr'><strong><em>Be~</em></strong></span> 
     </span>
    </p>
   </div>
   <div class='ocr_carea' id='block_1_112' title="bbox 2012 5146 3679 5221">
    <p class='ocr_par' dir='ltr' id='par_1_112' title="bbox 2012 5146 3679 5221">
     <span class='ocr_line' id='line_1_112' title="bbox 2012 5146 3679 5221; baseline -0.001 -14"><span class='ocrx_word' id='word_1_858' title='bbox 2012 5161 2242 5209; x_wconf 78' lang='lat' dir='ltr'><strong><em>vertam</em></strong></span> <span class='ocrx_word' id='word_1_859' title='bbox 2256 5169 2322 5206; x_wconf 88' lang='lat' dir='ltr'><strong><em>ur</em></strong></span> <span class='ocrx_word' id='word_1_860' title='bbox 2344 5150 2523 5219; x_wconf 90' lang='lat' dir='ltr'><strong><em>igitur</em></strong></span> <span class='ocrx_word' id='word_1_861' title='bbox 2537 5149 2616 5204; x_wconf 88' lang='lat' dir='ltr'><strong><em>ad</em></strong></span> <span class='ocrx_word' id='word_1_862' title='bbox 2635 5148 2890 5218; x_wconf 88' lang='lat' dir='ltr'><strong><em>gratiam</em></strong></span> <span class='ocrx_word' id='word_1_863' title='bbox 2908 5146 3078 5202; x_wconf 89' lang='lat' dir='ltr'><strong><em>initio</em></strong></span> <span class='ocrx_word' id='word_1_864' title='bbox 3096 5147 3274 5203; x_wconf 88' lang='lat' dir='ltr'><strong><em>nobis</em></strong></span> <span class='ocrx_word' id='word_1_865' title='bbox 3298 5165 3652 5206; x_wconf 87' lang='lat' dir='ltr'><strong><em>concessam</em></strong></span> <span class='ocrx_word' id='word_1_866' title='bbox 3664 5193 3679 5221; x_wconf 92' lang='lat'><strong><em>,</em></strong></span> 
     </span>
    </p>
   </div>
   <div class='ocr_carea' id='block_1_113' title="bbox 2014 5239 3683 5315">
    <p class='ocr_par' dir='ltr' id='par_1_113' title="bbox 2014 5239 3683 5315">
     <span class='ocr_line' id='line_1_113' title="bbox 2014 5239 3683 5315; baseline -0.001 -15"><span class='ocrx_word' id='word_1_867' title='bbox 2014 5257 2088 5300; x_wconf 80' lang='lat' dir='ltr'><strong><em>ex</em></strong></span> <span class='ocrx_word' id='word_1_868' title='bbox 2117 5257 2243 5315; x_wconf 86' lang='lat' dir='ltr'><strong><em>qua</em></strong></span> <span class='ocrx_word' id='word_1_869' title='bbox 2268 5239 2605 5296; x_wconf 84' lang='lat' dir='ltr'><strong><em>excidimus</em></strong></span> <span class='ocrx_word' id='word_1_870' title='bbox 2625 5253 2734 5311; x_wconf 92' lang='lat' dir='ltr'><strong><em>per</em></strong></span> <span class='ocrx_word' id='word_1_871' title='bbox 2759 5242 3075 5309; x_wconf 78' lang='lat' dir='ltr'><strong><em>peccatum</em></strong></span> <span class='ocrx_word' id='word_1_872' title='bbox 3108 5252 3120 5292; x_wconf 89' lang='lat'><strong>:</strong></span> <span class='ocrx_word' id='word_1_873' title='bbox 3156 5242 3214 5292; x_wconf 89' lang='lat' dir='ltr'><strong><em>et</em></strong></span> <span class='ocrx_word' id='word_1_874' title='bbox 3250 5253 3461 5294; x_wconf 88' lang='lat' dir='ltr'><strong><em>rursus</em></strong></span> <span class='ocrx_word' id='word_1_875' title='bbox 3506 5240 3683 5310; x_wconf 78' lang='lat' dir='ltr'><strong><em>juxta</em></strong></span> 
     </span>
    </p>
   </div>
   <div class='ocr_carea' id='block_1_114' title="bbox 2089 5361 3683 5442">
    <p class='ocr_par' dir='ltr' id='par_1_114' title="bbox 2089 5361 3683 5442">
     <span class='ocr_line' id='line_1_114' title="bbox 2089 5361 3683 5442; baseline -0.012 -15"><span class='ocrx_word' id='word_1_876' title='bbox 2089 5371 2202 5442; x_wconf 88' lang='lat'><strong><em>(39)</em></strong></span> <span class='ocrx_word' id='word_1_877' title='bbox 2246 5372 2386 5438; x_wconf 77' lang='lat' dir='ltr'><strong><em>Reg.</em></strong></span> <span class='ocrx_word' id='word_1_878' title='bbox 2428 5367 2637 5442; x_wconf 77' lang='lat' dir='ltr'><strong><em>tertius</em></strong></span> <span class='ocrx_word' id='word_1_879' title='bbox 2660 5361 3167 5442; x_wconf 39' lang='lat' dir='ltr'><strong><em>3t3¢®t¢1i¢$LACE</em></strong></span> <span class='ocrx_word' id='word_1_880' title='bbox 3221 5368 3279 5416; x_wconf 79' lang='grc' dir='ltr'>τὸ</span> <span class='ocrx_word' id='word_1_881' title='bbox 3338 5364 3565 5442; x_wconf 41' lang='grc' dir='ltr'>ἀγαπᾷν-</span> <span class='ocrx_word' id='word_1_882' title='bbox 3596 5366 3683 5442; x_wconf 52' lang='grc' dir='ltr'><strong><em>ἀλ.</em></strong></span> 
     </span>
    </p>
   </div>
   <div class='ocr_carea' id='block_1_115' title="bbox 2015 5435 3681 5509">
    <p class='ocr_par' dir='ltr' id='par_1_115' title="bbox 2015 5435 3681 5509">
     <span class='ocr_line' id='line_1_115' title="bbox 2015 5435 3681 5509; baseline 0 -14"><span class='ocrx_word' id='word_1_883' title='bbox 2015 5435 2221 5502; x_wconf 70' lang='grc' dir='ltr'>λήλουξ·</span> <span class='ocrx_word' id='word_1_884' title='bbox 2254 5435 2364 5497; x_wconf 76' lang='lat' dir='ltr'><strong><em>nec</em></strong></span> <span class='ocrx_word' id='word_1_885' title='bbox 2391 5439 2656 5509; x_wconf 87' lang='lat' dir='ltr'><strong><em>amplius</em></strong></span> <span class='ocrx_word' id='word_1_886' title='bbox 2707 5453 2775 5493; x_wconf 93' lang='lat' dir='ltr'><strong><em>eo</em></strong></span> <span class='ocrx_word' id='word_1_887' title='bbox 2809 5438 2868 5492; x_wconf 89' lang='lat' dir='ltr'><strong><em>in</em></strong></span> <span class='ocrx_word' id='word_1_888' title='bbox 2923 5435 3130 5493; x_wconf 89' lang='lat' dir='ltr'><strong><em>codice</em></strong></span> <span class='ocrx_word' id='word_1_889' title='bbox 3183 5435 3473 5509; x_wconf 79' lang='lat' dir='ltr'><strong><em>repetiiur</em></strong></span> <span class='ocrx_word' id='word_1_890' title='bbox 3500 5435 3681 5506; x_wconf 82' lang='lat' dir='ltr'><strong><em>illud,</em></strong></span> 
     </span>
    </p>
   </div>
   <div class='ocr_carea' id='block_1_116' title="bbox 2019 5511 2734 5585">
    <p class='ocr_par' dir='ltr' id='par_1_116' title="bbox 2019 5511 2734 5585">
     <span class='ocr_line' id='line_1_116' title="bbox 2019 5511 2734 5585; baseline -0.007 -18"><span class='ocrx_word' id='word_1_891' title='bbox 2019 5520 2072 5567; x_wconf 91' lang='grc' dir='ltr'><strong><em>τί</em></strong></span> <span class='ocrx_word' id='word_1_892' title='bbox 2096 5511 2234 5567; x_wconf 74' lang='grc' dir='ltr'>ἴδιον</span> <span class='ocrx_word' id='word_1_893' title='bbox 2265 5521 2356 5564; x_wconf 81' lang='grc' dir='ltr'><strong><em>τοῦ</em></strong></span> <span class='ocrx_word' id='word_1_894' title='bbox 2377 5517 2734 5585; x_wconf 17' lang='grc' dir='ltr'><strong><em>ΔΧριιιξτιιιινλοῦ.</em></strong></span> 
     </span>
    </p>
   </div>
   <div class='ocr_carea' id='block_1_117' title="bbox 2119 5579 3680 5658">
    <p class='ocr_par' dir='ltr' id='par_1_117' title="bbox 2119 5579 3680 5658">
     <span class='ocr_line' id='line_1_117' title="bbox 2119 5579 3680 5658; baseline 0 -18"><span class='ocrx_word' id='word_1_895' title='bbox 2119 5585 2342 5658; x_wconf 74' lang='grc' dir='ltr'><strong><em>40)8ἱθ</em></strong></span> <span class='ocrx_word' id='word_1_896' title='bbox 2374 5579 2540 5658; x_wconf 58' lang='lat' dir='ltr'><strong><em>[tegit</em></strong></span> <span class='ocrx_word' id='word_1_897' title='bbox 2567 5583 2803 5654; x_wconf 82' lang='lat' dir='ltr'><strong><em>primus</em></strong></span> <span class='ocrx_word' id='word_1_898' title='bbox 2832 5582 2892 5639; x_wconf 79' lang='lat' dir='ltr'><strong><em>et</em></strong></span> <span class='ocrx_word' id='word_1_899' title='bbox 2921 5579 3149 5638; x_wconf 86' lang='lat' dir='ltr'><strong><em>tertius.</em></strong></span> <span class='ocrx_word' id='word_1_900' title='bbox 3185 5580 3444 5651; x_wconf 76' lang='lat' dir='ltr'><strong><em>Longior</em></strong></span> <span class='ocrx_word' id='word_1_901' title='bbox 3491 5586 3581 5640; x_wconf 87' lang='lat' dir='ltr'><strong><em>est</em></strong></span> <span class='ocrx_word' id='word_1_902' title='bbox 3612 5583 3680 5640; x_wconf 77' lang='lat' dir='ltr'><strong><em>ti-</em></strong></span> 
     </span>
    </p>
   </div>
   <div class='ocr_carea' id='block_1_118' title="bbox 2024 5653 2589 5726">
    <p class='ocr_par' dir='ltr' id='par_1_118' title="bbox 2024 5653 2589 5726">
     <span class='ocr_line' id='line_1_118' title="bbox 2024 5653 2589 5726; baseline -0.009 -12"><span class='ocrx_word' id='word_1_903' title='bbox 2024 5653 2202 5717; x_wconf 71' lang='lat' dir='ltr'><strong><em>tulus</em></strong></span> <span class='ocrx_word' id='word_1_904' title='bbox 2219 5657 2285 5713; x_wconf 82' lang='lat' dir='ltr'><strong><em>in</em></strong></span> <span class='ocrx_word' id='word_1_905' title='bbox 2303 5653 2589 5726; x_wconf 68' lang='lat' dir='ltr'><strong><em>vulgatis;</em></strong></span> 
     </span>
    </p>
   </div>
  </div>
