4110 6378
429 290 528 347 871

1788 285 1844 340 5.
1890 283 2144 341 BASlLll
2185 283 2404 342 IAGNI

3692 295 3796 348 872

430 412 531 470 Dei
551 413 878 483 imaginem
906 427 1270 468 exornemus
1314 409 1745 482 nosmetipsos,
1769 425 1840 465 ac
1888 409 2072 465 condi

2199 413 2510 485 τριώθημεν.
2570 415 2669 468 Καὶ
2717 411 2873 465 πάλιν
2924 415 3060 466 κατὰ
3133 415 3228 472 τὴν
3284 421 3378 468 τοῦ
3432 421 3566 469 Θεοῦ
3627 415 3797 470 εἰκόνα

429 505 540 562 tori
579 521 682 576 per
711 519 956 560 omnem
979 501 1304 557 aﬂectuum
1333 501 1691 555 vacuitatem
1717 498 1946 554 similes
1971 498 2093 555 efﬁ-

429 595 684 650 ciamur.
719 593 826 658 Qui
879 592 1035 648 enim
1069 592 1127 647 in
1162 592 1385 662 seipso,
1417 589 1623 662 quoad
1652 589 1780 660 ejus
1822 589 1950 644 ﬁeri
1982 605 2090 661 po-

429 687 563 752 test,
595 683 758 738 illam
781 681 998 737 divinae
1029 687 1263 736 naturae
1285 679 1363 734 ab
1385 677 1698 734 affectibus
1728 678 2090 734 vacuitatem

427 773 700 829 imitatus
729 772 927 837 fuerit,
959 771 1008 826 is
1055 771 1114 826 in
1150 786 1261 826 sua
1290 769 1481 841 ipsius
1511 768 1716 824 anima
1751 769 1846 823 Dei
1875 767 2089 839 imagi-

426 879 568 920 nem
598 863 658 918 in
685 863 986 932 integrum
1026 860 1294 916 restituit.
1331 858 1440 924 Qui
1471 865 1670 914 autem
1717 857 1964 913 effectus
2004 861 2090 913 est

427 954 548 1009 Deo
570 952 781 1009 similis
809 951 983 1022 juxta
1010 966 1148 1005 eum
1167 964 1349 1021 quem
1378 946 1641 1002 diximus
1664 947 1939 1016 modum,
1963 963 2088 1002 om-

426 1044 572 1100 nino
605 1044 782 1100 etiam
815 1041 1030 1097 divinae
1053 1041 1181 1095 vitae
1209 1038 1464 1110 adeptus
1493 1044 1582 1093 est
1610 1037 2082 1109 similitudinem,

425 1139 718 1207 perpetuo
752 1132 808 1187 in
845 1131 1024 1202 319
1065 1128 1407 1184 aaternarlla
1435 1125 1807 1182 beatitudine
1840 1143 2090 1182 mansu-

423 1239 553 1278 rus.
611 1227 812 1294 Itaque
873 1221 923 1274 si
979 1235 1082 1290 per
1113 1216 1442 1272 aﬂ'ectuum
1491 1215 1849 1270 vacuitatem
1878 1231 2088 1270 rursus

427 1314 527 1371 Dei
573 1313 902 1381 imaginem
947 1323 1399 1380 recupereinus,
1430 1307 1688 1378 vitaeque
1731 1307 2089 1378 perpetuita-

424 1408 545 1460 tem
573 1402 748 1457 nobis
780 1397 1086 1470 impertiat
1123 1398 1222 1452 Dei
1255 1395 1605 1459 similitudo,
1639 1395 1868 1451 caeteris
1895 1393 2088 1450 omni-

421 1493 538 1550 bus
559 1489 865 1561 neglectis,
897 1487 1014 1544 huc
1041 1485 1308 1542 studium
1339 1491 1764 1541 convertemus
1790 1491 1853 1540 ut
1881 1485 2089 1540 anima

421 1587 632 1640 nostra
686 1578 906 1635 nullius
960 1593 1238 1650 unquam
1270 1575 1390 1632 vitii
1433 1574 1752 1648 tyrannide
1772 1573 2085 1647 opprima-

421 1676 552 1738 tur;
577 1670 681 1725 sed
710 1684 885 1724 mens
910 1674 1117 1723 nostra
1146 1666 1400 1721 immota
1428 1671 1486 1720 et
1513 1662 1937 1736 insuperabilis
1957 1679 2087 1735 per-

2199 499 2409 562 ἐαυτοὺς
2475 501 2896 576 καλλωπίσωμεν,
2942 499 3035 555 διὰ
3113 511 3203 565 τῆς
3283 503 3535 568 ἀπαθείας
3601 507 3796 579 ὁμοιω-

2201 591 2366 652 θέντες
2410 599 2485 661 τῷ
2537 596 2796 647 κτίσαντι.
2837 591 2896 644 Ὀ
2924 595 3025 668 γὰρ
3056 596 3115 645 τὸ
3165 591 3360 656 ἀπαθὲς
3389 603 3484 656 τῆς
3524 597 3667 656 θείας
3697 596 3797 668 φύ-

2201 697 2347 747 σεως,
2398 683 2569 743 καθώς
2624 681 2733 735 ἐστι
2791 678 3034 749 δυνατόν,
3087 681 3160 755 ἐφ’
3199 685 3384 736 ἑαυτοῦ
3413 687 3798 758 μιμησάμενος,

2198 765 2343 830 οὗτος
2387 769 2689 823 ἐπανέλαϐεν
2741 772 2826 824 ἐπὶ
2854 779 2944 832 τῆς
2987 769 3127 834 ἰδίας
3170 771 3361 845 ψυχῆς
3387 781 3480 827 τοῦ
3529 782 3663 828 Θεοῦ
3701 778 3797 832 τὴν

2198 858 2388 912 εἰκόνα.
2427 859 2485 911 Ὀ
2526 857 2586 912 δε
2641 862 2911 933 ὁμοεωθεὶς
2955 869 3030 932 τῷ
3087 870 3200 932 Θεῷ
3257 865 3392 915 κατά
3429 865 3517 915 τόν
3574 864 3798 938 ῥηθέντα

2195 953 2402 1023 τρόπον,
2447 955 2536 1002 καὶ
2583 957 2680 1012 τῆς
2738 953 2879 1013 θείας
2941 955 3077 1014 ζωῆς
3142 951 3402 1012 ἐκτήσατο
3457 955 3662 1015 πάντως
3708 958 3796 1013 τὴν

2196 1038 2501 1110 ὁμοιότητα,
2574 1040 2640 1101 εἰς
2715 1043 2772 1093 τό
2827 1038 3059 1103 διηνεκὲς
3131 1047 3438 1116 παραμένων
3498 1050 3561 1116 τῇ
3637 1040 3796 1116 ἀῑδίῳ

2194 1135 2566 1204 μακαριότητι.
2627 1131 2688 1184 Εἰ
2743 1129 2831 1184 οὖν
2888 1129 2981 1185 3:6:
3038 1140 3128 1194 τῆς
3167 1131 3414 1194 ἀπαθείας
3467 1138 3560 1192 τὴν
3626 1133 3800 1187 εἰκόνα

2195 1228 2286 1272 τοῦ
2328 1226 2460 1273 Θεοῦ
2515 1220 2669 1272 πάλιν
2722 1220 3165 1294 ἀναλαμϐάνομεν,
3206 1223 3236 1280 ἡ
3271 1219 3331 1276 δι
3379 1226 3505 1297 πρὸς
3545 1226 3633 1275 τὸν
3667 1226 3796 1278 Θεὸν

2197 1311 2446 1382 ὁμοιότης
2496 1313 2554 1361 τό
2589 1307 2818 1372 διηνεκες
2860 1319 2955 1373 τῆς
2995 1312 3136 1374 ζωῆς
3165 1313 3290 1384 ἡμῖν
3333 1313 3640 1388 χαρίζεται,
3666 1315 3798 1366 πάν-

2195 1417 2295 1451 των
2368 1397 2715 1472 ἀμελήσαντες
2756 1409 2856 1452 τῶν
2908 1401 3093 1464 ἄλλων,
3148 1405 3345 1463 ταύτης
3399 1405 3666 1475 γενώμεθα
3703 1411 3799 1466 τῆς

2198 1485 2454 1560 σπουδῆς,
2510 1492 2644 1543 ὥστε
2700 1487 2890 1562 μηδενὶ
2966 1493 3121 1544 πάθει
3173 1488 3440 1565 μηδέποτε
3496 1489 3796 1545 καταδυνα-

2199 1581 2480 1637 στευθῆναι
2509 1581 2656 1652 ἡμῶν
2711 1584 2806 1638 τὴν
2848 1579 3056 1652 ψυχὴν,
3109 1580 3216 1633 ἀλλ’
3248 1579 3427 1641 ἀκλινῆ
3483 1587 3573 1635 καὶ
3605 1579 3799 1635 ἀκατά-

2196 1667 2381 1726 ϐλητον
2456 1671 2504 1721 ἐν
2589 1677 2706 1732 ταῖς
2769 1678 2871 1722 τῶν
2943 1680 3246 1745 πειρασμῶν
3324 1670 3639 1746 προσϐολαῖς
3701 1675 3796 1730 τὴν

420 1766 668 1818 maneat
696 1760 758 1815 in
787 1757 1183 1815 tentationum
1223 1754 1572 1822 assultibus,
1609 1761 1672 1809 ut
1695 1753 1916 1810 divina:
1944 1753 2072 1810 bea-

2197 1753 2432 1810 διάνοιαν
2499 1761 2642 1832 ἡμῶν
2702 1755 2980 1832 διαμένειν,
3032 1762 3113 1812 ἶνα
3175 1763 3438 1833 γενώμεθα
3497 1770 3592 1823 τῆς
3659 1763 3796 1823 θείας

420 1849 694 1908 titudinis
723 1847 946 1904 ﬁamus
967 1845 1310 1920 participes.
1343 1843 1490 1900 Huic
1523 1850 1722 1899 autem
1756 1842 1954 1898 studio
1981 1842 2087 1898 ad-

414 1940 694 2012 juincnto
724 1946 812 1994 est
839 1936 1176 2006 virginitas,
1205 1935 1279 1991 iis
1307 1934 1410 2006 qui
1442 1933 1673 1990 ratione
1702 1932 1857 1990 duce
1885 1932 1946 1989 id
1973 1933 2082 1989 do-

419 2045 570 2086 num
627 2027 943 2085 coluerint.
975 2029 1104 2082 Non
1143 2025 1305 2080 enim
1350 2025 1410 2080 in
1445 2023 1574 2079 sola
1603 2039 1640 2080 a
1691 2023 2084 2096 procreandis

417 2119 626 2176 liberis
648 2118 1015 2175 abstinentia
1035 2115 1414 2172 constituitur
1439 2113 1794 2186 virginitatis
1813 2113 2080 2182 donum;

420 2211 529 2266 sed
562 2209 683 2265 vita
709 2207 908 2264 omnis
955 2206 1213 2278 vitaeque
1241 2205 1396 2261 ratio
1436 2220 1507 2260 ac
1531 2219 1731 2260 mores
1780 2203 2085 2274 virginita-

417 2304 537 2357 tem
585 2299 856 2356 excolere
901 2296 1144 2362 debent,
1186 2295 1271 2351 sic
1318 2301 1383 2350 ut
1413 2293 1638 2350 caelibis
1681 2292 1994 2362 integritas
2018 2292 2082 2348 in

418 2389 588 2448 omni
643 2388 846 2445 studio
876 2392 1190 2460 appareat.
1244 2385 1394 2442 Fieri
1442 2384 1602 2440 enim
1638 2389 1855 2456 potest,
1891 2387 1952 2439 ut
1971 2383 2080 2438 ali-

416 2480 554 2553 quis
586 2494 863 2535 sermone
893 2478 1070 2533 etiam
1095 2483 1370 2548 stuprum
1397 2479 1452 2530 et
1482 2473 1673 2530 oculis
1717 2473 2080 2529 adulterium

418 2571 778 2637 committat,
800 2569 1136 2640 audituque
1176 2565 1498 2640 polluatur,
1525 2580 1597 2620 ac
1645 2563 2077 2636 inquinamen-

419 2668 544 2716 tum
567 2659 815 2732 recipiat
844 2659 902 2714 in
928 2659 1131 2725 corde,
1158 2671 1383 2728 perque
1403 2654 1519 2710 cibi
1558 2669 1628 2710 ac
1660 2660 1838 2726 potus
1867 2654 2077 2709 intem-

412 2749 751 2824 perantiam
785 2755 950 2803 extra
981 2745 1352 2802 castimoniae
1375 2750 1665 2798 terminos
1713 2741 2073 2811 egrediatur.

415 2843 564 2896 Nam
595 2839 697 2910 qui
727 2839 788 2893 in
830 2836 924 2891 bis
955 2834 1242 2897 omnibus
1275 2834 1432 2888 intra
1469 2831 1825 2903 virginitatis
1853 2831 2073 2887 limites

416 2929 685 3001 seipsum
717 2943 824 3001 per
843 2923 1278 2982 continentiam
1320 2921 1602 2988 continet,
1634 2937 1845 2978 revera
1870 2927 2072 2978 osten-

413 3019 502 3075 dit
552 3021 612 3074 in
666 3017 994 3089 semetipso
1024 3013 1359 3088 perfectum
1405 3011 1768 3068 etomnibus
1797 3011 2068 3068 numeris

410 3108 760 3165 absolutum
790 3104 1148 3176 virginitatis
1178 3103 1431 3160 donum.

483 3203 535 3254 2.
564 3197 975 3264 Quamobrem
1015 3194 1062 3249 si
1115 3192 1531 3249 desideremus
1576 3192 1796 3248 anima:
1843 3195 2068 3248 nostra;

409 3289 823 3346 characterem
866 3300 974 3358 per
995 3283 1320 3339 affectuum
1359 3281 1724 3338 vacuitatem
1754 3281 1832 3338 ad
1864 3281 1965 3337 Dei
1993 3281 2070 3338 si-

409 3377 814 3434 militudinem
873 3373 1158 3445 componi
1203 3377 1262 3427 et
1298 3370 1597 3437 exornari,
1627 3376 1691 3427 ut
1735 3370 1851 3426 hoc
1891 3376 2070 3444 pacto

407 3468 590 3524 etiam
613 3484 649 3522 a
678 3464 854 3521 nobis
879 3464 1005 3520 vita
1035 3461 1401 3534 sempiterna
1449 3466 1853 3533 comparetur,
1884 3467 2071 3517 atten-

408 3557 631 3614 damus
661 3553 1135 3627 nobismetipsis,
1164 3568 1238 3607 ne
1282 3551 1434 3608 forte
1465 3550 1782 3623 quidpiam
1811 3552 2069 3623 promis-

408 3647 580 3704 sione
630 3645 950 3715 indiguum
1001 3649 1441 3716 perpetrantes,
1474 3639 1710 3713 prolato
1736 3640 2065 3696 adversum

406 3737 703 3793 Ananiam
730 3733 957 3806 judicio
979 3733 1318 3789 efﬁciamur
1347 3729 1616 3787 obnoxii.
1639 3733 1788 3787 Nam
1816 3734 2064 3806 Ananiae

403 3827 574 3884 initio
595 3826 819 3882 licebat
840 3821 1291 3896 possessionem
1312 3835 1484 3875 suam
1509 3823 1626 3876 Deo
1648 3836 1770 3875 non
1796 3805 2068 3892 polliceii

403 3934 474 3974 ac
523 3932 737 3972 vovere
768 3933 783 3970 :
839 3913 944 3969 sed
977 3918 1303 3985 postquam
1335 3910 1414 3966 ad
1439 3910 1775 3966 humanam
1808 3911 2064 3980 gloriam

401 4008 761 4079 respiciens,
785 4003 1232 4076 possessionem
1267 4016 1443 4056 suam
1478 4003 1597 4056 Deo
1641 4016 1747 4072 per
1773 3999 2064 4072 pollicita-

403 4098 627 4154 tionem
646 4091 1036 4155 consecravit,
1048 4098 1110 4146 ut
1124 4090 1474 4147 hominibus
1493 4090 1572 4146 ob
1586 4089 2062 4147 muniﬁcentiam

403 4192 561 4242 esset
591 4180 1001 4250 admirationi,
1031 4187 1199 4254 parte
1238 4179 1410 4252 pretii
1433 4182 1721 4252 seposita,
1762 4180 2064 4249 ejusmodi

402 4274 727 4332 adversum
747 4289 809 4328 se
830 4271 1306 4342 indignationem
1339 4270 1570 4326 Domini
1593 4268 1940 4341 commovit,
1965 4287 2064 4326 cu-

399 4369 500 4441 jus
533 4367 734 4420 Petrus
758 4361 1026 4418 minister
1054 4360 1182 4430 fuit,
1212 4367 1278 4416 ut
1303 4375 1377 4416 ne
1417 4357 1782 4432 pienitentiaa
1812 4359 2057 4432 quidem

2193 1854 2576 1924 μακαριότητος
2635 1853 2880 1923 μέτοχοι.
2955 1855 3062 1913 Τῆς
3123 1847 3182 1904 δε
3246 1855 3489 1912 τοιαύτης
3552 1849 3795 1916 σπουδῆς

2196 1943 2442 2011 συνεργός
2473 1936 2615 1991 ἐστιν
2661 1940 2690 1996 ἡ
2736 1941 3006 2014 παρθενία,
3040 1936 3145 2000 τοῖς
3182 1943 3318 1993 κατά
3363 1939 3515 2012 λόγον
3551 1949 3794 2015 μετιοῦσι

2193 2035 2346 2080 τοῦτο
2401 2031 2460 2080 τὸ
2525 2030 2794 2103 χάρισμα.
2837 2029 2912 2082 Οὐ
2977 2033 3080 2102 γὰρ
3122 2029 3170 2083 ἐν
3209 2036 3348 2104 μόνῳ
3387 2039 3460 2102 τῷ
3509 2034 3792 2104 φείσασθαι

2193 2125 2289 2180 τῆς
2335 2114 2677 2179 παιδοποιίας
2713 2121 3064 2193 κατορθοῦται
3109 2124 3167 2173 τὸ
3219 2124 3472 2195 χάρισμα
3521 2130 3612 2183 τῆς
3663 2140 3794 2197 παρ·

2195 2209 2382 2274 θενίας,
2427 2206 2533 2261 ἀλλ’
2576 2209 2710 2270 ἅπας
2738 2209 2857 2276 (Η)
2888 2211 2914 2262 ὁ
2963 2208 3079 2283 βίος
3107 2215 3198 2264 καὶ
3228 2212 3258 2269 η
3309 2215 3416 2274 ζωὴ
3448 2217 3538 2265 καὶ
3577 2215 3636 2265 τὸ
3672 2209 3794 2273 ἦθος

2191 2301 2517 2373 παρθενεύειν
2569 2298 2777 2372 ὀφείλει,
2827 2296 2921 2353 διὰ
2975 2303 3171 2364 παντὸς
3230 2297 3648 2376 ἐπιτηδεύματος
3700 2309 3792 2356 τοῦ

2191 2387 2399 2461 ἀγάμου
2445 2393 2542 2448 τὴν
2589 2387 2841 2462 ἀφθορίαν
2890 2386 3329 2464 ἐπιδεικνύμενος.
3382 2389 3537 2445 Ἔστι
3572 2394 3672 2466 γὰρ
3701 2396 3791 2445 καὶ

2187 2477 2324 2551 λόγῳ
2374 2487 2680 2553 πορνεῦσαι,
2740 2483 2828 2532 καὶ
2886 2479 3134 2554 ὀφθαλμῷ
3211 2489 3524 2555 μοιχεῦσαι,
3579 2487 3669 2535 καὶ
3716 2479 3790 2535 δι’

2189 2567 2346 2630 ἀκοῆς
2393 2569 2756 2643 μολυνθῆναι,’
2792 2575 2882 2624 καὶ
2927 2578 2987 2643 τῇ
3039 2567 3238 2647 καρδίᾳ
3267 2577 3480 2646 μίασμα
3511 2568 3786 2640 δέξασθαι,

2186 2663 2275 2711 καὶ
2302 2668 2366 2718 τῆ
2427 2663 2545 2734 περὶ
2583 2664 2678 2718 τὴν
2710 2657 2913 2736 βρῶσιν
2961 2665 3051 2713 καὶ
3097 2667 3252 2714 πόσιν
3293 2660 3512 2738 ἀμετρίᾳ
3555 2659 3786 2715 ἐκπεσεῖν

2184 2757 2285 2801 τῶν
2338 2750 2468 2824 ὅρων
2524 2758 2620 2812 τῆς
2669 2753 3026 2826 σωφροσύνης.
3057 2751 3116 2804 ’0
3159 2754 3260 2827 γὰρ
3306 2751 3355 2804 ἐν
3396 2754 3595 2812 τούτοις
3618 2757 3781 2803 πᾶσιν

2184 2839 2284 2891 ύπό
2351 2843 2439 2891 τὸν
2500 2844 2691 2892 κανόνα
2773 2847 2870 2902 τῆς
2929 2841 3206 2917 παρθενίας
3269 2841 3447 2894 ἐαυτὸν
3502 2839 3780 2915 ἐγκρατείᾳ

2183 2927 2461 3000 φυλάσσων
2501 2928 2702 2991 ἀληθῶς
2736 2926 2974 2984 δείκνυσι
3015 2930 3209 2984 τελείαν
3239 2928 3288 2984 ἐν
3331 2931 3493 3003 ἑαυτῷ
3523 2927 3616 2984 διὰ
3642 2931 3777 2984 πάν-

2179 3036 2279 3070 των
2310 3015 2705 3092 ἀπηρτισμένην
2734 3026 2826 3082 τῆς
2854 3021 3136 3096 παρθενίας
3165 3025 3261 3080 τὴν
3285 3023 3470 3098 χάριν.

2247 3201 2302 3254 2.
2345 3197 2549 3252 Οὐκοῦν
2600 3201 2740 3274 εἴπερ
2789 3197 3139 3273 ἐπιθυμοῦμεν
3182 3200 3298 3253 καθ’
3358 3198 3646 3274 ὁμοιότητα
3683 3204 3779 3251 τοῦ

2178 3294 2312 3342 Θεοῦ
2340 3292 2431 3341 τόν
2469 3298 2789 3364 χαρακτῆρα
2833 3297 2929 3350 τῆς
2957 3292 3145 3363 ψυχῆς
3177 3292 3323 3364 ἡμῶν
3351 3285 3446 3343 3:6:
3494 3295 3591 3351 τῆς
3639 3287 3780 3341 ἀπα-

2179 3379 2319 3440 θείας
2373 3377 2824 3447 καλλωπισθῆναι,
2875 3380 2957 3431 ἱνα
2983 3375 3078 3432 διὰ
3105 3382 3290 3432 τούτου
3329 3383 3419 3433 καὶ
3449 3380 3479 3437 ἧ
3509 3385 3605 3440 τῆς
3637 3378 3777 3438 ζωῆς

2176 3469 2300 3540 ἡμῖν
2366 3464 2610 3532 ἀίδιότης
2681 3472 3057 3542 προσγένηται,
3133 3472 3478 3544 προσέχωμεν
3555 3467 3776 3535 ἐαυτοῖς,

2174 3561 2354 3630 μήπου
2405 3575 2459 3611 τι
2507 3565 2603 3619 τῆς
2655 3557 2966 3630 ἐπαγγελίας
3022 3556 3228 3622 ἀνάξιον
3257 3567 3543 3622 ποιοῦντες,
3573 3559 3674 3610 ὑπὸ
3717 3559 3776 3610 τὸ

2177 3653 2340 3722 κρῖμα
2402 3655 2496 3701 τοῦ
2551 3646 2784 3699 ’Δνανίου
2844 3650 3106 3721 γενώμεθα
3162 3651 3296 3719 (42).
3329 3646 3478 3711 Ἐξῆν
3541 3649 3640 3723 γὰρ
3703 3654 3777 3718 τῷ

2175 3733 2384 3810 ’Λνανίᾳ
2440 3743 2533 3796 τὴν
2585 3735 2756 3811 ἀρχὴν
2807 3742 2879 3810 μὴ
2931 3737 3343 3809 ἐπαγγείλασθαι
3388 3746 3462 3808 τῷ
3519 3745 3631 3808 Θεῷ
3678 3742 3774 3794 τὴν

2176 3834 2386 3884 κτῆσιν·
2437 3825 2546 3879 ἀλλ’
2596 3823 2800 3893 ἐπειδὴ,
2849 3831 2980 3902 πρός
3036 3831 3130 3886 τὴν
3188 3826 3514 3902 ἀνθρωπίνην
3568 3822 3774 3879 ἀπιδὼν

2178 3913 2355 3985 δόξαν,
2415 3920 2475 3968 τὸ
2518 3919 2608 3989 μεν
2656 3925 2835 3990 κτῆμα
2891 3914 2986 3970 διὰ
3041 3925 3136 3978 τῆς
3188 3915 3501 3990 ἐπαγγελίας
3554 3926 3625 3989 τῷ
3657 3923 3773 3988 Θεῷ

2176 4003 2482 4080 ἀφιέρωσεν,
2513 4009 2583 4069 ὡς
2633 4005 2694 4058 ἀν
2735 4009 3077 4079 εθαυμασθείη
3136 4010 3279 4083 παρά
3333 4017 3432 4079 τῷν
3489 4005 3771 4080 ἀνθρώπων

2174 4092 2259 4148 ἐπὶ
2302 4103 2384 4168 τῇ
2449 4095 2736 4169 φιλοτιμίᾳ,
2813 4105 2905 4149 τοῦ
2960 4103 3253 4170 τιμήματος
3311 4093 3370 4150 3‘:
3437 4095 3767 4170 ἐνοσφίσατο,

2171 4186 2419 4242 τοιαύτην
2471 4183 2678 4244 ἐκίνησε
2737 4186 2858 4238 καθ’
2905 4184 3089 4238 ἑαυτοῦ
3142 4195 3234 4238 τοῦ
3291 4189 3485 4260 Κυρίου
3513 4190 3607 4244 τὴν
3637 4183 3772 4258 ἀγα-

2169 4277 2440 4349 νάκτησιν,
2510 4279 2570 4338 ἧς
2633 4279 2897 4354 ὑπηρέτης
2954 4281 2979 4331 ό
3045 4282 3229 4351 Πέτρος
3261 4275 3342 4346 ἧν,
3395 4281 3460 4340 ὡς
3515 4275 3654 4352 μηδε
3683 4297 3773 4351 με·

2168 4371 2380 4427 τανοίας
2410 4369 2734 4442 προθεσμίαν
2759 4371 2874 4437 (43)
2906 4370 3088 4444 εὑρεῖν.
3132 4368 3333 4422 Οὐκοῦν
3358 4372 3458 4442 πρὸ
3490 4377 3585 4429 τῆς
3606 4368 3769 4440 ἐπαγ-

399 4453 664 4526 spatium
704 4452 998 4508 inveniret
1042 4451 1199 4523 (Act.
1233 4465 1288 4518 v,
1341 4450 1478 4521 l-5).
1508 4450 1887 4521 Quapropter
1921 4458 2058 4507 ante

2182 4455 2342 4526 νελίας
2392 4464 2483 4508 τοῦ
2530 4464 2717 4529 σεμνοῦ
2763 4455 2886 4530 βίου
2939 4457 3107 4520 ἔξεστι
3159 4468 3231 4530 τῷ
3283 4455 3602 4531 βουλομένῳ,
3633 4460 3771 4511 κατά

397 4545 535 4601 vitae
566 4540 858 4613 religiosae
880 4541 1320 4614 professionem
1364 4538 1616 4611 quilibet
1659 4545 1853 4611 potest
1884 4540 2058 4611 juxta

396 4634 457 4691 id
478 4634 646 4708 quod
694 4648 1054 4689 concessum
1099 4646 1170 4686 ac
1216 4629 1550 4696 legitimum
1581 4635 1690 4697 est,
1717 4630 1853 4685 vita;
1892 4646 2058 4686 com-

396 4729 582 4780 moda
609 4721 911 4795 amplecti,
945 4737 1015 4777 ac
1043 4719 1389 4790 nuptiarum
1419 4718 1684 4774 societati
1713 4736 1774 4774 se
1795 4718 2050 4777 dedere:

397 4813 503 4870 sed
527 4813 631 4869 ubi
655 4813 782 4884 jam
818 4810 1126 4884 professus
1155 4815 1262 4875 est,
1296 4808 1563 4882 seipsum
1606 4811 1725 4865 Deo
1751 4812 2055 4867 custodire

394 4904 594 4968 debet,
623 4902 800 4959 veluti
825 4915 1063 4956 sacrum
1093 4899 1407 4972 quoddam
1439 4897 1691 4966 donum,
1722 4915 1799 4954 ne
1821 4901 2057 4957 sacrile-

395 4993 475 5064 gii
495 4991 954 5049 damnationem
987 4990 1222 5046 subeat.
1247 4989 1294 5044 si
1328 5005 1547 5062 corpus
1574 5004 1683 5061 per
1735 4989 2053 5061 professio-

393 5099 530 5143 nem
567 5083 686 5139 Deo
705 5081 975 5138 dicatum
1002 5095 1211 5137 rursus
1241 5080 1581 5137 communis
1613 5080 1743 5137 vita:
1785 5079 2052 5139 ministe-

465 5280 580 5353 (41)
618 5277 766 5353 Reg.
815 5273 1022 5336 tertius
1055 5270 1182 5332 ἀλλὰ
1205 5282 1322 5340 πᾶς.

462 5350 578 5427 (£2)
622 5350 811 5427 Editio
861 5353 1044 5427 Paris.
1091 5357 1411 5427 κρῖμα-*τοῦ
1476 5350 1709 5404 ἐναντίου
1761 5356 2045 5427 γενώμεθα,

390 5423 880 5501 ρεεεὶωοηεόίιιο
903 5426 1041 5501 γει).
1059 5423 1304 5492 είᾘοειὶ
1324 5423 1556 5494 primus
1580 5428 1638 5479 et
1660 5427 1867 5480 tertius
1887 5423 2052 5501 κρῖμα

392 5496 484 5550 τοῦ
518 5496 777 5561 Ἀνανίου,
810 5497 1054 5568 optime.

459 5572 576 5643 (43ὶ
609 5567 865 5643 Utraque
893 5567 1075 5623 editio
1105 5571 1380 5643 μετανοίας
1421 5569 1612 5643 θύραν,
1636 5574 1700 5624 ut
1745 5584 1821 5626 ne
1860 5571 2051 5643 pem;

393 5640 596 5700 tentia!
618 5640 856 5713 quidem
895 5643 1111 5697 ostium
1132 5641 1451 5712 reperiret,
1480 5640 1711 5699 durius.
1745 5641 1912 5711 Regii
1932 5642 2051 5714 pri-

2166 4549 2224 4598 τὸ
2305 4551 2775 4621 συγκεχωρημένον
2858 4552 2948 4600 καὶ
3014 4550 3239 4621 ἔννομον,
3311 4547 3377 4608 εἰς
3456 4546 3768 4600 ἀκολουθίαν

2167 4634 2289 4708 βίον
2313 4633 2468 4689 ἐλθεῖν
2491 4640 2625 4705 (44),
2657 4641 2747 4689 καὶ
2777 4637 2956 4689 ἑαυτὸν
3003 4635 3276 4690 ἐπιδοῦναι
3321 4645 3381 4710 τῇ
3413 4637 3646 4709 συζυγίᾳ
3673 4645 3768 4690 τοῦ

2163 4726 2357 4799 γάμου·
2409 4725 2765 4800 προληφθέντα
2811 4723 2871 4779 δε
2926 4723 3018 4780 διὰ
3081 4735 3170 4788 τῆς
3217 4727 3407 4788 οἰκείας
3463 4727 3767 4801 ὁμολογίας,

2164 4815 2446 4888 φυλάσσειν
2507 4822 2765 4889 προσήκει
2832 4816 3012 4869 ἐαυτὸν
3069 4826 3141 4887 τῷ
3208 4825 3344 4890 Θεῷ,
3411 4819 3644 4890 καθάπερ
3713 4835 3768 4869 τι

2163 4914 2262 4959 τῶν
2315 4909 2459 4981 ἱερῶν
2518 4905 2887 4981 ἀναθημάτων,
2934 4910 2999 4969 ὡς
3056 4906 3115 4959 ἀν
3163 4913 3235 4982 μή
3296 4918 3368 4981 τῷ
3421 4917 3512 4970 τῆς
3554 4910 3768 4984 ἱεροσυ-

2161 4995 2276 5058 λίας
2333 4996 2563 5069 ἐνέχοιτο
2645 5002 2881 5073 κρίματι,
2951 5001 3010 5050 τὸ
3088 4996 3432 5074 ἀφιερωμένον
3509 4997 3604 5054 3:6:
3668 5010 3767 5064 τῆς

2163 5085 2476 5160 ἐπαγγελίας
2529 5095 2602 5159 τῷ
2634 5093 2747 5159 Θεῷ
2799 5095 2954 5161 σῶμα
2996 5088 3152 5142 πάλιν
3194 5097 3258 5162 τῇ
3304 5097 3396 5142 τοῦ
3434 5098 3609 5144 κοινοῦ
3637 5089 3765 5165 βίον

2159 5300 2299 5368 mus
2327 5289 2384 5343 et
2443 5287 2652 5344 tertius
2717 5291 2992 5361 μετανοίας
3040 5288 3388 5365 προθεσμίαν,
3447 5286 3653 5346 mitius
3707 5295 3769 5348 et

2159 5373 2380 5413 verius.

2170 5499 2197 5506 _
2225 5429 2346 5506 144)
2373 5501 2387 5506 _
2414 5431 2638 5486 Horum
2693 5430 3038 5494 verborum.
3116 5433 3189 5495 εἰς
3252 5431 3562 5486 ἀκολουθίαν
3640 5432 3764 5506 βίου

2161 5499 2338 5583 ἐλθεῖν..
2373 5501 2500 5583 huic
2533 5507 2622 5557 est
2674 5506 3008 5583 sententia;
3063 5507 3203 5583 licet
3231 5520 3326 5561 res
3377 5508 3514 5562 vitae
3543 5499 3764 5562 corive-

2159 5578 2388 5649 nientes
2419 5581 2472 5630 et
2497 5579 2852 5649 accomodas
2890 5578 3163 5649 seligere,
3191 5578 3306 5634 hoc
3350 5583 3462 5646 est,
3495 5594 3765 5638 commo-

2159 5643 2240 5702 da
2264 5647 2402 5703 vitm
2430 5646 2717 5719 amplecti
2748 5647 2906 5706 licet.
