4110 6378
191 361 294 414 873

1558 350 1790 411 SERIO
1826 345 2209 404 ASCETICUS

3438 352 3570 446 .874

194 483 456 555 ὑπηρεσίᾳ
500 479 939 556 καταρρυπώσας.
990 486 1138 553 Λέγω
1186 478 1245 534 ri":
1294 489 1471 547 τοῦτο,
1518 479 1577 532 οὐ
1643 477 1848 550 μόνονλ

1964 485 1999 526 o
2015 470 2407 529 contaminet.
2428 476 2619 546 Atque
2637 474 2751 531 hoc
2770 475 2923 547 dico,
2954 491 3077 532 non
3095 492 3284 534 unum
3308 482 3574 535 tantum-

197 574 324 643 πρὸς
353 575 412 622 τὸ
443 570 491 622 ἓν
514 568 655 633 εἶδος
677 579 773 623 τοῦ
802 573 997 632 πάθους
1029 570 1250 644 βλέπων,
1282 573 1454 634 καθὼς
1492 587 1620 629 τινες
1659 570 1798 619 οἶον-

200 679 308 729 ται,
342 659 390 713 ἐν
419 665 547 733 μόνη
581 668 641 732 τῇ
675 668 768 713 του
796 667 1034 734 σώματος
1056 660 1255 733 φυλακῇ
1287 665 1345 713 τὸ
1374 660 1691 733 κατόρθωμα
1710 664 1801 715 τῆς

202 752 484 823 παρθενίας
509 750 901 825 περισώζοντες,
948 749 1076 803 ἀλλά
1123 754 1181 804 τὸ
1210 752 1348 802 κατὰ
1394 752 1566 804 πάντα
1612 751 1802 822 τρόπον

204 841 503 900 παθητικῆς
537 835 838 903 διαθέσεως,
886 842 971 891 τὸν
1014 838 1260 911 μέλλοντα
1298 838 1581 911 φυλάσσειν
1624 836 1805 889 ἑαυτὸν

206 936 279 998 τῷ
307 936 423 998 Θεῷ
453 924 644 1000 μηδενὶ
679 936 777 980 τῶν
814 936 1078 1000 κοσμικών
1106 930 1431 1001 παθημάτων
1477 926 1807 1000 έμμολυνθῆ-

206 1037 316 1076 ναι.
350 1018 510 1091 Ὀργὴ
560 1022 648 1070 καὶ
676 1018 877 1088 φθόνος,
918 1021 1010 1070 καὶ
1064 1021 1412 1090 μνησικακία,
1469 1011 1662 1087 ψεῦδος
1716 1017 1808 1065 καὶ

209 1108 555 1181 ὑπερηφανία,
585 1110 932 1178 μετεωρισμὸς
955 1111 1046 1159 καὶ
1085 1105 1445 1180 ἀκαιρολογία,
1496 1112 1810 1179 προσευχῶν

217 1194 394 1269 ἀργία,
417 1200 504 1247 καὶ
528 1196 556 1253 η
590 1199 707 1266 περὶ
727 1197 792 1247 τὰ
811 1200 882 1268 μὴ
908 1197 1030 1248 ὄντα
1050 1194 1321 1268 ἐπιθυμία,
1346 1194 1556 1248 ἐντολῶν
1582 1193 1813 1268 ἀμέλεια,

215 1290 304 1338 καὶ
339 1283 701 1356 καλλωπισμὸς
751 1286 990 1357 ἱματίων,
1041 1291 1333 1358 προσώπων
1390 1286 1673 1360 ὠραῑσμὸς,
1723 1287 1815 1335 καὶ

217 1377 504 1445 συντυχίαι
528 1375 619 1426 mil
658 1372 879 1446 ὁμιλίαι,
931 1374 1113 1437 ἔξωθεν
1159 1381 1251 1428 τοῦ
1296 1378 1582 1450 πρέποντος
1628 1392 1684 1427 τε
1727 1378 1819 1426 καὶ

216 1460 505 1534 ἀναγκαίου
533 1466 802 1536 γινόμεναι
831 1483 845 1496 °
885 1472 1055 1516 ταῦτα
1080 1466 1251 1517 πάντα
1274 1467 1533 1525 τοσαύτης
1562 1464 1687 1527 ἄξια
1712 1482 1819 1516 πα-

214 1550 521 1626 ραφυλακῆς
547 1549 660 1603 ἐστι
689 1560 760 1623 τῷ
795 1547 889 1604 διὰ
927 1559 1023 1615 τῆς
1044 1554 1324 1626 παρθενίας
1354 1558 1702 1627 αφιερὼσαντι
1748 1560 1822 1623 τῷ

218 1648 334 1710 Θεῷ
365 1639 660 1707 ἐαυτὸν,ὠς
688 1644 777 1693 τὸν
806 1644 921 1694 ἴσον
971 1643 1103 1713 (45),
1152 1649 1345 1717 μικροῦ
1399 1638 1531 1710 δεῖν,
1583 1638 1823 1695 κίνδυνον

220 1728 371 1796 εἶναι,
395 1729 470 1784 ένί
508 1749 562 1783 τε
584 1733 780 1784 τούτων
812 1734 1206 1803 συνενεχθῆναι,
1227 1736 1318 1785 καὶ
1339 1731 1388 1784 ἐν
1412 1740 1475 1805 τῇ
1506 1730 1821 1807 ἀπειρημένη

1909 559 2096 616 modo
2112 560 2238 616 vitii
2255 577 2445 631 genus
2464 566 3298 637 spectans,quemadmodum
3317 569 3573 639 opinan-

1908 654 2007 706 tur
2024 649 2300 722 quidam,
2331 652 2437 724 qui
2459 652 2521 708 in
2552 652 2684 709 sola
2714 655 2985 726 corporis
3019 655 3296 712 custodia
3332 656 3575 726 virgini-

1911 738 2049 794 tatis
2079 737 2358 795 virtutem
2381 741 2786 810 constituunt;
2805 741 2909 797 sed
2936 743 3195 816 respicio
3225 743 3305 799 ad
3326 759 3575 802 omnem

1910 825 2142 883 vitiosa
2169 827 2502 885 affectionis
2532 831 2820 903 speciem,
2850 830 2937 888 sic
2969 838 3035 888 ut
3063 832 3231 889 nullo
3259 834 3576 891 mundano

1912 914 2057 972 vitio
2080 916 2428 989 inquinetur
2456 918 2560 991 qui
2583 920 2853 993 seipsum
2876 925 2994 978 Deo
3020 922 3326 979 custodire
3355 924 3575 981 studet.

1915 1004 2031 1073 Ira,
2060 1005 2311 1074 invidia,
2341 1006 2700 1079 injuriarum
2731 1009 3035 1067 illatarum
3065 1013 3385 1079 memoria,
3416 1029 3585 1070 men-

1917 1094 2183 1164 dacium,
2214 1096 2525 1167 superbia,
2574 1099 2796 1155 mentis
2827 1102 3130 1171 evagatio,
3161 1101 3584 1176 intempestiva

1920 1184 2265 1257 garrulitas,
2296 1186 2584 1256 segnities
2609 1188 2672 1244 in
2722 1190 2980 1258 orando,
3012 1206 3229 1249 eorum
3275 1209 3414 1267 qua:
3458 1206 3585 1250 non

1922 1277 2066 1330 sunt
2083 1274 2405 1346 cupiditas,
2436 1275 2498 1331 in
2524 1276 2826 1333 mandatis
2860 1280 3250 1351 perﬁciendis
3277 1282 3589 1354 negligen-

1921 1362 2534 1425 tia,vestimentorum
2564 1371 3018 1437 ornamentum,
3054 1369 3236 1441 320
3262 1370 3436 1426 faciei
3463 1372 3591 1427 cul-

1925 1456 2047 1518 tus,
2080 1452 2561 1521 congressiones,
2587 1454 2892 1527 colloquia
2942 1462 3161 1529 praeter
3207 1458 3496 1516 decorum
3536 1464 3596 1517 et

1930 1541 2057 1597 sine
2086 1541 2445 1599 necessitate
2484 1543 2865 1611 habita;hase
2885 1546 3097 1603 omnia
3124 1563 3310 1619 quam
3344 1548 3598 1619 diligen-

1932 1631 2159 1688 tissime
2206 1636 2347 1687 sunt
2376 1634 2649 1689 cavenda
2676 1633 2757 1690 ab
2788 1649 2863 1690 eo
2892 1634 2995 1707 qui
3046 1650 3155 1709 per
3193 1637 3596 1707 virginitatem

1934 1722 2058 1777 Deo
2090 1720 2366 1793 seipsum
2395 1722 2802 1779 consecravit:
2831 1724 3135 1797 siquidem
3153 1727 3602 1798 prOpemodum

223 1820 459 1894 ἁμαρτίᾳ
485 1821 748 1892 γενέσθαι.
780 1823 959 1874 Πάντα
999 1823 1101 1895 γὰρ
1116 1815 1195 1874 ’τά
1223 1818 1317 1874 διὰ
1344 1824 1541 1883 πάθους
1585 1826 1831 1895 γινόμενα

1964 1810 2171 1883 equale
2196 1815 2290 1867 est
2309 1810 2646 1883 periculum
2668 1812 2729 1869 in
2750 1828 2944 1870 unum
2976 1813 3224 1887 aliquod
3253 1816 3475 1873 horum
3503 1818 3607 1873 de-

220 1908 526 1983 λυμαίνεται
547 1929 658 1972 πως
686 1917 749 1984 τῇ
777 1917 867 1971 τῆς
889 1909 1077 1983 ψυχῆς
1102 1912 1447 1986 καθαρότητι,
1468 1916 1559 1964 καὶ
1587 1915 1715 1986 πρὸς
1735 1915 1832 1969 τὴν

1964 1899 2083 1967 abi,
2111 1904 2168 1956 et
2193 1900 2254 1957 in
2279 1901 2463 1958 vetito
2483 1908 2734 1974 peccato
2760 1903 3008 1960 versari.
3034 1905 3251 1962 Omnia
3282 1907 3444 1963 enim
3465 1923 3605 1980 quae

230 2002 370 2054 θείαν
400 1997 840 2075 έμποδίξειζωήν.
898 2005 1035 2075 Πρὸς
1072 2009 1240 2054 ταῦτα
1267 2007 1438 2055 τοίνυν
1471 2006 1581 2075 χρὴ
1627 2000 1834 2075 βλέπειν

232 2094 322 2144 τὸν
349 2089 736 2164 ἀποταξάμενον
761 2100 834 2162 τῷ
885 2089 1005 2163 βίω,
1052 2094 1121 2154 ὡς
1165 2088 1356 2166 μηδενὶ
1399 2096 1575 2167 τρόπῳ
1627 2095 1686 2144 τὸ
1742 2098 1836 2145 τοῦ

236 2189 372 2236 Θεοῦ
399 2190 580 2244 σκεῦος
620 2180 800 2234 ἑαυτὸν
826 2189 886 2253 τῇ
930 2179 1151 2255 ἑμπαθεῖ
1201 2186 1400 2257 χρήσει
1447 2181 1836 2255 καταμολύνειν.

237 2272 566 2344 Λογίζισθαι
596 2267 655 2324 δι
685 2269 847 2324 έκεῖνο
868 2271 1100 2344 μάλιστα
1118 2272 1233 2337 (θϐῖ
1269 2277 1405 2345 χρὴ,
1435 2274 1532 2343 ὅτι,
1569 2268 1843 2332 δεαϐἁςτά

240 2367 407 2438 μέτρα
428 2369 525 2422 τῆς
554 2357 879 2435 ἀνθρωπίνης
919 2363 1142 2433 φύσεως,
1171 2364 1298 2435 πρὸς
1329 2365 1422 2419 τὴν
1445 2359 1722 2434 ἀσώματον
1749 2378 1844 2412 πο-

240 2447 432 2501 λιτείαν
460 2445 638 2499 ἑαυτὸν
667 2448 979 2518 μετέστησεν
1010 2446 1036 2497 ὁ
1078 2449 1165 2499 τὸν
1194 2453 1294 2497 τῶν
1317 2444 1549 2517 ἀγγέλων
1580 2444 1698 2519 βίον
1728 2444 1845 2498 ἑλό-

242 2556 414 2613 μενος.
447 2532 534 2589 ’Ίδ
540 2555 614 2589 ιον
638 2538 741 2610 γὰρ
764 2543 916 2589 τοῦτο
944 2542 1041 2598 τῆς
1067 2533 1346 2607 ἀγγελικῆς
1383 2534 1497 2589 ἐστι
1516 2538 1747 2607 φύσεως,
1785 2536 1847 2588 τὸ

246 2626 591 2699 ἀπηλλάχθαι
627 2634 724 2688 τῆς
760 2633 995 2698 γαμικῆς
1026 2625 1299 2698 συζυγίας,
1322 2620 1461 2698 μηδε
1486 2627 1615 2698 πρὸς
1645 2622 1768 2676 ἄλλο
1795 2640 1850 2676 τι

245 2717 431 2780 κάλλος
458 2718 887 2791 μετεωρίζεσθαι,
920 2713 1026 2767 ἀλλ’
1063 2715 1136 2776 εἰς
1163 2719 1222 2768 τὸ
1254 2717 1387 2769 θεῖον
1414 2718 1695 2788 πρόσωπον
1722 2709 1757 2767 δ
1763 2734 1850 2772 ιη-

245 2816 404 2870 νεκῶς
433 2805 702 2866 ἀτενίζειν.
742 2804 802 2858 Ὀ
847 2808 1020 2857 τοίνυν
1061 2808 1187 2880 πρὸς
1234 2810 1330 2864 τὴν
1376 2802 1659 2876 ἀγγελικὴν
1701 2802 1850 2867 ἀξίαν

247 2896 679 2971 μεταταξάμενος,
704 2895 748 2948 εἰ
767 2903 877 2958 τοῖς
898 2893 1234 2969 ἀνθρωπίνοις
1257 2892 1595 2967 ἕμμολύνοιτο
1605 2894 1847 2961 πάθεσιν,

251 2987 433 3057 ὅμοιός
461 2982 572 3036 ἐστι
609 2981 742 3059 δορᾷ
773 2980 1101 3058 παρδάλεως,
1133 2986 1197 3047 ἧς
1235 2983 1353 3037 οὔτε
1398 2983 1552 3043 λευκή
1598 2982 1854 3043 παντελῶς

253 3073 285 3131 ἡ
322 3071 439 3144 θρὶξ
466 3074 579 3125 οὔτε
604 3073 818 3146 μέλαινα
856 3070 1059 3142 διόλου,
1099 3072 1229 3127 ἀλλὰ
1256 3081 1318 3147 τῇ
1361 3073 1502 3147 μίξει
1543 3081 1642 3126 τῶν
1690 3071 1854 3147 ἑτερο-

247 3163 549 3234 χροούντων
580 3157 942 3237 διεστιγμένη,
983 3167 1098 3217 οὔτε
1125 3162 1175 3217 ἓν
1204 3170 1309 3224 τοῖς
1352 3162 1591 3236 μελασιν,
1641 3165 1759 3216 οὗτε
1802 3159 1852 3214 έν

247 3257 355 3312 τοίς
381 3249 583 3314 λευκοῖς
611 3250 931 3326 ἀριθμεῖται.
970 3259 1151 3306 Ταῦτα
1333 3249 1421 3305 οὖν
1457 3255 1727 3325 κοινοτέρα
1773 3269 1856 3313 τις

250 3340 383 3392 ἴστω
427 3339 763 3415 παραγγελία
806 3349 907 3393 τῶν
966 3345 1054 3394 τὸν
1106 3340 1331 3417 έγκρατῆ
1391 3347 1480 3395 καὶ
1532 3340 1686 3414 ἁγνὸν
1737 3338 1856 3414 βίον

249 3428 620 3505 προελομένων.

326 3866 382 3920 3.
425 3856 640 3921 Ἐπειδή
695 3854 756 3915 δὶ
793 3862 903 3934 χρὴ
936 3862 1026 3912 καὶ
1054 3863 1173 3935 περὶ
1202 3866 1303 3912 τῶν
1328 3858 1446 3913 καθ’
1471 3859 1691 3912 ἕκαστον
1722 3857 1867 3936 ἀκρι-

258 3953 363 4018 ϐῶς
411 3949 699 4021 διελέσθαι,
745 3949 1028 4024 ἀναγκαῖον
1075 3947 1135 4001 ἂν
1190 3951 1268 4008 εἴη
1324 3945 1398 4002 δι’
1446 3949 1630 4022 ὀλίγων
1659 3951 1869 4005 καταλι-

255 4050 370 4098 πεῖν
419 4046 511 4097 καὶ
566 4045 688 4118 περὶ
750 4042 947 4093 τούτων
1004 4039 1311 4113 ὑπόμνημα.
1377 4041 1444 4093 Oi
1520 4042 1870 4115 χωρισθέντες

256 4141 350 4187 τοῦ
413 4139 589 4185 κοινοῦ
638 4128 784 4205 βίου,
830 4133 921 4181 καὶ
965 4132 1095 4202 πρὸς
1142 4133 1236 4189 τὴν
1273 4130 1532 4204 θειοτέραν
1573 4130 1712 4192 ζωὴν
1746 4130 1872 4185 ἐαυ-

256 4225 381 4285 τούς
428 4220 725 4289 ἀσκοῦντες,
779 4222 852 4293 μὴ
905 4216 985 4290 ἐφ’
1034 4216 1226 4271 ἑαυτῶν
1276 4219 1413 4292 (47⁸),
1468 4215 1608 4293 μηδὲ
1645 4226 1875 4295 καταμό-

257 4332 351 4374 νας
402 4309 794 4365 ἀσκείσθωσαν.
864 4306 1229 4383 Ἐμμάρτυρον
1283 4311 1385 4381 γὰρ
1439 4304 1571 4362 εἶναι
1617 4316 1876 4384 προσὰκει

259 4404 348 4454 τὸν
407 4408 640 4454 τοιοῦτον
694 4397 832 4473 βίον,
882 4398 953 4459 ὡς
1008 4394 1069 4448 ἄν
1127 4394 1270 4457 ἐκτὸς
1328 4393 1461 4451 εἶναι
1508 4407 1740 4473 πονηρᾶς
1781 4402 1878 4454 ὑπ-

264 4489 444 4562 οψίας.
497 4493 599 4542 Καὶ
637 4489 811 4562 ὥσπερ
844 4487 870 4538 ὁ
908 4488 1260 4559 πνευματικὸς
1288 4490 1445 4559 νόμος
1481 4487 1573 4540 οὐκ
1606 4487 1877 4553 ἐλάττονας

1941 2003 2016 2046 ex
2031 1988 2246 2046 vitioso
2269 1990 2455 2047 animi
2475 1990 2695 2047 affectu
2714 1992 3295 2067 ﬁunt,corrumpunt
3313 1997 3612 2069 quodam-

1945 2077 2134 2135 modo
2162 2079 2384 2136 anima
2415 2079 2761 2153 puritatem,
2787 2092 3052 2156 suntque
3077 2084 3216 2141 vita
3246 2084 3466 2143 divina:
3496 2087 3613 2143 im-

1946 2166 2320 2242 pedimento.
2368 2169 2461 2224 Ad
2489 2169 2620 2226 hinc
2648 2169 2834 2241 igitur
2877 2172 3166 2244 respiciat
3212 2180 3468 2247 oportet,
3508 2175 3617 2249 qui

1951 2256 2173 2314 saeculo
2198 2258 2482 2315 nuntium
2511 2260 2759 2329 remisit,
2792 2264 2859 2316 ut
2903 2261 3004 2317 Dei
3038 2278 3161 2333 vas,
3212 2264 3479 2337 seipsum
3508 2264 3620 2322 sci-

1948 2344 2111 2413 licet,
2154 2345 2325 2404 nullo
2354 2362 2610 2420 prorsus
2659 2346 2877 2404 vitioso
2910 2365 3030 2406 usu
3070 2351 3440 2424 coinquinet.
3470 2353 3621 2409 Illud

1955 2441 2161 2493 autem
2173 2436 2440 2494 maxime
2460 2442 2551 2494 est
2565 2436 3282 2513 considerandum,quod
3301 2443 3406 2515 qui
3435 2443 3622 2500 vitam

1958 2524 2317 2596 angelorum
2348 2526 2545 2597 elegit,
2578 2527 2953 2585 transtulerit
2984 2545 3047 2585 se
3077 2530 3157 2586 ad
3200 2531 3626 2604 incorpoream

1958 2614 2098 2672 vita
2150 2615 2470 2685 rationem,
2523 2632 2664 2673 cum
2714 2621 2949 2674 naturae
2996 2618 3282 2677 humanae
3339 2621 3630 2679 terminos

1960 2709 2382 2776 transgressus
2414 2705 2508 2762 sit.
2544 2708 2665 2762 Hoc
2690 2706 2853 2764 enim
2885 2708 3201 2781 proprium
3223 2716 3312 2766 est
3340 2711 3627 2783 angelicae

1959 2799 2216 2859 naturae,
2247 2810 2286 2851 a
2313 2794 2573 2867 nuptiali
2615 2795 2899 2853 societate
2943 2796 3198 2854 liberam
3226 2815 3382 2868 esse,
3430 2816 3631 2874 neque

1963 2884 2045 2944 ad
2075 2882 2267 2941 ullam
2302 2882 2487 2940 aliam
2524 2885 3067 2958 contemplandam
3110 2888 3632 2960 pulchritudinem

1963 2967 2270 3034 distrahit,
2298 2967 2407 3025 sed
2428 2968 2641 3025 oculos
2659 2969 2722 3026 in
2745 2970 3021 3029 divinam
3043 2971 3260 3031 faciem
3277 2974 3521 3031 assidue
3545 2975 3634 3031 in-

1964 3061 2161 3115 tentos
2189 3056 2435 3115 habere.
2470 3057 2886 3124 Quamobrem
2910 3060 3016 3133 qui
3055 3061 3187 3131 jam
3225 3062 3286 3118 in
3338 3063 3633 3133 angelica:

1966 3147 2278 3218 dignitatis
2307 3146 2591 3204 ordinem
2636 3148 2932 3220 transivit,
2952 3149 3000 3205 si
3029 3149 3319 3208 humanis
3349 3152 3508 3209 vitiis
3537 3153 3635 3210 in-

1965 3237 2271 3312 quinetur,
2296 3235 2507 3294 similis
2534 3241 2628 3294 est
2648 3238 2960 3311 pantherae
2981 3239 3141 3313 pelli,
3157 3241 3332 3312 cujus
3365 3246 3509 3299 setae
3534 3258 3639 3299 ne-

1964 3343 2084 3402 que
2111 3342 2365 3401 prorsus
2404 3326 2561 3384 albae
2586 3332 2748 3392 sunt,
2770 3344 2970 3403 neque
3001 3329 3189 3400 nigrm
3216 3330 3488 3400 omnino,
3522 3332 3633 3389 sed

1965 3428 2103 3470 cum
2126 3413 2246 3471 sint
2267 3413 2650 3473 diversorum
2679 3416 2953 3475 colorum
2977 3419 3228 3476 mistura
3252 3419 3551 3479 distinctae
3576 3425 3638 3478 et

1965 3500 2392 3576 interpunctas,
2421 3519 2624 3578 neque
2660 3504 2725 3562 in
2761 3505 2956 3577 nigris
2992 3514 3413 3580 numerantur,
3436 3525 3637 3585 neque

1967 3588 2034 3646 in
2069 3589 2248 3648 albis.
2276 3591 2414 3648 Haec
2449 3592 2634 3665 igitur
2670 3594 3058 3653 communior
3086 3598 3376 3669 quadam
3406 3599 3481 3657 sit
3534 3599 3639 3657 ad-

1970 3678 2224 3737 monitio
2253 3680 2719 3755 exhortatioque
2741 3682 2815 3740 iis
2838 3683 2946 3757 qui
2975 3685 3391 3744 continentem
3418 3704 3492 3747 ac
3511 3705 3642 3747 cas-

1971 3771 2103 3826 tam
2131 3768 2324 3825 vitam
2346 3767 2650 3841 delegere.

2045 3862 2100 3915 3.
2130 3856 2251 3914 Sed
2277 3874 2421 3915 cum
2449 3857 2527 3916 de
2553 3859 2811 3932 singulis
2839 3877 3088 3937 quoque
3118 3862 3415 3923 disserere
3437 3881 3641 3939 operm

1974 3945 2239 4021 pretium
2267 3946 2364 4017 sit,
2409 3962 2657 4006 necesse
2686 3955 2777 4006 est
2804 3950 2880 4007 de
2916 3952 3011 4009 his
3033 3954 3215 4010 etiam
3255 3953 3505 4012 brevem
3554 3971 3648 4013 re-

1930 4074 1935 4078 -
1975 4036 2174 4111 linqui
2204 4052 2573 4094 sermonem.
2602 4039 2711 4105 Qui
2742 4056 2781 4097 a
2808 4042 3121 4100 communi
3148 4043 3395 4102 vivendi
3415 4045 3648 4102 ratione

1978 4141 2305 4195 recessere,
2337 4142 2527 4201 seque
2557 4134 2837 4188 exercent
2863 4131 2925 4187 in
2970 4130 3266 4190 diviniore
3293 4133 3432 4191 vita:
3486 4134 3651 4193 insti-

1980 4221 2129 4292 guto,
2161 4231 2287 4274 non
2327 4231 2437 4290 per
2484 4232 2548 4274 se
2577 4222 2636 4275 et
2656 4221 2787 4277 sine
2837 4219 3211 4279 adminiculo
3232 4229 3651 4283 exerceantur.

1980 4306 2268 4386 (Jonvenit
2291 4306 2459 4364 enim
2488 4313 2894 4368 contestatam
2922 4326 3057 4368 esse
3084 4316 3141 4368 et
3174 4318 3514 4386 spectatam
3545 4316 3659 4373 hu-

1977 4380 2252 4454 iusmodi
2280 4396 2487 4465 vitam,
2519 4402 2587 4453 ut
2613 4397 2805 4457 libera
2830 4400 2938 4458 ﬁat
2968 4416 3008 4456 a
3056 4380 3247 4473 prava
3272 4404 3644 4476 suspicione.

1984 4487 2053 4542 Et
2076 4484 2606 4559 quemadmodum
2634 4486 2732 4544 lex
2754 4488 3084 4562 spiritualis
3108 4505 3232 4546 non
3256 4491 3384 4548 vult
3407 4493 3657 4564 paucio-

263 4576 393 4633 εἶναι
422 4587 521 4631 τῶν
554 4574 685 4632 δέκα
708 4577 820 4646 (48)
865 4573 1116 4649 βούλεται
1140 4577 1261 4636 τοὺς
1296 4578 1356 4628 τὸ
1395 4582 1653 4649 μυστικὸν
1683 4582 1848 4652 πάσχι

1985 4590 2084 4631 res
2102 4590 2235 4632 esse
2254 4591 2445 4648 quam
2468 4574 2707 4643 decem,
2729 4578 2835 4650 qui
2855 4578 3438 4651 mysticum'pascha
3459 4597 3661 4639 come-

265 4666 531 4729 ἐσθίοντας
554 4688 567 4701 ·
638 4665 800 4727 οὕτως
850 4668 961 4740 χρὴ
1022 4662 1247 4717 ἐνταῦθα
1317 4663 1614 4726 πλεονάζειν
1686 4668 1877 4740 μᾶλλον

266 4760 296 4818 ἦ
331 4756 675 4811 έλαττοῦσθαι
703 4758 798 4815 τὴν
838 4750 1045 4809 δεκάδα
1081 4761 1183 4806 τῶν
1233 4757 1329 4813 τὴν
1378 4762 1733 4829 πνευματικὴν
1779 4778 1880 4811 πο-

265 4845 458 4901 λιτείαν
492 4846 924 4917 συνασκουμένων
948 4844 1086 4915 (49).
1142 4841 1414 4919 Ἀρχηγὸς
1440 4845 1512 4907 εἷς
1549 4854 1646 4909 τῆς
1671 4845 1881 4920 εὐσχη-

270 4940 500 5013 μοσύνης
542 4943 635 4989 rei
692 4933 814 5008 βίου
858 4933 1285 5011 προκαθεζέσθω,
1340 4932 1388 4986 έν
1421 4931 1717 5011 δοκιμασίᾳ
1757 4935 1881 5010 βίον

270 5031 360 5080 καὶ
415 5026 578 5087 ἤθους
624 5027 716 5076 καὶ
765 5024 945 5085 πάσης
993 5026 1224 5096 κοσμίας
1269 5020 1599 5098 ἀναστροφῆς
1641 5034 1740 5077 τῶν
1770 5025 1884 5079 λοι-

343 5124 452 5205 (45)
482 5119 661 5205 Illud,
790 5122 894 5205 r2».
915 5122 1056 5205 ξονον,
1087 5116 1890 5205 εοεετείῐιιωηθξιαεξῴιῖεςξὶε

226 5200 233 5209 ’
272 5181 473 5269 primo
508 5199 566 5250 et
595 5181 788 5269 tertio.
811 5181 1050 5269 Ibidem
1073 5207 1257 5249 voces
1287 5193 1479 5265 μικροῦ
1509 5181 1617 5239 δεῖν
1643 5187 1704 5243 in
1734 5181 1883 5260 REg.

273 5262 477 5349 ἰιτξξιξρ
505 5262 1005 5349 29918891”;-
1198 5337 1249 5349 ..
1287 5262 1312 5349 ⁷.

370 5341 463 5407 46)
505 5336 657 5392 Edit.
708 5332 876 5387 ἕκείνα
904 5333 1157 5407 μάλιστα.
1184 5337 1256 5391 At
1275 5332 1580 5407 duo‘mss.
1608 5332 1788 5407 έκεῖνο.

407 5354 463 5407 o)
507 5354 657 5392 non.
708 5354 876 5387 εκεινα
904 5354 984 5462 ﬁ:

407 5411 568 5478 7)lta
594 5407 872 5479 loquens

284 5624 404 5681 dex
426 5622 664 5693 Regius.

571 5713 811 5768 Psrsor.
852 5712 955 5769 Gs.
998 5711 1175 5769 XXXI.

986 5403 1196 5484 silius,
1228 5409 1300 5479 μὴ
1337 5403 1421 5484 ,ἐφ’
1463 5403 1677 5484 ἑαυτῶν,
1723 5401 1904 5484 docet

279 5475 594 5564 ριέυξεεςεθ
619 5475 753 5564 “is
794 5476 1004 5549 aliquo
1048 5475 1267 5564 ρεξίιεξι
1301 5475 1552 5564 esse
1579 5475 1903 5564 993?}???

281 5545 670 5621 disciplinam
694 5545 926 5606 discere
949 5545 1177 5621 cupiat.
1206 5546 1307 5605 Hie
1331 5545 1554 5602 desinit
1583 5545 1790 5601 tertius
1811 5559 1907 5600 co-

1987 4664 2135 4723 dant
2165 4682 2179 4720 :
2207 4665 2292 4722 ita
2320 4665 2419 4723 hic
2445 4681 2663 4723 eorum
2691 4667 2799 4740 qui
2830 4667 3016 4725 simul
3052 4668 3244 4725 vitam
3276 4670 3658 4742 spiritualem

1990 4755 2273 4813 excolunt
2287 4771 2613 4814 numerum
2628 4757 2949 4815 denarium
2967 4759 3173 4831 potius
3192 4760 3403 4829 augeri
3422 4765 3663 4833 oportet

1990 4861 2184 4920 quam
2227 4845 2443 4904 minui.
2490 4849 2657 4905 Hanc
2701 4847 3027 4907 honestam
3068 4848 3317 4907 vivendi
3360 4850 3662 4908 rationem

1992 4951 2156 4994 unus
2178 4936 2400 5011 aliquis
2419 4936 2789 5011 moderetur,
2814 4939 2922 5012 qui
2942 4939 3023 4997 ob
3050 4939 3188 4997 vita
3206 4955 3573 5013 morumque
3591 4957 3666 4998 ac

1996 5024 2196 5083 omnis
2219 5026 2511 5083 modeste
2533 5029 3025 5087 conversationis
3068 5029 3493 5101 probationem
3532 5029 3667 5086 reli-

2071 5114 2189 5190 (48)
2218 5117 2479 5190 Utraque
2505 5117 2690 5190 editio
2717 5126 2817 5170 τῶν
2864 5116 3096 5184 δώδεκα,
3133 5119 3469 5177 duodecim.
3525 5121 3665 5189 Reg.

2047 5181 2239 5243 rimus
2270 5181 2550 5256 τῶν-δέκα,
2574 5187 2774 5246 decem
2800 5206 2813 5245 :
2891 5206 2981 5247 uae
3003 5181 3301 5262 scriptura
3321 5190 3545 5246 idcirco
3566 5181 3673 5246 no-

2052 5258 2102 5313 is
2131 5257 2270 5314 visa
2298 5262 2388 5314 est
2406 5259 2626 5316 verior.
2656 5258 2828 5316 quod
2844 5206 2957 5316 Ἅειι
2976 5261 3174 5316 statim
3197 5261 3429 5316 mentio
3458 5261 3534 5316 de
3561 5276 3673 5316 nu-

2052 5258 2102 5313 is
2131 5257 2270 5333 vis_a
2298 5262 2388 5314 est
2402 5259 2626 5333 verior,
2656 5258 2828 5333 quod
2850 5257 2957 5317 ﬁat
2976 5257 3174 5317 statim
3197 5261 3429 5317 mentio
3458 5261 3534 5316 de
3561 5276 3675 5317 nu-

2006 5344 2180 5387 mero
2204 5329 2476 5406 denario.
2501 5333 2633 5406 Mox
2656 5329 2840 5388 editio
2865 5334 3011 5388 Ven.
3039 5336 3099 5389 et
3124 5335 3267 5403 Reg.
3300 5333 3536 5406 primus
3588 5333 3675 5384 οὗ·

2010 5420 2114 5463 τως
2142 5405 2233 5453 καὶ
2257 5400 2479 5453 ἐνταῦθα
2506 5401 2676 5458 πλεον.

2087 5472 2199 5543 (49)
2225 5473 2378 5548 Heg.
2409 5472 2646 5545 primus
2695 5480 2796 5525 τῶν
2845 5478 2981 5527 κατά
3033 5479 3126 5534 τὴν
3170 5480 3526 5548 πνευματικὴν
3580 5482 3677 5527 ’πο-

2016 5542 2210 5596 λιτείαν
2235 5542 2473 5605 ἀλλήλοις
2499 5549 2952 5617 συνασκουμένων.

3333 5713 3404 5766 28
