4110 6374
327 356 431 411 8T7

1670 338 1899 397 SEBMO
1937 336 2322 397 ASCETICUS

3578 351 3687 410 878

333 480 435 551 γὰρ
478 478 593 550 ἄγει
617 477 815 551 σχολήν
853 478 884 535 ἡ
910 475 1090 548 ψυχὴ,
1124 473 1171 528 ἐν
1199 483 1260 548 τῇ
1294 473 1509 544 τοιαύτη
1554 474 1647 521 τοῦ
1697 469 1931 538 σώματος

2052 462 2201 520 enim
2240 465 2458 523 animae
2497 470 2559 525 in
2585 467 2688 527 tali
2717 471 2984 545 corporis
3022 477 3183 531 statu
3210 476 3401 533 Otium
3426 480 3515 534 est
3543 492 3689 534 ocu-

327 570 671 635 καταστάσει,
700 570 831 641 πρὸς
860 586 925 619 τα
944 566 1047 618 ἅνω
1070 563 1272 638 βλέπειν
1297 563 1591 635 ἐλευθερίως
1613 580 1625 592 ·
1652 556 1777 609 ἀλλά
1796 555 1932 607 κατά

332 663 507 710 πᾶσαν
538 655 769 729 ἀνάγκην
795 659 925 730 πρὸς
952 659 1045 715 τὴν
1073 662 1165 717 τῆς
1186 650 1379 714 ὀδύνης
1406 651 1656 707 αἴσθησιν
1689 642 1932 718 ἀσχολεῖ-

331 763 419 797 ται
473 751 563 799 καὶ⁵
616 744 946 814 ἑπικλίνεται,
998 745 1463 817 συνταπεινουμένη
1514 748 1575 813 τῇ
1610 734 1933 805 κακοπαθείᾳ

328 842 422 887 τοῦ
452 841 711 908 σώματος.

404 926 462 980 4.
482 922 661 978 Ἔστω
690 930 857 977 τοίνυν
887 925 916 981 ἠ
948 928 1237 999 χρῆσις
1268 925 1425 997 χρείᾳ
1470 921 1787 992 σύμμετρος,
1842 915 1933 967 atad

334 1012 360 1065 ὁ
391 1009 524 1075 οἶνος
560 1019 690 1087 μήτε
719 1009 1002 1085 βδελυκτὸς
1033 1015 1186 1079 ἔστω,
1230 1012 1271 1064 εἰ
1301 1013 1428 1087 πρὸς
1457 1010 1729 1084 θεραπείαν
1756 1021 1931 1078 παρα-

331 1102 667 1176 λαμϐάνοιτο,
694 1106 826 1176 μήτε
857 1097 1243 1163 σπουδαζέσθω
1270 1105 1441 1173 χωρὶς
1463 1097 1693 1170 ἀνάγκης
1716 1116 1729 1129 ο
1750 1097 1843 1145 καὶ
1867 1093 1936 1143 τὰ

337 1191 464 1245 ἄλλα
482 1192 653 1244 πάντα
678 1194 931 1255 ὡσαύτως
959 1198 1072 1252 ταῖς
1100 1196 1330 1265 χρείαις,
1361 1192 1430 1263 μὴ
1474 1195 1591 1248 ταῖς
1639 1185 1934 1257 ἐπιθυμίαις

334 1280 650 1354 ὑπηρετείτω
689 1290 788 1333 τῶν
817 1280 1169 1354 ἀσκουμένων.
1221 1285 1540 1354 Προσευχῆς
1582 1276 1762 1349 καιρὸς
1806 1276 1934 1326 ἔστω

331 1368 469 1433 ἅπας
494 1370 519 1421 ὁ
549 1369 667 1444 βίος
691 1391 704 1404 ·
738 1370 1101 1444 μα’λιστα(55)
1125 1365 1183 1423 δ¹ε
1202 1364 1382 1427 ἐπειδὴ
1415 1372 1523 1442 χρη
1550 1383 1661 1418 τισι
1692 1360 1934 1435 διαλείμ-

331 1476 467 1533 μασι
496 1462 554 1512 τὸ
589 1462 829 1513 σύντονον
856 1469 950 1521 τῆς
974 1454 1288 1533 ψαλμῳδίας
1331 1461 1421 1510 καὶ
1462 1466 1522 1516 τῆ
1535 1475 1555 1517 ς
1601 1453 1936 1527 γονυκλισίας

333 1545 695 1618 διαναπαύειν,
730 1548 1102 1608 ἀκολουθητέον
1130 1555 1245 1609 ταῖς
1273 1549 1417 1621 παρὰ
1439 1555 1539 1598 τῶν
1577 1544 1739 1617 ἀγίων
1786 1560 1937 1596 τετυ-

332 1643 596 1712 πωμέναις
648 1638 715 1700 εἰς
762 1645 1069 1713 προσευχὴν
1122 1640 1300 1713 ὥραις.
1336 1640 1472 1696 Φησὶ
1514 1639 1685 1688 τοίνυν
1726 1635 1751 1686 ὁ
1777 1634 1937 1706 μέγας

332 1724 521 1797 Δαϐὶδ,
553 1730 635 1782 ὅτι
662 1731 1015 1783 Μεσονύκτιον
1038 1726 1374 1801 ἐξηγειρόμην
1394 1733 1486 1779 τοῦ
1519 1721 1941 1799 ἐξομολογεῖσθαί

2038 551 2128 607 los
2142 552 2326 611 libere
2343 572 2477 613 surs
2488 574 2587 613 um
2602 559 3060 632 attollendi,imo
3081 563 3329 621 omnino
3342 581 3587 624 necesse
3601 571 3691 624 est

2039 657 2177 699 eam
2207 644 2281 701 de
2310 646 2538 704 doloris
2570 665 2753 707 sensu
2780 651 3086 725 occupari,
3110 656 3168 709 et
3194 652 3273 710 ad
3297 654 3499 728 ipsum
3527 654 3693 712 incli-

2039 733 2194 802 nari,
2220 733 2523 811 simulque
2553 739 2812 812 deprimi
2837 756 2945 816 per
2973 742 3204 800 malam
3222 745 3491 818 corporis
3518 743 3695 803 οπεο-

2032 821 2289 883 tionem.

2111 911 2161 968 4.
2200 913 2507 991 Sititaque
2554 934 2757 977 rerum
2788 936 2937 979 usus
2978 924 3321 981 necessitati
3348 939 3695 983 accommo-

2038 1001 2156 1058 dus
2208 1018 2280 1060 ac
2326 1007 2723 1079 conveniens,
2774 1025 2973 1085 neque
3020 1013 3232 1070 vinum
3278 1013 3578 1071 habeatur
3634 1019 3701 1072 ut

2042 1090 2549 1167 abominandum,
2576 1098 2631 1154 si
2673 1099 2859 1157 modo
2890 1101 2968 1158 ad
2990 1101 3292 1160 medelam
3327 1108 3701 1174 assumatur,

2040 1198 2239 1257 neque
2264 1185 2529 1243 studiose
2551 1195 2795 1261 paretur
2820 1190 2969 1248 citra
2994 1195 3415 1251 necessitatem
3441 1215 3455 1265 ;
3487 1199 3544 1252 et
3571 1193 3704 1252 reli-

2041 1286 2167 1345 qua
2194 1273 2401 1331 omnia
2437 1276 2710 1334 similiter
2737 1280 3091 1338 necessariis
3127 1281 3359 1351 usibus,
3383 1299 3509 1340 non
3534 1282 3704 1357 cupi-

2043 1358 2335 1418 ditatibus
2376 1363 2709 1422 inserviant
2743 1384 2956 1424 eorum
2992 1369 3097 1442 qui
3141 1371 3331 1428 vitam
3379 1372 3705 1431 asceticam

2045 1450 2344 1508 excolunt.
2379 1454 2587 1512 Omnis
2615 1456 2735 1513 vita
2761 1461 3000 1531 tempus
3025 1459 3101 1517 sit
3127 1461 3364 1518 orandi.
3405 1463 3708 1529 Quoniam

2044 1544 2251 1598 tamen
2270 1543 2534 1601 maxime
2554 1546 2928 1618 quibusdam
2946 1547 3272 1607 intervallis
3288 1567 3360 1608 ea
3380 1553 3704 1625 contentio,

2047 1644 2186 1702 qua:
2209 1630 2285 1688 ad
2315 1632 2705 1704 psallendum
2736 1640 2793 1692 et
2821 1635 2899 1693 ad
2932 1652 3132 1707 genua
3158 1638 3521 1697 inﬂectenda
3542 1640 3711 1701 adbi-

2047 1718 2244 1787 betur,
2274 1719 2773 1797 interrumpenda
2800 1731 2890 1783 est
2925 1726 3330 1786 observandae
3356 1735 3496 1788 sunt
3542 1731 3708 1788 horae

330 1821 445 1888 (‘56)
475 1836 560 1871 σοι
590 1818 673 1872 ἐπὶ
704 1820 769 1871 τὰ
807 1823 1039 1893 κρίματα
1071 1826 1161 1878 τῆς
1202 1815 1548 1878 δικαιοσύνης
1587 1833 1682 1867 σου
1713 1856 1725 1867 .
1772 1812 1811 1882 ᾧ
1851 1815 1941 1863 καὶ

2052 1825 2087 1867 a
2123 1811 2344 1867 sanctis
2382 1828 2493 1885 pro
2519 1814 2803 1886 precibus
2829 1815 3180 1887 designatus.
3235 1818 3328 1876 Ait
3370 1819 3555 1890 igitur
3581 1837 3712 1879 ma-

332 1907 538 1971 Παῦλος
566 1912 656 1961 καὶ
692 1906 842 1970 Σίλας
883 1906 1284 1969 ἀκολουθοῦντες
1325 1908 1669 1982 εὑρίσκονται,
1710 1903 1847 1955 κατὰ
1883 1903 1941 1953 τὸ

328 2000 664 2072 μεσονύκτιον
713 1998 760 2052 ἑν
814 2006 886 2071 τῷ
941 1992 1291 2073 δεσμωτηρίῳ
1352 1999 1439 2048 τὸν
1485 1996 1613 2049 θεὸν
1659 1992 1940 2053 αἰνοῦντες.

328 2080 460 2142 Εἷτᾶ
491 2107 622 2162 φησι
643 2089 668 2141 ὁ
701 2087 860 2150 αύτὸς
888 2092 1155 2164 προφήτης
1189 2104 1202 2121 ο
1249 2086 1501 2161 Ἐσπέρας
1540 2088 1629 2137 καὶ
1663 2085 1800 2159 πρωὶ
1849 2084 1940 2133 καὶ

328 2178 683 2255 μεσημϐρίας.
717 2177 875 2232 Ἀλλὰ
902 2183 992 2232 καὶ
1015 2179 1044 2237 ᾗ
1075 2186 1167 2231 τοῦ
1196 2182 1353 2250 ἁγίου
1397 2178 1696 2249 Πνεύματος
1744 2190 1941 2246 παρου-

334 2271 424 2321 σία
456 2270 567 2339 (57)
605 2270 740 2321 κατά
768 2272 863 2326 τὴν
884 2272 1066 2342 τρίτην
1095 2271 1293 2339 γίνεται
1322 2268 1478 2341 ὤραν,
1519 2265 1689 2324 καθὼς
1727 2261 1777 2314 ἐν
1825 2265 1941 2323 ταῖς

330 2357 562 2433 Πράξεσι
585 2359 983 2432 μεμαθήκαμεν,
1012 2358 1115 2424 ὅτε,
1160 2353 1618 2429 διαχλευαζόντων
1649 2350 1697 2405 ἐν
1735 2359 1797 2425 τῇ
1825 2368 1944 2405 ποι.

331 2447 449 2522 κίλη
474 2456 576 2501 τῶν
600 2446 855 2519 γλωσσῶν
886 2445 1112 2523 ἐνεργείᾳ
1150 2454 1248 2499 τῶν
1280 2447 1578 2521 Φαρισαίων
1608 2445 1730 2504 τοὺς
1759 2442 1937 2515 μαθη-

331 2541 441 2607 τάς,
476 2541 634 2611 φησὶν
666 2538 691 2589 ὁ
719 2541 911 2610 Πέτρος
936 2541 1007 2609 μὴ
1034 2538 1241 2610 μεθύειν
1269 2539 1389 2598 τοὺς
1421 2543 1588 2587 ταῦτα
1614 2531 1932 2592 λαλοῦντας·

332 2629 443 2705 ὥρα
459 2630 563 2702 γὰρ
589 2627 700 2680 ἐστι
720 2631 892 2702 τρίτη.
922 2625 983 2680 Ἠ
1014 2622 1073 2680 δὴ
1099 2626 1250 2685 ἐνάτη
1276 2633 1368 2679 τοῦ
1390 2629 1707 2679 Δεσποτικοῦ
1737 2622 1937 2684 πάθους

334 2718 449 2772 ἐστὶ
478 2721 830 2791 μνημόσυνον,
860 2724 952 2769 τοῦ
984 2716 1109 2791 ὑπὲρ
1145 2724 1235 2778 τῆς
1260 2717 1514 2791 ἡμετέρας
1543 2713 1685 2776 ζωῆς
1719 2714 1935 2785 γενομέ-

332 2827 444 2862 νου.
472 2805 606 2861 Ἀλλ’
637 2801 817 2865 ἐπειδὴ
851 2824 1008 2879 φησιν
1031 2807 1057 2858 ὀ
1088 2801 1274 2873 Δαϐὶδ,
1302 2808 1383 2858 ὅτι
1408 2804 1655 2864 Ἐπτάκις
1679 2809 1775 2863 τῆς
1803 2803 1935 2873 ἠμέ-

338 2914 434 2969 ρας
459 2896 620 2968 ῇνεσά
650 2914 706 2948 σε
733 2894 812 2948 ἐπὶ
840 2895 905 2947 τά
929 2898 1163 2971 κρίματα
1191 2901 1287 2957 τῆς
1318 2890 1664 2954 δικαιοσύνης
1718 2910 1836 2961 σου,
1888 2890 1937 2941 οἱ

344 2979 403 3037 δὲ
422 2986 846 3058 μνημονευθέντες
883 2991 980 3048 τῆς
1008 2992 1317 3061 προσευχῆς
1344 2987 1530 3060 ,καιροὶ
1567 2980 1626 3034 οὗ
1674 2978 1938 3055 πληροῦσι

340 3076 435 3131 τὴν
461 3068 734 3147 ἑϐδομάδα
761 3081 859 3127 τῶν
896 3082 1232 3150 προσευχῶν,
1277 3076 1372 3132 τήν
1413 3068 1774 3147 μεσημϐρινὴν
1804 3085 1938 3142 προ-

2052 1916 2208 1975 gnus
2250 1901 2475 1959 David:
2509 1905 2711 1962 Media
2739 1911 2912 1964 nocte
2956 1908 3276 1979 surgebam
3315 1909 3398 1967 ad
3427 1912 3712 1981 conﬁten-

2051 1988 2194 2047 dum
2215 1989 2343 2060 tibi,
2375 1994 2811 2063 superjudicia
2854 1996 3120 2065 justitice
3160 2004 3283 2056 tua:
3312 1999 3486 2070 (Psal
3512 2015 3708 2069 cxvm,

2038 2084 2142 2147 '62)
2172 2096 2397 2154 :quem
2428 2087 2485 2137 et
2519 2083 2736 2139 Paulus
2779 2090 2838 2142 et
2863 2085 3015 2142 Silas
3063 2086 3253 2144 secuti
3297 2104 3431 2146 esse
3470 2105 3712 2164 compe-

2046 2170 2307 2240 riuntur,
2341 2171 2567 2245 quippe
2593 2174 2698 2246 qui
2720 2175 2923 2232 media
2950 2181 3127 2233 nocte
3153 2177 3342 2234 Deum
3381 2178 3444 2235 in
3474 2194 3712 2237 carcere

2047 2257 2429 2317 laudaverint
2456 2261 2613 2332 (Act.
2640 2278 2761 2333 κη,
2803 2266 2920 2337 25).
2954 2265 3178 2323 Deinde
3208 2267 3354 2324 dicit
3383 2268 3548 2325 idem
3576 2284 3714 2342 pro-

2043 2348 2232 2422 pheta
2262 2368 2276 2406 :
2314 2350 2554 2421 Vespere
2581 2359 2636 2410 et
2649 2368 2829 2411 mane
2851 2360 2908 2411 et
2933 2357 3185 2415 meridie
3228 2357 3418 2429 (Psal.
3451 2373 3559 2415 Liv.
3596 2359 3709 2427 18).

2044 2438 2202 2503 Quin
2249 2444 2308 2496 et
2346 2440 2597 2514 Spiritus
2650 2447 2900 2500 sanctus
2950 2444 3184 2502 circiter
3213 2445 3432 2504 horam
3474 2449 3713 2506 tertiam

2044 2528 2313 2599 advenit,
2358 2530 2520 2588 velut
2574 2531 2639 2588 in
2684 2533 2844 2591 Actis
2886 2533 3213 2592 didicimus
3261 2538 3420 2607 (Act.
3474 2553 3541 2595 ιι.
3605 2538 3710 2611 15),

2042 2634 2185 2676 eum
2203 2619 2462 2694 fnempe,
2492 2621 2802 2680 Pharisaeis
2843 2622 3172 2698 discipulos
3210 2626 3292 2684 ob
3320 2628 3559 2686 varium
3602 2627 3689 2686 lin

2046 2724 2303 2781 gnarum
2324 2725 2506 2766 usum
2538 2711 2715 2784 322
2738 2712 3148 2787 irridentibus,
3180 2717 3262 2773 ait
3280 2718 3490 2774 Petrus
3511 2717 3712 2776 ebrios

2043 2816 2155 2879 eos
2194 2814 2320 2857 non
2357 2816 2511 2869 esse,
2540 2803 2641 2873 qui
2678 2802 2809 2858 haec
2851 2802 3241 2879 loquerentur
3274 2824 3290 2863 :
3329 2808 3711 2883 quandoqui-

2044 2889 2184 2947 dem
2209 2890 2361 2947 hora
2388 2895 2517 2948 erat
2542 2891 2735 2948 tertia.
2782 2894 2940 2951 liora
2974 2910 3119 2952 vero
3156 2911 3321 2953 nona
3348 2899 3711 2957 memoriam

2040 2978 2224 3036 refert
2247 2978 2574 3037 Dominieee
2594 2982 2915 3053 passionis,
2939 2999 3077 3055 quas
3107 2984 3243 3041 vita:
3268 2982 3489 3043 nostra
3520 3003 3713 3046 causa

2044 3073 2331 3142 suscepta
2350 3073 2461 3126 est.
2498 3069 2635 3137 Sed,
2659 3070 2953 3144 quoniam
2985 3072 3129 3130 dicit
3158 3074 3343 3132 David
3372 3077 3626 3149 :Septies
3644 3079 3710 3134 in

341 3167 538 3234 σδνκὴν
566 3160 880 3239 διατμητέον
906 3186 919 3199 ο
952 3169 1042 3218 καὶ
1073 3168 1167 3225 τήν
1197 3166 1287 3239 μὶν
1310 3166 1412 3239 πρὸ
1438 3170 1530 3216 τοῦ
1558 3162 1940 3235 προσενέγκασ-

2052 3158 2145 3216 die
2158 3158 2397 3217 laudem
2411 3159 2541 3216 dixi
2552 3158 2661 3216 tibi
2671 3163 3360 3235 superjudi’ciajustttiz
3374 3170 3494 3223 tua:
3510 3167 3533 3233 (
3542 3167 3708 3224 Psal.

336 3251 423 3304 θαι
449 3257 541 3311 τὴν
572 3258 782 3330 τροφὴν,
811 3258 904 3312 τὴν
937 3251 996 3309 δὲ
1034 3256 1161 3327 μετᾶ
1189 3257 1249 3306 τὸ
1284 3252 1735 3328 προσενέγκασθαι
1760 3269 1772 3282 ·
1806 3249 1942 3300 ὥστε

334 3344 577 3414 γενέσθαι
615 3346 698 3393 καὶ
722 3344 847 3415 ἡμῖν
886 3343 934 3395 ἑν
960 3346 1108 3416 τύπῳ
1138 3344 1194 3395 τὸ
1223 3343 1437 3404 ἑπτάκις
1473 3350 1571 3403 τῆς
1617 3341 1816 3415 ἡμέρας
1855 3336 1941 3389 αἰ-

335 3438 434 3483 νεῖν
474 3432 563 3484 τὸν
596 3433 725 3485 Θεὸν
749 3433 886 3483 κατὰ
913 3438 1087 3484 πᾶσαν
1118 3439 1213 3493 τῆς
1242 3434 1436 3507 ἡμέρας
1472 3426 1737 3503 περίοδον.
1772 3430 1836 3480 Δί
1866 3428 1943 3479 εἴ-

340 3517 496 3576 σοδοι
514 3530 614 3574 τῶν
640 3523 735 3596 μὲν
754 3519 991 3595 γυναιξὶν
1024 3520 1509 3576 ἀποκεκλείσθωσαν
1540 3520 1653 3592 (58)
1684 3540 1697 3554 °
1757 3513 1945 3593 ἄνδρες

341 3606 398 3666 ἴε
418 3616 491 3687 μὴ
524 3614 711 3675 πάντες
735 3612 1038 3683 εἱσίτωσαν,
1062 3611 1169 3665 ἀλλ’
1201 3614 1318 3666 ὅσοι
1343 3611 1402 3663 ἂν
1434 3612 1534 3664 ὑπὸ
1564 3618 1655 3663 τοῦ
1684 3612 1950 3681 καθηγου.

340 3705 493 3776 μίνου
523 3704 987 3757 καταπιστευθῶσι
1038 3706 1133 3761 τὴν
1179 3697 1406 3757 εἴσοδον.
1456 3700 1713 3762 Πολλάκις
1765 3700 1866 3774 γὰρ
1913 3700 1942 3757 ἠ

344 3789 634 3869 ἀδιαφορία
656 3801 751 3846 τοῦ
778 3793 1033 3855 εἰσιόντος
1062 3788 1291 3867 ἀκαίρων
1320 3790 1485 3865 λόγων
1531 3795 1622 3843 καὶ
1682 3787 1947 3862 ἀνωφελῶν

349 3879 695 3958 διηγημάτων
753 3880 1062 3937 ἀκολουθίαν
1099 3890 1209 3943 ταῖς
1259 3877 1507 3957 καρδίαις
1548 3880 1829 3947 ἐντίθησιν,
1882 3877 1948 3939 εἰς

344 3977 576 4047 ματαίας
612 3991 668 4027 τε
695 3977 784 4027 καὶ
815 3971 1080 4047 ἀνωφελεῖς
1110 3966 1350 4035 διανοίας
1388 3970 1442 4024 ἐκ
1475 3978 1573 4024 τῶν
1598 3974 1833 4044 ματαίων
1857 3967 1948 4021 λό-

346 4083 451 4137 γων
484 4060 720 4136 ἐμϐάλλει
754 4062 888 4135 (59).
936 4064 1035 4116 Καὶ
1065 4058 1160 4115 διὰ
1188 4069 1342 4116 τοῦτο
1384 4064 1535 4135 νόμος
1578 4061 1707 4112 ἴστω
1755 4061 1949 4125 κοινὸς,

346 4155 501 4227 μόνον
531 4151 826 4229 ἓρωτᾶσθαι
872 4155 958 4204 τὸν
1004 4152 1395 4225 καθηγούμενον
1437 4154 1526 4202 καὶ
1579 4146 1953 4224 ἀποκρίνεσθαι

343 4242 471 4317 ὗπὶρ
502 4240 569 4294 ὧν
600 4247 860 4317 προσήκει
882 4242 1123 4315 γενέσθαι
1164 4242 1281 4294 τινὰ
1319 4241 1457 4293 κατά
1493 4238 1725 4311 ἀνάγκην
1763 4238 1912 4311 λόγον
1936 4256 1949 4271 ·

345 4337 468 4395 τοὺς
498 4328 557 4387 δὴ
586 4331 801 4396 λοιποὺς
837 4336 909 4406 μὴ
944 4330 1319 4406 ἀποκρίνεσθαι
1346 4336 1456 4392 τοῖς
1487 4325 1874 4401 ἀδολεσχοῦσιν
1905 4326 1953 4382 ἓν

346 4423 580 4499 ὁμιλίαις
592 4420 868 4500 ματαίαις,
911 4423 994 4477 ἵνα
1020 4427 1093 4498 μὴ
1124 4419 1559 4497 συγκαθελκυσθῇ
1586 4424 1718 4498 πρὸς
1737 4423 1832 4479 τὴν
1862 4417 1952 4495 ἀρ.

346 4524 452 4590 γῶν
482 4515 737 4593 ῥημάτων
775 4513 1106 4571 ἀκολουθίαν.

425 4882 489 4937 5.
528 4874 804 4940 Ἀποθήκη
866 4871 927 4932 δέ
969 4882 1082 4942 τοῖς
1128 4880 1292 4930 πᾶσιν
1340 4876 1476 4930 ἔστω
1530 4877 1634 4950 μία
1669 4874 1841 4941 κοινὴ,
1876 4873 1968 4924 καὶ

353 4964 527 5042 μηδὶν
576 4965 719 5025 ἴδιον
772 4968 980 5042 ἑκάστῳ
1043 4966 1420 5043 ὀνομαζέσθωο
1486 4969 1559 5040 μὴ
1627 4965 1853 5040 ἱμάτιον,
1894 4965 1966 5036 μὴ

2046 3264 2236 3307 cxvm.
2259 3249 2514 3321 t64),illa
2532 3254 2731 3307 autem
2752 3250 2969 3308 orandi
2988 3257 3426 3329 tempora,quae
3445 3256 3712 3313 diximus

2048 3355 2440 3414 nequaquam
2452 3338 2694 3414 explent
2708 3356 2956 3414 precum
2966 3342 3715 3416 hebdomada,dividenda

2052 3434 2142 3487 est
2171 3428 2506 3486 meridiana
2518 3430 2802 3505 precatio,
2823 3431 2909 3489 sie
2932 3436 2998 3489 ut
3024 3448 3167 3507 pars
3188 3449 3311 3493 una
3337 3440 3711 3511 anteaquam

2053 3518 2225 3577 cibus
2269 3523 2562 3589 sumatur,
2587 3518 2776 3577 altera
2818 3525 2956 3593 post
2998 3528 3316 3596 acceptum
3350 3523 3558 3583 cibum
3605 3526 3716 3585 ﬁat

2055 3626 2179 3683 quo
2205 3611 2385 3666 etiam
2417 3626 2489 3667 ea
2535 3611 2635 3666 Dei
2665 3611 2934 3669 laudatio
2963 3629 3101 3686 quae
3130 3612 3350 3687 septies
3379 3616 3475 3672 die
3496 3618 3559 3674 in
3587 3622 3714 3676 toto

2055 3698 2185 3781 diei
2198 3699 2445 3757 circuitu
2482 3698 2862 3775 persolvitur,
2886 3702 3062 3781 nobis
3095 3702 3169 3761 sit
3216 3719 3327 3777 pro
3359 3707 3710 3781 exemplari.

2057 3778 2266 3847 Aditus
2288 3786 2363 3846 ad
2384 3790 2752 3847 monasteria
2775 3778 3129 3850 obstruetur
3158 3794 3514 3852 mulieribus
3536 3778 3561 3853 7:
3589 3797 3714 3855 imo

2052 3894 2182 3936 non
2206 3878 2404 3952 quivis
2425 3878 2533 3935 viri
2562 3879 3120 3952 ingrediantur,sed
3137 3883 3363 3957 quibus
3395 3885 3718 3957 praefectus

2058 3968 2400 4040 ingressum
2454 3971 2813 4042 permiserit.
2875 3973 3026 4029 Cum
3081 3974 3244 4029 enim
3297 3974 3548 4047 quilibet
3587 3977 3717 4033 sine

2057 4057 2905 4130 delectuingreditur,animus
2915 4060 3725 4139 plerumqueiniutempesti—

2062 4164 2170 4206 vos
2191 4164 2504 4205 sermones
2534 4164 2605 4206 ae
2645 4149 2885 4207 inutiles
2918 4151 3157 4209 fabulas
3188 4168 3319 4211 sese
3358 4155 3635 4228 eﬂ'undit,
3665 4161 3727 4213 et

2061 4255 2136 4296 ex
2162 4239 2336 4296 vanis
2357 4238 2671 4313 colloquiis
2697 4238 3001 4298 delabitur
3029 4243 3090 4299 in
3134 4259 3327 4301 vanas
3358 4244 3725 4320 inutilesque

2062 4329 2477 4400 cogitationes.
2528 4327 2618 4385 0b
2658 4329 2843 4404 idque
2886 4331 2983 4389 lex
3038 4335 3382 4391 communis
3412 4352 3488 4394 ea
3528 4336 3623 4407 sit,
3662 4342 3730 4394 ut

2064 4419 2232 4477 solus
2264 4432 2491 4493 praeses
2515 4418 2591 4476 de
2621 4420 2693 4475 iis
2722 4420 3122 4493 interrogetur
3144 4427 3203 4481 et
3231 4426 3621 4497 respondeat,
3652 4427 3729 4484 de

1989 4544 2035 4601 ί)
2065 4508 2292 4601 quibus
2340 4509 2685 4567 necessario
2723 4526 2924 4601 sermo
2967 4510 3188 4601 aliquis
3228 4511 3440 4601 haberi
3482 4515 3665 4574 debet
3713 4536 3727 4575 :

2065 4597 2317 4656 minime
2337 4603 2543 4656 autem
2560 4598 2979 4673 respondeant
2996 4600 3195 4657 caeteri
3219 4600 3292 4658 iis
3315 4603 3422 4676 qui
3447 4618 3733 4677 superva-

2069 4686 2277 4746 caneis
2318 4686 2828 4746 eollocutionibus
2865 4692 3196 4759 nugantur,
3228 4693 3296 4747 ut
3318 4706 3397 4748 ne
3429 4691 3617 4751 simul
3652 4695 3735 4752 ad

2066 4777 2351 4838 inanium
2368 4776 2701 4839 verborum
2722 4777 2943 4837 seriem
2974 4779 3419 4852 per-trahantur.

2146 4873 2202 4928 5.
2222 4868 2535 4941 Apotheca
2562 4873 2766 4925 autem
2806 4870 3151 4926 communis
3181 4871 3458 4929 omnium
3499 4872 3596 4942 sit,
3626 4888 3742 4933 nec

2077 4955 2417 5033 quidquam
2445 4973 2553 5015 ceu
2582 4958 2848 5032 cujusvis
2876 4958 3197 5034 proprium
3217 4958 3585 5034 nominetur,
3614 4978 3744 5021 non

356 5055 636 5133 ὑπόδημα,
678 5061 748 5133 μὴ
786 5057 909 5112 ἄλλο
937 5076 992 5113 τε
1026 5065 1130 5113 τῶν
1155 5059 1285 5157 πρὸς
1312 5059 1408 5116 τὴν
1464 5053 1752 5157 ἀναγκαίου
1786 5056 1941 5157 χρεία

2079 5047 2525 5117 vestimentum,
2586 5065 2710 5106 non
2759 5047 3264 5123 calceamentum,
3325 5064 3449 5108 non
3501 5052 3746 5126 quidvis

354 5155 450 5203 τοῦ
483 5154 747 5223 σώματος.
782 5146 920 5201 Ἀλλ’
976 5146 1030 5201 ἓν
1076 5152 1143 5221 τῇ
1186 5145 1405 5220 ἐξουσίᾳ
1442 5152 1539 5198 τοῦ
1579 5145 1941 5242 καθηγουμένο

2084 5138 2251 5196 aliud
2280 5146 2445 5211 quod
2476 5139 2555 5195 ad
2602 5139 3013 5195 necessarium
3045 5139 3310 5212 corporis
3340 5158 3519 5200 usum
3566 5146 3747 5217 perti-

356 5240 391 5300 ὖ
437 5247 642 5318 χρῆσις
702 5239 822 5314 (σο)
870 5240 1027 5307 ἔστω,
1062 5236 1124 5291 ἐκ
1164 5244 1268 5291 τῶν
1314 5243 1498 5290 κοινῶν
1544 5236 1605 5288 τὸ
1654 5231 1941 5291 κατάλληλο

2085 5232 2246 5286 neat.
2280 5227 2398 5287 Sed
2434 5243 2583 5285 usus
2622 5230 2699 5286 sit
2725 5243 2912 5303 penes
2936 5228 3309 5302 praefectum,
3355 5231 3440 5289 ita
3493 5237 3560 5291 ut
3579 5234 3750 5308 quod

432 5384 547 5451 (55)
583 5381 778 5442 Editio
808 5380 994 5443 Paris.

365 5454 481 5512 dex
516 5454 665 5528 Reg.
700 5456 860 5528 utin
890 5454 1197 5528 contextu;

445 5528 562 5599 (56)
597 5522 795 5587 Codex
825 5528 967 5600 Reg.
997 5534 1088 5579 τοῦ
1117 5522 1630 5600 ἐξομολογήσασθαι.

1034 5380 1155 5511 piat;
1179 5380 1434 5456 μάλιστα.
1468 5379 1612 5434 Ἐπεὶ
1643 5373 1703 5433 δι
1729 5378 1941 5454 χρή.01

1034 5468 1106 5511 ex
1135 5469 1197 5512 ιι.

2324 5443 2531 5501 Codex
2560 5445 2703 5512 Reg.
2724 5442 2961 5515 γυναιξὶν
2993 5440 3468 5505 ἀποκλειέσθωσαν.

470 5531 562 5598 56)
597 5514 795 5587 δυάδι
825 5528 967 5597 Reg.
997 5534 1088 5579 τοῦ
1117 5522 1630 5600 ἐξομολογήσασθαι.
1887 5592 1897 5604 1

470 5602 557 5650 57)
586 5599 754 5650 Idem
781 5598 975 5650 codex
1006 5601 1303 5650 Πνεύωιατος
1352 5601 1660 5650 προφητεία.
1723 5590 1941 5650 Smnh

2175 5519 2299 5641 (59;
2318 5518 2583 5589 Utraque
2622 5514 2806 5571 editio
2843 5514 3008 5587 λόγων
3054 5516 3309 5573 ἐκϐάλλει.
3364 5522 3567 5579 Codex
3600 5524 3748 5595 Reg.

2105 5588 2268 5650 ἑμϐάλ
2302 5607 2363 5643 ει.
2398 5590 2531 5644 Mox
2556 5587 2716 5642 idem
2750 5586 2902 5643 liber
2926 5591 3092 5643 1vetus
3121 5591 3246 5650 ὑπὲρ
3278 5592 3346 5642 ὧν
3376 5600 3487 5648 καί.

440 5602 557 5726 (572
586 5599 755 5657 Idem
781 5598 975 5682 codex
1006 5598 1303 5671 Πνεύματος
1342 5598 1660 5672 προφητεία,
1723 5598 1941 5674 δριῂίι

376 5685 523 5727 sane
554 5687 573 5726 ι
615 5670 961 5742 prophetia.
1003 5667 1432 5742 Notatudigna
1449 5674 1592 5724 sunt
1622 5681 1762 5742 quae
1792 5664 1891 5742 hic
1910 5660 1941 5719 ὁ

2105 5598 2363 5664 ἐμϐάλλει.
2399 5598 2531 5644 Mox
2556 5598 2716 5642 idem
2750 5598 2902 5643 uber
2926 5598 3092 5643 vetus
3121 5598 3246 5718 om

2168 5661 2291 5732 (60)
2332 5657 3090 5733 Atticulusposiwsestex
3111 5676 3149 5717 ε
3234 5661 3251 5718 i

3234 5677 3329 5719 ωε
3350 5677 3495 5723 κεῖ.
3509 5677 3648 5723 eme
3661 5680 3767 5723 νο-

376 5667 573 5727 δαπσίι
615 5670 960 5742 prophetia.
1003 5667 1223 5727 Notatu
1243 5667 1432 5740 digna
1449 5667 1592 5724 sunt
1622 5681 1762 5739 quae
1792 5667 1891 5721 hic
1910 5667 1995 5719 di-
2168 5667 2291 5732 (60)
2332 5667 2632 5716 Atticulae
2646 5667 2891 5733 positus
2903 5667 3090 5716 estex
3111 5667 3329 5719 codice
3350 5667 3495 5736 Reg.
3509 5668 3648 5723 ante

375 5746 597 5799 cuntur
610 5744 688 5801 de
701 5747 938 5817 septem
949 5740 1370 5821 horis,quibus
1381 5744 1660 5815 oporteat
1672 5735 1999 5795 Deumlau~
2103 5749 2238 5792 cem
2257 5741 2368 5812 χρὴ
2379 5750 2478 5794 σις.
