4110 6388
463 310 532 364 79
1822 307 1879 363 S.
1922 303 2176 362 BASlLll
2216 307 2435 364 MAGNI

3699 326 3808 380 880

422 430 639 504 cuique
652 446 763 487 con
773 429 954 499 venit,
974 428 1037 486 id
1056 444 1130 487 ex
1147 428 1579 487 communibus
1598 430 1898 488 tribuatur
1905 431 2052 502 juxta

2190 431 2411 486 ἑκάστου
2462 440 2830 511 χρησιμεύειν,
2887 441 3024 493 κατὰ
3073 442 3169 499 τὴν
3244 448 3338 496 τοῦ
3406 450 3801 519 προηγουμένου

418 519 821 577 moderatoris
861 523 1253 595 praeceptum.
1299 521 1435 576 1am
1475 535 1612 576 vero
1650 519 1711 575 in
1757 521 1876 577 hoc
1918 535 2080 577 com-

415 607 587 667 muni
640 608 1038 666 contubernio
1086 607 1420 665 dilectionis
1464 608 1564 666 lex
1611 626 1736 666 non
1790 610 2081 683 permittit

414 697 808 772 particulares
838 697 1132 755 amicitias
1162 713 1233 753 ac
1257 697 1628 755 sodalitates.
1660 702 1808 756 Nam
1832 713 2078 756 necesse

415 791 509 843 est
535 788 806 854 omnino,
832 786 1081 843 affectus
1111 786 1507 860 particulares
1548 788 1881 860 plurimum
1900 804 2074 845 com-

414 876 587 935 muni
611 876 952 934 concordiee
981 891 1214 934 nocere.
1253 877 1663 944 Quamobrem
1689 879 1985 951 respicere
2013 894 2074 934 se

413 972 627 1025 mutuo
647 966 871 1024 debent
885 982 1097 1023 omnes
1114 983 1255 1023 cum
1276 967 1494 1041 aequali
1517 968 1741 1024 amoris
1761 984 2071 1037 mensura,

413 1074 697 1131 unusque
729 1062 787 1114 et
831 1055 993 1112 idem
1026 1056 1087 1113 in
1110 1060 1234 1114 toto
1276 1062 1435 1114 coetu
1474 1058 1773 1114 tenendus
1800 1062 1889 1115 est
1924 1057 2073 1115 dile-

415 1146 628 1204 ctionis
651 1147 890 1203 modus.
927 1145 1100 1212 Quod
1124 1146 1171 1203 si
1195 1147 1332 1220 quis
1365 1147 1445 1203 ob
1467 1163 1902 1221 quamcunque
1926 1164 2072 1205 cau-

414 1252 549 1292 sam
572 1236 941 1295 monachum
969 1234 1214 1291 fratrem
1267 1240 1371 1292 aut
1409 1236 1823 1309 propinquum
1853 1230 2073 1308 majori

411 1326 613 1383 studio
631 1342 821 1399 quam
842 1325 1027 1381 alium
1048 1323 1325 1398 quemvis
1343 1325 1623 1399 prosequi
1643 1327 2067 1400 comperiatur,

411 1412 463 1468 is
511 1417 806 1486 tanquam
858 1414 920 1470 in
958 1418 1146 1469 totam
1192 1413 1540 1472 societatem
1595 1415 2069 1472 contumeliosus

410 1504 759 1575 castigetur.
805 1502 1036 1560 Nimius
1074 1519 1346 1577 namque
1395 1520 1542 1575 erga
1570 1521 1764 1562 unum
1800 1505 2067 1579 aliquem

409 1609 585 1650 amor
644 1608 939 1664 magnum
989 1593 1053 1648 in
1079 1598 1326 1649 caeteros
1386 1594 1685 1651 defectum
1733 1595 1951 1666 arguit.
2002 1595 2067 1652 Ei

405 1688 612 1740 autem
634 1683 740 1756 qui
773 1682 853 1739 ob
882 1682 1170 1739 delictum
1222 1682 1458 1757 aliquid
1489 1684 1933 1742 condemnatus
1953 1690 2063 1759 est,

2189 521 2474 594 ὑφήγησιν.
2505 524 2585 578 Ἐν
2626 523 2687 579 δι
2738 536 2800 601 τῇ
2852 537 2998 602 κοινῇ
3048 532 3210 603 ταύτῃ
3270 538 3534 607 συσκηνίᾳ
3583 539 3802 610 μερικάς

2189 609 2362 682 φιλίας
2420 618 2511 666 καὶ
2550 615 2807 689 ἑταιρείας
2854 620 2880 670 6
2927 628 3019 679 τῆς
3064 617 3271 692 ἀγάπης
3331 623 3521 695 θεσμὸς
3565 609 3684 696 (61)
3738 626 3799 678 ού

2189 709 2479 774 συγχωρεῖ·
2516 701 2746 777 Ἀνάγκη
2804 709 2907 782 γὰρ
2952 714 3102 761 πᾶσα
3147 711 3242 771 τὰς
3289 709 3337 763 ἐν
3393 713 3539 787 μέρει
3593 718 3800 788 γινομέ-

2184 808 2272 850 νας
2327 794 2683 863 προσπαθείας
2733 795 2806 858 εἰς
2845 796 3010 850 πολλὰ
3050 795 3301 870 βλάπτειν
3338 804 3433 858 τὴν
3472 806 3650 861 κοινὴν
3680 805 3796 876 (62)

2186 885 2508 953 συμφωνίαν.
2572 890 2680 936 Νῦν
2749 881 2809 938 δὲ
2864 888 2962 959 ἴσῳ
3009 895 3080 958 τῷ
3130 892 3302 963 μέτρῳ
3353 898 3448 952 τῆς
3508 887 3797 956 διαθέσεως

2182 970 2377 1030 πάντας
2444 977 2702 1046 προσέκει
2770 977 2900 1049 1:96;
2966 973 3220 1039 ἀλλήλους
3289 976 3517 1051 βλέπειν,
3590 986 3681 1034 καὶ
3746 982 3796 1036 ἓν

2181 1061 2366 1131 μέτρον
2409 1067 2505 1121 τῆς
2553 1058 2760 1133 ἀγάπης
2804 1062 2886 1115 ἐπὶ
2938 1068 3124 1126 παντὸς
3172 1074 3379 1140 κρατεῖν
3436 1076 3528 1122 τού
3580 1069 3792 1145 πληρώ-

2180 1168 2357 1220 ματος.
2405 1150 2466 1202 Εἰ
2497 1147 2555 1204 δὲ
2604 1172 2685 1216 τις
2733 1154 2910 1229 εὑρεθῇ
2945 1155 3139 1210 πλείονι
3206 1162 3394 1229 σχέσει
3451 1158 3792 1232 ἁγαπητικῶς

2181 1240 2318 1310 ἔχων
2348 1244 2479 1317 πρὸς
2506 1248 2742 1315 μοναχὸν
2802 1242 3045 1318 ἀδελφὸν,
3078 1255 3108 1305 ἢ
3146 1257 3393 1321 συγγενῆ,
3427 1251 3456 1309 ἦ
3487 1256 3617 1326 1:96;
3639 1252 3791 1306 ἄλλον

2179 1332 2297 1381 τινὰ
2326 1326 2399 1382 δι’
2432 1327 2749 1391 οἱανδήποτε
2778 1338 3061 1410 πρόφασιν,
3113 1339 3182 1399 ὡς
3229 1340 3290 1390 :6
3338 1342 3507 1391 κοινὸν
3567 1337 3786 1409 ἀδικῶν,

2182 1419 2603 1493 σωφρονιζέσθω.
2644 1421 2702 1475 Ὀ
2731 1425 2834 1496 γὰρ
2873 1423 3198 1499 πλεονασμὸς
3242 1434 3340 1491 τῆς
3388 1424 3671 1491 διαθέσεως
3705 1428 3789 1484 ἐπὶ

2176 1514 2268 1559 τοῦ
2317 1508 2420 1571 ἑνὸς
2475 1518 2759 1585 προσώπου
2810 1518 3131 1588 κατηγορίαν
3188 1518 3303 1588 ἔχει
3365 1524 3458 1578 τῆς
3532 1516 3618 1572 ἐπὶ
3686 1528 3788 1572 τῶν

2175 1595 2338 1648 ἄλλων
2391 1596 2653 1670 ἐλλείψεως
2712 1600 2905 1660 πολλήν
2951 1603 3091 1676 (63).
3158 1607 3238 1659 Τὰ
3294 1601 3354 1659 δι
3408 1604 3650 1680 ἐπιτίμια
3694 1616 3785 1661 τοῦ

2174 1684 2261 1739 ἐπὶ
2297 1686 2622 1763 πλημμελείᾳ
2674 1695 2775 1743 τινὶ
2826 1693 3279 1763 καταγνωσθέντος
3334 1699 3465 1771 πρὸς
3502 1700 3561 1748 τὸ
3600 1700 3785 1771 μέτρον

400 1771 744 1843 irrogentur
759 1786 954 1845 poenae
974 1788 1085 1845 pro
1120 1773 1350 1846 peccati
1373 1789 1681 1839 mensura,
1707 1773 1804 1831 vel
1826 1779 1894 1831 ut
1922 1790 2052 1832 cum

2172 1783 2265 1828 τοῦ
2291 1776 2669 1851 ἁμαρτήματος
2697 1782 2862 1833 ἔστω·
2912 1786 3003 1835 καὶ
3068 1786 3127 1835 :6
3174 1783 3471 1843 κωλυθῆναι
3524 1794 3785 1846 συστῆναι

404 1861 635 1920 caeteris
665 1866 820 1918 stare
852 1860 932 1918 ad
953 1861 1339 1933 psallendum
1370 1862 1784 1935 prohibeatur,
1813 1863 1910 1920 vel
1936 1879 2063 1920 non

402 1950 755 2009 admittatur
794 1950 876 2006 ad
914 1966 1165 2023 precum
1185 1951 1554 2022 societatem,
1583 1951 1727 2009 vela
1747 1951 1864 2009 cibi
1885 1952 2066 2026 parti-

403 2041 705 2114 cipatione
762 2045 1039 2096 arceatur
1082 2057 1095 2096 :
1138 2057 1262 2113 qua
1299 2041 1364 2097 in
1408 2057 1472 2098 re
1510 2041 1851 2114 disciplina
1894 2058 2062 2099 com-

399 2130 575 2188 muni
598 2131 920 2203 praefectus
950 2146 1199 2203 poenam
1252 2131 1631 2206 delinquenti
1677 2148 1790 2206 pro
1826 2134 2062 2207 peccati

397 2219 818 2291 magnitudine
871 2219 1171 2277 decernet.
1233 2221 1360 2277 Fiat
1407 2226 1613 2278 autem
1657 2238 1764 2296 per
1812 2222 1974 2279 vices
1994 2223 2060 2280 in

397 2310 710 2368 communi
733 2314 1038 2367 conventu
1065 2310 1493 2382 ministerium,
1519 2311 1762 2369 duobus
1791 2313 2057 2370 vicissim

388 2401 457 2458 in
503 2416 629 2458 una
670 2400 1054 2457 hebdomade
1105 2401 1352 2471 negotia
1405 2418 1667 2476 quasque
1709 2404 2057 2460 necessaria

392 2490 848 2566 peragentibus,
880 2495 947 2547 ut
975 2495 1033 2547 et
1056 2491 1402 2548 communis
1435 2492 1680 2549 exsistat
1697 2491 2054 2550 humilitatis

392 2598 649 2650 merces,
677 2597 792 2638 nec
828 2580 1121 2655 cuiquam
1163 2581 1345 2639 liceat
1383 2598 1459 2639 ne
1492 2582 1556 2640 in
1598 2582 1766 2641 bono
1804 2584 2056 2657 quidem

393 2673 637 2732 sodales
682 2688 993 2745 superare,
1047 2688 1262 2729 omnes
1304 2688 1450 2729 vero
1480 2672 1703 2746 pariter
1729 2674 2055 2747 interquie-

390 2768 587 2822 scant.
619 2765 754 2820 Hinc
793 2762 955 2819 enim
1012 2761 1238 2819 laboris
1269 2767 1327 2819 et
1366 2762 1654 2836 requietis
1703 2762 2054 2821 vicissitudo

387 2854 534 2915 facit
553 2857 618 2910 ut
639 2852 1062 2910 lassitudinem
1080 2852 1430 2910 laborantes
1453 2869 1578 2910 non
1600 2854 1878 2911 sentiant.
1901 2854 2053 2911 Cum

387 2959 633 3002 necesse
680 2943 856 3014 323
918 2942 1095 2998 fuerit
1120 2942 1184 2998 in
1204 2942 1530 3015 publicum
1559 2942 1824 3015 prodire,
1863 2958 2053 3016 penes

389 3039 483 3092 est
506 3033 857 3108 prefectum
875 3032 1274 3105 contubernii,
1303 3048 1463 3105 quos
1496 3032 1748 3090 voluerit
1767 3032 2048 3105 dirigere,

2173 1864 2241 1925 εἰς
2268 1863 2498 1940 ψαλμῳδ
2503 1872 2604 1937 ίαν,
2636 1874 2727 1921 καὶ
2752 1873 2810 1922 :6
2836 1874 2909 1943 μὴ
2933 1867 3343 1946 παραδεχθῆναι
3372 1874 3445 1935 εἰς
3474 1873 3642 1946 εὐχῆς
3666 1878 3785 1947 (64)

2173 1960 2461 2025 κοινωνίαν,
2515 1961 2699 2011 καὶτὸ
2762 1956 3054 2018 ἀπόϐλητον
3118 1964 3359 2033 γενέσθαι
3412 1962 3483 2026 εἰς
3540 1969 3635 2023 τὴν
3689 1973 3783 2029 τῆς

2171 2053 2366 2117 τροφῆς
2412 2051 2734 2119 μετουσίαν·
2786 2045 2836 2099 ἐν
2971 2053 3058 2101 καὶ
3095 2053 3222 2125 1:96;
3268 2056 3363 2110 τὴν
3387 2057 3661 2111 ποσότητα
3688 2062 3780 2108 τοῦ

2174 2134 2478 2208 σφάλματος
2525 2138 2693 2212 ὀρίσει
2736 2140 2794 2191 :6
2847 2136 3104 2211 ἐπιτίμιον
3156 2148 3229 2211 τῷ
3292 2139 3697 2216 ἐξαμαρτάνοντι
3753 2147 3780 2198 ό

2171 2221 2462 2277 ἐπιστατεῖν
2501 2228 2718 2298 ταχθεὶς
2757 2234 2818 2299 τῇ
2853 2236 2995 2302 κοινῇ
3034 2228 3264 2302 εὐταξίᾳ.
3310 2237 3369 2283 Ἦ
3408 2226 3781 2308 δὲκὺπηρεσία

2152 2315 2392 2386 ,γινέσθω
2412 2322 2473 2387 τῇ
2505 2322 2650 2387 κοινῇ
2683 2311 2908 2389 συνοδίᾳ
2936 2315 2989 2368 ἐκ
3015 2314 3202 2392 περιόὸ
3207 2338 3286 2386 ου,
3338 2315 3436 2372 δύο
3479 2323 3593 2374 κατ’
3648 2321 3777 2377 ἀκο-

2165 2402 2377 2456 λουθίαν
2407 2402 2455 2455 ἐν
2488 2401 2748 2478 ἐϐδομάὸι
2794 2411 2894 2479 μιᾷ
2943 2412 3118 2459 πᾶσαν
3160 2412 3252 2465 τὴν
3301 2410 3401 2461 ὑπὸ
3453 2419 3551 2473 τῆς
3586 2417 3776 2487 χρείας

2166 2490 2573 2566 ἔπιξητουμένην
2624 2490 2865 2553 σπουδὴν
2923 2493 3278 2564 ἕκτελούντων,
3331 2500 3413 2550 ἱνα
3460 2505 3550 2552 καὶ
3597 2503 3622 2552 ό
3678 2522 3771 2574 μι-

2165 2584 2290 2645 σθός
2340 2591 2433 2645 τῆς
2495 2587 2969 2660 ταπεινοφροσύνης
3018 2589 3185 2647 κοινός
3229 2583 3283 2660 ᾖ,
3324 2593 3515 2662 καὶμὴ
3549 2588 3634 2663 ἐξῇ
3677 2610 3780 2643 τινι

2160 2669 2303 2745 μηδι
2359 2671 2406 2724 ἐν
2473 2682 2545 2745 τῷ
2596 2673 2736 2745 καλῷ
2789 2674 3099 2728 πλεονεκτεῖν
3147 2681 3242 2736 τήν
3292 2675 3560 2747 συνοδίαν,
3609 2686 3699 2731 καὶ
3742 2682 3770 2738 ἡ

2164 2760 2460 2825 ἀνάπαυσις
2481 2761 2527 2814 ἐν
2549 2771 2622 2834 τῷ
2661 2766 2762 2835 ἴσῳ
2800 2770 2961 2816 πᾶσιν
3000 2766 3219 2842 ύπάρχη
3278 2767 3416 2838 (65).
3465 2771 3533 2821 T6
3581 2771 3682 2842 γὰρ
3722 2765 3772 2819 ἄν

2160 2856 2306 2925 μέρει
2380 2854 2697 2920 κοπούσοαι,
2760 2858 2851 2904 καὶ
2914 2852 2961 2905 ἐν
3001 2859 3145 2929 μέρει
3194 2851 3635 2924 διαναπαύεσθαι,
3688 2855 3771 2908 6w-

2163 2942 2478 2999 επαίσοητον
2516 2950 2622 3002 τοῖς
2669 2943 2928 3015 κάμνουσι
2953 2946 3042 2994 τόν
3085 2947 3245 2997 κόπον
3283 2952 3444 3000 ποιεῖ.
3494 2945 3771 3008 Ἐξουσίαν

2162 3033 2276 3102 ἔχει
2328 3031 2353 3082 6
2418 3034 2682 3106 προεστὼς
2724 3038 2815 3083 τοῦ
2864 3034 3154 3104 τάγματος,
3218 3038 3308 3085 καὶ
3350 3032 3434 3086 ἐπὶ
3486 3031 3773 3107 ἀναγκαίας

385 3129 492 3182 aut
510 3123 811 3197 imperare
835 3121 1062 3195 quibus
1085 3121 1225 3179 utile
1253 3121 1432 3178 fuerit
1461 3126 1520 3178 et
1537 3125 2052 3195 opportunummt

2160 3116 2418 3195 προόδους
2474 3124 2597 3182 τοὺς
2654 3122 2789 3172 κατὰ
2844 3127 3055 3193 γνώμην
3108 3124 3416 3195 προσάγειν,
3466 3128 3556 3175 καὶ
3610 3143 3776 3199 προσ-

384 3229 484 3272 res
533 3211 904 3269 domesticas
951 3216 1184 3281 curent,
1216 3215 1276 3268 et
1313 3210 1483 3267 domi
1513 3215 1823 3269 maneant.
1879 3212 2050 3284 Saepe

385 3303 549 3360 enim
580 3303 643 3358 in
675 3302 974 3374 juvenum
1000 3301 1377 3373 corporibus,
1420 3300 1660 3357 etiamsi
1687 3316 1878 3373 quam
1922 3305 2051 3357 stu-

384 3392 731 3450 diosissime
771 3406 903 3446 sese
937 3407 1046 3463 per
1088 3390 1525 3447 continentiam
1561 3390 1855 3464 afﬂigant,
1885 3390 2050 3447 colo-

384 3482 467 3538 ris
496 3480 680 3537 decor
706 3479 911 3535 nescio
939 3477 1254 3553 quomodo
1280 3495 1388 3551 per
1434 3483 1673 3536 etatem
1702 3477 2048 3546 efﬂorescit,

384 3574 444 3628 et
460 3568 729 3627 libidinis
759 3568 1000 3626 occasio
1030 3568 1487 3626 occurrentibus
1508 3566 1799 3625 oboritur.
1830 3567 1891 3626 Si
1911 3567 2050 3641 quis

383 3661 585 3734 igitur,
607 3667 909 3736 quantum
939 3660 1019 3719 ad
1063 3661 1333 3735 corporis
1377 3660 1615 3721 ﬂorem.
1643 3660 1885 3732 juvenis
1936 3663 2048 3727 est,

383 3753 639 3811 occultet
684 3759 743 3811 et
779 3752 1119 3810 abscondat
1161 3751 1513 3823 hujusmodi
1552 3750 1919 3822 elegantiam
1975 3766 2049 3807 ac

382 3849 784 3912 venustatem,
801 3843 999 3901 donec
1015 3857 1320 3916 apparens
1338 3841 1437 3898 ille
1459 3842 1643 3898 decor
1671 3841 1753 3898 ad
1772 3840 2049 3898 debitum

384 3941 609 3993 statum
655 3934 1015 4009 pervenerit.
1049 3933 1202 3990 Nihil
1230 3932 1292 3989 in
1325 3933 1411 3989 eis
1460 3931 1618 3989 iram
1661 3931 1917 4001 indicet,
1946 3934 2050 3988 aut

381 4024 744 4096 injuriarum
774 4026 1165 4095 acceptarum
1190 4021 1578 4091 memoriam,
1602 4025 1707 4078 aut
1725 4020 2046 4085 invidiam,

381 4118 487 4170 aut
505 4113 973 4180 contentionem,
1003 4128 1203 4185 neque
1223 4116 1450 4182 gestus,
1473 4126 1671 4183 neque
1691 4113 2046 4176 motus,non

379 4203 661 4268 verbum,
687 4218 811 4259 non
837 4201 991 4259 acris
1009 4201 1326 4258 oculorum
1345 4201 1618 4267 obtutus,
1650 4197 2048 4272 neque'faciei

381 4291 803 4358 conformatio,
853 4298 959 4349 aut
986 4291 1035 4349 si
1072 4290 1224 4365 quid
1276 4290 1443 4347 aliud
1486 4288 1892 4345 convictorem
1938 4303 2044 4345 no-

381 4386 573 4438 strum
602 4381 681 4438 ad
708 4382 863 4438 iram
876 4396 1205 4456 provocare
1232 4379 1442 4436 soleat.
1460 4377 1636 4445 Quod
1658 4378 1711 4434 si
1735 4377 2042 4451 quispiam

378 4472 442 4530 in
472 4472 723 4546 aliquod
747 4473 966 4531 horum
984 4470 1276 4541 inciderit,
1307 4468 1546 4526 etiamsi
1574 4468 1740 4542 prior
1763 4466 2041 4525 molestia

377 4561 586 4635 aliqua
635 4561 888 4620 affectus
938 4562 1017 4618 sit
1063 4577 1078 4617 :

375 4658 698 4725 peccatum
741 4651 841 4709 cui
876 4650 1180 4709 obnoxius
1227 4649 1294 4705 ﬁt
1339 4646 1783 4706 excusandum.
1811 4646 2034 4704 Malum

446 4778 753 4851 (61)]dem
782 4775 977 4834 codex
1024 4775 1229 4850 ἀγάπης
1266 4776 1474 4850 μισθὸς,
1505 4774 1847 4832 dilectionis
1883 4787 2039 4831 mer-

376 4865 490 4917 ces,
513 4851 683 4907 haud
705 4855 886 4906 recte.

444 4916 561 4993 (62)
591 4925 736 4991 Reg.
767 4921 999 4994 primus
1057 4916 1349 4994 διατέμνειν
1378 4924 1470 4979 τὴν
1511 4921 1725 4994 κοινήνἶ
1773 4933 2035 4994 commu-

377 4989 509 5049 nein
536 4989 914 5050 concordiam
933 5007 1153 5066 secare.
1181 4989 1649 5066 Lectiooptima.
1677 4992 1810 5066 Mox
1838 4989 2031 5066 codex

375 5066 517 5133 Reg.
544 5068 739 5139 21:19:?)
765 5067 955 5139 μέτρῳ.
985 5064 1117 5121 Vox
1143 5066 1244 5135 ἴσῳ
1275 5060 1735 5119 desiderabatur
1770 5060 1833 5116 in
1853 5065 2024 5117 utra-

372 5149 494 5206 que
524 5137 806 5193 editione.

454 5211 564 5283 (63)
595 5210 717 5265 Vox
739 5206 936 5283 πολλὴν
964 5207 1027 5264 in
1048 5206 1256 5283 codice
1280 5207 1423 5283 Reg.
1446 5219 1571 5283 non
1589 5203 1826 5283 legitur.
1848 5202 2026 5283 Addi-

373 5274 577 5340 dimus
595 5295 718 5336 non
738 5278 918 5348 longe
945 5295 1018 5335 ex
1048 5278 1263 5335 eodem
1301 5274 1455 5334 libro
1485 5274 1667 5333 veteri
1704 5274 2025 5334 articulum

371 5359 510 5413 ante
534 5351 1028 5425 praDpositionem
1049 5350 1152 5425 ἐπί.

440 5416 556 5499 (64$
573 5416 702 5499 Υοὲ
722 5423 885 5495 εὐχῆς
913 5421 1083 5499 deest
1111 5422 1182 5499 ia
1200 5420 1409 5499 9.051199
1450 5419 1813 5499 Beato-24°!
1856 5416 2023 5499 idem

367 5490 562 5554 codex
591 5495 639 5548 ἐν
730 5490 819 5546 κάὶ
845 5497 969 5567 1:96;
997 5498 1112 5551 τήν,
1146 5492 1335 5567 Editio
1359 5492 1540 5567 Papi_s__
1559 5490 1624 5567 _§y
1742 5492 1878 5567 κατὰ
1903 5496 2016 5548 τήν.

437 5563 763 5639 (65)Editio
791 5563 977 5623 Paris.
1006 5573 1105 5640 παν
1130 5566 1375 5640 ὑπάρχῃ.
1422 5563 1613 5640 Editip
1658 5564 1885 5640 Ven._et
1926 5577 2023 5640 co-

361 5632 483 5700 dex
509 5632 655 5713 Reg.
686 5645 868 5692 πᾶσιν.
897 5641 1013 5694 Nec
1040 5637 1126 5696 ita
1147 5632 1343 5696 multo
1370 5638 1511 5717 post
1529 5634 1692 5693 idem
1714 5632 1911 5693 codex
1932 5638 2018 5687 τὸν

2157 3211 2373 3262 τάσσειν
2455 3210 2533 3270 οἷς
2594 3210 2655 3259 ἀν
2719 3212 2955 3283 συμφέρῃ
3025 3212 3084 3262 τό
3142 3210 3418 3284 οἰκουρεῖν,
3479 3217 3568 3265 καὶ
3635 3212 3773 3273 ἐντός

2155 3305 2248 3351 τοῦ
2306 3302 2449 3352 οἴκου
2505 3301 2692 3370 μένειν.
2748 3297 3003 3360 Πολλάκις
3053 3301 3154 3373 γὰρ
3202 3308 3305 3361 τοῖς
3352 3303 3485 3362 νέοις
3537 3306 3771 3375 σώμασι,

2153 3386 2248 3439 κᾶν
2302 3389 2381 3441 ὅτι
2447 3386 2680 3461 μάλιστα
2738 3387 2768 3445 ἡ
2834 3384 2891 3439 ἐκ
2944 3394 3035 3448 τῆς
3083 3386 3385 3462 ἐγκρατείας
3447 3392 3772 3443 κακοπάθεια

2155 3474 2549 3545 σπουδάζηται,
2590 3477 2797 3529 ἐπανθεῖ
2826 3496 2931 3537 πως
2961 3479 2990 3535 ἡ
3026 3475 3081 3529 ἐκ
3120 3485 3216 3540 τῆς
3258 3477 3466 3542 ἡλικίας
3522 3480 3766 3556 εὖχροια,

2150 3571 2243 3619 καὶ
2275 3565 2478 3641 ἀφορμή
2512 3567 2715 3627 πάθους
2743 3573 2851 3628 τοίς
2878 3564 3266 3645 ἐντυγχάνουσι
3303 3572 3523 3639 γίνεται.
3573 3569 3634 3623 Εἰ
3672 3577 3765 3622 ούν

2151 3674 2229 3716 τις
2292 3657 2468 3718 νεάζοι
2522 3658 2658 3707 κατὰ
2707 3658 2766 3707 τὸ
2805 3655 2956 3715 ἄνθος
3006 3663 3095 3707 τοῦ
3145 3656 3263 3728 (66)
3295 3662 3558 3729 σώματος,
3592 3657 3759 3732 ἀφανῆ

2150 3750 2239 3804 τὴν
2266 3748 2512 3804 τοιαύτην
2564 3750 2777 3797 ποιείτω
2824 3743 3235 3817 εὐσχημοσύνην
3283 3746 3761 3820 ύποκρυπτόμενος,

2151 3837 2241 3897 ἕως
2279 3835 2338 3887 ἂν
2379 3836 2450 3898 εἰς
2496 3838 2583 3892 τὴν
2631 3838 2931 3909 πρέπουσαν
2980 3835 3310 3887 κατάστασιν
3358 3838 3416 3887 τό
3463 3841 3765 3911 φαινόμενον

2150 3926 2296 3999 ἔλθη.
2365 3924 2576 3998 Ὀργῆς,
2638 3924 2667 3982 ἦ
2711 3928 3083 3997 μνησικακίας,
3134 3924 3163 3983 ἦ
3219 3925 3426 3998 φθόνου,
3478 3927 3508 3986 ἦ
3553 3926 3768 4000 φιλονει-

2148 4020 2263 4077 κίας
2301 4023 2514 4089 σημεῖον
2564 4013 2612 4066 ἐν
2657 4013 2830 4073 αὐτοῖς
2866 4013 2982 4085 (67)
3024 4015 3156 4067 ἔστω
3200 4011 3387 4087 μηδὲν,
3422 4015 3450 4075 ἦ
3484 4026 3676 4090 σχῆμα
3730 4019 3761 4078 ἦ

2147 4110 2381 4179 κίνημα·
2433 4108 2504 4178 μὴ
2537 4104 2703 4179 ῥῆμα,
2738 4106 2809 4176 μὴ
2863 4101 3161 4176 βλέμματος
3211 4106 3472 4173 ἔνστασις,
3520 4107 3549 4165 ἦ
3593 4126 3765 4183 προσ-

2148 4202 2291 4249 ώπου
2342 4190 2604 4258 διάθεσις,
2653 4193 2682 4251 ἦ
2736 4195 2782 4244 εἶ
2822 4211 2875 4244 τι
2922 4190 3044 4244 ἄλλο
3104 4193 3365 4246 ὑποκινεῖν
3410 4198 3604 4267 πέφυκε
3631 4200 3765 4271 πρὸς

2146 4284 2305 4359 ὀργὴν
2345 4285 2431 4335 τόν
2472 4285 2732 4346 συζῶντα.
2789 4280 2851 4334 Εἰ
2904 4277 2966 4333 δέ
2998 4284 3073 4341 τίς
3120 4301 3224 4335 τινι
3260 4282 3377 4355 (68)
3408 4287 3601 4336 τούτων
3631 4303 3762 4336 συν·-

2146 4377 2403 4447 ενεχοείη,
2459 4376 2517 4425 :6
2559 4373 2971 4447 προπεπονοέναι
3032 4392 3085 4424 τι
3130 4381 3232 4425 τῶν
3298 4372 3593 4427 λυπούντων
3650 4374 3757 4449 οὐχ

2148 4469 2319 4519 ἱκανόν
2369 4464 2509 4517 ἐστιν
2557 4463 2629 4526 εἰς
2679 4461 2965 4534 ἀπολογίαν
3017 4460 3111 4515 τοῦ
3171 4462 3634 4537 πλημμελήματος,
3706 4464 3755 4518 έν

1120 4560 1183 4617 id
1212 4564 1420 4617 tamen
1470 4558 1617 4614 satis
1662 4572 1789 4615 non
1827 4560 1917 4615 est
1956 4556 2037 4615 ad

2160 4557 2184 4628 ᾖ
2231 4575 2313 4618 τις
2366 4554 2618 4626 ἐνέχεται,
2650 4556 2719 4606 T6
2776 4554 2877 4626 γὰρ
2927 4554 3086 4604 κακὸν
3136 4550 3183 4604 ἐν
3238 4548 3535 4611 οἱοιδήπότε
3576 4557 3754 4628 χρόνῳ

2142 4646 2464 4719 τολμώμενον
2513 4643 2695 4703 ἐπίσης
2762 4641 2873 4695 ἐστὶ
2947 4643 3106 4694 κακὸν
3176 4641 3314 4715 (69).
3396 4639 3585 4716 Ὅρκος
3661 4647 3753 4718 μὲν

2146 4776 2299 4826 πόνον
2321 4778 2478 4824 ποιεῖ.
2510 4767 2777 4825 Subinde
2805 4767 2903 4823 hic
2931 4767 3060 4840 ipse
3073 4765 3263 4823 codex
3286 4771 3375 4821 καὶ
3396 4768 3476 4820 ὅτε
3495 4767 3748 4840 μάλιστα.

2213 4844 2325 4915 (66)
2358 4843 2561 4899 Codex
2591 4843 2733 4915 Reg,
2787 4841 2923 4893 κατὰ
2960 4843 3019 4915 τό
3061 4841 3228 4900 πάθος
3267 4847 3382 4895 τοῦ.
3419 4842 3552 4897 Mox
3584 4840 3750 4898 idem

2138 4910 2330 4973 codex
2354 4918 2571 4993 ποιείτω
2598 4912 2647 4964 ἐν
2668 4910 3083 4993 εὐσχημοσύνη..

2212 4988 2324 5058 (67)
2346 4986 2440 5042 Sic
2462 4986 2652 5058 codex
2668 4982 3066 5058 Regiulelud
3078 4990 3318 5058 ,σημεῖον
3342 4982 3391 5036 ἐν
3408 4982 3750 5058 agundae.

2134 5054 2225 5115 rat
2248 5054 2315 5130 in:
2335 5056 2647 5130 impressis
2669 5054 3163 5130 libris.Statim_ex
3173 5054 3394 5112 eodem
3410 5054 3519 5130 illo
3539 5054 3747 5130 codice

2134 5126 2509 5189 addidimﬁs.
2540 5126 2824 5200 voculam
2838 5129 2893 5194 ἦ,
2920 5141 3058 5199 quas
3077 5126 3278 5200 inepte
3298 5126 3534 5184 omissa
3551 5126 3748 5185 fuerat

2132 5202 2199 5259 in
2220 5200 2485 5258 editione
2512 5198 2850 5257 Parisiensi.

2133 5274 2311 5398 Cr.(68)
2347 5274 2607 5362 Utraque
2630 5269 2813 5327 editio
2859 5269 2922 5323 Εἰ
2952 5264 3012 5322 δέ
3039 5288 3160 5325 τινι.
3214 5267 3419 5326 Codex
3446 5272 3655 5327 noster
3682 5270 3744 5325 Ei

2172 5366 2192 5397 Ξ
2226 5364 2305 5398 τις
2329 5364 2451 5398 τινι.

2172 5366 2192 5397 ε
2226 5364 2305 5407 τις
2329 5364 2451 5400 τινι.

2164 5419 2279 5488 (69)
2303 5420 2513 5488 [torum
2528 5412 3027 5488 verborum,é1:£cn
3041 5434 3060 5475 ;
3076 5411 3514 5488 ἐστὶκακόν,1]εεο
3529 5417 3617 5470 est
3634 5428 3742 5470 sen

2130 5485 2343 5544 tentia:
2368 5487 2601 5544 malum
2621 5485 2837 5558 quovis
2857 5490 3126 5558 tempore
3145 5485 3504 5558 admissum,
3525 5500 3635 5558 per
3674 5502 3736 5540 se

2127 5560 2365 5633 quidem
2380 5565 2435 5633 et
2447 5556 2663 5614 natura
2680 5572 2793 5633 sua
2806 5556 3119 5633 mqualiter
3130 5556 3360 5633 malum
3374 5556 3735 5633 essez‘se‘dta-

2124 5627 2269 5690 men
2279 5631 2357 5689 ob
2368 5629 2853 5690 circumstantias
2863 5627 3051 5689 levius
3061 5627 3319 5698 fieri,aut
3332 5628 3592 5702 gravius.
3602 5629 3733 5687 Mox
