4110 6404
341 319 440 374 881

1654 312 1898 369 SERMO
1961 313 2367 372 ASCETICUS.

3604 319 3708 371 882

341 443 478 503 ἄπας
551 439 860 516 ἔξοριζέσθω
905 447 998 492 τοῦ
1054 439 1346 512 καταλόγου
1401 447 1504 492 τῶν
1584 437 1934 510 ἀσκουμένων.

2054 435 2213 494 enim
2242 454 2491 512 quoquo
2522 443 2790 512 tempore
2803 440 3245 509 admissum,ex
3272 459 3448 516 aequo
3474 441 3706 500 malum

338 531 398 584 Ἦ
454 528 513 584 δὲ
559 533 862 590 κατάνευσις
906 539 1003 592 τῆς
1048 530 1292 602 κεφαλῆς,
1340 532 1430 581 κάὶ
1465 530 1495 586 ἠ
1532 525 1625 580 διὰ
1653 537 1749 588 τῆς
1775 533 1938 598 φωνῆς

343 622 730 694 συγκατάθεσις
788 619 901 672 ἀντὶ
955 622 1109 694 ὅρκου
1162 620 1434 692 κρινέσθω,
1481 622 1571 670 καὶ
1623 625 1694 688 τῷ
1741 615 1940 687 λέγοντι

339 714 432 761 καὶ
489 717 561 779 τῷ
620 707 882 764 ἀκούοντι.
928 709 988 761 ιΞί
1032 705 1092 760 δέ
1126 712 1196 770 τίς
1227 706 1539 765 ἀπιστήσειε
1564 715 1626 778 τῇ
1655 705 1780 778 ψιλῇ
1817 701 1939 758 δια-

340 797 640 868 ϐεϐαιώσει,
695 802 1006 873 κατηγορίαν
1057 805 1149 849 τοῦ
1193 794 1332 849 ὶδὶου
1387 792 1688 856 συνειδότος
1716 800 1940 867 παρέχε-

337 907 428 940 ται
485 890 555 949 ὡς
620 887 680 940 οὐ
734 889 1068 962 κατορθώσας
1126 882 1348 957 ἀψευδὲς
1405 884 1453 937 ἐν
1502 885 1658 956 λόγῳ,
1710 888 1800 936 καὶ
1847 880 1940 935 διὰ

337 983 494 1029 τοῦτο
549 975 598 1028 ἓν
643 984 754 1037 τοῖς
800 975 1162 1048 πλημμελοῦσι
1196 977 1533 1047 ταχθήσεται
1563 975 1662 1026 ὑπό
1693 980 1786 1026 τοῦ
1815 992 1941 1048 προ-

1002 1063 1246 1137 ἐπιτιμιῳ
1331 1066 1662 1137 θεραπεύοντι
1741 1081 1940 1135 σωφρο-

1609 1156 1696 1204 καὶ
1747 1155 1938 1214 παντὸς

340 1067 747 1138 καθηγουμένου,
820 1069 909 1117 καὶ

338 1157 662 1213 νισθήσεται.
711 1160 818 1216 Τῆς
891 1155 1086 1230 ἡμέρας
1141 1152 1526 1228 παρελθούσης,

339 1246 490 1316 ips/ou
543 1241 610 1303 εἰς
671 1247 827 1316 πέρας
870 1242 1126 1310 ἐλθόντος,
1183 1249 1484 1316 σωματικοῦ
1545 1261 1600 1294 τε
1649 1246 1738 1293 καὶ
1789 1260 1938 1293 πνευσ-

334 1339 578 1404 ματικοῡ,
642 1335 743 1405 πρὸ
794 1341 889 1393 τῆς
941 1331 1279 1393 ἀναπαύσεως
1345 1330 1713 1407 ἁνακρίνεσθαι
1776 1350 1939 1406 προσ-

334 1423 450 1479 ἠκιι
479 1424 537 1473 τό
569 1418 812 1484 συνειδὸς
843 1421 1063 1474 ἑκάστου
1095 1423 1194 1474 ὑπὸ
1215 1429 1306 1482 τῆς
1347 1417 1491 1482 ἰδίας
1545 1417 1796 1494 καρδίας.
1837 1425 1938 1473 Καὶ

335 1511 378 1562 εἰ
429 1529 482 1562 τι
537 1514 711 1582 γέγονε
735 1513 880 1585 παρὰ
901 1515 958 1564 τό
991 1507 1126 1577 δέον,
1159 1511 1186 1570 ἦ
1223 1509 1494 1583 ἐνθύμημα
1520 1518 1618 1561 τῶν
1650 1509 1939 1585 ἀπηγορευ-

331 1615 516 1672 μενων.
581 1601 610 1658 ἡ
658 1599 806 1671 λόγος
834 1600 927 1663 ἔξω
956 1607 1047 1652 τοῦ
1077 1601 1409 1665 καθήκοντος,
1451 1601 1479 1658 ἣ
1505 1603 1623 1674 περὶ
1653 1603 1747 1658 τὴν
1777 1619 1936 1674 προσ.

333 1692 500 1760 ευκὴν
551 1689 802 1763 ῥᾳθυμία,
863 1689 893 1748 ἦ
939 1685 1272 1761 ἀκηδιασμος
1303 1696 1390 1750 τῆς
1414 1685 1751 1762 ψαλμῳδίας,
1782 1690 1810 1749 ῆ
1843 1696 1935 1741 τοῦ

331 1784 508 1830 κοινοῦ
551 1776 673 1850 βίον
732 1777 1003 1851 ἆπιθυμία,
1073 1782 1142 1850 μὴ
1182 1777 1576 1852 ἐπικρυπτέσθω
1605 1782 1663 1830 τό
1702 1778 1937 1852 πλημμέ-
1964 1787 2004 1841 Β

330 1867 496 1940 λημα,
554 1865 682 1919 ἀλλα
732 1875 806 1938 τῷ
857 1875 1014 1938 κοινῷ
1065 1866 1428 1940 ἐξαγγελλέτω,
1462 1867 1611 1930 ὠςᾶν
1639 1865 1731 1920 διὰ
1759 1877 1936 1931 κοινῆς

331 1965 641 2030 προσευχῆς
701 1958 988 2031 θιραπέυθῇ
1044 1960 1103 2009 τὸ
1161 1959 1328 2018 πάθος
1390 1964 1484 2009 τοῦ
1543 1959 1934 2030 συνενεχθέντος

332 2053 407 2117 τῷ
445 2048 662 2118 τοιούτῳ
699 2054 864 2118 κακῷ.

543 2277 674 2324 ΤΟΥ
705 2277 920 2324 ΑΥΤΟΥ
941 2278 1158 2324 ΛΟΓΟΣ
1189 2278 1563 2325 ΑΣΚΗΤΙΚΟΣ
1584 2272 1718 2343 (70).

409 2363 457 2414 1.
497 2358 555 2412 Ὀ
623 2359 913 2424 ἁσκητικός
967 2360 1082 2434 βίος
1136 2362 1222 2414 ἕνα
1284 2364 1478 2414 σκοπόν
1541 2361 1675 2434 ἔχει,
1718 2365 1810 2420 τήν
1841 2369 1936 2423 τῆς

332 2448 518 2521 ψυχῆς
573 2454 858 2525 σωτηρίαν,
908 2455 996 2502 καί
1025 2447 1103 2503 δεῖ
1143 2458 1243 2502 πᾶν
1277 2451 1387 2522 (71)
1414 2455 1471 2502 τό
1495 2447 1776 2524 δυνάμενον
1808 2453 1936 2525 πρὸς

336 2539 498 2598 αὐτὴν
559 2547 879 2612 συνεργῆσαι
932 2545 1020 2598 τὴν
1077 2542 1343 2614 πρόθεσιν,
1409 2543 1477 2603 ὡς
1531 2542 1667 2592 θείαν
1736 2537 1936 2598 ἐντολὴν

332 2629 467 2681 οὕτω
515 2631 646 2703 μετά
695 2627 855 2702 φόϐου
915 2629 1351 2705 παραφυλάττειν.
1401 2626 1542 2682 Οὐδὲ
1620 2631 1721 2704 γὰρ
1781 2629 1936 2682 αὐταὶ

333 2721 389 2771 αἱ
446 2717 638 2772 ἐντολάὶ
686 2726 777 2771 τοῦ
827 2727 961 2772 Θεοῦ
1016 2723 1145 2794 πρὸς
1193 2719 1314 2772 ἄλλο
1365 2740 1417 2772 τι
1449 2718 1752 2792 βλέπουσιν,
1787 2719 1829 2772 εἰ
1867 2723 1936 2792 μὴ

333 2810 464 2884 πρὸς
522 2811 580 2860 τό
633 2810 866 2868 σωθῆναι
920 2813 1007 2861 τόν
1053 2811 1400 2864 ὑπακούοντα.
1436 2814 1548 2882 Χρὴ
1580 2813 1770 2876 τοίνυν,
1801 2811 1936 2861 καθ-

336 2895 463 2970 ἅπερ
523 2898 571 2949 οἰ
617 2896 699 2950 ἐπὶ
755 2902 812 2950 τό
861 2897 1076 2974 λουτρόν
1104 2903 1351 2962 εἰσιόντες
1387 2907 1707 2972 γυμνοῦνται
1746 2901 1936 2960 παντὸς

340 2985 733 3059 περιϐλήματος,
797 2989 930 3041 οὕτω
984 2992 1074 3040 καὶ
1132 2993 1252 3050 τοὺς
1310 2997 1370 3061 τῇ
1440 2986 1700 3061 ἁσκητικῇ
1775 3007 1938 3062 προσ-

340 3079 646 3148 ερχομένους
699 3077 831 3150 ζωῇ,
886 3081 1059 3138 πάσης
1117 3077 1239 3139 ὕλης
1292 3081 1406 3149 (72)
1447 3076 1937 3151 βιωτικῆςγυμνω-

337 3165 527 3234 θέντας,
591 3164 726 3228 ἐντός
795 3175 886 3219 τοῦ
939 3171 1075 3220 κατὰ
1122 3168 1426 3242 φιλοσοφίαν
1473 3171 1713 3240 γενέσθαι
1790 3165 1935 3241 βίου.

330 3258 398 3306 Τό
453 3258 543 3328 μεν
602 3257 689 3308 οὗν
712 3261 1095 3331 προηγούμενου
1129 3259 1258 3326 ἐστι,
1301 3264 1392 3312 καὶ
1426 3255 1484 3311 οὗ
1505 3259 1737 3332 μάλιστα
1767 3277 1936 3335 προσ-

329 3344 445 3403 ῆκει
501 3363 589 3395 τον
647 3350 965 3417 Χριστιανὸν
1023 3346 1397 3420 ἐπιμελεῖσθαί,
1472 3350 1807 3420 γυμνωθῆναι
1873 3349 1938 3399 τὰ

331 3435 468 3484 κατά
528 3437 620 3490 τὴν
675 3437 859 3484 κακίαν
925 3437 1063 3493 πάθη
1116 3438 1181 3487 τά
1232 3437 1445 3488 ποικίλα
1489 3456 1542 3488 τε
1573 3443 1662 3490 καὶ
1685 3433 1932 3510 διάφορα,

331 3517 403 3574 δι’
457 3521 525 3572 ὧν
597 3521 873 3596 μολύνεται
929 3525 957 3582 ἡ
1022 3522 1202 3595 ψυχή’
1268 3530 1379 3598 χρὴ
1417 3523 1477 3578 δὲ
1517 3528 1654 3578 κατα
1696 3522 1934 3600 δεύτερον
1965 3568 2006 3620 C

327 3611 478 3684 λόγον
531 3617 620 3665 καὶ
655 3617 766 3680 ,τὴν
825 3623 922 3666 τῶν
979 3615 1323 3687 ὑπαρχόντων
1357 3613 1624 3688 ἁποταγὴν
1664 3618 1934 3691 κατορθω-

332 3702 484 3759 Θῆναι
548 3711 619 3773 τῷ
675 3705 804 3776 πρὸς
860 3706 945 3755 τόν
987 3703 1183 3774 ὑψηλὸν
1225 3702 1563 3757 ἀποϐλέποντι
1605 3704 1742 3777 βίον,
1795 3701 1936 3758 διότι

328 3789 486 3843 πολὺν
542 3795 766 3866 παρέχει
812 3797 1180 3866 περισπασμόν
1232 3802 1293 3866 τῇ
1354 3794 1508 3866 ψυχῇ
1564 3796 1723 3853 ἡτῶν
1747 3794 1934 3846 ὑλικῶν

327 3883 648 3954 πραγμάτων
703 3887 910 3956 φροντίς
970 3902 1024 3936 τε
1082 3888 1171 3936 καὶ
1247 3882 1524 3957 ἐπιμέλεια.
1606 3882 1767 3936 "(li-0w
1845 3886 1934 3938 οὗν

328 3967 554 4036 πλείους,
615 3973 741 4044 πρός
792 3975 878 4023 τὸν
924 3974 1078 4024 αὑτὸν
1138 3971 1413 4046 βλέποντες
1470 3971 1585 4043 (73)
1629 3981 1720 4034 τῆς
1767 3994 1934 4032 σωτη-

323 4062 444 4131 ρίας
497 4061 710 4128 σκοπόν,
765 4064 859 4118 τὴν
911 4062 1023 4133 μετ’
1074 4059 1304 4120 ἀλλήλων
1346 4062 1484 4123 ζωὴν
1514 4060 1928 4129 καταδέζωνται,

325 4151 438 4222 χρὴ
479 4156 631 4200 τοῦτο
660 4151 761 4223 πρό
815 4152 1018 4202 πάντων
1059 4149 1106 4201 ἐν
1135 4150 1307 4212 αὐτοῖς
1336 4153 1681 4227 κρατηθῆναι,
1712 4156 1768 4204 τό
1807 4158 1932 4226 μίαν

328 4234 378 4287 ἐν
436 4243 568 4288 πᾶσι
621 4234 845 4313 καρδίαν
891 4239 1039 4303 εἶναι,
1088 4243 1177 4291 καὶ
1238 4239 1435 4312 θέλημα
1461 4243 1528 4309 ἔν,
1552 4247 1642 4293 καὶ
1671 4246 1794 4314 μίαν
1826 4241 1933 4294 ἑπι-

333 4327 543 4397 θυμίαν,
589 4331 702 4391 καὶ,
742 4330 914 4389 καθὼς
958 4325 1225 4400 νομοθετεξ
1268 4330 1292 4381 ὁ
1333 4329 1666 4397 Ἀπόστολος,
1746 4334 1793 4383 ἓν
1851 4351 1933 4403 γε·

328 4416 511 4466 νέσθαι
593 4423 746 4487 σῶμα
808 4414 862 4468 ἐκ
939 4413 1200 4491 διαφόρων
1277 4417 1440 4489 μελῶν
1509 4425 1931 4492 συνηρμοσμένον

329 4511 430 4558 πᾶν
458 4507 515 4556 τό
558 4504 816 4580 πλήρωμα
863 4513 951 4565 τῆς
1030 4502 1297 4566 συνοδίας.
1354 4513 1518 4559 Τοῦτο
1552 4504 1609 4560 δὲ
1650 4509 1744 4559 οὐκ
1793 4511 1932 4561 ἔστὶν

332 4594 494 4655 ἄλλως
548 4596 966 4669 κατορθωθῆναι,
1027 4594 1070 4646 εἰ
1130 4599 1200 4668 μὴ
1255 4594 1411 4647 ἐκεῖνο
1441 4601 1741 4672 κρατήσειε,
1775 4601 1832 4649 τό
1863 4604 1931 4672 μὴ

333 4681 746 4756 ἐπονομάζεσθαί

838 4704 936 4736 τινι
1003 4681 1426 4758 ἁποτεταγμένως
1519 4691 1652 4759 μήτε
1706 4689 1930 4759 ἱμάτιον,

331 4777 464 4846 μήτε
518 4779 719 4839 σκεῦος,
769 4778 894 4846 μήτε
960 4773 1081 4826 ὁᾶλο
1124 4793 1175 4825 τι
1204 4783 1302 4825 τῶν
1354 4773 1419 4836 εἰς
1465 4780 1557 4833 τὴν
1585 4780 1759 4834 κοινὴν
1796 4776 1933 4836 ζωήν

1883 4863 1905 4880 τ

331 4865 785 4935 χρησιμευόντων,
849 4864 930 4914 ἵνα
976 4863 1192 4916 ἑκαστον
1244 4866 1432 4916 τούτων
1490 4873 1582 4925 τῆς
1637 4871 1825 4940 χρείας
1877 4863 1930 4939 ᾖ,

330 4955 419 5002 καὶ
469 4955 540 5021 μὴ
591 4959 682 5004 τοῦ
730 4957 1064 5026 κεκτημένου.
1125 4958 1224 5005 Καὶ
1246 4955 1417 5028 ὥσπερ
1453 4952 1797 5028 ἀνάρμοστόν,
1824 4954 1934 5008 ἐστι

328 5073 522 5154 codex
541 5077 682 5154 βόε.
698 5076 845 5150 ὅρκος
855 5079 945 5154 μεν
958 5076 1112 5154 οἶπας.
1133 5079 1392 5154 Utraque
1405 5077 1476 5134 ed
1487 5078 1754 5154 i_ti0_6pxo;
1768 5079 1926 5154 ἀπαξ.

404 5147 520 5224 (7οξ
541 5147 799 5224 Utraque
831 5147 1010 5224 editio
1032 5155 1087 5202 et
1121 5147 1313 5203 codex
1344 5147 1726 5224 Combefﬁroo‘
1773 5151 1932 5224 αὑτοῦ

327 5215 478 5287 λόγος
499 5215 799 5303 ἀσκητιξός,
830 5219 1084 5303 ejusdem
1109 5236 1298 5298 sermo
1321 5223 1627 5276 asceticus.
1655 5225 1797 5303 Reg.
1818 5222 1934 5294 pri-

330 5304 469 5365 mus
522 5296 613 5339 τοῦ
666 5290 826 5341 αὐτου
884 5290 1224 5365 ὑποτύπωσις
1251 5290 1529 5352 ἀσκήσεως
1564 5297 1653 5344 καὶ
1679 5290 1935 5365 πρόλογος

327 5367 429 5410 τῶν
443 5360 591 5432 ὁρων,
603 5360 1226 5434 ᾳεσείίεωιιίεσίῃιὶηεε
1243 5364 1617 5432 informatio,
1633 5375 1683 5419 el
1699 5360 1937 5434 regula-

327 5432 779 5507 νανηρνοίοςιιιε.
806 5435 944 5501 Reg.
968 5432 1175 5507 tertius
1207 5435 1456 5507 πρόλογος
1487 5437 1535 5486 ἓν
1560 5436 1598 5505 ᾧ
1626 5441 1712 5496 τίς
1756 5432 1781 5487 ὁ
1812 5455 1933 5488 σκο-

331 5504 427 5577 πός
457 5510 551 5562 τῆς
583 5500 878 5577 ἀσκήσεως,
901 5500 1191 5577 ίρνρίοθιιε
1216 5500 1276 5577 it}
1307 5500 1420 5575 quo
1443 5500 1783 5562 ostenditur
1805 5509 1936 5577 quis

330 5574 407 5649 sit
433 5588 644 5649 scapus
666 5575 1105 5649 vitzeascelica'.
1133 5577 1215 5629 lta
1228 5574 1488 5649 denique
1513 5577 1574 5632 in
1597 5574 1939 5634 (lolbertino

327 5642 547 5712 legitur
601 5644 930 5701 recentiore
957 5661 1165 5712 manu,
1199 5655 1290 5698 τοῦ
1322 5642 1663 5720 βασιλείου...
1686 5649 1938 5721 πρόλογος

2051 530 2157 582 est.
2214 529 2402 584 Omne
2458 528 2706 602 quidem
2732 531 3150 599 juramentum
3203 533 3628 588 exterminetur
3673 546 3706 587 θ

2049 617 2490 673 monachorum
2519 617 3021 674 ccetuzhabeatur
3048 634 3194 675 vero
3225 636 3334 692 pro
3359 623 3706 691 juramento

2048 711 2230 762 nutus
2278 707 2511 779 capitis,
2569 711 2674 763 aut
2722 722 3010 762 assensus
3067 724 3175 780 per
3229 725 3442 765 vocem
3503 709 3703 778 datus,

2050 795 2176 852 sive
2223 797 2360 868 quis
2415 795 2720 869 loquatur,
2773 797 2899 852 sive
2939 796 3169 854 audiat.
3219 799 3274 853 Si
3326 797 3462 870 quis
3502 802 3706 854 autem

2047 884 2233 941 ﬁdem
2282 901 2408 941 non
2459 885 2739 942 habuerit
2790 884 2971 940 nudae
2999 886 3409 950 afﬁrmationi,
3443 887 3495 942 is
3528 902 3705 942 suam

2047 975 2237 1046 ipsius
2289 976 2722 1033 conscientiam
2771 975 2969 1046 arguit
3013 975 3352 1049 proditque,
3402 983 3704 1050 tanquam

2046 1063 2150 1135 qui
2177 1079 2300 1120 non
2330 1063 2544 1119 dixerit
2572 1079 2783 1120 verum
2807 1064 2962 1119 inter
2985 1063 3382 1136 loquendum,
3409 1065 3490 1119 ob
3520 1064 3706 1137 idque

2046 1151 2110 1207 in
2133 1151 2612 1225 delinquentium
2636 1167 2960 1208 numerum
2991 1152 3328 1208 referetura
3353 1153 3702 1225 praeposito,

2047 1246 2103 1298 et
2157 1258 2341 1315 poena
2387 1241 2732 1298 medicinali
2788 1241 3198 1311 castigabitur.
3227 1243 3539 1315 Completo
3575 1243 3705 1313 jam

2047 1330 2164 1398 die,
2215 1331 2503 1404 omnique
2551 1347 2734 1403 opere
2765 1336 2892 1387 tum
2930 1331 3230 1403 corporali
3254 1336 3381 1386 tum
3405 1330 3704 1403 spirituali

2046 1419 2346 1490 absoluto,
2379 1436 2489 1494 par
2515 1424 2601 1477 est
2620 1435 3118 1493 unumquemque
3144 1420 3205 1474 in
3224 1420 3403 1476 corde
3427 1436 3541 1476 suo
3565 1423 3705 1476 ante

2044 1511 2310 1584 quietem
2342 1525 2517 1565 suam
2549 1508 2736 1582 ipsius
2764 1508 3200 1565 conscientiam
3232 1509 3599 1565 examinare.
3636 1511 3706 1564 Et

2045 1600 2094 1656 si
2150 1600 2301 1673 quid
2350 1600 2596 1671 contigit
2662 1604 2872 1672 praeter
2924 1599 3234 1665 decorum,
3267 1599 3391 1654 sive
3419 1599 3704 1669 cogitatio

2043 1688 2375 1757 interdicta,
2409 1695 2513 1746 aut
2538 1689 2909 1762 colloquium
2940 1694 3153 1761 praeter
3187 1687 3478 1755 officium,
3509 1692 3614 1744 aut
3641 1687 3706 1743 in

2044 1780 2278 1837 orando
2309 1780 2616 1850 segnities,
2649 1785 2754 1838 aut
2777 1781 2837 1837 in
2857 1779 3179 1853 psallendo
3195 1778 3575 1850 negligentia,
3600 1787 3706 1836 aut

2044 1871 2385 1926 communis
2413 1871 2547 1926 vitae
2592 1869 2960 1926 desiderium
3015 1885 3409 1942 nequaquam
3450 1868 3708 1926 occultet

2041 1965 2380 2034 peccatum,
2412 1961 2520 2017 sed
2551 1960 2729 2017 coetui
2760 1960 3139 2030 conﬁteatur,
3177 1964 3242 2014 ut
3263 1958 3514 2015 morbus
3545 1957 3704 2014 illius

2041 2050 2148 2123 qui
2191 2049 2253 2106 in
2283 2049 2583 2122 ejusmodi
2621 2050 2857 2106 malum
2894 2048 3122 2116 incidit,
3177 2064 3284 2122 per
3314 2063 3706 2105 communem

2043 2137 2455 2211 precationem
2481 2143 2746 2196 sanetur.

2366 2273 2680 2330 EJUSDEM
2710 2275 2939 2331 SERMO
2971 2275 3380 2330 ASCETICUS.

2122 2368 2170 2418 l.
2218 2366 2383 2420 Unus
2431 2368 2520 2419 est
2561 2364 2834 2420 asceticze
2877 2363 3014 2419 vitm
3061 2378 3304 2436 scopus,
3338 2365 3402 2417 ut
3431 2360 3709 2418 consulat

2046 2452 2264 2509 animse
2297 2452 2513 2518 saluti;
2547 2458 2605 2509 et
2623 2453 2921 2526 quidquid
2948 2451 3258 2525 proposito
3306 2451 3449 2507 huic
3479 2451 3709 2507 condu-

2045 2558 2179 2597 cere
2223 2545 2436 2612 potest,
2487 2541 2548 2596 id
2587 2541 2742 2597 sicut
2789 2540 3065 2596 divinum
3089 2540 3450 2596 mandatum
3476 2555 3616 2594 cum
3641 2538 3707 2594 ti-

2046 2646 2214 2686 more
2251 2630 2710 2686 observandum
2767 2633 2874 2686 est.
2935 2632 3138 2702 Neque
3191 2629 3352 2684 enim
3395 2628 3530 2700 ipsa
3607 2626 3710 2684 Dei

2046 2719 2777 2792 mandataadquidquam
2795 2718 2956 2775 aliud
2989 2722 3284 2791 spectant,
3318 2717 3436 2774 nisi
3467 2721 3531 2772 ut
3557 2715 3711 2772 salu-

2047 2813 2168 2866 tem
2218 2809 2589 2882 adipiscatur
2639 2809 2745 2881 qui
2801 2809 2886 2864 eis
2932 2807 3374 2865 auscultaverit.
3418 2806 3710 2862 Convenit

2045 2898 2247 2970 igitur,
2273 2903 2338 2954 ut
2364 2897 2888 2972 quemadmodum
2901 2898 3006 2970 qui
3023 2898 3157 2954 sein
3181 2896 3468 2953 balneum
3490 2895 3705 2952 demit-

2047 2991 2180 3044 tunt
2218 2988 2384 3043 omni
2428 2987 2653 3042 amictu
2706 2987 3036 3049 nudantur,
3091 2986 3172 3044 ita
3224 2986 3406 3042 etiam
3466 2985 3572 3058 qui
3628 2983 3708 3041 ad

2047 3076 2380 3134 asceticum
2431 3075 2566 3131 vitae
2611 3091 2803 3145 genus
2847 3075 3162 3146 accedunt,
3217 3075 3382 3130 omni
3404 3090 3466 3130 re
3500 3073 3706 3129 saeculi

2045 3164 2228 3238 hujus
2249 3166 2432 3234 exuti,
2460 3165 2645 3219 vitam
2667 3163 3148 3236 phi1050phicam
3179 3162 3616 3232 ingrediantur.
3642 3161 3706 3217 ld

2045 3254 2246 3328 itaque
2273 3255 2650 3327 praecipuum
2681 3259 2790 3325 est,
2823 3257 2880 3308 et
2909 3254 3084 3325 cujus
3119 3251 3296 3325 324
3319 3251 3584 3308 maxime
3607 3267 3708 3308 cu-

2046 3360 2177 3400 ram
2209 3359 2412 3415 gerere
2434 3343 2806 3399 Christianus
2830 3342 3029 3413 debet,
3051 3347 3118 3398 ut
3143 3341 3364 3398 vitiosis
3387 3339 3704 3397 affectibus

2045 3435 2151 3506 qui
2178 3433 2327 3490 varii
2357 3437 2500 3488 sunt
2529 3448 2600 3489 ac
2632 3432 2872 3499 diversi,
2892 3431 3285 3504 animamque
3305 3431 3701 3503 conquinant,

2045 3522 2385 3579 denudetur
2418 3540 2431 3576 :
2463 3521 2680 3578 deinde
2719 3537 2862 3577 vero
2891 3524 3146 3593 oportet,
3176 3523 3241 3575 ut
3268 3520 3373 3592 qui
3405 3519 3485 3575 ad
3514 3521 3703 3578 vitam

2048 3611 2374 3667 sublimem
2404 3609 2670 3684 respicit,
2713 3626 2861 3683 opes
2909 3625 3052 3664 suas
3083 3625 3155 3666 ac
3187 3608 3499 3665 facultates
3529 3608 3701 3664 dere-

2042 3698 2281 3773 linquat
2307 3718 2320 3756 :
2353 3715 2493 3755 cum
2515 3715 2718 3755 rerum
2730 3703 3103 3755 terrenarum
3118 3714 3262 3753 cura
3275 3713 3346 3752 ac
3361 3696 3701 3754 sollicitudo

2044 3805 2333 3860 magnam
2363 3789 2424 3845 in
2457 3788 2662 3845 animo
2707 3787 3152 3844 aberrationem
3201 3789 3506 3856 generent.
3551 3788 3702 3842 Cum

2042 3880 2222 3951 igitur
2273 3879 2474 3952 plures
2504 3877 2582 3934 ad
2607 3877 2893 3935 eumdem
2936 3877 3143 3932 salutis
3183 3892 3437 3948 scopum
3467 3875 3700 3942 intenti,

2043 3985 2433 4026 communem
2490 3968 2642 4024 inter
2697 3983 2758 4022 se
2801 3967 2987 4022 vitam
3045 3965 3306 4038 amplexi
3364 3963 3603 4030 fuerint,
3639 3963 3702 4020 id

2041 4060 2197 4116 inter
2243 4059 2408 4131 ipsos
2467 4062 2604 4114 ante
2653 4057 2861 4113 omnia
2921 4055 3191 4112 obtineat
3218 4070 3465 4111 necesse
3496 4059 3602 4121 est,
3638 4058 3702 4108 ut

2041 4164 2232 4204 unum
2263 4147 2325 4204 in
2347 4147 2633 4203 omnibus
2667 4145 2881 4212 sitcor,
2915 4149 2971 4200 et
2994 4143 3274 4200 voluntas
3308 4159 3448 4205 una,
3477 4157 3700 4197 unum-

2043 4253 2158 4310 que
2184 4235 2775 4308 desiderium,utque
2797 4251 2869 4289 ex
2887 4232 3154 4306 Apostoli
3179 4236 3505 4306 praecepto,
3521 4247 3701 4287 omne

2043 4331 2374 4384 conventus
2403 4341 2622 4397 agmen
2653 4324 2947 4381 efﬁciatur
2975 4339 3166 4380 unum
3189 4338 3410 4394 corpus
3425 4337 3496 4377 ex
3515 4321 3704 4377 diver-

2043 4417 2122 4473 sis
2177 4415 2465 4472 membris
2521 4417 3016 4486 coagmentatum
3042 4415 3099 4494 μ
3138 4414 3278 4469 Cor.
3313 4429 3406 4478 xu,
3440 4413 3548 4480 l2).
3581 4413 3702 4467 lloc

2044 4510 2246 4562 autem
2295 4505 2464 4562 aliter
2511 4505 2638 4560 ﬁeri
2682 4520 2803 4560 non
2834 4506 3051 4576 potest,
3074 4501 3188 4557 nisi
3221 4500 3542 4557 obtinuerit
3571 4500 3700 4555 haac

2043 4595 2443 4662 consuetudo,
2496 4599 2560 4650 ut
2590 4592 2739 4649 nihil
2784 4590 3144 4648 nominatim
3201 4606 3272 4644 ac
3320 4589 3702 4661 peculiariter

2042 4685 2330 4757 cuiquam
2353 4684 2666 4751 tribuatur,
2683 4697 2876 4754 neque
2901 4679 3355 4746 vestimentum,
3372 4693 3568 4748 neque
3591 4693 3700 4732 vas

2041 4791 2238 4849 neque
2259 4773 2580 4848 quidpiam
2609 4771 2774 4829 aliud
2804 4787 2876 4826 ex
2903 4769 2976 4825 iis
3001 4785 3138 4841 qua:
3172 4765 3522 4822 conducunt
3562 4767 3699 4821 vitae

2045 4863 2376 4932 communi,
2404 4861 2725 4932 utsingula
2745 4859 2961 4916 usibus
2991 4854 3372 4923 necessariis,
3419 4869 3545 4910 non
3596 4870 3700 4910 au-

2042 4958 2164 5011 tem
2193 4952 2647 5027 possessoribus
2668 4949 3063 5007 destinentur.
3096 4949 3164 5003 Et
3183 4944 3357 5001 siculi
3377 4943 3700 5001 vestimen-

2038 5087 2138 5132 τῶν
2163 5076 2461 5137 ἀσκητικῶν
2503 5074 2808 5143 διατάξεων,
2836 5073 3120 5131 Basilii...
3150 5069 3439 5141 prologus
3494 5069 3681 5127 asceti

2041 5167 2247 5206 eorum
2279 5150 2798 5206 conslitulionum.

2112 5223 2225 5293 (‘71)
2259 5224 2519 5292 Utraque
2547 5220 2726 5293 editio
2752 5223 2847 5293 sui
2879 5224 2998 5293 πᾶν,
3025 5218 3166 5285 Reg.
3201 5213 3410 5293 tertius
3466 5216 3555 5293 καὶ
3617 5207 3700 5263 δεῖ

2041 5283 2165 5359 πᾶν,
2188 5283 2244 5347 et
2272 5294 2353 5348 ita
2373 5283 2617 5364 quoque
2647 5289 2945 5364 legiturin
2968 5283 3354 5364 Regfprimo,
3379 5283 3488 5339 sed
3509 5299 3699 5338 manu

2041 5359 2575 5420 recentiore—Mox.
2609 5359 2749 5429 Reg.
2783 5360 3172 5434 primusxpé;
3196 5359 3413 5434 ταύτην.

2115 5437 2231 5505 (72)
2273 5433 2442 5501 Illud,
2470 5427 2813 5500 πάσηςῦληξ,
2855 5433 2938 5505 ita
2968 5429 3047 5486 ad
3081 5427 3364 5484 'verbum
3412 5427 3701 5498 interpre-

2047 5504 2270 5570 tabere.
2300 5508 2462 5562 omni
2480 5509 2738 5564 materia
2760 5504 2948 5562 eruti.

2116 5578 2228 5653 (73)
2259 5567 2481 5653 "Codex
2512 5581 2676 5634 Voss.
2711 5583 2830 5653 περὶ
2859 5574 3014 5631 αὐτόν
3058 5571 3352 5651 βλέποντες.
3376 5573 3505 5628 NOX
3537 5567 3701 5625 idem

2045 5650 2257 5716 codex.
2277 5653 2327 5710 ἓν
2359 5649 2570 5718 ἑαυτοῖς.
