4110 6372
393 271 498 324 883

1773 272 1829 328 S.
1873 269 2121 324 BASlLll
2161 269 2400 326 MAG-Nl.

3651 277 3760 334 8M

391 396 523 449 tum
542 408 800 465 parvum
830 397 1067 469 corpori
1091 399 1325 469 majori,
1360 403 1463 455 aut
1493 397 1694 467 majus
1717 412 1906 468 parvo
1923 411 2044 451 non

2171 403 2227 464 τῷ
2283 397 2483 468 μείζονι
2518 402 2723 471 σώματι
2762 401 2820 454 τὸ
2858 401 3044 474 μικρὸν
3104 400 3332 472 ἱμάτιον,
3390 402 3420 459 ἦ
3473 407 3546 471 τῷ
3570 421 3756 474 μικρο-

391 484 688 548 convenit,
720 484 826 540 sed
856 486 1154 560 quidquid
1185 489 1403 560 cuique
1426 491 1894 544 accomodatum
1933 490 2045 552 est,

388 571 452 628 id
480 572 623 630 utile
644 577 732 630 est
761 578 819 631 et
846 577 1241 634 commodum
1263 594 1276 632 :
1296 577 1376 634 ita
1397 578 1575 633 etiam
1591 577 1707 634 alia
1733 574 2048 645 omnia,le-

391 667 544 732 ctus,
570 663 858 735 stragula.
892 665 1156 724 calidum
1183 669 1626 732 vestimentum,
1677 666 2050 723 calceamen-

390 756 543 820 tum,
576 754 705 824 ejus
729 755 834 828 qui
855 755 949 811 his
977 756 1154 813 valde
1187 757 1431 828 indiget,
1482 757 1707 814 debent
1746 771 1877 812 esse
1922 769 2047 810 non

391 843 780 916 possidentis.
815 847 1359 912 Quemadmodum
1387 848 1546 903 enim
1569 847 1672 919 qui
1700 846 2046 902 vulneratus

393 936 500 999 est,
557 947 682 990 non
729 935 835 1006 qui
892 951 1077 993 sanus
1124 942 1234 1002 est,
1295 936 1737 994 medicamento
1795 936 1974 991 utitur
2030 953 2044 992 :

393 1022 482 1078 sic
496 1021 678 1079 etiam
695 1023 766 1078 iis
781 1040 919 1096 quae
931 1029 1007 1081 ad
1020 1025 1463 1082 sublevandum
1476 1041 1696 1098 corpus
1716 1026 2049 1094 excogitata

395 1116 551 1178 sunt,
573 1111 934 1185 perfruatur,
969 1131 1092 1172 uon
1116 1115 1222 1188 qui
1248 1115 1496 1172 delicate
1538 1115 1696 1181 vivit,
1731 1115 1838 1171 sed
1874 1115 1925 1172 is
1953 1115 2048 1172 cui

392 1201 668 1258 levamen
699 1218 856 1274 opus
875 1208 985 1260 est.

465 1295 518 1347 2.
553 1291 852 1356 Quoniam
873 1298 1076 1351 autem
1104 1294 1270 1350 varia
1292 1295 1764 1352 sunthominum
1809 1295 2050 1366 ingenia

394 1395 590 1453 neque
611 1381 878 1437 similiter
897 1383 972 1438 de
1000 1383 1182 1440 rebus
1212 1383 1458 1440 utilibus
1501 1401 1713 1442 omnes
1750 1385 2051 1456 judicant,

394 1485 470 1527 ne
529 1484 673 1543 qua,
713 1486 1085 1544 unoquoque
1114 1472 1195 1529 ad
1239 1489 1421 1530 suum
1453 1475 1766 1531 arbitrium
1794 1475 2048 1542 vivente,

393 1558 706 1615 oboriatur
733 1560 1094 1631 pertubatio,
1125 1561 1176 1616 is
1196 1562 1302 1635 qui
1328 1577 1399 1618 ex
1432 1563 1675 1636 publico
1706 1564 2052 1621 testimonio

393 1653 625 1704 cunctis
676 1649 1022 1722 prudentia,
1072 1653 1434 1720 constantia,
1466 1669 1535 1710 ac
1557 1655 1687 1710 vita;
1719 1655 2055 1725 integritate

395 1737 752 1810 prteatitnrit,
808 1739 940 1795 aliis
993 1741 1272 1811 regendis
1323 1741 1746 1815 praeﬁciendus
1803 1748 1892 1801 est
1943 1749 2124 1812 :utn

395 1827 642 1901 quodin
675 1843 748 1884 eo
775 1829 1012 1887 bonum
1043 1837 1153 1900 est,
1184 1831 1248 1888 id
1272 1832 1548 1889 omnium
1569 1833 1674 1907 qui
1698 1834 1899 1906 ipsum
1932 1834 2056 1891 fue-

395 1920 518 1976 rint
545 1916 780 1987 imitati,
810 1920 919 1977 ﬁat
957 1937 1300 1979 commune.
1338 1926 1407 1980 Ut
1435 1923 1595 1980 enim
1626 1925 1679 1979 si
1728 1924 1928 1997 plures
1967 1925 2053 1997 pia

397 2009 784 2066 ctoresunius
799 2009 1354 2070 facieilineamenta
1372 2013 1649 2086 pingant,
1672 2031 1886 2071 omnes
1905 2015 2058 2071 ima-

400 2097 570 2168 gines
595 2097 808 2154 futurae
839 2103 979 2156 sunt
1006 2099 1160 2156 inter
1179 2117 1240 2156 se
1263 2101 1505 2173 similes,
1540 2108 1722 2176 upote
1763 2103 1868 2160 uni
1911 2105 2058 2161 assi-

399 2189 934 2245 milataereumdem
953 2190 1031 2247 ad
1053 2191 1304 2248 modum
1323 2191 1370 2249 si
1391 2193 1581 2249 multa
1602 2194 1847 2264 ingenia
1861 2209 2054 2251 unum

397 2277 762 2337 imitandum
815 2279 930 2336 sibi
958 2286 1326 2354 proponant,
1351 2283 1410 2338 in
1428 2281 1714 2340 omnibus
1745 2285 2058 2358 aequaliter

397 2369 564 2427 bona
587 2370 718 2426 vitae
749 2369 945 2427 forma
966 2369 1277 2429 elucescet.
1319 2374 1524 2447 Itaque
1551 2391 1673 2430 uno
1701 2374 1904 2449 aliquo
1925 2376 2057 2447 jam

400 2459 629 2517 delecto
662 2464 719 2516 et
748 2459 1016 2533 praelato,
1059 2462 1389 2520 cessabunt
1431 2479 1643 2520 omnes
1674 2463 1920 2535 privatae
1953 2482 2055 2522 vo-

399 2549 682 2619 luntates,
707 2566 891 2622 seque
909 2550 988 2606 ad
1025 2548 1086 2606 id
1107 2547 1273 2624 quod
1299 2553 1678 2625 praestantius
1691 2559 1802 2622 est,
1826 2553 2059 2611 confor-

401 2639 660 2696 mabunt
683 2656 920 2711 omnes,
943 2647 1244 2713 praecepto
1275 2642 1606 2714 apostolico
1636 2643 2060 2718 obsecuti,quo

402 2728 608 2786 anima
639 2728 793 2786 omis
825 2729 1225 2802 potestatibus
1254 2729 1491 2787 eximiis
1525 2733 1764 2790 subdita
1795 2751 1928 2790 esse
1967 2735 2064 2806 ju-

400 2819 596 2889 betur,
627 2837 868 2894 quoque
895 2838 1219 2878 mouemur
1235 2839 1337 2878 eos
1353 2823 1456 2896 qui
1475 2824 1813 2888 restiterint,
1833 2825 2062 2896 judicio

404 2916 586 2983 atque
629 2909 1123 2968 condemnationi
1153 2909 1448 2968 obnoxios
1470 2913 1622 2970 etiici
1645 2916 1831 2984 (Rom.
1857 2931 1970 2982 xui,
2009 2918 2057 2984 l,

401 3005 477 3063 2).
510 3003 660 3058 Vera
689 3006 893 3058 autem
924 3006 981 3059 et
1010 2999 1275 3076 perfecta
1300 3002 1681 3061 subditorum
1731 3021 1874 3076 erga
1912 3022 2063 3079 prae-

2154 491 2282 560 τέρῳ
2320 490 2378 539 τὸ
2431 488 2753 564 τελειότερον,
2815 488 2920 540 ἀλλ’
2972 489 3177 560 ἑκάστῳ
3231 493 3290 542 τὸ
3329 492 3624 562 σύμμετρόν
3645 494 3758 542 ἐστι.

2155 581 2242 628 καὶ
2301 576 2549 650 έπωφιλες
2601 585 2688 632 καὶ
2736 579 3077 654 εὐάρμοστον·
3134 580 3271 633 οὕτω
3338 584 3432 632 καὶ
3475 581 3542 632 τὰ
3623 578 3758 634 ἄλλα

2154 668 2342 730 πάντα,
2393 670 2422 726 ἠ
2481 667 2648 735 κλίνη,
2690 671 2756 720 τὰ
2809 674 3095 744 στρώματα
3125 671 3262 738 (τι),
3295 671 3355 722 τὸ
3396 671 3584 744 θερμὸν
3615 687 3758 742 περι-

2157 753 2381 826 ϐόλαιον,
2439 760 2496 810 τὸ
2550 754 2820 831 ὑπόδημα,
2863 766 2955 826 τοῦ
2985 759 3119 812 πάνυ
3158 758 3473 832 χρηζοντος,
3505 758 3632 831 οὐχὶ
3662 765 3757 814 τοῦ

2155 850 2465 917 κεκτημένου
2525 844 2652 900 εἶναι
2705 847 2911 920 ὀφείλει,
2975 850 3219 922 Καθάπερ
3266 850 3368 922 γὰρ
3399 855 3472 917 τῷ
3499 849 3756 922 φαρμάκῳ

2156 936 2183 987 6
2241 939 2671 1011 τραυματισθείς,
2725 938 2832 1010 οὐχ
2883 940 2911 990 6
2957 939 3223 1010 ὑγιαίνων,
3289 942 3574 1012 κέχρηται,
3625 939 3760 992 οὑτω

2157 1031 2246 1080 καὶ
2301 1034 2401 1080 τῶν
2449 1031 2581 1100 πρὸς
2634 1033 2728 1087 τὴν
2780 1030 2957 1082 ἄνεσιν
3007 1036 3099 1082 τοῦ
3174 1034 3418 1104 σώματος
3462 1026 3762 1101 ὶπινοουμέ-

2156 1137 2271 1185 νων,
2307 1117 2459 1187 οὑχό
2498 1125 2722 1190 τρυφῶν,
2747 1116 2852 1170 ἀλλ’
2885 1119 2912 1170 6
2940 1117 3160 1190 χρῄζων
3212 1125 3306 1181 τῆς
3356 1115 3576 1182 ἀνέσεως
3634 1115 3762 1173 ἀπο·

2157 1205 2322 1263 λαὺιι.

2229 1299 2284 1352 2.
2319 1293 2528 1356 Ἐπειδὴ
2591 1293 2650 1351 6":
2699 1297 2912 1352 ποικίλα
2937 1299 3004 1352 τὰ
3041 1306 3140 1352 τῶν
3171 1296 3456 1372 ἀνθρώπων
3485 1298 3586 1356 ἤθη
3622 1295 3758 1362 ἐστι,

2161 1392 2251 1441 καὶ
2282 1386 2340 1439 οὑ
2388 1388 2569 1448 πάντες
2607 1388 2794 1459 ὁμοίως
2850 1392 2968 1462 περὶ
3015 1396 3115 1440 τῶν
3175 1391 3462 1462 χρησίμων
3487 1385 3762 1460 βουλεύον-

2162 1497 2270 1545 ται,
2337 1479 2420 1529 ἵνα
2465 1481 2535 1550 μή
2590 1496 2672 1540 τις
2725 1475 3095 1530 ἀκαταστασία
3159 1473 3214 1543 ἦ,
3274 1476 3494 1532 ἑκάστου
3545 1479 3760 1530 utan

2161 1562 2300 1619 ἴδιον
2361 1565 2558 1640 θέλημα
2608 1565 3024 1640 πολιτυεομένου,
3080 1571 3338 1639 προσήκει
3379 1569 3464 1620 τὸν
3516 1563 3601 1621 επὶ
3630 1567 3766 1620 πάνο

2163 1675 2262 1710 των
2297 1659 2412 1726 (75)
2462 1655 2546 1708 έπὶ
2603 1660 2807 1710 συνέσει
2846 1661 2936 1710 καὶ
2993 1656 3271 1729 εὐσταθείᾳ
3300 1661 3389 1709 καὶ⁵
3420 1663 3483 1730 τῇ
3511 1657 3646 1708 κατὰ
3674 1659 3767 1713 τηρ

2169 1750 2304 1811 ζωὴν
2379 1745 2617 1821 ἀκριϐείᾳ
2693 1750 3150 1820 μεμαρτυρημένον
3227 1742 3511 1820 διαφέρειν,
3589 1751 3767 1799 τοῦτον

2165 1838 2576 1912 προστήσασθαι
2623 1836 2696 1899 εἰς
2749 1839 2806 1890 τὸ
2857 1837 3272 1908 καθηγήσασθαι
3323 1843 3424 1888 τῶν
3468 1833 3654 1901 ἀλλων,
3687 1835 3772 1889 ενι

2164 1929 2224 1980 τὸ
2290 1925 2340 1980 ἂν
2385 1929 2548 1998 τούτῳ
2606 1925 2822 1998 ἀγαθὸν,
2863 1929 3032 1979 κοινὸν
3078 1927 3283 1979 πάντων
3310 1934 3410 1979 τῶν
3441 1929 3770 1999 μιμουμένων

2164 2021 2397 2088 γένηται.
2482 2015 2681 2090 Ὠσπερ
2739 2018 2862 2088 γὰρ,
2938 2015 2982 2068 εἰ
3059 2014 3282 2076 πλείονες
3338 2015 3610 2089 ζωγρέῳοι
3661 2014 3770 2078 ἑνός

2166 2113 2450 2183 προσώπου
2521 2115 2842 2181 χαρακτῆρα
2911 2108 3176 2180 γράφοιεν,
3243 2111 3413 2159 πᾶσαι
3478 2107 3534 2158 αἱ
3584 2105 3771 2168 ιίκόνις

2166 2200 2357 2271 ὁμοίως
2413 2200 2540 2273 πρὸς
2589 2195 2811 2258 ἀλλήλας
2857 2196 3052 2264 ἕξουσί,
3105 2192 3199 2250 διὰ
3253 2199 3312 2248 τὸ
3358 2203 3430 2266 τῷ
3478 2195 3549 2248 in
3573 2198 3776 2268 ὡμοιὰρ

2169 2288 2294 2340 σθαι
2346 2288 2475 2358 (76)·
2537 2283 2671 2339 οὑτω
2724 2287 2790 2338 τὰ
2845 2285 3008 2338 πολλὰ
3034 2286 3158 2352 ἤθη,
3199 2283 3241 2337 εἰ
3270 2287 3402 2358 πρὸς
3430 2287 3524 2343 τὴν
3549 2293 3640 2337 τοῦ
3668 2285 3770 2348 ἐνὸς

2167 2382 2393 2452 μίμησιν
2459 2375 2664 2449 βλέποι,
2696 2382 2857 2428 πᾶσιν
2887 2375 3073 2448 ὁμοίως
3105 2376 3130 2427 6
3162 2375 3352 2446 ἁγαθός
3384 2379 3474 2426 τοῦ
3508 2373 3630 2449 βίου
3657 2393 3768 2447 χα-

2167 2471 2366 2541 ρακτὴρ
2422 2463 2720 2538 ὶπιλάμψει.
2779 2466 3148 2539 Προκριθέντος
3210 2468 3380 2518 τοίνυν
3432 2464 3556 2532 ἑνός,
3610 2462 3771 2540 ἀργή·

2172 2576 2250 2610 σει
2289 2557 2458 2609 πάντα
2504 2559 2566 2609 τά
2611 2556 2802 2629 μερικά
2855 2554 3131 2627 θελήματαο
3193 2557 3322 2630 πρὸς
3359 2548 3418 2609 δί
3444 2559 3502 2608 τό
3541 2558 3768 2630 προέχον

2169 2648 2355 2708 πάντες
2413 2648 2460 2698 οἰ
2511 2644 2685 2719 ἐφεξῆς
2732 2645 3156 2711 τυπωθὴσονται,
3217 2645 3511 2706 πεισθέντες
3547 2652 3616 2715 τῷ
3645 2641 3770 2698 ἀπο-

2173 2736 2395 2806 στολικῷ
2435 2735 2834 2811 παραγγέλματι
2889 2744 2961 2806 τῷ
3018 2734 3267 2788 κελεύοντι
3334 2741 3507 2790 πᾶσαν
3581 2733 3767 2805 ψυχὴν

2173 2825 2432 2890 ἐξουσίαις
2504 2823 2892 2901 ὑπερεχούσαις
2956 2825 3372 2879 ὑποτάσσεσθαι·
3444 2827 3532 2877 καὶ
3579 2825 3658 2878 ὁτι
3719 2823 3768 2877 οἱ

2174 2913 2562 2982 ἀνθεστηκότες,
2610 2915 2808 2980 ἑαυτοῖς
2866 2923 3031 2990 κρῖμα
3080 2915 3353 2988 λήψονται·
3386 2915 3444 2970 Ἠ
3487 2911 3545 2968 δί
3577 2912 3770 2977 ἀληθὴς

2170 3012 2261 3061 καὶ
2335 3007 2498 3062 τελεία
2558 3007 2762 3066 ὑπακοὴ
2818 3013 2917 3061 τῶν
2964 3008 3280 3082 ὑποχειρίων
3327 3009 3460 3082 πρὸς
3498 3007 3585 3058 τὸν
3649 3005 3776 3058 καθ-

401 3087 625 3148 fectum
647 3089 990 3147 obedientia
1015 3091 1075 3147 in
1103 3109 1174 3148 eo
1200 3090 1560 3161 declaratur,
1588 3094 1634 3149 si
1657 3111 1780 3151 non
1811 3112 1846 3151 a
1875 3093 2054 3166 ﬂagi-

2173 3099 2450 3172 ηγοὺμενον
2496 3095 2546 3150 ἑν
2594 3101 2762 3152 τούτῶ
2810 3095 3098 3164 δείκνυται,
3155 3095 3203 3151 έν
3259 3103 3331 3170 τῷ
3383 3100 3454 3170 μὴ
3493 3099 3645 3170 μόνον
3675 3099 3773 3148 τῶν

403 3180 569 3238 tiosis
599 3181 784 3238 modo
810 3180 1155 3239 abstineant
1179 3199 1251 3238 ex
1282 3182 1542 3255 prrefecti
1566 3183 1838 3251 consilio,
1873 3185 1980 3242 sed
2011 3183 2060 3242 si

403 3286 480 3327 ne
511 3287 582 3329 ea
605 3271 852 3344 quidem
873 3285 1010 3344 quae
1038 3268 1368 3330 laudabilia
1399 3275 1556 3340 sunt,
1587 3275 1734 3330 citra
1763 3271 1923 3331 illius
1971 3291 2061 3332 ar-

404 3360 652 3417 bitrium
678 3366 991 3433 peragant.
1027 3363 1176 3417 Nam
1208 3360 1572 3420 abstinentia
1603 3370 1657 3420 et
1692 3365 1890 3420 omnis
1929 3382 2060 3421 cor-

408 3449 633 3523 poralis
673 3449 980 3506 afﬂictatio
999 3449 1078 3507 ad
1108 3449 1336 3524 aliquid
1360 3451 1516 3508 utilis
1541 3459 1628 3510 est
1658 3472 1670 3510 :
1696 3451 1801 3510 sed
1828 3455 1878 3510 si
1923 3455 2061 3529 quis

411 3539 597 3596 animi
627 3539 718 3595 sui
741 3545 974 3596 motum
1006 3543 1268 3612 secutus,
1303 3540 1469 3615 quod
1503 3541 1618 3599 sibi
1648 3543 1842 3616 placet
1882 3545 2065 3615 egerit

409 3635 467 3685 et
487 3630 811 3702 praeposito
834 3629 1154 3687 consilium
1177 3631 1289 3688 sibi
1317 3631 1484 3690 danti
1519 3650 1640 3690 non
1681 3631 2064 3708 obtempera-

407 3722 577 3790 verit,
609 3726 928 3794 peccatum
958 3721 1228 3779 futurum
1252 3728 1339 3779 est
1364 3725 1589 3796 majus,
1610 3742 1797 3798 quam
1813 3733 1968 3782 recte
1987 3725 2068 3783 fa-

410 3816 596 3868 ctum.
621 3812 738 3880 Qui
755 3815 909 3869 enim
938 3815 1154 3869 restitit
1179 3813 1356 3886 325
1377 3819 1679 3884 potestati,
1708 3818 1810 3872 Dei
1827 3816 2070 3874 ordina-

411 3904 563 3959 tiom'
581 3905 800 3958 resistit
823 3903 988 3971 (ibid.
1011 3903 1066 3972 2)
1084 3916 1106 3972 ;
1127 3908 1308 3975 atque
1322 3904 1578 3960 obedieu
1591 3905 1681 3960 tite
1703 3904 1900 3976 major
1923 3923 2070 3962 mer-

411 4008 510 4048 ces
535 4007 722 4065 quam
744 3992 1121 4048 abstinentiae
1152 3993 1352 4049 virtuti
1390 3994 1690 4050 tribuitur.
1717 3995 1940 4051 Eodem
1963 4013 2070 4051 au-

412 4087 533 4139 tem
564 4081 753 4138 modo
783 4098 1172 4138 communem
1201 4088 1256 4138 et
1281 4084 1579 4157 aequalem
1604 4084 1890 4140 omnibus
1920 4086 2074 4143 inter

415 4189 478 4228 se
509 4171 861 4228 charitatem
894 4187 1025 4228 esse
1055 4173 1356 4238 convenit,
1378 4191 1500 4246 quo
1522 4173 1708 4232 homo
1723 4175 2076 4233 naturaliter

417 4277 562 4332 erga
593 4262 831 4333 singula
857 4279 968 4319 sua
994 4263 1271 4320 membra
1303 4265 1550 4321 affectus
1573 4271 1686 4335 est,
1717 4267 1820 4339 qui
1880 4271 2073 4325 totum

418 4368 598 4408 suum
624 4368 844 4425 corpus
864 4353 1087 4425 pariter
1114 4369 1331 4410 sanum
1356 4355 1500 4421 vult,
1524 4357 1774 4428 quando
1791 4362 1846 4414 et
1866 4361 2072 4414 unius-

2173 3188 2374 3242 ἀτόπων
2431 3189 2567 3241 κατά
2616 3193 2708 3247 τὴν
2760 3185 3060 3260 συμϐουλὴν
3099 3195 3188 3240 τοῦ
3219 3192 3548 3262 προεστῶτος
3586 3187 3776 3256 ἀπέχε-

2174 3278 2320 3339 σθαι,
2363 3275 2489 3328 ἀλλὰ
2543 3273 2682 3351 μηδὲ
2730 3274 2860 3330 αὑτὰ
2904 3281 2967 3330 τὰ
3019 3273 3260 3331 έπαινιτὰ
3309 3280 3476 3351 χωρὶς
3527 3280 3618 3335 τῆς
3643 3272 3775 3326 iui-

2171 3388 2258 3422 νου
2300 3373 2505 3441 γνώμης
2555 3369 2667 3440 (77)
2711 3375 2894 3424 ποιεῖν.
2943 3365 3002 3420 ’Π
3057 3370 3154 3442 γὰρ
3187 3363 3462 3441 ἐγκράτεια
3506 3370 3597 3418 καὶ
3625 3368 3776 3418 πᾶσα

2173 3459 2202 3519 ἡ
2268 3463 2540 3531 σωματικὴ
2593 3459 2918 3511 κακοπάθεια
2941 3461 3071 3532 πρὸς
3099 3478 3149 3510 τι
3178 3460 3460 3530 χρησίμως
3491 3459 3624 3528 ἔχει’
3666 3451 3774 3508 ἀλλ’

2176 3545 2260 3601 ὲάν
2303 3568 2404 3617 τις,
2428 3556 2543 3610 ταῖς
2584 3544 2748 3610 ἰδίαις
2804 3551 2991 3623 ὁρμαῖς
3072 3547 3390 3613 ἀκολουθῶν,
3446 3549 3502 3600 τὸ
3557 3543 3774 3621 ἀρεστὸν

2175 3638 2316 3710 αὐτῷ
2360 3646 2506 3711 ποιῇ,
2559 3643 2646 3690 καὶ
2702 3637 3104 3712 συμϐουλεύοντι
3249 3641 3541 3712 προεστῶτὶ
3567 3637 3638 3709 μὴ
3668 3635 3776 3687 πιέ-

2180 3729 2354 3797 Θηται,
2432 3729 2608 3803 μεῖζόν
2667 3735 2759 3781 τοῦ
2823 3730 3220 3804 κατορθώματος
3289 3728 3434 3779 ἔσται
3506 3729 3560 3778 τὸ
3608 3723 3778 3796 πλημ-

2178 3819 2521 3892 μελούμενον.
2610 3817 2667 3869 ’0
2768 3819 2870 3892 γὰρ
2965 3816 3400 3892 ἀντιτασσόμενος
3495 3821 3556 3888 τῇ
3639 3811 3780 3877 ἐξουσ-

2768 3819 2870 3893 γὰρ
2965 3816 3400 3892 ἀντιτασσόμενος

2182 3913 2292 3982 σὶᾳ,
2502 3915 2591 3960 τοῦ
2677 3916 2808 3960 Θεοῦ
2877 3906 3105 3981 διαταγῇ
3178 3907 3507 3965 ἀνθέστηκεν·
3585 3907 3673 3957 καί
3754 3904 3780 3954 6

2180 4007 2271 4059 τῆς
2337 3999 2575 4060 ὑπακοῆς
2621 3999 2813 4070 μισθὸς
2869 3999 3059 4072 μιιζων
3111 4006 3202 4050 τοῦ
3252 3999 3387 4050 κατὰ
3442 4001 3537 4054 τὴν
3601 3993 3783 4068 ἐγκρά-

2181 4092 2320 4140 τείαν
2387 4085 2499 4139 ἐστι
2560 4088 2978 4162 κατορθώματος.
3051 4087 3202 4140 Οὕτω
3272 4091 3529 4161 προσήκει
3604 4087 3782 4144 κοινήν

2183 4182 2272 4230 καὶ
2340 4181 2461 4235 ἴσην
2537 4184 2670 4230 πᾶσι
2723 4181 2847 4252 πρὸς
2907 4175 3156 4239 ἀλλήλους
3213 4181 3304 4236 τὴν
3363 4175 3571 4249 ἀγάπην
3631 4172 3782 4240 εἶναι,

2185 4269 2250 4328 ὡς
2299 4276 2527 4341 φυσικῶς
2589 4271 2713 4341 πρὸς
2761 4269 2826 4319 τὰ
2872 4265 2988 4319 καθ’
3040 4267 3257 4320 ἕκαστον
3321 4267 3506 4321 ἑαυτοῦ
3578 4261 3704 4338 μέλη
3756 4263 3782 4316 ὀ

2187 4353 2452 4432 ἅνθρωπος
2530 4357 2662 4429 ἔχει,
2742 4356 2930 4418 ἐπίσης
3006 4357 3158 4411 θέλων
3224 4362 3382 4409 παντὶ
3452 4361 3522 4426 τῷ
3579 4358 3784 4426 σώματι

417 4441 715 4514 cujusque
770 4442 1026 4499 membri
1081 4443 1254 4500 dolor
1282 4445 1582 4518 aequalem
1614 4449 1851 4520 corpori
1881 4448 2061 4504 mole-

2182 4452 2275 4506 τὴν
2330 4449 2527 4519 ὑγείαν,
2577 4443 2718 4500 διότι
2776 4451 2865 4499 καὶ
2915 4445 2940 4500 ὀ
2989 4451 3143 4509 πόνος
3188 4445 3409 4499 ἑκάστου
3448 4444 3630 4519 μέλους
3660 4446 3783 4500 ἴσην

418 4533 593 4589 etiam
615 4532 871 4590 exhibet.
889 4537 961 4590 At
980 4534 1503 4606 quemadmodum
1533 4536 1593 4592 in
1617 4537 2072 4610 nobismetipsis

418 4621 592 4679 dolor
612 4622 1093 4695 uniuscujusque
1135 4625 1481 4694 aegrotantis
1508 4624 1764 4682 membri
1805 4627 2073 4683 similiter

417 4717 612 4770 totum
641 4728 861 4785 corpus
888 4712 1144 4783 attingit,
1168 4718 1224 4769 et
1246 4718 1445 4770 tamen
1483 4719 1623 4771 sunt
1651 4716 1928 4772 membra
1955 4717 2073 4774 alia

419 4802 550 4860 aliis
608 4802 1024 4875 praestantiora
1065 4806 1210 4864 (non
1241 4805 1401 4860 enim
1428 4804 1650 4876 pariter
1680 4803 1754 4859 de
1781 4805 1959 4861 oculo
1990 4813 2074 4864 at-

418 4910 537 4967 que
557 4893 632 4950 (le
655 4892 826 4966 pedis
856 4891 1042 4963 digito
1068 4892 1387 4958 aﬂlcimur,
1411 4893 1644 4950 etiamsi
1666 4894 1841 4950 dolor
1869 4914 2072 4970 aequa-

418 4983 491 5039 lis
550 4983 648 5044 sit)
674 5001 685 5035 :
719 4983 802 5038 ita
856 4999 1358 5056 unumquemque
1392 4983 1450 5040 in
1474 5000 1686 5040 omnes
1710 4986 1812 5057 qui
1841 4985 1901 5044 in
1930 5004 2070 5044 con-

417 5076 603 5128 ventu
639 5071 914 5142 vixerint,
947 5073 1537 5130 commiserationem
1591 5072 1839 5146 quidem
1893 5081 2072 5150 atque

491 5271 600 5343 (74)
633 5272 774 5345 Reg.
795 5270 1029 5345 primus
1068 5275 1124 5325 τὸ
1159 5281 1396 5345 στρῶμα,

491 5347 605 5414 (75)
655 5343 815 5397 idem
862 5342 1054 5399 codex
1103 5347 1156 5397 ἑκ
1206 5342 1430 5399 πάντων.
1468 5347 1581 5401 Nec
1604 5346 1684 5401 ita
1717 5345 1904 5404 mullo
1937 5351 2075 5414 post

419 5415 609 5470 codex
632 5415 803 5488 γοδς.
829 5419 882 5468 et
910 5417 1048 5482 Reg.
1079 5418 1313 5487 primus
1340 5417 1410 5477 εἰς
1437 5420 1494 5469 τὸ
1515 5420 1885 5488 καθηγεῖσθαι.
1931 5415 2070 5488 Reg.

420 5486 726 5562 secundus
759 5486 1186 5562 προστήσασθαι.
1212 5497 1308 5562 τῶν
1337 5488 1518 5540 ἀλλων·
1547 5486 1707 5562 ⁸(ιιιίῐξ
1775 5486 2073 5562 scriptura

419 5557 723 5633 eomelior
753 5557 1000 5633 lcrtasse
1037 5560 1356 5627 videbitur,
1391 5577 1513 5633 quo
1546 5557 1784 5617 brevior
1814 5557 1923 5618 est.

485 5632 601 5707 (76)
648 5633 785 5702 lteg.
843 5631 1073 5704 primus
1122 5641 1192 5706 τῷ
1262 5633 1330 5687 ἐνὶ
1375 5631 1704 5708 ὁμοιοῦσθαι.
1750 5635 2072 5712 Aliquanto

2183 4542 2408 4613 παρέχει
2463 4545 2536 4608 τῷ
2586 4543 2789 4610 σώματι
2827 4542 2918 4595 την
2951 4531 3170 4594 ἀηδίαν.
3214 4533 3347 4590 Ἀλλ’
3375 4539 3549 4610 ὡσπερ
3583 4533 3630 4587 ἐν
3658 4533 3785 4606 ἡμῖν

2185 4629 2362 4690 αὐτοῖς
2415 4629 2440 4679 ὁ
2487 4630 2578 4700 μεν
2617 4632 2766 4687 πόνος
2805 4626 3026 4679 ἑκάστου
3060 4635 3158 4678 τῶν
3191 4624 3590 4701 ἀρρωστούντων
3620 4623 3784 4698 μελῶν

2183 4722 2311 4780 ἴσως
2361 4715 2577 4769 ἀπτεται
2619 4718 2728 4786 (78)
2784 4724 2875 4768 τοῦ
2903 4720 3088 4777 παντός
3121 4722 3378 4789 σώματος,
3412 4716 3525 4768 ἔστι
3566 4710 3625 4767 δὲ
3646 4718 3783 4787 ὅμως

2182 4808 2331 4881 ἕτερα
2387 4807 2569 4878 ἐτέρων
2617 4812 2898 4880 τιμιώτερα
2943 4805 3069 4878 μέλη
3135 4803 3216 4876 (οὔ
3261 4807 3358 4880 γὰρ
3415 4807 3601 4878 ὁμοίως
3666 4807 3785 4877 περὶ

2181 4898 2266 4946 τὸν
2317 4894 2578 4968 ὀφθαλμὸν
2618 4900 2709 4947 καὶ
2753 4901 2870 4970 περὶ
2914 4899 2998 4947 τόν
3029 4903 3119 4948 τοῦ
3168 4892 3334 4957 ποδός
3365 4889 3620 4947 δάκτυλον
3653 4896 3784 4966 ἕχο-

2182 5003 2292 5058 μεν,
2348 4983 2444 5036 κᾶν
2496 4986 2520 5035 6
2569 4990 2719 5047 πόνος
2763 4989 2821 5037 τὸ
2869 4988 2984 5037 ἴσον
3044 4987 3188 5057 Exi?)-
3253 4983 3388 5038 οὕτω
3409 4989 3502 5043 τὴν
3529 4985 3618 5057 μὲν
3643 5002 3784 5054 συμ-

2181 5075 2322 5132 παθῆ
2387 5070 2626 5126 διάθεσιν
2660 5077 2750 5125 καὶ
2795 5076 2881 5131 τὴν
2939 5069 3273 5146 ἀγαπητικὴν
3320 5079 3510 5146 σχέσιν
3556 5077 3680 5130 ἴσην
3703 5074 3786 5124 ἰπὶ

2182 5277 2318 5345 post
2366 5271 2530 5347 Coll).
2565 5282 2636 5342 τῷ
2678 5271 2992 5347 ιὺαγγελικῷ
3033 5272 3432 5347 παραγγέλματι
3461 5281 3532 5347 τῷ
3559 5271 3780 5347 λέγοντιΣ

2255 5347 2367 5414 (77)
2402 5344 2600 5424 Codex
2635 5344 2800 5424 C_olb.
2835 5343 3127 5424 χωρὶς-τῆς
3158 5343 3346 5424 ἐκείνου
3372 5343 3587 5424 βουλῆς,
3615 5343 3786 5424 llnud

2191 5417 2369 5504 longe
2415 5415 2606 5471 codex
2670 5419 2835 5470 Voss.
2896 5415 2955 5472 e't
2997 5420 3136 5486 Reg.
3195 5415 3425 5488 primus
3477 5421 3536 5470 τό
3567 5415 3784 5488 ἀρέσκον

2398 5561 2658 5636 Utraque
2687 5559 2870 5630 editio
2891 5562 2985 5628 ἴσα
3010 5561 3248 5632 ἅπτεται,
3301 5560 3541 5651 Antiqui
3577 5564 3695 5617 tres
3723 5558 3786 5629 li.

2202 5650 2274 5691 )l‘l
2306 5651 2449 5691 ισως.

2202 5650 2274 5692 )ΙῚ
2306 5650 2449 5694 ἴσως.
