4110 6382
440 348 546 404 895

1795 340 1854 397 S.
1896 331 2146 394 BASILII
2197 333 2441 393 MAGNI.

3695 340 3804 395 B96

439 471 521 529 tio
540 469 619 527 ad
640 467 901 525 salutem
922 464 1405 539 adipiscendam.
1439 466 1657 522 Verum
1686 462 1894 522 audiat
1918 467 1975 519 et
2002 459 2099 518 ille

2228 458 2539 535 ιαλούμενον.
2604 462 2740 518 Ἀλλ’
2790 463 3017 519 ἀκουέτω
3067 467 3156 517 καὶ
3193 463 3342 526 οὗτος
3397 468 3489 516 τοῦ
3544 462 3806 522 Ἀποστε-

438 557 794 632 Apostolum
811 556 1141 613 dicentem:
1160 555 1461 625 Quomodo
1475 571 1616 628 ergo
1633 554 2022 619 invocabant,
2034 552 2098 607 in

439 663 611 721 quem
624 663 747 703 non
760 646 1151 703 crediderunt
1164 647 1212 681 ¹⁶
1224 645 1253 701 ?
1269 645 1440 712 Quod
1456 646 1504 701 si
1518 644 1730 712 credis,
1747 643 1891 701 audi
1906 639 2102 699 Domi-

439 752 590 794 num
613 736 720 810 qui
745 734 829 792 ait
862 752 875 791 :
915 734 1054 791 Non
1086 735 1280 790 omnis
1309 735 1416 807 qui
1455 734 1600 791 dicit
1633 733 1798 803 mihi,
1829 733 2099 800 Domine,

441 826 702 891 Domine,
725 825 976 881 intrabit
995 825 1059 880 in
1081 839 1336 895 regnum
1360 826 1645 881 caelorum
1671 840 1684 878 :
1706 821 1812 880 sed
1831 822 1938 896 qui
1949 820 2103 892 facit

441 916 815 973 voluntatem
835 914 1039 970 Patris
1058 915 1193 983 mei,
1206 914 1312 985 qui
1324 914 1389 969 in
1407 914 1573 971 cretis
1589 919 1673 970 est
1697 912 1767 971 ‘3.
1782 914 1929 968 Nam
1946 914 2104 969 certe

441 1005 549 1078 qui
571 1003 807 1062 Domini
826 1004 1196 1061 voluntatem
1216 1002 1379 1071 facit,
1398 1017 1522 1059 non
1539 1002 1623 1060 ita
1642 1006 1845 1060 tamen
1865 1005 1928 1058 ut
1951 1004 2104 1063 Deus

442 1093 599 1162 vult,‘
622 1108 823 1166 neque
842 1092 960 1149 hoc
985 1107 1053 1149 ex
1077 1091 1298 1149 affectu
1327 1092 1553 1166 amoris
1582 1106 1728 1162 erga
1756 1092 1945 1148 Deum
1974 1105 2107 1165 per-

444 1182 589 1254 agit,
616 1182 666 1239 is
693 1182 863 1255 operi
888 1180 1258 1255 perﬁciendo
1279 1181 1501 1238 frustra
1523 1180 1791 1238 studium
1818 1179 2106 1254 impertit,

441 1273 618 1344 juxta
646 1286 856 1328 vocem
883 1270 1078 1344 ipsius
1100 1269 1336 1327 Domini
1364 1270 1555 1327 nostri
1580 1272 1723 1327 Jesu
1749 1269 1980 1337 Christi,
2004 1267 2110 1343 qui

446 1360 627 1419 dicit:
659 1362 943 1425 Faciunt,
976 1366 1045 1416 ut
1073 1360 1401 1417 uideantur
1429 1361 1505 1417 ab
1532 1361 1867 1418 hominibus
1886 1376 1911 1420 .'
1934 1375 2111 1418 amen

446 1453 582 1509 dico
598 1452 782 1519 vobis,
802 1457 1157 1521 receperunt
1168 1450 1495 1508 mercedem
1511 1466 1681 1507 suam
1701 1452 1768 1506 ¹⁶.
1784 1449 1951 1507 Unde
1965 1452 2113 1506 Pau-

444 1541 540 1597 lus
560 1539 873 1614 apostolus
894 1540 1145 1596 edoctus
1162 1543 1254 1597 est
1273 1539 1502 1596 dicere:
1526 1541 1782 1597 Etiamsi
1804 1539 2114 1596 distribue-

444 1645 512 1687 ro
523 1631 585 1687 in
598 1629 759 1688 cibos
764 1645 1101 1702 pauperum
1113 1645 1313 1688 omnes
1321 1632 1655 1702 facultates
1673 1637 1918 1700 meas,et
1929 1632 1984 1686 si
1991 1636 2115 1687 tra-

447 1719 658 1777 didero
681 1734 902 1790 corpus
930 1734 1145 1787 meum,
1168 1725 1236 1775 ut
1258 1719 1600 1785 comburar,
1630 1720 1990 1778 charitatem
2011 1734 2116 1777 au-

2206 549 2297 603 λου
2363 550 2616 625 λέγοντος·
2676 560 2795 616 Πῶς
2847 553 2935 608 οὖν
2993 552 3405 620 ἔπικαλέσονται,
3475 551 3548 616 εἰς
3602 552 3656 604 ὃν
3713 550 3809 603 ούκ

2210 637 2565 712 έπίστευσανς
2610 642 2671 697 Εἰ
2710 639 2770 697 dit
2815 645 3095 712 πιστεύεις,
3142 645 3298 695 ἄκουε
3335 649 3427 695 τοῦ
3467 643 3663 719 Κυρίου
3692 640 3809 713 (16)

2207 728 2465 803 λέγοντος.
2512 731 2587 785 Ού
2639 739 2743 796 πᾶς
2790 732 2816 787 ό
2858 736 3016 806 λέγων
3064 752 3174 807 μοι,
3232 734 3411 808 Κύριε,
3465 734 3641 805 Κύριε,
3694 732 3811 783 εἰσ-

2212 818 2475 874 ελεύσεται
2545 821 2614 884 εἰς
2686 826 2782 883 τὴν
2850 821 3127 897 βασιλείαν
3206 830 3307 874 τῶν
3379 820 3627 896 ούρανῶν,
3701 818 3809 872 ἀλλ’

2211 911 2237 962 ὁ
2289 919 2450 963 ποιῶν
2489 914 2548 965 τό
2599 912 2796 988 θέλημα
2846 920 2938 966 τοῦ
2987 915 3194 990 Πατρός
3244 931 3345 986 μου
3402 918 3494 965 τοῦ
3549 909 3595 963 ἓν
3650 909 3812 985 ούρα-

2212 1007 2338 1062 νοῖς.
2368 999 2538 1055 Ὀπόυ
2580 1022 2641 1076 γε
2686 1007 2777 1056 καὶ
2822 1006 2847 1056 ό
2886 1006 2945 1056 1'6
2987 1003 3185 1077 θέλημα
3212 1008 3303 1055 τοῦ
3334 1004 3531 1076 Κυρίου
3571 1002 3687 1071 (l7)
3725 997 3815 1075 ἔρ-

2213 1090 2520 1164 γαζόμενος,
2565 1095 2638 1166 μὴ
2679 1095 2852 1156 καθὼς
2892 1092 3021 1146 θέλει
3060 1089 3119 1145 δὲ
3163 1094 3189 1145 ὀ
3236 1094 3386 1160 Θεὸς,
3438 1085 3578 1164 μηδὶ
3609 1087 3656 1142 ἓν
3698 1086 3816 1143 δια-

2219 1181 2357 1233 θέσει
2401 1190 2496 1243 τῆς
2539 1185 2672 1258 πρὸς
2718 1185 2846 1236 Θεὸν
2896 1180 3107 1254 ἀγάπης
3147 1189 3300 1235 τοῦτο
3342 1189 3523 1249 ποιῶν,
3572 1177 3815 1238 ἀνόνητον

2219 1271 2333 1342 ἔχει
2370 1275 2464 1330 τὴν
2501 1279 2592 1324 τοῦ
2635 1274 2788 1347 ἔργου
2841 1271 3100 1338 σπουδὴν,
3155 1273 3292 1324 κατά
3323 1275 3418 1329 την
3449 1273 3618 1343 φωνην
3658 1269 3818 1322 αὐτοῦ

2219 1367 2312 1412 τοῦ
2372 1365 2567 1433 Κυρίου
2631 1363 2780 1434 ἡμῶν
2848 1360 3023 1420 Ἰησοῦ
3089 1366 3345 1435 Χριστοῦ,
3416 1359 3665 1425 εἰπόντος,
3738 1360 3819 1412 ὅτι

2222 1455 2444 1504 Ποιοῦσι
2508 1453 2639 1525 πρὸς
2702 1454 2762 1504 τὸ
2817 1452 3063 1510 θεαθῆναι
3136 1456 3246 1513 τοῖς
3307 1448 3618 1525 ἀνθρώποις·
3682 1446 3820 1522 ἀμην

2219 1538 2353 1611 λέγω
2404 1541 2546 1614 ύμῖν,
2596 1542 2677 1594 ὅτι
2725 1539 2991 1614 ἀπέχουσι
3042 1544 3129 1594 τόν
3173 1541 3363 1614 μισθόν
3421 1537 3610 1593 αὐτῶν.
3665 1536 3820 1591 Ὅθεν

2225 1628 2429 1691 Παῦλος
2475 1629 2500 1682 6
2540 1629 2829 1694 ἀπόστολος
2873 1626 3158 1689 ἐπαιδεύθη
3206 1629 3383 1696 εἰπεῖν,
3423 1630 3507 1682 ὅτι
3556 1627 3663 1682 Κᾶν
3702 1626 3821 1700 ψω-

2225 1722 2368 1792 μίσω
2441 1720 2612 1772 πάντα
2681 1721 2748 1773 τὰ
2821 1720 3132 1797 ὑπάρχοντα
3196 1737 3296 1793 μου
3363 1718 3498 1791 (18),
3567 1722 3658 1770 καὶ
3737 1718 3822 1771 ἐὰν

449 1816 565 1866 tem
580 1825 703 1866 non
719 1809 985 1868 habuero
1004 1810 1164 1865 nihil
1181 1810 1335 1867 mihi
1345 1809 1735 1880 prodest".ln
1756 1824 1997 1867 summa
2012 1824 2118 1866 au-

2228 1804 2449 1880 παραδῶ
2490 1810 2550 1861 τὸ
2597 1809 2749 1882 σῶμά
2795 1827 2918 1882 μου,
2962 1809 3046 1861 ἵνα
3088 1809 3462 1881 καυθήσωμαι,
3516 1804 3724 1880 ἀγάπην
3765 1803 3825 1860 δί

448 1902 572 1956 tem
582 1898 701 1957 tria
713 1899 846 1955 haec
861 1912 976 1970 ego
994 1897 1174 1954 video
1195 1898 1384 1955 animi
1400 1898 1775 1968 discrimina,
1789 1898 2012 1971 quibus
2043 1914 2116 1955 ex

449 1988 785 2045 inevitabili
795 1987 1066 2061 quadam
1078 1987 1438 2045 necessitate
1460 1988 1539 2044 ad
1552 1987 1853 2045 obediend
1861 2006 1955 2044 um
1966 2004 2117 2045 com-

449 2076 752 2151 pellimur.
782 2081 898 2134 Aut
915 2077 1079 2134 enim
1101 2076 1384 2150 supplicii
1411 2081 1577 2133 metu
1600 2092 1637 2133 a
1658 2077 1821 2134 malo
1850 2077 2116 2135 declina-

451 2182 610 2236 mus,
633 2182 1068 2241 versamurque
1092 2166 1155 2223 in
1181 2167 1404 2223 affectu
1426 2166 1664 2236 servili;
1688 2173 1793 2224 aut
1819 2166 2118 2224 mercedis

449 2257 679 2313 fructus
701 2256 1095 2329 requirentes,
1113 2255 1194 2312 ob
1215 2260 1484 2313 nostram
1500 2256 1775 2330 ipsorum
1799 2256 2118 2314 utilitatem

452 2334 746 2403 mandata
763 2344 1098 2418 explemus,
1115 2350 1172 2401 et
1192 2345 1306 2402 hoc
1328 2352 1507 2419 pacto
1529 2345 1919 2402 mercenariis
1939 2344 2120 2402 emci-

452 2450 593 2492 mur
612 2434 865 2499 similes;
888 2439 993 2491 aut
1025 2434 1106 2491 ob
1128 2434 1332 2508 ipsum
1366 2435 1715 2499 honestum,
1740 2434 2121 2491 eharitatem-

414 2548 415 2551 η
452 2538 721 2599 queerga
744 2521 1149 2594 legislatorem
1171 2528 1469 2589 nostrum,
1496 2522 1829 2594 gaudentes
1848 2522 2013 2597 quod
2029 2523 2119 2580 di-

456 2613 561 2685 gni
580 2613 777 2669 simus
798 2612 1117 2685 habiti,qui
1141 2617 1267 2668 tam
1290 2611 1554 2682 glorioso
1572 2628 1644 2668 ac
1665 2612 1831 2669 bono
1858 2615 1977 2668 Deo
2004 2627 2122 2669 ser-

453 2703 785 2768 viamus,et
812 2700 893 2757 ita
906 2700 1085 2773 330
1107 2701 1356 2757 demum
1377 2706 1442 2757 ut
1459 2701 1562 2757 ﬁlii
1587 2700 1904 2757 aﬂlcimur.
1920 2704 2122 2775 Neque

453 2791 636 2862 igitur
651 2791 703 2847 is
722 2790 829 2863 qui
857 2790 917 2846 in
937 2788 1149 2847 timore
1169 2789 1403 2863 perﬁcit
1427 2790 1737 2855 mandata,
1762 2806 2124 2864 semperque

455 2879 706 2937 desidia:
721 2893 963 2952 poenam
978 2884 1327 2952 suspectam
1351 2879 1553 2947 habet,
1574 2878 1694 2936 alia
1714 2879 1961 2952 quidem
1983 2895 2123 2953 quas

458 2970 573 3027 sibi
594 2976 898 3044 praecepta
925 2969 1160 3038 fuerint,
1192 2974 1576 3042 exsequetur,
1610 2969 1728 3026 alia
1756 2985 1901 3026 vero
1937 2968 2123 3041 negli-

461 3065 603 3131 get:
647 3059 757 3116 sed
799 3060 999 3117 omnis
1037 3059 1463 3116 inobedientiie
1503 3058 1831 3116 vindictam
1881 3058 1997 3116 sibi
2049 3075 2125 3117 ex

2225 1901 2297 1969 μή
2351 1898 2479 1969 ἔχω,
2539 1894 2691 1951 οὐδὲν
2747 1896 3060 1971 ὠφελοῦμαι.
3117 1895 3284 1960 Ὀλως
3344 1893 3403 1950 δὲ
3441 1904 3581 1970 τρεῖς
3631 1898 3827 1958 ταύτας

2227 1985 2326 2059 ἐγὼ
2372 1984 2626 2064 διαφορὰς
2661 1996 2757 2050 τῆς
2806 1985 3090 2051 διαθέσεως
3138 1990 3269 2061 πρὸς
3320 1991 3415 2046 την
3469 1985 3824 2063 ἀπαραίτητον

2227 2072 2460 2148 iratis/xm
2515 2085 2613 2140 τῆς
2668 2079 2903 2150 ύπακοῇς
2951 2078 3179 2150 καθορῶ.
3236 2074 3303 2129 ⁴Η
3364 2076 3466 2151 γάρ
3520 2073 3827 2149 φοϐούμενοι

2224 2166 2314 2226 τὰς
2368 2165 2607 2229 κολάσεις
2660 2164 2949 2240 ὶκκλίνομεν
3012 2163 3114 2218 ἀπὸ
3172 2172 3264 2219 τοῦ
3322 2173 3487 2218 κακοῦ
3540 2165 3674 2237 (19),
3737 2169 3829 2218 καὶ

2228 2252 2378 2327 ἐσμεν
2405 2253 2453 2307 ἓν
2483 2263 2546 2328 τῇ
2591 2251 2828 2309 διαθέσει
2865 2262 2930 2331 pf;
2964 2252 3205 2329 δουλικῇ·
3235 2255 3291 2323 ἣ,
3320 2257 3384 2307 τὰ
3414 2253 3469 2306 ἐκ
3498 2261 3592 2307 τοῦ
3631 2256 3828 2329 μισθοῦ

2226 2340 2389 2418 κέρδη
2441 2341 2738 2411 διώκοντες,
2776 2353 2871 2408 τῆς
2920 2342 3114 2397 ἑαυτῶν
3170 2344 3330 2398 ⁴ἕνεκεν
3389 2341 3633 2417 ὠφελείας
3697 2343 3826 2401 πλη·

2228 2440 2416 2509 ροῦμεν
2462 2436 2528 2486 τὰ
2564 2437 2972 2509 προστάγματα,
3021 2438 3111 2487 καὶ
3147 2437 3285 2486 κατὰ
3320 2440 3471 2487 τοῦτο
3511 2437 3829 2508 προσεοίκα-

2229 2541 2320 2595 μεν
2357 2530 2470 2585 τοῖς
2509 2525 2764 2596 μισθίοις·
2796 2525 2823 2583 ᾖ
2862 2520 2937 2577 δι’
2975 2523 3103 2577 αὐτὸ
3135 2526 3193 2577 1'6
3231 2522 3409 2593 καλὸν,
3449 2528 3540 2577 καὶ
3578 2528 3672 2583 τὴν
3701 2527 3831 2599 πρὸς

2228 2615 2317 2664 τὸν
2370 2609 2644 2666 δεδωκότα
2702 2613 2827 2686 ἡμῖν
2885 2615 2970 2666 τόν
3035 2616 3191 2687 νόμον
3249 2611 3478 2686 ἀγάπην,
3528 2616 3828 2689 χαίροντες,

2232 2702 2312 2755 ὅτι
2368 2702 2532 2765 οὕτως
2589 2698 2781 2774 ἐνδόξῳ
2837 2705 2927 2755 καὶ
2982 2700 3162 2775 ἀγαθῷ
3216 2711 3329 2775 Θεῷ
3386 2699 3644 2756 δουλεύειν
3700 2720 3830 2756 κατ-

2232 2789 2550 2864 ηξιώθημεν,
2580 2797 2669 2845 καί
2708 2791 2860 2865 ἐσμεν
2907 2793 3072 2854 οὕτως
3103 2790 3150 2844 ἓν
3190 2800 3250 2851 τῆ
3284 2800 3382 2845 τῶν
3414 2797 3537 2844 υίῶν
3570 2788 3827 2848 διαθέσει.

2234 2884 2368 2934 Οὔτε
2415 2878 2504 2933 οὖν
2550 2883 2576 2933 ό
2624 2880 2675 2933 ἐν
2722 2880 2862 2954 φόϐῳ
2899 2883 2994 2942 τάς
3037 2880 3240 2944 ἐντολὰς
3281 2883 3568 2956 κατορθῶν,
3620 2886 3711 2933 καὶ
3749 2878 3831 2933 ἀεὶ

2232 2971 2290 3023 τὸ
2333 2978 2426 3031 τῆς
2469 2971 2733 3045 ῥᾳθυμίας
2772 2969 3030 3044 έπιτίμιον
3059 2973 3405 3045 ὑφορώμενος,
3451 2971 3517 3024 τά
3554 2972 3644 3044 μὲν
3688 2974 3836 3028 ποιή-

2236 3079 2315 3113 σει
2380 3067 2482 3113 τῶν
2537 3064 3001 3135 προστεταγμένων
3062 3062 3223 3133 αὐτῷ,
3280 3064 3343 3115 τά
3397 3057 3456 3115 δι
3513 3059 3832 3134 παρόψεται·

461 3165 635 3223 aequo
659 3149 1054 3205 metuendam
1084 3138 1519 3220 suspicabitur.
1551 3150 1618 3204 Et
1653 3147 1879 3205 idcirco
1907 3148 2119 3205 beatus

2234 3147 2364 3202 ἀλλά
2403 3154 2497 3208 την
2537 3147 2621 3203 έπὶ
2663 3152 2808 3224 πάσῃ
2851 3158 3092 3226 παρακοῇ
3135 3147 3412 3209 ἐκδίκησιν
3453 3151 3641 3223 ὁμοίως
3671 3148 3836 3221 ἐαυτῷ

459 3239 823 3312 praedicatur
849 3238 953 3311 qui
992 3242 1237 3294 veretur
1264 3237 1473 3294 omnia
1504 3236 1585 3293 ob
1624 3241 1856 3293 metum
1890 3238 1954 3291 η.
2004 3242 2126 3294 stat

460 3333 662 3384 autem
682 3327 898 3383 ﬁrmus
919 3328 978 3382 in
1010 3327 1277 3391 veritate,
1307 3342 1447 3382 cum
1480 3326 1677 3398 possit
1705 3324 1905 3383 dicere
1933 3345 1947 3384 :
1972 3327 2125 3384 Pro-

463 3417 734 3474 videbam
756 3417 1080 3472 Dominum
1112 3417 1175 3472 in
1207 3421 1525 3485 conspectu
1551 3430 1679 3472 meo
1703 3430 1954 3486 semper,
1980 3432 2123 3489 quo-

462 3508 626 3563 niam
647 3521 685 3562 a
705 3506 937 3563 dextris
956 3509 1041 3562 est
1059 3506 1230 3573 mihi,
1253 3520 1330 3562 ne
1345 3519 1724 3562 commoveor
1746 3507 1791 3542 “
1818 3521 1833 3561 :
1857 3506 1961 3579 qui
2009 3506 2122 3561 sci-

461 3595 598 3652 licet
616 3595 763 3651 nihil
793 3611 1004 3652 eorum
1026 3612 1165 3669 qua;
1194 3595 1274 3650 ad
1295 3593 1564 3650 ofﬁcium
1594 3595 1953 3667 pertineant,
1975 3610 2125 3668 pras-

460 3685 784 3741 termittere
802 3685 964 3742 velit.
982 3688 1066 3751 Et,
1086 3687 1297 3741 Beatus
1318 3686 1434 3753 vir,
1456 3684 1565 3755 qui
1591 3687 1758 3741 timet
1783 3685 2120 3740 Dominum.

463 3776 659 3840 Quam
684 3774 765 3830 ob
784 3790 1040 3831 causam
1063 3775 1093 3830 ‘l
1113 3774 1265 3840 Quia
1288 3774 1363 3828 In
1382 3774 1689 3830 mandatis
1703 3776 1835 3845 ejus
1855 3774 2010 3830 volet
2035 3774 2127 3829 ni-

462 3864 573 3920 mis
591 3865 665 3920 '0.
689 3867 896 3935 itaque
916 3863 1255 3919 timentium
1278 3877 1403 3918 non
1428 3867 1520 3918 est
1544 3862 1772 3935 aliquid
1799 3878 1875 3918 ex
1896 3861 1968 3918 iis
1987 3878 2126 3935 quas

463 3958 765 4027 praecepta
793 3951 1035 4020 fuerint,
1067 3952 1392 4024 praeterire,
1422 3957 1527 4008 aut
1552 3953 1924 4023 negligenter
1950 3967 2127 4008 exse-

464 4043 570 4117 qui
583 4058 599 4098 :
613 4044 736 4099 imo
752 4058 828 4098 ne
842 4043 1253 4099 mercenarius
1269 4042 1518 4115 quidem
1533 4042 1874 4116 quidquam
1888 4057 2123 4112 eorum,

465 4147 604 4206 quae
624 4132 976 4205 praescripta
1001 4133 1141 4201 sint,
1163 4132 1390 4189 violare
1411 4131 1592 4188 volet.
1614 4132 1938 4198 Quomodo
1964 4132 2127 4189 enim

465 4221 786 4294 premium
810 4220 955 4277 feret
975 4220 1056 4277 ob
1081 4223 1272 4278 vineae
1294 4222 1616 4288 culturam,
1651 4220 1699 4276 si
1719 4224 1900 4294 pacta
1919 4220 2128 4279 omnia

465 4324 589 4365 non
613 4309 937 4365 servaverit
964 4310 992 4367 ι)
1014 4310 1241 4366 Etenim
1265 4310 1314 4365 si
1334 4309 1429 4366 vel
1458 4325 1649 4365 unum
1671 4309 1839 4365 exiis
1861 4324 2000 4381 qua:
2026 4326 2126 4366 ne-

465 4397 728 4455 cessaria
755 4399 1104 4460 exstiterint.
1133 4397 1410 4466 defuerit,
1451 4398 1723 4455 inutilem
1760 4398 1960 4471 ipsam
1992 4415 2128 4472 pos-

468 4487 684 4544 sessori
707 4487 987 4544 reddidit.
1022 4488 1240 4561 Ecquis
1271 4493 1562 4561 prmterea
1592 4486 1937 4543 detrimenti
1962 4503 2125 4543 mer-

465 4578 674 4634 cedem
698 4577 1003 4652 persolvat
1030 4578 1264 4649 injurite
1292 4577 1481 4634 actori
1502 4577 1532 4632 ?
1561 4577 1823 4633 Tertium
1855 4577 2125 4634 ministeo

465 4668 624 4724 rium
668 4672 796 4725 erat
837 4668 920 4724 ob
966 4668 1325 4726 charitatem
1363 4666 1720 4741 praestitum.
1759 4667 1904 4733 Quis
1947 4667 2130 4738 igitur

544 4795 589 4829 ”
612 4796 785 4850 Rom.
816 4809 877 4861 ιε,
912 4796 998 4850 ti.
1077 4794 1123 4829 ¹⁵
1154 4792 1355 4851 Matth.
1386 4808 1490 4862 vu,
1521 4796 1614 4849 2t.

469 4867 522 4920 8.
604 4867 652 4900 ²⁰
684 4865 835 4922 Psal.
869 4880 985 4935 cxx,
1021 4870 1068 4920 1.

540 4990 657 5058 (16)
688 4991 828 5061 Reg.
873 4987 1109 5060 primus
1169 4992 1226 5044 et
1250 4990 1416 5044 Voss.
1452 4992 1669 5061 Κυρίου.
1700 4991 1758 5044 et
1797 4985 1972 5044 tioisl.
2006 4987 2129 5060 pri-

469 5075 608 5115 mus
640 5060 946 5132 κράζοντος,
972 5062 1355 5132 clamantem.

543 5129 826 5200 (Uilteg.
878 5132 1003 5187 duo
1042 5149 1188 5187 mss.
1233 5130 1432 5204 θέλημα
1470 5137 1586 5204 «req
1620 5137 1776 5184 Θεοῦ.
1807 5129 2130 5203 Aliquanto

468 5208 613 5274 post
638 5198 795 5270 Reg:
813 5203 1045 5274 primus
1078 5207 1170 5261 την
1197 5198 1382 5255 τούτου
1416 5198 1681 5260 σπουδήν,

541 5272 657 5349 (l8)
683 5272 883 5349 ppdéx
907 5273 1425 5349 (ἰωὴ-ὑπάρχοντά
1445 5292 1556 5346 μοι.

547 5345 660 5415 (19)
688 5344 850 5415 idem
886 5362 1032 5400 mss.
1081 5344 1183 5397 ἀπὸ
1221 5344 1320 5397 τῶν
1349 5344 1544 5402 κακῶν.
1572 5344 1745 5399 Haud
1770 5344 1951 5414 longe
1982 5347 2127 5415 Reg.

471 5414 626 5487 prim
637 5414 1019 5496 ιιεκπληροῦμεν
1038 5419 1105 5468 τὰ
1128 5419 1573 5490 προστεταγμένα.

544 5490 663 5555 (νο)
695 5485 1001 5542 Εὰιιὶοιιθε
1030 5485 1261 5543 veteres
1285 5485 1698 5540 καταπτύστων.
1726 5485 1929 5542 Codex
1959 5485 2128 5543 Colb.

473 5559 809 5613 καταπτύων.
840 5559 1003 5629 Regii
1032 5558 1271 5632 primus
1296 5565 1355 5614 et
1383 5558 1593 5632 tertius
1623 5574 1761 5613 cum
1796 5557 1974 5632 Coisl.
2018 5558 2133 5628 pri-

473 5642 576 5685 mo
603 5628 1160 5698 καταπτήσσων,”ιιοο
1198 5629 1370 5688 aliter
1397 5629 1613 5701 legitur
1651 5628 1819 5712 apud
1850 5631 1996 5696 LXX.
2033 5631 2137 5685 Ve-

1694 4793 1739 4828 “
1768 4791 1970 4849 Matth.
1998 4807 2079 4856 vr,
2113 4797 2167 4849 5.

2234 3238 2455 3313 φοϐερὰν
2502 3239 2850 3312 ὑπολήψεται.
2893 3245 2993 3294 Καὶ
3030 3237 3124 3293 διὰ
3164 3248 3316 3293 τοῦτο
3358 3239 3709 3314 μακαρίζει-αι
3746 3241 3836 3312 μὲν

2210 3321 2262 3380 ’ὀ
2311 3330 2483 3381 πάντα
2533 3333 2923 3388 καταπτήσσων
2956 3329 3083 3393 ¹(20)
3132 3324 3206 3382 δι’
3238 3327 3522 3382 εὐλάϐειαν·
3559 3333 3734 3387 στήκει
3780 3323 3838 3381 δί

2237 3413 2442 3494 ἑδραῖος
2485 3416 2533 3470 έν
2593 3425 2654 3490 τῇ
2716 3416 2953 3492 ἀληθείᾳ,
3014 3414 3300 3491 δυνάμενος
3352 3418 3528 3475 εἰπεῖν.
3584 3422 3839 3493 Προωρώ-

2235 3526 2340 3580 μην
2400 3509 2489 3560 τὸν
2559 3510 2749 3581 Κύριον
2816 3506 3030 3560 ένώπιόν
3097 3526 3199 3581 μου
3267 3503 3302 3559 δ
3308 3509 3572 3575 ιαπαντός,
3636 3508 3718 3559 ὃτι
3784 3503 3838 3558 ἔκ

2237 3593 2423 3658 δεξιῶν
2475 3598 2575 3670 μού
2615 3595 2776 3657 ἔστιν,
2843 3598 2926 3649 ἱνα
2972 3601 3044 3670 μη
3101 3596 3353 3650 σαλευθῶ⁶
3412 3598 3482 3658 ὡς
3542 3592 3696 3649 οὐδὲν
3761 3597 3840 3647 αἱ·

2236 3686 2482 3758 ρούμενος
2556 3681 2802 3759 παριδεῖν
2884 3693 2985 3738 τῶν
3053 3681 3293 3738 δεόντων·
3389 3688 3497 3752 καὶ,
3565 3685 3840 3758 Μακάριος

2237 3773 2369 3850 ἀνὴρ
2416 3778 2443 3827 6
2498 3773 2810 3847 φοϐούμενος
2858 3778 2946 3826 τόν
3000 3777 3209 3850 Κύριον.
3267 3776 3363 3828 Διά
3413 3778 3520 3829 ri:
3572 3772 3696 3826 Ὀτι
3760 3774 3840 3827 Ἐν

2235 3872 2355 3927 ταῖς
2421 3862 2651 3925 έντολαῖς
2714 3863 2872 3917 αὐτοῦ
2944 3863 3150 3923 θελήσει
3207 3861 3437 3938 σφόδρα.
3515 3864 3591 3916 Ού
3669 3868 3841 3917 τοίνυν

2236 3953 2356 4006 ἐστὶ
2398 3960 2499 4005 τῶν
2548 3952 2873 4026 φοϐουμένων
2924 3956 2983 4005 1'6
3021 3956 3263 4027 παριέναι
3308 3973 3361 4006 τι
3396 3960 3499 4006 τῶν
3549 3951 3843 4025 ἐντεταλμέ-

2235 4063 2355 4106 νων,
2389 4041 2419 4100 ἣ
2462 4039 2658 4114 ἀμελῶς
2701 4049 2887 4095 ποιεῖν·
2938 4040 3049 4094 ἀλλ’
3106 4038 3230 4095 ούδὲ
3281 4044 3307 4095 ό
3364 4044 3629 4115 μισθωτός
3675 4060 3844 4115 παρα-

2239 4129 2400 4191 ϐῆναῖ
2447 4151 2498 4183 τι
2552 4140 2653 4183 τῶν
2726 4128 3143 4205 διατεταγμένων
3205 4133 3504 4206 αἱρήσεται.
3566 4137 3679 4192 Πῶς
3737 4133 3842 4205 γὰρ

2239 4224 2518 4294 κομίσεται
2570 4222 2657 4272 τὸν
2696 4222 2888 4292 μισθὸν
2929 4230 3027 4283 τῆς
3075 4219 3324 4294 ἐργασίας
3374 4227 3467 4273 τοῦ
3520 4217 3840 4293 ἀμπελῶνος,

2239 4314 2312 4384 μὴ
2363 4311 2535 4362 πάντα
2579 4309 2865 4386 πληρώσας
2908 4311 2978 4363 τὰ
3029 4328 3478 4384 συμπεφωνημενα
3524 4325 3539 4377 ;
3592 4312 3692 4361 Καὶ
3737 4311 3842 4383 γὰρ

2239 4399 2325 4452 ἐὰν
2382 4400 2432 4453 ἓν
2488 4419 2542 4452 τι
2588 4399 2794 4473 ἐλλείπῃ
2844 4409 2944 4452 τῶν
2998 4398 3313 4472 ἀναγκαίων,
3356 4398 3631 4475 ἄχρηστον
3683 4397 3843 4451 αὐτὸν

2237 4498 2312 4562 τῷ
2354 4493 2649 4563 κεκτημένῳ
2688 4493 2983 4547 κατέστησε
3024 4486 3156 4555 (21).
3207 4495 3299 4551 Τίς
3338 4490 3427 4543 οῦν
3471 4492 3546 4543 ἔτι
3584 4497 3676 4549 τῆς
3715 4486 3844 4561 βλά-

2244 4578 2337 4640 ϐης
2391 4582 2503 4642 (2‘2)
2553 4581 2742 4652 μισθὸν
2798 4578 3095 4632 ύποτελέσει
3140 4587 3214 4650 τῷ
3254 4575 3614 4643 ἀδικήσαντες
3659 4582 3843 4652 Τρίνον

2243 4669 2307 4727 ἧν
2364 4669 2395 4728 ἠ
2440 4669 2575 4720 κατὰ
2620 4666 2829 4740 ἀγάπην
2872 4668 3156 4741 ὑπηρεσία.
3196 4672 3289 4729 Τίς
3331 4664 3419 4720 οὖν
3463 4670 3597 4735 υἱὸς,
3647 4670 3843 4720 σκοπὸν

3483 4795 3530 4830 η
3561 4790 3717 4849 Psal.
3738 4806 3840 4847 xv.

2249 4795 2289 4831 ³⁷
2324 4796 2345 4850 l
2371 4796 2506 4851 Cor.
2536 4808 2655 4863 χιιι,
2682 4796 2738 4850 3.
2815 4794 2862 4830 ³⁸
2886 4794 3057 4850 Prov.
3085 4808 3264 4863 xxvm
3316 4796 3403 4850 14.

2237 4988 2346 5060 lim
2371 4994 2576 5045 autem
2604 4988 2702 5046 hic
2729 4988 3033 5059 intelligas
3079 4988 3357 5046 timorem
3398 4988 3524 5045 ﬁlio
3563 4986 3843 5060 dignum,

2238 5058 2334 5116 cui
2360 5060 2585 5117 scilicet
2604 5058 3014 5117 admisceatur
3042 5076 3237 5117 amor.

2315 5131 2749 5204 (2gl)Editiones
2781 5137 3011 5188 veteres
3038 5138 3098 5188 et
3125 5132 3250 5188 duo
3278 5149 3424 5188 mss.
3447 5141 3520 5204 τῷ
3549 5134 3846 5204 κεκτημένῳ

2239 5202 2535 5275 κατέλιπεν.
2568 5203 2771 5259 Codex
2794 5206 2966 5259 Voss.
2991 5209 3049 5259 et
3079 5203 3245 5260 Colb.
3277 5210 3337 5260 et
3367 5202 3506 5275 Reg.
3535 5202 3776 5275 primus
3792 5208 3850 5257 et

2242 5273 2420 5330 Coisl.
2475 5273 2682 5330 itidem
2719 5275 2948 5346 primus
2990 5280 3302 5333 κατέστησε.
3363 5272 3481 5332 Nec
3523 5272 3608 5332 ita
3656 5272 3849 5331 multo

2240 5353 2382 5417 post
2416 5347 2557 5414 Reg.
2590 5346 2826 5419 primus
2856 5350 3081 5419 μισθοὺς
3113 5346 3364 5401 ὑποτελεῖ.

2311 5419 2421 5482 (22)
2455 5415 2805 5492 Legenduiu
2857 5415 2932 5492 ἔτι
2964 5422 3243 5492 μενούσης
3279 5426 3376 5479 τῆς
3416 5416 3674 5492 ﬂant
3690 5420 3756 5472 ut
3785 5415 3850 5492 in

2241 5493 2586 5562 sermone?
2614 5488 2930 5558 Symeonis
2961 5488 3326 5559 Logothetae,
3352 5488 3426 5562 p.’
3448 5493 3550 5545 512
3577 5505 3590 5542 :
3622 5491 3851 5559 Ecquis

2241 5559 2437 5636 igitur
2463 5559 3695 5636 adnuemanentedetrimento—mercedem
3717 5573 3854 5636 pet"

2248 5630 2443 5700 solvat
2471 5631 2719 5702 injuria:
2746 5633 2986 5695 auctori
3009 5633 3039 5689 τ
