4110 6406
417 346 521 399 903

1797 326 1856 384 S.
1896 324 2145 383 BASlLll
2182 323 2401 383 HAGNI

3674 329 3785 385 904

416 468 486 523 26
525 459 700 530 Quod
721 458 951 528 omnia,
978 456 1165 515 etiam
1195 453 1391 514 cordis
1413 467 1665 519 arcana,
1691 449 1811 508 sint
1839 464 2072 524 praepo-

2193 447 2252 511 ις’
2284 452 2409 525 Περὶ
2433 456 2526 503 τοῦ
2545 451 2716 504 πάντα
2742 451 2920 503 καὶτὰ
2945 450 3153 525 κρυπτά
3180 457 3278 513 τῆς
3322 444 3551 525 καρδίας
3607 452 3785 504 ἀνατί-

488 554 604 610 sito
641 548 1005 620 detegenda.

417 648 485 701 27
527 640 703 709 Quod
731 640 862 711 ipse
892 651 1141 710 quoque
1167 633 1506 708 prsetectus,
1543 630 1595 687 si
1622 627 1874 703 quando
1903 626 2077 683 aber-

489 737 602 799 ret,
624 730 705 788 ab
732 730 807 786 iis
835 727 942 800 qui
981 726 1137 784 inter
1179 724 1393 781 fratres
1422 720 1653 794 primas
1681 718 1980 786 obtinent,
1999 714 2079 771 sit

494 817 945 880 admonendus.

420 917 491 970 28
532 908 852 978 Quomodo
874 908 1150 980 oporteat
1191 902 1350 959 afﬁci
1396 915 1609 958 omnes
1646 913 1790 971 erga
1815 892 2083 953 immori-

494 1016 732 1074 gerum,
759 1001 817 1055 et
843 995 1365 1067 inobsequentem.

424 1098 493 1151 29
532 1092 615 1147 De
641 1106 714 1147 eo
744 1087 852 1161 qui
900 1102 1041 1142 cum
1079 1083 1340 1140 elatione
1378 1078 1568 1137 animi
1598 1082 1704 1136 aut
1731 1091 2079 1134 murmura-

494 1183 660 1240 tione
687 1178 947 1236 laborat.

425 1277 495 1332 30
533 1264 887 1343 Cujusmodi
928 1264 1148 1322 affectu
1192 1260 1413 1317 debeat
1461 1256 1825 1333 praepositus
1870 1269 2081 1311 curam

497 1363 754 1419 fratrum
788 1355 1118 1428 suscipere.

425 1458 484 1511 3t
533 1448 699 1517 Quod
718 1442 1140 1517 accipiendum
1171 1444 1259 1498 est
1276 1436 1676 1496 ministerium
1695 1450 1733 1492 a
1756 1433 2081 1507 praeposito

497 1536 877 1613 impositum.

425 1636 495 1690 32
535 1611 855 1696 Quomodo
904 1623 1181 1696 oporteat
1224 1616 1382 1676 afﬁci
1430 1632 1576 1688 erga
1624 1631 1728 1673 eos
1769 1616 1876 1690 qui
1903 1611 2082 1670 nobis

498 1715 795 1787 sanguine
825 1711 1298 1783 conjunguntur.

429 1813 496 1867 33
538 1806 680 1874 Quis
711 1805 788 1860 sit
822 1800 1045 1859 modus
1074 1796 1463 1872 colloquendi
1488 1811 1629 1852 cum
1662 1792 1995 1850 sororibus.

430 1900 499 1956 34
538 1894 763 1963 Quales
794 1891 928 1948 illos
959 1904 1088 1946 esse
1130 1903 1244 1962 par
1296 1886 1390 1953 sit,
1433 1883 1541 1958 qui
1575 1884 1729 1940 inter
1757 1882 1972 1940 fratres
1991 1895 2088 1937 res

506 1981 885 2043 necessarias
918 1978 1297 2051 dispensant.

435 2082 504 2136 35
542 2078 696 2133 Num
724 2071 786 2128 in
815 2068 1032 2126 eodem
1079 2082 1240 2140 pago
1290 2061 1694 2121 constituendi
1735 2060 1853 2119 sint
1886 2059 2089 2136 plures

507 2164 761 2222 fratrum
788 2160 1150 2216 conventus.

434 2261 503 2317 36
542 2258 624 2311 De
649 2253 718 2308 iis
742 2248 848 2324 qui
879 2264 917 2305 a
944 2246 1199 2303 fratrum
1225 2246 1381 2300 coetu
1429 2240 1719 2298 secedunt

433 2352 499 2404 37
543 2343 603 2402 Si
643 2354 895 2415 precum
949 2340 1007 2393 et
1045 2331 1406 2408 psalmodiaa
1447 2330 1699 2387 obtentu
1741 2333 1800 2386 et
1840 2327 2088 2385 nomine

502 2427 870 2504 negligenda
886 2427 1004 2483 sint
1019 2440 1206 2498 opera
1225 2440 1239 2479 :
1263 2422 1408 2479 item
1429 2437 1566 2494 quas
1585 2426 1863 2493 tempora
1882 2434 2090 2492 preca-

504 2522 653 2580 tioni
681 2520 800 2576 sint
828 2521 991 2590 apta,
1015 2521 1071 2570 et
1095 2514 1293 2588 primo
1324 2526 1403 2567 an
1434 2509 1815 2583 operandum
1844 2507 1938 2564 sit.

433 2618 503 2673 38
542 2606 897 2683 Cuiusmodi
916 2610 1074 2662 artes
1099 2599 1465 2675 professioni
1486 2602 1706 2655 nostrae
1727 2598 2086 2668 congruant.

433 2708 501 2762 39
541 2704 684 2769 Quae
721 2698 873 2756 ratio
894 2693 1157 2754 tenenda
1176 2691 1254 2747 sit
1270 2691 1331 2747 in
1356 2687 1643 2762 operibus
1661 2685 2085 2757 divendendis,

504 2806 713 2865 quave
739 2787 805 2844 in
831 2782 1303 2860 peregrinando.

431 2883 505 2940 40
526 2864 622 2938 iDe
651 2872 1155 2950 negotiationibus
1183 2887 1319 2945 quae
1348 2867 1476 2926 ﬁeri
1506 2867 1699 2925 solent
1727 2864 1790 2922 in
1820 2864 2087 2923 celebra-

506 2968 794 3028 tionibus.

434 3063 495 3119 4t
545 3063 625 3116 De
652 3054 906 3129 imperio
936 3056 994 3110 et
1024 3050 1100 3109 de
1131 3047 1500 3108 obedientia.

2256 540 2440 591 θεσθαι
2465 548 2537 610 τῷ
2561 546 2874 613 προεστῶτι.

2181 625 2259 691 κζ’
2288 625 2410 680 Ὀτι
2438 625 2519 681 δεῖ
2549 633 2639 681 καὶ
2664 632 2751 682 τὸν
2780 648 3087 702 προεστῶτα
3114 630 3380 702 ὑπομιμνή
3392 631 3612 683 σκεσθαι
3640 633 3788 706 πα.ρὰ

2254 726 2355 771 τῶν
2374 721 2704 794 προεχόντων
2725 716 2774 771 ἕν
2800 726 2861 792 τῇ
2888 715 3221 792 ἀδελφότητι,
3248 721 3291 773 εἰ
3314 738 3438 773 ποτε
3460 719 3571 791 (40)
3591 719 3784 794 σφαλῇ.

2186 895 2267 955 κη’
2293 904 2409 959 Πῶς
2436 903 2546 973 χρὴ
2590 894 2893 952 διακεῖσθαι
2920 902 3044 962 τοὺς
3066 900 3262 962 πάντας
3283 903 3402 974 περὶ
3421 918 3508 952 τον
3539 897 3749 961 ἀπειθῆ.

2188 1075 2267 1130 κθ’
2298 1082 2424 1152 Περὶ
2447 1086 2539 1131 τοῦ
2567 1097 2700 1151 μετα
2725 1079 2990 1152 επάρσεως
3017 1079 3047 1139 ἦ
3076 1087 3386 1154 γογγυσμοῦ
3418 1078 3790 1156 ἐργαζομένου.

2188 1255 2229 1309 λ’
2259 1263 2474 1330 Ποταπῇ
2518 1252 2754 1310 διαθέσει
2782 1262 2893 1333 χρὴ
2922 1277 3025 1310 των
3046 1253 3118 1311 αδ
3122 1257 3278 1331 ελφων
3310 1259 3667 1333 επιμελεισθαι
3704 1266 3794 1316 τὸν

2259 1356 2581 1422 προεστῶτα.

2189 1434 2266 1489 λα’
2307 1435 2428 1490 Ὀτι
2475 1433 2559 1490 δεῖ
2592 1433 2992 1510 καταδέχεσθαι
3034 1443 3128 1497 τὴν
3174 1458 3318 1515 παρα
3343 1458 3434 1493 του
3467 1460 3796 1515 προεστῶτος

2262 1528 2573 1600 ὑπηρεσίαν.

2191 1613 2275 1688 λβ’
2302 1623 2419 1678 Πῶς
2440 1612 2523 1669 δεῖ
2547 1620 2677 1691 πρὸς
2698 1636 2821 1681 τους
2847 1637 2984 1672 κατα
3014 1620 3187 1694 σάρκα
3214 1617 3436 1683 οἰκείους
3468 1616 3794 1680 διακεῖσθαι.

2115 1805 2158 1865 Β
2193 1792 2267 1866 λγ’
2296 1799 2389 1855 Τίς
2408 1795 2434 1847 ὀ
2456 1797 2647 1868 τρόπος
2672 1814 2767 1858 της
2785 1797 2917 1871 πρὸς
2951 1791 3170 1869 ἀδελφὸν
3198 1802 3508 1871 συντυχίας.

2194 1880 2273 1936 λδ
2300 1887 2573 1945 Ποταπούς
2596 1888 2707 1958 χρὴ
2741 1882 2870 1937 εἶναι
2899 1888 3020 1948 τούς
3047 1888 3113 1938 τὰ
3141 1890 3272 1961 πρὸς
3300 1892 3392 1947 τὴν
3420 1894 3609 1963 χρείαν
3656 1890 3799 1945 οἰκο-

2267 1977 2546 2048 νόμοῦντας
2570 1973 2619 2026 ἰν
2648 1983 2709 2047 τῇ
2741 1971 3075 2048 ἀδελφότητι.

2196 2062 2259 2117 λε’
2286 2066 2345 2117 Εἰ
2367 2068 2478 2140 χρὴ
2504 2063 2553 2118 ἓν
2578 2072 2639 2137 τῇ
2665 2064 2796 2137 αὐτῇ
2826 2070 2972 2138 κώμῃ
3006 2064 3244 2129 πλείονας
3282 2063 3641 2142 ἁδελφοτητας
3663 2091 3802 2145 συγ-

2268 2154 2591 2229 κροτεῖσθαι.

2196 2240 2266 2304 λς’
2286 2247 2411 2317 Περὶ
2448 2252 2548 2295 τῶν
2577 2244 2987 2318 ἀναχωρούντων
3028 2242 3130 2298 ἀπὸ
3155 2241 3528 2317 ἁδελφότητος.

2194 2329 2269 2396 λζ’
2301 2332 2362 2384 Εἰ
2390 2328 2475 2386 δεῖ
2498 2335 2756 2407 προφάσει
2780 2342 2879 2386 τῶν
2907 2343 3221 2408 προσευχῶν
3250 2341 3341 2390 καὶ
3365 2346 3462 2401 τῆς
3484 2338 3804 2414 ψαλμῳδίας

2268 2419 2468 2495 ἀμελεῖν
2497 2430 2597 2474 τῶν
2623 2425 2802 2496 ἔργων,
2835 2428 2926 2476 καὶ
2953 2430 3096 2477 ποῖοι
3120 2430 3298 2498 καιροὶ
3350 2435 3446 2489 τῆς
3492 2441 3806 2503 προσευχῆς

2266 2506 2577 2579 ἐπιτήδειοι,
2603 2516 2693 2565 καὶ
2721 2520 2923 2586 πρῶτον
2954 2512 2998 2565 εἰ
3023 2517 3135 2589 χρὴ
3177 2512 3514 2588 ἐργάζεσθαι.

2193 2598 2271 2658 λη’
2301 2607 2457 2653 Ποῖαι
2486 2604 2672 2673 τέχναι
2700 2610 2772 2673 τῷ
2810 2599 3166 2676 ἐπαγγέλμασι
3192 2605 3337 2676 ἡμῶν
3359 2604 3706 2680 ἁρμὸζουσιν.

2193 2688 2268 2742 λθ’
2298 2696 2415 2753 Πῶς
2439 2694 2548 2766 χρὴ
2580 2691 2848 2743 ποιεῖσθαι
2886 2710 2986 2743 των
3013 2690 3067 2743 ἔα
3098 2700 3189 2753 τῆς
3240 2699 3487 2766 εργασίας
3531 2702 3625 2755 τὴν
3673 2696 3803 2753 διά..

2264 2798 2480 2855 πρασιν,
2506 2783 2598 2832 καὶ
2622 2787 2734 2840 πῶς
2762 2776 3075 2854 ἀποδημεῖν.

2195 2867 2246 2942 μ’
2274 2872 2395 2944 Περὶ
2407 2870 2523 2941 έτῶν
2549 2867 2597 2921 ἐν
2626 2875 2744 2931 ταῖς
2770 2865 3017 2932 συνόδοις
3055 2880 3446 2947 πραγματειῶν.

2198 3045 2285 3120 μα’
2310 3050 2438 3123 Περὶ
2477 3046 2753 3110 αὐθεντίας
2781 3053 2872 3102 καὶ
2897 3058 3100 3109 υπακοῆ
3112 3070 3154 3112 ς.

433 3156 501 3208 42
541 3152 670 3217 Quo
699 3147 927 3216 animo,
949 3148 1007 3202 et
1031 3158 1154 3217 quo
1185 3140 1404 3198 affectu
1429 3136 1669 3213 operari
1697 3136 1964 3195 debeadt
1983 3134 2081 3211 qui

2198 3136 2291 3211 μβ
2313 3141 2454 3209 Ποὶῳ
2485 3145 2665 3209 σκοπῷ
2695 3142 2786 3191 καὶ
2814 3142 2940 3212 ποίᾳ
2969 3135 3206 3193 διαθέσει
3238 3138 3555 3216 έργάξεσθαι
3585 3139 3672 3197 δεῖ
3686 3148 3811 3210 τοὺς

502 3243 856 3313 operantur.

434 3334 501 3387 43
543 3326 765 3395 Quales
797 3321 1120 3381 conveniat
1151 3336 1286 3377 esse
1315 3319 1657 3393 praefectos,
1691 3321 1750 3374 et
1775 3315 2091 3391 quomodo

502 3416 869 3473 conventum
896 3409 1235 3481 gubernare
1261 3407 1548 3464 debeant.

431 3507 504 3564 44
543 3503 778 3571 Quibus
825 3497 1244 3575 permittenda;
1287 3501 1428 3553 sunt
1451 3493 1987 3569 peregrinationes,
2035 3494 2096 3550 et

502 3591 814 3668 quomodo
839 3589 956 3663 ipsi
982 3592 1389 3662 posteaquam
1420 3583 1640 3641 reversi
1661 3588 1821 3654 sunt,
1843 3582 2095 3640 interro-

503 3681 687 3755 gandi
712 3680 832 3737 sint
858 3685 916 3736 et
945 3675 1363 3735 examinandi.

431 3776 502 3831 45
538 3771 712 3841 Quod
732 3775 868 3844 post
892 3767 1244 3844 praefectum
1266 3763 1448 3821 etiam
1466 3762 1681 3837 aliquis
1702 3761 1856 3819 alius
1878 3760 2094 3819 consti-

503 3861 767 3921 tuendus
791 3864 885 3917 est
903 3858 1108 3932 qui,eo
1124 3856 1373 3913 absente
1390 3858 1493 3912 aut
1512 3851 2090 3929 occupato,fratrum

504 3967 717 4009 curam
743 3947 937 4023 possit
956 3946 1284 4020 suscipere.

430 4043 504 4101 46
547 4039 719 4107 Quod
743 4037 1071 4112 quisquam
1093 4051 1291 4109 neque
1314 4033 1513 4092 fratris
1532 4038 2091 4107 peccatum,neque

505 4146 689 4187 suum
717 4127 912 4201 ipsius
940 4126 1131 4183 celare
1162 4125 1401 4181 debeat.

432 4223 501 4278 47
543 4220 623 4276 De
652 4219 725 4274 iis
757 4218 861 4291 qui
890 4232 1014 4273 non
1061 4214 1470 4288 comprobant
1506 4228 1645 4286 qua
1690 4227 1728 4269 a
1762 4210 2090 4285 praeposito

505 4307 812 4378 assignata
836 4311 997 4361 sunt.

431 4399 502 4455 48
543 4394 715 4463 Quod
746 4394 981 4452 curiose
1012 4391 1444 4466 inquirendum
1471 4406 1597 4447 non
1627 4394 1717 4448 est
1744 4390 1803 4447 in
1827 4388 2091 4464 praefecti

504 4485 1096 4544 administrationem
1117 4500 1188 4540 ac
1210 4481 1715 4553 gubernationem
1743 4499 1756 4537 :
1781 4480 1889 4536 sed
1914 4495 2090 4553 opor-
2122 4521 2168 4576 ο

505 4580 587 4634 tet
612 4592 722 4632 suo
747 4572 1054 4648 quemque
1083 4571 1253 4645 operi
1285 4570 1613 4628 attendere.

430 4668 500 4723 49
538 4668 619 4721 De
649 4660 1072 4721 controversiis
1113 4676 1250 4735 qum
1280 4659 1585 4717 interdum
1607 4658 1880 4717 oriuntur
1908 4657 2088 4732 334

500 4756 656 4813 inter
684 4754 916 4812 fratres.

432 4846 503 4904 50
544 4848 832 4913 Quaenam
861 4842 1081 4900 debeat
1111 4855 1240 4898 esse
1269 4839 1579 4915 praepositi
1609 4837 1981 4912 objurgatio.

429 4940 493 4993 51
537 4932 855 5001 Quomodo
880 4929 1307 5001 corrigendum
1338 4929 1414 4986 sit
1439 4927 1845 5002 delinquentis
1876 4942 2091 5000 pecca-

501 5028 651 5081 tum.

433 5134 500 5187 52
539 5133 670 5196 Quo
695 5128 902 5187 animo
929 5143 1120 5202 preme
1162 5142 1302 5200 quas
1342 5125 1764 5199 imponuntur,
1798 5123 1916 5181 sint
1955 5140 2089 5198 per-

505 5218 786 5276 ferenda.

505 5621 619 5697 (40)
642 5620 785 5693 Reg.
819 5618 1029 5678 tertius
1054 5620 1385 5690 προεχόντων
1416 5612 1467 5667 ἓν
1498 5620 1559 5686 τῇ
1591 5607 1833 5687 συνοδίᾳ,
1856 5614 1902 5665 εἰ
1930 5625 2051 5665 ποτ.

2192 3262 2203 3281 π
2271 3225 2617 3301 ἐργαζομένου
2627 3248 2665 3289 ς.

2200 3313 2287 3390 μγ’
2310 3315 2555 3379 Ὀποίους
2575 3313 2703 3370 εἶναι
2730 3322 2841 3394 χρὴ
2870 3321 2992 3381 τοὺς
3030 3326 3382 3395 προεστῶτας,
3413 3325 3503 3374 καὶ
3532 3327 3643 3384 πῶς
3663 3322 3808 3393 οἴγειν

2272 3425 2395 3467 τους
2426 3426 2693 3470 συνοντας.

2201 3490 2292 3570 μδ
2318 3500 2470 3549 Τίσιν
2500 3494 2790 3571 ἕπιτρέπειν
2815 3502 2923 3571 χρὴ
2963 3501 3057 3562 τὰς
3078 3495 3400 3573 ἀποδημίας,
3431 3505 3523 3554 καὶ
3551 3520 3663 3564 πως
3686 3499 3808 3554 ἔπα-

2271 3589 2474 3648 νιόντας
2505 3585 2695 3650 αὐτοὺς
2720 3584 3029 3663 ἀνακρίνειν.

2200 3761 2275 3838 με’
2302 3763 2424 3818 ὀτι
2452 3769 2562 3841 χρὴ
2612 3768 2744 3839 μετὰ
2767 3769 2855 3820 τὸν
2906 3774 3215 3841 προεστῶτα
3241 3772 3333 3821 καὶ
3362 3768 3511 3821 ἄλλον
3533 3767 3663 3823 εἶναί
3691 3789 3811 3823 τινα

2270 3858 2359 3908 τὸν
2382 3850 2665 3927 δυνάμενον
2687 3857 2735 3909 ἂν
2757 3853 2991 3929 ἀπουσίᾳ
3010 3857 3039 3916 ἣ
3067 3854 3303 3931 ἀσχολίᾳ
3322 3855 3514 3911 ἐκείνου
3538 3868 3637 3913 τῶν
3660 3855 3732 3912 id
3736 3858 3810 3913 ελ-

2272 3952 2378 4017 φῶν
2407 3942 2783 4019 ἕπιμελεῖσθαι.

2198 4031 2293 4132 μί’
2321 4039 2447 4109 Περὶ
2484 4041 2575 4088 τοῦ
2621 4039 2695 4108 μὴ
2758 4037 3106 4109 συγκρύπτειν
3163 4035 3456 4112 ἁμάρτημα
3494 4034 3722 4112 ἀδελφῷ,
3775 4039 3805 4100 ἦ

2270 4142 2456 4196 εαυτῳ.

2197 4211 2284 4287 μζ
2317 4218 2442 4286 Περὶ
2470 4221 2570 4266 τῶν
2601 4218 2673 4288 μὴ
2709 4211 3147 4289 καταδεχομένων
3172 4218 3238 4269 τὰ
3261 4218 3406 4291 παρὰ
3432 4225 3525 4270 τοῦ
3547 4226 3810 4293 προεστῶ-

2269 4322 2353 4364 τος
2381 4305 2699 4376 τυπούμενα.

2197 4391 2285 4465 μη¹
2313 4390 2433 4445 Ὀτι
2458 4391 2517 4445 οὗ
2550 4389 2635 4446 δεῖ
2655 4394 3095 4470 περιεργάζεσθαι
3120 4397 3215 4457 τὰς
3245 4395 3542 4470 οἰκονομίας
3561 4404 3652 4449 τοῦ
3679 4416 3809 4472 προ-

2270 4490 2508 4550 εστῶτος,
2531 4491 2605 4555 τῷ
2637 4480 2697 4537 d‘s
2730 4480 2850 4557 ἰδίῳ
2879 4488 3162 4559 προσέχειν
3193 4488 3346 4562 ἔργῳ,

2197 4659 2281 4734 μθ’
2312 4665 2439 4735 Περὶ
2454 4669 2553 4714 τῶν
2594 4659 3094 4737 ἀμφισϐητουμένων
3117 4662 3164 4716 ἓν
3191 4671 3253 4737 τῇ
3287 4660 3622 4737 ἀδελφότητι.

2196 4838 2234 4891 ν’
2266 4847 2383 4902 Πῶς
2410 4843 2519 4915 χρὴ
2554 4837 2796 4914 ἐπιτιμᾷν
2826 4844 2913 4895 τὸν
2941 4860 3265 4916 προεστῶτα.

2195 4928 2272 4982 να⁹
2302 4937 2417 4992 Πῶς
2458 4926 2543 4982 δεῖ
2569 4926 2918 5007 διορθοῦσθαι
2945 4934 3005 4984 τὸ
3035 4930 3392 5005 πλημμέλημα
3430 4937 3524 4984 τοῦ
3552 4932 3809 5008 ἡμαρτη-

2268 5038 2440 5082 κοτος.

2194 5124 2279 5199 νβ’
2308 5128 2454 5181 Μετὰ
2472 5130 2624 5189 ποίας
2646 5122 2934 5191 διαθέσεως
2957 5124 3355 5202 καταδέχεσθαι
3403 5124 3487 5181 δεῖ
3528 5130 3594 5181 τὰ
3636 5126 3813 5183 ἐπιτί-

2272 5236 2390 5289 μια.
