4110 6408
496 313 595 368 9H

1877 308 1939 364 S.
1977 307 2228 371 BASlLll
2264 308 2479 363 MAGNI

3764 314 3869 369 91:2

495 434 728 491 Christo
752 434 944 490 multo
977 434 1270 505 longeque
1280 434 1495 491 melius
1509 435 1577 489 ιδ.
1593 432 1746 489 Illud
1757 447 2031 506 quoque:
2048 432 2127 490 Si-

2251 430 2390 491 λύεις
2430 435 2515 484 τόν
2556 428 2740 484 δοῦλον
2774 450 2889 498 σου,
2932 435 3186 487 Δέσποτα.
3239 429 3327 492 Ὠς
3363 428 3727 505 δεσμωτήριον
3770 439 3863 494 τήν

489 526 623 581 tivii
636 526 843 582 anima
860 538 991 581 mea
1012 524 1094 580 ad.
1105 525 1294 581 Deum
1312 524 1535 593 fortem
1558 525 1759 580 vivum
1783 525 1850 578 ‘9.
1868 526 1954 578 Et:
1968 523 2146 579 Nunc

486 616 739 671 dimittis
758 629 997 670 servum
1019 619 1210 681 tuum,
1242 614 1494 670 Domine
1515 615 1585 669 ⁵ο.
1621 616 1772 670 Cum
1793 612 1957 669 enim
1984 612 2145 668 hanc

482 704 672 760 vitam
693 702 876 759 veluti
905 718 1210 759 carcerem
1223 717 1381 773 {egre
1400 702 1638 763 ferrent,
1667 702 1750 758 ita
1770 701 2021 757 demum
2051 715 2149 756 eo-

480 809 619 850 rum
648 792 912 867 impetus
937 792 1227 848 contineri
1249 791 1349 848 vix
1368 796 1621 865 poterat,
1642 806 1906 863 quorum
1930 789 2153 847 scilicet

481 884 716 941 animas
762 883 1037 940 divinum
1078 882 1446 939 desiderium
1491 882 1805 952 attigisset.
1842 879 1956 947 Qui
2008 895 2150 939 cum

476 973 828 1047 inexplebili
847 972 1325 1045 contemplanda:
1344 972 1560 1029 divinae
1574 969 2037 1045 pulchritudinis
2050 985 2148 1026 cu-

474 1063 723 1136 piditate
753 1063 1100 1133 ﬂagrarent,
1122 1062 1270 1119 illud
1298 1063 1731 1135 precabantur,
1766 1065 1831 1119 ut
1870 1065 2151 1117 contem-

474 1152 662 1226 platio
714 1152 1112 1224 jucunditatis
1154 1151 1394 1207 Domini
1442 1151 1521 1208 ad
1565 1155 1854 1208 aeternam
1897 1164 2147 1207 omnem

471 1242 661 1300 vitam
707 1258 842 1299 sese
888 1241 1255 1298 extenderet.
1306 1241 1399 1297 Sic
1457 1240 1642 1310 igitur
1697 1231 2151 1312 concupiscunt

2258 519 2397 580 ζωὴν
2428 524 2622 579 ταύτην
2655 518 3145 596 βαρυνόμενοιξὸο),
3175 521 3309 573 οὕτω
3341 517 3697 575 δυσκάθεκτοι
3729 520 3862 583 ἦσαν

2254 617 2364 671 ταῖς
2413 612 2620 684 ὁρμαῖς,
2682 610 2750 661 ὧν
2790 612 2815 662 ὁ
2867 612 3000 672 Osis;
3035 613 3194 672 πόθος
3243 618 3343 662 τῶν
3400 609 3591 682 ψυχῶν
3660 611 3859 683 ἥψατο.

2258 702 2325 752 Oi
2348 720 2427 772 γε,
2460 698 2554 755 διὰ
2583 704 2640 753 τὸ
2686 699 2977 774 ἀκορέστως
3027 704 3165 772 ἔχειν
3195 708 3292 761 τῆς
3325 702 3541 775 θεωρίας
3568 709 3659 754 τοῦ
3717 704 3856 756 θείου

2255 788 2496 858 κάλλους,
2530 791 2694 862 εὐχὴν
2734 788 2998 843 ἐποιοῦντο
3020 792 3163 864 πάσῃ
3196 799 3258 863 τῇ
3290 790 3475 862 αἰωνία
3508 794 3613 864 ζωῇ
3645 811 3863 865 συμπα-

2256 882 2607 951 ρεκτείνεσῦαι
2634 884 2728 938 τὴν
2762 882 2975 953 θεωρίαν
3006 889 3099 942 τῆς
3126 884 3471 954 τερπνότητος
3518 888 3609 932 τοῦ
3641 887 3856 956 Κυρίου.

2259 969 2411 1021 Οὕτω
2440 972 2531 1041 μὲν
2561 967 2648 1022 οὖν
2680 978 2913 1042 φυσικῶς
2960 967 3330 1042 ἐπιθυμητικοὶ
3388 970 3504 1041 (61)
3544 979 3644 1023 τῶν
3694 972 3860 1025 καλῶν

2258 1060 2309 1109 οἱ
2337 1059 2620 1131 ἅνθρωποι.
2666 1065 2865 1132 κυρίως
2897 1055 2955 1111 δὲ
2985 1059 3137 1111 καλὸν
3180 1064 3270 1111 καὶ
3302 1057 3571 1131 ἀγαπητόν
3622 1064 3679 1112 τὸ
3738 1059 3862 1133 ἁγα-

2262 1147 2368 1202 θόν.
2413 1147 2633 1219 ’Λγαθος
2665 1144 2723 1200 δὲ
2754 1149 2778 1200 ὁ
2815 1153 2941 1209 Θεός
2969 1169 2981 1181 ·
3053 1147 3251 1220 ἀγαθοῦ
3310 1145 3369 1200 δὲ
3411 1150 3580 1201 πάντα
3618 1147 3811 1222 ἐφίεται
3843 1172 3857 1185 ο

2261 1243 2394 1288 Θεοῦ
2425 1238 2528 1309 ἄρα
2558 1238 2728 1290 πάντα
2765 1235 2979 1309 ἐφίεται.

468 1332 823 1391 naturaliter
857 1331 1135 1387 homines
1174 1346 1272 1386 res
1332 1330 1533 1386 bonas
1589 1346 1661 1386 ac
1708 1329 2022 1386 honestas.
2064 1324 2240 1394 Quod
2263 1331 2465 1382 autem
2488 1326 2728 1399 proprie
2757 1326 3084 1398 pulchrum
3107 1330 3273 1384 estet
3303 1327 3586 1395 amabile,
3618 1328 3853 1388 bonum

465 1426 575 1478 est.
605 1423 736 1478 Jam
769 1436 910 1476 vero
941 1420 1140 1476 bonus
1166 1424 1255 1475 est
1283 1422 1434 1476 Deus
1460 1436 1473 1474 :
1499 1419 1732 1475 bonum
1761 1423 1968 1474 autem
1993 1420 2291 1490 appetunt
2315 1416 2549 1473 omnia:
2588 1417 2776 1472 Deum
2807 1415 2987 1486 igitur
3008 1416 3218 1473 omnia
3247 1421 3565 1490 appetunt.

492 1554 493 1557 η
536 1515 588 1566 2.
613 1513 809 1577 Quare
832 1508 1133 1583 quidquid
1173 1509 1481 1567 voluntate
1519 1514 1727 1565 nostra
1768 1513 1927 1565 recte
1956 1506 2132 1580 perﬁ-

463 1600 636 1668 citur,
681 1599 838 1657 inest
879 1598 1060 1656 nobis
1078 1599 1262 1655 etiam
1288 1598 1662 1668 naturaliter,
1696 1598 1743 1653 si
1784 1596 1996 1654 saltem
2024 1611 2131 1652 co-

460 1689 779 1760 gitationes
807 1694 1052 1745 nostras
1082 1704 1205 1744 non
1227 1688 1575 1761 perverterit
1597 1686 1888 1760 nequitia.
1918 1686 2127 1759 Itaque

457 1779 561 1836 Dei
589 1794 763 1837 amor
791 1795 903 1835 ceu
933 1777 1353 1835 necessarium
1378 1777 1653 1834 debitum
1673 1794 1709 1834 a
1734 1776 1913 1835 nobis
1956 1791 2128 1847 repo‘

456 1870 664 1937 scitur,
688 1870 865 1940 cujus
881 1868 1139 1940 privatio
1155 1870 1376 1924 animae
1406 1873 1495 1925 est
1514 1868 1818 1924 malorum
1842 1866 2124 1923 omnium

454 1959 907 2030 gravissimum.
940 1961 1090 2015 Nam
1130 1958 1501 2015 abalienatio
1536 1957 1718 2029 338
1741 1961 1800 2013 et
1829 1955 2064 2015 aversio
2089 1971 2126 2012 a
2156 1952 2195 2005 Β

455 2051 579 2105 Deo
604 2048 836 2108 malum
857 2052 946 2104 est
971 2047 1187 2105 futuris
1225 2048 1405 2105 etiam
1454 2048 1749 2118 gehennae
1807 2045 2123 2119 suppliciis

451 2137 912 2207 intolerabilius,
944 2137 1119 2210 eique
1146 2136 1243 2192 cui
1264 2136 1575 2207 contingit,
1599 2136 1994 2207 gravius,non
2025 2151 2123 2191 se-

449 2244 558 2291 cus
589 2243 659 2284 ac
688 2226 865 2284 oculo
894 2226 1144 2282 luminis
1176 2226 1451 2298 privatio,
1486 2226 1724 2282 etiamsi
1768 2224 1942 2281 dolor
1997 2240 2124 2280 non

448 2318 627 2381 adsit,
687 2323 745 2374 et
800 2316 1068 2384 animali,
1122 2317 1433 2390 ademptio
1479 2316 1634 2373 vitae.
1668 2316 1844 2382 Quod
1868 2315 1920 2370 si
1948 2314 2124 2376 liberi

448 2413 661 2467 amant
697 2406 1052 2464 naturaliter
1072 2411 1377 2479 parentes,
1401 2405 1669 2463 declaret
1697 2411 1904 2462 autem
1934 2404 2054 2460 hoc
2068 2407 2128 2460 et

445 2496 769 2554 brutorum
791 2496 1152 2553 animalium
1172 2495 1910 2565 habitus,ethominumin
1922 2494 2127 2567 prima

445 2592 618 2643 aetate
640 2601 785 2656 erga
816 2590 1040 2642 matres
1069 2585 1346 2655 affectus,
1380 2600 1505 2642 non
1528 2586 1847 2642 videamur
1870 2584 2122 2640 rationis

444 2676 645 2748 magis
675 2681 949 2749 expertes
971 2691 1160 2748 quam
1190 2675 1447 2747 parvuli,
1479 2691 1677 2748 neque
1708 2674 1916 2731 bestiis
1951 2690 2123 2745 agre-

445 2767 682 2833 stiores,
707 2765 888 2839 quasi
910 2765 1039 2820 sine
1064 2764 1183 2821 ullo
1204 2780 1409 2821 amore
1441 2780 1586 2836 erga
1603 2764 1993 2821 Conditorem
2013 2780 2122 2821 no-

447 2860 665 2921 strum,
694 2860 752 2911 et
780 2854 859 2909 ab
880 2853 1018 2927 ipso
1034 2852 1362 2911 abalienati
1388 2869 1600 2927 :quem
1633 2853 1876 2910 etiamsi
1905 2870 1978 2910 ex
1991 2854 2122 2925 ejus

442 2944 716 3001 bonitate
738 2959 862 3001 non
892 2959 1291 3000 nosceremus
1324 2943 1523 3016 qualis
1554 2944 1649 3013 sit,
1690 2948 1895 3000 tamen
1924 2944 2005 3000 ob
2059 2943 2124 3000 id

446 3034 645 3091 solum
668 3032 837 3107 quod
858 3033 936 3089 ab
964 3049 1035 3089 eo
1063 3032 1288 3089 conditi
1311 3050 1546 3106 sumus,
1570 3033 1815 3104 diligere
1837 3039 2123 3091 et'amare

456 3141 647 3199 quam
703 3124 970 3180 maxime
1001 3123 1384 3193 deberemus,
1418 3129 1832 3197 perpetuoque
1862 3124 1938 3182 de
1994 3125 2124 3196 ejus

457 3214 755 3271 memoria
769 3229 895 3270 non
921 3212 1090 3269 aliter
1111 3213 1376 3285 pendere
1395 3229 1584 3285 quam
1606 3213 1681 3269 de
1699 3218 1966 3271 matrum
1990 3230 2124 3270 sua-

2311 1509 2365 1560 2.
2421 1504 2580 1558 Ὠστε
2645 1510 2702 1558 τὸ
2753 1504 2809 1557 ἐκ
2867 1510 3223 1580 προαιπέσεως
3279 1509 3690 1582 κατορθούμενον
3757 1516 3850 1564 καὶ

2241 1603 2474 1666 φυσικῶς
2536 1596 2659 1667 ἡμῖν
2721 1593 3024 1670 ἐνυπάρχει,
3087 1603 3195 1657 τοῖς
3251 1614 3309 1667 γε
3352 1601 3423 1668 μὴ
3481 1595 3539 1648 ἐκ
3590 1603 3843 1672 πονηρίας

2237 1687 2359 1747 τοὺς
2412 1683 2699 1756 λογισμοὺς
2757 1681 3160 1758 διαστραφεῑσιν
3220 1686 3330 1757 (62)
3390 1685 3696 1758 Ἀναγκαῖον
3755 1686 3840 1741 οὖν

2238 1772 2446 1846 ὄφλημα
2518 1779 2610 1834 τὴν
2676 1775 2744 1836 εἰς
2812 1779 2938 1827 Θεὸν
3001 1772 3209 1846 ἀγάπην
3270 1773 3651 1849 ἀπαιτούμεθα,
3699 1777 3726 1829 ὃ

2236 1863 2535 1938 ἑλλειπούσῃ
2590 1865 2744 1939 ψυχῇ
2805 1868 3008 1918 πάντων
3074 1874 3244 1917 κακῶν
3298 1864 3435 1918 ἐστιν
3508 1865 3838 1941 ἀφορητότα-

2235 1972 2342 2011 τον.
2376 1964 2509 2008 Θεοῦ
2547 1958 2648 2030 γὰρ
2715 1953 3051 2029 ἀλλοτρίωσις
3097 1961 3187 2008 καὶ
3233 1954 3537 2032 ἀποστροφὴ
3598 1964 3689 2013 καὶ
3735 1968 3836 2013 τῶν

2236 2043 2283 2096 ἕν
2339 2051 2512 2119 γεέννῃ
2590 2043 3039 2121 προσδοκωμένων
3123 2045 3381 2098 κολάσεων
3457 2045 3832 2124 ἀφορητότερὸν

2235 2132 2367 2202 ἔστι,
2410 2140 2499 2188 καὶ
2531 2134 2819 2211 βαρύτερον
2857 2145 2929 2207 τῷ
2987 2138 3227 2203 παθόντι,
3269 2139 3333 2198 ὡς
3377 2135 3622 2211 ὀφθαλμῷ
3673 2144 3835 2213 φωτὸς

2238 2228 2510 2299 στέρησις,
2576 2225 2670 2276 κᾶν
2718 2229 2789 2299 μὴ
2853 2222 3014 2283 ὀδύνη
3065 2234 3261 2301 προσῇ,
3323 2230 3413 2278 καὶ
3461 2235 3534 2298 τῷ
3586 2228 3703 2300 ζὼῳ
3743 2238 3834 2283 τοῦ

2236 2313 2350 2385 ζῇν.
2386 2314 2447 2366 Εἰ
2478 2311 2536 2367 δὲ
2583 2320 2674 2367 καὶ
2712 2323 2822 2377 τοῖς
2858 2320 3146 2386 γεννήσασι
3190 2320 3381 2388 φυσική
3444 2321 3638 2392 στοργὴ
3694 2322 3839 2396 παρά

2232 2412 2331 2456 τῶν
2359 2406 2702 2476 γεννηθέντων
2751 2407 2984 2478 ὑπάρχει
3042 2405 3177 2476 (63),
3228 2410 3318 2457 καὶ
3378 2402 3535 2465 δηλοῖ
3587 2412 3741 2461 τοῦτό
3782 2429 3835 2463 τι

2234 2494 2264 2551 ἡ
2320 2502 2421 2545 τῶν
2466 2492 2662 2566 ἀλόγων
2714 2498 2924 2566 σχέσις,
2983 2498 3073 2546 καὶ
3132 2495 3161 2551 ἡ
3204 2502 3303 2546 τῶν
3360 2493 3644 2571 ἀνθρώπων
3694 2500 3834 2573 παρὰ

2232 2587 2327 2642 την
2365 2588 2575 2657 πρωτην
2606 2583 2812 2642 ἠλικίαν
2845 2586 2969 2658 πρὸς
3010 2586 3100 2643 τὰς
3156 2588 3382 2657 μητέρας
3447 2582 3704 2660 διάθεσις,
3762 2592 3832 2661 μὴ

2236 2681 2469 2746 φανῶμεν
2519 2672 2835 2749 ἁλογώτεροι
2885 2681 2984 2725 τῶν
3041 2678 3259 2740 νηπίων,
3309 2671 3449 2747 μηδὲ
3495 2685 3594 2728 τῶν
3645 2677 3837 2748 θηρίων

2235 2761 2564 2837 ἀγριώτεροι,
2610 2762 2879 2839 ἀστόργως
2926 2767 3018 2816 καὶ
3055 2761 3336 2838 ἀλλοτρίως
3374 2768 3498 2837 πρὸς
3539 2768 3625 2817 τόν
3673 2760 3835 2824 ποιη-υ

2236 2872 2404 2905 σαντα
2448 2855 2588 2926 ημᾶς
2620 2850 2941 2927 διακείμενοι
2971 2872 2987 2887 ο
3020 2852 3074 2905 ὃν
3118 2853 3163 2905 εὶ
3209 2857 3299 2906 καὶ
3349 2857 3418 2926 μὴ
3469 2851 3524 2905 ἐκ
3581 2862 3677 2916 τῆς
3706 2852 3835 2927 ἀγα-

2237 2942 2454 3005 θὸτητος
2494 2944 2670 3005 ὁποῖός
2708 2941 2848 2995 ἐστιν
2881 2942 2996 3015 (64)
3038 2943 3399 3015 ἠπιστάμεθα,
3448 2940 3500 3006 ἐξ
3546 2943 3706 2996 αὐτοῦ
3744 2948 3834 3016 μό-

2232 3052 2321 3085 νου
2356 3041 2448 3086 τοῦ
2493 3034 2617 3109 παρ’
2656 3032 2817 3086 αὑτοῦ
2855 3035 3169 3105 γεγενῆσθαι
3217 3030 3424 3105 ἀγαπᾷν
3468 3037 3558 3086 καὶ
3604 3037 3835 3109 στέργειν

2235 3122 2654 3196 ὑπερϐαλλόντως
2739 3122 3022 3196 ὀφείλομεν,
3102 3127 3191 3176 καὶ
3266 3121 3665 3197 ἀποκρίμασθαι
3745 3133 3837 3185 τῆς

2234 3218 2441 3287 μνήμης
2502 3214 2663 3266 αὑτοῦ
2709 3210 2980 3287 διηνεκῶς,
3040 3214 3273 3288 καθάπερ
3331 3220 3431 3265 τῶν
3483 3229 3721 3290 μητερων
3774 3218 3840 3268 τὰ

456 3320 594 3361 rum
615 3304 774 3361 ulnis
798 3302 1031 3376 pueruli
1054 3302 1312 3359 soleant.
1348 3303 1509 3359 Inter
1536 3319 1641 3358 eos
1671 3306 1875 3361 autem
1895 3304 1997 3377 qui
2020 3320 2125 3361 na-

2235 3308 2417 3362 νηπια.
2467 3309 2722 3378 Κρείττων
2774 3299 2833 3355 δὲ
3041 3311 3140 3355 τῶν
3197 3311 3433 3376 φυσικῶς
3485 3301 3835 3377 ἀγαπωμένων

459 3398 608 3451 turre
635 3394 822 3450 ductu
846 3393 1204 3463 diliguntur,
1226 3392 1458 3465 primas
1483 3398 1646 3449 tenet
1682 3394 1789 3467 qui
1837 3397 1991 3451 bene
2049 3394 2124 3451 de

457 3484 636 3541 nobis
662 3482 913 3539 meritus
952 3487 1065 3539 est.
1100 3486 1295 3555 Atque
1313 3482 1445 3539 haec
1494 3483 1733 3546 affectio
1778 3499 1901 3541 non
1932 3484 2126 3541 homi-

458 3589 609 3630 num
633 3571 821 3629 modo
851 3571 1102 3645 propria
1141 3577 1252 3639 est,
1274 3570 1384 3628 sed
1415 3572 1501 3628 eis
1530 3572 1715 3629 etiam
1754 3590 1896 3630 cum
1925 3574 2124 3631 omni-

452 3662 573 3721 bus
609 3662 732 3719 fere
761 3661 1178 3719 animantibus
1211 3660 1555 3718 communis
1601 3667 1711 3730 est,
1739 3668 1804 3719 ut
1845 3662 2125 3721 videlicet

451 3751 601 3811 boni
629 3752 900 3823 cujusvis
931 3751 1163 3823 accepti
1185 3756 1461 3807 auctores
1479 3751 1909 3809 benevolentia
1921 3769 2126 3825 prose-

452 3848 739 3917 quantur.
766 3842 1070 3912 Cognovit,
1094 3840 1310 3914 inquit,
1348 3841 1446 3897 bos
1465 3856 1886 3911 possessorem,
1912 3849 1966 3899 et
2009 3844 2125 3900 asi-

454 3949 569 3992 nus
610 3946 885 4003 prwsepe
904 3931 1134 3986 domini
1152 3931 1248 3985 sui
1266 3929 1515 3986 “.Absit
1534 3937 1735 3987 autem
1759 3937 1824 3988 ut
1851 3931 1926 3988 de
1946 3932 2123 3989 nobis

452 4023 737 4080 dicantur
755 4037 895 4095 quae
926 4024 1292 4093 sequuntur,
1324 4019 1638 4078 nimirum.
1693 4023 1889 4079 Israel
1918 4028 2120 4080 autem

454 4131 548 4172 me
571 4130 692 4170 non
721 4113 1019 4183 cognovit,
1051 4118 1107 4169 et
1137 4112 1398 4182 populus
1418 4128 1512 4169 me
1541 4129 1665 4170 non
1696 4113 2009 4170 intellexit
2045 4115 2119 4170 ⁵³.

455 4207 610 4261 Nam
636 4203 712 4259 de
734 4218 884 4258 cane
912 4200 1457 4275 compluribusque
1485 4202 1790 4274 ejusmodi
1830 4202 1961 4259 aliis
1992 4204 2121 4260 ani-

452 4293 742 4361 malibus,
772 4291 923 4365 quid
953 4292 1164 4348 attinet
1215 4291 1414 4348 dicere
1460 4298 1762 4363 quantam
1793 4293 2122 4350 ostendant

454 4382 579 4439 suis
605 4380 998 4439 nutritoribus
1025 4379 1517 4437 benevolentiam
1538 4381 1565 4437 ?
1587 4380 1761 4446 Quod
1781 4381 1833 4438 si
1852 4398 1995 4454 erga
2014 4399 2119 4440 eos

525 4509 572 4545 ⁸³
602 4506 859 4581 Philipp.
890 4522 927 4580 1,
962 4511 1053 4563 23.
1131 4508 1176 4543 ‘9
1209 4505 1369 4565 Psal.
1391 4520 1509 4575 xu,
1543 4509 1599 4563 3.
1680 4508 1729 4543 ⁵ο
1757 4509 1894 4567 Luc.
1928 4525 1990 4580 ιι,
2022 4514 2113 4567 29.

2194 4513 2240 4548 “
2273 4514 2387 4569 lsa.
2421 4526 2460 4581 1,
2487 4514 2541 4568 3.

2235 3396 2262 3447 6
2321 3393 2610 3468 εὐεργέτης.
2670 3398 2770 3447 Καὶ
2829 3401 2983 3446 τοῦτο
3036 3392 3130 3445 οὔκ
3196 3390 3477 3468 ἀνθρώπων
3537 3389 3672 3446 ἵὸίον
3726 3393 3840 3447 ἐστι

2234 3489 2410 3559 μόνον,
2443 3482 2573 3536 ἀλλὰ
2610 3489 2699 3536 καὶ
2729 3485 2932 3536 πάντων
2966 3478 3165 3554 σχεδὸν
3208 3481 3352 3543 ζώων
3400 3484 3583 3550 πάθος,
3634 3485 3664 3542 ἡ
3709 3487 3840 3559 πρὸς

2233 3580 2357 3637 τοὺς
2414 3572 2609 3646 ἀγαθόν
2657 3593 2710 3626 τι
2768 3569 3067 3633 δεδωκότας
3107 3571 3383 3633 οἰκείωσις.
3437 3570 3624 3644 Ἔγνω,
3686 3577 3833 3646 φησι,

2236 3663 2367 3738 βοῦς
2412 3668 2498 3717 τόν
2552 3665 2900 3735 κτησάμενον,
2958 3666 3050 3714 καὶ
3107 3665 3218 3724 ὄνος
3292 3665 3386 3719 τὴν
3466 3664 3659 3734 φάτνην
3744 3671 3838 3716 τοῦ

2232 3759 2417 3830 κυρίου
2485 3754 2666 3808 αὑτοῦ.
2747 3752 2925 3810 ’Λπείη
3003 3748 3062 3805 δὲ
3117 3750 3374 3825 λεχθῆναι
3403 3757 3520 3826 περὶ
3575 3754 3721 3826 ἡμῶν
3773 3755 3841 3806 τὰ

2234 3847 2389 3909 ἑξῆς·
2458 3848 2540 3898 ὅτι
2599 3844 2812 3920 Ἰσραὴλ
2864 3841 2924 3896 δέ
2976 3844 3090 3913 (66)
3143 3862 3207 3915 με
3262 3843 3357 3894 οὐκ
3427 3845 3575 3915 ἔγνω,
3644 3848 3734 3896 καὶ
3812 3847 3837 3896 ό

2231 3935 2355 3998 λαός
2406 3955 2470 4009 με
2534 3934 2592 3987 οὐ
2642 3943 2851 3993 συνῆκε.
2913 3937 3038 4008 Περὶ
3091 3935 3193 4007 γὰρ
3225 3935 3394 4001 κυνὸς,
3467 3939 3557 3985 καὶ
3639 3933 3837 3986 πολλῶν

2231 4024 2396 4078 οὒ.λων
2446 4028 2715 4092 τοιούτων,
2764 4029 2817 4075 τί
2854 4027 2964 4098 χρὴ
3018 4027 3108 4074 καὶ
3144 4022 3329 4094 λέγειν,
3367 4023 3495 4081 ὅσην
3539 4026 3665 4098 πρὸς
3716 4028 3839 4088 τοὺς

2231 4119 2504 4190 τρέφοντας
2532 4119 2627 4173 τὴν
2658 4117 2854 4167 εὔνοιαν
2883 4109 3287 4180 ἐπιδείκνυνται,
3346 4111 3408 4165 Εἰ
3458 4109 3517 4165 δε
3563 4116 3655 4172 τὴν
3708 4118 3839 4189 πρὸς

2231 4210 2350 4267 τοὺς
2397 4206 2663 4279 εὐεργέτας
2721 4207 2919 4256 εὔνοιαν
2986 4205 3173 4255 καὶτὸ
3206 4201 3413 4275 φίλτρον
3468 4212 3703 4275 φυσικῶς
3758 4205 3835 4257 αἱ-

2230 4297 2480 4370 ρούμεθα,
2527 4300 2616 4347 καὶ
2651 4296 2821 4348 πάντα
2858 4297 3010 4347 πόνον
3060 4293 3132 4355 εὶς
3167 4289 3435 4345 ἀντίδοσιν
3490 4301 3590 4345 τῶν
3650 4313 3839 4367 προγε-

2229 4390 2450 4459 νομένων
2498 4387 2624 4458 ημῑν
2671 4386 2989 4458 ὑπομένομεν
3014 4382 3152 4456 (67),
3196 4386 3274 4445 τίς
3302 4381 3452 4454 λόγος
3476 4381 3633 4447 ἀξίως
3670 4380 3838 4456 ἐφικέ-

2619 4513 2667 4547 ⁵²
2698 4509 2849 4566 ibid.

523 4632 639 4707 (60)
667 4632 870 4690 Codex
888 4634 1054 4689 Voss.
1084 4635 1143 4690 et
1180 4630 1282 4689 alii
1302 4630 1425 4687 duo
1467 4635 1562 4690 τὴν
1594 4630 1814 4687 ἐνταυθα
1844 4635 1980 4696 ζωὴν
2011 4633 2120 4709 βα-

2235 4634 2385 4709 gatis
2416 4636 2648 4709 deerat.

451 4711 738 4782 ρυνάμτιιίι-

518 4772 633 4851 (δῖ)
665 4776 836 4840 Illud,
876 4782 1106 4851 φυσικῶς
1142 4772 1544 4851 ἐπιθυμητικοί,
1601 4780 1741 4851 etc.,
1790 4775 2120 4850 intelligen-

354 4842 359 4845 ’
449 4842 726 4908 ἀιίηιθεῑ
744 4851 861 4905 hoc
884 4842 1223 4923 inodo:_i_ta
1262 4842 1487 4923 natura
1524 4842 1846 4923 hominum
1871 4842 2121 4923 compa-

378 4960 381 4969 ς
446 4929 580 4980 rata
607 4927 717 4992 est,
743 4924 809 4976 ut
836 4936 903 4977 ex
925 4936 994 4992 se»
1017 4917 1267 4991 quidem
1293 4919 1519 4976 feratur
1538 4921 1618 4976 ad
1642 4920 1877 4978 bonum
1900 4917 2119 4980 concu-

445 4990 1004 5067 piscendum:__sed
1034 4990 1346 5067 tamenne
1381 4992 1498 5048 hoc
1558 4992 1804 5067 quidem
1860 4994 1929 5049 ﬁt
1988 4995 2117 5067 sine

447 5061 672 5158 auxilio
704 5064 824 5122 Dei.
854 5064 987 5119 Mox
1017 5062 1206 5119 codex
1229 5063 1393 5119 Colb.
1425 5069 1518 5116 καὶ
1550 5061 1879 5135 ἀγαπητικὸν
1905 5070 1963 5118 τὸ
1991 5065 2117 5140 ἁγα-

451 5140 633 5276 9023?)
651 5206 866 5297 ‘Codex
889 5208 1056 5264 Vess.
1086 5210 1148 5263 et
1174 5207 1583 5279 Reg..primus
1603 5226 1694 5260 του
1715 5206 1972 5283 λογισμου
1996 5206 2119 5263 δια-

450 5299 778 5354 στραφεισιν·

516 5352 629 5426 (63)
657 5350 807 5426 Reg.
837 5348 1408 5426 primus_évunu’pzst.

514 5420 629 5499 (δε)
658 5420 1036 5499 ιιίιιςίξὸποῖός
1065 5420 1199 5494 ἐστι,
1247 5420 1526 5482 additum
1581 5426 1674 5480 est
1724 5439 1799 5480 ex
1845 5425 2112 5499 antiquis

445 5493 688 5552 duobus
715 5493 903 5549 libris.

515 5568 631 5641 (65)
662 5564 1165 5641 godexpombef.
1201 5569 1456 5641 Κρείττων
1486 5563 1595 5624 οὖν.

514 5635 630 5711 (66)
658 5636 752 5695 Sic
788 5635 980 5695 codex
1000 5639 1164 5695 Voss.
1187 5635 1254 5695 et'
1268 5638 1369 5696 alii
1394 5638 1540 5697 duo.
1564 5638 1789 5700 Vocula
1810 5636 1871 5695 δέ
1883 5640 1949 5699 in
1979 5640 2109 5699 vul-

2303 4710 2410 4783 (67)
2431 4708 2581 4765 Editi
2598 4706 2849 4780 perinde
2877 4707 2939 4783 ut
2957 4707 3100 4783 Reg.
3124 4705 3331 4783 tertius
3348 4709 3406 4764 et
3424 4704 3604 4783 goisl.
3622 4722 3837 4783 secun-

2228 4779 2349 4855 dus
2373 4789 2473 4855 τῶν
2500 4779 2879 4855 προγενομένων
2894 4781 3021 4851 ἡμῖν
3048 4780 3393 4855 ὑπομένομεν.
3424 4781 3566 4848 Reg.
3598 4779 3833 4851 primus

2228 4857 2287 4909 et
2312 4852 2485 4908 Coisl.
2512 4850 2728 4924 itidem
2749 4850 2982 4924 primus
3032 4854 3090 4907 et
3136 4850 3441 4924 (3911).“?ch
3478 4856 3833 4924 προσγενομέ-

2226 4945 2322 4977 νων
2348 4925 2473 4996 ἡμῖν
2504 4923 2670 4996 καλῶν
2697 4921 3033 4996 ὑπομένομεν.
3068 4921 3271 4996 Codex
3300 4921 3477 4996 Voss.
3501 4921 3635 4994 pro
3659 4921 3832 4996 καλῶν

2227 4992 2507 5069 corrupte
2540 4995 2721 5052 habet
2750 4992 2932 5069 κάλως
2973 4992 3174 5069 Codex
3207 4992 3527 5069 _Combef_.___
3555 4993 3834 5069 secunda

2226 5064 2428 5143 manu
2445 5072 2864 5143 προσγενομένων
2891 5067 3016 5139 ἡμῖν
3046 5066 3383 5143 ὑπομένομεν.
3437 5064 3601 5143 Mihi.
3623 5071 3831 5122 autem

2224 5140 2421 5210 magis
2460 5136 2653 5211 placet
2679 5136 3283 5211 scripturavulgata.
3339 5139 3486 5194 Cum
3508 5136 3672 5211 enim
3704 5154 3830 5193 ser-

2224 5207 2520 5266 mo—sitde
2552 5210 2705 5281 grati
2733 5207 2917 5267 animi
2958 5207 3415 5281 signiﬁcatione,
3473 5207 3832 5281 videturea

2219 5281 2398 5339 lectio
2423 5278 2735 5354 selig'enda
2761 5297 2914 5354 esse,
2937 5295 3073 5354 quae
3103 5296 3210 5352 per
3236 5296 3302 5354 se
3326 5278 3626 5354 beneﬁcia
3656 5280 3828 5352 prius

2220 5356 2283 5410 in
2313 5370 2421 5410 nos
2448 5350 2665 5410 collata
2694 5350 3006 5424 signiﬁcet.
3068 5350 3177 5409 Pro
3234 5350 3327 5407 his
3376 5351 3538 5408 enim
3585 5350 3832 5424 proprie

2221 5425 2481 5496 gratiam
2508 5425 2846 5483 referimus.
2880 5428 3011 5482 Haec
3052 5428 3145 5496 est
3187 5439 3393 5490 causa,
3454 5438 3564 5478 cur
3604 5439 3830 5496 vocem

2218 5494 2601 5572 προγενομένων
2624 5497 3012 5572 retinendam
3036 5494 3419 5551 arbitremur.
3442 5494 3706 5567 Exprimi
3725 5512 3833 5554 vo-

2220 5568 2352 5625 cem
2382 5568 2548 5620 καλῶν
2576 5568 2726 5626 nihil
2746 5586 2993 5626 necesse
3019 5572 3129 5623 est.
