4110 6430
332 321 435 377 917

1497 314 1793 373 REGULE
1831 315 2076 373 Ε’ἰίδίυὸ
2111 317 2515 373 ΤΒΔΟΤΑΤΑΞ.

3601 318 3707 373 θη

333 453 550 518 χουσῶν
621 447 746 518 ἡμῖν
804 440 1071 517 δυνάμεων
1117 444 1347 516 γεωργός
1399 439 1511 493 ἔστι
1567 444 1657 493 καὶ
1703 444 1936 516 τροφεύς,

2053 439 2224 496 nobis
2246 439 2491 496 seminis
2511 440 2571 497 in
2602 439 2857 498 modum
2890 442 3077 499 insitae
3100 440 3707 498 ﬁleruntfacultatum

340 538 548 611 εἴρηται
595 532 805 608 ἡμῖν’ἓν
858 539 964 595 τοῖς
1022 533 1308 607 ἔμπροσθεν
1364 530 1539 603 λόγοις
1573 551 1584 563 ·
1646 526 1824 589 ἐπειδὴ
1883 526 1941 583 tl":

336 623 546 697 ἀγαπᾷν
619 624 1047 700 προστετάγμεθα
1106 625 1193 674 τὸν
1266 619 1486 678 πλησίον
1560 622 1630 682 ὡς
1704 619 1938 688 ἑαυτοὺς,

336 716 741 790 καταμάθωμεν,
777 714 820 767 εἰ
867 712 957 765 καί
1012 707 1234 784 δύναμιν
1289 713 1416 785 πρὸς
1467 714 1561 768 τὴν
1615 707 1941 785 ἐκπλήρωσιν

334 808 433 864 τῆς
462 800 670 863 ἐντολῆς
722 803 916 862 ταύτης
970 802 1156 874 ἔχομεν
1202 799 1347 873 παρά
1375 806 1467 852 τοῦ
1516 805 1676 855 Θεοῦ.
1713 804 1807 862 Τίς
1853 795 1940 852 οὖν

337 890 431 943 οὐκ
472 888 632 959 οἶδε-ν,
689 891 770 945 ὅτι
830 892 1016 964 ἦμερον
1072 892 1163 941 καὶ
1215 890 1513 942 κοινωνικὸν
1575 887 1705 950 ζῶον
1750 890 1775 941 ὁ
1826 889 1942 959 (80)

336 981 629 1054 ἄνθρὼπος,
663 983 751 1032 καὶ
789 979 913 1051 ούχὶ
948 977 1285 1052 μονάστικὸν,
1330 973 1454 1031 οὐδε
1502 977 1719 1051 ἆγρῐονς
1771 973 1939 1030 Οὐδὲν

336 1071 440 1144 γὰρ
473 1070 637 1132 οὕτως
681 1065 814 1122 ἴδιον
862 1076 957 1131 τῆς
1003 1070 1206 1142 φύσεως
1257 1068 1424 1141 ἡμῶν,
1458 1068 1523 1129 ὡς
1576 1070 1634 1120 τὸ
1683 1073 1940 1120 κοινωνεῖν

343 1157 598 1226 ἀλλήλοις,
638 1162 727 1210 καὶ
755 1158 980 1232 χρῄζειν
1013 1156 1262 1228 ἀλλήλων,
1318 1160 1409 1209 καὶ
1441 1154 1648 1229 ἀγαπᾷν
1700 1158 1758 1210 τὸ
1810 1157 1939 1230 ὀμό-

338 1248 508 1322 φυλον.
542 1247 635 1299 Ὧν
675 1243 762 1299 οὖν
812 1248 969 1310 αὐτὸς
1017 1243 1206 1300 ἔδωκεν
1264 1247 1290 1299 ὁ
1324 1248 1516 1322 Κύριος
1569 1248 1693 1320 ἡμῖν
1741 1245 1939 1319 προλα-

333 1335 432 1390 ϐὼν
480 1338 544 1389 τὰ
592 1338 890 1409 σπέρματα,
916 1338 1109 1389 τούτων
1154 1334 1450 1398 ἀκολούθως
1490 1341 1580 1389 καὶ
1635 1340 1756 1397 τοὺς
1811 1356 1939 1412 χαρ-

328 1429 460 1489 ποὺς
518 1424 757 1487 ἓπιζητεῖ
808 1427 941 1497 (81),
995 1425 1154 1499 λέγων
1189 1447 1201 1460 ο
1243 1425 1481 1485 Ἐντολην
1528 1430 1710 1486 καινὴν
1769 1422 1940 1479 δίδω-

327 1535 390 1589 μι
437 1515 578 1590 ύμῖν,
638 1517 720 1569 ἶνα
776 1514 1010 1588 ἀγαπᾶτε
1067 1514 1335 1579 ἀλλήλους.
1408 1521 1509 1570 Καὶ
1572 1520 1701 1590 πρὸς
1745 1519 1941 1576 ταύτην

327 1610 425 1665 τὴν
478 1605 689 1665 ἕντολὴν
742 1602 999 1681 διεγεῖραι
1048 1604 1358 1679 βουλόμενος
1395 1608 1541 1679 ἡμῶν
1595 1611 1689 1665 τὴν
1731 1605 1939 1679 ψυχὴν,

330 1692 600 1759 ἀπόδειξιν
643 1703 745 1748 τῶν
799 1694 959 1749 αὐτοῦ
989 1696 1257 1768 μαθητῶν,
1292 1694 1350 1748 ού
1385 1701 1579 1769 σημεῖα
1631 1700 1721 1748 καί
1776 1692 1943 1749 δυνά-

2050 529 2356 586 cultricem
2383 545 2513 586 esse
2544 534 2603 585 et
2624 522 2891 586 altricem
2920 548 2933 586 :
2960 548 3168 586 verum
3197 532 3489 603 quoniam
3513 529 3709 604 proxi-

2049 636 2219 676 mum
2250 620 2432 692 juxta
2463 635 2533 675 ac
2563 620 2970 692 nosmetipsos
3002 620 3246 690 diligere
3267 621 3423 692 jussi
3472 637 3705 690 sumus,

2047 709 2498 766 consideremus
2536 725 2686 765 num
2712 709 2894 765 etiam
2925 726 2960 765 a
2992 710 3111 765 Deo
3140 709 3391 781 hujusce
3436 709 3709 766 mandati

2049 792 2406 851 conﬁciendi
2436 793 2782 850 facultatem
2815 794 3245 867 acceperimus.
3278 794 3444 863 Quis,
3476 809 3704 866 quaeso,

2046 883 2302 954 ignorat,
2337 882 2645 939 hominem
2695 882 2923 940 animal
2949 899 3084 939 esse
3116 888 3505 939 mansuetum
3525 886 3582 939 et
3606 899 3706 939 so-

2047 971 2412 1043 ciabile,non
2435 978 2638 1029 autem
2669 971 3001 1029 solitarium
3019 978 3075 1029 et
3096 972 3288 1029 ferum
3306 973 3334 1029 ?
3362 971 3515 1030 Nihil
3543 971 3705 1029 enim

2047 1066 2172 1119 tam
2204 1062 2517 1136 proprium
2548 1066 2635 1119 est
2663 1066 2883 1120 nostrae
2912 1067 3164 1126 naturae,
3196 1078 3383 1137 quam
3413 1065 3478 1118 ut
3496 1064 3706 1119 mutuo

2047 1153 2491 1222 consociemur,
2527 1157 2583 1209 et
2608 1151 2704 1208 alii
2735 1151 2988 1209 aliorum
3018 1152 3425 1223 indigeamus,
3480 1167 3706 1226 eosque

2046 1241 2151 1316 qui
2172 1241 2447 1314 ejusdem
2468 1246 2607 1298 sunt
2627 1240 2863 1313 generis
2886 1242 3505 1313 diligamus.Quorum
3529 1242 3710 1313 igitur

2049 1332 2285 1389 semina
2308 1333 2598 1389 Dominus
2627 1333 2756 1406 ipse
2776 1332 2941 1406 prius
2973 1332 3148 1389 nobis
3184 1330 3453 1402 contulit,
3496 1347 3708 1390 eorum

2047 1421 2230 1479 etiam
2266 1421 2492 1479 fructus
2522 1427 2733 1495 postea
2761 1422 3042 1495 reposcit,
3070 1422 3277 1478 dicens
3302 1441 3316 1479 :
3344 1422 3708 1479 Mandatum

2049 1527 2269 1570 novum
2291 1512 2363 1568 do
2380 1512 2564 1576 vobis,
2588 1518 2653 1568 ut
2674 1510 2948 1583 diligatis
2973 1510 3300 1569 invicem”.
3327 1514 3472 1569 Cum
3506 1518 3709 1570 autem

2051 1598 2128 1658 ad
2146 1602 2598 1676 exsequendum
2610 1600 2755 1658 illud
2775 1600 3133 1659 mandatum
3147 1602 3419 1658 animum
3431 1604 3709 1659 nostrum

2051 1691 2307 1748 excitare
2335 1690 2981 1764 vellet,discipulorum
3014 1707 3262 1748 suorum
3297 1692 3709 1748 characterem

329 1805 445 1860 μεις
501 1781 835 1861 παραδόξους
912 1782 1182 1858 ἀπῄτησεν
1242 1784 1436 1856 (καίτοι
1491 1789 1582 1839 καὶ
1644 1787 1840 1839 τούτων
1894 1783 1936 1837 ἓν

2053 1787 2108 1840 et
2135 1787 2343 1840 notam
2372 1798 2496 1839 non
2524 1782 2585 1839 in
2615 1781 2908 1856 prodigiis
2955 1786 3013 1839 et
3064 1781 3372 1839 miraculis
3420 1780 3711 1839 inauditis

330 1877 592 1949 Πνεύματι
648 1874 783 1947 ἁγίῳ
839 1875 1201 1948 χαρίσάμενος
1257 1876 1352 1933 τὴν
1428 1873 1702 1950 ίνέργειαν)
1743 1896 1755 1910 ο
1817 1872 1946 1927 ἀλλὰ

327 1971 380 2020 τί
447 1982 652 2038 φησιν;
709 1963 790 2018 Ἐν
848 1966 1016 2036 τούτῳ
1068 1969 1359 2036 γνώσονται
1415 1966 1626 2035 πάντες,
1695 1966 1773 2019 ὅτι
1831 1956 1945 2039 ἐμοὶ

328 2057 564 2131 μαθηταί
620 2053 754 2125 ἐστε,
816 2052 899 2106 ἐὰν
951 2051 1160 2126 ἀγάπην
1208 2056 1368 2127 ἔχητε
1421 2052 1469 2107 ἓν
1520 2052 1762 2118 ἀλλήλοις
1809 2056 1942 2127 (82).

329 2151 431 2201 Καὶ
493 2146 629 2198 οὕτω
683 2151 964 2216 πανταχοῦ
1018 2147 1113 2208 τὰς
1173 2143 1380 2208 ἰντολὰς
1437 2148 1630 2208 ταύτας
1671 2148 1944 2228 συνάπτει,

328 2238 463 2291 ὥστε
514 2240 609 2295 τὴν
667 2237 735 2296 εὶς
790 2238 877 2287 τὸν
914 2233 1140 2294 πλησίον
1178 2234 1412 2291 εὐποιίαν
1457 2235 1528 2297 εἰς
1559 2235 1742 2288 ἑαυτὸν
1779 2256 1944 2311 μετα-

328 2329 559 2386 τίθησιν.
587 2327 866 2379 Ἐπείνασα
892 2327 1017 2401 γὰρ,
1061 2330 1214 2400 φησὶ,
1241 2330 1330 2377 καὶ
1362 2322 1595 2379 ἐδώκατέ
1618 2346 1710 2402 μοι
1740 2334 1939 2399 φαγεῖν,

329 2419 512 2471 καὶτὰ
552 2415 691 2480 ἑξῆς.
724 2413 854 2469 Εἶτα
882 2411 1084 2489 ἐπάγει,
1118 2414 1199 2468 ὅτι
1231 2416 1336 2490 Ἐφ’
1385 2412 1505 2468 ὅσον
1542 2414 1824 2475 ἐποιήσατε
1871 2416 1942 2470 ἐνὶ

328 2510 522 2561 τούτων
552 2513 652 2559 τῶν
685 2500 918 2579 ἀδελφῶν
962 2524 1064 2579 μου
1086 2511 1187 2559 τῶν
1242 2503 1558 2579 ἐλαχίστων,
1589 2504 1704 2582 ἐμοὶ
1757 2504 1941 2566 ἕποιή-

331 2616 473 2653 σατε.

399 2690 452 2741 ‘2.
512 2684 715 2741 Οὐκοῦν
766 2680 859 2738 διὰ
910 2686 1001 2758 μὲν
1051 2692 1147 2748 τῆς
1203 2687 1417 2759 πρώτης
1446 2686 1559 2739 ἔστι
1605 2688 1941 2762 κατορθῶσαι

328 2778 420 2831 καὶ
478 2780 572 2837 τὴν
623 2770 869 2849 δευτέραν
902 2795 915 2808 ·
972 2770 1066 2828 διὰ
1107 2769 1166 2828 δὲ
1202 2783 1297 2838 τῆς
1345 2771 1593 2853 δευτέρας
1650 2774 1938 2830 ἐπανελθεῖν

334 2864 486 2930 αὖθις
516 2864 599 2920 ἰπὶ
636 2871 730 2925 την
760 2869 972 2942 πρώτην
1006 2886 1018 2898 ·
1080 2869 1169 2918 καὶ
1234 2863 1514 2939 ἀγαπῶντά
1560 2870 1651 2941 μὶν
1690 2870 1777 2920 τὸν
1828 2868 1938 2921 Κύ-

335 2975 466 3031 ριον,
526 2952 725 3028 ἀγαπᾷν
784 2952 1074 3016 ἀκολούθως
1118 2957 1211 3009 καὶ
1271 2956 1359 3008 τὸν
1419 2955 1661 3028 πλησίον,
1720 2953 1779 3009 ’0
1834 2958 1936 3030 γὰρ

338 3040 548 3118 ἀγαπῶν
615 3063 696 3118 με,
782 3040 917 3098 εἶπεν
986 3045 1025 3111 ὁ,
1081 3043 1297 3120 Κύριος,
1379 3046 1473 3109 τὰς
1552 3043 1756 3109 ἐντολάς
1834 3065 1936 3120 μου

2053 1870 2383 1941 constituit,
2397 1888 2754 1947 quanquam
2770 1872 2989 1930 horum
3018 1870 3460 1945 patrandorum
3480 1872 3563 1928 eis
3583 1869 3708 1929 vim

2053 1969 2112 2019 et
2144 1966 2505 2036 potestatem
2553 1978 2661 2036 per
2684 1962 2968 2036 Spiritum
2989 1965 3269 2019 sanctum
3286 1960 3538 2033 largitus
3569 1960 3686 2018 tuis

2054 2057 2172 2109 set:
2205 2052 2312 2108 sed
2340 2052 2495 2127 quid
2519 2052 2708 2110 dicit?
2726 2050 2800 2109 In
2828 2051 2940 2108 hoc
2966 2058 3317 2123 cognoscent
3346 2053 3710 2124 omnes,quia

2053 2144 2341 2213 discipuli
2362 2146 2483 2202 mei
2497 2145 2656 2213 estis,
2672 2145 2728 2201 si
2748 2143 3129 2202 dilectionem
3154 2143 3486 2201 habueritis
3512 2142 3596 2201 ad
3614 2143 3709 2200 in-

2053 2234 2312 2290 vicem”.
2341 2235 2407 2289 Et
2432 2233 2516 2289 sic
2544 2232 2768 2307 ubique
2798 2232 3098 2290 connectit
3126 2233 3256 2289 haec
3285 2236 3612 2305 praecepta,
3646 2236 3712 2289 ut

2050 2320 2348 2381 beneﬁcia
2374 2323 2433 2379 in
2455 2323 2801 2397 proximum
2827 2322 3043 2380 collata
3070 2322 3130 2379 in
3153 2323 3425 2397 seipsum
3456 2322 3710 2379 transfe-

2050 2416 2161 2471 rat.
2184 2413 2431 2471 Esurivi
2448 2412 2633 2481 enim,
2664 2411 2881 2487 inquit,
2912 2417 2969 2469 et
3002 2412 3250 2470 dedistis
3278 2411 3428 2468 mihi
3454 2410 3709 2469 mandu-

2052 2517 2193 2560 care
2212 2502 2280 2570 ⁵³,
2312 2507 2422 2558 etc.
2463 2500 2698 2568 Deinde
2726 2501 3038 2574 subjungil
3070 2520 3083 2559 :
3135 2503 3439 2573 Quatenus
3483 2502 3711 2575 fecistis

2050 2593 2162 2649 uni
2179 2608 2256 2649 ex
2288 2592 2379 2648 his
2404 2592 2709 2663 fratribus
2741 2592 2880 2650 meis
2915 2593 3200 2661 minimis,
3227 2592 3378 2649 mihi
3402 2592 3710 2665 fecistis“.

2119 2684 2173 2738 2.
2208 2684 2412 2756 Itaque
2440 2698 2545 2756 per
2576 2682 2841 2755 primum
2864 2680 2998 2738 licet
3019 2681 3355 2739 secundum
3394 2680 3579 2740 etiam
3610 2698 3713 2738 ex-

2051 2770 2242 2845 sequi,
2260 2787 2330 2828 ac
2364 2788 2574 2828 rursus
2597 2788 2704 2844 per
2720 2770 3058 2827 secundum
3081 2772 3298 2829 reverti
3320 2770 3399 2829 ad
3421 2772 3710 2845 primum;

2049 2862 2108 2916 et
2152 2860 2258 2933 qui
2314 2860 2636 2917 Dominum
2667 2864 2833 2917 amat
2862 2876 3241 2935 consequens
3273 2865 3362 2918 est
3404 2865 3469 2917 ut
3506 2860 3712 2934 proxi:

2049 2965 2218 3006 mum
2251 2966 2494 3026 quoque
2533 2950 2767 3021 diligat.
2804 2950 2916 3013 Qui
2955 2953 3116 3007 enim
3144 2951 3347 3022 diligit
3377 2966 3488 3017 me,
3513 2950 3710 3025 inquit

2049 3036 2360 3109 Dominus,
2418 3038 2713 3096 mandata
2764 3055 2895 3096 mea
2934 3040 3194 3097 servabit
3227 3042 3298 3096 “.
3330 3040 3421 3099 Ait
3452 3047 3654 3099 autem
3688 3056 3705 3098 :

332 3138 549 3209 τηρήσει
596 3132 733 3207 (83).
804 3134 946 3193 Αὕτη
1021 3130 1081 3187 δέ
1140 3133 1273 3202 ἔστι,
1330 3139 1506 3208 φησὶν,
1568 3137 1597 3194 ἡ
1660 3133 1832 3194 ἐντολὴ
1902 3135 1932 3194 ἠ

2053 3126 2177 3183 Hoc
2190 3132 2647 3198 estpraeceptum
2662 3144 2853 3191 meum
2884 3128 3230 3200 utdiligatis
3246 3129 3519 3201 invicem,
3548 3130 3709 3189 sicut

326 3220 444 3297 ἐμὴ,
515 3222 597 3279 ἵνα
659 3221 895 3296 ἀγαπάτε
953 3220 1224 3292 ἀλλήλους,
1279 3226 1453 3288 καθὼς
1515 3222 1616 3299 ὶγώ
1677 3220 1937 3299 ἠγάπησα

324 3311 462 3386 ὑμᾶς
490 3335 501 3347 ·
546 3310 829 3385 ἀγαπῶντα
883 3308 942 3365 δὶ
983 3312 1136 3365 πάλιν
1193 3316 1279 3366 τὸν
1326 3313 1571 3383 πλησίον,
1604 3318 1699 3374 τὴν
1745 3315 1817 3379 εἰς
1845 3317 1932 3368 τὸν

323 3405 452 3458 Θεὸν
513 3400 722 3474 ἀγάπην
778 3399 1132 3477 ἀποπληροῦν,
1185 3401 1345 3456 αὐτοῦ
1407 3403 1478 3468 εἰς
1521 3402 1704 3458 ἑαυτὸν
1743 3401 1937 3459 ύποςῖεσ⁸

320 3497 550 3569 χομένου
580 3490 693 3564 (84)
722 3494 816 3550 τὴν
868 3493 1051 3566 χάριν.
1096 3495 1280 3567 Διόπερ
1340 3493 1366 3546 ὁ
1418 3495 1510 3567 μεν
1548 3498 1738 3556 πιστὸς
1787 3496 1934 3571 θερά-

319 3602 428 3636 πων
476 3589 567 3634 τοῡ
619 3587 752 3633 Θεοῦ
809 3587 1004 3647 Μωσῆς
1051 3583 1313 3641 τοσαύτην
1352 3577 1678 3637 ἰπεὸείκνυτο
1721 3588 1815 3643 τὴν
1864 3582 1935 3649 εἰς

322 3675 439 3747 τοὺς
471 3666 726 3745 ἀδελφοὺς
770 3667 1001 3743 ἀγάπην,
1053 3671 1189 3727 ὥστε
1217 3675 1307 3724 καὶ
1351 3669 1709 3744 ἐξαλειφθῆναι
1758 3675 1934 3748 ᾑρεῖτο

324 3758 381 3815 ἔκ
434 3768 529 3824 τῆς
583 3758 775 3835 βίϐλου
831 3767 924 3815 τοῦ
985 3767 1140 3835 Θεοῦ,
1199 3759 1271 3823 εἰς
1318 3762 1381 3821 ἣν
1430 3759 1735 3838 ἐγέγραπτο,
1777 3762 1930 3838 εἰμῆ

327 3854 701 3928 συγχωρηθείη
730 3859 802 3924 τῷ
844 3850 952 3926 λαῷ
990 3855 1048 3906 τὸ
1086 3853 1391 3929 ἁμάρτημα.
1445 3852 1649 3915 Παῦλος
1703 3849 1762 3908 δὲ
1804 3852 1934 3907 ἀνά-

327 3944 458 4017 θεμα
488 3940 618 3997 εἶναι
651 3939 751 3996 ἀπὸ
794 3950 1030 4019 Χριστοῦ
1070 3944 1198 4017 ὑπὲρ
1230 3952 1329 3996 τῶν
1371 3938 1602 4017 ἀδελφῶν
1634 3942 1795 3997 αὑτοῦ
1833 3954 1934 3999 τῶν

324 4041 588 4107 συγγενῶν
641 4033 777 4086 κατά
851 4033 1026 4107 σάρκα
1086 4031 1442 4108 ἀπετόλμησεν
1510 4031 1781 4102 εὔξασθαι,
1839 4042 1934 4102 τῆς

318 4124 522 4177 πάντων
578 4127 839 4197 σωτηρίας
891 4119 1071 4176 ἑαυτὸν
1122 4121 1476 4197 ἀντάλλαγμα,
1525 4127 1659 4177 κατά
1704 4129 1934 4199 μίμησιν

317 4219 410 4267 τοῦ
457 4216 652 4286 Κυρίου
704 4213 841 4283 (85),
894 4214 1139 4284 γενέσθαι
1188 4211 1500 4288 βουλόμενος
1533 4235 1545 4248 ’
1598 4213 1708 4288 ἅμα
1739 4211 1799 4270 δὲ
1846 4220 1935 4269 καὶ

320 4297 495 4371 εἰδὼς,
538 4303 618 4355 ὅτι
669 4300 947 4376 ἀμήχανον
997 4298 1058 4360 ἦν
1099 4299 1510 4378 ἀλλοτριωθῆναι
1549 4311 1682 4357 Θεοῦ
1712 4307 1799 4357 τὸν
1842 4302 1937 4359 διά

317 4396 413 4450 τὴν
463 4391 532 4454 εἰς
583 4390 740 4444 αὑτὸν
791 4382 1021 4463 ἀγάπην
1056 4391 1183 4465 ὑπὲρ
1236 4400 1331 4456 τῆς
1373 4398 1626 4465 μεγίστης
1655 4402 1754 4446 τῶν
1803 4393 1937 4448 ἐντο-

312 4482 413 4535 λῶν
443 4484 536 4543 τὴν
563 4481 708 4556 παρά
764 4488 857 4533 τοῦ
885 4487 1019 4534 Θεοῦ
1044 4482 1208 4556 χάριν
1240 4485 1560 4557 προϊέμενον,
1607 4488 1697 4538 καὶ
1736 4486 1816 4538 ὅτι
1842 4480 1937 4538 διὰ

312 4580 469 4629 τοῦτο
508 4571 621 4645 (86)
661 4570 1057 4629 πολυπλασίονα
1098 4570 1294 4646 ἔμελλεν
1355 4573 1422 4625 ὧν
1482 4569 1670 4628 ἔδωκεν
1730 4573 1937 4636 ἀντιλὴ.

314 4663 536 4739 ψεσθαι.
569 4661 709 4723 me»
739 4681 796 4739 γε
826 4664 908 4718 ὅτε
929 4667 1093 4740 μέχρι
1123 4664 1315 4716 τούτου
1334 4669 1427 4716 τοῦ
1456 4667 1648 4739 μέτρου
1677 4673 1774 4728 τῆς
1802 4671 1936 4741 πρὸς

312 4753 536 4813 πλησίον
591 4750 804 4827 ἀγάπης
860 4755 1089 4833 ἔφθασαν
1138 4752 1187 4811 οἱ
1226 4753 1391 4826 ἅγιοι,
1434 4754 1614 4814 ἱκανὴν
1665 4748 1935 4822 ἀπόδειξιν

312 4847 426 4923 ἔχει
452 4845 521 4898 τὰ
554 4843 823 4921 εἰρημένα.

1008 4969 1057 5007 ⁸⁸
1088 4967 1236 5026 ibid.
1264 4972 1356 5027 35.

1027 5043 1075 5078 ⁶⁴
1106 5044 1277 5099 Rom.
1312 5059 1393 5112 1x,
1427 5047 1479 5100 3.

387 4969 431 5009 ⁸⁷
464 4971 635 5026 toan.
666 4982 786 5036 xm,
821 4971 911 5026 34.

317 5043 369 5080 ⁸⁸
403 5040 598 5098 Exod.
628 5056 830 5110 xxxul,
860 5045 948 5098 32.

318 5242 337 5260 ⁴
386 5168 502 5256 (κ80)
534 5165 736 5224 Codex
766 5165 933 5223 Colb.
967 5167 1098 5228 ζωόν
1129 5167 1266 5221 ἐστιν
1297 5170 1343 5224 ὁ.
1377 5169 1590 5227 Statim
1612 5170 1773 5231 idem
1806 5190 1923 5231 ms.

314 5259 344 5301 η
384 5259 589 5315 αγριον.

1451 4971 1499 5009 ⁶⁹
1531 4970 1735 5033 Matth.
1761 4988 1903 5044 xxv,
1930 4977 2019 5034 35.

2047 3232 2152 3289 ego
2183 3216 2373 3274 dilexi
2421 3234 2517 3275 vos
2539 3216 2607 3291 ⁸3.
2651 3223 2731 3274 Ac
2758 3235 2971 3274 rursus
3008 3217 3113 3293 qui
3144 3223 3309 3276 amat
3338 3219 3710 3294 proximum,

2043 3307 2099 3365 ei
2139 3307 2255 3383 ipsi
2300 3326 2438 3383 quae
2490 3310 2610 3366 Deo
2641 3309 2895 3366 debetur
2923 3309 3198 3367 charitati
3226 3309 3539 3379 satisfecit,
3570 3328 3713 3370 cum

2042 3395 2177 3471 ipse
2200 3399 2530 3472 recipiatin
2563 3416 2625 3455 se
2657 3399 2813 3456 hanc
2845 3398 3715 3476 beneﬁcentiamﬂuaproptet‘

2043 3488 2243 3545 ﬁdelis
2268 3487 2367 3543 Dei
2407 3503 2615 3545 servus
2644 3490 2876 3561 Moyses
2907 3493 3141 3546 tantum
3186 3506 3331 3561 erga
3373 3489 3584 3547 fratres
3622 3508 3719 3550 os-

2044 3576 2234 3655 tendit
2258 3593 2556 3646 amorem,
2589 3576 2853 3635 utetiam
2876 3594 2949 3635 ex
2982 3577 3083 3634 Dei
3105 3577 3257 3635 libro
3277 3579 3339 3635 in
3370 3596 3493 3654 quo
3522 3578 3720 3640 fuerat

2044 3666 2392 3742 inscriptus,
2426 3666 2610 3723 deleri
2650 3668 2924 3740 voluerit,
2957 3668 3006 3725 si
3029 3669 3261 3742 peccati
3287 3670 3467 3727 venia
3487 3670 3716 3746 populo

2045 3773 2169 3814 non
2223 3756 2656 3813 concederetur
2681 3758 2748 3813 ⁸³.
2782 3748 2954 3832 341
2994 3755 3213 3816 Paulus
3251 3774 3394 3818 vero
3439 3776 3550 3833 pro
3598 3759 3716 3819 fra-

2045 3845 2238 3904 tribus
2271 3845 2393 3902 suis
2415 3847 2686 3919 cognatis
2731 3846 3066 3904 secundum
3106 3863 3352 3905 carnem
3383 3849 3712 3913 anathema

2044 3950 2176 3992 esse
2223 3952 2260 3993 a
2309 3932 2540 3991 Christo
2572 3939 2783 4009 optare
2826 3953 3016 3992 ausus
3068 3932 3177 3994 fuit
3204 3937 3251 3973 δι
3288 3954 3301 3994 :
3335 3937 3563 4013 quippe
3600 3938 3710 4014 qui

2046 4025 2279 4083 Domini
2311 4024 2590 4100 exemplo
2620 4024 2747 4083 ﬁeri
2780 4043 2841 4083 se
2874 4025 3084 4083 salutis
3134 4026 3410 4085 omnium
3443 4028 3705 4104 pretium

2045 4120 2312 4191 cuperet,
2341 4113 2640 4190 simulque
2665 4122 2871 4175 nosset
2891 4115 3018 4175 ﬁeri
3049 4133 3169 4174 non
3201 4134 3400 4193 posse,
3436 4124 3561 4177 uta
3584 4121 3706 4179 Deo

2046 4203 2493 4263 abalienaretur
2539 4205 2643 4280 qui
2691 4205 2771 4262 ob
2803 4205 2932 4277 ejus
2973 4224 3246 4264 amorem
3296 4208 3554 4280 gratiam
3603 4208 3709 4269 Dei

2046 4295 2368 4367 abjecisset
2388 4294 2670 4351 servandi
2702 4295 2952 4353 maximi
2971 4296 3244 4355 mandati
3263 4298 3596 4368 causa,imo
3626 4298 3708 4358 ob

2047 4384 2109 4442 id
2157 4383 2347 4442 multo
2399 4384 2574 4459 plura
2602 4403 2790 4460 quam
2840 4404 2977 4463 quae
3033 4386 3297 4445 dedisset
3323 4394 3708 4465 recepturum

2047 4489 2201 4531 esse.
2232 4473 2523 4531 Caeterum
2555 4474 2632 4532 ad
2660 4475 2816 4533 hanc
2850 4494 3045 4551 usque
3092 4494 3450 4535 mensuram
3493 4496 3710 4553 perve-

2047 4564 2209 4622 nisse
2248 4569 2595 4623 sanctorum
2637 4583 2781 4638 erga
2823 4566 3170 4640 proximum
3217 4567 3592 4643 charitatem,
3633 4588 3709 4641 ex

2027 4652 2221 4713 'dictis
2245 4653 2488 4743 abunde
2512 4654 2991 4717 demonstratum
3023 4660 3132 4718 est.

2119 4979 2171 5018 ⁶⁰
2195 4977 2344 5039 ibid.
2371 4982 2458 5041 ιο.
2554 4980 2598 5021 ⁸⁸
2633 4981 3069 5052 Joan.x1v,23.
3163 4983 3213 5023 υ
3259 4984 3434 5042 Joan.
3466 4999 3561 5056 xv,
3609 4989 3697 5047 t2.

2041 5179 2242 5265 inquit
2259 5161 2583 5265 ponimus,
2617 5181 2913 5265 mandata
2936 5192 3069 5265 mea
3096 5188 3347 5265 seruate.

2259 5254 2398 5328 Reg.
2457 5251 2693 5328 primus
2737 5253 2808 5316 εἰς
2866 5253 3045 5328 ἑαυτὸν
3095 5251 3509 5328 ἀποδεχόμενον.
3569 5260 3701 5316 Mox

386 5308 732 5399 (8i)’Code;
782 5308 1203 5384 ϐοηλδιαρπούς
1246 5309 1474 5370 ἀπαιτεῖ.
1498 5315 1717 5377 Statim
1756 5316 1921 5377 idem

2256 5308 2489 5399 ili/0:79.73
2630 5308 2823 5387 πιστὸς
2849 5327 3140 5399 ἅνθρωπος.

314 5397 433 5447 ms,
466 5383 630 5442 αὐτὴν
663 5386 779 5442 τήν.

309 5455 499 5581 11(82)
528 5454 763 5524 Legitur
791 5453 854 5513 in
884 5452 1093 5515 codice
1121 5456 1289 5515 Voss.
1312 5460 1371 5514 et
1389 5456 1451 5514 in
1483 5456 1653 5528 Colb,
1674 5459 1783 5532 μετ’
1822 5458 1918 5515 ἀλ..

341 5548 369 5581 η
404 5548 491 5581 ων.

524 5597 669 5686 ΒΨ·
696 5597 947 5686 Prima”
975 5599 1091 5657 Ἐὰν
1134 5601 1236 5675 Ἱδφ
1534 5673 1546 5686 _
1561 5621 1647 5686 με,
1675 5600 1833 5686 ἐξπεν
1886 5606 1913 5659 ὁ

315 5672 525 5753 Κύριος,
554 5671 644 5737 τὰς
687 5668 890 5736 ἐντολάς
936 5691 1037 5749 μου
1090 5668 1380 5759 τηρήσατε.
1407 5673 1478 5733 δί
1505 5668 1760 5751 diligitis
1796 5691 1907 5755 me,

2103 5396 2219 5471 (85)
2254 5398 2417 5471 prius
2446 5396 2587 5471 Reg.
2619 5402 2844 5469 μίμησιν
2870 5396 2963 5471 τοῦ
2990 5404 3245 5471 Χριστοῦ.

2103 5468 2219 5537 (86)
2254 5467 2402 5529 Εάἱὶί
2434 5471 2492 5524 et
2521 5465 2645 5525 dub
2675 5465 2824 5525 mss.
2857 5465 2952 5522 δια
3002 5465 3211 5525 τούτου.
3260 5471 3369 5526 Alii
3417 5470 3540 5529 duo
3600 5471 3696 5531 διὰ

2050 5556 2220 5621 τουτο.
2266 5542 2381 5599 Nec
2404 5538 2487 5598 ita
2512 5539 2703 5598 multo
2748 5539 2906 5598 intra
2935 5540 3127 5599 codex
3156 5544 3328 5599 Voss.
3370 5545 3482 5616 ἔχει
3509 5563 3692 5621 προει-

2020 5614 2239 5684 prima.
