4110 6424
390 312 494 366 919

884 433 1401 490 INTERROGATIO
1456 430 1548 488 IV.

957 542 1046 598 De
1090 541 1300 597 timore
1343 539 1474 597 Dei.

1010 648 1428 707 BESPONSIO.

457 760 655 832 Atque
678 758 749 814 iis
778 758 1030 833 quidem
1064 757 1172 831 qui
1215 772 1427 814 recens
1453 753 1916 812 introducuntur
1967 752 2048 808 ad

386 848 693 921 pietatem,
722 848 1013 905 institutio
1042 864 1115 903 ea
1140 864 1276 920 quae
1309 848 1373 902 tit
1393 862 1501 919 per
1524 846 1821 913 timorem,
1850 841 2048 897 utilior

387 938 957 1011 est,sapientissimo
969 937 1290 993 Salomone
1307 935 1675 992 admonente
1694 949 1765 989 ac
1789 931 2042 987 dicente:

385 1028 772 1098 Principium
797 1028 1136 1097 sapientiae,
1162 1029 1336 1085 timor
1355 1025 1598 1081 Domini
1618 1025 1665 1059 ⁶⁵
1689 1040 1703 1079 :
1728 1022 1836 1079 sed
1868 1020 2044 1077 vobis

386 1117 569 1174 veluti
588 1118 720 1188 jam
746 1133 821 1173 ex
852 1116 1061 1173 Christi
1083 1115 1339 1171 infantia
1363 1113 1759 1184 egressis,nec
1780 1111 2046 1184 amplius

384 1208 538 1264 lacte
565 1206 999 1276 indigentibus,
1033 1205 1138 1262 sed
1186 1204 1291 1277 qui
1340 1203 1533 1260 solido
1558 1203 1919 1271 dogmatum
1945 1199 2046 1256 ali-

386 1300 592 1353 mento
611 1294 947 1351 secundum
985 1294 1288 1350 internum
1312 1292 1621 1349 hominem
1644 1290 1722 1348 ad
1741 1290 2047 1363 perfectio-

384 1404 527 1444 nem
547 1386 765 1443 d‘educi
786 1384 1053 1457 potestis,
1070 1383 1384 1457 praeceptis
1416 1381 1871 1438 sublimioribus
1891 1397 2047 1453 opus

387 1481 494 1544 est,
534 1475 596 1531 in
625 1474 848 1548 quibus
878 1478 1003 1531 tota
1043 1474 1173 1544 ejus
1218 1489 1358 1547 quae
1406 1472 1467 1528 in
1508 1471 1743 1529 Christo
1778 1475 1869 1526 est
1896 1469 2046 1525 dile-

386 1564 599 1621 ctionis
630 1567 848 1620 veritas
873 1562 1199 1636 perﬁcitur.
1246 1562 1540 1618 Nimirum
1589 1559 1934 1617 cavendum
1964 1562 2052 1616 est

384 1654 582 1721 vobis,
631 1669 707 1710 ne
739 1654 891 1711 forte
918 1653 1204 1710 uberiora
1235 1652 1337 1709 Dei
1367 1652 1531 1708 dona
1560 1650 1817 1721 graviori
1848 1649 2050 1706 multae

1768 305 1825 361 S.
1868 302 2116 359 BASILll
2151 303 2373 360 MAGNI

2078 428 2128 481 Δ

3655 310 3761 365 920

2746 437 3063 486 ΕΡΩΤΠΣΙΣ
3101 440 3135 485 Δ
3154 474 3167 488 .

2683 544 2810 613 Περὶ
2860 539 3019 613 φόϐου
3071 546 3225 596 Θεοῦ.

2773 654 3144 703 ΑΠΟΚΡΙΣΙΣ.

2225 758 2348 815 Τοῖς
2375 757 2465 826 μὲν
2515 756 2602 808 οὖν
2658 756 2780 830 ἄρτι
2836 761 3193 831 εὶσαγομένοις
3249 757 3317 820 εἰς
3354 763 3447 817 τὴν
3498 757 3763 817 εὐσέϐειαν

2155 843 2185 899 ἡ
2231 838 2325 895 διὰ
2354 851 2444 895 τοῦ
2477 844 2634 916 φόϐου
2670 852 3008 920 στοιχείωσις
3065 852 3467 923 χρησιμωτέρα,
3502 851 3638 902 κατὰ
3669 853 3765 908 τὴν

2156 930 2426 989 ὑποθήκην
2501 940 2593 985 τοῦ
2670 938 2973 1007 σοφωτάτου
3051 935 3389 1009 Σολομῶντος,

2157 1018 2329 1092 Ἀρχὴ
2366 1026 2566 1093 σοφίας,
2602 1023 2757 1097 φόϐος
2808 1030 3002 1099 Κυρίου
3039 1046 3051 1059 ο
3104 1027 3225 1099 ὑμῖν
3272 1023 3351 1094 δὲ,
3408 1029 3472 1088 ὡς
3518 1023 3767 1086 διαϐεϐη-

2155 1113 2277 1162 κόσι
2314 1115 2407 1169 τὴν
2439 1109 2486 1163 ἐν
2520 1120 2733 1189 Χριστῷ
2762 1120 3076 1184 νηπιότητα,
3104 1122 3194 1171 καὶ
3221 1118 3336 1189 (87)
3378 1117 3548 1170 οὐκέτι
3582 1113 3766 1191 δεομέ-

2155 1219 2264 1261 νοις
2313 1201 2586 1271 γάλακτος,
2640 1202 2767 1256 ἀλλά
2823 1202 3127 1278 δυναμένοις
3160 1215 3222 1279 τῇ
3287 1205 3470 1282 στερεᾷ
3515 1215 3616 1259 τῶν
3669 1205 3767 1261 δο-

3469 938 3700 1000 εἰπόντος
3747 959 3762 972 ·

2156 1292 2366 1363 γμάτων
2414 1301 2574 1367 τροφῇ
2640 1298 2726 1346 τὸν
2786 1298 2886 1347 ἔσω
2943 1298 3212 1371 ἄνθρωπον
3271 1296 3615 1365 τελειοῦσθαι,
3665 1306 3768 1350 τῶν

2159 1378 2677 1457 κεφαλαιωὸεστέρων
2727 1384 2938 1438 ἐντολῶν
2990 1384 3170 1463 χρεία,
3212 1386 3259 1439 ἐν
3300 1388 3383 1448 αἷς
3433 1394 3582 1441 πάσα
3634 1386 3768 1446 ἀλή-

2162 1471 2273 1522 θεια
2302 1480 2397 1534 τῆς
2454 1471 2503 1523 ἑν
2552 1482 2767 1549 Χριστῷ
2828 1472 3035 1547 ἁγαπης
3084 1478 3451 1552 κατορθοῦται,
3496 1477 3768 1549 φυλασσο-

2161 1564 2329 1633 μένοις
2395 1558 2656 1631 δηλονότι,
2717 1570 2917 1637 μήποτε
2968 1567 2997 1624 ἠ
3067 1572 3347 1642 περιουσία
3402 1575 3501 1620 τῶν
3560 1564 3769 1643 δωρεῶν

2162 1658 2252 1701 τοῦ
2312 1659 2445 1705 Θεοῦ
2509 1652 2803 1729 βαρυτέρας
2864 1656 3010 1707 αἰτία
3065 1657 3185 1731 ὑμῖν
3244 1657 3357 1727 (88)
3410 1662 3772 1731 κατακρίσεως

385 1743 686 1801 obnoxios
724 1760 834 1799 vos
860 1743 1141 1811 reddant,
1170 1744 1219 1799 si
1245 1743 1305 1798 in
1329 1740 1674 1798 beneﬁcum
1702 1740 2050 1809 largitorem

2166 1744 2395 1812 γένηται,
2450 1740 2760 1818 ἀχαρίστως
2797 1748 2927 1820 πρὸς
2964 1745 3048 1798 τόν
3098 1746 3368 1820 εὐεργέτην
3425 1744 3768 1805 διατεθεῖσιν.

383 1834 602 1906 ingrati
650 1833 1008 1890 exstiteritis.
1059 1834 1175 1891 Cui
1220 1832 1404 1895 enim,
1438 1831 1720 1904 inquit“,
1753 1845 2049 1887 commen-

384 1924 685 1982 daverunt
715 1923 996 1989 multum,
1030 1924 1169 1993 plus
1198 1926 1472 1992 repetent
1498 1920 1575 1977 ab
1608 1936 1693 1977 eo.

887 2031 1406 2089 lNTERROGA'l‘lO
1478 2028 1553 2086 V.

685 2140 774 2196 De
810 2139 1084 2196 cavenda
1120 2139 1337 2196 mentis
1376 2139 1754 2209 evagatione.

1017 2245 1430 2302 RESPONSIO.

460 2358 511 2413 l.
543 2352 697 2411 Illud
726 2357 882 2411 certe
905 2353 1221 2410 sciendum
1249 2356 1358 2423 est,
1391 2369 1504 2410 nos
1529 2368 1652 2410 non
1676 2368 1859 2426 posse
1891 2351 2055 2409 aliud

386 2444 649 2520 quodvis
706 2443 1070 2500 mandatum
1127 2458 1648 2516 servare,-neque
1707 2445 1897 2499 Deum
1952 2445 2059 2499 aut

385 2534 738 2608 proximum
768 2533 1039 2604 diligere,
1072 2533 1123 2589 si
1152 2533 1272 2589 huc
1302 2538 1359 2590 et
1386 2533 1527 2589 illuc
1572 2537 1774 2589 mente
1803 2532 2055 2603 divage-

387 2626 757 2696 mnr.Neque
788 2623 951 2679 enim
983 2627 1176 2679 artem
1207 2626 1313 2678 aut
1344 2622 1660 2679 scientiam
1708 2622 1897 2695 probe
1940 2621 2058 2679 cal-

387 2712 510 2771 lere
548 2717 766 2787 potest,
819 2711 928 2787 qui
967 2711 1046 2768 ab
1090 2711 1209 2769 alia
1248 2713 1326 2768 ad
1356 2711 1536 2769 aliam
1579 2712 1827 2769 transit:
1859 2727 2056 2786 neque

389 2819 579 2860 unam
625 2802 807 2858 etiam
836 2817 1217 2874 comparare,
1247 2801 1351 2875 qui
1377 2818 1449 2858 ea
1481 2818 1618 2875 quae
1643 2800 1890 2874 propria
1914 2800 2053 2857 ﬁnis

391 2897 551 2961 sunt,
585 2893 847 2962 ignorat.
879 2892 994 2949 Par
1018 2907 1285 2965 namque
1344 2895 1434 2948 est
1488 2892 1755 2949 actiones
1792 2890 1871 2947 ad
1929 2907 2058 2948 sco-

390 3000 543 3058 pum
602 2987 658 3039 et
704 2982 890 3039 ﬁdem
932 2981 1278 3055 quadrare:
1335 2981 1637 3055 siquidem
1688 2980 1837 3038 nihil
1889 2981 2091 3065 quod.

390 3077 626 3132 rectum
676 3072 772 3139 sit,
812 3072 912 3128 via
935 3072 1142 3145 inepta
1171 3074 1230 3128 et
1275 3071 1697 3143 incongruenti
1725 3072 2054 3144 peragitur.

2162 1830 2231 1903 ᾯ.
2249 1834 2350 1906 γὰρ
2377 1835 2673 1906 παρέθεντο,
2705 1854 2770 1907 φη
2782 1840 2855 1902 σὶ,
2880 1835 3031 1903 πολὺ,
3054 1838 3423 1914 περισσότερον
3445 1836 3639 1898 unum}
3651 1858 3771 1892 σου·

2168 1939 2250 1972 σιν
2283 1940 2458 1977 αυτόν.

2752 2037 3068 2086 ΕΡΩΤΗΣΙΣ
3116 2030 3186 2089 E‘.

2416 2141 2543 2213 Περὶ
2571 2144 2663 2191 τοῦ
2688 2140 2823 2191 κατὰ
2846 2135 3082 2191 διάνοιαν
3110 2136 3520 2214 ἁμετεωρίστου.

2781 2254 3156 2303 ΑΠΟΚΡΙΣΙΣ.

2242 2358 2291 2410 1.
2327 2353 2518 2406 Ἐκεῖνο
2566 2359 2740 2427 μέντοι
2781 2375 2842 2428 γε
2887 2362 3162 2428 γινώσκειν
3187 2358 3324 2430 χρὴ,
3358 2356 3441 2409 ὅτε
3472 2355 3589 2409 οὔτε
3618 2357 3775 2420 ἄλλης

2168 2446 2308 2506 τινὸς
2366 2442 2568 2506 ἐντολῆς
2620 2448 2867 2519 τήρησιν,
2928 2448 3044 2498 οὔτε
3095 2445 3257 2503 αὐτὴν
3305 2449 3400 2503 την
3462 2449 3594 2520 πρὸς
3648 2448 3770 2499 Θεὸν

2171 2530 2403 2604 ἀγάπην,
2453 2537 2570 2586 οὔτε
2608 2537 2701 2592 τὴν
2744 2537 2869 2609 πρὸς
2906 2538 3025 2596 τοὺς
3072 2533 3293 2591 πλησίον
3339 2531 3609 2608 δυνάμεθα
3647 2556 3778 2588 κατ-

2171 2625 2427 2698 ορθῶσαι,
2484 2623 2663 2678 ἄλλοτε
2717 2629 2835 2699 περὶ
2893 2625 3023 2677 ἄλλα
3058 2631 3170 2685 ταῖς
3226 2621 3490 2685 διανοίαις
3542 2624 3778 2678 ἀποπλα-

2167 2719 2402 2787 νώμενοι.
2447 2717 2581 2767 Οὔτε
2608 2716 2709 2789 γὰρ
2733 2719 2924 2787 τέχνην
2956 2716 2984 2774 ἣ
3039 2708 3335 2788 ἑπιστῆμην
3367 2712 3655 2786 ἁκριϐῶσαι
3681 2710 3774 2767 δυ-

2166 2806 2337 2869 νατόν,
2380 2802 2560 2856 ἄλλοτε
2590 2803 2664 2856 ἐπ’
2705 2804 2863 2863 ἄλλην
2890 2809 3269 2877 μετακαίνοντα
3300 2826 3311 2837 ·
3363 2807 3493 2877 μήτε
3522 2806 3623 2876 μὴν
3656 2805 3768 2870 (89)

2166 2898 2287 2966 μιᾶς
2332 2894 2711 2967 περιγενέσθαι,
2771 2898 2843 2966 μὴ
2915 2896 2982 2945 τὰ
3038 2893 3204 2947 οἰκεῖα
3254 2899 3346 2946 τοῦ
3417 2891 3589 2953 τέλους
3634 2912 3776 2963 γνω-

2165 2984 2408 3054 ρίσαντα.
2467 2987 2549 3034 Δεῖ
2607 2982 2709 3057 γὰρ
2766 2980 3077 3043 ἀκολούθους
3125 2979 3255 3034 εἶναι
3311 2989 3385 3053 τῷ
3450 2989 3627 3052 σκοπῷ
3682 2982 3778 3042 τὰς

2166 3070 2399 3146 πράξεις,
2450 3074 2520 3134 ὡς
2574 3068 2788 3134 οὐδενός
2842 3078 2943 3124 τῶν
2988 3073 3123 3124 κατὰ
3167 3070 3316 3143 λόγον
3357 3067 3452 3124 διὰ
3498 3078 3598 3122 τῶν
3631 3068 3775 3122 ἀνοι-

389 3158 540 3219 Nam
572 3177 775 3234 neque
804 3161 948 3219 artis
978 3143 1208 3217 aerariae
1252 3160 1393 3216 ﬁnis
1447 3177 1554 3233 per
1600 3143 1825 3232 ﬁglihae
1870 3176 2056 3234 opera

2167 3164 2315 3214 κείων
2389 3163 2824 3236 κατορθουμένου.
2890 3161 3031 3214 Ἐπεὶ
3101 3164 3215 3214 οὔτε
3284 3163 3343 3212 τὸ
3417 3159 3777 3233 χαλκευτικῆς

389 3251 622 3326 acquiri
653 3250 803 3308 solet
835 3268 850 3308 :
900 3267 1100 3325 neque
1130 3266 1237 3324 per
1267 3251 1551 3308 sedulum
1598 3251 1759 3308 tibiae
1806 3256 2057 3308 cantum

388 3344 686 3417 parantur
716 3341 1013 3398 athleticie
1062 3357 1324 3407 coronae,
1350 3342 1457 3397 sed
1479 3342 1806 3415 unicuique
1826 3342 1933 3397 ﬁni
1957 3357 2059 3415 pe-

393 3430 644 3488 culiaris
667 3446 739 3487 ac
764 3430 1229 3501 idoneusglabor
1250 3432 1592 3504 requiritur.
1612 3433 1805 3499 Quare
1838 3431 2059 3488 exerci-

393 3520 541 3579 tatio
568 3520 750 3577 etiam
799 3536 937 3593 quae
980 3519 1043 3577 ﬁt
1084 3521 1258 3593 juxta
1291 3519 1510 3578 Christi
1537 3522 1932 3592 Evangelium
1979 3521 2059 3579 ad

392 3609 764 3685 placendum
797 3613 936 3676 Deo,
971 3609 1033 3666 in
1065 3625 1136 3666 eo
1166 3610 1367 3683 posita
1395 3615 1504 3683 est,
1535 3611 1584 3667 si
1640 3612 1799 3668 curis
1842 3610 2060 3668 mundi

393 3699 758 3770 amandatis,
790 3715 1037 3756 omnem
1066 3700 1283 3757 mentis
1315 3701 1736 3758 evocationem
1758 3701 2059 3776 propella-

393 3789 966 3857 mus.Quamobrem
987 3789 1449 3864 Apostolus,etsi
1465 3790 1733 3865 alioquin
1745 3792 2059 3865 permissae

395 3878 517 3936 sint
534 3879 1135 3953 nuptim,fuerintque
1151 3879 1374 3937 habitas
1394 3880 1812 3938 benedictione
1833 3881 2056 3952 dignas,

391 3973 600 4024 tamen
626 3982 729 4023 eas
751 3982 887 4040 quae
908 3983 980 4024 ex
1001 3967 1095 4023 his
1128 3973 1463 4026 nascuntur
1498 3969 1928 4043 occupationes
1956 3986 2061 4026 cu-

391 4058 473 4114 ris
507 4073 617 4131 pro
649 4060 767 4114 Deo
799 4059 1075 4130 gerendis
1101 4060 1404 4134 opposuit,
1437 4060 1685 4134 perinde
1709 4061 1885 4135 quasi
1928 4061 2061 4118 haec

394 4147 551 4204 inter
581 4163 644 4203 se
677 4148 978 4204 cohaerere
1009 4164 1134 4206 non
1163 4149 1339 4224 342
1378 4156 1644 4224 possent,
1693 4151 1787 4207 his
1820 4152 2056 4208 verbis:

401 4236 518 4307 Qui
537 4238 664 4294 sine
685 4253 874 4295 uxore
894 4244 1000 4306 est,
1035 4240 1334 4296 sollicitus
1357 4247 1441 4298 est
1461 4257 1594 4314 qua:
1622 4242 1867 4298 Domini
1894 4246 2055 4311 sunt,

397 4327 692 4400 quomodo
719 4330 1063 4398 placiturus
1085 4331 1162 4386 sit
1191 4331 1348 4388 Deo:
1374 4333 1481 4404 qui
1498 4337 1695 4389 autem
1720 4330 1850 4389 cum
1874 4348 2063 4390 uxore

397 4419 803 4485 est,sollicitus
825 4427 1057 4493 estquae
1072 4428 1213 4478 sunt
1230 4423 1460 4494 mundi,
1487 4424 1780 4496 quomodo
1797 4425 2062 4494 placitu-

397 4524 501 4565 rus
532 4508 608 4565 sit
648 4510 919 4566 uxori“.
970 4510 1056 4568 Ita
1109 4515 1168 4567 et
1213 4511 1505 4568 Dominus
1564 4512 1688 4568 suis
1747 4512 2061 4588 discipulis

397 4600 605 4657 animo
633 4600 868 4658 sincero
898 4605 956 4659 et
984 4601 1063 4660 ab
1095 4603 1263 4659 omni
1290 4602 1670 4660 aberratione
1690 4621 1883 4662 vacuo
1909 4622 2061 4679 prae-

397 4689 538 4746 ditis
569 4691 982 4748 testimonium
1004 4692 1265 4749 reddidit
1293 4693 1502 4750 dicens
1537 4711 1551 4751 :
1595 4695 1704 4751 Vos
1734 4695 1807 4753 de
1836 4696 2061 4752 mundo

399 4780 511 4838 hoc
531 4797 650 4838 non
682 4783 820 4839 estis
843 4783 912 4839 6'.
946 4785 1014 4838 Et
1041 4788 1271 4855 contra,
1298 4782 1425 4839 ﬁeri
1452 4800 1576 4841 non
1602 4800 1782 4856 posse
1813 4790 2062 4842 testatus

397 4875 510 4938 est,
550 4876 616 4929 ut
642 4871 910 4928 mundus
939 4873 1230 4946 reciperet
1255 4873 1356 4929 Dei
1379 4875 1809 4945 cognitionem,
1842 4880 1900 4931 et
1928 4876 2060 4948 Spi-

395 4961 580 5020 ritum
616 4967 892 5022 sanctum
922 4968 1165 5036 caperet
1191 4980 1205 5021 :
1238 4964 1427 5023 Pater
1451 4965 1614 5022 enim
1633 4968 1821 5038 juste,
1843 4966 2059 5039 inquit,

468 5142 516 5179 ⁸³
548 5144 718 5200 Prov.
747 5157 791 5213 ι,
818 5147 872 5200 τ.
951 5143 998 5179 ⁶⁶
1030 5143 1170 5201 Luc.
1199 5159 1307 5217 xu,
1337 5146 1429 5202 48.

466 5324 579 5395 (87)
609 5320 895 5395 Voculam
941 5326 1032 5373 xui
1059 5321 1408 5395 addidimus
1439 5338 1527 5395 ex“
1542 5322 1810 5395 antiquis
1862 5322 2057 5379 tribus

391 5390 583 5448 libris.
608 5391 781 5467 Haud
801 5392 978 5467 longe
1007 5394 1199 5450 codex
1223 5397 1387 5451 Voss.
1421 5395 1468 5447 ἐν
1499 5392 1529 5467 ᾗ
1562 5390 1729 5467 πᾶσα.

465 5466 582 5540 (88)
614 5463 766 5540 Editi
796 5464 936 5540 αζτία
965 5467 1105 5538 ὑμῖν.
1140 5468 1380 5540 Antiqui
1402 5463 1663 5540 quatuor
1688 5466 1826 5522 libri
1852 5470 1999 5540 ἡμῖν.

460 5536 579 5611 (89)
610 5535 814 5591 Codex
838 5535 1007 5592 Voss.
1038 5542 1095 5593 et
1133 5538 1232 5594 alii
1279 5535 1404 5594 duo
1422 5535 1571 5611 -οῦτε
1607 5542 1732 5611 μήν.
1788 5535 1917 5611 Mox
1961 5552 2057 5594 co-

389 5607 507 5663 dex
539 5609 709 5663 Voss.
751 5627 852 5696 των
887 5615 1113 5679 σκοπῶν,
1163 5616 1254 5664 καὶ
1284 5614 1380 5674 τὰς
1401 5607 1634 5690 πράξεις’.
1664 5616 1737 5669 At
1762 5610 1932 5670 Colb.
1964 5613 2056 5668 καὶ

388 5700 490 5736 των
529 5696 736 5733 σκοπων
758 5698 871 5743 τας.

1506 5145 1549 5182 ⁸⁷
1584 5146 1606 5199 Ι
1647 5144 1780 5202 Cor.
1806 5160 1905 5215 vn,
1937 5146 2028 5217 32,
2050 5148 2142 5204 33.

2166 3249 2302 3311 τέλος
2330 3245 2424 3302 διὰ
2451 3258 2552 3303 τῶν
2582 3253 2741 3323 ἔργων
2789 3258 2881 3311 τῆς
2926 3269 3203 3327 κεραμειας
3249 3250 3613 3325 περιγενέσθαι
3662 3248 3776 3322 (90)

2168 3343 2407 3412 πέφυκεν,
2485 3343 2601 3392 οὔτε
2652 3338 2927 3400 ἁθλῆτικοὶ
2982 3344 3223 3413 στέφανοι
3272 3339 3326 3392 ἐκ
3387 3347 3478 3400 τῆς
3535 3344 3653 3412 περὶ
3717 3340 3775 3391 τό

2170 3430 2340 3484 αὐλεῖν
2418 3426 2659 3495 σπουδῆς
2713 3432 3090 3506 κατορθοῦνται
3132 3447 3145 3460 ⁸
3208 3429 3335 3482 ἀλλὰ
3402 3430 3603 3503 ἑκάστῳ
3649 3427 3779 3482 τέλει

2170 3522 2355 3583 οἰκεῖος
2422 3522 2447 3573 ὁ
2512 3526 2666 3583 πόνος
2710 3526 2800 3573 καὶ
2865 3520 3209 3595 συναρμόζων
3268 3520 3594 3581 ἐπιζητεῖται
3649 3516 3775 3578 (91).

2168 3610 2330 3663 Ὥστε
2374 3614 2464 3663 καὶ
2515 3611 2545 3670 ἠ
2597 3611 2825 3671 ἄσκησις
2880 3615 2972 3671 τᾶς
3022 3610 3160 3662 κατὰ
3223 3612 3282 3661 τό
3324 3608 3638 3681 Εὑαγγέλιον
3686 3613 3777 3660 τοῦ

2170 3708 2406 3773 Χριστοῦ
2449 3704 2580 3776 πρὸς
2622 3704 2745 3753 Θεὸν
2790 3700 3176 3775 εὐαρεστῆσεως
3226 3698 3273 3751 ἐν
3320 3706 3384 3772 τῇ
3440 3696 3778 3772 ἀναχωρήσει

2170 3798 2270 3842 τῶν
2327 3798 2583 3864 μεριμνῶν
2639 3798 2731 3842 τοῦ
2780 3795 2982 3863 κόσμου
3042 3792 3133 3841 καὶ
3200 3795 3262 3861 τῇ
3332 3788 3570 3842 παντελεῖ
3623 3786 3778 3839 ἀλλο-

2170 3885 2382 3956 τριώσει
2412 3888 2512 3933 τῶν
2569 3887 2950 3954 περισπασμῶν
2990 3876 3116 3953 ἡμῖν
3173 3881 3542 3954 κατορθοῦται.
3593 3883 3776 3952 Διόπερ

2172 3971 2198 4022 ὁ
2257 3969 2589 4037 Ἀπόστολος,
2642 3968 2734 4020 καί
2789 3976 2956 4021 ταῦτα
3018 3971 3497 4043 συγκεχωρημένον
3555 3975 3648 4020 τοῦ
3685 3969 3781 4039 γεί-

2172 4079 2293 4132 μου,
2344 4064 2434 4111 καὶ
2486 4057 2722 4130 εὐλογίας
2780 4057 3087 4131 ἠξιωμένου,
3136 4059 3228 4118 τὰς
3275 4056 3365 4109 ἀπ’
3406 4056 3567 4110 αὑτοῦ
3601 4055 3781 4129 ἀσχο-

2171 4147 2286 4210 λίας
2323 4156 2433 4209 ταῖς
2489 4153 2607 4222 περὶ
2646 4151 2775 4201 Θεὸν
2798 4148 2910 4220 (92)
2934 4151 3209 4220 μερίμναις
3257 4144 3551 4214 ἀντέθηκεν,
3609 4148 3677 4208 ὡς
3722 4146 3781 4198 οὗ

3720 4235 3782 4288 Ὀ

2172 4330 2372 4402 ἄγαμος
2435 4327 2660 4403 μεριμνᾷ
2722 4348 2789 4381 τα
2852 4334 2944 4380 τοῦ
3028 4331 3247 4400 Κυρίου,
3316 4333 3423 4387 πῶς
3485 4323 3659 4399 ἀρέσει
3709 4333 3781 4399 τῷ

2174 4235 2469 4312 δυναμένων
2542 4240 2734 4291 τούτων
2800 4236 3035 4297 ἀλλήλοις
3099 4235 3384 4310 συμϐῆναι,
3459 4235 3614 4289 εἰπών
3651 4257 3664 4270 ο

2176 4424 2396 4494 Κυρίῳο
2472 4420 2497 4470 ό
2556 4415 2614 4471 δὲ
2686 4422 2934 4491 γαμήσας
2990 4414 3216 4492 μεριμνᾷ
3262 4417 3329 4468 τὰ
3392 4422 3484 4467 τοῦ
3551 4420 3779 4489 κόσμου,

2092 4501 2138 4554 Ῑ)
2173 4518 2283 4571 πῶς
2336 4506 2508 4585 ἀρέσει
2558 4515 2619 4581 τῇ
2666 4513 2898 4580 γυναικί.
2955 4508 3106 4559 Οὕτω
3162 4510 3254 4558 καί
3305 4513 3411 4566 τοῖς
3449 4506 3710 4578 μαθηταῖς
3757 4508 3783 4558 ὁ

2175 4599 2362 4671 Κύριος
2388 4601 2519 4672 μετὰ
2561 4603 2654 4657 τὴν
2686 4596 2931 4671 εἰλικρινῆ
2982 4599 3069 4647 καὶ
3116 4597 3493 4670 άμετεὼριστον
3542 4589 3783 4646 διάθεσιν

2175 4691 2467 4764 ἐμαρτυρει,
2525 4688 2684 4759 λέγων
2715 4709 2726 4721 ·
2767 4687 2939 4760 Ὑμεῖς
2995 4683 3089 4737 οὐκ
3147 4682 3262 4736 ἐστὶ
3311 4683 3368 4736 ἐκ
3434 4689 3525 4736 τοῦ
3576 4686 3781 4755 κόσμου

2173 4786 2380 4837 τούτου.
2424 4784 2525 4833 Καὶ
2574 4778 2673 4831 ἀπὸ
2726 4784 2818 4830 τοῦ
2867 4774 3119 4842 ἐναντίου,
3175 4778 3299 4833 την,
3332 4780 3424 4826 τοῦ
3469 4780 3603 4827 Θεοῦ
3670 4771 3781 4824 ἐπί-

2171 4892 2365 4946 γνωσιν
2417 4874 2503 4922 τόν
2551 4874 2749 4940 κόσμον
2807 4862 3061 4917 ἀδύνατον
3110 4870 3240 4915 εἶναι
3307 4858 3584 4931 δέξασθαι,
3640 4857 3783 4934 μηδὶ

2172 4972 2384 5038 Πνεῦμα
2442 4960 2590 5032 ἅγιον
2631 4965 2887 5033 χωρῆσαι
2940 4950 3328 5026 διεμαρτύρατο
3363 4974 3375 4986 ·
3423 4955 3593 5026 Πάτερ
3653 4954 3783 5026 γὰρ,

2219 5143 2266 5180 ⁸³
2293 5143 2465 5199 Joan.
2497 5154 2594 5204 xv,
2625 5140 2711 5194 19.

2237 5319 2350 5392 (90)
2378 5315 2621 5392 Antiqui
2653 5312 2777 5392 duo
2800 5309 2938 5367 libri
2963 5310 3348 5392 περιχινισοαι.

2235 5382 2345 5461 (91)
2392 5382 2556 5459 ΒΘΗ.-
2591 5385 2800 5461 tertius
2864 5382 3205 5461 cuvupxoﬁwy
3233 5382 3540 5461 nstruoﬂci‘rui
3592 5396 3655 5461 τε
3696 5384 3791 5461 καὶ

2164 5450 2317 5525 init,»
2326 5450 2509 5528 τεῑταζ
2528 5458 2912 5526 excogitatur
2925 5458 2980 5511 et
2997 5450 3363 5525 'requiritur.
3382 5452 3583 5508 Codex
3615 5450 3788 5512 Colb.

2170 5534 2515 5610 συναρμόζων
2541 5529 2867 5583 ἐπιτελεῖται.

2232 5595 2348 5681 (9ἑῇ
2376 5603 2580 5661 Codex
2607 5603 2779 5658 Voss.
2803 5604 2861 5656 et
2880 5597 2985 5656 alii
3013 5595 3288 5655 nonnulli
3315 5601 3437 5669 περὶ
3460 5602 3618 5651 Bson.
