4110 6378
438 322 543 380 923

1818 309 1877 364 S.
1919 302 2167 363 BASlLll
2206 302 2430 359 MAGNI

3711 305 3820 363 924

438 459 677 503 memor
700 446 808 511 est,
840 442 1172 515 ipsumque
1217 437 1332 496 fert
1374 437 1436 495 in
1482 435 1711 503 animo,
1742 448 1815 489 ac
1844 431 2101 488 formam

2229 426 2478 500 βούλημα
2503 433 2596 480 τοῦ
2628 427 2943 502 ὑποθεμένου
2972 431 3068 488 τὴν
3098 429 3177 499 (2)
3204 426 3451 504 ἐργασίαν
3473 429 3671 485 εὐθύνει
3708 429 3820 499 (ἐὰν

435 536 598 593 hanc
626 550 765 608 quae
798 532 914 589 sibi
943 530 1023 588 ab
1058 544 1129 587 eo
1158 528 1498 603 prescripta
1519 530 1609 582 est
1646 528 1707 581 et
1734 520 2103 593 magnitudi-

434 640 577 682 nem
601 622 873 689 attendit,
889 627 1070 695 atque
1096 635 1279 676 suum
1300 633 1456 691 opus
1481 614 1561 672 ad
1581 613 1954 670 voluntatem
1973 610 2102 681 ejus

435 714 542 787 qui
587 711 738 769 illud
779 712 1060 783 injunxit,
1093 708 1298 782 dirigit
1341 707 1409 779 (si
1456 705 1621 763 enim
1670 704 1835 760 hunc
1881 699 2104 774 ceperit

436 802 684 871 oblivio,
716 806 821 859 aut
839 801 1160 875 quidpiam
1210 796 1395 869 aliud,
1436 800 1541 852 aut
1581 794 1766 864 longe
1811 788 2101 849 dissimile

437 891 651 950 efﬁciet
677 895 831 962 ejus,
860 891 1030 964 quod
1057 891 1254 947 facere
1293 886 1656 955 instituerat)
1690 900 1704 939 :
1734 882 1818 940 ita
1844 886 1903 939 et
1944 879 2103 938 Chri-

438 984 674 1040 stianus
695 982 864 1039 omni
909 982 1143 1038 actione
1165 984 1292 1036 tum
1312 980 1645 1052 parvatum
1662 988 1890 1044 magna
1910 970 1990 1029 ad
2003 971 2105 1042 De;

435 1072 811 1130 voluntatem
831 1071 1081 1140 directa,
1103 1068 1285 1126 simul
1316 1072 1373 1123 et
1392 1082 1549 1139 opus
1576 1079 1755 1120 suum
1788 1062 2104 1132 diligenter

436 1161 696 1228 conﬁcit,
731 1166 787 1219 et
815 1161 1173 1217 memoriam
1207 1155 1616 1232 praecipientis
1652 1156 1866 1223 servat,
1889 1168 1962 1209 ac
1988 1152 2101 1208 im-

435 1251 560 1326 plet
592 1251 759 1325 quod
808 1250 1035 1308 dictum
1077 1253 1168 1305 est
1200 1265 1213 1305 :
1249 1245 1648 1305 Providebam
1687 1244 2006 1299 Dominum
2035 1244 2103 1300 in

436 1347 757 1412 conspectu
790 1356 918 1398 meo
943 1354 1195 1410 semper,
1216 1338 1501 1411 quoniam
1524 1351 1561 1392 a
1581 1335 1816 1391 dextris
1831 1333 2097 1398 estmihi,

434 1448 512 1489 ne
541 1430 986 1488 commoveor".
1010 1429 1165 1496 Quin
1188 1432 1245 1485 et
1266 1425 1499 1500 perﬁcit
1516 1429 1888 1498 praeceptum
1912 1422 2097 1480 illud:

434 1523 578 1580 Sive
599 1521 1154 1589 mamducatis,sive
1177 1519 1390 1584 bibitis,
1414 1518 1539 1573 sive
1567 1515 1714 1587 quid
1731 1514 2098 1584 facitis,om-

433 1612 540 1667 nia
573 1612 633 1667 in
659 1611 923 1682 gloriam
945 1611 1054 1666 Dei
1080 1608 1357 1679 facile".
1381 1606 1439 1662 Si
1461 1605 1599 1679 quis
1630 1608 1832 1661 autem
1855 1602 2095 1673 agendo
2135 1588 2181 1645 Β

433 1701 727 1775 depravat
745 1699 1034 1774 praecepti
1058 1697 1486 1768 integritatem,
1510 1711 1650 1751 eum
1676 1692 1963 1765 languide
1996 1692 2097 1749 Dei

433 1788 780 1847 meminisse
803 1788 1055 1862 planum
1080 1794 1187 1844 est.
1222 1789 1513 1843 Memores
1533 1784 1715 1856 igitur
1735 1782 1903 1839 vocis
1932 1781 2094 1839 illius

431 1879 536 1952 qui
566 1878 719 1935 dixit
749 1896 763 1936 :
796 1879 1015 1936 Nonne
1061 1878 1277 1935 emtum
1315 1881 1371 1933 et
1413 1880 1640 1931 terram
1678 1888 1787 1943 ego
1832 1872 2098 1941 impleo?

431 1968 581 2025 dicit
599 1968 890 2025 Dominus
902 1967 951 2003 ⁸ο
971 1984 986 2034 ;
1012 1970 1096 2022 et:
1118 1967 1271 2021 Deus
1287 1964 1789 2035 appropinquans
1811 1975 1917 2031 ego
1942 1974 2095 2029 sum,

433 2063 490 2116 et
527 2073 650 2115 non
681 2059 839 2114 Deus
863 2057 938 2114 de
978 2057 1241 2128 longe“;
1275 2059 1366 2111 et:
1399 2054 1511 2112 Ubi
1543 2057 1685 2110 sunt
1713 2052 1833 2109 duo
1862 2052 1958 2109 vel
1980 2057 2098 2108 tres

434 2150 790 2220 congregati
827 2149 891 2205 in
932 2162 1173 2204 nomine
1200 2161 1346 2213 meo,
1393 2145 1476 2201 ibi
1502 2159 1635 2200 sum
1666 2144 1730 2199 in
1759 2142 1953 2199 medio
2001 2156 2099 2199 eo-

431 2254 568 2297 rum
592 2239 640 2274 ⁸²
667 2257 680 2307 ;
712 2239 920 2294 omnia
950 2237 1147 2294 facere
1173 2236 1496 2304 debemus,
1530 2238 1594 2290 ut
1618 2232 1936 2289 ﬁeridecet
1964 2247 2102 2304 quas

434 2329 494 2386 in
526 2327 715 2385 oculis
738 2327 974 2385 Domini
1004 2327 1368 2395 efﬁciuntur,
1392 2330 1450 2382 et
1480 2323 1689 2381 omnia
1719 2322 2006 2392 cogitare,
2038 2326 2106 2380 ut

433 2418 685 2490 cogitari
710 2417 885 2474 decet
911 2433 1049 2491 qua
1082 2417 1162 2473 ab
1190 2417 1328 2489 ipso
1359 2418 1712 2472 cernuntur.
1745 2413 1839 2470 Sic
1859 2412 2023 2470 enim
2045 2411 2106 2468 et

434 2512 763 2582 perpetuus
807 2507 1045 2563 futurus
1065 2512 1153 2562 est
1175 2506 1357 2561 timor
1384 2504 1528 2563 odio
1557 2503 1790 2559 habens
1819 2502 2106 2575 iniquita-

435 2603 578 2665 tem,
598 2596 752 2654 sicut
778 2596 1072 2669 scriptum
1095 2596 1256 2662 est”,
1272 2598 1329 2651 et
1348 2592 1804 2659 contumeliam,
1823 2597 1880 2648 et
1900 2606 2106 2664 super-

2221 520 2324 592 γὰρ
2348 515 2681 587 ἐπιλάθηται,
2708 516 2833 571 ἄλλο
2855 537 2929 586 τι,
2963 519 2992 578 ἡ
3029 516 3228 573 ἀλλοῖον
3256 522 3470 578 ποιησει
3498 518 3621 595 παρ’
3640 521 3666 572 ὅ
3693 540 3822 596 προ-

2215 606 2424 678 ἔθετο)ο
2484 608 2617 660 οὕτω
2677 612 2768 660 καὶ
2830 609 2856 660 ὁ
2924 613 3259 684 Χριστιανὸς,
3328 616 3502 663 πᾶσαν
3564 608 3822 685 ἐνέργειαν

2213 702 2302 751 καὶ
2327 698 2521 773 μικρὰν
2560 701 2651 751 καὶ
2678 697 2898 771 μείζονα
2919 702 3051 774 πρὸς
3085 703 3146 752 1'6
3174 698 3420 775 βούλημα
3449 707 3540 753 τοῦ
3566 707 3701 754 Θεοῦ
3739 699 3825 772 (3)

2215 789 2563 855 κατευθύνων,
2616 789 2749 862 ὁμοῦ
2792 808 2847 842 τε
2889 793 2984 848 τὴν
3028 788 3218 865 πρᾶξιν
3256 797 3319 864 τῇ
3366 788 3606 865 ἀκριϐείᾳ
3649 809 3824 843 κατα-

2213 885 2422 951 κοσμεῖ,
2473 881 2562 931 καὶ
2608 882 2704 936 τὴν
2744 885 2837 931 τοῦ
2886 879 3278 954 προστάξαντος
3307 878 3501 933 ἑννοιαν
3542 875 3824 949 διασώζει,

2213 968 2304 1017 καὶ
2366 963 2559 1040 πληροῖ
2618 967 2677 1016 τὸ
2741 964 3006 1038 εἰημένοΨ
3074 970 3406 1041 Ηροωρώμην
3468 967 3554 1016 τὸν
3631 966 3827 1039 Κύριον

2215 1051 2430 1108 ἐνώπιόν
2478 1073 2579 1127 μου
2634 1049 2944 1121 διαπαντὸς,
3006 1055 3087 1108 ὅτι
3144 1052 3192 1107 ἐν
3252 1051 3434 1120 δεξιῶν
3491 1057 3591 1129 μού
3655 1053 3825 1123 ἐστιν,

2216 1145 2298 1199 ἶνα
2357 1149 2429 1218 μὴ
2488 1143 2744 1200 σαλευθῶ.
2793 1150 2895 1199 Καὶ
2952 1148 3206 1220 κατορθοῖ
3266 1149 3325 1199 τὸ
3375 1150 3826 1220 προστεταγμένον

2214 1234 2403 1289 έκεῖνο·
2456 1239 2572 1291 Εἴτε
2610 1233 2803 1288 ἐσθίετε
2858 1235 2956 1306 (4),
3010 1238 3108 1289 ε’ίτε
3165 1239 3354 1305 πίνετε,
3388 1239 3490 1289 εἴτε
3510 1255 3563 1289 τι
3606 1255 3823 1306 ποιειτε,

2211 1329 2380 1380 πάντα
2436 1325 2503 1387 εἰς
2545 1321 2703 1388 δόςαν
2759 1332 2893 1380 Θεοῦ
2950 1332 3165 1381 ποιεῖτε.
3241 1327 3619 1403 Παραφθείρων
3675 1322 3734 1380 δὶ
3774 1325 3827 1380 έν

2211 1425 2273 1490 τῇ
2303 1416 2528 1492 ἐργασίᾳ
2556 1421 2650 1477 τὴν
2678 1414 2946 1490 ἀκρίϐειαν
2974 1424 3066 1477 τῆς
3106 1414 3332 1481 ἐντολῆς,
3365 1413 3520 1477 δῆλὸς
3552 1415 3665 1471 ἐστι
3704 1420 3829 1494 περὶ

2210 1512 2304 1566 τὴν
2370 1512 2580 1581 μνήμην
2647 1513 2741 1561 τοῦ
2795 1513 2929 1560 Θεοῦ
2998 1504 3246 1561 ἀσθενῶν.
3309 1510 3676 1580 Μεμνημένους
3738 1503 3828 1560 οὖν

2209 1607 2307 1662 τῆς
2350 1606 2518 1672 φωνῆς
2568 1605 2658 1652 τοῦ
2709 1597 2941 1669 εἰπόντος
2968 1618 2981 1630 ·
3034 1596 3182 1669 Οὐχὶ
3222 1600 3311 1650 τὸν
3355 1595 3570 1671 οὐρανὸν
3600 1601 3693 1651 καὶ
3730 1602 3827 1659 τὴν

2207 1696 2308 1761 γῆν
2339 1686 2435 1761 ἐγὼ
2484 1687 2712 1764 πληρῶ;
2761 1687 2899 1758 λέγει
2955 1688 3180 1762 Κύριος·
3227 1690 3318 1739 καὶ
3365 1689 3446 1755 τὸ,
3496 1689 3626 1748 Θεὸς
3675 1684 3827 1760 ἐγγί-

2210 1778 2313 1841 ξων
2358 1776 2459 1850 ἐγώ
2491 1778 2616 1851 εἰμι,
2650 1782 2741 1831 καὶ
2780 1776 2841 1831 οὐ
2884 1778 3016 1840 Θεὸς
3061 1774 3324 1851 πόρρωθεν
3349 1797 3362 1809 ·
3405 1779 3497 1829 καὶ
3543 1780 3623 1842 τὸ,
3653 1775 3825 1830 Ὀπου

2210 1868 2314 1922 εἰσὶ
2383 1864 2481 1922 δύο
2548 1868 2578 1927 ἦ
2648 1874 2788 1943 τρεῖς
2851 1869 3168 1940 συνηγμένοι
3235 1868 3302 1929 εἰς
3354 1868 3413 1919 τὸ
3476 1864 3596 1940 ἐμὸν
3640 1870 3823 1941 ὄνομα,

2209 1958 2314 2012 ἐκεῖ
2363 1958 2469 2031 εἰμι
2517 1956 2567 2010 ἐν
2620 1961 2765 2032 μέσῳ
2811 1956 3016 2011 αὐτῶν·
3068 1961 3244 2009 πᾶσαν
3296 1954 3571 2031 ἐνέργειαν,
3601 1959 3671 2020 ὡς
3721 1960 3823 2011 ὑπό

2208 2056 2321 2110 ταῖς
2352 2047 2506 2120 ὄψεσι
2536 2054 2629 2101 τοῦ
2674 2050 2870 2123 Κυρίου
2919 2049 3217 2120 γινομένην,
3260 2050 3350 2098 καὶ
3378 2051 3555 2102 πᾶσαν
3607 2050 3822 2119 ἔννοιαν,

2213 2142 2277 2203 ὡς
2333 2138 2458 2215 παρ’
2494 2138 2655 2192 αὑτοῦ
2704 2136 3138 2210 ἐποπτευομένην,
3194 2135 3441 2193 ἐπιτελεῖν
3489 2141 3624 2210 χρή.
3673 2139 3825 2191 Οὕτω

2212 2232 2314 2305 γὰρ
2346 2234 2438 2283 καὶ
2492 2229 2519 2281 ὁ
2568 2226 2720 2302 φόϐος
2769 2223 2999 2302 διαρκής
3042 2225 3337 2302 ὶνυπάρξει,
3370 2234 3541 2300 μισῶν
3587 2223 3821 2298 ἀδικίαν,

2213 2322 2347 2375 κατὰ
2393 2323 2450 2373 τὸ
2489 2323 2868 2396 γεγραμμένον,
2911 2316 3060 2393 ὕϐριν
3109 2336 3164 2370 τε
3208 2321 3300 2370 καὶ
3353 2318 3710 2392 ὑπερηφανίαν
3751 2320 3824 2391 (5)

2215 2416 2307 2469 καὶ
2359 2407 2513 2475 ὀδοὺς
2565 2418 2825 2484 πονηρῶν,
2878 2414 2970 2463 καὶ
3018 2409 3049 2466 ἠ
3095 2406 3275 2481 ἀγάπη
3330 2407 3636 2475 τελειοῦται,
3687 2409 3822 2468 πλη-

2215 2509 2387 2577 ροῦσα
2427 2504 2486 2555 τὸ
2534 2501 2635 2554 ὑπὸ
2686 2506 2778 2552 τοῦ
2839 2503 3035 2573 Κυρίου
3080 2498 3366 2574 εἰρημένον,
3418 2499 3501 2551 ὅτι
3555 2498 3630 2553 Οὐ
3682 2500 3822 2563 ζητῶ

2215 2591 2276 2649 1'6
2333 2590 2533 2664 θέλημα
2604 2591 2664 2644 τὸ
2749 2587 2870 2662 ἐμὸν
2897 2628 2913 2654 ,
2985 2586 3113 2640 ἀλλὰ
3188 2590 3249 2640 1'6
3306 2586 3504 2662 θέλημα
3539 2596 3630 2642 τοῦ
3683 2594 3822 2662 πέμ-

434 2687 625 2756 biam,
652 2691 708 2744 et
736 2686 867 2744 vias
899 2684 1226 2755 malorum,
1257 2689 1440 2758 atque
1480 2682 1744 2739 charitas
1775 2681 2101 2755 perﬁcitur,

2216 2682 2408 2755 ψαντός
2473 2700 2537 2754 με
2602 2682 2850 2754 Ηατρὸς,
2930 2676 2979 2731 έν
3042 2676 3372 2753 πληροφορίᾳ
3437 2674 3658 2736 διηνεκεὶ
3722 2686 3817 2739 τῆς

2234 2762 3774 2784 .,..-...,..,,....

436 2776 768 2852 impletque
789 2774 957 2851 quod
979 2776 1206 2832 dictum
1230 2775 1340 2831 fuit
1366 2789 1395 2829 ε
1425 2772 1682 2830 Domino
1705 2791 1718 2829 :
1739 2774 1878 2829 Non
1900 2787 2106 2845 quam

437 2869 812 2925 voluntatem
828 2866 1150 2935 meam,sed
1166 2866 1537 2922 voluntatem
1549 2865 1678 2933 ejus
1699 2864 1805 2935 qui
1815 2863 1975 2919 misit
1988 2878 2101 2944 me,

434 2956 863 3023 Patris“,cum
886 2954 1091 3012 anima
1109 2954 1395 3011 continuo
1412 2953 1527 3009 sibi
1540 2952 1719 3025 plane
1736 2951 2105 3025 persuadeat

435 3049 493 3102 et
530 3045 726 3102 bonas
759 3046 1027 3102 actiones
1053 3044 1246 3115 judici
1265 3048 1323 3099 et
1342 3044 1473 3101 vitm
1493 3047 1716 3099 nostras
1737 3041 1962 3099 arbitro
1993 3059 2099 3099 ac-

434 3139 643 3208 ceptas
690 3150 840 3202 esse,
901 3138 960 3191 et
1004 3133 1199 3190 malas
1246 3133 1324 3189 ab
1364 3148 1434 3189 eo
1475 3131 1894 3189 condemnari.
1949 3134 2097 3188 Puto

436 3229 639 3282 autem
660 3240 786 3281 una
812 3240 955 3281 cum
980 3224 1097 3280 hoc
1128 3223 1307 3280 etiam
1338 3222 1484 3279 illud
1516 3222 1890 3292 contingere,
1917 3226 1984 3278 ut
2020 3237 2096 3277 ne

434 3314 569 3388 ipsa
596 3314 845 3388 quidem
876 3313 1115 3370 Domini
1143 3314 1438 3370 mandata
1468 3310 1865 3369 conﬁciantur
1888 3311 1968 3368 ad
1997 3327 2085 3368 ca-

434 3403 730 3478 ptandam
749 3403 1070 3480 hominum
1090 3401 1599 3463 benevolentiam.
1623 3404 1810 3457 Nemo
1826 3406 1913 3458 est
1932 3401 2095 3458 enim

434 3492 540 3566 qui
571 3508 633 3549 se
664 3492 743 3550 ad
771 3492 1114 3550 inferiorem
1141 3497 1467 3563 convertat,
1503 3492 1555 3547 si
1593 3506 1953 3564 persuasum
1984 3492 2092 3551 ha-

435 3583 576 3641 beat
609 3584 825 3641 adesse
855 3584 1358 3658 praestantiorem.
1407 3584 1561 3651 Quin
1600 3584 1802 3657 potius
1832 3583 1879 3639 si
1912 3583 2100 3641 conti-

436 3675 604 3745 gerit,
637 3679 704 3731 ut
727 3689 857 3748 qua:
876 3674 1031 3731 fiunt
1056 3674 1324 3747 cuipiam
1354 3672 1589 3731 homini
1610 3673 1851 3730 clariori
1885 3678 1941 3730 et
1970 3674 2100 3731 illu-

439 3763 635 3821 striori
663 3768 835 3833 grata
859 3764 980 3821 sint
1007 3769 1064 3821 et
1094 3768 1367 3838 accepta,
1412 3763 1579 3820 alteri
1610 3779 1754 3821 vero
1783 3763 1978 3821 viliori
2003 3765 2099 3820 in-

2217 2771 2407 2845 ψυχῆς
2436 2773 2603 2835 οὔσης
2629 2776 2723 2823 τοῦ
2767 2767 2858 2823 καὶ
2902 2770 2994 2830 τὰς
3044 2766 3246 2841 ἀγαθὰς
3284 2767 3493 2843 πράξεις
3520 2762 3817 2829 ἀποδέκτας

2216 2860 2346 2916 εἶναι
2374 2870 2445 2933 τῷ
2492 2868 2645 2934 κριτῇ
2691 2863 2782 2913 καί
2829 2857 3077 2931 ἁθλοθέτῃ
3120 2866 3213 2913 τοῦ
3262 2861 3510 2935 ἡμετέρου
3554 2856 3696 2931 βίον,
3728 2861 3819 2912 καὶ

2212 2955 2307 3015 τὰς
2352 2951 2590 3015 ἐναντίως
2648 2950 2878 3024 ἐχούσας
2932 2948 3146 3003 αὐτόθεν
3193 2945 3453 3020 δέχεσθαι
3515 2951 3603 3007 τὴν
3664 2948 3823 3000 κατὰρ

2210 3060 2406 3118 κρισιν.
2466 3040 2632 3115 Οἶμαι
2690 3036 2749 3095 δε
2803 3041 2973 3111 τούτῳ
3028 3039 3529 3113 συγκατορθοῦσθαι
3592 3036 3668 3109 (6)
3732 3024 3824 3092 καὶ

2207 3135 2268 3186 1'6
2297 3129 2439 3205 μηδὲ
2477 3129 2641 3195 αὐτὰς
2683 3131 2777 3195 τὰς
2808 3128 3014 3190 ἐντολὰς
3050 3137 3143 3185 τοῦ
3186 3133 3383 3202 Κυρίου
3416 3132 3550 3203 πρὸς
3576 3126 3819 3201 ἅνθρωπ-

2209 3226 2482 3296 αρέσκειαν
2534 3221 2792 3293 γίνεσθαι.
2850 3215 3044 3281 Οὐδεὶς
3101 3220 3202 3293 γὰρ
3253 3218 3303 3270 ἐν
3355 3218 3684 3293 πληροφορίᾳ
3727 3224 3824 3285 τῆς

2207 3316 2509 3386 παρουσίας
2565 3309 2660 3362 τοῦ
2716 3310 3013 3385 κρείττονος
3062 3310 3194 3383 πρὸς
3242 3311 3329 3363 τὸν
3396 3306 3639 3361 ἐλάττονα
3702 3310 3823 3361 έπι-

2209 3406 2516 3477 στρέφεται·
2568 3397 2717 3467 ἀλλά,
2771 3397 2868 3452 κᾶν
2933 3396 3107 3475 συμϐῇ
3167 3400 3224 3453 1'6
3273 3400 3540 3473 γινόμενον
3601 3405 3673 3468 τῷ

2210 3488 2525 3565 ἑνὸοξοτέρῳ
2574 3494 2842 3562 προσώπῳ
2891 3484 3181 3543 ἀπόδεκτον
3220 3491 3312 3541 καὶ
3355 3488 3629 3561 εὐάρεστον
3669 3482 3826 3556 εἶναι,

2207 3592 2282 3655 τῷ
2341 3579 2402 3639 δι
2457 3577 2816 3654 ὑποδεεστέρῳ
2870 3577 3155 3639 ἀϐούλητον
3202 3584 3294 3634 καὶ
3335 3578 3526 3651 ψεκτὸν
3570 3583 3829 3651 καταφαίο

2210 3675 2412 3740 νεσθαι,
2445 3671 2673 3735 πλείονος
2715 3668 2865 3736 ἀξίαν
2904 3671 3161 3743 τιθέμενος
3204 3674 3298 3729 τὴν
3352 3676 3443 3725 τοῦ
3475 3670 3829 3745 ὑπερέχοντος

2214 3759 2523 3835 ἀποδοχὴν,
2589 3767 2903 3835 καταφρονεῖ
2954 3768 3047 3820 τῆς
3089 3767 3181 3813 τοῦ
3240 3758 3504 3823 ἐλάττονος
3558 3758 3826 3833 μέμψεως.

433 3855 561 3911 visa
590 3859 645 3910 et
673 3854 1143 3927 reprehensione
1169 3853 1357 3927 digna
1376 3854 1728 3923 videantur;
1753 3858 2101 3928 contempta

2214 3857 2275 3907 Εί
2317 3849 2376 3906 δε
2428 3850 2506 3907 ἀπ’
2534 3848 2818 3924 ἀνθρώπων
2845 3849 3023 3917 οὕτως,
3059 3850 3089 3909 ἧ
3139 3868 3198 3922 γε
3239 3852 3311 3913 ὡς
3349 3847 3556 3912 ἀληθῶς
3582 3854 3829 3923 νήφουσα

434 3943 551 4001 hac
574 3942 876 4000 inferioris
898 3944 1391 4016 reprehensione,
1423 3943 1612 4016 pluris
1642 3943 1782 4000 facit
1813 3950 2105 4016 praestari.

435 4024 601 4090 tioris
640 4032 1169 4105 approbationem.
1217 4032 1391 4099 Quod
1432 4033 1479 4089 si
1509 4033 1663 4089 inter
1693 4033 1975 4091 homines
2003 4050 2107 4091 res

434 4122 519 4179 ita
551 4138 615 4178 se
643 4120 931 4193 habeant,
963 4136 1272 4195 quaenam,
1298 4136 1529 4194 quaeso,
1557 4122 1765 4178 anima
1801 4139 1941 4180 vere
1966 4140 2104 4197 pru-

436 4210 588 4267 dens
620 4214 677 4266 et
707 4225 880 4280 sana,
913 4226 1050 4284 quae
1078 4211 1264 4266 Deum
1290 4217 1656 4284 praesentem
1687 4227 1822 4268 esse
1851 4212 1965 4269 sibi
2000 4230 2106 4287 pe-

436 4299 599 4357 nitus
624 4299 1011 4371 persuaserit,
1054 4299 1124 4355 iis
1151 4299 1392 4356 omissis
1432 4300 1661 4372 quibus
1714 4302 1835 4357 Deo
1870 4302 2106 4376 placere

436 4378 842 4464 possit,modo
860 4404 923 4446 se
944 4388 1023 4445 ad
1045 4389 1475 4462 aucupandam
1490 4389 1829 4449 humanam
1849 4392 2106 4463 gloriam

440 4492 807 4536 conversura
828 4485 935 4543 est,
960 4478 1148 4535 modo
1172 4493 1318 4535 vero
1340 4478 1624 4551 neglectis
1651 4482 1752 4537 Dei
1771 4483 2101 4553 mandatis,

436 4568 719 4626 inserviet
764 4568 1050 4626 humanae
1100 4568 1547 4635 consuetudini,
1580 4575 1685 4627 aut
1715 4587 1752 4627 a
1790 4573 2104 4636 communi

435 4662 494 4715 et
540 4659 867 4732 anticipata
913 4659 1195 4732 opinione
1251 4659 1544 4729 vincetur,
1593 4665 1697 4717 aut
1740 4660 2011 4720 ﬂectetur
2064 4680 2102 4723 δ

439 4744 882 4818 dignitatibus?
930 4748 1023 4803 Sic
1068 4751 1194 4805 erat
1237 4749 1546 4805 animatus
1584 4750 1692 4822 qui
1720 4749 1867 4808 dixit
1898 4753 2100 4811 :Nar-

440 4843 753 4895 raverumt
772 4838 926 4895 mihi
950 4838 1146 4911 iniqui
1170 4838 1601 4908 fabulationes,
1623 4840 1729 4897 sed
1756 4856 1879 4899 non
1899 4849 1965 4898 ut
1997 4844 2098 4902 lea:

2214 3948 2307 3996 καὶ
2348 3943 2662 4013 ὑγιαίνουσα
2712 3939 2868 4011 ψυχὴ
2926 3938 2975 3992 ἑν
3026 3938 3357 4015 πληροφορίᾳ
3408 3949 3502 4002 τῆς
3539 3946 3631 3993 τοῦ
3686 3946 3827 3993 Θεοῦ

2168 4035 2557 4107 ,παρουσίας,
2621 4031 2745 4083 ποτε
2816 4027 3037 4107 ᾁφεμένη
3113 4036 3204 4083 τοῦ
3270 4033 3401 4104 πρὸς
3476 4029 3827 4105 εὐαρέστησιν

2218 4130 2354 4176 Θεοῦ
2410 4127 2575 4175 ποιεῖν
2619 4139 2701 4193 τι,
2750 4121 2883 4193 πρὸς
2927 4121 3023 4181 τὰς
3077 4120 3223 4193 παρὰ
3263 4127 3360 4174 τῶν
3416 4116 3696 4196 ἀνθρώπων
3729 4116 3825 4172 6‘6.

2218 4213 2310 4278 ξας
2348 4213 2426 4283 (7)
2464 4212 2915 4286 ἕπιστραφήσεται
2940 4229 2951 4242 '
2988 4211 3112 4262 ποτε
3153 4205 3213 4263 δὲ
3253 4208 3565 4282 ἀμελήσασα
3587 4217 3688 4263 τῶν
3727 4218 3827 4267 τοῦ

2218 4309 2352 4356 Θεοῦ
2418 4300 2857 4375 προσταγμάτων,
2919 4296 3222 4373 ἀνθρωπίνῳ
3275 4300 3378 4353 ἔθει
3439 4296 3730 4364 δουλεύσει,
3787 4300 3821 4363 ᾖ

2216 4394 2317 4447 ὑπό
2383 4398 2560 4452 κοινῆς
2622 4387 2927 4465 προλήψεως
2986 4390 3398 4463 κρατηθήσετάι,
3472 4390 3502 4451 ἣ
3571 4394 3662 4443 καὶ
3718 4392 3826 4446 ὑπὸ

2215 4481 2522 4555 ἀξιωμάτων
2554 4475 3030 4538 δυσωπηθήσεται,
3085 4480 3312 4543 Τοιαύτη
3354 4475 3596 4545 διάθεσις
3626 4477 3687 4541 ἦν
3729 4489 3826 4539 τοῦ

2214 4574 2477 4635 εἰπόντος.
2555 4574 2887 4644 Διηγὴσαντό
2958 4589 3052 4644 μοι
3110 4571 3404 4646 παράνομοι
3471 4567 3825 4645 ἀδολεσχίας,

2213 4662 2321 4717 ἀλλ’
2373 4660 2479 4735 οὐχ
2532 4663 2597 4722 ὡς
2655 4662 2681 4714 ὁ
2720 4663 2876 4733 νόμος
2928 4678 3046 4727 σου,
3108 4662 3305 4735 Κύριε·
3356 4665 3448 4715 καὶ
3476 4660 3670 4717 πάλινι
3718 4669 3827 4721 Καὶ

2209 4752 2419 4808 ἕλάλουν
2468 4749 2516 4804 ἐν
2558 4757 2669 4812 τοῖς
2708 4751 3018 4825 μαρτυρίοις
3065 4768 3159 4803 σου
3192 4750 3701 4825 ἑαντίονηβασιλέων,
3730 4768 3827 4821 καὶ

2207 4843 2304 4908 οὐκ
2327 4844 2664 4917 ᾐσχυνόμην.

445 4932 573 4999 tua,
597 4929 932 4986 Domine”.
966 4930 1033 4985 Et
1056 4942 1271 4985 rursus
1304 4944 1318 4985 :
1342 4928 1422 4986 Et
1451 4930 1739 5000 loquebar
1761 4933 1824 4988 in
1856 4936 2208 4997 testimoniis
2229 4935 2349 4992 tuis
2371 4934 2433 4990 in
2449 4936 2773 5004 conspectu
2795 4936 3085 5002 regum,“
3100 4947 3222 4990 non
3244 4933 3748 5004 confundebar“.

512 5035 562 5071 ⁷⁸
593 5035 750 5092 Psal.
773 5051 869 5103 xv,
896 5038 948 5090 8.
1029 5036 1075 5071 τε
1108 5033 1129 5091 Ι
1164 5037 1295 5093 Cor.
1326 5052 1386 5101 x,
1420 5039 1509 5092 3t.

445 5109 568 5162 163.
646 5109 694 5143 υ
721 5107 897 5164 Joan.
929 5123 985 5175 v,
1018 5110 1106 5163 30.

517 5215 596 5285 (2)
636 5216 780 5295 Reg.
809 5215 1042 5295 primus
1067 5220 1157 5268 καὶ
1186 5219 1318 5295 ¹πρὸς
1345 5219 1406 5268 τὸ
1432 5215 1636 5295 ’θέλημα
1663 5225 1756 5271 τοῦ
1784 5222 2105 5295 ποθουμένου

441 5291 583 5360 τὴνη
611 5287 693 5342 ad
743 5287 1297 5360 voluntatemgejus
1334 5290 1442 5359 qui
1484 5287 1571 5360 id'
1600 5305 1745 5360 Opus
1783 5287 2106 5353 desiderat.

446 5357 628 5414 Paulo
660 5363 797 5413 ante
824 5357 1012 5416 codex
1047 5357 1217 5415 Colb’.
1256 5357 1449 5416 σγῆμα
1474 5357 1694 5416 ἐκείνου.

639 5430 786 5511 ἓξξ..
811 5445 970 5485 unus
1000 5435 1135 5511 πρὸς
1170 5434 1247 5511 τὸᾷ
1263 5421 1580 5511 θέλγξμᾳᾼτοῦ
1612 5440 1766 5511 Θεοῦ.

518 5502 599 5571 (4)
639 5499 943 5571 Editiones
967 5499 1199 5558 veteres
1222 5506 1336 5557 Εῖτι
1363 5499 1578 5559 ἐσθίετε.
1613 5505 1808 5564 Codex
1837 5509 2017 5566 Voss.
2052 5513 2110 5568 et

439 5573 539 5631 alii
570 5570 695 5629 duo
730 5574 847 5625 Εἴτε
872 5570 957 5624 οὖι
981 5573 1197 5631 ἐσθίετε.

512 5647 593 5721 (5)
630 5642 905 5719 Antiquae
962 5644 1257 5711 editiones
1305 5645 1455 5724 ὕϐριν
1512 5666 1567 5705 τε
1610 5653 1704 5705 καὶ
1755 5653 2105 5733 περιφάνιιαν,

1185 5108 1232 5142 ⁸⁵
1260 5107 1413 5164 Psal.
1445 5125 1635 5175 cxvm,
1660 5112 1747 5166 85.

1589 5037 1637 5072 ⁸ο
1666 5039 1886 5095 Jerem.
1908 5056 2062 5112 ,xxu,
2090 5050 2191 5103 24.

1826 5113 1873 5147 ⁸⁸
1901 5111 2051 5171 ibid.
2083 5120 2175 5176 46.

2271 5044 2317 5085 ’ί
2342 5040 2492 5101 ibid.
2520 5043 2611 5097 23.
2690 5040 2738 5077 ⁸³
2759 5038 2965 5099 Matth.
2988 5054 3149 5111 XVIII,
3174 5044 3264 5100 20.
3360 5042 3409 5081 ⁸³
3438 5041 3592 5105 Psal.
3627 5059 3820 5119 cxvm,

2214 5226 2522 5348 cﬁrupte.
2564 5220 2767 5283 Codex
2786 5219 3062 5281 Combef.
3091 5224 3148 5279 et
3177 5220 3278 5280 alii
3302 5225 3419 5281 tres
3445 5228 3534 5278 καὶ
3560 5224 3828 5304 ὑπερηφα-

2287 5370 2365 5439 (6)
2398 5367 2605 5442 Codex_
2625 5364 2752 5442 βρι.
2810 5360 2984 5442 Οἶμαι.
3023 5360 3083 5419 ὃὶ
3124 5370 3215 5442 καὶ
3241 5373 3396 5442 τοῦτο
3437 5375 3826 5442 συγκατορθοῦ-

2219 5422 2365 5506 «alii,
2387 5443 2456 5520 Δτὸ
2497 5422 2827 5520 μηδὲηΒᾳε.
2856 5422 3066 5494 tertius
3105 5434 3272 5511 Οἶμαι
3294 5435 3372 5507 δε,
3406 5442 3485 5495 ὅτι
3511 5422 3693 5517 τούτῳ
3714 5422 3825 5520 7w}

2216 5512 2562 5586 κατορθοῦται
2590 5513 2681 5586 καὶ
2704 5514 2780 5565 τό.

2289 5581 2358 5656 (7)
2381 5586 2532 5659 Beg.
2565 5582 2800 5659 primus
2825 5584 2883 5637 et
2922 5581 3092 5659 Yoss.
3123 5583 3228 5659 ’τὰς
3257 5591 3355 5639 τῶν
3404 5582 3689 5659 ἀνθρώπων
3732 5586 3824 5649 6‘6-

2216 5653 2349 5725 ξας(
2375 5653 2583 5720 Statim
2611 5653 2736 5715 duo
2765 5664 2915 5717 mss.
2944 5654 2976 5719 ἡ
3002 5654 3215 5713 utiuti
3243 5664 3442 5727 κοινῆς.
