  <div class='ocr_page' id='page_1' title='image "/cluster/home/n/w/nwhite01/storage/ocr_20150623/31:no.3/coo.31924054869288/476.png"; bbox 0 0 4110 6392; ppageno 0'>
   <div class='ocr_carea' id='block_1_1' title="bbox 248 297 1843 360">
    <p class='ocr_par' dir='ltr' id='par_1_1' title="bbox 248 299 1843 360">
     <span class='ocr_line' id='line_1_1' title="bbox 248 299 1843 360; baseline -0.002 -1"><span class='ocrx_word' id='word_1_1' title='bbox 248 305 346 360; x_wconf 72' lang='lat'><strong>925</strong></span> <span class='ocrx_word' id='word_1_2' title='bbox 1419 299 1718 357; x_wconf 67' lang='lat' dir='ltr'><strong>REGUL/E</strong></span> <span class='ocrx_word' id='word_1_3' title='bbox 1757 299 1843 356; x_wconf 82' lang='lat' dir='ltr'><strong>FU</strong></span> 
     </span>
    </p>
   </div>
   <div class='ocr_carea' id='block_1_2' title="bbox 1959 297 2423 360">
    <p class='ocr_par' dir='ltr' id='par_1_2' title="bbox 1959 300 2423 360">
     <span class='ocr_line' id='line_1_2' title="bbox 1959 300 2423 360; baseline 0.009 -4"><span class='ocrx_word' id='word_1_4' title='bbox 1959 300 2006 356; x_wconf 63' lang='lat' dir='ltr'><strong>&#39;S</strong></span> <span class='ocrx_word' id='word_1_5' title='bbox 2043 301 2423 360; x_wconf 71' lang='grc' dir='ltr'><strong>ΤΒΑΟΤΑΤᾸΞ</strong></span> 
     </span>
    </p>
   </div>
   <div class='ocr_carea' id='block_1_3' title="bbox 1875 423 1922 480">
    <p class='ocr_par' dir='ltr' id='par_1_3' title="bbox 1875 423 1922 480">
     <span class='ocr_line' id='line_1_3' title="bbox 1875 423 1922 480; baseline 0 0"><span class='ocrx_word' id='word_1_6' title='bbox 1875 423 1922 480; x_wconf 78' lang='grc' dir='ltr'><strong>Α</strong></span> 
     </span>
    </p>
   </div>
   <div class='ocr_carea' id='block_1_4' title="bbox 836 460 1256 532">
    <p class='ocr_par' dir='ltr' id='par_1_4' title="bbox 836 460 1256 532">
     <span class='ocr_line' id='line_1_4' title="bbox 836 460 1256 532; baseline -0.005 -9"><span class='ocrx_word' id='word_1_7' title='bbox 836 467 1149 523; x_wconf 66' lang='lat' dir='ltr'><strong>avorum):</strong></span> <span class='ocrx_word' id='word_1_8' title='bbox 1190 460 1256 532; x_wconf 77' lang='grc' dir='ltr'><strong>ς’.</strong></span> 
     </span>
    </p>
   </div>
   <div class='ocr_carea' id='block_1_5' title="bbox 641 601 1437 681">
    <p class='ocr_par' dir='ltr' id='par_1_5' title="bbox 641 601 1437 681">
     <span class='ocr_line' id='line_1_5' title="bbox 641 601 1437 681; baseline 0.003 -21"><span class='ocrx_word' id='word_1_9' title='bbox 641 608 762 665; x_wconf 72' lang='grc' dir='ltr'><strong>Ὀτι</strong></span> <span class='ocrx_word' id='word_1_10' title='bbox 793 605 1072 681; x_wconf 85' lang='grc' dir='ltr'><strong>ἀναγκαῖον</strong></span> <span class='ocrx_word' id='word_1_11' title='bbox 1102 610 1160 660; x_wconf 90' lang='grc' dir='ltr'><strong>τό</strong></span> <span class='ocrx_word' id='word_1_12' title='bbox 1188 601 1437 669; x_wconf 75' lang='grc' dir='ltr'><strong>ἱδιάξειν.</strong></span> 
     </span>
    </p>
   </div>
   <div class='ocr_carea' id='block_1_6' title="bbox 863 754 1231 807">
    <p class='ocr_par' dir='ltr' id='par_1_6' title="bbox 863 754 1231 807">
     <span class='ocr_line' id='line_1_6' title="bbox 863 754 1231 807; baseline -0.003 0"><span class='ocrx_word' id='word_1_13' title='bbox 863 754 1231 807; x_wconf 82' lang='grc' dir='ltr'><strong>ΑΠΟΚΡΙΣΙΣ.</strong></span> 
     </span>
    </p>
   </div>
   <div class='ocr_carea' id='block_1_7' title="bbox 318 892 1840 968">
    <p class='ocr_par' dir='ltr' id='par_1_7' title="bbox 318 892 1840 968">
     <span class='ocr_line' id='line_1_7' title="bbox 318 892 1840 968; baseline -0.004 -15"><span class='ocrx_word' id='word_1_14' title='bbox 318 901 373 953; x_wconf 79' lang='grc'><strong>1.</strong></span> <span class='ocrx_word' id='word_1_15' title='bbox 421 895 652 950; x_wconf 72' lang='grc' dir='ltr'><strong>Συντελεῖ</strong></span> <span class='ocrx_word' id='word_1_16' title='bbox 699 892 757 950; x_wconf 62' lang='grc' dir='ltr'><strong>δὲ</strong></span> <span class='ocrx_word' id='word_1_17' title='bbox 798 899 928 968; x_wconf 83' lang='grc' dir='ltr'><strong>πρός</strong></span> <span class='ocrx_word' id='word_1_18' title='bbox 955 896 1012 948; x_wconf 86' lang='grc' dir='ltr'><strong>τὸ</strong></span> <span class='ocrx_word' id='word_1_19' title='bbox 1045 893 1423 968; x_wconf 82' lang='grc' dir='ltr'><strong>ἀμετεώριστον</strong></span> <span class='ocrx_word' id='word_1_20' title='bbox 1451 902 1513 967; x_wconf 71' lang='grc' dir='ltr'><strong>τῇ</strong></span> <span class='ocrx_word' id='word_1_21' title='bbox 1560 893 1714 968; x_wconf 74' lang='grc' dir='ltr'><strong>ψυχῇ</strong></span> <span class='ocrx_word' id='word_1_22' title='bbox 1750 899 1840 948; x_wconf 84' lang='grc' dir='ltr'><strong>καὶ</strong></span> 
     </span>
    </p>
   </div>
   <div class='ocr_carea' id='block_1_8' title="bbox 241 983 1838 1058">
    <p class='ocr_par' dir='ltr' id='par_1_8' title="bbox 241 983 1838 1058">
     <span class='ocr_line' id='line_1_8' title="bbox 241 983 1838 1058; baseline -0.002 -19"><span class='ocrx_word' id='word_1_23' title='bbox 241 990 298 1042; x_wconf 86' lang='grc' dir='ltr'><strong>τὸ</strong></span> <span class='ocrx_word' id='word_1_24' title='bbox 348 983 572 1046; x_wconf 77' lang='grc' dir='ltr'><strong>ἰδιάζειν</strong></span> <span class='ocrx_word' id='word_1_25' title='bbox 611 988 743 1039; x_wconf 88' lang='grc' dir='ltr'><strong>κατά</strong></span> <span class='ocrx_word' id='word_1_26' title='bbox 786 989 879 1043; x_wconf 79' lang='grc' dir='ltr'><strong>τὴν</strong></span> <span class='ocrx_word' id='word_1_27' title='bbox 923 987 1151 1042; x_wconf 80' lang='grc' dir='ltr'><strong>οἴκησιν.</strong></span> <span class='ocrx_word' id='word_1_28' title='bbox 1184 987 1253 1038; x_wconf 85' lang='grc' dir='ltr'><strong>Τό</strong></span> <span class='ocrx_word' id='word_1_29' title='bbox 1291 988 1390 1058; x_wconf 85' lang='grc' dir='ltr'><strong>γὰρ</strong></span> <span class='ocrx_word' id='word_1_30' title='bbox 1424 983 1838 1058; x_wconf 73' lang='grc' dir='ltr'><strong>ἀναμεμιγμένην</strong></span> 
     </span>
    </p>
   </div>
   <div class='ocr_carea' id='block_1_9' title="bbox 245 1073 1841 1150">
    <p class='ocr_par' dir='ltr' id='par_1_9' title="bbox 245 1073 1841 1150">
     <span class='ocr_line' id='line_1_9' title="bbox 245 1073 1841 1150; baseline -0.003 -20"><span class='ocrx_word' id='word_1_31' title='bbox 245 1080 384 1150; x_wconf 74' lang='grc' dir='ltr'><strong>ἔχειν</strong></span> <span class='ocrx_word' id='word_1_32' title='bbox 449 1080 542 1134; x_wconf 77' lang='grc' dir='ltr'><strong>τὴν</strong></span> <span class='ocrx_word' id='word_1_33' title='bbox 608 1075 744 1135; x_wconf 75' lang='grc' dir='ltr'><strong>ζωὴν</strong></span> <span class='ocrx_word' id='word_1_34' title='bbox 805 1081 916 1138; x_wconf 88' lang='grc' dir='ltr'><strong>τοῖς</strong></span> <span class='ocrx_word' id='word_1_35' title='bbox 982 1073 1183 1148; x_wconf 74' lang='grc' dir='ltr'><strong>ἀφόϐως</strong></span> <span class='ocrx_word' id='word_1_36' title='bbox 1242 1078 1333 1126; x_wconf 85' lang='grc' dir='ltr'><strong>καὶ</strong></span> <span class='ocrx_word' id='word_1_37' title='bbox 1385 1084 1841 1148; x_wconf 73' lang='grc' dir='ltr'><strong>καταφρονητικῶς</strong></span> 
     </span>
    </p>
   </div>
   <div class='ocr_carea' id='block_1_10' title="bbox 245 1161 1840 1246">
    <p class='ocr_par' dir='ltr' id='par_1_10' title="bbox 245 1161 1840 1246">
     <span class='ocr_line' id='line_1_10' title="bbox 245 1161 1840 1246; baseline -0.001 -27"><span class='ocrx_word' id='word_1_38' title='bbox 245 1169 374 1241; x_wconf 82' lang='grc' dir='ltr'><strong>πρὸς</strong></span> <span class='ocrx_word' id='word_1_39' title='bbox 423 1169 515 1224; x_wconf 80' lang='grc' dir='ltr'><strong>τὴν</strong></span> <span class='ocrx_word' id='word_1_40' title='bbox 571 1162 757 1238; x_wconf 74' lang='grc' dir='ltr'><strong>ἀκριϐῆ</strong></span> <span class='ocrx_word' id='word_1_41' title='bbox 815 1169 1039 1239; x_wconf 77' lang='grc' dir='ltr'><strong>τήρησιν</strong></span> <span class='ocrx_word' id='word_1_42' title='bbox 1097 1173 1195 1218; x_wconf 88' lang='grc' dir='ltr'><strong>τῶν</strong></span> <span class='ocrx_word' id='word_1_43' title='bbox 1246 1163 1457 1216; x_wconf 80' lang='grc' dir='ltr'><strong>ἐντολῶν</strong></span> <span class='ocrx_word' id='word_1_44' title='bbox 1497 1161 1840 1246; x_wconf 70' lang='grc' dir='ltr'><strong>διακειμένοις</strong></span> 
     </span>
    </p>
   </div>
   <div class='ocr_carea' id='block_1_11' title="bbox 245 1252 1836 1328">
    <p class='ocr_par' dir='ltr' id='par_1_11' title="bbox 245 1252 1836 1328">
     <span class='ocr_line' id='line_1_11' title="bbox 245 1252 1836 1328; baseline 0.001 -21"><span class='ocrx_word' id='word_1_45' title='bbox 245 1254 491 1327; x_wconf 81' lang='grc' dir='ltr'><strong>βλαϐερόν</strong></span> <span class='ocrx_word' id='word_1_46' title='bbox 543 1259 635 1306; x_wconf 82' lang='grc' dir='ltr'><strong>καὶ</strong></span> <span class='ocrx_word' id='word_1_47' title='bbox 688 1255 713 1306; x_wconf 88' lang='grc' dir='ltr'><strong>ὀ</strong></span> <span class='ocrx_word' id='word_1_48' title='bbox 762 1262 854 1308; x_wconf 86' lang='grc' dir='ltr'><strong>τοῦ</strong></span> <span class='ocrx_word' id='word_1_49' title='bbox 905 1255 1226 1328; x_wconf 79' lang='grc' dir='ltr'><strong>Σολομῶντος</strong></span> <span class='ocrx_word' id='word_1_50' title='bbox 1270 1252 1626 1308; x_wconf 67' lang='grc' dir='ltr'><strong>ἀποδείκνυσι</strong></span> <span class='ocrx_word' id='word_1_51' title='bbox 1668 1255 1836 1328; x_wconf 87' lang='grc' dir='ltr'><strong>λόγος,</strong></span> 
     </span>
    </p>
   </div>
   <div class='ocr_carea' id='block_1_12' title="bbox 239 1339 1839 1420">
    <p class='ocr_par' dir='ltr' id='par_1_12' title="bbox 239 1339 1839 1420">
     <span class='ocr_line' id='line_1_12' title="bbox 239 1339 1839 1420; baseline 0.001 -24"><span class='ocrx_word' id='word_1_52' title='bbox 239 1339 583 1405; x_wconf 74' lang='grc' dir='ltr'><strong>διδάσκοντος</strong></span> <span class='ocrx_word' id='word_1_53' title='bbox 621 1346 782 1417; x_wconf 77' lang='grc' dir='ltr'><strong>ἡμᾶς,</strong></span> <span class='ocrx_word' id='word_1_54' title='bbox 817 1344 899 1396; x_wconf 88' lang='grc' dir='ltr'><strong>ὃτι</strong></span> <span class='ocrx_word' id='word_1_55' title='bbox 938 1349 1023 1402; x_wconf 78' lang='grc' dir='ltr'><strong>Μὴ</strong></span> <span class='ocrx_word' id='word_1_56' title='bbox 1063 1347 1179 1398; x_wconf 78' lang='grc' dir='ltr'><strong>ἴσθι</strong></span> <span class='ocrx_word' id='word_1_57' title='bbox 1210 1344 1409 1420; x_wconf 72' lang='grc' dir='ltr'><strong>ἑταῖρος</strong></span> <span class='ocrx_word' id='word_1_58' title='bbox 1456 1341 1610 1420; x_wconf 86' lang='grc' dir='ltr'><strong>ἀνδρὶ</strong></span> <span class='ocrx_word' id='word_1_59' title='bbox 1660 1347 1839 1418; x_wconf 86' lang='grc' dir='ltr'><strong>θυμώ-</strong></span> 
     </span>
    </p>
   </div>
   <div class='ocr_carea' id='block_1_13' title="bbox 236 1427 1841 1508">
    <p class='ocr_par' dir='ltr' id='par_1_13' title="bbox 236 1427 1841 1508">
     <span class='ocr_line' id='line_1_13' title="bbox 236 1427 1841 1508; baseline 0.004 -25"><span class='ocrx_word' id='word_1_60' title='bbox 236 1427 358 1486; x_wconf 81' lang='grc' dir='ltr'><strong>δει.</strong></span> <span class='ocrx_word' id='word_1_61' title='bbox 437 1433 564 1504; x_wconf 78' lang='grc' dir='ltr'><strong>φίλῳ</strong></span> <span class='ocrx_word' id='word_1_62' title='bbox 640 1430 700 1487; x_wconf 66' lang='grc' dir='ltr'><strong>δὲ</strong></span> <span class='ocrx_word' id='word_1_63' title='bbox 775 1433 967 1508; x_wconf 80' lang='grc' dir='ltr'><strong>ὀργίλῳ</strong></span> <span class='ocrx_word' id='word_1_64' title='bbox 1048 1439 1118 1506; x_wconf 79' lang='grc' dir='ltr'><strong>μὴ</strong></span> <span class='ocrx_word' id='word_1_65' title='bbox 1217 1435 1570 1502; x_wconf 79' lang='grc' dir='ltr'><strong>συναυλίζου,</strong></span> <span class='ocrx_word' id='word_1_66' title='bbox 1641 1441 1841 1508; x_wconf 81' lang='grc' dir='ltr'><strong>μήποτε</strong></span> 
     </span>
    </p>
   </div>
   <div class='ocr_carea' id='block_1_14' title="bbox 235 1519 1842 1598">
    <p class='ocr_par' dir='ltr' id='par_1_14' title="bbox 235 1519 1842 1598">
     <span class='ocr_line' id='line_1_14' title="bbox 235 1519 1842 1598; baseline 0.002 -24"><span class='ocrx_word' id='word_1_67' title='bbox 235 1522 408 1594; x_wconf 71' lang='grc' dir='ltr'><strong>μάθῃς</strong></span> <span class='ocrx_word' id='word_1_68' title='bbox 463 1529 563 1574; x_wconf 81' lang='grc' dir='ltr'><strong>τῶν</strong></span> <span class='ocrx_word' id='word_1_69' title='bbox 623 1519 760 1576; x_wconf 83' lang='grc' dir='ltr'><strong>ὁδῶν</strong></span> <span class='ocrx_word' id='word_1_70' title='bbox 827 1523 987 1577; x_wconf 76' lang='grc' dir='ltr'><strong>αὐτοῦ</strong></span> <span class='ocrx_word' id='word_1_71' title='bbox 1044 1524 1158 1594; x_wconf 82' lang='lat'><strong>(8),</strong></span> <span class='ocrx_word' id='word_1_72' title='bbox 1215 1528 1304 1576; x_wconf 85' lang='grc' dir='ltr'><strong>καὶ</strong></span> <span class='ocrx_word' id='word_1_73' title='bbox 1370 1523 1530 1597; x_wconf 76' lang='grc' dir='ltr'><strong>λάϐῃς</strong></span> <span class='ocrx_word' id='word_1_74' title='bbox 1605 1523 1842 1598; x_wconf 79' lang='grc' dir='ltr'><strong>βρόχους</strong></span> 
     </span>
    </p>
   </div>
   <div class='ocr_carea' id='block_1_15' title="bbox 227 1611 1840 1688">
    <p class='ocr_par' dir='ltr' id='par_1_15' title="bbox 227 1611 1840 1688">
     <span class='ocr_line' id='line_1_15' title="bbox 227 1611 1840 1688; baseline 0.002 -23"><span class='ocrx_word' id='word_1_75' title='bbox 227 1618 290 1683; x_wconf 74' lang='grc' dir='ltr'><strong>τῇ</strong></span> <span class='ocrx_word' id='word_1_76' title='bbox 352 1618 418 1682; x_wconf 72' lang='grc' dir='ltr'><strong>σῇ</strong></span> <span class='ocrx_word' id='word_1_77' title='bbox 477 1611 658 1684; x_wconf 74' lang='grc' dir='ltr'><strong>ψυχῇ,</strong></span> <span class='ocrx_word' id='word_1_78' title='bbox 717 1618 807 1666; x_wconf 78' lang='grc' dir='ltr'><strong>καὶ</strong></span> <span class='ocrx_word' id='word_1_79' title='bbox 865 1615 944 1680; x_wconf 88' lang='grc' dir='ltr'><strong>τὸ,</strong></span> <span class='ocrx_word' id='word_1_80' title='bbox 999 1612 1251 1675; x_wconf 73' lang='grc' dir='ltr'><strong>Ἐξόλθετε</strong></span> <span class='ocrx_word' id='word_1_81' title='bbox 1312 1613 1364 1665; x_wconf 82' lang='grc' dir='ltr'><strong>ἐκ</strong></span> <span class='ocrx_word' id='word_1_82' title='bbox 1422 1619 1583 1688; x_wconf 85' lang='grc' dir='ltr'><strong>μέσου</strong></span> <span class='ocrx_word' id='word_1_83' title='bbox 1651 1615 1840 1686; x_wconf 73' lang='grc' dir='ltr'><strong>αὐτῶν,</strong></span> 
     </span>
    </p>
   </div>
   <div class='ocr_carea' id='block_1_16' title="bbox 227 1699 1840 1781">
    <p class='ocr_par' dir='ltr' id='par_1_16' title="bbox 227 1699 1840 1781">
     <span class='ocr_line' id='line_1_16' title="bbox 227 1699 1840 1781; baseline 0.002 -27"><span class='ocrx_word' id='word_1_84' title='bbox 227 1704 316 1754; x_wconf 79' lang='grc' dir='ltr'><strong>καὶ</strong></span> <span class='ocrx_word' id='word_1_85' title='bbox 363 1699 708 1778; x_wconf 73' lang='grc' dir='ltr'><strong>ἀφορίσθητε,</strong></span> <span class='ocrx_word' id='word_1_86' title='bbox 755 1702 892 1776; x_wconf 84' lang='grc' dir='ltr'><strong>λέγει</strong></span> <span class='ocrx_word' id='word_1_87' title='bbox 952 1705 1164 1777; x_wconf 82' lang='grc' dir='ltr'><strong>Κύριος,</strong></span> <span class='ocrx_word' id='word_1_88' title='bbox 1211 1706 1333 1779; x_wconf 88' lang='grc' dir='ltr'><strong>κρός</strong></span> <span class='ocrx_word' id='word_1_89' title='bbox 1388 1707 1446 1759; x_wconf 84' lang='grc' dir='ltr'><strong>τό</strong></span> <span class='ocrx_word' id='word_1_90' title='bbox 1496 1705 1624 1758; x_wconf 82' lang='grc' dir='ltr'><strong>αῦτό</strong></span> <span class='ocrx_word' id='word_1_91' title='bbox 1683 1710 1840 1781; x_wconf 77' lang='grc' dir='ltr'><strong>φέρει.</strong></span> 
     </span>
    </p>
   </div>
   <div class='ocr_carea' id='block_1_17' title="bbox 225 1789 1845 1869">
    <p class='ocr_par' dir='ltr' id='par_1_17' title="bbox 225 1789 1845 1869">
     <span class='ocr_line' id='line_1_17' title="bbox 225 1789 1845 1869; baseline 0.003 -25"><span class='ocrx_word' id='word_1_92' title='bbox 225 1791 432 1844; x_wconf 75' lang='grc' dir='ltr'><strong>Οὐκοῦν</strong></span> <span class='ocrx_word' id='word_1_93' title='bbox 463 1794 548 1844; x_wconf 85' lang='grc' dir='ltr'><strong>ἶνα</strong></span> <span class='ocrx_word' id='word_1_94' title='bbox 594 1797 727 1864; x_wconf 83' lang='grc' dir='ltr'><strong>μήτε</strong></span> <span class='ocrx_word' id='word_1_95' title='bbox 774 1789 869 1846; x_wconf 83' lang='grc' dir='ltr'><strong>διά</strong></span> <span class='ocrx_word' id='word_1_96' title='bbox 899 1792 1240 1867; x_wconf 76' lang='grc' dir='ltr'><strong>όφθαλαλμῶν</strong></span> <span class='ocrx_word' id='word_1_97' title='bbox 1271 1799 1404 1866; x_wconf 78' lang='grc' dir='ltr'><strong>μήτε</strong></span> <span class='ocrx_word' id='word_1_98' title='bbox 1436 1791 1528 1847; x_wconf 82' lang='grc' dir='ltr'><strong>διὰ</strong></span> <span class='ocrx_word' id='word_1_99' title='bbox 1558 1799 1700 1848; x_wconf 86' lang='grc' dir='ltr'><strong>ὤτων</strong></span> <span class='ocrx_word' id='word_1_100' title='bbox 1741 1796 1845 1869; x_wconf 75' lang='grc' dir='ltr'><strong>ἐρε-</strong></span> 
     </span>
    </p>
   </div>
   <div class='ocr_carea' id='block_1_18' title="bbox 225 1880 1846 1957">
    <p class='ocr_par' dir='ltr' id='par_1_18' title="bbox 225 1880 1846 1957">
     <span class='ocr_line' id='line_1_18' title="bbox 225 1880 1846 1957; baseline 0.002 -21"><span class='ocrx_word' id='word_1_101' title='bbox 225 1883 455 1954; x_wconf 82' lang='grc' dir='ltr'><strong>θισμοῦς</strong></span> <span class='ocrx_word' id='word_1_102' title='bbox 509 1881 582 1944; x_wconf 84' lang='grc' dir='ltr'><strong>εἰς</strong></span> <span class='ocrx_word' id='word_1_103' title='bbox 634 1882 895 1956; x_wconf 73' lang='grc' dir='ltr'><strong>ἁμαρτίαν</strong></span> <span class='ocrx_word' id='word_1_104' title='bbox 946 1880 1252 1957; x_wconf 81' lang='grc' dir='ltr'><strong>δεχώμεθα,</strong></span> <span class='ocrx_word' id='word_1_105' title='bbox 1294 1891 1385 1937; x_wconf 81' lang='grc' dir='ltr'><strong>καὶ</strong></span> <span class='ocrx_word' id='word_1_106' title='bbox 1441 1888 1579 1938; x_wconf 87' lang='grc' dir='ltr'><strong>κατά</strong></span> <span class='ocrx_word' id='word_1_107' title='bbox 1630 1889 1688 1939; x_wconf 83' lang='grc' dir='ltr'><strong>τὸ</strong></span> <span class='ocrx_word' id='word_1_108' title='bbox 1731 1886 1846 1938; x_wconf 85' lang='grc' dir='ltr'><strong>λαν-</strong></span> 
     </span>
    </p>
   </div>
   <div class='ocr_carea' id='block_1_19' title="bbox 227 1972 1844 2050">
    <p class='ocr_par' dir='ltr' id='par_1_19' title="bbox 227 1972 1844 2050">
     <span class='ocr_line' id='line_1_19' title="bbox 227 1972 1844 2050; baseline 0.002 -26"><span class='ocrx_word' id='word_1_109' title='bbox 227 1972 376 2024; x_wconf 76' lang='grc' dir='ltr'><strong>θάνον</strong></span> <span class='ocrx_word' id='word_1_110' title='bbox 436 1973 868 2046; x_wconf 83' lang='grc' dir='ltr'><strong>προσεθισθῶμεν</strong></span> <span class='ocrx_word' id='word_1_111' title='bbox 931 1973 1087 2046; x_wconf 71' lang='grc' dir='ltr'><strong>αὐτῇ,</strong></span> <span class='ocrx_word' id='word_1_112' title='bbox 1145 1979 1234 2027; x_wconf 82' lang='grc' dir='ltr'><strong>καὶ</strong></span> <span class='ocrx_word' id='word_1_113' title='bbox 1275 1976 1466 2050; x_wconf 41' lang='grc' dir='ltr'><strong>ὦσπερτ</strong></span> <span class='ocrx_word' id='word_1_114' title='bbox 1498 1979 1656 2029; x_wconf 81' lang='grc' dir='ltr'><strong>τύποι</strong></span> <span class='ocrx_word' id='word_1_115' title='bbox 1716 1979 1844 2030; x_wconf 65' lang='grc' dir='ltr'><strong>τινες</strong></span> 
     </span>
    </p>
   </div>
   <div class='ocr_carea' id='block_1_20' title="bbox 225 2062 1841 2139">
    <p class='ocr_par' dir='ltr' id='par_1_20' title="bbox 225 2062 1841 2139">
     <span class='ocr_line' id='line_1_20' title="bbox 225 2062 1841 2139; baseline 0.002 -26"><span class='ocrx_word' id='word_1_116' title='bbox 225 2064 314 2114; x_wconf 81' lang='grc' dir='ltr'><strong>καὶ</strong></span> <span class='ocrx_word' id='word_1_117' title='bbox 369 2069 716 2136; x_wconf 78' lang='grc' dir='ltr'><strong>χαρακτῆρες</strong></span> <span class='ocrx_word' id='word_1_118' title='bbox 761 2071 861 2116; x_wconf 84' lang='grc' dir='ltr'><strong>τῶν</strong></span> <span class='ocrx_word' id='word_1_119' title='bbox 911 2064 1182 2137; x_wconf 76' lang='grc' dir='ltr'><strong>ὁρωμένων</strong></span> <span class='ocrx_word' id='word_1_120' title='bbox 1242 2068 1334 2116; x_wconf 85' lang='grc' dir='ltr'><strong>καὶ</strong></span> <span class='ocrx_word' id='word_1_121' title='bbox 1392 2062 1713 2139; x_wconf 73' lang='grc' dir='ltr'><strong>ἀκουομένων</strong></span> <span class='ocrx_word' id='word_1_122' title='bbox 1769 2065 1841 2118; x_wconf 76' lang='grc' dir='ltr'><strong>ἐν.</strong></span> 
     </span>
    </p>
   </div>
   <div class='ocr_carea' id='block_1_21' title="bbox 225 2151 1825 2226">
    <p class='ocr_par' dir='ltr' id='par_1_21' title="bbox 225 2151 1825 2226">
     <span class='ocr_line' id='line_1_21' title="bbox 225 2151 1825 2226; baseline 0.004 -23"><span class='ocrx_word' id='word_1_123' title='bbox 225 2155 554 2224; x_wconf 79' lang='grc' dir='ltr'><strong>απομιίνωσι</strong></span> <span class='ocrx_word' id='word_1_124' title='bbox 604 2153 684 2222; x_wconf 87' lang='lat'><strong>(9)</strong></span> <span class='ocrx_word' id='word_1_125' title='bbox 730 2159 792 2225; x_wconf 76' lang='grc' dir='ltr'><strong>τῇ</strong></span> <span class='ocrx_word' id='word_1_126' title='bbox 843 2151 998 2226; x_wconf 74' lang='grc' dir='ltr'><strong>ψυχῇ</strong></span> <span class='ocrx_word' id='word_1_127' title='bbox 1052 2153 1123 2220; x_wconf 83' lang='grc' dir='ltr'><strong>εἰς</strong></span> <span class='ocrx_word' id='word_1_128' title='bbox 1177 2153 1385 2226; x_wconf 79' lang='grc' dir='ltr'><strong>ὀλεθρον</strong></span> <span class='ocrx_word' id='word_1_129' title='bbox 1429 2161 1518 2210; x_wconf 83' lang='grc' dir='ltr'><strong>καὶ</strong></span> <span class='ocrx_word' id='word_1_130' title='bbox 1571 2154 1825 2211; x_wconf 80' lang='grc' dir='ltr'><strong>ἀπώλειαν</strong></span> 
     </span>
    </p>
   </div>
   <div class='ocr_carea' id='block_1_22' title="bbox 224 2237 1846 2318">
    <p class='ocr_par' dir='ltr' id='par_1_22' title="bbox 224 2237 1846 2318">
     <span class='ocr_line' id='line_1_22' title="bbox 224 2237 1846 2318; baseline 0.004 -26"><span class='ocrx_word' id='word_1_131' title='bbox 224 2246 312 2294; x_wconf 81' lang='grc' dir='ltr'><strong>καὶ</strong></span> <span class='ocrx_word' id='word_1_132' title='bbox 344 2243 432 2295; x_wconf 83' lang='grc' dir='ltr'><strong>ἵνα</strong></span> <span class='ocrx_word' id='word_1_133' title='bbox 460 2237 767 2314; x_wconf 74' lang='grc' dir='ltr'><strong>δυνηθῶμεν</strong></span> <span class='ocrx_word' id='word_1_134' title='bbox 813 2241 1067 2315; x_wconf 78' lang='grc' dir='ltr'><strong>ἐπιμένειν</strong></span> <span class='ocrx_word' id='word_1_135' title='bbox 1107 2251 1169 2315; x_wconf 74' lang='grc' dir='ltr'><strong>τῇ</strong></span> <span class='ocrx_word' id='word_1_136' title='bbox 1225 2252 1525 2318; x_wconf 69' lang='grc' dir='ltr'><strong>προσευχῇ,</strong></span> <span class='ocrx_word' id='word_1_137' title='bbox 1556 2243 1846 2316; x_wconf 77' lang='grc' dir='ltr'><strong>ἀφιδιάζω.</strong></span> 
     </span>
    </p>
   </div>
   <div class='ocr_carea' id='block_1_23' title="bbox 231 2333 1848 2410">
    <p class='ocr_par' dir='ltr' id='par_1_23' title="bbox 231 2333 1848 2410">
     <span class='ocr_line' id='line_1_23' title="bbox 231 2333 1848 2410; baseline 0.003 -26"><span class='ocrx_word' id='word_1_138' title='bbox 231 2351 322 2405; x_wconf 84' lang='grc' dir='ltr'><strong>μεν</strong></span> <span class='ocrx_word' id='word_1_139' title='bbox 347 2339 561 2406; x_wconf 84' lang='grc' dir='ltr'><strong>πρῶτον</strong></span> <span class='ocrx_word' id='word_1_140' title='bbox 611 2333 748 2384; x_wconf 83' lang='grc' dir='ltr'><strong>κατά</strong></span> <span class='ocrx_word' id='word_1_141' title='bbox 791 2336 885 2390; x_wconf 78' lang='grc' dir='ltr'><strong>τὴν</strong></span> <span class='ocrx_word' id='word_1_142' title='bbox 926 2335 1156 2391; x_wconf 77' lang='grc' dir='ltr'><strong>οἴκησιν.</strong></span> <span class='ocrx_word' id='word_1_143' title='bbox 1192 2334 1346 2386; x_wconf 78' lang='grc' dir='ltr'><strong>Οὕτω</strong></span> <span class='ocrx_word' id='word_1_144' title='bbox 1383 2337 1485 2410; x_wconf 81' lang='grc' dir='ltr'><strong>γὰρ</strong></span> <span class='ocrx_word' id='word_1_145' title='bbox 1513 2334 1573 2386; x_wconf 74' lang='grc' dir='ltr'><strong>ἄν</strong></span> <span class='ocrx_word' id='word_1_146' title='bbox 1619 2340 1709 2387; x_wconf 86' lang='grc' dir='ltr'><strong>καὶ</strong></span> <span class='ocrx_word' id='word_1_147' title='bbox 1756 2346 1848 2389; x_wconf 82' lang='grc' dir='ltr'><strong>τοῦ</strong></span> 
     </span>
    </p>
   </div>
   <div class='ocr_carea' id='block_1_24' title="bbox 233 2420 1849 2500">
    <p class='ocr_par' dir='ltr' id='par_1_24' title="bbox 233 2420 1849 2500">
     <span class='ocr_line' id='line_1_24' title="bbox 233 2420 1849 2500; baseline 0.002 -25"><span class='ocrx_word' id='word_1_148' title='bbox 233 2420 592 2496; x_wconf 75' lang='grc' dir='ltr'><strong>προλαϐόντος</strong></span> <span class='ocrx_word' id='word_1_149' title='bbox 652 2422 798 2482; x_wconf 81' lang='grc' dir='ltr'><strong>ἔθους</strong></span> <span class='ocrx_word' id='word_1_150' title='bbox 854 2424 1290 2496; x_wconf 75' lang='grc' dir='ltr'><strong>περιγενοίμεθα,</strong></span> <span class='ocrx_word' id='word_1_151' title='bbox 1361 2421 1408 2476; x_wconf 81' lang='grc' dir='ltr'><strong>ἐν</strong></span> <span class='ocrx_word' id='word_1_152' title='bbox 1475 2426 1513 2494; x_wconf 79' lang='grc' dir='ltr'><strong><em>ᾧ</em></strong></span> <span class='ocrx_word' id='word_1_153' title='bbox 1570 2424 1849 2500; x_wconf 76' lang='grc' dir='ltr'><strong>ἀλλοτρίως</strong></span> 
     </span>
    </p>
   </div>
   <div class='ocr_carea' id='block_1_25' title="bbox 222 2508 1846 2588">
    <p class='ocr_par' dir='ltr' id='par_1_25' title="bbox 222 2508 1846 2588">
     <span class='ocr_line' id='line_1_25' title="bbox 222 2508 1846 2588; baseline 0.004 -27"><span class='ocrx_word' id='word_1_154' title='bbox 222 2508 484 2584; x_wconf 72' lang='grc' dir='ltr'><strong>ἐςήσάμεν</strong></span> <span class='ocrx_word' id='word_1_155' title='bbox 537 2511 896 2564; x_wconf 83' lang='grc' dir='ltr'><strong>τῶν-ἐντολῶν</strong></span> <span class='ocrx_word' id='word_1_156' title='bbox 942 2519 1035 2564; x_wconf 89' lang='grc' dir='ltr'><strong>τοῦ</strong></span> <span class='ocrx_word' id='word_1_157' title='bbox 1089 2519 1326 2586; x_wconf 76' lang='grc' dir='ltr'><strong>Χριστοῦ</strong></span> <span class='ocrx_word' id='word_1_158' title='bbox 1369 2514 1480 2584; x_wconf 77' lang='grc'><strong>(10)</strong></span> <span class='ocrx_word' id='word_1_159' title='bbox 1527 2514 1608 2584; x_wconf 71' lang='grc' dir='ltr'><strong>(οὐ</strong></span> <span class='ocrx_word' id='word_1_160' title='bbox 1662 2519 1846 2588; x_wconf 77' lang='grc' dir='ltr'><strong>μικρός</strong></span> 
     </span>
    </p>
   </div>
   <div class='ocr_carea' id='block_1_26' title="bbox 225 2597 1844 2679">
    <p class='ocr_par' dir='ltr' id='par_1_26' title="bbox 225 2597 1844 2679">
     <span class='ocr_line' id='line_1_26' title="bbox 225 2597 1844 2679; baseline 0.002 -26"><span class='ocrx_word' id='word_1_161' title='bbox 225 2597 285 2658; x_wconf 61' lang='grc' dir='ltr'><strong>δὲ</strong></span> <span class='ocrx_word' id='word_1_162' title='bbox 324 2602 484 2664; x_wconf 79' lang='grc' dir='ltr'><strong>οὗτος</strong></span> <span class='ocrx_word' id='word_1_163' title='bbox 528 2599 690 2674; x_wconf 81' lang='grc' dir='ltr'><strong>ἀγὼν,</strong></span> <span class='ocrx_word' id='word_1_164' title='bbox 741 2610 836 2666; x_wconf 83' lang='grc' dir='ltr'><strong>τῆς</strong></span> <span class='ocrx_word' id='word_1_165' title='bbox 889 2601 1074 2654; x_wconf 82' lang='grc' dir='ltr'><strong>ἑαυτοῦ</strong></span> <span class='ocrx_word' id='word_1_166' title='bbox 1131 2604 1407 2665; x_wconf 80' lang='grc' dir='ltr'><strong>συνηθείας</strong></span> <span class='ocrx_word' id='word_1_167' title='bbox 1466 2607 1844 2679; x_wconf 75' lang='grc' dir='ltr'><strong>περιγενέσθαιο</strong></span> 
     </span>
    </p>
   </div>
   <div class='ocr_carea' id='block_1_27' title="bbox 224 2687 1848 2768">
    <p class='ocr_par' dir='ltr' id='par_1_27' title="bbox 224 2687 1848 2768">
     <span class='ocr_line' id='line_1_27' title="bbox 224 2687 1848 2768; baseline -0.001 -20"><span class='ocrx_word' id='word_1_168' title='bbox 224 2692 336 2753; x_wconf 73' lang='grc' dir='ltr'><strong>ἔθος</strong></span> <span class='ocrx_word' id='word_1_169' title='bbox 375 2693 485 2766; x_wconf 80' lang='grc' dir='ltr'><strong>γὰρ</strong></span> <span class='ocrx_word' id='word_1_170' title='bbox 521 2687 617 2747; x_wconf 86' lang='grc' dir='ltr'><strong>διά</strong></span> <span class='ocrx_word' id='word_1_171' title='bbox 657 2699 862 2766; x_wconf 80' lang='grc' dir='ltr'><strong>μακροῦ</strong></span> <span class='ocrx_word' id='word_1_172' title='bbox 892 2696 1091 2768; x_wconf 78' lang='grc' dir='ltr'><strong>χρόνον</strong></span> <span class='ocrx_word' id='word_1_173' title='bbox 1126 2689 1410 2765; x_wconf 66' lang='grc' dir='ltr'><strong>βεϐαιωθὶν</strong></span> <span class='ocrx_word' id='word_1_174' title='bbox 1437 2696 1636 2766; x_wconf 79' lang='grc' dir='ltr'><strong>φύσεως</strong></span> <span class='ocrx_word' id='word_1_175' title='bbox 1687 2695 1848 2768; x_wconf 77' lang='grc' dir='ltr'><strong>ἰσχὺν</strong></span> 
     </span>
    </p>
   </div>
   <div class='ocr_carea' id='block_1_28' title="bbox 221 2779 1846 2859">
    <p class='ocr_par' dir='ltr' id='par_1_28' title="bbox 221 2779 1846 2859">
     <span class='ocr_line' id='line_1_28' title="bbox 221 2779 1846 2859; baseline 0.002 -26"><span class='ocrx_word' id='word_1_176' title='bbox 221 2780 524 2854; x_wconf 77' lang='grc' dir='ltr'><strong>λαμϐάνει),</strong></span> <span class='ocrx_word' id='word_1_177' title='bbox 567 2785 655 2833; x_wconf 80' lang='grc' dir='ltr'><strong>καὶ</strong></span> <span class='ocrx_word' id='word_1_178' title='bbox 713 2784 834 2842; x_wconf 78' lang='grc' dir='ltr'><strong>τοὺς</strong></span> <span class='ocrx_word' id='word_1_179' title='bbox 889 2780 941 2844; x_wconf 78' lang='grc' dir='ltr'><em>ἐξ</em></span> <span class='ocrx_word' id='word_1_180' title='bbox 991 2782 1249 2857; x_wconf 81' lang='grc' dir='ltr'><strong>ἁμαρτίας</strong></span> <span class='ocrx_word' id='word_1_181' title='bbox 1300 2779 1359 2836; x_wconf 67' lang='grc' dir='ltr'><strong>δε</strong></span> <span class='ocrx_word' id='word_1_182' title='bbox 1412 2783 1625 2845; x_wconf 82' lang='grc' dir='ltr'><strong>σπίλους</strong></span> <span class='ocrx_word' id='word_1_183' title='bbox 1673 2783 1846 2859; x_wconf 74' lang='grc' dir='ltr'><strong>ἐκτρῖ-</strong></span> 
     </span>
    </p>
   </div>
   <div class='ocr_carea' id='block_1_29' title="bbox 225 2867 1846 2947">
    <p class='ocr_par' dir='ltr' id='par_1_29' title="bbox 225 2867 1846 2947">
     <span class='ocr_line' id='line_1_29' title="bbox 225 2867 1846 2947; baseline 0.004 -25"><span class='ocrx_word' id='word_1_184' title='bbox 225 2869 328 2940; x_wconf 71' lang='grc' dir='ltr'><strong>ψαι</strong></span> <span class='ocrx_word' id='word_1_185' title='bbox 375 2867 717 2942; x_wconf 76' lang='grc' dir='ltr'><strong>δυνησόμεθα</strong></span> <span class='ocrx_word' id='word_1_186' title='bbox 762 2879 823 2945; x_wconf 73' lang='grc' dir='ltr'><strong>τῇ</strong></span> <span class='ocrx_word' id='word_1_187' title='bbox 879 2890 934 2923; x_wconf 86' lang='grc' dir='ltr'><strong>τε</strong></span> <span class='ocrx_word' id='word_1_188' title='bbox 988 2871 1242 2944; x_wconf 70' lang='grc' dir='ltr'><strong>φιλοπόνῳ</strong></span> <span class='ocrx_word' id='word_1_189' title='bbox 1293 2882 1566 2947; x_wconf 73' lang='grc' dir='ltr'><strong>προσευχῇ</strong></span> <span class='ocrx_word' id='word_1_190' title='bbox 1603 2875 1716 2944; x_wconf 83' lang='grc' dir='ltr'><strong>(Η)</strong></span> <span class='ocrx_word' id='word_1_191' title='bbox 1757 2880 1846 2928; x_wconf 83' lang='grc' dir='ltr'><strong>καὶ</strong></span> 
     </span>
    </p>
   </div>
   <div class='ocr_carea' id='block_1_30' title="bbox 229 2959 1848 3035">
    <p class='ocr_par' dir='ltr' id='par_1_30' title="bbox 229 2959 1848 3035">
     <span class='ocr_line' id='line_1_30' title="bbox 229 2959 1848 3035; baseline 0.004 -24"><span class='ocrx_word' id='word_1_192' title='bbox 229 2977 293 3030; x_wconf 68' lang='grc' dir='ltr'><strong>τη</strong></span> <span class='ocrx_word' id='word_1_193' title='bbox 356 2959 588 3031; x_wconf 78' lang='grc' dir='ltr'><strong>ὶπιμόνῳ</strong></span> <span class='ocrx_word' id='word_1_194' title='bbox 641 2959 820 3034; x_wconf 79' lang='grc' dir='ltr'><strong>μελέτῃ</strong></span> <span class='ocrx_word' id='word_1_195' title='bbox 877 2969 978 3013; x_wconf 86' lang='grc' dir='ltr'><strong>τῶν</strong></span> <span class='ocrx_word' id='word_1_196' title='bbox 1032 2969 1124 3014; x_wconf 89' lang='grc' dir='ltr'><strong>τοῦ</strong></span> <span class='ocrx_word' id='word_1_197' title='bbox 1193 2969 1327 3014; x_wconf 82' lang='grc' dir='ltr'><strong>Θεοῦ</strong></span> <span class='ocrx_word' id='word_1_198' title='bbox 1397 2961 1715 3035; x_wconf 74' lang='grc' dir='ltr'><strong>θελημάτωνο</strong></span> <span class='ocrx_word' id='word_1_199' title='bbox 1785 2965 1848 3027; x_wconf 80' lang='grc' dir='ltr'><strong>ἧς</strong></span> 
     </span>
    </p>
   </div>
   <div class='ocr_carea' id='block_1_31' title="bbox 238 3047 1847 3128">
    <p class='ocr_par' dir='ltr' id='par_1_31' title="bbox 238 3047 1847 3128">
     <span class='ocr_line' id='line_1_31' title="bbox 238 3047 1847 3128; baseline 0.003 -26"><span class='ocrx_word' id='word_1_200' title='bbox 238 3047 454 3121; x_wconf 70' lang='grc' dir='ltr'><strong>μελέτης</strong></span> <span class='ocrx_word' id='word_1_201' title='bbox 505 3054 590 3102; x_wconf 82' lang='grc' dir='ltr'><strong>καὶ</strong></span> <span class='ocrx_word' id='word_1_202' title='bbox 635 3059 941 3126; x_wconf 86' lang='grc' dir='ltr'><strong>προσευχῆς</strong></span> <span class='ocrx_word' id='word_1_203' title='bbox 1001 3050 1049 3104; x_wconf 86' lang='grc' dir='ltr'><strong>ἐν</strong></span> <span class='ocrx_word' id='word_1_204' title='bbox 1097 3051 1301 3112; x_wconf 81' lang='grc' dir='ltr'><strong>πολλοῖς</strong></span> <span class='ocrx_word' id='word_1_205' title='bbox 1349 3059 1460 3115; x_wconf 90' lang='grc' dir='ltr'><strong>τοῖς</strong></span> <span class='ocrx_word' id='word_1_206' title='bbox 1516 3053 1847 3128; x_wconf 83' lang='grc' dir='ltr'><strong>περιέλκουσι</strong></span> 
     </span>
    </p>
   </div>
   <div class='ocr_carea' id='block_1_32' title="bbox 3493 311 3599 366">
    <p class='ocr_par' dir='ltr' id='par_1_32' title="bbox 3493 311 3599 366">
     <span class='ocr_line' id='line_1_32' title="bbox 3493 311 3599 366; baseline -0.009 0"><span class='ocrx_word' id='word_1_207' title='bbox 3493 311 3599 366; x_wconf 79' lang='lat'><strong>926</strong></span> 
     </span>
    </p>
   </div>
   <div class='ocr_carea' id='block_1_33' title="bbox 2336 459 3219 537">
    <p class='ocr_par' dir='ltr' id='par_1_33' title="bbox 2336 459 3219 537">
     <span class='ocr_line' id='line_1_33' title="bbox 2336 459 3219 537; baseline 0.002 -18"><span class='ocrx_word' id='word_1_208' title='bbox 2336 461 2514 537; x_wconf 67' lang='lat'><strong>344</strong></span> <span class='ocrx_word' id='word_1_209' title='bbox 2554 459 3082 522; x_wconf 81' lang='lat' dir='ltr'><strong>INTERROGATIO</strong></span> <span class='ocrx_word' id='word_1_210' title='bbox 3127 466 3219 522; x_wconf 80' lang='lat' dir='ltr'><strong>v1.</strong></span> 
     </span>
    </p>
   </div>
   <div class='ocr_carea' id='block_1_34' title="bbox 2109 608 3440 684">
    <p class='ocr_par' dir='ltr' id='par_1_34' title="bbox 2109 608 3440 684">
     <span class='ocr_line' id='line_1_34' title="bbox 2109 608 3440 684; baseline 0.006 -21"><span class='ocrx_word' id='word_1_211' title='bbox 2109 608 2278 680; x_wconf 81' lang='lat' dir='ltr'><strong>Quod</strong></span> <span class='ocrx_word' id='word_1_212' title='bbox 2302 622 2534 666; x_wconf 84' lang='lat' dir='ltr'><strong>necesse</strong></span> <span class='ocrx_word' id='word_1_213' title='bbox 2550 611 2625 665; x_wconf 85' lang='lat' dir='ltr'><strong>sit</strong></span> <span class='ocrx_word' id='word_1_214' title='bbox 2652 611 2715 666; x_wconf 88' lang='lat' dir='ltr'><strong>in</strong></span> <span class='ocrx_word' id='word_1_215' title='bbox 2743 625 2972 666; x_wconf 85' lang='lat' dir='ltr'><strong>secessu</strong></span> <span class='ocrx_word' id='word_1_216' title='bbox 2996 611 3178 668; x_wconf 88' lang='lat' dir='ltr'><strong>vitam</strong></span> <span class='ocrx_word' id='word_1_217' title='bbox 3201 612 3440 684; x_wconf 79' lang='lat' dir='ltr'><strong><em>degere.</em></strong></span> 
     </span>
    </p>
   </div>
   <div class='ocr_carea' id='block_1_35' title="bbox 2570 751 2990 810">
    <p class='ocr_par' dir='ltr' id='par_1_35' title="bbox 2570 751 2990 810">
     <span class='ocr_line' id='line_1_35' title="bbox 2570 751 2990 810; baseline 0.002 -1"><span class='ocrx_word' id='word_1_218' title='bbox 2570 751 2990 810; x_wconf 83' lang='lat' dir='ltr'><strong>RESPONSIO.</strong></span> 
     </span>
    </p>
   </div>
   <div class='ocr_carea' id='block_1_36' title="bbox 2024 896 3614 970">
    <p class='ocr_par' dir='ltr' id='par_1_36' title="bbox 2024 896 3614 970">
     <span class='ocr_line' id='line_1_36' title="bbox 2024 896 3614 970; baseline 0.001 -17"><span class='ocrx_word' id='word_1_219' title='bbox 2024 900 2074 953; x_wconf 81' lang='lat' dir='ltr'><strong>l.</strong></span> <span class='ocrx_word' id='word_1_220' title='bbox 2115 899 2308 970; x_wconf 82' lang='lat' dir='ltr'><strong>Atque</strong></span> <span class='ocrx_word' id='word_1_221' title='bbox 2339 897 2518 954; x_wconf 91' lang='lat' dir='ltr'><strong>etiam</strong></span> <span class='ocrx_word' id='word_1_222' title='bbox 2545 898 2624 952; x_wconf 86' lang='lat' dir='ltr'><strong>ad</strong></span> <span class='ocrx_word' id='word_1_223' title='bbox 2667 896 3010 954; x_wconf 84' lang='lat' dir='ltr'><strong>cavendam</strong></span> <span class='ocrx_word' id='word_1_224' title='bbox 3052 897 3274 954; x_wconf 86' lang='lat' dir='ltr'><strong>mentis</strong></span> <span class='ocrx_word' id='word_1_225' title='bbox 3307 898 3614 968; x_wconf 85' lang='lat' dir='ltr'><strong>evagatio-</strong></span> 
     </span>
    </p>
   </div>
   <div class='ocr_carea' id='block_1_37' title="bbox 1949 987 3610 1045">
    <p class='ocr_par' dir='ltr' id='par_1_37' title="bbox 1949 987 3610 1045">
     <span class='ocr_line' id='line_1_37' title="bbox 1949 987 3610 1045; baseline 0.001 -2"><span class='ocrx_word' id='word_1_226' title='bbox 1949 1002 2089 1043; x_wconf 91' lang='lat' dir='ltr'><strong>nem</strong></span> <span class='ocrx_word' id='word_1_227' title='bbox 2120 987 2402 1044; x_wconf 84' lang='lat' dir='ltr'><strong>conducit</strong></span> <span class='ocrx_word' id='word_1_228' title='bbox 2429 991 2663 1044; x_wconf 87' lang='lat' dir='ltr'><strong>remota</strong></span> <span class='ocrx_word' id='word_1_229' title='bbox 2693 1003 2764 1044; x_wconf 88' lang='lat' dir='ltr'><strong>ac</strong></span> <span class='ocrx_word' id='word_1_230' title='bbox 2794 988 3062 1045; x_wconf 85' lang='lat' dir='ltr'><strong>solitaria</strong></span> <span class='ocrx_word' id='word_1_231' title='bbox 3083 987 3397 1045; x_wconf 84' lang='lat' dir='ltr'><strong>habitatio.</strong></span> <span class='ocrx_word' id='word_1_232' title='bbox 3420 989 3610 1045; x_wconf 81' lang='lat' dir='ltr'><strong>Vitam</strong></span> 
     </span>
    </p>
   </div>
   <div class='ocr_carea' id='block_1_38' title="bbox 1951 1077 3612 1151">
    <p class='ocr_par' dir='ltr' id='par_1_38' title="bbox 1951 1077 3612 1151">
     <span class='ocr_line' id='line_1_38' title="bbox 1951 1077 3612 1151; baseline 0.001 -19"><span class='ocrx_word' id='word_1_233' title='bbox 1951 1077 2275 1150; x_wconf 84' lang='lat' dir='ltr'><strong>siquidem,</strong></span> <span class='ocrx_word' id='word_1_234' title='bbox 2321 1093 2457 1150; x_wconf 64' lang='lat' dir='ltr'><strong>quae</strong></span> <span class='ocrx_word' id='word_1_235' title='bbox 2505 1078 2848 1150; x_wconf 88' lang='lat' dir='ltr'><strong>promiscue</strong></span> <span class='ocrx_word' id='word_1_236' title='bbox 2877 1079 3076 1149; x_wconf 81' lang='lat' dir='ltr'><strong>agitur</strong></span> <span class='ocrx_word' id='word_1_237' title='bbox 3106 1095 3246 1135; x_wconf 91' lang='lat' dir='ltr'><strong>cum</strong></span> <span class='ocrx_word' id='word_1_238' title='bbox 3274 1079 3347 1136; x_wconf 89' lang='lat' dir='ltr'><strong>iis</strong></span> <span class='ocrx_word' id='word_1_239' title='bbox 3384 1079 3490 1151; x_wconf 86' lang='lat' dir='ltr'><strong>qui</strong></span> <span class='ocrx_word' id='word_1_240' title='bbox 3517 1095 3612 1134; x_wconf 81' lang='lat' dir='ltr'><strong>se-</strong></span> 
     </span>
    </p>
   </div>
   <div class='ocr_carea' id='block_1_39' title="bbox 1949 1168 3616 1240">
    <p class='ocr_par' dir='ltr' id='par_1_39' title="bbox 1949 1168 3616 1240">
     <span class='ocr_line' id='line_1_39' title="bbox 1949 1168 3616 1240; baseline 0.001 -17"><span class='ocrx_word' id='word_1_241' title='bbox 1949 1183 2091 1225; x_wconf 89' lang='lat' dir='ltr'><strong>cure</strong></span> <span class='ocrx_word' id='word_1_242' title='bbox 2122 1168 2445 1240; x_wconf 77' lang='lat' dir='ltr'><strong>perfectam</strong></span> <span class='ocrx_word' id='word_1_243' title='bbox 2474 1172 2916 1240; x_wconf 67' lang='lat' dir='ltr'><strong>praeceptorum</strong></span> <span class='ocrx_word' id='word_1_244' title='bbox 2956 1169 3448 1226; x_wconf 83' lang='lat' dir='ltr'><strong>observationem</strong></span> <span class='ocrx_word' id='word_1_245' title='bbox 3475 1183 3616 1224; x_wconf 87' lang='lat' dir='ltr'><strong>con-</strong></span> 
     </span>
    </p>
   </div>
   <div class='ocr_carea' id='block_1_40' title="bbox 1949 1257 3613 1331">
    <p class='ocr_par' dir='ltr' id='par_1_40' title="bbox 1949 1257 3613 1331">
     <span class='ocr_line' id='line_1_40' title="bbox 1949 1257 3613 1331; baseline 0 -18"><span class='ocrx_word' id='word_1_246' title='bbox 1949 1261 2242 1321; x_wconf 85' lang='lat' dir='ltr'><strong>temnunt,</strong></span> <span class='ocrx_word' id='word_1_247' title='bbox 2274 1257 2673 1328; x_wconf 83' lang='lat' dir='ltr'><strong>perniciosam</strong></span> <span class='ocrx_word' id='word_1_248' title='bbox 2703 1273 2834 1313; x_wconf 87' lang='lat' dir='ltr'><strong>esse</strong></span> <span class='ocrx_word' id='word_1_249' title='bbox 2855 1273 2926 1314; x_wconf 90' lang='lat' dir='ltr'><strong>ac</strong></span> <span class='ocrx_word' id='word_1_250' title='bbox 2946 1258 3258 1315; x_wconf 81' lang='lat' dir='ltr'><strong>exitiosam</strong></span> <span class='ocrx_word' id='word_1_251' title='bbox 3279 1259 3408 1331; x_wconf 87' lang='lat' dir='ltr'><strong>ipse</strong></span> <span class='ocrx_word' id='word_1_252' title='bbox 3430 1259 3613 1314; x_wconf 89' lang='lat' dir='ltr'><strong>etiam</strong></span> 
     </span>
    </p>
   </div>
   <div class='ocr_carea' id='block_1_41' title="bbox 1950 1348 3616 1421">
    <p class='ocr_par' dir='ltr' id='par_1_41' title="bbox 1950 1348 3616 1421">
     <span class='ocr_line' id='line_1_41' title="bbox 1950 1348 3616 1421; baseline 0.001 -16"><span class='ocrx_word' id='word_1_253' title='bbox 1950 1348 2234 1405; x_wconf 90' lang='lat' dir='ltr'><strong>Salomon</strong></span> <span class='ocrx_word' id='word_1_254' title='bbox 2259 1348 2542 1414; x_wconf 73' lang='lat' dir='ltr'><strong>ostendit,</strong></span> <span class='ocrx_word' id='word_1_255' title='bbox 2565 1350 2672 1421; x_wconf 86' lang='lat' dir='ltr'><strong>qui</strong></span> <span class='ocrx_word' id='word_1_256' title='bbox 2694 1365 2806 1404; x_wconf 88' lang='lat' dir='ltr'><strong>nos</strong></span> <span class='ocrx_word' id='word_1_257' title='bbox 2826 1349 2908 1405; x_wconf 91' lang='lat' dir='ltr'><strong>ita</strong></span> <span class='ocrx_word' id='word_1_258' title='bbox 2946 1348 3123 1406; x_wconf 91' lang='lat' dir='ltr'><strong>docet</strong></span> <span class='ocrx_word' id='word_1_259' title='bbox 3153 1367 3166 1404; x_wconf 90' lang='lat'>:</span> <span class='ocrx_word' id='word_1_260' title='bbox 3198 1351 3343 1407; x_wconf 86' lang='lat' dir='ltr'><strong>Noli</strong></span> <span class='ocrx_word' id='word_1_261' title='bbox 3379 1364 3501 1406; x_wconf 84' lang='lat' dir='ltr'><strong>esse</strong></span> <span class='ocrx_word' id='word_1_262' title='bbox 3528 1364 3616 1406; x_wconf 80' lang='lat' dir='ltr'><strong>so-</strong></span> 
     </span>
    </p>
   </div>
   <div class='ocr_carea' id='block_1_42' title="bbox 1951 1438 3614 1510">
    <p class='ocr_par' dir='ltr' id='par_1_42' title="bbox 1951 1438 3614 1510">
     <span class='ocr_line' id='line_1_42' title="bbox 1951 1438 3614 1510; baseline -0.001 -14"><span class='ocrx_word' id='word_1_263' title='bbox 1951 1440 2108 1496; x_wconf 81' lang='lat' dir='ltr'><strong>dalis</strong></span> <span class='ocrx_word' id='word_1_264' title='bbox 2140 1441 2268 1495; x_wconf 80' lang='lat' dir='ltr'><strong>viro</strong></span> <span class='ocrx_word' id='word_1_265' title='bbox 2285 1439 2544 1507; x_wconf 82' lang='lat' dir='ltr'><strong>furioso,</strong></span> <span class='ocrx_word' id='word_1_266' title='bbox 2575 1454 2766 1510; x_wconf 87' lang='lat' dir='ltr'><strong>neque</strong></span> <span class='ocrx_word' id='word_1_267' title='bbox 2793 1454 2919 1495; x_wconf 85' lang='lat' dir='ltr'><strong>una</strong></span> <span class='ocrx_word' id='word_1_268' title='bbox 2943 1454 3078 1495; x_wconf 86' lang='lat' dir='ltr'><strong>cum</strong></span> <span class='ocrx_word' id='word_1_269' title='bbox 3100 1441 3294 1495; x_wconf 84' lang='lat' dir='ltr'><strong>amico</strong></span> <span class='ocrx_word' id='word_1_270' title='bbox 3315 1438 3614 1496; x_wconf 80' lang='lat' dir='ltr'><strong>iracundo</strong></span> 
     </span>
    </p>
   </div>
   <div class='ocr_carea' id='block_1_43' title="bbox 1953 1529 3615 1599">
    <p class='ocr_par' dir='ltr' id='par_1_43' title="bbox 1953 1529 3615 1599">
     <span class='ocr_line' id='line_1_43' title="bbox 1953 1529 3615 1599; baseline -0.001 -13"><span class='ocrx_word' id='word_1_271' title='bbox 1953 1529 2184 1586; x_wconf 80' lang='lat' dir='ltr'><strong>habites</strong></span> <span class='ocrx_word' id='word_1_272' title='bbox 2217 1547 2230 1584; x_wconf 89' lang='lat'><strong>:</strong></span> <span class='ocrx_word' id='word_1_273' title='bbox 2253 1544 2329 1584; x_wconf 89' lang='lat' dir='ltr'><strong>ne</strong></span> <span class='ocrx_word' id='word_1_274' title='bbox 2345 1530 2507 1597; x_wconf 81' lang='lat' dir='ltr'><strong>forte</strong></span> <span class='ocrx_word' id='word_1_275' title='bbox 2529 1529 2725 1585; x_wconf 86' lang='lat' dir='ltr'><strong>discas</strong></span> <span class='ocrx_word' id='word_1_276' title='bbox 2747 1529 2872 1584; x_wconf 85' lang='lat' dir='ltr'><strong>vias</strong></span> <span class='ocrx_word' id='word_1_277' title='bbox 2893 1529 3046 1597; x_wconf 83' lang='lat' dir='ltr'><strong>ejus,</strong></span> <span class='ocrx_word' id='word_1_278' title='bbox 3071 1534 3124 1584; x_wconf 89' lang='lat' dir='ltr'><strong>et</strong></span> <span class='ocrx_word' id='word_1_279' title='bbox 3145 1543 3349 1585; x_wconf 84' lang='lat' dir='ltr'><strong>sumas</strong></span> <span class='ocrx_word' id='word_1_280' title='bbox 3371 1529 3615 1599; x_wconf 81' lang='lat' dir='ltr'><strong>laqueos</strong></span> 
     </span>
    </p>
   </div>
   <div class='ocr_carea' id='block_1_44' title="bbox 1953 1617 3616 1688">
    <p class='ocr_par' dir='ltr' id='par_1_44' title="bbox 1953 1617 3616 1688">
     <span class='ocr_line' id='line_1_44' title="bbox 1953 1617 3616 1688; baseline 0 -13"><span class='ocrx_word' id='word_1_281' title='bbox 1953 1620 2171 1675; x_wconf 66' lang='lat' dir='ltr'><strong>anima</strong></span> <span class='ocrx_word' id='word_1_282' title='bbox 2211 1619 2412 1675; x_wconf 73' lang='lat' dir='ltr'><strong>tuae&quot;.</strong></span> <span class='ocrx_word' id='word_1_283' title='bbox 2450 1621 2516 1673; x_wconf 90' lang='lat' dir='ltr'><strong>Et</strong></span> <span class='ocrx_word' id='word_1_284' title='bbox 2547 1617 2694 1674; x_wconf 92' lang='lat' dir='ltr'><strong>illud</strong></span> <span class='ocrx_word' id='word_1_285' title='bbox 2720 1635 2732 1673; x_wconf 87' lang='lat'><strong>:</strong></span> <span class='ocrx_word' id='word_1_286' title='bbox 2766 1619 2944 1674; x_wconf 70' lang='lat' dir='ltr'><strong>Exite</strong></span> <span class='ocrx_word' id='word_1_287' title='bbox 2972 1619 3045 1674; x_wconf 90' lang='lat' dir='ltr'><strong>de</strong></span> <span class='ocrx_word' id='word_1_288' title='bbox 3073 1619 3266 1675; x_wconf 83' lang='lat' dir='ltr'><strong>medio</strong></span> <span class='ocrx_word' id='word_1_289' title='bbox 3297 1633 3523 1688; x_wconf 87' lang='lat' dir='ltr'><strong>eorum,</strong></span> <span class='ocrx_word' id='word_1_290' title='bbox 3559 1624 3616 1676; x_wconf 89' lang='lat' dir='ltr'><strong>et</strong></span> 
     </span>
    </p>
   </div>
   <div class='ocr_carea' id='block_1_45' title="bbox 1951 1707 3615 1780">
    <p class='ocr_par' dir='ltr' id='par_1_45' title="bbox 1951 1707 3615 1780">
     <span class='ocr_line' id='line_1_45' title="bbox 1951 1707 3615 1780; baseline 0.001 -16"><span class='ocrx_word' id='word_1_291' title='bbox 1951 1709 2344 1778; x_wconf 78' lang='lat' dir='ltr'><strong>separamini,</strong></span> <span class='ocrx_word' id='word_1_292' title='bbox 2377 1708 2522 1764; x_wconf 81' lang='lat' dir='ltr'><strong>dicit</strong></span> <span class='ocrx_word' id='word_1_293' title='bbox 2562 1709 2936 1775; x_wconf 63' lang='lat' dir='ltr'><strong>Dominus”,</strong></span> <span class='ocrx_word' id='word_1_294' title='bbox 2975 1707 3191 1764; x_wconf 88' lang='lat' dir='ltr'><strong>eodem</strong></span> <span class='ocrx_word' id='word_1_295' title='bbox 3217 1708 3496 1780; x_wconf 81' lang='lat' dir='ltr'><strong>pertinet.</strong></span> <span class='ocrx_word' id='word_1_296' title='bbox 3532 1710 3615 1766; x_wconf 85' lang='lat' dir='ltr'><strong>Ne</strong></span> 
     </span>
    </p>
   </div>
   <div class='ocr_carea' id='block_1_46' title="bbox 1954 1795 3616 1868">
    <p class='ocr_par' dir='ltr' id='par_1_46' title="bbox 1954 1795 3616 1868">
     <span class='ocr_line' id='line_1_46' title="bbox 1954 1795 3616 1868; baseline 0.001 -16"><span class='ocrx_word' id='word_1_297' title='bbox 1954 1797 2133 1866; x_wconf 80' lang='lat' dir='ltr'><strong>igitur</strong></span> <span class='ocrx_word' id='word_1_298' title='bbox 2180 1811 2287 1868; x_wconf 90' lang='lat' dir='ltr'><strong>per</strong></span> <span class='ocrx_word' id='word_1_299' title='bbox 2328 1795 2539 1852; x_wconf 89' lang='lat' dir='ltr'><strong>oculos</strong></span> <span class='ocrx_word' id='word_1_300' title='bbox 2578 1811 2830 1852; x_wconf 83' lang='lat' dir='ltr'><strong>auresve</strong></span> <span class='ocrx_word' id='word_1_301' title='bbox 2871 1795 3131 1852; x_wconf 86' lang='lat' dir='ltr'><strong>subeant</strong></span> <span class='ocrx_word' id='word_1_302' title='bbox 3169 1795 3399 1868; x_wconf 81' lang='lat' dir='ltr'><strong>peccati</strong></span> <span class='ocrx_word' id='word_1_303' title='bbox 3428 1795 3616 1853; x_wconf 87' lang='lat' dir='ltr'><strong>irrita-</strong></span> 
     </span>
    </p>
   </div>
   <div class='ocr_carea' id='block_1_47' title="bbox 1956 1884 3614 1957">
    <p class='ocr_par' dir='ltr' id='par_1_47' title="bbox 1956 1884 3614 1957">
     <span class='ocr_line' id='line_1_47' title="bbox 1956 1884 3614 1957; baseline 0.001 -16"><span class='ocrx_word' id='word_1_304' title='bbox 1956 1889 2183 1950; x_wconf 88' lang='lat' dir='ltr'><strong>menta,</strong></span> <span class='ocrx_word' id='word_1_305' title='bbox 2205 1885 2379 1957; x_wconf 89' lang='lat' dir='ltr'><strong>eique</strong></span> <span class='ocrx_word' id='word_1_306' title='bbox 2406 1884 2825 1956; x_wconf 71' lang='lat' dir='ltr'><strong>imprudentes</strong></span> <span class='ocrx_word' id='word_1_307' title='bbox 2855 1900 3281 1942; x_wconf 87' lang='lat' dir='ltr'><strong>assuescamus</strong></span> <span class='ocrx_word' id='word_1_308' title='bbox 3306 1900 3319 1941; x_wconf 88' lang='lat'><strong>:</strong></span> <span class='ocrx_word' id='word_1_309' title='bbox 3353 1899 3504 1942; x_wconf 87' lang='lat' dir='ltr'><strong>neve</strong></span> <span class='ocrx_word' id='word_1_310' title='bbox 3523 1900 3614 1942; x_wconf 80' lang='lat' dir='ltr'><strong>re-</strong></span> 
     </span>
    </p>
   </div>
   <div class='ocr_carea' id='block_1_48' title="bbox 1955 1973 3614 2048">
    <p class='ocr_par' dir='ltr' id='par_1_48' title="bbox 1955 1973 3614 2048">
     <span class='ocr_line' id='line_1_48' title="bbox 1955 1973 3614 2048; baseline 0 -17"><span class='ocrx_word' id='word_1_311' title='bbox 1955 1991 2091 2032; x_wconf 90' lang='lat' dir='ltr'><strong>rum</strong></span> <span class='ocrx_word' id='word_1_312' title='bbox 2121 1990 2276 2048; x_wconf 88' lang='lat' dir='ltr'><strong>quas</strong></span> <span class='ocrx_word' id='word_1_313' title='bbox 2305 1974 2635 2031; x_wconf 80' lang='lat' dir='ltr'><strong>viderimus</strong></span> <span class='ocrx_word' id='word_1_314' title='bbox 2665 1978 2722 2030; x_wconf 91' lang='lat' dir='ltr'><strong>et</strong></span> <span class='ocrx_word' id='word_1_315' title='bbox 2768 1974 3138 2030; x_wconf 84' lang='lat' dir='ltr'><strong>audierimus</strong></span> <span class='ocrx_word' id='word_1_316' title='bbox 3179 1973 3355 2047; x_wconf 88' lang='lat' dir='ltr'><strong>quasi</strong></span> <span class='ocrx_word' id='word_1_317' title='bbox 3405 1973 3614 2032; x_wconf 71' lang='lat' dir='ltr'><strong>formis</strong></span> 
     </span>
    </p>
   </div>
   <div class='ocr_carea' id='block_1_49' title="bbox 1956 2064 3615 2140">
    <p class='ocr_par' dir='ltr' id='par_1_49' title="bbox 1956 2064 3615 2140">
     <span class='ocr_line' id='line_1_49' title="bbox 1956 2064 3615 2140; baseline 0.001 -18"><span class='ocrx_word' id='word_1_318' title='bbox 1956 2066 2242 2140; x_wconf 74' lang='lat' dir='ltr'><strong>quiedam</strong></span> <span class='ocrx_word' id='word_1_319' title='bbox 2269 2081 2339 2122; x_wconf 88' lang='lat' dir='ltr'><strong>ac</strong></span> <span class='ocrx_word' id='word_1_320' title='bbox 2385 2065 2701 2134; x_wconf 78' lang='lat' dir='ltr'><strong>imagines,</strong></span> <span class='ocrx_word' id='word_1_321' title='bbox 2745 2064 2808 2122; x_wconf 88' lang='lat' dir='ltr'><strong>in</strong></span> <span class='ocrx_word' id='word_1_322' title='bbox 2861 2065 3068 2124; x_wconf 89' lang='lat' dir='ltr'><strong>anima</strong></span> <span class='ocrx_word' id='word_1_323' title='bbox 3107 2069 3506 2137; x_wconf 86' lang='lat' dir='ltr'><strong>permaneant</strong></span> <span class='ocrx_word' id='word_1_324' title='bbox 3536 2065 3615 2124; x_wconf 86' lang='lat' dir='ltr'><strong>ad</strong></span> 
     </span>
    </p>
   </div>
   <div class='ocr_carea' id='block_1_50' title="bbox 1959 2155 3616 2228">
    <p class='ocr_par' dir='ltr' id='par_1_50' title="bbox 1959 2155 3616 2228">
     <span class='ocr_line' id='line_1_50' title="bbox 1959 2155 3616 2228; baseline 0.001 -17"><span class='ocrx_word' id='word_1_325' title='bbox 1959 2155 2650 2228; x_wconf 83' lang='lat' dir='ltr'><strong>cxitiuminteritumque</strong></span> <span class='ocrx_word' id='word_1_326' title='bbox 2673 2159 2987 2222; x_wconf 86' lang='lat' dir='ltr'><strong>nostrum;</strong></span> <span class='ocrx_word' id='word_1_327' title='bbox 3011 2159 3069 2211; x_wconf 91' lang='lat' dir='ltr'><strong>et</strong></span> <span class='ocrx_word' id='word_1_328' title='bbox 3097 2160 3162 2210; x_wconf 88' lang='lat' dir='ltr'><strong>ut</strong></span> <span class='ocrx_word' id='word_1_329' title='bbox 3184 2155 3246 2210; x_wconf 90' lang='lat' dir='ltr'><strong>in</strong></span> <span class='ocrx_word' id='word_1_330' title='bbox 3273 2155 3616 2228; x_wconf 75' lang='lat' dir='ltr'><strong>precatione</strong></span> 
     </span>
    </p>
   </div>
   <div class='ocr_carea' id='block_1_51' title="bbox 1962 2243 3618 2316">
    <p class='ocr_par' dir='ltr' id='par_1_51' title="bbox 1962 2243 3618 2316">
     <span class='ocr_line' id='line_1_51' title="bbox 1962 2243 3618 2316; baseline 0.001 -17"><span class='ocrx_word' id='word_1_331' title='bbox 1962 2245 2228 2300; x_wconf 74' lang='lat' dir='ltr'><strong>insistere</strong></span> <span class='ocrx_word' id='word_1_332' title='bbox 2259 2243 2586 2316; x_wconf 84' lang='lat' dir='ltr'><strong>possimus,</strong></span> <span class='ocrx_word' id='word_1_333' title='bbox 2609 2245 2874 2316; x_wconf 85' lang='lat' dir='ltr'><strong>primum</strong></span> <span class='ocrx_word' id='word_1_334' title='bbox 2904 2244 3198 2301; x_wconf 82' lang='lat' dir='ltr'><strong>habitatio</strong></span> <span class='ocrx_word' id='word_1_335' title='bbox 3237 2243 3494 2314; x_wconf 77' lang='lat' dir='ltr'><strong>eligatur</strong></span> <span class='ocrx_word' id='word_1_336' title='bbox 3523 2260 3618 2300; x_wconf 59' lang='lat' dir='ltr'><strong>so.</strong></span> 
     </span>
    </p>
   </div>
   <div class='ocr_carea' id='block_1_52' title="bbox 1957 2332 3618 2410">
    <p class='ocr_par' dir='ltr' id='par_1_52' title="bbox 1957 2332 3618 2410">
     <span class='ocr_line' id='line_1_52' title="bbox 1957 2332 3618 2410; baseline -0.001 -20"><span class='ocrx_word' id='word_1_337' title='bbox 1957 2335 2152 2390; x_wconf 88' lang='lat' dir='ltr'><strong>litaria</strong></span> <span class='ocrx_word' id='word_1_338' title='bbox 2181 2338 2237 2389; x_wconf 92' lang='lat' dir='ltr'><strong>et</strong></span> <span class='ocrx_word' id='word_1_339' title='bbox 2265 2334 2344 2390; x_wconf 89' lang='lat' dir='ltr'><strong>ab</strong></span> <span class='ocrx_word' id='word_1_340' title='bbox 2376 2333 2694 2389; x_wconf 86' lang='lat' dir='ltr'><strong>hominum</strong></span> <span class='ocrx_word' id='word_1_341' title='bbox 2722 2333 3021 2388; x_wconf 91' lang='lat' dir='ltr'><strong>consortio</strong></span> <span class='ocrx_word' id='word_1_342' title='bbox 3052 2337 3302 2410; x_wconf 77' lang='lat' dir='ltr'><strong>remota.</strong></span> <span class='ocrx_word' id='word_1_343' title='bbox 3347 2333 3438 2390; x_wconf 90' lang='lat' dir='ltr'><strong>Sic</strong></span> <span class='ocrx_word' id='word_1_344' title='bbox 3464 2332 3618 2389; x_wconf 89' lang='lat' dir='ltr'><strong>enim</strong></span> 
     </span>
    </p>
   </div>
   <div class='ocr_carea' id='block_1_53' title="bbox 1957 2420 3618 2495">
    <p class='ocr_par' dir='ltr' id='par_1_53' title="bbox 1957 2420 3618 2495">
     <span class='ocr_line' id='line_1_53' title="bbox 1957 2420 3618 2495; baseline -0.001 -17"><span class='ocrx_word' id='word_1_345' title='bbox 1957 2422 2157 2480; x_wconf 88' lang='lat' dir='ltr'><strong>licebit</strong></span> <span class='ocrx_word' id='word_1_346' title='bbox 2205 2427 2260 2478; x_wconf 90' lang='lat' dir='ltr'><strong>et</strong></span> <span class='ocrx_word' id='word_1_347' title='bbox 2298 2423 2529 2495; x_wconf 85' lang='lat' dir='ltr'><strong>priores</strong></span> <span class='ocrx_word' id='word_1_348' title='bbox 2561 2437 2762 2476; x_wconf 89' lang='lat' dir='ltr'><strong>mores</strong></span> <span class='ocrx_word' id='word_1_349' title='bbox 2799 2420 3054 2486; x_wconf 86' lang='lat' dir='ltr'><strong>vincere,</strong></span> <span class='ocrx_word' id='word_1_350' title='bbox 3099 2436 3207 2492; x_wconf 90' lang='lat' dir='ltr'><strong>per</strong></span> <span class='ocrx_word' id='word_1_351' title='bbox 3249 2436 3404 2493; x_wconf 91' lang='lat' dir='ltr'><strong>quos</strong></span> <span class='ocrx_word' id='word_1_352' title='bbox 3431 2420 3618 2477; x_wconf 88' lang='lat' dir='ltr'><strong>vitam</strong></span> 
     </span>
    </p>
   </div>
   <div class='ocr_carea' id='block_1_54' title="bbox 1959 2510 3619 2584">
    <p class='ocr_par' dir='ltr' id='par_1_54' title="bbox 1959 2510 3619 2584">
     <span class='ocr_line' id='line_1_54' title="bbox 1959 2510 3619 2584; baseline -0.002 -15"><span class='ocrx_word' id='word_1_353' title='bbox 1959 2515 2193 2584; x_wconf 84' lang='lat' dir='ltr'><strong>egimus</strong></span> <span class='ocrx_word' id='word_1_354' title='bbox 2226 2531 2261 2570; x_wconf 85' lang='lat' dir='ltr'><strong>a</strong></span> <span class='ocrx_word' id='word_1_355' title='bbox 2307 2511 2520 2570; x_wconf 87' lang='lat' dir='ltr'><strong>Christi</strong></span> <span class='ocrx_word' id='word_1_356' title='bbox 2567 2511 2878 2584; x_wconf 68' lang='lat' dir='ltr'><strong>princeptis</strong></span> <span class='ocrx_word' id='word_1_357' title='bbox 2915 2511 3178 2566; x_wconf 88' lang='lat' dir='ltr'><strong>alienam</strong></span> <span class='ocrx_word' id='word_1_358' title='bbox 3209 2513 3356 2581; x_wconf 90' lang='lat' dir='ltr'><strong>(non</strong></span> <span class='ocrx_word' id='word_1_359' title='bbox 3392 2510 3619 2567; x_wconf 87' lang='lat' dir='ltr'><strong>medio-</strong></span> 
     </span>
    </p>
   </div>
   <div class='ocr_carea' id='block_1_55' title="bbox 1959 2601 3620 2673">
    <p class='ocr_par' dir='ltr' id='par_1_55' title="bbox 1959 2601 3620 2673">
     <span class='ocr_line' id='line_1_55' title="bbox 1959 2601 3620 2673; baseline -0.002 -11"><span class='ocrx_word' id='word_1_360' title='bbox 1959 2621 2055 2662; x_wconf 91' lang='lat' dir='ltr'><strong>cre</strong></span> <span class='ocrx_word' id='word_1_361' title='bbox 2082 2608 2285 2662; x_wconf 89' lang='lat' dir='ltr'><strong>autem</strong></span> <span class='ocrx_word' id='word_1_362' title='bbox 2307 2608 2395 2659; x_wconf 91' lang='lat' dir='ltr'><strong>est</strong></span> <span class='ocrx_word' id='word_1_363' title='bbox 2422 2603 2538 2658; x_wconf 88' lang='lat' dir='ltr'><strong>hoc</strong></span> <span class='ocrx_word' id='word_1_364' title='bbox 2571 2606 2898 2668; x_wconf 86' lang='lat' dir='ltr'><strong>certamen,</strong></span> <span class='ocrx_word' id='word_1_365' title='bbox 2933 2617 3108 2658; x_wconf 89' lang='lat' dir='ltr'><strong>suam</strong></span> <span class='ocrx_word' id='word_1_366' title='bbox 3133 2601 3323 2673; x_wconf 89' lang='lat' dir='ltr'><strong>ipsius</strong></span> <span class='ocrx_word' id='word_1_367' title='bbox 3361 2617 3620 2658; x_wconf 60' lang='lat' dir='ltr'><strong>consuew</strong></span> 
     </span>
    </p>
   </div>
   <div class='ocr_carea' id='block_1_56' title="bbox 1956 2690 3618 2766">
    <p class='ocr_par' dir='ltr' id='par_1_56' title="bbox 1956 2690 3618 2766">
     <span class='ocr_line' id='line_1_56' title="bbox 1956 2690 3618 2766; baseline -0.003 -14"><span class='ocrx_word' id='word_1_368' title='bbox 1956 2695 2233 2753; x_wconf 86' lang='lat' dir='ltr'><strong>tudinem</strong></span> <span class='ocrx_word' id='word_1_369' title='bbox 2265 2708 2554 2766; x_wconf 85' lang='lat' dir='ltr'><strong>superare</strong></span> <span class='ocrx_word' id='word_1_370' title='bbox 2589 2709 2602 2748; x_wconf 89' lang='lat'><strong>:</strong></span> <span class='ocrx_word' id='word_1_371' title='bbox 2635 2707 2776 2748; x_wconf 89' lang='lat' dir='ltr'><strong>nam</strong></span> <span class='ocrx_word' id='word_1_372' title='bbox 2806 2691 3184 2748; x_wconf 87' lang='lat' dir='ltr'><strong>consuetudo</strong></span> <span class='ocrx_word' id='word_1_373' title='bbox 3224 2707 3331 2763; x_wconf 89' lang='lat' dir='ltr'><strong>per</strong></span> <span class='ocrx_word' id='word_1_374' title='bbox 3367 2690 3618 2759; x_wconf 79' lang='lat' dir='ltr'><strong>longum</strong></span> 
     </span>
    </p>
   </div>
   <div class='ocr_carea' id='block_1_57' title="bbox 1956 2779 3618 2856">
    <p class='ocr_par' dir='ltr' id='par_1_57' title="bbox 1956 2779 3618 2856">
     <span class='ocr_line' id='line_1_57' title="bbox 1956 2779 3618 2856; baseline -0.004 -14"><span class='ocrx_word' id='word_1_375' title='bbox 1956 2791 2198 2856; x_wconf 84' lang='lat' dir='ltr'><strong>tempus</strong></span> <span class='ocrx_word' id='word_1_376' title='bbox 2221 2783 2876 2851; x_wconf 74' lang='lat' dir='ltr'><strong>corroborata,natum</strong></span> <span class='ocrx_word' id='word_1_377' title='bbox 2897 2781 3018 2836; x_wconf 89' lang='lat' dir='ltr'><strong>vim</strong></span> <span class='ocrx_word' id='word_1_378' title='bbox 3043 2795 3117 2836; x_wconf 90' lang='lat' dir='ltr'><strong>ac</strong></span> <span class='ocrx_word' id='word_1_379' title='bbox 3146 2781 3331 2836; x_wconf 88' lang='lat' dir='ltr'><strong>robur</strong></span> <span class='ocrx_word' id='word_1_380' title='bbox 3348 2779 3618 2850; x_wconf 90' lang='lat' dir='ltr'><strong>obtinet),</strong></span> 
     </span>
    </p>
   </div>
   <div class='ocr_carea' id='block_1_58' title="bbox 1957 2869 3620 2947">
    <p class='ocr_par' dir='ltr' id='par_1_58' title="bbox 1957 2869 3620 2947">
     <span class='ocr_line' id='line_1_58' title="bbox 1957 2869 3620 2947; baseline -0.004 -16"><span class='ocrx_word' id='word_1_381' title='bbox 1957 2880 2013 2931; x_wconf 87' lang='lat' dir='ltr'><strong>et</strong></span> <span class='ocrx_word' id='word_1_382' title='bbox 2043 2873 2375 2947; x_wconf 81' lang='lat' dir='ltr'><strong>poterimus</strong></span> <span class='ocrx_word' id='word_1_383' title='bbox 2402 2886 2649 2944; x_wconf 86' lang='lat' dir='ltr'><strong>quoque</strong></span> <span class='ocrx_word' id='word_1_384' title='bbox 2689 2869 2920 2942; x_wconf 86' lang='lat' dir='ltr'><strong>peccati</strong></span> <span class='ocrx_word' id='word_1_385' title='bbox 2950 2869 3222 2925; x_wconf 88' lang='lat' dir='ltr'><strong>maculas</strong></span> <span class='ocrx_word' id='word_1_386' title='bbox 3255 2869 3620 2939; x_wconf 84' lang='lat' dir='ltr'><strong>abstergere,</strong></span> 
     </span>
    </p>
   </div>
   <div class='ocr_carea' id='block_1_59' title="bbox 1955 2960 3626 3034">
    <p class='ocr_par' dir='ltr' id='par_1_59' title="bbox 1955 2960 3626 3034">
     <span class='ocr_line' id='line_1_59' title="bbox 1955 2960 3626 3034; baseline -0.004 -12"><span class='ocrx_word' id='word_1_387' title='bbox 1955 2971 2080 3022; x_wconf 89' lang='lat' dir='ltr'><strong>tam</strong></span> <span class='ocrx_word' id='word_1_388' title='bbox 2129 2963 2396 3032; x_wconf 82' lang='lat' dir='ltr'><strong>diligenti</strong></span> <span class='ocrx_word' id='word_1_389' title='bbox 2450 2962 2818 3034; x_wconf 85' lang='lat' dir='ltr'><strong>precatione,</strong></span> <span class='ocrx_word' id='word_1_390' title='bbox 2861 2966 2987 3015; x_wconf 89' lang='lat' dir='ltr'><strong>tum</strong></span> <span class='ocrx_word' id='word_1_391' title='bbox 3035 2960 3428 3016; x_wconf 87' lang='lat' dir='ltr'><strong>meditatione</strong></span> <span class='ocrx_word' id='word_1_392' title='bbox 3473 2960 3626 3016; x_wconf 85' lang='lat' dir='ltr'><strong>assi-</strong></span> 
     </span>
    </p>
   </div>
   <div class='ocr_carea' id='block_1_60' title="bbox 1957 3049 3622 3121">
    <p class='ocr_par' dir='ltr' id='par_1_60' title="bbox 1957 3049 3622 3121">
     <span class='ocr_line' id='line_1_60' title="bbox 1957 3049 3622 3121; baseline -0.003 -10"><span class='ocrx_word' id='word_1_393' title='bbox 1957 3056 2081 3112; x_wconf 91' lang='lat' dir='ltr'><strong>dua</strong></span> <span class='ocrx_word' id='word_1_394' title='bbox 2134 3053 2518 3110; x_wconf 84' lang='lat' dir='ltr'><strong>voluntatum</strong></span> <span class='ocrx_word' id='word_1_395' title='bbox 2585 3050 2686 3106; x_wconf 88' lang='lat' dir='ltr'><strong>Dei</strong></span> <span class='ocrx_word' id='word_1_396' title='bbox 2741 3067 2756 3105; x_wconf 86' lang='lat'><strong>:</strong></span> <span class='ocrx_word' id='word_1_397' title='bbox 2818 3050 2916 3104; x_wconf 90' lang='lat' dir='ltr'><strong>cui</strong></span> <span class='ocrx_word' id='word_1_398' title='bbox 2973 3049 3347 3104; x_wconf 85' lang='lat' dir='ltr'><strong>meditationi</strong></span> <span class='ocrx_word' id='word_1_399' title='bbox 3416 3063 3622 3121; x_wconf 88' lang='lat' dir='ltr'><strong>preca-</strong></span> 
     </span>
    </p>
   </div>
   <div class='ocr_carea' id='block_1_61' title="bbox 233 3137 1843 3218">
    <p class='ocr_par' dir='ltr' id='par_1_61' title="bbox 233 3137 1843 3218">
     <span class='ocr_line' id='line_1_61' title="bbox 233 3137 1843 3218; baseline 0.006 -30"><span class='ocrx_word' id='word_1_400' title='bbox 233 3140 331 3197; x_wconf 82' lang='grc' dir='ltr'><strong>τήν</strong></span> <span class='ocrx_word' id='word_1_401' title='bbox 375 3137 586 3209; x_wconf 74' lang='grc' dir='ltr'><strong>ψυχὴν,</strong></span> <span class='ocrx_word' id='word_1_402' title='bbox 631 3146 722 3194; x_wconf 80' lang='grc' dir='ltr'><strong>καὶ</strong></span> <span class='ocrx_word' id='word_1_403' title='bbox 770 3139 1030 3213; x_wconf 80' lang='grc' dir='ltr'><strong>ἀσχολίας</strong></span> <span class='ocrx_word' id='word_1_404' title='bbox 1072 3140 1330 3214; x_wconf 81' lang='grc' dir='ltr'><strong>βιωτικάς</strong></span> <span class='ocrx_word' id='word_1_405' title='bbox 1368 3141 1668 3215; x_wconf 76' lang='grc' dir='ltr'><strong>ἐμποιοῦσι,</strong></span> <span class='ocrx_word' id='word_1_406' title='bbox 1694 3163 1843 3218; x_wconf 87' lang='grc' dir='ltr'><strong>περι·-</strong></span> 
     </span>
    </p>
   </div>
   <div class='ocr_carea' id='block_1_62' title="bbox 1959 3137 3620 3218">
    <p class='ocr_par' dir='ltr' id='par_1_62' title="bbox 1959 3138 3620 3217">
     <span class='ocr_line' id='line_1_62' title="bbox 1959 3138 3620 3217; baseline -0.005 -14"><span class='ocrx_word' id='word_1_407' title='bbox 1959 3144 2249 3217; x_wconf 88' lang='lat' dir='ltr'><strong>tionique,</strong></span> <span class='ocrx_word' id='word_1_408' title='bbox 2300 3143 2454 3198; x_wconf 87' lang='lat' dir='ltr'><strong>inter</strong></span> <span class='ocrx_word' id='word_1_409' title='bbox 2506 3140 2731 3196; x_wconf 89' lang='lat' dir='ltr'><strong>multos</strong></span> <span class='ocrx_word' id='word_1_410' title='bbox 2779 3140 2885 3212; x_wconf 88' lang='lat' dir='ltr'><strong>qui</strong></span> <span class='ocrx_word' id='word_1_411' title='bbox 2930 3138 3206 3194; x_wconf 87' lang='lat' dir='ltr'><strong>animum</strong></span> <span class='ocrx_word' id='word_1_412' title='bbox 3263 3139 3620 3210; x_wconf 87' lang='lat' dir='ltr'><strong>distrahant,</strong></span> 
     </span>
    </p>
   </div>
   <div class='ocr_carea' id='block_1_63' title="bbox 230 3227 1847 3302">
    <p class='ocr_par' dir='ltr' id='par_1_63' title="bbox 230 3227 1847 3302">
     <span class='ocr_line' id='line_1_63' title="bbox 230 3227 1847 3302; baseline 0.005 -22"><span class='ocrx_word' id='word_1_413' title='bbox 230 3230 480 3298; x_wconf 74' lang='grc' dir='ltr'><strong>γενέσθαι</strong></span> <span class='ocrx_word' id='word_1_414' title='bbox 537 3227 836 3302; x_wconf 81' lang='grc' dir='ltr'><strong>ἀμήχανον.</strong></span> <span class='ocrx_word' id='word_1_415' title='bbox 901 3237 1004 3285; x_wconf 71' lang='grc' dir='ltr'><strong>Καὶ</strong></span> <span class='ocrx_word' id='word_1_416' title='bbox 1059 3236 1156 3299; x_wconf 84' lang='grc' dir='ltr'><strong>τό,</strong></span> <span class='ocrx_word' id='word_1_417' title='bbox 1219 3236 1280 3286; x_wconf 72' lang='lat' dir='ltr'><strong>EI</strong></span> <span class='ocrx_word' id='word_1_418' title='bbox 1340 3252 1417 3294; x_wconf 87' lang='grc' dir='ltr'><strong>τις</strong></span> <span class='ocrx_word' id='word_1_419' title='bbox 1481 3233 1612 3287; x_wconf 75' lang='grc' dir='ltr'><strong>θέλει</strong></span> <span class='ocrx_word' id='word_1_420' title='bbox 1676 3239 1847 3288; x_wconf 83' lang='grc' dir='ltr'><strong>ὀπίσω</strong></span> 
     </span>
    </p>
   </div>
   <div class='ocr_carea' id='block_1_64' title="bbox 226 3317 1846 3394">
    <p class='ocr_par' dir='ltr' id='par_1_64' title="bbox 226 3317 1846 3394">
     <span class='ocr_line' id='line_1_64' title="bbox 226 3317 1846 3394; baseline 0.004 -24"><span class='ocrx_word' id='word_1_421' title='bbox 226 3335 331 3390; x_wconf 80' lang='grc' dir='ltr'><strong>μου</strong></span> <span class='ocrx_word' id='word_1_422' title='bbox 401 3317 611 3385; x_wconf 72' lang='grc' dir='ltr'><strong>ἐλθεῖν,</strong></span> <span class='ocrx_word' id='word_1_423' title='bbox 676 3318 1073 3394; x_wconf 77' lang='grc' dir='ltr'><strong>ἀπαρνησάσθω</strong></span> <span class='ocrx_word' id='word_1_424' title='bbox 1150 3321 1332 3375; x_wconf 70' lang='grc' dir='ltr'><strong>ἑαυτὸν</strong></span> <span class='ocrx_word' id='word_1_425' title='bbox 1390 3323 1542 3392; x_wconf 75' lang='grc'><strong>(1⁸2),</strong></span> <span class='ocrx_word' id='word_1_426' title='bbox 1602 3328 1726 3378; x_wconf 89' lang='grc' dir='ltr'><strong>πότε</strong></span> <span class='ocrx_word' id='word_1_427' title='bbox 1785 3327 1846 3377; x_wconf 74' lang='grc' dir='ltr'><strong>ἄν</strong></span> 
     </span>
    </p>
   </div>
   <div class='ocr_carea' id='block_1_65' title="bbox 229 3407 1843 3487">
    <p class='ocr_par' dir='ltr' id='par_1_65' title="bbox 229 3407 1843 3487">
     <span class='ocr_line' id='line_1_65' title="bbox 229 3407 1843 3487; baseline 0.005 -29"><span class='ocrx_word' id='word_1_428' title='bbox 229 3426 309 3470; x_wconf 87' lang='grc' dir='ltr'><strong>τις</strong></span> <span class='ocrx_word' id='word_1_429' title='bbox 339 3407 392 3460; x_wconf 85' lang='grc' dir='ltr'><strong>ἐν</strong></span> <span class='ocrx_word' id='word_1_430' title='bbox 425 3410 635 3467; x_wconf 84' lang='grc' dir='ltr'><strong>τούτοις</strong></span> <span class='ocrx_word' id='word_1_431' title='bbox 665 3408 732 3460; x_wconf 83' lang='grc' dir='ltr'><strong>ὢν</strong></span> <span class='ocrx_word' id='word_1_432' title='bbox 771 3408 1050 3480; x_wconf 83' lang='grc' dir='ltr'><strong>πληρῶσαι</strong></span> <span class='ocrx_word' id='word_1_433' title='bbox 1083 3407 1332 3470; x_wconf 77' lang='grc' dir='ltr'><strong>δυνηθείη</strong></span> <span class='ocrx_word' id='word_1_434' title='bbox 1365 3430 1380 3480; x_wconf 86' lang='lat'><strong>;</strong></span> <span class='ocrx_word' id='word_1_435' title='bbox 1413 3418 1526 3486; x_wconf 83' lang='grc' dir='ltr'><strong>Χρὴ</strong></span> <span class='ocrx_word' id='word_1_436' title='bbox 1555 3416 1653 3487; x_wconf 80' lang='grc' dir='ltr'><strong>γὰρ</strong></span> <span class='ocrx_word' id='word_1_437' title='bbox 1685 3416 1843 3486; x_wconf 79' lang='grc' dir='ltr'><strong>ἡμᾶς,</strong></span> 
     </span>
    </p>
   </div>
   <div class='ocr_carea' id='block_1_66' title="bbox 227 3495 1846 3575">
    <p class='ocr_par' dir='ltr' id='par_1_66' title="bbox 227 3495 1846 3575">
     <span class='ocr_line' id='line_1_66' title="bbox 227 3495 1846 3575; baseline 0.004 -27"><span class='ocrx_word' id='word_1_438' title='bbox 227 3495 706 3571; x_wconf 74' lang='grc' dir='ltr'><strong>ἁπαρνησαμὲνους</strong></span> <span class='ocrx_word' id='word_1_439' title='bbox 750 3497 984 3563; x_wconf 78' lang='grc' dir='ltr'><strong>ἑαυτοὺς,</strong></span> <span class='ocrx_word' id='word_1_440' title='bbox 1048 3504 1139 3551; x_wconf 86' lang='grc' dir='ltr'><strong>καὶ</strong></span> <span class='ocrx_word' id='word_1_441' title='bbox 1202 3501 1430 3572; x_wconf 81' lang='grc' dir='ltr'><strong>ἄραντας</strong></span> <span class='ocrx_word' id='word_1_442' title='bbox 1483 3521 1570 3554; x_wconf 90' lang='grc' dir='ltr'><strong>τον</strong></span> <span class='ocrx_word' id='word_1_443' title='bbox 1621 3507 1846 3575; x_wconf 83' lang='grc' dir='ltr'><strong>σταυρόν</strong></span> 
     </span>
    </p>
   </div>
   <div class='ocr_carea' id='block_1_67' title="bbox 225 3585 1849 3666">
    <p class='ocr_par' dir='ltr' id='par_1_67' title="bbox 225 3585 1849 3666">
     <span class='ocr_line' id='line_1_67' title="bbox 225 3585 1849 3666; baseline 0.004 -28"><span class='ocrx_word' id='word_1_444' title='bbox 225 3594 319 3638; x_wconf 84' lang='grc' dir='ltr'><strong>τοῦ</strong></span> <span class='ocrx_word' id='word_1_445' title='bbox 375 3593 646 3660; x_wconf 79' lang='grc' dir='ltr'><strong>Χριστοῦ,</strong></span> <span class='ocrx_word' id='word_1_446' title='bbox 701 3587 864 3648; x_wconf 71' lang='grc' dir='ltr'><strong>οὕτως</strong></span> <span class='ocrx_word' id='word_1_447' title='bbox 924 3585 1220 3641; x_wconf 80' lang='grc' dir='ltr'><strong>ἀκολουθεῖν</strong></span> <span class='ocrx_word' id='word_1_448' title='bbox 1272 3589 1431 3660; x_wconf 68' lang='grc' dir='ltr'><strong>αὐτῷ.</strong></span> <span class='ocrx_word' id='word_1_449' title='bbox 1480 3589 1736 3666; x_wconf 68' lang='grc' dir='ltr'><strong>’Ἄρνησις</strong></span> <span class='ocrx_word' id='word_1_450' title='bbox 1789 3589 1849 3645; x_wconf 85' lang='grc' dir='ltr'><em>δέ</em></span> 
     </span>
    </p>
   </div>
   <div class='ocr_carea' id='block_1_68' title="bbox 224 3674 1847 3755">
    <p class='ocr_par' dir='ltr' id='par_1_68' title="bbox 224 3674 1847 3755">
     <span class='ocr_line' id='line_1_68' title="bbox 224 3674 1847 3755; baseline 0.003 -25"><span class='ocrx_word' id='word_1_451' title='bbox 224 3674 366 3731; x_wconf 76' lang='grc' dir='ltr'><strong>ἐστιν</strong></span> <span class='ocrx_word' id='word_1_452' title='bbox 418 3678 611 3731; x_wconf 80' lang='grc' dir='ltr'><strong>ἑαυτοῦ</strong></span> <span class='ocrx_word' id='word_1_453' title='bbox 656 3680 684 3737; x_wconf 82' lang='grc' dir='ltr'><strong>ἠ</strong></span> <span class='ocrx_word' id='word_1_454' title='bbox 746 3677 1002 3741; x_wconf 76' lang='grc' dir='ltr'><strong>παντελὴς</strong></span> <span class='ocrx_word' id='word_1_455' title='bbox 1031 3685 1132 3731; x_wconf 84' lang='grc' dir='ltr'><strong>τῶν</strong></span> <span class='ocrx_word' id='word_1_456' title='bbox 1169 3679 1524 3755; x_wconf 80' lang='grc' dir='ltr'><strong>παρελθόντων</strong></span> <span class='ocrx_word' id='word_1_457' title='bbox 1562 3681 1718 3750; x_wconf 83' lang='grc' dir='ltr'><strong>λήθη,</strong></span> <span class='ocrx_word' id='word_1_458' title='bbox 1761 3687 1847 3736; x_wconf 85' lang='grc' dir='ltr'><strong>καὶ</strong></span> 
     </span>
    </p>
   </div>
   <div class='ocr_carea' id='block_1_69' title="bbox 222 3766 1841 3847">
    <p class='ocr_par' dir='ltr' id='par_1_69' title="bbox 222 3766 1841 3847">
     <span class='ocr_line' id='line_1_69' title="bbox 222 3766 1841 3847; baseline 0.003 -26"><span class='ocrx_word' id='word_1_459' title='bbox 222 3769 252 3826; x_wconf 72' lang='grc' dir='ltr'><strong>ἠ</strong></span> <span class='ocrx_word' id='word_1_460' title='bbox 294 3777 400 3821; x_wconf 85' lang='grc' dir='ltr'><strong>τῶν</strong></span> <span class='ocrx_word' id='word_1_461' title='bbox 436 3766 744 3841; x_wconf 83' lang='grc' dir='ltr'><strong>θελημοὶτων</strong></span> <span class='ocrx_word' id='word_1_462' title='bbox 787 3768 974 3822; x_wconf 85' lang='grc' dir='ltr'><strong>ἑαυτοῦ</strong></span> <span class='ocrx_word' id='word_1_463' title='bbox 1031 3771 1147 3839; x_wconf 75' lang='grc'><strong>(13)</strong></span> <span class='ocrx_word' id='word_1_464' title='bbox 1199 3771 1562 3846; x_wconf 79' lang='grc' dir='ltr'><strong>ἀναχώρησις,</strong></span> <span class='ocrx_word' id='word_1_465' title='bbox 1609 3771 1669 3831; x_wconf 72' lang='grc' dir='ltr'><strong>ἢν</strong></span> <span class='ocrx_word' id='word_1_466' title='bbox 1703 3771 1750 3826; x_wconf 82' lang='grc' dir='ltr'><strong>ἐν</strong></span> <span class='ocrx_word' id='word_1_467' title='bbox 1780 3781 1841 3847; x_wconf 74' lang='grc' dir='ltr'><strong>τῇ</strong></span> 
     </span>
    </p>
   </div>
   <div class='ocr_carea' id='block_1_70' title="bbox 221 3854 1844 3935">
    <p class='ocr_par' dir='ltr' id='par_1_70' title="bbox 221 3854 1844 3935">
     <span class='ocr_line' id='line_1_70' title="bbox 221 3854 1844 3935; baseline 0.004 -25"><span class='ocrx_word' id='word_1_468' title='bbox 221 3854 513 3932; x_wconf 77' lang='grc' dir='ltr'><strong>ἀδιαφόρῳ</strong></span> <span class='ocrx_word' id='word_1_469' title='bbox 545 3860 797 3932; x_wconf 82' lang='grc' dir='ltr'><strong>συνηθείᾳ</strong></span> <span class='ocrx_word' id='word_1_470' title='bbox 837 3859 1010 3920; x_wconf 78' lang='grc' dir='ltr'><strong>ζῶντα</strong></span> <span class='ocrx_word' id='word_1_471' title='bbox 1037 3862 1374 3935; x_wconf 82' lang='grc' dir='ltr'><strong>κατορθῶσαι</strong></span> <span class='ocrx_word' id='word_1_472' title='bbox 1425 3858 1844 3932; x_wconf 84' lang='grc' dir='ltr'><strong>δυσκολώτατον,</strong></span> 
     </span>
    </p>
   </div>
   <div class='ocr_carea' id='block_1_71' title="bbox 218 3946 1846 4022">
    <p class='ocr_par' dir='ltr' id='par_1_71' title="bbox 218 3946 1846 4022">
     <span class='ocr_line' id='line_1_71' title="bbox 218 3946 1846 4022; baseline 0.006 -23"><span class='ocrx_word' id='word_1_473' title='bbox 218 3950 308 4002; x_wconf 81' lang='grc' dir='ltr'><strong>ἶνα</strong></span> <span class='ocrx_word' id='word_1_474' title='bbox 366 3953 443 4022; x_wconf 78' lang='grc' dir='ltr'><strong>μὴ</strong></span> <span class='ocrx_word' id='word_1_475' title='bbox 502 3946 653 4020; x_wconf 71' lang='grc' dir='ltr'><strong>λέγω,</strong></span> <span class='ocrx_word' id='word_1_476' title='bbox 711 3950 792 4002; x_wconf 86' lang='grc' dir='ltr'><strong>ὅτι</strong></span> <span class='ocrx_word' id='word_1_477' title='bbox 843 3950 1101 4012; x_wconf 84' lang='grc' dir='ltr'><strong>παντελῶς</strong></span> <span class='ocrx_word' id='word_1_478' title='bbox 1158 3947 1510 4008; x_wconf 84' lang='grc' dir='ltr'><strong>ἀνεπίδεκτον.</strong></span> <span class='ocrx_word' id='word_1_479' title='bbox 1556 3952 1710 4006; x_wconf 84' lang='grc' dir='ltr'><strong>Ἀλλά</strong></span> <span class='ocrx_word' id='word_1_480' title='bbox 1757 3958 1846 4008; x_wconf 75' lang='grc' dir='ltr'><strong>καὶ</strong></span> 
     </span>
    </p>
   </div>
   <div class='ocr_carea' id='block_1_72' title="bbox 217 4032 1848 4115">
    <p class='ocr_par' dir='ltr' id='par_1_72' title="bbox 217 4032 1848 4115">
     <span class='ocr_line' id='line_1_72' title="bbox 217 4032 1848 4115; baseline 0.005 -25"><span class='ocrx_word' id='word_1_481' title='bbox 217 4041 352 4110; x_wconf 82' lang='grc' dir='ltr'><strong>πρὸς</strong></span> <span class='ocrx_word' id='word_1_482' title='bbox 407 4041 470 4091; x_wconf 87' lang='grc' dir='ltr'><strong>τὸ</strong></span> <span class='ocrx_word' id='word_1_483' title='bbox 506 4032 630 4112; x_wconf 83' lang='grc' dir='ltr'><strong>ἆραι</strong></span> <span class='ocrx_word' id='word_1_484' title='bbox 666 4041 755 4091; x_wconf 83' lang='grc' dir='ltr'><strong>τὸν</strong></span> <span class='ocrx_word' id='word_1_485' title='bbox 811 4044 1034 4114; x_wconf 88' lang='grc' dir='ltr'><strong>σταυρὸν</strong></span> <span class='ocrx_word' id='word_1_486' title='bbox 1083 4040 1270 4094; x_wconf 84' lang='grc' dir='ltr'><strong>ἑκυτοῦ</strong></span> <span class='ocrx_word' id='word_1_487' title='bbox 1319 4046 1410 4096; x_wconf 80' lang='grc' dir='ltr'><strong>καὶ</strong></span> <span class='ocrx_word' id='word_1_488' title='bbox 1449 4040 1745 4096; x_wconf 78' lang='grc' dir='ltr'><strong>ἀκολουθεῖν</strong></span> <span class='ocrx_word' id='word_1_489' title='bbox 1774 4052 1848 4115; x_wconf 78' lang='grc' dir='ltr'><strong>τῷ</strong></span> 
     </span>
    </p>
   </div>
   <div class='ocr_carea' id='block_1_73' title="bbox 218 4125 1849 4206">
    <p class='ocr_par' dir='ltr' id='par_1_73' title="bbox 218 4125 1849 4206">
     <span class='ocr_line' id='line_1_73' title="bbox 218 4125 1849 4206; baseline 0.002 -24"><span class='ocrx_word' id='word_1_490' title='bbox 218 4134 453 4203; x_wconf 80' lang='grc' dir='ltr'><strong>Χριστῷ</strong></span> <span class='ocrx_word' id='word_1_491' title='bbox 488 4125 742 4200; x_wconf 84' lang='grc' dir='ltr'><strong>ἐμπόδιόν</strong></span> <span class='ocrx_word' id='word_1_492' title='bbox 772 4127 914 4181; x_wconf 72' lang='grc' dir='ltr'><strong>ἔστιν</strong></span> <span class='ocrx_word' id='word_1_493' title='bbox 961 4131 992 4188; x_wconf 86' lang='grc' dir='ltr'><strong>ἠ</strong></span> <span class='ocrx_word' id='word_1_494' title='bbox 1042 4133 1168 4204; x_wconf 80' lang='grc' dir='ltr'><strong>πρὸς</strong></span> <span class='ocrx_word' id='word_1_495' title='bbox 1210 4133 1299 4184; x_wconf 84' lang='grc' dir='ltr'><strong>τὸν</strong></span> <span class='ocrx_word' id='word_1_496' title='bbox 1329 4139 1563 4186; x_wconf 89' lang='grc' dir='ltr'><strong>τοιοῦτον</strong></span> <span class='ocrx_word' id='word_1_497' title='bbox 1596 4131 1712 4206; x_wconf 83' lang='grc' dir='ltr'><strong>βίον</strong></span> <span class='ocrx_word' id='word_1_498' title='bbox 1742 4132 1849 4186; x_wconf 79' lang='grc' dir='ltr'><strong>ἐπι-</strong></span> 
     </span>
    </p>
   </div>
   <div class='ocr_carea' id='block_1_74' title="bbox 215 4215 1847 4298">
    <p class='ocr_par' dir='ltr' id='par_1_74' title="bbox 215 4215 1847 4298">
     <span class='ocr_line' id='line_1_74' title="bbox 215 4215 1847 4298; baseline -0.002 -28"><span class='ocrx_word' id='word_1_499' title='bbox 215 4216 399 4291; x_wconf 81' lang='grc' dir='ltr'><strong>μιξία,</strong></span> <span class='ocrx_word' id='word_1_500' title='bbox 466 4216 526 4272; x_wconf 71' lang='grc' dir='ltr'>Ἠ</span> <span class='ocrx_word' id='word_1_501' title='bbox 574 4215 676 4292; x_wconf 76' lang='grc' dir='ltr'><strong>γάρ</strong></span> <span class='ocrx_word' id='word_1_502' title='bbox 737 4218 1016 4291; x_wconf 75' lang='grc' dir='ltr'><strong>ἑτοιμασία</strong></span> <span class='ocrx_word' id='word_1_503' title='bbox 1076 4223 1208 4292; x_wconf 86' lang='grc' dir='ltr'><strong>πρὸς</strong></span> <span class='ocrx_word' id='word_1_504' title='bbox 1253 4221 1364 4292; x_wconf 76' lang='grc'><strong>(14)</strong></span> <span class='ocrx_word' id='word_1_505' title='bbox 1418 4225 1506 4274; x_wconf 83' lang='grc' dir='ltr'><strong>τὸν</strong></span> <span class='ocrx_word' id='word_1_506' title='bbox 1543 4223 1670 4296; x_wconf 64' lang='grc' dir='ltr'><strong>ὑπὲρ</strong></span> <span class='ocrx_word' id='word_1_507' title='bbox 1712 4232 1847 4298; x_wconf 79' lang='grc' dir='ltr'><strong>Χρι-</strong></span> 
     </span>
    </p>
   </div>
   <div class='ocr_carea' id='block_1_75' title="bbox 1958 3227 3623 3303">
    <p class='ocr_par' dir='ltr' id='par_1_75' title="bbox 1958 3227 3623 3303">
     <span class='ocr_line' id='line_1_75' title="bbox 1958 3227 3623 3303; baseline -0.001 -17"><span class='ocrx_word' id='word_1_508' title='bbox 1958 3246 2218 3303; x_wconf 87' lang='lat' dir='ltr'><strong>eumque</strong></span> <span class='ocrx_word' id='word_1_509' title='bbox 2241 3230 2300 3286; x_wconf 91' lang='lat' dir='ltr'><strong>in</strong></span> <span class='ocrx_word' id='word_1_510' title='bbox 2323 3231 2456 3285; x_wconf 65' lang='lat' dir='ltr'><strong>vitae</strong></span> <span class='ocrx_word' id='word_1_511' title='bbox 2479 3228 2670 3300; x_wconf 88' lang='lat' dir='ltr'><strong>hujus</strong></span> <span class='ocrx_word' id='word_1_512' title='bbox 2690 3227 2949 3297; x_wconf 77' lang='lat' dir='ltr'><strong>negotiis</strong></span> <span class='ocrx_word' id='word_1_513' title='bbox 2971 3231 3340 3300; x_wconf 88' lang='lat' dir='ltr'><strong>occupatum</strong></span> <span class='ocrx_word' id='word_1_514' title='bbox 3365 3231 3623 3296; x_wconf 87' lang='lat' dir='ltr'><strong>teneant,</strong></span> 
     </span>
    </p>
   </div>
   <div class='ocr_carea' id='block_1_76' title="bbox 1955 3317 3624 3392">
    <p class='ocr_par' dir='ltr' id='par_1_76' title="bbox 1955 3317 3624 3392">
     <span class='ocr_line' id='line_1_76' title="bbox 1955 3317 3624 3392; baseline -0.001 -16"><span class='ocrx_word' id='word_1_515' title='bbox 1955 3336 2175 3378; x_wconf 82' lang='lat' dir='ltr'><strong>vacare</strong></span> <span class='ocrx_word' id='word_1_516' title='bbox 2203 3335 2322 3377; x_wconf 84' lang='lat' dir='ltr'><strong>non</strong></span> <span class='ocrx_word' id='word_1_517' title='bbox 2352 3335 2706 3392; x_wconf 82' lang='lat' dir='ltr'><strong>possumus.</strong></span> <span class='ocrx_word' id='word_1_518' title='bbox 2740 3321 2806 3375; x_wconf 87' lang='lat' dir='ltr'><strong>Et</strong></span> <span class='ocrx_word' id='word_1_519' title='bbox 2835 3317 2986 3374; x_wconf 88' lang='lat' dir='ltr'><strong>illud</strong></span> <span class='ocrx_word' id='word_1_520' title='bbox 3015 3336 3028 3374; x_wconf 93' lang='lat'><strong>:</strong></span> <span class='ocrx_word' id='word_1_521' title='bbox 3065 3319 3133 3374; x_wconf 86' lang='lat' dir='ltr'><strong>Si</strong></span> <span class='ocrx_word' id='word_1_522' title='bbox 3163 3319 3296 3390; x_wconf 80' lang='lat' dir='ltr'><strong>quis</strong></span> <span class='ocrx_word' id='word_1_523' title='bbox 3326 3320 3458 3374; x_wconf 82' lang='lat' dir='ltr'><strong>vult</strong></span> <span class='ocrx_word' id='word_1_524' title='bbox 3489 3324 3624 3389; x_wconf 82' lang='lat' dir='ltr'><strong>post</strong></span> 
     </span>
    </p>
   </div>
   <div class='ocr_carea' id='block_1_77' title="bbox 1955 3408 3621 3480">
    <p class='ocr_par' dir='ltr' id='par_1_77' title="bbox 1955 3408 3621 3480">
     <span class='ocr_line' id='line_1_77' title="bbox 1955 3408 3621 3480; baseline -0.004 -10"><span class='ocrx_word' id='word_1_525' title='bbox 1955 3427 2048 3470; x_wconf 87' lang='lat' dir='ltr'><strong>me</strong></span> <span class='ocrx_word' id='word_1_526' title='bbox 2067 3411 2290 3473; x_wconf 83' lang='lat' dir='ltr'><strong>venire,</strong></span> <span class='ocrx_word' id='word_1_527' title='bbox 2313 3410 2566 3479; x_wconf 83' lang='lat' dir='ltr'><strong>abneget</strong></span> <span class='ocrx_word' id='word_1_528' title='bbox 2592 3409 3047 3478; x_wconf 71' lang='lat' dir='ltr'><strong>semetipsum”,</strong></span> <span class='ocrx_word' id='word_1_529' title='bbox 3065 3408 3205 3480; x_wconf 84' lang='lat' dir='ltr'><strong>quis</strong></span> <span class='ocrx_word' id='word_1_530' title='bbox 3231 3423 3503 3480; x_wconf 88' lang='lat' dir='ltr'><strong>unquam</strong></span> <span class='ocrx_word' id='word_1_531' title='bbox 3531 3409 3621 3464; x_wconf 57' lang='lat' dir='ltr'><strong>in.</strong></span> 
     </span>
    </p>
   </div>
   <div class='ocr_carea' id='block_1_78' title="bbox 1957 3498 3620 3570">
    <p class='ocr_par' dir='ltr' id='par_1_78' title="bbox 1957 3498 3620 3570">
     <span class='ocr_line' id='line_1_78' title="bbox 1957 3498 3620 3570; baseline -0.002 -12"><span class='ocrx_word' id='word_1_532' title='bbox 1957 3506 2044 3558; x_wconf 88' lang='lat' dir='ltr'><strong>ter</strong></span> <span class='ocrx_word' id='word_1_533' title='bbox 2072 3501 2184 3556; x_wconf 90' lang='lat' dir='ltr'><strong>hos</strong></span> <span class='ocrx_word' id='word_1_534' title='bbox 2209 3501 2437 3569; x_wconf 79' lang='lat' dir='ltr'><strong>degens</strong></span> <span class='ocrx_word' id='word_1_535' title='bbox 2465 3498 2705 3570; x_wconf 83' lang='lat' dir='ltr'><strong>explere</strong></span> <span class='ocrx_word' id='word_1_536' title='bbox 2730 3499 2990 3570; x_wconf 74' lang='lat' dir='ltr'><strong>poterit?</strong></span> <span class='ocrx_word' id='word_1_537' title='bbox 3028 3500 3146 3553; x_wconf 84' lang='lat' dir='ltr'><strong>Nos</strong></span> <span class='ocrx_word' id='word_1_538' title='bbox 3176 3498 3337 3555; x_wconf 89' lang='lat' dir='ltr'><strong>enim</strong></span> <span class='ocrx_word' id='word_1_539' title='bbox 3368 3502 3620 3570; x_wconf 89' lang='lat' dir='ltr'><strong>oportet,</strong></span> 
     </span>
    </p>
   </div>
   <div class='ocr_carea' id='block_1_79' title="bbox 1959 3587 3625 3662">
    <p class='ocr_par' dir='ltr' id='par_1_79' title="bbox 1959 3587 3625 3662">
     <span class='ocr_line' id='line_1_79' title="bbox 1959 3587 3625 3662; baseline -0.001 -15"><span class='ocrx_word' id='word_1_540' title='bbox 1959 3593 2006 3648; x_wconf 90' lang='lat' dir='ltr'><strong>si</strong></span> <span class='ocrx_word' id='word_1_541' title='bbox 2037 3591 2447 3662; x_wconf 87' lang='lat' dir='ltr'><strong>nosmetipsos</strong></span> <span class='ocrx_word' id='word_1_542' title='bbox 2473 3589 2874 3658; x_wconf 86' lang='lat' dir='ltr'><strong>abnegemus,</strong></span> <span class='ocrx_word' id='word_1_543' title='bbox 2908 3593 2965 3643; x_wconf 88' lang='lat' dir='ltr'><strong>et</strong></span> <span class='ocrx_word' id='word_1_544' title='bbox 2995 3603 3239 3643; x_wconf 89' lang='lat' dir='ltr'><strong>crucem</strong></span> <span class='ocrx_word' id='word_1_545' title='bbox 3282 3588 3492 3644; x_wconf 84' lang='lat' dir='ltr'><strong>Christi</strong></span> <span class='ocrx_word' id='word_1_546' title='bbox 3519 3587 3625 3645; x_wconf 86' lang='lat' dir='ltr'><strong>tol-</strong></span> 
     </span>
    </p>
   </div>
   <div class='ocr_carea' id='block_1_80' title="bbox 1956 3677 3624 3751">
    <p class='ocr_par' dir='ltr' id='par_1_80' title="bbox 1956 3677 3624 3751">
     <span class='ocr_line' id='line_1_80' title="bbox 1956 3677 3624 3751; baseline -0.003 -12"><span class='ocrx_word' id='word_1_547' title='bbox 1956 3682 2177 3750; x_wconf 90' lang='lat' dir='ltr'><strong>lamus,</strong></span> <span class='ocrx_word' id='word_1_548' title='bbox 2211 3681 2297 3736; x_wconf 90' lang='lat' dir='ltr'><strong>sic</strong></span> <span class='ocrx_word' id='word_1_549' title='bbox 2345 3681 2547 3751; x_wconf 89' lang='lat' dir='ltr'><strong>ipsum</strong></span> <span class='ocrx_word' id='word_1_550' title='bbox 2594 3677 2782 3750; x_wconf 89' lang='lat' dir='ltr'><strong>sequi.</strong></span> <span class='ocrx_word' id='word_1_551' title='bbox 2817 3677 3130 3746; x_wconf 80' lang='lat' dir='ltr'><strong>Abnegare</strong></span> <span class='ocrx_word' id='word_1_552' title='bbox 3167 3682 3371 3733; x_wconf 86' lang='lat' dir='ltr'><strong>autem</strong></span> <span class='ocrx_word' id='word_1_553' title='bbox 3411 3682 3624 3734; x_wconf 88' lang='lat' dir='ltr'><strong>semet-</strong></span> 
     </span>
    </p>
   </div>
   <div class='ocr_carea' id='block_1_81' title="bbox 1959 3766 3624 3845">
    <p class='ocr_par' dir='ltr' id='par_1_81' title="bbox 1959 3766 3624 3845">
     <span class='ocr_line' id='line_1_81' title="bbox 1959 3766 3624 3845; baseline -0.003 -17"><span class='ocrx_word' id='word_1_554' title='bbox 1959 3774 2158 3845; x_wconf 89' lang='lat' dir='ltr'><strong>ipsum</strong></span> <span class='ocrx_word' id='word_1_555' title='bbox 2193 3775 2281 3827; x_wconf 89' lang='lat' dir='ltr'><strong>est</strong></span> <span class='ocrx_word' id='word_1_556' title='bbox 2302 3768 2742 3843; x_wconf 60' lang='lat' dir='ltr'><strong>praeteritorum</strong></span> <span class='ocrx_word' id='word_1_557' title='bbox 2770 3783 3020 3840; x_wconf 90' lang='lat' dir='ltr'><strong>prorsus</strong></span> <span class='ocrx_word' id='word_1_558' title='bbox 3048 3766 3344 3832; x_wconf 88' lang='lat' dir='ltr'><strong>oblivisci,</strong></span> <span class='ocrx_word' id='word_1_559' title='bbox 3369 3771 3557 3839; x_wconf 88' lang='lat' dir='ltr'><strong>.atque</strong></span> <span class='ocrx_word' id='word_1_560' title='bbox 3588 3783 3624 3823; x_wconf 87' lang='lat' dir='ltr'><strong>a</strong></span> 
     </span>
    </p>
   </div>
   <div class='ocr_carea' id='block_1_82' title="bbox 1958 3856 3623 3929">
    <p class='ocr_par' dir='ltr' id='par_1_82' title="bbox 1958 3856 3623 3929">
     <span class='ocr_line' id='line_1_82' title="bbox 1958 3856 3623 3929; baseline -0.004 -10"><span class='ocrx_word' id='word_1_561' title='bbox 1958 3861 2373 3919; x_wconf 84' lang='lat' dir='ltr'><strong>voluntatibus</strong></span> <span class='ocrx_word' id='word_1_562' title='bbox 2395 3860 2517 3914; x_wconf 87' lang='lat' dir='ltr'><strong>suis</strong></span> <span class='ocrx_word' id='word_1_563' title='bbox 2537 3857 2816 3914; x_wconf 84' lang='lat' dir='ltr'><strong>secedere</strong></span> <span class='ocrx_word' id='word_1_564' title='bbox 2841 3875 2852 3912; x_wconf 93' lang='lat'><strong>:</strong></span> <span class='ocrx_word' id='word_1_565' title='bbox 2873 3873 3054 3929; x_wconf 90' lang='lat' dir='ltr'><strong>quem</strong></span> <span class='ocrx_word' id='word_1_566' title='bbox 3078 3872 3382 3913; x_wconf 83' lang='lat' dir='ltr'><strong>secessum</strong></span> <span class='ocrx_word' id='word_1_567' title='bbox 3403 3856 3464 3912; x_wconf 91' lang='lat' dir='ltr'><strong>in</strong></span> <span class='ocrx_word' id='word_1_568' title='bbox 3487 3871 3623 3928; x_wconf 68' lang='lat' dir='ltr'><strong>proo</strong></span> 
     </span>
    </p>
   </div>
   <div class='ocr_carea' id='block_1_83' title="bbox 1957 3945 3622 4009">
    <p class='ocr_par' dir='ltr' id='par_1_83' title="bbox 1957 3945 3622 4009">
     <span class='ocr_line' id='line_1_83' title="bbox 1957 3945 3622 4009; baseline -0.004 -1"><span class='ocrx_word' id='word_1_569' title='bbox 1957 3953 2195 4009; x_wconf 84' lang='lat' dir='ltr'><strong>miscun</strong></span> <span class='ocrx_word' id='word_1_570' title='bbox 2221 3949 2540 4006; x_wconf 89' lang='lat' dir='ltr'><strong>hominum</strong></span> <span class='ocrx_word' id='word_1_571' title='bbox 2570 3946 3011 4004; x_wconf 89' lang='lat' dir='ltr'><strong>consuetudine</strong></span> <span class='ocrx_word' id='word_1_572' title='bbox 3061 3961 3301 4002; x_wconf 87' lang='lat' dir='ltr'><strong>servare</strong></span> <span class='ocrx_word' id='word_1_573' title='bbox 3343 3945 3622 4002; x_wconf 80' lang='lat' dir='ltr'><strong>difﬁcilli-</strong></span> 
     </span>
    </p>
   </div>
   <div class='ocr_carea' id='block_1_84' title="bbox 1959 4034 3623 4108">
    <p class='ocr_par' dir='ltr' id='par_1_84' title="bbox 1959 4034 3623 4108">
     <span class='ocr_line' id='line_1_84' title="bbox 1959 4034 3623 4108; baseline -0.004 -9"><span class='ocrx_word' id='word_1_574' title='bbox 1959 4058 2128 4099; x_wconf 87' lang='lat' dir='ltr'><strong>mum</strong></span> <span class='ocrx_word' id='word_1_575' title='bbox 2160 4040 2356 4108; x_wconf 85' lang='lat' dir='ltr'><strong>fuerit,</strong></span> <span class='ocrx_word' id='word_1_576' title='bbox 2385 4055 2459 4094; x_wconf 90' lang='lat' dir='ltr'><strong>ne</strong></span> <span class='ocrx_word' id='word_1_577' title='bbox 2489 4037 2694 4094; x_wconf 89' lang='lat' dir='ltr'><strong>dicam</strong></span> <span class='ocrx_word' id='word_1_578' title='bbox 2723 4036 2955 4093; x_wconf 89' lang='lat' dir='ltr'><strong>viribus</strong></span> <span class='ocrx_word' id='word_1_579' title='bbox 2993 4035 3249 4092; x_wconf 90' lang='lat' dir='ltr'><strong>omnino</strong></span> <span class='ocrx_word' id='word_1_580' title='bbox 3277 4034 3496 4107; x_wconf 88' lang='lat' dir='ltr'><strong>impar.</strong></span> <span class='ocrx_word' id='word_1_581' title='bbox 3529 4041 3623 4093; x_wconf 80' lang='lat' dir='ltr'><strong>At~</strong></span> 
     </span>
    </p>
   </div>
   <div class='ocr_carea' id='block_1_85' title="bbox 1959 4127 3626 4206">
    <p class='ocr_par' dir='ltr' id='par_1_85' title="bbox 1959 4127 3626 4206">
     <span class='ocr_line' id='line_1_85' title="bbox 1959 4127 3626 4206; baseline -0.004 -18"><span class='ocrx_word' id='word_1_582' title='bbox 1959 4148 2079 4206; x_wconf 90' lang='lat' dir='ltr'><strong>que</strong></span> <span class='ocrx_word' id='word_1_583' title='bbox 2107 4131 2289 4188; x_wconf 88' lang='lat' dir='ltr'><strong>etiam</strong></span> <span class='ocrx_word' id='word_1_584' title='bbox 2310 4145 2385 4186; x_wconf 89' lang='lat' dir='ltr'><strong>ne</strong></span> <span class='ocrx_word' id='word_1_585' title='bbox 2415 4128 2551 4202; x_wconf 91' lang='lat' dir='ltr'><strong>quis</strong></span> <span class='ocrx_word' id='word_1_586' title='bbox 2577 4127 2744 4185; x_wconf 88' lang='lat' dir='ltr'><strong>tollat</strong></span> <span class='ocrx_word' id='word_1_587' title='bbox 2773 4142 3018 4183; x_wconf 86' lang='lat' dir='ltr'><strong>crucem</strong></span> <span class='ocrx_word' id='word_1_588' title='bbox 3059 4141 3258 4193; x_wconf 87' lang='lat' dir='ltr'><strong>suam,</strong></span> <span class='ocrx_word' id='word_1_589' title='bbox 3302 4127 3626 4183; x_wconf 81' lang='lat' dir='ltr'><strong>Christum-</strong></span> 
     </span>
    </p>
   </div>
   <div class='ocr_carea' id='block_1_86' title="bbox 1958 4213 3626 4296">
    <p class='ocr_par' dir='ltr' id='par_1_86' title="bbox 1958 4213 3626 4296">
     <span class='ocr_line' id='line_1_86' title="bbox 1958 4213 3626 4296; baseline -0.004 -17"><span class='ocrx_word' id='word_1_590' title='bbox 1958 4239 2077 4296; x_wconf 88' lang='lat' dir='ltr'><strong>que</strong></span> <span class='ocrx_word' id='word_1_591' title='bbox 2102 4225 2409 4294; x_wconf 87' lang='lat' dir='ltr'><strong>sequatur,</strong></span> <span class='ocrx_word' id='word_1_592' title='bbox 2439 4218 2876 4290; x_wconf 89' lang='lat' dir='ltr'><strong>impedimento</strong></span> <span class='ocrx_word' id='word_1_593' title='bbox 2899 4221 2991 4273; x_wconf 87' lang='lat' dir='ltr'><strong>est</strong></span> <span class='ocrx_word' id='word_1_594' title='bbox 3027 4216 3334 4288; x_wconf 84' lang='lat' dir='ltr'><strong>ejusmodi</strong></span> <span class='ocrx_word' id='word_1_595' title='bbox 3361 4213 3497 4272; x_wconf 63' lang='lat' dir='ltr'><strong>vitae</strong></span> <span class='ocrx_word' id='word_1_596' title='bbox 3529 4232 3626 4273; x_wconf 87' lang='lat' dir='ltr'><strong>so-</strong></span> 
     </span>
    </p>
   </div>
   <div class='ocr_carea' id='block_1_87' title="bbox 217 4291 1843 4383">
    <p class='ocr_par' dir='ltr' id='par_1_87' title="bbox 217 4308 1843 4383">
     <span class='ocr_line' id='line_1_87' title="bbox 217 4308 1843 4383; baseline 0.002 -23"><span class='ocrx_word' id='word_1_597' title='bbox 217 4315 353 4360; x_wconf 80' lang='grc' dir='ltr'><strong>στοῦ</strong></span> <span class='ocrx_word' id='word_1_598' title='bbox 420 4308 664 4374; x_wconf 78' lang='grc' dir='ltr'><strong>θάνατον,</strong></span> <span class='ocrx_word' id='word_1_599' title='bbox 712 4312 802 4360; x_wconf 80' lang='grc' dir='ltr'><strong>καὶ</strong></span> <span class='ocrx_word' id='word_1_600' title='bbox 855 4309 885 4366; x_wconf 81' lang='grc' dir='ltr'><strong>ἡ</strong></span> <span class='ocrx_word' id='word_1_601' title='bbox 941 4311 1193 4381; x_wconf 82' lang='grc' dir='ltr'><strong>νέκρωσις</strong></span> <span class='ocrx_word' id='word_1_602' title='bbox 1245 4316 1346 4361; x_wconf 85' lang='grc' dir='ltr'><strong>τῶν</strong></span> <span class='ocrx_word' id='word_1_603' title='bbox 1402 4311 1564 4383; x_wconf 83' lang='grc' dir='ltr'><strong>μελῶν</strong></span> <span class='ocrx_word' id='word_1_604' title='bbox 1603 4320 1704 4366; x_wconf 86' lang='grc' dir='ltr'><strong>τῶν</strong></span> <span class='ocrx_word' id='word_1_605' title='bbox 1767 4312 1843 4366; x_wconf 74' lang='grc' dir='ltr'><strong>ἰπὶ</strong></span> 
     </span>
    </p>
   </div>
   <div class='ocr_carea' id='block_1_88' title="bbox 1959 4291 3623 4383">
    <p class='ocr_par' dir='ltr' id='par_1_88' title="bbox 1959 4291 3623 4382">
     <span class='ocr_line' id='line_1_88' title="bbox 1959 4291 3623 4382; baseline -0.004 -13"><span class='ocrx_word' id='word_1_606' title='bbox 1959 4291 2160 4369; x_wconf 61' lang='lat' dir='ltr'><strong>dictas.</strong></span> <span class='ocrx_word' id='word_1_607' title='bbox 2186 4291 2337 4366; x_wconf 63' lang='lat' dir='ltr'><strong>Nam</strong></span> <span class='ocrx_word' id='word_1_608' title='bbox 2368 4324 2714 4382; x_wconf 73' lang='lat' dir='ltr'><strong>praeparare</strong></span> <span class='ocrx_word' id='word_1_609' title='bbox 2744 4323 2806 4362; x_wconf 92' lang='lat' dir='ltr'><strong>se</strong></span> <span class='ocrx_word' id='word_1_610' title='bbox 2837 4306 2919 4364; x_wconf 92' lang='lat' dir='ltr'><strong>ad</strong></span> <span class='ocrx_word' id='word_1_611' title='bbox 2948 4311 3208 4363; x_wconf 89' lang='lat' dir='ltr'><strong>mortem</strong></span> <span class='ocrx_word' id='word_1_612' title='bbox 3247 4322 3358 4379; x_wconf 89' lang='lat' dir='ltr'><strong>pro</strong></span> <span class='ocrx_word' id='word_1_613' title='bbox 3390 4305 3623 4363; x_wconf 86' lang='lat' dir='ltr'><strong>Christo</strong></span> 
     </span>
    </p>
   </div>
   <div class='ocr_carea' id='block_1_89' title="bbox 210 4401 1842 4474">
    <p class='ocr_par' dir='ltr' id='par_1_89' title="bbox 210 4401 1842 4474">
     <span class='ocr_line' id='line_1_89' title="bbox 210 4401 1842 4474; baseline 0.005 -26"><span class='ocrx_word' id='word_1_614' title='bbox 210 4405 311 4462; x_wconf 75' lang='grc' dir='ltr'><strong>τῆς</strong></span> <span class='ocrx_word' id='word_1_615' title='bbox 376 4403 521 4469; x_wconf 83' lang='grc' dir='ltr'><strong>γῆς,</strong></span> <span class='ocrx_word' id='word_1_616' title='bbox 583 4402 674 4450; x_wconf 81' lang='grc' dir='ltr'><strong>καὶ</strong></span> <span class='ocrx_word' id='word_1_617' title='bbox 717 4401 775 4450; x_wconf 86' lang='grc' dir='ltr'><strong>τό</strong></span> <span class='ocrx_word' id='word_1_618' title='bbox 823 4401 1286 4470; x_wconf 73' lang='grc' dir='ltr'><strong>παρατεταγμένως</strong></span> <span class='ocrx_word' id='word_1_619' title='bbox 1325 4404 1453 4474; x_wconf 82' lang='grc' dir='ltr'><strong>πρὸς</strong></span> <span class='ocrx_word' id='word_1_620' title='bbox 1510 4403 1680 4456; x_wconf 81' lang='grc' dir='ltr'><strong>πάντα</strong></span> <span class='ocrx_word' id='word_1_621' title='bbox 1725 4407 1842 4456; x_wconf 68' lang='grc' dir='ltr'><strong>κίνε-</strong></span> 
     </span>
    </p>
   </div>
   <div class='ocr_carea' id='block_1_90' title="bbox 285 4541 1569 4612">
    <p class='ocr_par' dir='ltr' id='par_1_90' title="bbox 285 4541 1569 4612">
     <span class='ocr_line' id='line_1_90' title="bbox 285 4541 1569 4612; baseline 0.001 -14"><span class='ocrx_word' id='word_1_622' title='bbox 285 4542 334 4577; x_wconf 80' lang='grc'><strong>⁸⁷</strong></span> <span class='ocrx_word' id='word_1_623' title='bbox 372 4542 557 4598; x_wconf 88' lang='lat' dir='ltr'><strong>Prov.</strong></span> <span class='ocrx_word' id='word_1_624' title='bbox 585 4555 724 4610; x_wconf 83' lang='lat' dir='ltr'><strong>xxu,</strong></span> <span class='ocrx_word' id='word_1_625' title='bbox 756 4543 846 4609; x_wconf 79' lang='grc'><strong>24,</strong></span> <span class='ocrx_word' id='word_1_626' title='bbox 879 4543 967 4597; x_wconf 76' lang='grc'><strong>25.</strong></span> <span class='ocrx_word' id='word_1_627' title='bbox 1048 4542 1093 4576; x_wconf 77' lang='grc'><strong>⁸³</strong></span> <span class='ocrx_word' id='word_1_628' title='bbox 1122 4545 1167 4598; x_wconf 87' lang='lat' dir='ltr'><strong>II</strong></span> <span class='ocrx_word' id='word_1_629' title='bbox 1197 4541 1329 4598; x_wconf 89' lang='lat' dir='ltr'><strong>Cor.</strong></span> <span class='ocrx_word' id='word_1_630' title='bbox 1361 4558 1442 4612; x_wconf 74' lang='lat' dir='ltr'><strong>vr,</strong></span> <span class='ocrx_word' id='word_1_631' title='bbox 1482 4548 1569 4600; x_wconf 85' lang='lat' dir='ltr'><strong>l7.</strong></span> 
     </span>
    </p>
   </div>
   <div class='ocr_carea' id='block_1_91' title="bbox 282 4717 1841 4794">
    <p class='ocr_par' dir='ltr' id='par_1_91' title="bbox 282 4717 1841 4794">
     <span class='ocr_line' id='line_1_91' title="bbox 282 4717 1841 4794; baseline 0.003 -16"><span class='ocrx_word' id='word_1_632' title='bbox 282 4722 367 4794; x_wconf 91' lang='lat'><strong>(8)</strong></span> <span class='ocrx_word' id='word_1_633' title='bbox 404 4719 617 4794; x_wconf 79' lang='lat' dir='ltr'><strong>Codex</strong></span> <span class='ocrx_word' id='word_1_634' title='bbox 645 4722 812 4776; x_wconf 88' lang='lat' dir='ltr'><strong>Voss.</strong></span> <span class='ocrx_word' id='word_1_635' title='bbox 845 4724 938 4780; x_wconf 77' lang='grc' dir='ltr'><strong>τὴν</strong></span> <span class='ocrx_word' id='word_1_636' title='bbox 970 4717 1093 4773; x_wconf 87' lang='grc' dir='ltr'><strong>ὁδὸν</strong></span> <span class='ocrx_word' id='word_1_637' title='bbox 1120 4721 1304 4794; x_wconf 69' lang='grc' dir='ltr'><strong>αὐτοῦ.</strong></span> <span class='ocrx_word' id='word_1_638' title='bbox 1335 4722 1505 4780; x_wconf 83' lang='lat' dir='ltr'><strong>Haud</strong></span> <span class='ocrx_word' id='word_1_639' title='bbox 1535 4721 1712 4794; x_wconf 86' lang='lat' dir='ltr'><strong>longe</strong></span> <span class='ocrx_word' id='word_1_640' title='bbox 1745 4740 1841 4782; x_wconf 93' lang='lat' dir='ltr'><strong>co-</strong></span> 
     </span>
    </p>
   </div>
   <div class='ocr_carea' id='block_1_92' title="bbox 205 4792 1839 4866">
    <p class='ocr_par' dir='ltr' id='par_1_92' title="bbox 205 4792 1839 4866">
     <span class='ocr_line' id='line_1_92' title="bbox 205 4792 1839 4866; baseline 0.003 -15"><span class='ocrx_word' id='word_1_641' title='bbox 205 4792 330 4851; x_wconf 65' lang='lat' dir='ltr'><strong>de:</strong></span> <span class='ocrx_word' id='word_1_642' title='bbox 347 4792 528 4866; x_wconf 70' lang='lat' dir='ltr'><strong>Colb.</strong></span> <span class='ocrx_word' id='word_1_643' title='bbox 557 4792 791 4866; x_wconf 79' lang='grc' dir='ltr'><strong>βρόχους</strong></span> <span class='ocrx_word' id='word_1_644' title='bbox 811 4801 874 4866; x_wconf 74' lang='grc' dir='ltr'><strong>τῇ</strong></span> <span class='ocrx_word' id='word_1_645' title='bbox 906 4800 1146 4866; x_wconf 76' lang='grc' dir='ltr'><strong>σεαυτοῦ.</strong></span> <span class='ocrx_word' id='word_1_646' title='bbox 1167 4793 1433 4851; x_wconf 80' lang='lat' dir='ltr'><strong>Subinde</strong></span> <span class='ocrx_word' id='word_1_647' title='bbox 1454 4794 1596 4851; x_wconf 88' lang='lat' dir='ltr'><strong>editi</strong></span> <span class='ocrx_word' id='word_1_648' title='bbox 1619 4792 1673 4851; x_wconf 79' lang='lat' dir='ltr'><strong>et</strong></span> <span class='ocrx_word' id='word_1_649' title='bbox 1696 4798 1839 4866; x_wconf 82' lang='lat' dir='ltr'><strong>Reg.</strong></span> 
     </span>
    </p>
   </div>
   <div class='ocr_carea' id='block_1_93' title="bbox 208 4865 1838 4940">
    <p class='ocr_par' dir='ltr' id='par_1_93' title="bbox 208 4865 1838 4940">
     <span class='ocr_line' id='line_1_93' title="bbox 208 4865 1838 4940; baseline 0.001 -18"><span class='ocrx_word' id='word_1_650' title='bbox 208 4865 542 4922; x_wconf 87' lang='lat' dir='ltr'><strong>secundus</strong></span> <span class='ocrx_word' id='word_1_651' title='bbox 563 4865 693 4940; x_wconf 77' lang='grc' dir='ltr'><strong>πρὸς</strong></span> <span class='ocrx_word' id='word_1_652' title='bbox 717 4865 871 4940; x_wconf 80' lang='grc' dir='ltr'><strong>τοῦτο</strong></span> <span class='ocrx_word' id='word_1_653' title='bbox 891 4865 1037 4920; x_wconf 74' lang='grc' dir='ltr'><strong>αὐτὸ.</strong></span> <span class='ocrx_word' id='word_1_654' title='bbox 1064 4868 1135 4920; x_wconf 83' lang='lat' dir='ltr'><strong>At</strong></span> <span class='ocrx_word' id='word_1_655' title='bbox 1160 4882 1302 4940; x_wconf 78' lang='lat' dir='ltr'><strong>mss.</strong></span> <span class='ocrx_word' id='word_1_656' title='bbox 1321 4870 1442 4940; x_wconf 77' lang='lat' dir='ltr'><strong>tres</strong></span> <span class='ocrx_word' id='word_1_657' title='bbox 1461 4869 1588 4940; x_wconf 83' lang='grc' dir='ltr'><strong>πρὸς</strong></span> <span class='ocrx_word' id='word_1_658' title='bbox 1608 4871 1671 4940; x_wconf 76' lang='grc' dir='ltr'><strong>τὸ</strong></span> <span class='ocrx_word' id='word_1_659' title='bbox 1691 4865 1838 4925; x_wconf 70' lang='grc' dir='ltr'><strong>αὐτό.</strong></span> 
     </span>
    </p>
   </div>
   <div class='ocr_carea' id='block_1_94' title="bbox 275 4936 1842 5011">
    <p class='ocr_par' dir='ltr' id='par_1_94' title="bbox 275 4936 1842 5011">
     <span class='ocr_line' id='line_1_94' title="bbox 275 4936 1842 5011; baseline -0.001 -17"><span class='ocrx_word' id='word_1_660' title='bbox 275 4941 358 5008; x_wconf 73' lang='grc'><strong>(9)</strong></span> <span class='ocrx_word' id='word_1_661' title='bbox 393 4941 548 5006; x_wconf 82' lang='lat' dir='ltr'><strong>Reg.</strong></span> <span class='ocrx_word' id='word_1_662' title='bbox 582 4936 817 5010; x_wconf 87' lang='lat' dir='ltr'><strong>primus</strong></span> <span class='ocrx_word' id='word_1_663' title='bbox 849 4936 1224 5011; x_wconf 74' lang='grc' dir='ltr'><strong>ἑναπομένωσι.</strong></span> <span class='ocrx_word' id='word_1_664' title='bbox 1257 4938 1460 4995; x_wconf 79' lang='lat' dir='ltr'><strong>Codex</strong></span> <span class='ocrx_word' id='word_1_665' title='bbox 1497 4936 1666 4996; x_wconf 84' lang='lat' dir='ltr'><strong>Colb.</strong></span> <span class='ocrx_word' id='word_1_666' title='bbox 1715 4940 1842 4994; x_wconf 61' lang='lat' dir='ltr'><strong>imo-</strong></span> 
     </span>
    </p>
   </div>
   <div class='ocr_carea' id='block_1_95' title="bbox 248 5016 460 5065">
    <p class='ocr_par' dir='ltr' id='par_1_95' title="bbox 248 5016 460 5065">
     <span class='ocr_line' id='line_1_95' title="bbox 248 5016 460 5065; baseline 0.009 -2"><span class='ocrx_word' id='word_1_667' title='bbox 248 5016 460 5065; x_wconf 77' lang='grc' dir='ltr'><strong>εἰνωσι.</strong></span> 
     </span>
    </p>
   </div>
   <div class='ocr_carea' id='block_1_96' title="bbox 203 5030 1414 5153">
    <p class='ocr_par' dir='ltr' id='par_1_96' title="bbox 203 5030 1414 5153">
     <span class='ocr_line' id='line_1_96' title="bbox 203 5030 460 5082; baseline 0.008 -19"><span class='ocrx_word' id='word_1_668' title='bbox 203 5030 460 5082; x_wconf 81' lang='grc' dir='ltr'><strong>μεινωσι.</strong></span> 
     </span>
     <span class='ocr_line' id='line_1_97' title="bbox 288 5079 1414 5153; baseline -0.003 -14"><span class='ocrx_word' id='word_1_669' title='bbox 288 5086 408 5153; x_wconf 84' lang='grc'><strong>(10)</strong></span> <span class='ocrx_word' id='word_1_670' title='bbox 446 5080 655 5138; x_wconf 85' lang='lat' dir='ltr'><strong>Codex</strong></span> <span class='ocrx_word' id='word_1_671' title='bbox 687 5079 852 5136; x_wconf 91' lang='lat' dir='ltr'><strong>Colb.</strong></span> <span class='ocrx_word' id='word_1_672' title='bbox 893 5079 1103 5133; x_wconf 81' lang='grc' dir='ltr'><strong>ἐντολῶν</strong></span> <span class='ocrx_word' id='word_1_673' title='bbox 1135 5087 1224 5134; x_wconf 84' lang='grc' dir='ltr'><strong>τοῦ</strong></span> <span class='ocrx_word' id='word_1_674' title='bbox 1257 5089 1414 5136; x_wconf 85' lang='grc' dir='ltr'><strong>Θεοῦ.</strong></span> 
     </span>
    </p>
   </div>
   <div class='ocr_carea' id='block_1_97' title="bbox 275 5153 1834 5231">
    <p class='ocr_par' dir='ltr' id='par_1_97' title="bbox 275 5153 1834 5231">
     <span class='ocr_line' id='line_1_98' title="bbox 275 5153 1834 5231; baseline -0.003 -22"><span class='ocrx_word' id='word_1_675' title='bbox 275 5157 400 5231; x_wconf 83' lang='grc' dir='ltr'><strong>(Η)</strong></span> <span class='ocrx_word' id='word_1_676' title='bbox 435 5154 608 5231; x_wconf 70' lang='lat' dir='ltr'><strong>idem</strong></span> <span class='ocrx_word' id='word_1_677' title='bbox 631 5161 833 5231; x_wconf 60' lang='lat' dir='ltr'><strong>ms.rﬁ_</strong></span> <span class='ocrx_word' id='word_1_678' title='bbox 860 5172 912 5231; x_wconf 73' lang='grc' dir='ltr'><strong>τε</strong></span> <span class='ocrx_word' id='word_1_679' title='bbox 934 5153 1188 5231; x_wconf 66' lang='grc' dir='ltr'><strong>φιλοπόνῴ</strong></span> <span class='ocrx_word' id='word_1_680' title='bbox 1217 5153 1501 5231; x_wconf 66' lang='grc' dir='ltr'><strong>σχρ).οξζειν</strong></span> <span class='ocrx_word' id='word_1_681' title='bbox 1531 5163 1834 5231; x_wconf 62' lang='grc' dir='ltr'><strong>προσευχῇ2</strong></span> 
     </span>
    </p>
   </div>
   <div class='ocr_carea' id='block_1_98' title="bbox 199 5223 1836 5301">
    <p class='ocr_par' dir='ltr' id='par_1_98' title="bbox 199 5223 1836 5301">
     <span class='ocr_line' id='line_1_99' title="bbox 199 5223 1836 5301; baseline -0.004 -15"><span class='ocrx_word' id='word_1_682' title='bbox 199 5223 976 5301; x_wconf 55' lang='grc' dir='ltr'><strong>Βέεῴτὶωυξεωοηᾷιιίαε</strong></span> <span class='ocrx_word' id='word_1_683' title='bbox 989 5223 1175 5301; x_wconf 76' lang='lat' dir='ltr'><strong>habet</strong></span> <span class='ocrx_word' id='word_1_684' title='bbox 1184 5223 1538 5301; x_wconf 55' lang='grc' dir='ltr'><strong>σχολάζοντες</strong></span> <span class='ocrx_word' id='word_1_685' title='bbox 1543 5223 1677 5301; x_wconf 92' lang='lat' dir='ltr'><strong>._Sed</strong></span> <span class='ocrx_word' id='word_1_686' title='bbox 1691 5223 1836 5282; x_wconf 79' lang='lat' dir='ltr'><strong>illud</strong></span> 
     </span>
    </p>
   </div>
   <div class='ocr_carea' id='block_1_99' title="bbox 202 5296 1842 5369">
    <p class='ocr_par' dir='ltr' id='par_1_99' title="bbox 202 5296 1842 5369">
     <span class='ocr_line' id='line_1_100' title="bbox 202 5296 1842 5369; baseline 0.001 -17"><span class='ocrx_word' id='word_1_687' title='bbox 202 5296 534 5369; x_wconf 61' lang='grc' dir='ltr'><strong>σχολάζειν,</strong></span> <span class='ocrx_word' id='word_1_688' title='bbox 555 5296 679 5351; x_wconf 89' lang='lat' dir='ltr'><strong>sive</strong></span> <span class='ocrx_word' id='word_1_689' title='bbox 705 5296 1404 5369; x_wconf 53' lang='grc' dir='ltr'><strong>σχολάζοντεςφειὺθοριό</strong></span> <span class='ocrx_word' id='word_1_690' title='bbox 1421 5297 1842 5354; x_wconf 79' lang='lat' dir='ltr'><strong>additamenta</strong></span> 
     </span>
    </p>
   </div>
   <div class='ocr_carea' id='block_1_100' title="bbox 194 5327 1840 5453">
    <p class='ocr_par' dir='ltr' id='par_1_100' title="bbox 194 5327 1840 5453">
     <span class='ocr_line' id='line_1_101' title="bbox 202 5327 1840 5369; baseline 0.002 -18"><span class='ocrx_word' id='word_1_691' title='bbox 202 5327 236 5356; x_wconf 87' lang='grc' dir='ltr'><strong>σ</strong></span> <span class='ocrx_word' id='word_1_692' title='bbox 287 5327 534 5362; x_wconf 59' lang='grc' dir='ltr'><strong>οΛαυεειν,</strong></span> <span class='ocrx_word' id='word_1_693' title='bbox 555 5327 679 5351; x_wconf 71' lang='grc' dir='ltr'><strong>δινσ</strong></span> <span class='ocrx_word' id='word_1_694' title='bbox 705 5327 1276 5369; x_wconf 52' lang='grc' dir='ltr'><strong>υλυιικδυιιεεμιαυῦυ</strong></span> <span class='ocrx_word' id='word_1_695' title='bbox 1298 5327 1404 5367; x_wconf 55' lang='lat' dir='ltr'><strong>PFU</strong></span> <span class='ocrx_word' id='word_1_696' title='bbox 1421 5327 1840 5354; x_wconf 71' lang='grc' dir='ltr'><strong>αυυιιᾱωυιιιυ</strong></span> 
     </span>
     <span class='ocr_line' id='line_1_102' title="bbox 194 5327 1840 5453; baseline -0.004 -20"><span class='ocrx_word' id='word_1_697' title='bbox 194 5327 632 5453; x_wconf 55' lang='grc' dir='ltr'><strong>Ιὶἔιιοτὶοιξυω,</strong></span> <span class='ocrx_word' id='word_1_698' title='bbox 653 5369 881 5453; x_wconf 83' lang='lat' dir='ltr'><strong>quippe</strong></span> <span class='ocrx_word' id='word_1_699' title='bbox 901 5367 1068 5453; x_wconf 80' lang='lat' dir='ltr'><strong>quod</strong></span> <span class='ocrx_word' id='word_1_700' title='bbox 1094 5367 1498 5453; x_wconf 37' lang='lat' dir='ltr'><strong>n‘onpbscure</strong></span> <span class='ocrx_word' id='word_1_701' title='bbox 1523 5369 1840 5427; x_wconf 88' lang='lat' dir='ltr'><strong>redundet.</strong></span> 
     </span>
    </p>
   </div>
   <div class='ocr_carea' id='block_1_101' title="bbox 197 5439 1844 5514">
    <p class='ocr_par' dir='ltr' id='par_1_101' title="bbox 197 5439 1844 5514">
     <span class='ocr_line' id='line_1_103' title="bbox 197 5439 1844 5514; baseline -0.001 -17"><span class='ocrx_word' id='word_1_702' title='bbox 197 5451 351 5514; x_wconf 76' lang='lat' dir='ltr'><strong>Quae</strong></span> <span class='ocrx_word' id='word_1_703' title='bbox 376 5441 596 5514; x_wconf 76' lang='lat' dir='ltr'><strong>statim</strong></span> <span class='ocrx_word' id='word_1_704' title='bbox 618 5439 972 5514; x_wconf 80' lang='lat' dir='ltr'><strong>sequuntur,</strong></span> <span class='ocrx_word' id='word_1_705' title='bbox 991 5439 1040 5490; x_wconf 79' lang='grc' dir='ltr'><strong>ἐν</strong></span> <span class='ocrx_word' id='word_1_706' title='bbox 1055 5439 1264 5514; x_wconf 78' lang='grc' dir='ltr'><strong>πολλοῖς</strong></span> <span class='ocrx_word' id='word_1_707' title='bbox 1289 5447 1422 5514; x_wconf 81' lang='grc' dir='ltr'><strong>τοῖς,</strong></span> <span class='ocrx_word' id='word_1_708' title='bbox 1447 5445 1586 5514; x_wconf 72' lang='lat' dir='ltr'><strong>etc.,</strong></span> <span class='ocrx_word' id='word_1_709' title='bbox 1615 5455 1687 5496; x_wconf 88' lang='lat' dir='ltr'><strong>ea</strong></span> <span class='ocrx_word' id='word_1_710' title='bbox 1718 5456 1844 5496; x_wconf 88' lang='lat' dir='ltr'><strong>non</strong></span> 
     </span>
    </p>
   </div>
   <div class='ocr_carea' id='block_1_102' title="bbox 193 5510 1847 5594">
    <p class='ocr_par' dir='ltr' id='par_1_102' title="bbox 193 5510 1847 5594">
     <span class='ocr_line' id='line_1_104' title="bbox 193 5510 1847 5594; baseline -0.001 -24"><span class='ocrx_word' id='word_1_711' title='bbox 193 5510 377 5589; x_wconf 69' lang='lat' dir='ltr'><strong>dego</strong></span> <span class='ocrx_word' id='word_1_712' title='bbox 400 5511 660 5594; x_wconf 64' lang='lat' dir='ltr'><strong>intelligi</strong></span> <span class='ocrx_word' id='word_1_713' title='bbox 679 5510 1184 5594; x_wconf 43' lang='lat' dir='ltr'><strong>posse-derebu‘s,</strong></span> <span class='ocrx_word' id='word_1_714' title='bbox 1201 5512 1700 5594; x_wconf 48' lang='lat' dir='ltr'><strong>quaa‘gistrahant</strong></span> <span class='ocrx_word' id='word_1_715' title='bbox 1721 5514 1847 5594; x_wconf 76' lang='lat' dir='ltr'><strong>ani-</strong></span> 
     </span>
    </p>
   </div>
   <div class='ocr_carea' id='block_1_103' title="bbox 191 5582 1846 5652">
    <p class='ocr_par' dir='ltr' id='par_1_103' title="bbox 191 5582 1846 5652">
     <span class='ocr_line' id='line_1_105' title="bbox 191 5582 1846 5652; baseline -0.005 -4"><span class='ocrx_word' id='word_1_716' title='bbox 191 5582 530 5647; x_wconf 49' lang='lat' dir='ltr'><strong>muvmzsed</strong></span> <span class='ocrx_word' id='word_1_717' title='bbox 548 5582 1094 5639; x_wconf 86' lang='lat' dir='ltr'><strong>mihiverisimilius</strong></span> <span class='ocrx_word' id='word_1_718' title='bbox 1111 5582 1603 5652; x_wconf 79' lang='lat' dir='ltr'><strong>ﬁt,ihtelligenda</strong></span> <span class='ocrx_word' id='word_1_719' title='bbox 1624 5601 1757 5640; x_wconf 84' lang='lat' dir='ltr'><strong>esse</strong></span> <span class='ocrx_word' id='word_1_720' title='bbox 1772 5586 1846 5640; x_wconf 87' lang='lat' dir='ltr'><strong>de</strong></span> 
     </span>
    </p>
   </div>
   <div class='ocr_carea' id='block_1_104' title="bbox 190 5654 1847 5743">
    <p class='ocr_par' dir='ltr' id='par_1_104' title="bbox 190 5654 1847 5743">
     <span class='ocr_line' id='line_1_106' title="bbox 190 5654 1847 5743; baseline -0.004 -23"><span class='ocrx_word' id='word_1_721' title='bbox 190 5657 517 5742; x_wconf 79' lang='lat' dir='ltr'><strong>personis.</strong></span> <span class='ocrx_word' id='word_1_722' title='bbox 547 5656 740 5725; x_wconf 82' lang='lat' dir='ltr'><strong>Basilii</strong></span> <span class='ocrx_word' id='word_1_723' title='bbox 764 5654 929 5724; x_wconf 84' lang='lat' dir='ltr'><strong>enim</strong></span> <span class='ocrx_word' id='word_1_724' title='bbox 956 5654 1006 5711; x_wconf 93' lang='lat' dir='ltr'><strong>is</strong></span> <span class='ocrx_word' id='word_1_725' title='bbox 1043 5660 1132 5712; x_wconf 90' lang='lat' dir='ltr'><strong>est</strong></span> <span class='ocrx_word' id='word_1_726' title='bbox 1151 5667 1398 5743; x_wconf 76' lang='lat' dir='ltr'><strong>scapus,</strong></span> <span class='ocrx_word' id='word_1_727' title='bbox 1427 5659 1491 5714; x_wconf 88' lang='lat' dir='ltr'><strong>ut</strong></span> <span class='ocrx_word' id='word_1_728' title='bbox 1510 5669 1624 5716; x_wconf 85' lang='lat' dir='ltr'><strong>nos</strong></span> <span class='ocrx_word' id='word_1_729' title='bbox 1655 5656 1735 5714; x_wconf 87' lang='lat' dir='ltr'><strong>ad</strong></span> <span class='ocrx_word' id='word_1_730' title='bbox 1763 5657 1847 5714; x_wconf 83' lang='lat' dir='ltr'><strong>vi-</strong></span> 
     </span>
    </p>
   </div>
   <div class='ocr_carea' id='block_1_105' title="bbox 1957 4397 3624 4477">
    <p class='ocr_par' dir='ltr' id='par_1_105' title="bbox 1957 4397 3624 4477">
     <span class='ocr_line' id='line_1_107' title="bbox 1957 4397 3624 4477; baseline -0.005 -17"><span class='ocrx_word' id='word_1_731' title='bbox 1957 4401 2399 4477; x_wconf 88' lang='lat' dir='ltr'><strong>perferendam,</strong></span> <span class='ocrx_word' id='word_1_732' title='bbox 2431 4398 2793 4456; x_wconf 86' lang='lat' dir='ltr'><strong>mortiﬁcare</strong></span> <span class='ocrx_word' id='word_1_733' title='bbox 2818 4397 3100 4455; x_wconf 88' lang='lat' dir='ltr'><strong>membra</strong></span> <span class='ocrx_word' id='word_1_734' title='bbox 3118 4413 3256 4470; x_wconf 82' lang='lat' dir='ltr'><strong>quae</strong></span> <span class='ocrx_word' id='word_1_735' title='bbox 3279 4400 3418 4453; x_wconf 87' lang='lat' dir='ltr'><strong>sunt</strong></span> <span class='ocrx_word' id='word_1_736' title='bbox 3440 4411 3624 4468; x_wconf 88' lang='lat' dir='ltr'><strong>super</strong></span> 
     </span>
    </p>
   </div>
   <div class='ocr_carea' id='block_1_106' title="bbox 1648 4545 2114 4620">
    <p class='ocr_par' dir='ltr' id='par_1_106' title="bbox 1648 4545 2114 4620">
     <span class='ocr_line' id='line_1_108' title="bbox 1648 4545 2114 4620; baseline 0.002 -17"><span class='ocrx_word' id='word_1_737' title='bbox 1648 4545 1694 4581; x_wconf 71' lang='grc'><strong>⁵9</strong></span> <span class='ocrx_word' id='word_1_738' title='bbox 1732 4549 1873 4608; x_wconf 87' lang='lat' dir='ltr'><strong>[.uc.</strong></span> <span class='ocrx_word' id='word_1_739' title='bbox 1902 4563 1985 4620; x_wconf 80' lang='lat' dir='ltr'><strong>lx,</strong></span> <span class='ocrx_word' id='word_1_740' title='bbox 2021 4550 2114 4605; x_wconf 86' lang='lat'><strong>23.</strong></span> 
     </span>
    </p>
   </div>
   <div class='ocr_carea' id='block_1_107' title="bbox 1952 4717 3618 4783">
    <p class='ocr_par' dir='ltr' id='par_1_107' title="bbox 1952 4717 3618 4783">
     <span class='ocr_line' id='line_1_109' title="bbox 1952 4717 3618 4783; baseline -0.006 0"><span class='ocrx_word' id='word_1_741' title='bbox 1952 4723 2204 4783; x_wconf 86' lang='lat' dir='ltr'><strong>tandam</strong></span> <span class='ocrx_word' id='word_1_742' title='bbox 2230 4723 2548 4780; x_wconf 87' lang='lat' dir='ltr'><strong>hominum</strong></span> <span class='ocrx_word' id='word_1_743' title='bbox 2579 4720 2979 4783; x_wconf 83' lang='lat' dir='ltr'><strong>frequentiam</strong></span> <span class='ocrx_word' id='word_1_744' title='bbox 3006 4717 3618 4776; x_wconf 64' lang='lat' dir='ltr'><strong>exhortatum—Verte</strong></span> 
     </span>
    </p>
   </div>
   <div class='ocr_carea' id='block_1_108' title="bbox 1952 4791 3364 4854">
    <p class='ocr_par' dir='ltr' id='par_1_108' title="bbox 1952 4791 3364 4854">
     <span class='ocr_line' id='line_1_110' title="bbox 1952 4791 3364 4854; baseline -0.008 0"><span class='ocrx_word' id='word_1_745' title='bbox 1952 4799 2113 4854; x_wconf 82' lang='lat' dir='ltr'><strong>inter</strong></span> <span class='ocrx_word' id='word_1_746' title='bbox 2141 4798 2332 4853; x_wconf 84' lang='lat' dir='ltr'><strong>multa</strong></span> <span class='ocrx_word' id='word_1_747' title='bbox 2359 4795 2626 4851; x_wconf 88' lang='lat' dir='ltr'><strong>animam</strong></span> <span class='ocrx_word' id='word_1_748' title='bbox 2667 4791 3105 4848; x_wconf 83' lang='lat' dir='ltr'><strong>dtstrahentia.</strong></span> <span class='ocrx_word' id='word_1_749' title='bbox 3147 4791 3364 4845; x_wconf 63' lang='lat' dir='ltr'><strong>Mnus.</strong></span> 
     </span>
    </p>
   </div>
   <div class='ocr_carea' id='block_1_109' title="bbox 2023 4859 3620 4940">
    <p class='ocr_par' dir='ltr' id='par_1_109' title="bbox 2023 4859 3620 4940">
     <span class='ocr_line' id='line_1_111' title="bbox 2023 4859 3620 4940; baseline -0.004 -17"><span class='ocrx_word' id='word_1_750' title='bbox 2023 4870 2132 4940; x_wconf 80' lang='lat' dir='ltr'><strong>(l2)</strong></span> <span class='ocrx_word' id='word_1_751' title='bbox 2161 4868 2362 4924; x_wconf 81' lang='lat' dir='ltr'><strong>Codex</strong></span> <span class='ocrx_word' id='word_1_752' title='bbox 2393 4869 2558 4921; x_wconf 88' lang='lat' dir='ltr'><strong>Voss.</strong></span> <span class='ocrx_word' id='word_1_753' title='bbox 2590 4863 2839 4936; x_wconf 91' lang='lat' dir='ltr'><strong>perinde</strong></span> <span class='ocrx_word' id='word_1_754' title='bbox 2880 4867 2945 4940; x_wconf 86' lang='lat' dir='ltr'><strong>ut</strong></span> <span class='ocrx_word' id='word_1_755' title='bbox 2981 4861 3157 4940; x_wconf 35' lang='lat' dir='ltr'><strong>‘Bcgii</strong></span> <span class='ocrx_word' id='word_1_756' title='bbox 3204 4859 3510 4940; x_wconf 68' lang='lat' dir='ltr'><strong>secundus</strong></span> <span class='ocrx_word' id='word_1_757' title='bbox 3540 4864 3620 4940; x_wconf 82' lang='lat' dir='ltr'><strong>_et</strong></span> 
     </span>
    </p>
   </div>
   <div class='ocr_carea' id='block_1_110' title="bbox 1951 4931 3608 5012">
    <p class='ocr_par' dir='ltr' id='par_1_110' title="bbox 1951 4931 3608 5012">
     <span class='ocr_line' id='line_1_112' title="bbox 1951 4931 3608 5012; baseline -0.007 -15"><span class='ocrx_word' id='word_1_758' title='bbox 1951 4931 2159 4997; x_wconf 55' lang='lat' dir='ltr'><strong>tertius</strong></span> <span class='ocrx_word' id='word_1_759' title='bbox 2200 4943 2262 4992; x_wconf 75' lang='grc' dir='ltr'><strong>Εἴ</strong></span> <span class='ocrx_word' id='word_1_760' title='bbox 2299 4959 2378 5000; x_wconf 81' lang='grc' dir='ltr'><strong>τις</strong></span> <span class='ocrx_word' id='word_1_761' title='bbox 2422 4931 2640 5012; x_wconf 76' lang='grc' dir='ltr'><strong>ἔρχεται</strong></span> <span class='ocrx_word' id='word_1_762' title='bbox 2682 4939 2811 5012; x_wconf 84' lang='grc' dir='ltr'><strong>πρὸς</strong></span> <span class='ocrx_word' id='word_1_763' title='bbox 2844 4938 2925 5007; x_wconf 65' lang='grc' dir='ltr'><strong>με,</strong></span> <span class='ocrx_word' id='word_1_764' title='bbox 2972 4932 3366 5012; x_wconf 76' lang='grc' dir='ltr'><strong>ἀπαρνησάσθω</strong></span> <span class='ocrx_word' id='word_1_765' title='bbox 3400 4931 3608 5012; x_wconf 45' lang='lat' dir='ltr'><strong>ignaros.</strong></span> 
     </span>
    </p>
   </div>
   <div class='ocr_carea' id='block_1_111' title="bbox 1949 4957 3620 5078">
    <p class='ocr_par' dir='ltr' id='par_1_111' title="bbox 1949 4957 3620 5078">
     <span class='ocr_line' id='line_1_113' title="bbox 1951 4957 3608 5012; baseline -0.009 -15"><span class='ocrx_word' id='word_1_766' title='bbox 1951 4957 2159 4997; x_wconf 78' lang='lat' dir='ltr'><strong>toruus</strong></span> <span class='ocrx_word' id='word_1_767' title='bbox 2200 4957 2258 4992; x_wconf 67' lang='grc' dir='ltr'><strong>ιιι</strong></span> <span class='ocrx_word' id='word_1_768' title='bbox 2299 4959 2378 5000; x_wconf 81' lang='grc' dir='ltr'><strong>τις</strong></span> <span class='ocrx_word' id='word_1_769' title='bbox 2422 4957 2640 5012; x_wconf 84' lang='grc' dir='ltr'><strong>ερχεται</strong></span> <span class='ocrx_word' id='word_1_770' title='bbox 2682 4957 2721 4988; x_wconf 90' lang='grc' dir='ltr'><strong>π</strong></span> <span class='ocrx_word' id='word_1_771' title='bbox 2757 4957 2811 4998; x_wconf 88' lang='grc' dir='ltr'><strong>ος</strong></span> <span class='ocrx_word' id='word_1_772' title='bbox 2844 4957 2925 5007; x_wconf 81' lang='grc' dir='ltr'><strong>με,</strong></span> <span class='ocrx_word' id='word_1_773' title='bbox 2972 4957 3366 5008; x_wconf 76' lang='grc' dir='ltr'><strong>απαρνησασυω</strong></span> <span class='ocrx_word' id='word_1_774' title='bbox 3400 4957 3608 4986; x_wconf 76' lang='grc' dir='ltr'><strong>ιαυτον.</strong></span> 
     </span>
     <span class='ocr_line' id='line_1_114' title="bbox 1949 4957 3620 5078; baseline -0.004 -11"><span class='ocrx_word' id='word_1_775' title='bbox 1949 5015 2162 5078; x_wconf 79' lang='lat' dir='ltr'><strong>siquis</strong></span> <span class='ocrx_word' id='word_1_776' title='bbox 2194 5013 2354 5067; x_wconf 84' lang='lat' dir='ltr'><strong>venit</strong></span> <span class='ocrx_word' id='word_1_777' title='bbox 2401 5010 2482 5066; x_wconf 85' lang='lat' dir='ltr'><strong>ad</strong></span> <span class='ocrx_word' id='word_1_778' title='bbox 2529 5024 2641 5078; x_wconf 89' lang='lat' dir='ltr'><strong>me,</strong></span> <span class='ocrx_word' id='word_1_779' title='bbox 2672 4957 2924 5077; x_wconf 61' lang='lat' dir='ltr'><strong>agneget</strong></span> <span class='ocrx_word' id='word_1_780' title='bbox 2966 5007 3366 5078; x_wconf 75' lang='lat' dir='ltr'><strong>semetipsum.</strong></span> <span class='ocrx_word' id='word_1_781' title='bbox 3413 5002 3620 5078; x_wconf 78' lang='lat' dir='ltr'><strong>Codex</strong></span> 
     </span>
    </p>
   </div>
   <div class='ocr_carea' id='block_1_112' title="bbox 1950 5073 3619 5152">
    <p class='ocr_par' dir='ltr' id='par_1_112' title="bbox 1950 5073 3619 5152">
     <span class='ocr_line' id='line_1_115' title="bbox 1950 5073 3619 5152; baseline -0.009 -12"><span class='ocrx_word' id='word_1_782' title='bbox 1950 5073 2115 5140; x_wconf 67' lang='lat' dir='ltr'><strong>C0“).</strong></span> <span class='ocrx_word' id='word_1_783' title='bbox 2167 5083 2413 5138; x_wconf 81' lang='lat' dir='ltr'><strong>uberius</strong></span> <span class='ocrx_word' id='word_1_784' title='bbox 2463 5083 2523 5132; x_wconf 80' lang='grc' dir='ltr'><strong>Εἴ</strong></span> <span class='ocrx_word' id='word_1_785' title='bbox 2564 5073 2640 5140; x_wconf 72' lang='grc' dir='ltr'><strong>τις</strong></span> <span class='ocrx_word' id='word_1_786' title='bbox 2680 5073 2896 5152; x_wconf 61' lang='grc' dir='ltr'><strong>ἔρχεται</strong></span> <span class='ocrx_word' id='word_1_787' title='bbox 2945 5081 3075 5152; x_wconf 78' lang='grc' dir='ltr'><strong>πρὸς</strong></span> <span class='ocrx_word' id='word_1_788' title='bbox 3105 5073 3186 5149; x_wconf 66' lang='grc' dir='ltr'><strong>με,</strong></span> <span class='ocrx_word' id='word_1_789' title='bbox 3224 5073 3619 5152; x_wconf 58' lang='grc' dir='ltr'><strong>ἀπαρνησασθω</strong></span> 
     </span>
    </p>
   </div>
   <div class='ocr_carea' id='block_1_113' title="bbox 1949 5144 3620 5227">
    <p class='ocr_par' dir='ltr' id='par_1_113' title="bbox 1949 5144 3620 5227">
     <span class='ocr_line' id='line_1_116' title="bbox 1949 5144 3620 5227; baseline -0.007 -18"><span class='ocrx_word' id='word_1_790' title='bbox 1949 5155 2150 5223; x_wconf 83' lang='grc' dir='ltr'><strong>ἑαυτὸν,</strong></span> <span class='ocrx_word' id='word_1_791' title='bbox 2185 5159 2275 5206; x_wconf 80' lang='grc' dir='ltr'><strong>καὶ</strong></span> <span class='ocrx_word' id='word_1_792' title='bbox 2321 5153 2497 5227; x_wconf 78' lang='grc' dir='ltr'><strong>ἀράτω</strong></span> <span class='ocrx_word' id='word_1_793' title='bbox 2535 5156 2622 5206; x_wconf 86' lang='grc' dir='ltr'><strong>τόν</strong></span> <span class='ocrx_word' id='word_1_794' title='bbox 2657 5144 2878 5225; x_wconf 73' lang='grc' dir='ltr'><strong>σταυρόν</strong></span> <span class='ocrx_word' id='word_1_795' title='bbox 2921 5144 3114 5213; x_wconf 63' lang='grc' dir='ltr'><strong>αὐτοῦ,</strong></span> <span class='ocrx_word' id='word_1_796' title='bbox 3149 5152 3238 5200; x_wconf 80' lang='grc' dir='ltr'><strong>καὶ</strong></span> <span class='ocrx_word' id='word_1_797' title='bbox 3271 5144 3620 5200; x_wconf 77' lang='grc' dir='ltr'><strong>ἀκολουθείτω</strong></span> 
     </span>
    </p>
   </div>
   <div class='ocr_carea' id='block_1_114' title="bbox 1995 5248 2062 5282">
    <p class='ocr_par' dir='ltr' id='par_1_114' title="bbox 1995 5248 2062 5282">
     <span class='ocr_line' id='line_1_117' title="bbox 1995 5248 2062 5282; baseline 0.03 -2"><span class='ocrx_word' id='word_1_798' title='bbox 1995 5248 2062 5282; x_wconf 91' lang='grc' dir='ltr'><strong>οι.</strong></span> 
     </span>
    </p>
   </div>
   <div class='ocr_carea' id='block_1_115' title="bbox 1953 5249 3623 5366">
    <p class='ocr_par' dir='ltr' id='par_1_115' title="bbox 1953 5249 3623 5366">
     <span class='ocr_line' id='line_1_118' title="bbox 1953 5249 3623 5366; baseline -0.009 -11"><span class='ocrx_word' id='word_1_799' title='bbox 1953 5249 2143 5366; x_wconf 53' lang='grc' dir='ltr'><strong>μοξίίὶ)</strong></span> <span class='ocrx_word' id='word_1_800' title='bbox 2176 5296 2325 5352; x_wconf 85' lang='lat' dir='ltr'><strong>Editi</strong></span> <span class='ocrx_word' id='word_1_801' title='bbox 2355 5299 2413 5351; x_wconf 87' lang='lat' dir='ltr'><strong>et</strong></span> <span class='ocrx_word' id='word_1_802' title='bbox 2443 5293 2727 5366; x_wconf 65' lang='lat' dir='ltr'><strong>Combef.</strong></span> <span class='ocrx_word' id='word_1_803' title='bbox 2748 5293 2928 5345; x_wconf 70' lang='grc' dir='ltr'><strong>αὑτοῦ.</strong></span> <span class='ocrx_word' id='word_1_804' title='bbox 2963 5291 3075 5366; x_wconf 83' lang='lat' dir='ltr'><strong>Alii</strong></span> <span class='ocrx_word' id='word_1_805' title='bbox 3123 5295 3432 5366; x_wconf 79' lang='lat' dir='ltr'><strong>tr_es__ms_s_.</strong></span> <span class='ocrx_word' id='word_1_806' title='bbox 3473 5305 3623 5366; x_wconf 66' lang='lat' dir='ltr'><strong>prae-</strong></span> 
     </span>
    </p>
   </div>
   <div class='ocr_carea' id='block_1_116' title="bbox 1953 5359 3621 5434">
    <p class='ocr_par' dir='ltr' id='par_1_116' title="bbox 1953 5359 3621 5434">
     <span class='ocr_line' id='line_1_119' title="bbox 1953 5359 3621 5434; baseline -0.009 -8"><span class='ocrx_word' id='word_1_807' title='bbox 1953 5359 2043 5426; x_wconf 79' lang='lat' dir='ltr'><strong>ter</strong></span> <span class='ocrx_word' id='word_1_808' title='bbox 2074 5359 2236 5424; x_wconf 77' lang='lat' dir='ltr'><strong>voss.</strong></span> <span class='ocrx_word' id='word_1_809' title='bbox 2277 5369 2481 5420; x_wconf 67' lang='grc' dir='ltr'><strong>ἐαύτοῡ.</strong></span> <span class='ocrx_word' id='word_1_810' title='bbox 2517 5367 2686 5422; x_wconf 89' lang='lat' dir='ltr'><strong>Haud</strong></span> <span class='ocrx_word' id='word_1_811' title='bbox 2717 5365 2896 5431; x_wconf 71' lang='lat' dir='ltr'><strong>longe</strong></span> <span class='ocrx_word' id='word_1_812' title='bbox 2927 5365 3117 5419; x_wconf 81' lang='lat' dir='ltr'><strong>codex</strong></span> <span class='ocrx_word' id='word_1_813' title='bbox 3149 5362 3316 5417; x_wconf 90' lang='lat' dir='ltr'><strong>Colb.</strong></span> <span class='ocrx_word' id='word_1_814' title='bbox 3350 5359 3621 5434; x_wconf 49' lang='grc' dir='ltr'><strong>ἀδιαφόρῳ</strong></span> 
     </span>
    </p>
   </div>
   <div class='ocr_carea' id='block_1_117' title="bbox 1959 5435 3622 5513">
    <p class='ocr_par' dir='ltr' id='par_1_117' title="bbox 1959 5435 3622 5513">
     <span class='ocr_line' id='line_1_120' title="bbox 1959 5435 3622 5513; baseline -0.003 -20"><span class='ocrx_word' id='word_1_815' title='bbox 1959 5439 2201 5513; x_wconf 78' lang='grc' dir='ltr'><strong>συνοδίᾳ,</strong></span> <span class='ocrx_word' id='word_1_816' title='bbox 2237 5442 2301 5495; x_wconf 84' lang='lat' dir='ltr'><strong>in</strong></span> <span class='ocrx_word' id='word_1_817' title='bbox 2325 5441 2668 5510; x_wconf 72' lang='lat' dir='ltr'><strong>promiscuo</strong></span> <span class='ocrx_word' id='word_1_818' title='bbox 2709 5436 3017 5491; x_wconf 85' lang='lat' dir='ltr'><strong>hominum</strong></span> <span class='ocrx_word' id='word_1_819' title='bbox 3050 5440 3227 5490; x_wconf 72' lang='lat' dir='ltr'><strong>ca’tu.</strong></span> <span class='ocrx_word' id='word_1_820' title='bbox 3263 5435 3458 5489; x_wconf 89' lang='lat' dir='ltr'><strong>Lectio</strong></span> <span class='ocrx_word' id='word_1_821' title='bbox 3499 5447 3622 5488; x_wconf 89' lang='lat' dir='ltr'><strong>non</strong></span> 
     </span>
    </p>
   </div>
   <div class='ocr_carea' id='block_1_118' title="bbox 1955 5514 2180 5568">
    <p class='ocr_par' dir='ltr' id='par_1_118' title="bbox 1955 5514 2180 5568">
     <span class='ocr_line' id='line_1_121' title="bbox 1955 5514 2180 5568; baseline 0 0"><span class='ocrx_word' id='word_1_822' title='bbox 1955 5514 2180 5568; x_wconf 81' lang='lat' dir='ltr'><strong>inepta.</strong></span> 
     </span>
    </p>
   </div>
   <div class='ocr_carea' id='block_1_119' title="bbox 2024 5529 3623 5656">
    <p class='ocr_par' dir='ltr' id='par_1_119' title="bbox 2024 5529 3623 5656">
     <span class='ocr_line' id='line_1_122' title="bbox 2024 5529 2624 5584; baseline -0.002 -16"><span class='ocrx_word' id='word_1_823' title='bbox 2024 5529 2180 5584; x_wconf 83' lang='lat' dir='ltr'><strong>epta.</strong></span> <span class='ocrx_word' id='word_1_824' title='bbox 2617 5571 2624 5578; x_wconf 90' lang='lat'><strong>_</strong></span> 
     </span>
     <span class='ocr_line' id='line_1_123' title="bbox 2024 5576 3623 5656; baseline 0.003 -23"><span class='ocrx_word' id='word_1_825' title='bbox 2024 5586 2140 5655; x_wconf 72' lang='grc'><strong>(14)</strong></span> <span class='ocrx_word' id='word_1_826' title='bbox 2171 5583 2410 5653; x_wconf 80' lang='lat' dir='ltr'><strong>Legitur</strong></span> <span class='ocrx_word' id='word_1_827' title='bbox 2429 5583 2489 5643; x_wconf 79' lang='lat' dir='ltr'><strong>in</strong></span> <span class='ocrx_word' id='word_1_828' title='bbox 2521 5581 2686 5641; x_wconf 80' lang='lat' dir='ltr'><strong>Colb.</strong></span> <span class='ocrx_word' id='word_1_829' title='bbox 2719 5577 2776 5632; x_wconf 82' lang='grc' dir='ltr'>Ἡ</span> <span class='ocrx_word' id='word_1_830' title='bbox 2809 5579 2912 5656; x_wconf 87' lang='grc' dir='ltr'><strong>γὰρ</strong></span> <span class='ocrx_word' id='word_1_831' title='bbox 2946 5577 3202 5656; x_wconf 74' lang='grc' dir='ltr'><strong>ἐπιθυμία</strong></span> <span class='ocrx_word' id='word_1_832' title='bbox 3221 5580 3375 5656; x_wconf 85' lang='grc' dir='ltr'><strong>πρὸς,</strong></span> <span class='ocrx_word' id='word_1_833' title='bbox 3404 5576 3623 5637; x_wconf 74' lang='lat' dir='ltr'><strong>deside-</strong></span> 
     </span>
    </p>
   </div>
   <div class='ocr_carea' id='block_1_120' title="bbox 1955 5656 2374 5728">
    <p class='ocr_par' dir='ltr' id='par_1_120' title="bbox 1955 5656 2374 5728">
     <span class='ocr_line' id='line_1_124' title="bbox 1955 5656 2374 5728; baseline -0.005 -15"><span class='ocrx_word' id='word_1_834' title='bbox 1955 5658 2116 5728; x_wconf 75' lang='lat' dir='ltr'><strong>rium</strong></span> <span class='ocrx_word' id='word_1_835' title='bbox 2143 5656 2374 5720; x_wconf 84' lang='lat' dir='ltr'><strong>mortis.</strong></span> 
     </span>
    </p>
   </div>
  </div>
