4110 6384
286 355 386 408 9’29

1430 345 1730 402 REGULA‘J
1776 344 2023 404 FUSlUS
2061 343 2482 404 TRACTATAE.

3530 355 3648 410 930

289 477 435 537 ζητεί
489 476 554 526 τα
603 472 807 535 ἑαυτῆς.
854 471 914 524 Ὀ
948 468 1005 524 δε
1064 467 1436 543 ἀφιδιαστικὸς
1467 471 1586 541 ('20)
1635 470 1753 542 βίος
1801 472 1886 522 ἕνα

2019 470 2111 526 Sed
2163 477 2452 542 praeterea
2507 470 2796 540 diligendi
2855 472 3064 528 Christi
3111 475 3262 529 ratio
3312 480 3369 531 et
3424 477 3648 533 modus

291 567 482 616 σκοπὸν
513 565 643 634 ἔχει,
677 567 768 620 τὴν
803 561 993 613 οἰκείαν
1056 559 1276 612 ἑκάστου
1326 568 1424 610 τῶν
1484 567 1678 630 ’χρειῶν
1739 562 1888 632 θερα-

290 659 461 708 πείαν.
502 660 660 705 Τοῦτο
720 648 778 703 δε
840 647 1117 725 προὸἁλως
1168 653 1466 722 μαχόμενον
1518 648 1625 701 ἐστι
1681 658 1752 719 τῷ
1799 659 1888 710 τῆς

296 742 683 815 ἀγαπηςνόμῳ,
719 740 770 791 ὃν
799 743 823 791 0
849 739 1157 800 Ἀπόστολος
1191 739 1432 813 ἐπλήρου,
1476 743 1545 811 μὴ
1601 739 1771 798 ζητῶν
1829 742 1886 790 τὸ

297 831 476 884 ἑαυτοῦ
511 835 790 903 συμφέρον,
817 827 941 879 αλλὰ
971 831 1026 879 τὸ
1071 836 1170 879 τῶν
1209 827 1426 893 πολλῶν,
1493 828 1575 878 ἵνα
1626 830 1885 882 σωθῶσιν.

294 919 513 972 ’Ἔπειτα
539 919 586 971 ἐν
619 927 688 988 τῷ
715 925 1111 990 καταχωρισμῷ
1169 919 1282 988 (21)
1333 913 1456 968 οὐδὲ
1516 919 1571 968 τὸ
1623 916 1893 988 ἐλαττωμα

292 1007 494 1083 ῥᾳδίως
525 1010 737 1067 ἕκαστος
768 1011 822 1058 τὸ
851 1006 1033 1058 ἑαυτοῦ
1089 1009 1450 1077 ἐπιγνώσεται,
1485 1005 1577 1056 οὐκ
1619 1008 1754 1076 ἔχων
1804 1009 1890 1057 τὸν

295 1097 570 1171 ἐλέγχοντα
617 1097 790 1162 αὑτὸν,
841 1100 930 1148 καὶ
984 1095 1030 1146 ἐν
1061 1101 1322 1168 πραότητι
1375 1099 1464 1146 καὶ
1523 1094 1892 1166 εῦσπλαγχνίᾳ

293 1188 742 1262 ἐπανορθούμενον.
778 1184 1034 1256 Ἔλεγχος
1069 1187 1158 1256 μὲν
1212 1187 1313 1257 γαρ
1356 1189 1446 1235 καὶ
1507 1187 1653 1257 παρὰ
1697 1183 1892 1257 ἐχθροῦ

288 1275 526 1334 πολλάκις
586 1274 645 1325 ἂν
703 1278 904 1346 γένοιτο
977 1276 1248 1346 θεραπείας
1317 1273 1596 1345 ἐπιθυμίαν
1667 1272 1890 1345 ἐμποιῶν

283 1373 352 1434 τῷ
385 1364 664 1436 εὐγνώμονι
699 1385 712 1398 ο
768 1365 1013 1437 Θεραπεία
1063 1359 1121 1414 δὲ
1171 1363 1549 1437 ἁμαρτήματος
1607 1361 1893 1434 ἐπιστημό-

277 1474 374 1514 νως
422 1456 566 1527 παρὰ
612 1461 704 1505 τοῦ
755 1453 1039 1528 εἰλικρινῶς
1098 1450 1472 1523 ἀγαπήσαντος
1517 1454 1889 1526 κατορθοῦται.

1798 1540 1815 1557 ι.

1822 1552 1891 1593 υν

277 1633 362 1686 ἐπὶ
401 1641 497 1695 τῆς
550 1639 821 1705 μονώσεως
876 1633 1036 1704 εὑρεῖν
1117 1632 1330 1706 ἄπορον,
1401 1637 1470 1702 μη
1543 1633 1894 1704 προενωθέντα

274 1551 333 1596 '0
417 1546 519 1618 γὰρ
599 1541 838 1615 ἀγαπῶν,
921 1541 1358 1614 φησὶν,ἐπιμελῶς
1452 1539 1713 1596 παιδεύει.

275 1726 411 1775 κατα
439 1725 525 1774 τὸν
560 1720 718 1794 βίον·
779 1723 912 1772 ὥστε
964 1719 1266 1793 συμϐαίνειν
1323 1720 1464 1792 αὐτῷ
1513 1724 1572 1773 τὸ
1627 1721 1891 1794 εἰρημένον

279 1813 475 1864 έκεῖνο·
533 1811 669 1863 Οὐαὶ
735 1820 806 1881 τῷ
863 1809 956 1881 ἐνὶ,
1018 1811 1098 1862 ὅτι
1153 1809 1236 1862 ἐὰν
1294 1814 1455 1882 πέσῃ,
1526 1810 1620 1862 οὐκ
1669 1813 1808 1862 ἔστιν
1867 1810 1892 1860 ὁ

278 1901 482 1976 ἐγείρων
544 1900 717 1954 αὐτὸν.
801 1905 902 1952 Καὶ
962 1901 1016 1951 αἱ
1069 1898 1268 1952 ἐντολαὶ
1339 1901 1397 1951 δὲ
1477 1901 1577 1951 ὑπὸ
1643 1902 1732 1972 μὶν
1793 1907 1892 1950 τῶν

275 1991 520 2044 πλειόνων
571 1989 653 2042 ἐπὶ
704 1993 762 2041 τό
812 1988 939 2041 αὐτὸ
991 1985 1193 2063 ῥᾳδίως
1231 1993 1457 2060 γίνονται
1513 1988 1740 2055 πλείους,
1797 1989 1893 2040 ὁπὸ

281 2078 340 2134 δὲ
406 2088 497 2133 τοῦ
566 2080 674 2140 ἰνὸς
724 2079 940 2131 οὐκέτιο
999 2077 1047 2130 ἐν
1087 2080 1185 2154 γὰρ
1240 2087 1302 2151 τῇ
1330 2077 1555 2152 ἐργασίᾳ
1607 2086 1707 2139 τῆς
1771 2084 1893 2150 μιᾶς

281 2167 628 2244 ἑμποὸίζεται
694 2170 723 2226 ἡ
808 2167 957 2226 ἄλλη.
1035 2169 1177 2234 Οἶον,
1239 2166 1286 2219 ἐν
1338 2175 1400 2240 τῇ
1459 2167 1730 2238 ἐπισκέψει
1805 2175 1896 2220 τοῦ

281 2259 616 2321 ἀσθενοῦντος
657 2260 685 2316 ἡ
736 2253 984 2330 ὑποδοχὴ
1035 2265 1126 2310 τοῦ
1168 2257 1329 2325 ξένου,
1371 2261 1461 2310 καὶ
1509 2256 1556 2308 ἐν
1621 2265 1683 2329 τῇ
1735 2275 1897 2329 μετα-

283 2347 434 2403 δόσει
488 2354 576 2402 καὶ
633 2352 876 2420 κοινωνίᾳ
923 2355 1023 2399 τῶν
1080 2355 1275 2422 χρειῶν
1318 2347 1430 2410 (2‘2)
1484 2351 1594 2408 (καὶ
1643 2346 1896 2418 μάλιστα,

283 2443 403 2494 ὅταν
433 2436 527 2491 διὰ
564 2445 768 2512 μακροῦ
799 2440 854 2488 αἱ
904 2433 1166 2490 διακονίαι
1212 2441 1504 2509 γίνωνται),
1565 2438 1594 2494 ἡ
1653 2441 1772 2511 περὶ
1833 2439 1900 2490 τὰ

288 2534 416 2604 ἔργα
447 2524 656 2586 σπουδὴ
695 2549 707 2560 ·
733 2529 868 2580 ὥστε
908 2525 962 2578 ἐκ
1003 2530 1189 2579 τούτου
1219 2531 1311 2584 τὴν
1344 2530 1598 2598 μεγίστην
1628 2531 1718 2578 καὶ
1769 2529 1897 2579 σύν-

287 2641 431 2675 τονον
489 2621 622 2693 πρὸς
672 2621 935 2692 σωτηρίαν
999 2615 1204 2674 ἐντολὴν
1277 2615 1715 2688 ἐλλιμπανεσοαι·
1767 2623 1899 2689 μήτε

289 2719 382 2764 τοῦ
442 2718 716 2769 πεινῶντος
769 2709 1102 2782 τρεφομένου,
1173 2711 1302 2778 μήτε
1350 2712 1442 2758 τοῦ
1495 2713 1694 2778 γυμνοῦ
1747 2726 1898 2781 περι-

295 2801 623 2873 ϐαλλομένου.
693 2801 782 2858 Τίς
823 2795 883 2847 ἂν
931 2793 1018 2849 οὖν
1058 2795 1223 2848 ἕλοιτο
1274 2799 1369 2853 τὴν
1403 2794 1570 2870 ἀργὴν
1613 2801 1702 2848 καὶ
1733 2798 1898 2872 οἰκαρ-

296 2912 391 2944 πον
424 2891 558 2950 ζωὴν
585 2895 677 2949 τῆς
705 2885 968 2960 ἔγκαρπον
1009 2890 1097 2938 καὶ
1123 2886 1239 2938 κατ’
1286 2883 1490 2943 ἐντολὴν
1539 2893 1630 2937 τοῦ
1700 2891 1898 2959 Κυρίου

305 2978 684 3050 ἐπιτελουμένης
723 2984 1048 3051 προτιμῆσαι
1072 2991 1086 3042 ;

1998 576 2498 632 unumquemque
2520 561 2684 632 quod
2709 561 3020 632 proprium
3046 563 3158 617 sibi
3181 564 3373 633 fuerit,
3417 573 3655 638 spctare

1998 665 2120 705 non
2153 651 2289 705 sinit
2323 651 2598 706 Charitas
2615 651 2797 714 enim,
2832 652 3044 722 inquit,
3076 668 3195 707 non
3251 658 3464 725 quaerit
3517 672 3652 727 quze

1998 755 2108 794 sua
2146 746 2283 794 sunt
2308 741 2375 794 9³.
2411 740 2535 794 Vita
2568 746 2768 795 autem
2801 740 3067 796 solitaria
3099 749 3154 797 et
3185 759 3459 799 seorsum
3483 761 3518 798 a
3555 762 3661 800 caa-

2003 828 2139 883 teris
2170 828 2454 883 omnibus
2487 834 2622 884 acta
2648 845 2903 901 scopum
2937 831 3183 886 unicum
3211 833 3412 902 habet,
3447 837 3512 888 ut
3533 834 3657 888 suis

2002 917 2260 990 quisque
2303 918 2655 974 utilitatibus
2707 920 3006 976 inserviat.
3054 924 3172 976 Hoc
3222 928 3424 977 autem
3449 929 3656 994 aperte

2005 1007 2361 1072 adversatur
2393 1007 2700 1062 charitatis
2731 1008 2866 1076 legi,
2895 1025 3086 1079 quam
3116 1010 3382 1082 implevit
3402 1017 3658 1082 Aposto-

2002 1096 2116 1165 lus,
2146 1097 2251 1169 qui
2273 1113 2390 1151 non
2417 1113 2547 1162 sua,
2575 1097 2683 1152 sed
2709 1098 3039 1154 multorum
3069 1101 3395 1156 commoda
3424 1117 3662 1173 qurere-

2005 1185 2125 1251 liat,
2163 1191 2225 1240 ut
2272 1185 2422 1241 salvi
2472 1186 2775 1242 ﬁerent“.
2813 1187 3034 1243 Adlitec
3082 1189 3142 1242 in
3192 1189 3545 1260 hujusmodi
3578 1205 3664 1244 sc-

2004 1290 2186 1330 cessu
2235 1275 2655 1347 unusquisque
2706 1293 2778 1330 ne
2831 1277 3010 1348 346
3073 1277 3359 1334 delictum
3412 1279 3664 1351 quidem

2005 1381 2185 1419 suum
2203 1363 2374 1419 facile
2394 1371 2886 1432 cognoscet.cum
2908 1382 3030 1420 non
3045 1367 3267 1422 habeat
3283 1384 3316 1422 a
3329 1384 3452 1439 quo
3466 1369 3666 1424 redar-

2005 1459 2248 1524 guatur,
2309 1459 2366 1510 et
2425 1459 2741 1510 mansuete
2796 1471 2867 1510 ac
2927 1455 3251 1512 clementer
3309 1459 3661 1528 corrigatur.

2005 1543 2412 1615 Reprehensio
2441 1543 2602 1599 enim
2630 1560 2765 1615 quae
2798 1544 2876 1599 ab
2906 1544 3153 1600 inimico
3175 1546 3356 1602 etiam
3386 1548 3470 1614 tit,
3504 1565 3666 1620 διξερε

2004 1633 2066 1690 in
2097 1633 2224 1688 viro
2251 1633 2445 1706 probo
2478 1639 2534 1689 et
2561 1651 2738 1706 aequo
2762 1634 3038 1690 sanitatis
3060 1636 3404 1707 quaerendas
3433 1637 3667 1693 deside-

2004 1723 2160 1779 rium
2193 1723 2386 1795 parit:
2424 1728 2746 1795 peccatum
2770 1740 2914 1779 vero
2941 1724 3018 1781 ab
3045 1741 3116 1781 eo
3145 1725 3251 1797 qui
3283 1725 3517 1782 sincere
3571 1728 3666 1783 di—

1929 1837 1968 1889 B
2003 1811 2152 1882 ligit,
2186 1812 2441 1867 scienter
2486 1817 2748 1868 curatur.
2797 1814 2910 1879 Qui
2958 1813 3140 1882 enim,
3194 1815 3408 1886 inquit,
3439 1817 3664 1886 diligit,

2007 1902 2330 1971 diligenter
2359 1901 2558 1956 erudit
2583 1904 2652 1957 95.
2677 1902 2878 1958 Talem
2907 1909 3113 1959 autem
3145 1904 3205 1959 in
3228 1903 3550 1960 solitudine
3581 1922 3670 1962 re-

2007 1991 2200 2063 perire
2222 1991 2647 2046 difﬁcillimum
2671 1997 2783 2060 est,
2814 1991 2864 2046 si
2894 1992 3058 2063 prius
3080 1993 3141 2048 in
3164 1993 3298 2048 vitae
3320 1994 3667 2051 societatem

2008 2080 2335 2150 adjunctus
2352 2098 2473 2137 non
2499 2081 2696 2136 fuerit.
2722 2083 2915 2147 Quare
2948 2083 3169 2139 accidit
3184 2083 3237 2138 ei
3259 2085 3423 2155 quod
3441 2085 3668 2142 dictum

2009 2174 2136 2226 est:
2175 2172 2267 2226 Vae
2300 2172 2426 2241 uni,
2475 2171 2616 2242 quia
2645 2172 2695 2225 si
2724 2172 3024 2240 ceciderit,
3057 2188 3178 2228 non
3206 2181 3288 2228 est
3321 2177 3428 2244 qui
3469 2177 3666 2246 erigat

2009 2263 2237 2318 eum“.
2267 2261 2488 2316 Adhaec
2538 2266 2840 2332 praecepta
2883 2261 3060 2333 plura
3101 2279 3140 2318 a
3183 2262 3459 2334 pluribus
3489 2265 3670 2320 simul

2010 2351 2393 2420 congregatis
2425 2349 2595 2405 facile
2618 2350 3033 2423 perﬁciuntur,
3067 2351 3146 2408 ab
3177 2369 3301 2408 uno
3324 2369 3448 2409 non
3480 2357 3623 2409 item
3653 2372 3666 2411 :

2009 2438 2514 2512 quandoquidem
2538 2439 2686 2494 dum
2709 2455 2900 2496 unum
2925 2441 3010 2506 ﬁt,
3040 2441 3368 2512 impeditur
3391 2442 3667 2500 alterum.

2008 2527 2278 2600 Exempli
2308 2544 2514 2598 causa,
2565 2527 2790 2584 inﬁrmi
2837 2529 3100 2586 visitatio
3147 2531 3290 2587 facit
3336 2538 3401 2588 ut
3446 2533 3674 2606 hospes

2008 2635 2134 2674 non
2163 2617 2520 2690 excipiatur,
2552 2622 2608 2673 et
2631 2634 2833 2674 rerum
2857 2619 2938 2674 ad
2961 2619 3145 2676 vitam
3185 2623 3673 2680 necessariarum

2008 2707 2246 2777 largitio
2272 2713 2330 2763 et
2353 2707 2696 2763 distributio
2715 2709 3002 2772 imaxime
3022 2710 3272 2782 quando
3300 2711 3363 2766 in
3386 2711 3478 2767 his
3500 2713 3672 2769 mini-

2012 2796 2206 2852 steriis
2263 2795 2525 2852 multum
2599 2796 3037 2854 insumendum
3108 2804 3196 2856 est
3244 2802 3555 2874 temporis)
3607 2803 3671 2858 in

2014 2902 2200 2943 causa
2229 2890 2318 2941 est
2345 2902 2452 2941 cur
2477 2885 2554 2942 ad
2581 2885 2859 2942 facienda
2889 2904 3076 2959 opera
3106 2890 3374 2946 studium
3414 2891 3674 2948 conferri

1930 2971 1971 3028 C
2016 2992 2140 3032 non
2159 2975 2368 3047 possit,
2402 2975 2485 3030 sic
2512 2981 2575 3031 ut
2600 2975 2914 3032 deseratur
2935 2978 3292 3036 mandatum
3312 2982 3672 3050 maximum,

311 3075 369 3126 et
390 3068 642 3125 maxime
687 3067 870 3123 saluti
900 3065 1282 3123 conducibile
1311 3083 1324 3121 :
1369 3065 1674 3139 siquidem
1703 3081 1902 3138 neque
1951 3064 2213 3121 nutritur
2254 3064 2360 3136 qui
2410 3063 2612 3134 esurit,
2643 3080 2842 3136 neque
2884 3066 3162 3122 amicitur
3187 3069 3292 3140 qui
3323 3069 3528 3125 nudus
3551 3077 3664 3126 est.

302 3161 444 3227 Quis
470 3159 646 3230 igitur
674 3158 928 3214 inertem
958 3161 1016 3214 et
1040 3157 1482 3214 infructuosam
1507 3157 1695 3214 vitam
1717 3155 1790 3229 ei,
1815 3170 1953 3229 quae
1969 3153 2284 3210 fructuosa
2305 3157 2376 3209 stt
2408 3157 2464 3209 et
2491 3154 2726 3209 Domini
2743 3159 3046 3228 praecepto
3067 3163 3500 3228 consentanea,
3522 3160 3666 3217 velit

299 3255 671 3323 anteponere
694 3249 722 3303 ?

369 3343 420 3393 2.
455 3337 515 3390 Εἰ
543 3333 603 3388 ὃὶ
632 3341 722 3388 καὶ
750 3335 957 3403 πάντες,
998 3337 1047 3388 οἱ
1084 3335 1134 3388 ἐν
1181 3341 1280 3408 μιᾷ
1312 3333 1487 3388 ἐλπίδι
1535 3343 1630 3398 τῆς
1673 3335 1908 3396 κλήσεως

298 3427 738 3501 προσληφθέντες,
781 3425 829 3478 ἓν
883 3426 1036 3496 σῶμα
1078 3422 1251 3496 ἐσμεν,
1297 3425 1520 3497 κεφαλὴν
1561 3427 1770 3496 ἔχοντες
1820 3427 1909 3476 τὸν

299 3521 532 3592 Χριστὸν
559 3537 570 3548 ·
605 3517 632 3567 ὁ
666 3511 724 3567 δὲ
753 3516 930 3574 καθεὶς
962 3511 1190 3571 ἀλλήλων
1215 3513 1366 3586 μέλη,
1427 3513 1510 3566 ἐὰν
1558 3518 1630 3586 μὴ
1691 3513 1747 3565 ἐκ
1779 3532 1910 3585 συμ-

304 3613 497 3681 φωνίας
541 3608 672 3680 πρὸς
721 3605 830 3665 ἐνὸς
883 3609 1128 3676 σώματος
1182 3601 1496 3677 ἀρμολογίαν
1555 3601 1602 3654 ἐν
1649 3605 1910 3675 Πνεῦματι

307 3698 438 3772 ἁγίῳ
488 3697 930 3770 συναρμοσθῶμεν
963 3714 975 3726 ·
1019 3693 1231 3752 ἕκαστος
1275 3689 1334 3745 δὲ
1373 3695 1519 3765 ἡμῶν
1562 3696 1655 3750 τὴν
1682 3696 1910 3765 μόνωσιν

307 3790 523 3863 αἱρῆται
554 3786 689 3853 (23),
722 3789 791 3858 μὴ
821 3784 959 3836 κατὰ
986 3786 1046 3834 τὸ
1106 3784 1380 3858 εὐάρεστον
1425 3790 1498 3853 τῷ
1554 3789 1666 3852 Θεῷ
1696 3785 1822 3856 πρὸς
1850 3785 1910 3834 τὸ

307 3886 450 3950 κοινῇ
515 3880 772 3950 συμφέρον
839 3881 901 3946 τῇ
963 3871 1230 3945 οἰκονομίᾳ
1293 3868 1574 3936 δουλεύων,
1650 3870 1780 3922 ἀλλὰ
1852 3874 1910 3922 τὸ

308 3965 447 4021 ἴδιον
469 3976 564 4028 τῆς
609 3965 984 4037 αὐταρεσκείας
1030 3963 1198 4024 πάθος
1234 3961 1603 4036 πληροφορῶν·
1650 3969 1760 4022 πῶς
1810 3957 1912 4012 δυ’

308 4059 508 4131 νοίμεΟα
538 4054 925 4126 ἁπεσχισμένοι
963 4056 1053 4104 καὶ
1095 4047 1408 4127 διῃρημένοι
1449 4052 1635 4111 σώζειν
1678 4055 1772 4109 τὴν
1815 4059 1914 4102 τῶν

310 4147 472 4222 μελῶν
516 4147 644 4218 πρὸς
684 4141 883 4200 οῖλληλα
923 4145 1114 4213 σχέσιν
1153 4161 1207 4193 τε
1246 4145 1334 4193 καὶ
1376 4142 1687 4215 ὑπηρεσίαν,
1735 4141 1766 4199 ἦ
1827 4144 1914 4198 τὴν

310 4239 581 4307 ὑποταγὴν
610 4235 741 4309 πρὸς
770 4235 863 4288 τὴν
885 4229 1108 4302 κεφαλὴν
1139 4231 1306 4302 ἡμῶν,
1355 4233 1470 4292 ἣτις
1513 4229 1653 4283 ἐστὶν
1702 4231 1728 4280 ὁ
1777 4237 1912 4305 Χρι-

315 4332 459 4394 στός;
519 4327 652 4377 Οὔτε
878 4327 951 4390 τῷ
1013 4313 1346 4391 δοξαζομένῳ
1393 4325 1728 4394 συγχαίρειν,
1802 4321 1918 4372 οὔτε

2091 3336 2127 3388 2
2201 3332 2376 3399 Quod
2423 3334 2473 3388 si
2522 3332 2703 3390 etiam
2750 3351 2984 3403 omnes,
3034 3336 3142 3409 qui
3187 3336 3412 3394 fuimus
3461 3339 3524 3396 in
3552 3356 3675 3398 una

2016 3423 2351 3478 vocationis
2384 3439 2490 3495 spe
2514 3425 2814 3496 assumpti
2852 3428 2920 3493 ’7,
2981 3443 3173 3482 unum
3199 3444 3419 3501 corpus
3442 3446 3676 3498 sumus,

2021 3528 2090 3568 ac
2113 3517 2296 3585 caput
2313 3513 2614 3570 Christum
2634 3515 2952 3586 habemus,
2980 3533 3317 3590 sumusque
3340 3519 3560 3590 singuli
3581 3521 3680 3577 alii

2020 3601 2276 3657 aliorum
2309 3602 2577 3658 membra
2601 3605 2671 3674 98,
2704 3605 2819 3660 nisi
2848 3621 2956 3677 per
2970 3607 3360 3664 concordiam
3383 3609 3445 3664 in
3472 3617 3682 3666 sancto

2023 3691 2240 3764 Spiritu
2269 3698 2766 3762 coagmentemur
2808 3695 2868 3750 in
2903 3695 3081 3750 unius
3119 3698 3389 3768 corporis
3439 3715 3682 3771 compa-

2023 3796 2158 3851 gem
2186 3800 2198 3851 ;
2232 3787 2464 3844 contra,
2487 3783 2536 3838 si
2566 3783 2827 3856 quisque
2852 3790 3132 3841 nostrum
3165 3787 3347 3855 eligat
3376 3787 3560 3844 vitam
3589 3805 3681 3844 so-

2021 3870 2306 3940 litariam,
2346 3887 2544 3944 neque
2592 3873 2652 3928 in
2684 3874 2864 3928 rebus
2916 3874 3343 3946 dispensandis
3371 3879 3684 3934 communi

2024 3960 2281 4023 utilitati,
2313 3965 2377 4015 ut
2401 3963 2518 4016 Deo
2558 3968 2842 4034 acceptus
2874 3963 2965 4028 sit,
2998 3964 3305 4032 inserviat,
3330 3966 3432 4021 sed
3456 3966 3536 4022 illi
3559 3983 3683 4023 sua:

2027 4048 2338 4121 cupiditati
2361 4049 2421 4104 in
2444 4066 2568 4122 qua
2597 4050 2712 4106 sibi
2740 4050 2956 4124 placet,
2991 4053 3364 4126 obsequatur
3409 4057 3513 4128 qui
3555 4057 3685 4114 ﬁeri

2024 4138 2258 4212 poterit,
2285 4143 2350 4194 ut
2385 4139 2556 4194 divisi
2605 4157 2676 4196 ac
2730 4142 3013 4213 disjuncti
3058 4151 3338 4200 mutuam
3383 4147 3689 4203 membro-

2025 4245 2158 4285 rum
2178 4229 2330 4285 inter
2351 4246 2413 4286 se
2428 4230 2869 4294 habitudinem,
2890 4231 3306 4306 obsequiaque
3325 4241 3382 4291 et
3397 4236 3686 4294 obedien-

2026 4320 2175 4376 tiam
2204 4325 2412 4376 nostro
2445 4320 2650 4393 capiti,
2683 4321 2786 4393 qui
2832 4323 3100 4379 Christus
3133 4329 3241 4394 est,
3277 4343 3590 4383 servemus
3617 4344 3689 4384 ac

316 4417 659 4490 συμπάσχειν
692 4407 915 4462 δυνατὸν
969 4415 1041 4478 τῷ
1090 4407 1383 4480 πάσχοντι,
1422 4407 1472 4460 ἐν
1522 4417 1584 4482 τῇ
1635 4405 1904 4462 διαστάσει

2030 4412 2308 4464 tueamur
2330 4410 2358 4464 Ἰ
2387 4413 2588 4482 Neque
2618 4411 2778 4465 enim
2825 4427 3181 4484 possumus,
3233 4414 3281 4468 si
3314 4415 3446 4471 vitae
3477 4431 3689 4487 genere

314 4513 407 4559 τοῦ
439 4502 585 4577 βίον,
617 4500 676 4552 οὐ
733 4495 1020 4570 δυναμένου
1062 4499 1196 4548 κατὰ
1237 4500 1296 4548 τὸ
1337 4496 1472 4558 εἰκὸς
1511 4497 1731 4550 ἑκάστου
1770 4504 1918 4570 γινώ.

319 4616 460 4650 σχειν
490 4595 557 4646 τὰ
579 4598 668 4644 τοῦ
689 4589 932 4648 πλησίον.
980 4583 1130 4641 Eiram
1159 4591 1249 4638 καὶ
1303 4586 1405 4647 ἑνὸς
1453 4592 1524 4660 μὴ
1583 4587 1919 4661 ἐξαρκοῦντος

387 4687 436 4721 ³³
478 4682 661 4740 lCor.
694 4695 810 4745 ιιιιι,
966 4678 1014 4713 9⁸
1056 4680 1076 4732 l
1119 4677 1250 4733 Cor.
1279 4692 1336 4746 ιι,
1385 4680 1474 4732 33.

317 4792 421 4848 ιιι,
459 4779 544 4830 l2.
623 4773 670 4806 ⁹⁹
705 4767 855 4825 ibid.
886 4770 975 4823 26.

393 4865 507 4936 (20)
530 4859 731 4936 Codex
753 4855 1023 4936 Combef.
1039 4855 1400 4936 emendatus
1415 4855 1599 4912 habet
1614 4853 1921 4936 ἀπιὸιαρ-τι-

320 4926 410 5000 κάξ
427 4926 549 4991 non
572 4932 768 4988 solum
782 4928 1180 5001 hocloco,sed
1193 4927 1540 5000 ubicunque
1562 4945 1680 5001 vox
1696 4926 1920 5001 ᾁφιὸια-

325 4999 503 5068 στιχὸς
523 4999 1102 5061 invenitur.Basilius
1116 5015 1255 5055 cum
1269 5001 1351 5056 ita
1370 4999 1676 5055 invehitur
1696 4999 1757 5056 in
1782 5001 1921 5056 soli-

323 5076 752 5153 tariamvitam,
779 5072 929 5153 nihil
952 5072 1116 5128 aliud
1139 5071 1252 5127 sibi
1269 5072 1714 5153 prqponitnnisi
1732 5077 1802 5153 ,ιιι
1823 5087 1920 5128 os-

321 5151 529 5210 tendat
547 5149 662 5203 hoc
683 5144 926 5200 vivendi
953 5159 1144 5214 genus
1159 5143 1438 5216 periculis
1469 5143 1695 5209 multis,
1727 5145 1922 5216 iisque

322 5220 625 5288 maximis,
643 5216 977 5273 obnoxium
999 5214 1173 5288 esse.’
1199 5214 1390 5288 Hujus
1410 5214 1920 5288 interpretationis

323 5286 634 5354 auctorem
663 5288 862 5344 habeo
895 5286 1177 5359 Basilium
1197 5286 1537 5359 ipsu_m,qui
1569 5286 1756 5358 paulo
1787 5292 1924 5359 post

321 5363 652 5436 itascripsit
673 5379 686 5418 :
710 5359 872 5431 Ὀπερ
902 5357 1076 5416 ἡλίκον
1105 5355 1495 5436 ἔχει’κίνᾷυνον,
1519 5355 1630 5410 ἴστε
1660 5355 1842 5419 πάντες
1875 5362 1923 5436 οἱ

327 5429 662 5511 ἀνεγνωκότες
697 5435 763 5511 τὰ
802 5429 1090 5511 Εὖᾳχγέλια
1113 5450 1133 5511 ’Δ
1387 5437 1614 5511 quanto
1645 5431 1922 5511 periculo

327 5501 648 5569 obnoxium
674 5506 770 5569 sit,
805 5504 967 5559 scitis
991 5501 1640 5573 quotquotﬂvangclia
1672 5502 1920 5570 legistis.

327 5579 688 5648 Haudlonge
701 5574 963 5648 apertius
975 5571 1256 5646 loquitur.
1269 5571 1406 5648 Ejus
1423 5571 1551 5629 haec
1566 5573 1920 5648 suntverba,

326 5649 570 5711 κίνδυνος
591 5645 650 5704 δί
670 5645 956 5725 παρέπεται
1062 5645 1350 5720 μοναστικῆ
1374 5645 1480 5721 ζωῇ
1505 5649 1636 5723 πρὸς
1662 5652 1766 5707 τοῖς
1787 5646 1924 5723 εἰρη-

1553 4679 1601 4712 ⁹⁵
1643 4679 1814 4734 Prov.
1866 4693 1983 4744 xm,
2031 4681 2123 4733 2i.

2031 4513 2404 4571 separemur,
2437 4516 2564 4556 una
2591 4516 2731 4556 cum
2759 4517 2830 4557 eo
2865 4502 2971 4574 qui
3014 4502 3205 4572 gloria
3235 4504 3515 4571 afﬁcitur,
3548 4522 3692 4576 gau-

2029 4585 2170 4643 dere
2195 4604 2425 4661 :neque
2449 4605 2589 4646 cum
2619 4606 2691 4646 eo
2710 4590 2817 4663 qui
2841 4591 3086 4662 patitur,
3112 4591 3296 4648 simul
3315 4594 3524 4666 pati”,
3549 4611 3690 4652 cum

2202 4680 2250 4714 ⁹⁶
2293 4679 2478 4735 Eccle.
2529 4696 2608 4748 1v,
2653 4684 2736 4735 10.
2815 4682 2858 4715 97
2903 4681 3122 4752 Ephes.
3157 4698 3235 4747 IV,
3276 4685 3330 4738 4.
3412 4684 3458 4718 9⁸
3499 4685 3688 4743 lCor.

2027 4863 2217 4934 μένοις,
2239 4859 2570 4934 quinetiam
2586 4864 2811 4928 prater
2823 4875 2893 4916 ca
2922 4874 3053 4933 qua:
3071 4860 3232 4917 dicta
3252 4869 3412 4934 sunt,
3444 4864 3690 4933 pericu-

2032 4933 2156 4986 lum
2171 4931 2496 4986 comitatur
2511 4933 2693 4988 vitam
2713 4931 3088 4989 solitariam.

2104 5000 2217 5082 (211
2245 5005 2352 5057 Pro
2371 5012 2771 5082 καταχωρισμῷ
2816 5004 3033 5082 legitur
3080 5004 3141 5061 in
3192 5003 3358 5082 Colb.
3403 5018 3690 5082 χωρισμῷ.

2030 5075 2159 5145 MQX
2183 5075 2322 5145 Reg.
2368 5075 2602 5145 primus
2650 5075 2870 5138 ἕκαστος
2910 5080 2966 5128 τὸ
3010 5076 3217 5131 ἑαυτοῦ.
3265 5075 3500 5134 Vocuta'
3527 5075 3596 5130 *ὅ
3634 5075 3696 5136 in

2031 5144 2204 5200 editis
2235 5143 2464 5201 deerat.

2101 5217 2525 5296 (22)‘Antiquaa
2559 5219 2849 5296 editiones
2903 5223 3144 5292 κοινωνίᾳ
3202 5229 3564 5296 7’5972'3197639.
3624 5226 3698 5280 At

2034 5304 2180 5367 _m_ss.
2212 5292 2329 5343 tres
2352 5295 2567 5367 printer
2590 5293 2754 5367 Yoss.
2789 5300 2889 5367 τῶν
2947 5302 3164 5367 χρειῶν,
3219 5299 3277 5349 et
3333 5292 3414 5350 ita
3444 5292 3702 5367 'legerat

2030 5359 2348 5431 interpres.
2384 5363 2510 5416 Mox
2534 5362 2716 5436 editio
2734 5364 2924 5436 Paris.
2947 5359 3202 5436 perinde
3237 5369 3298 5420 ut
3344 5359 3562 5422 Basili
3583 5364 3700 5419 δια-

2032 5436 2203 5508 κονίαι
2239 5436 2491 5508 γίνονται.
2523 5434 2710 5508 Editio
2734 5433 2882 5489 Ven.
2925 5433 2982 5490 et
3019 5442 3281 5507 quatuor
3326 5455 3470 5493 mss.
3519 5443 3700 5508 γίνων·

2031 5521 2146 5581 ται.Δ
2170 5503 2435 5581 Subinde
2467 5506 2658 5581 code;
2682 5508 2852 5581 YOSS».
2889 5511 3020 5581 πρὸς
3037 5503 3312 5581 σωτηρίαν
3344 5503 3551 5567 ἐντολὴν
3576 5510 3702 5562 ἐλλι-

2032 5575 2348 5652 μπιὶνεσθαιἶ
2381 5576 2580 5652 quex
2606 5576 2775 5652 coll),
2798 5579 2870 5640 εἰς
2911 5575 3192 5652 σωτηρίαν.

2109 5647 2461 5720 (32)Antiqui
2489 5647 2613 5706 duo
2640 5649 2779 5706 libri
2806 5652 3049 5726 αἱρεῖται.
