4110 6400
406 354 505 409 931

1796 350 1854 407 S.
1896 346 2153 406 BASILII
2191 348 2410 406 IAGNI

3675 353 3779 407 932

415 474 840 549 unusquisque
867 490 989 533 non
1011 475 1230 543 valeat,
1262 477 1327 531 ut
1355 474 1637 532 credibile
1662 478 1770 543 est,
1811 475 2072 549 proximi

2182 472 2546 538 ὑποδέξασθαι
2572 478 2744 529 πάντα
2790 478 2856 530 τὰ
2901 478 3227 549 πνευματικὰ
3263 479 3599 552 χαρίσματα,
3652 474 3783 529 ἀλλὰ

410 568 636 622 statum
670 579 1056 635 cognoscere.
1096 564 1321 621 Adhtec
1366 581 1503 620 curn
1536 580 1718 621 nemo
1758 581 1918 621 unus
1946 566 2072 621 ido—

404 670 558 712 nens
580 656 677 723 sit,
703 655 811 729 qui
839 656 1004 712 dona
1035 655 1377 729 spiritualia
1402 655 1610 712 omnia
1643 655 2068 728 suscipiat,sed

402 745 578 816 juxta
597 746 901 802 rationem
930 746 1126 814 ﬁdei‘,
1161 761 1299 819 quas
1325 751 1415 802 est
1444 745 1505 802 in
1535 761 1929 819 unoquoque,
1960 745 2071 801 de-

407 838 506 892 tur
550 834 827 906 Spiritus,
877 835 940 891 in
989 835 1125 892 vita
1177 835 1461 892 societate
1510 835 1823 908 proprium
1871 836 2070 906 cujus-

408 938 529 996 que
554 923 790 982 donum
827 925 896 980 tit
926 924 1454 981 contubernalium
1485 939 1832 980 commune.
1872 925 2076 981 Alteri

409 1016 566 1071 enim
578 1014 768 1071 datur
784 1030 977 1072 sermo
987 1016 1507 1086 sapientiae,alteri
1527 1029 1666 1072 vero
1680 1029 1872 1071 sermo
1888 1017 2071 1071 scien-

413 1105 535 1171 tias,
560 1106 748 1162 alteri
765 1106 931 1175 ﬁdes,
955 1107 1067 1163 alii
1092 1106 1434 1176 prophetia,
1465 1108 1577 1163 alii
1607 1107 1767 1163 dona
1804 1108 2073 1164 sanatio-

411 1197 617 1261 num’,
649 1201 763 1252 etc.
794 1213 809 1252 :
842 1211 982 1269 quae
1014 1196 1252 1266 singula
1281 1196 1388 1269 qui
1414 1196 1653 1267 accipit,
1687 1196 1736 1251 is
1766 1196 1902 1269 ipsa
1946 1211 2070 1252 non

412 1300 525 1342 sua
552 1286 749 1356 magis
790 1301 971 1357 quam
1023 1284 1281 1343 aliorum
1327 1300 1512 1342 causa
1541 1286 1748 1345 habet.
1776 1289 1971 1352 Quare
2009 1287 2071 1342 in

411 1374 546 1431 vitm
575 1375 1034 1439 communitate,
1067 1375 1318 1448 Spiritus
1364 1375 1556 1431 sancti
1590 1375 1675 1431 vis
1706 1381 1763 1432 et
1802 1376 2072 1433 efﬁcacia

412 1466 517 1522 uni
546 1464 769 1521 tributa
794 1464 972 1521 simul
1001 1465 1079 1521 ad
1109 1480 1323 1522 omnes
1371 1469 1639 1522 transeat
1683 1482 1929 1522 necesse
1959 1471 2071 1522 est.

412 1555 523 1620 Qui
568 1554 751 1625 igitur
796 1554 944 1611 vivit
995 1554 1075 1611 ab
1121 1555 1287 1611 omni
1328 1555 1648 1613 hominum
1680 1561 1834 1612 cmtu
1868 1557 2069 1626 sejun-

409 1647 560 1716 ctus,
602 1643 857 1700 fortasse
887 1659 1073 1701 unum
1106 1645 1338 1701 donum
1368 1645 1592 1701 habet:
1625 1646 1733 1700 sed
1758 1660 1897 1701 cum
1921 1634 2072 1701 illud

408 1732 472 1790 in
498 1733 700 1807 seipso
725 1733 1041 1790 defossum
1079 1733 1365 1799 detineat,
1421 1735 1625 1808 ipsum
1655 1751 1764 1808 per
1792 1736 2071 1792 inertiam

2177 568 2313 618 κατὰ
2338 570 2431 624 τὴν
2461 564 2735 637 ἀναλογίαν
2772 574 2867 628 τῆς
2906 564 2955 618 iv
3004 566 3207 637 ἑκάστῳ
3250 570 3475 627 πίστεως
3506 566 3643 633 (24),
3684 574 3781 629 τῆς

2177 654 2526 729 ἄπιχορηγίας
2594 662 2685 707 τοῦ
2737 659 3035 729 Πνεύματος
3090 659 3385 729 γινομένης,
3446 653 3494 707 ἓν
3558 663 3624 729 τῇ
3690 662 3783 716 τῆς

2178 746 2320 807 ζωῆς
2348 748 2596 818 κοινονίᾳ,
2630 748 2688 797 τό
2715 744 2936 799 ἑκάστου
2987 742 3126 798 ἴδιον
3179 747 3431 821 χάρισμα
3468 749 3637 797 κοινόν
3680 753 3781 797 τῶν

2179 833 2690 908 συμπολιτευομένων
2727 839 2926 908 γίνεται
2960 834 2984 855 τ
3028 842 3075 908 ῼ
3116 837 3206 908 μὲν
3262 838 3364 911 γὰρ
3428 831 3646 888 δίδοται
3688 834 3780 888 λό-

2175 943 2270 997 γος
2325 928 2529 996 σοφίας,
2586 924 2737 998 ἑτέρῳ
2810 919 2869 977 δὲ
2924 924 3079 996 λόγος
3142 928 3401 997 γνώσεως,
3472 923 3609 996 ἄλλῳ
3686 927 3780 977 πί-

2180 1033 2314 1081 στις,
2386 1013 2521 1086 ἄλλῳ
2577 1018 2887 1088 προφητεία,
2974 1014 3111 1087 ἄλλῳ
3166 1019 3480 1089 χαρίσματα
3526 1013 3777 1087 ἰαμάτων,

2176 1108 2267 1157 καὶ
2294 1106 2361 1156 τὰ
2391 1104 2507 1167 ἑξῆς
2528 1124 2541 1137 ·
2574 1104 2641 1155 ὧν
2673 1105 2890 1157 ἕκαστον
2921 1104 2979 1157 ού
3006 1104 3196 1177 μᾶλλον
3242 1100 3317 1156 δι’
3371 1103 3553 1156 ἑαυτὸν
3603 1104 3633 1163 ἢ
3687 1100 3784 1157 διὰ

2177 1198 2297 1255 τοὺς
2327 1193 2511 1255 ἄλλους
2559 1198 2585 1246 ό
2627 1192 2902 1267 λαμϐάνων
2944 1195 3080 1266 ἔχει.
3138 1192 3300 1246 Ὠστε
3349 1191 3545 1266 ἀνάγκη
3597 1192 3645 1246 ἐν
3709 1203 3781 1267 τῷ

2177 1293 2458 1356 κοινωνικῷ
2504 1282 2605 1357 βίῳ
2649 1288 2743 1341 τὴν
2792 1282 2841 1336 ἐν
2888 1292 2959 1355 τῷ
3004 1284 3074 1336 ἐνὶ
3125 1291 3218 1337 τοῦ
3272 1282 3426 1355 ἁγίου
3486 1286 3784 1357 Πνεύματος

2178 1374 2430 1449 ἐνέργειαν
2486 1374 2557 1436 εἰς
2619 1375 2821 1437 πάντας
2876 1375 3006 1446 ὁμου
3068 1372 3377 1428 διαϐαίνειν.
3425 1372 3484 1426 Ὀ
3541 1377 3631 1447 μὲν
3694 1374 3783 1427 οὖν

2177 1465 2296 1517 καθ’
2328 1465 2506 1518 ἑαυτὸν
2549 1465 2651 1524 ζῶν
2700 1463 2748 1517 ἓν
2802 1467 2969 1536 τυχὸν
3012 1467 3125 1536 ἔχει
3163 1482 3436 1537 χάρισμα,
3489 1468 3580 1516 καὶ
3629 1472 3783 1519 τοῦτο

2177 1550 2453 1629 ἄχρηστον
2482 1560 2621 1606 ποιεῖ
2650 1550 2743 1607 διὰ
2772 1563 2867 1615 τῆς
2897 1552 3100 1631 ἀργίας,
3148 1552 3442 1628 κατορύξας
3483 1551 3530 1605 ἐν
3574 1553 3739 1626 ἑαυτῴ
3765 1576 3779 1589 ο

2179 1647 2300 1721 ὅπερ
2354 1644 2533 1703 ἡλίκον
2578 1646 2690 1716 ἔχει
2745 1640 3008 1715 κίνδυνον,
3068 1646 3181 1696 ἴστε
3220 1644 3405 1704 πάντες
3468 1645 3515 1695 οἱ
3566 1642 3780 1717 ἀνεγνω-

2178 1735 2460 1805 κότες(25)
2508 1735 2572 1786 τὰ
2619 1732 2948 1805 Εύαγγελια·
3020 1731 3067 1785 ἐν
3114 1730 3172 1785 δὲ
3228 1740 3290 1805 τῇ
3362 1741 3462 1785 τῶν
3540 1733 3784 1787 πλειόνων

409 1822 620 1881 inutile
643 1823 883 1880 reddit:
901 1824 1068 1898 quod
1090 1826 1301 1898 quanti
1323 1825 1395 1882 sit
1413 1824 1664 1898 periculi
1690 1826 1878 1882 nostis
1899 1831 2072 1899 quot-

2183 1823 2473 1898 συμϐιώσει
2516 1828 2606 1876 καὶ
2661 1831 2753 1875 τοῦ
2806 1820 2946 1875 ἰδίου
2991 1820 3257 1888 ἀπολαύει,
3340 1822 3784 1886 πολυπλασιάζων

411 1918 564 1988 quot
586 1913 819 1984 legistis
851 1914 1196 1987 Evangelia.
1229 1917 1470 1983 Contra,
1493 1914 1555 1971 in
1578 1914 1842 1988 plurium
1868 1921 2074 1971 contu-

410 2003 626 2061 bernio
649 2008 832 2060 etsuo
850 2004 1111 2079 quisque
1134 2004 1299 2061 dono
1315 2004 1551 2070 fruitur,
1566 2004 1891 2078 ipsumque
1912 2005 2072 2061 mul-

412 2092 642 2168 tiplicat
667 2093 1201 2160 communicando,
1232 2097 1289 2151 et
1317 2109 1392 2150 ex
1423 2092 1636 2150 alienis
1671 2099 1969 2168 tanquam
1998 2111 2072 2152 ex

415 2182 543 2245 suis
570 2182 833 2239 fructum
863 2182 1045 2257 capit.

481 2274 536 2330 3.
577 2272 991 2346 Prmtereaque
1013 2272 1187 2345 plura
1207 2272 1555 2338 commoda,
1570 2289 1704 2348 quae
1716 2289 2072 2331 enumerare

412 2361 622 2419 omnia
650 2377 776 2418 non
805 2361 979 2418 facile
1018 2362 1111 2430 sit,
1146 2362 1565 2436 complectitur
1608 2364 1745 2420 vitae
1774 2367 2069 2420 societas:

411 2451 713 2524 siquidem
744 2456 804 2508 et
831 2451 910 2508 ad
933 2451 1100 2508 bona
1126 2467 1264 2525 qum
1292 2468 1329 2509 a
1357 2456 1475 2509 Deo
1501 2453 1678 2509 nobis
1720 2453 1892 2528 3‘7
1927 2454 2073 2512 dat'a

413 2546 555 2598 sunt
570 2542 1010 2609 conservanda,
1042 2542 1245 2599 utilior
1272 2547 1360 2600 est
1378 2559 1569 2616 quam
1595 2544 1878 2617 solitudo,
1907 2550 1965 2601 et
1992 2543 2073 2601 ad

412 2632 714 2690 cavendas
732 2637 1015 2689 externas
1034 2633 1264 2690 inimici
1279 2634 1530 2689 insidias
1553 2634 1732 2690 tutior
1752 2640 1844 2691 est
1863 2650 2072 2708 exper—

415 2723 671 2794 gefactio
700 2722 824 2793 illa,
851 2738 990 2796 quae
1016 2739 1053 2781 a
1077 2723 1471 2794 vigilantibus
1495 2723 1579 2790 ﬁt,
1606 2725 1911 2798 siquando
1933 2741 2073 2782 con-

412 2811 623 2884 tingat,
674 2816 742 2868 ut
789 2826 945 2867 unus
998 2811 1219 2885 aliquis
1268 2811 1689 2869 obdormiscat
1737 2829 1809 2870 eo
1861 2814 2073 2871 mortis

412 2915 655 2968 somno,
676 2915 862 2973 quem
881 2904 948 2956 ut
966 2899 1438 2973 deprecaremur
1457 2914 1494 2956 a
1515 2900 1712 2967 nobis,
1736 2902 1943 2959 docuit
1961 2919 2074 2960 nos

416 2986 607 3046 David
627 2988 723 3044 his
748 2988 949 3045 verbis
969 2988 992 3026 ³
1023 3006 1036 3045 :
1072 2990 1371 3049 Itlumina
1399 2990 1603 3047 oculos
1645 3007 1824 3057 meos,
1855 3007 1930 3050 ne
1959 3009 2072 3049 un-

417 3093 598 3149 quam
643 3077 1018 3136 obdormiam
1067 3080 1134 3135 in
1169 3085 1362 3137 morte
1395 3094 1409 3133 :
1436 3084 1493 3135 et
1523 3081 1822 3152 peccanti,
1851 3083 1898 3137 si
1927 3098 2073 3138 con-

2181 1914 2304 1967 αύτό
2335 1922 2395 1987 τῇ
2430 1910 2714 1987 μεταδόσει
2742 1916 2875 1985 (26),
2936 1916 3025 1965 καὶ
3049 1914 3114 1965 τὰ
3151 1920 3271 1982 τῶν,
3305 1912 3468 1965 ἄλλων
3500 1915 3570 1976 ὡς
3600 1913 3784 1967 ἑαυτοῦ

2181 2012 2493 2079 καρποῦται.

2252 2279 2303 2333 3.
2333 2273 2486 2348 Ἔχει
2527 2270 2586 2328 δὲ
2616 2277 2705 2327 καὶ
2734 2272 2943 2327 πλείονα
2972 2274 3002 2332 ἠ
3034 2270 3118 2326 ἐπὶ
3156 2274 3215 2325 τὸ
3256 2271 3383 2326 αύτὸ
3425 2274 3533 2334 ζωὴ
3587 2271 3785 2348 ἀγαθὰ,

2179 2366 2307 2442 άπερ
2368 2364 2426 2417 ού
2486 2360 2673 2440 ῥᾴδιον
2717 2362 3108 2440 ἐξαριθμεῖσθαι
3168 2363 3358 2419 πάντα.
3406 2368 3543 2437 Πρός
3580 2383 3636 2418 τε
3682 2369 3781 2441 γὰρ

2179 2460 2273 2515 τὴν
2334 2460 2557 2529 τήρησιν
2610 2461 2711 2506 τῶν
2780 2450 3072 2527 δεδομένων
3120 2453 3245 2527 ἡμῖν
3308 2456 3453 2527 παρὰ
3500 2460 3591 2507 τοῦ
3648 2461 3779 2508 Θεοῦ

2180 2546 2387 2619 ἁγαθὼν
2436 2554 2528 2606 τῆς
2587 2550 2860 2619 μονώσεως
2926 2542 3037 2598 ἐστι
3094 2549 3481 2622 χρησιμωτέρα
3504 2546 3636 2618 (27),
3692 2546 3785 2597 καὶ

2180 2639 2312 2712 πρὸς
2339 2639 2433 2694 τὴν
2477 2633 2708 2708 φυλακὴν
2751 2641 2844 2695 τῆς
2888 2632 3067 2697 ι’ξωθεν
3118 2631 3393 2695 ἐπιϐουλῆς
3447 2642 3537 2687 τοῦ
3585 2632 3784 2708 ἐχθροῦ

2183 2724 2561 2800 ἀσφαλέστερος
2617 2727 2643 2777 ό
2687 2726 2832 2801 παρὰ
2877 2732 2977 2775 τῶν
3028 2722 3387 2801 ἐγρηγορότων
3446 2722 3779 2795 ἑξυπνισμός,

2183 2818 2353 2869 εἴποτε
2378 2815 2482 2891 ἄρα
2528 2821 2602 2886 τῷ
2649 2811 2722 2866 ivi
2780 2810 3141 2876 ἆπονυστάξαι
3191 2810 3423 2886 συμϐαίη
3458 2812 3572 2883 (28)
3624 2809 3782 2864 ὕπνον

2182 2902 2368 2958 ἐκεῖνον
2408 2908 2494 2956 τόν
2553 2903 2619 2965 εἰς
2660 2904 2897 2972 θάνατον,
2960 2902 3014 2955 ὃν
3062 2897 3429 2976 ἐδιδάχθημεν
3489 2904 3634 2977 παρὰ
3692 2907 3787 2953 τοῦ

2182 2991 2350 3048 Δαϐίὸ
2391 2993 2723 3069 ἀπεύχεσθαι
2777 2994 2902 3066 ἡμῖν
2953 2990 3239 3065 συμϐῆναι,
3283 2990 3564 3064 λέγοντος·
3619 2996 3788 3045 Φύτι-

2185 3104 2275 3137 σον
2340 3088 2460 3146 τοὺς
2536 3082 2833 3156 ὀφθαλμούς
2924 3101 3046 3155 μου,
3133 3087 3338 3155 μήποτε
3411 3083 3634 3133 ὑπνώσω
3719 3080 3792 3142 εἰς

415 3166 862 3223 damnationem
881 3167 1260 3227 concorditer
1289 3184 1325 3225 a
1344 3167 1621 3242 pluribus
1655 3170 1954 3241 prolatam
1973 3188 2073 3228 ve-

2187 3173 2403 3226 θάνατον
2431 3193 2445 3207 ο
2521 3176 2612 3224 καὶ
2668 3179 2740 3243 τῷ
2778 3173 2869 3243 μὶν
2917 3170 3266 3246 ἁμαρτάνοντι
3311 3177 3408 3233 τῆς
3452 3168 3714 3243 ἁμαρτιας
3756 3169 3787 3227 ἠ

412 3260 633 3329 reatur,
666 3256 902 3313 facilius
934 3263 1022 3314 est
1047 3258 1331 3315 secedere
1362 3275 1397 3316 a
1426 3264 1698 3331 peccato,
1731 3259 1814 3316 sic
1845 3267 1909 3318 ut
1937 3278 2076 3319 con-

413 3348 617 3405 venire
644 3348 833 3420 possit
852 3349 914 3404 in
946 3364 1087 3406 eum
1111 3349 1259 3406 illud
1283 3365 1297 3404 :
1320 3349 1559 3419 Sufﬁcit
1576 3350 1680 3405 illi
1700 3353 1808 3423 qui
1825 3354 2077 3423 ejusmo-

412 3436 480 3494 di
500 3442 606 3508 est,
621 3438 969 3508 objurgatio
992 3439 1116 3495 hare
1136 3455 1268 3510 quae
1283 3440 1355 3509 ﬁt
1375 3454 1411 3495 a
1430 3438 1714 3508 pluribus
1731 3441 1752 3475 ⁸
1779 3455 1792 3495 :
1820 3446 1875 3497 ct
1897 3441 1949 3498 ei
1970 3440 2077 3515 qui

411 3532 571 3584 recte
617 3528 920 3599 agit,satis
948 3534 1039 3585 est
1085 3544 1310 3599 magna
1356 3528 1458 3586 illa
1504 3543 1574 3584 ac
1620 3528 1799 3588 ﬁrma
1838 3548 2079 3604 persua-

413 3616 522 3686 sio,
537 3634 676 3691 qum
696 3618 811 3675 sibi
841 3618 1045 3675 multis
1067 3621 1573 3694 approbantibus,
1593 3626 1774 3696 atque
1796 3625 1963 3697 operi
1980 3642 2076 3681 as-

411 3708 830 3779 sentientibus,
853 3709 1210 3766 innascitur.
1226 3711 1282 3767 Si
1303 3712 1540 3771 enimin
1565 3730 1669 3771 ore
1691 3715 1958 3771 duorum
1974 3720 2081 3772 aut

410 3798 591 3856 trium
603 3800 841 3857 testium
855 3801 1229 3858 stabitomne
1248 3804 1502 3861 verbum
1514 3806 1557 3875 ³,
1570 3805 1843 3879 profecto
1856 3806 1961 3880 qui
1976 3806 2081 3863 bo-

410 3905 560 3947 num
579 3906 735 3964 opus
750 3892 1048 3964 peregerit
1072 3907 1213 3949 cum
1237 3893 1505 3965 plurium
1525 3896 1998 3967 testimonio,lon
2008 3912 2079 3968 ge

409 3979 658 4037 solidius
667 3980 1030 4037 ﬁrmabitur.
1042 3981 1335 4039 Craterum
1350 3985 1615 4056 pericula
1629 3992 1847 4060 praeter
1859 4002 1929 4043 ea
1941 4003 2080 4060 quas

409 4068 887 4137 diximus,vitam
910 4069 1245 4128 solitariam
1261 4074 1645 4136 comitantur.
1664 4076 1931 4133 Primum
1951 4075 2081 4152 qui-

410 4153 551 4211 dem
581 4159 641 4211 et
662 4154 1005 4211 maximum
1046 4155 1110 4212 in
1135 4171 1209 4213 eo
1250 4158 1431 4216 situm
1455 4165 1544 4218 est
1571 4162 1739 4236 quod
1767 4161 1882 4219 sibi
1906 4163 2079 4236 quis-

410 4259 531 4317 que
558 4243 774 4316 placet.
802 4247 954 4303 Cum
983 4246 1149 4303 enim
1179 4249 1488 4307 neminem
1511 4251 1735 4310 habeat
1759 4253 1864 4326 qui
1883 4252 2076 4328 ipsius

411 4347 568 4405 opus
582 4332 844 4405 probare
868 4335 1167 4407 possit,ad
1195 4340 1479 4413 praecepti
1494 4339 1927 4413 perfectionem
1942 4343 2075 4415 jam

409 4423 767 4495 pervenisse
808 4440 871 4482 se
901 4425 1332 4487 arbitrabitur:
1361 4429 1585 4487 deinde
1622 4432 1813 4489 animi
1838 4434 2077 4491 habitu-

2186 3262 2526 3339 ἀναχώρησις
2571 3262 2709 3336 ῥᾴων
2766 3259 2979 3335 μᾶλλον,
3049 3258 3394 3336 ἐντρεπομένῳ
3476 3264 3570 3318 τὴν
3648 3259 3794 3335 παρὰ

2182 3362 2282 3406 τῶν
2347 3352 2611 3419 πλειόνων,
2665 3349 2715 3403 ἔν
2767 3353 3044 3423 συμφωνίᾳ
3100 3353 3372 3423 γινομένην
3437 3351 3789 3422 κατάγνωσιν,

2184 3442 2308 3505 ὥστ’
2340 3441 2401 3494 ἂν
2432 3441 2663 3517 ἁρμόσαι
2702 3440 2843 3513 αὐτῷ
2880 3442 2939 3492 τὸ
2970 3443 3105 3511 (29),
3150 3438 3393 3514 Ἀρκετόν
3459 3447 3531 3511 τῷ
3571 3439 3791 3511 τοιούτῳ

2183 3534 2214 3591 ἠ
2285 3531 2522 3606 ἐπιτιμία
2589 3530 2746 3601 αὕτη,
2794 3530 2826 3587 ἡ
2887 3530 2986 3582 ὑπὸ
3053 3537 3153 3581 τῶν
3222 3527 3468 3581 πλειόνων
3500 3549 3514 3562 ·
3593 3536 3665 3599 τῷ
3731 3523 3792 3580 δί

2183 3624 2529 3698 κατορθοῦντι
2558 3622 2587 3679 ἠ
2631 3619 2959 3693 πληροφορία
2995 3617 3158 3677 πολλή
3198 3619 3246 3671 ἔν
3297 3637 3353 3672 τε
3406 3622 3524 3688 (30)
3576 3624 3639 3691 τῇ
3689 3624 3791 3669 τῶν

2184 3711 2383 3765 πολλῶν
2425 3707 2725 3784 δοκιμασίᾳ
2769 3713 2860 3761 καὶ
2925 3709 3310 3780 συγκαταθέσει
3365 3716 3459 3760 τοῦ
3509 3709 3683 3782 ἔργου.
3731 3705 3795 3760 El

2185 3803 2289 3877 γὰρ
2334 3800 2418 3854 ἐπὶ
2457 3803 2713 3873 στόματος
2740 3794 2838 3851 δύο
2864 3802 2953 3850 καὶ
2981 3804 3136 3874 τριῶν
3184 3801 3463 3874 μαρτύρων
3524 3798 3792 3856 σταθήσε-

2186 3912 2275 3945 ται
2297 3898 2396 3945 πᾶν
2424 3891 2592 3965 ῥῆμα,
2623 3888 2795 3961 πολλῷ
2824 3885 3067 3947 δηλονότι
3096 3894 3421 3963 παγιώτερον
3476 3889 3504 3940 ό
3540 3890 3598 3941 τό
3655 3885 3793 3960 ἁγα-

2190 3985 2276 4036 θόν
2330 3985 2475 4058 ἔργον
2530 3980 2772 4035 ἐπιτελῶν
2839 3978 2887 4033 ἓν
2953 3987 3016 4053 τῇ
3071 3987 3170 4032 τῶν
3231 3978 3475 4033 πλειόνων
3528 3981 3795 4056 μαρτυρίᾳ

2188 4072 2629 4147 βεϐαιωθήσιται.
2667 4066 2921 4133 Κίνδυνος
2959 4064 3019 4122 δι
3047 4072 3334 4144 παρέπεται
3378 4077 3439 4143 τῇ
3495 4075 3789 4144 μοναστικῆ

2187 4164 2296 4238 ζωῇ
2329 4166 2462 4238 πρὸς
2498 4169 2605 4223 τοῖς
2648 4160 2953 4236 εἰρημένοις.
2995 4165 3209 4234 Πρῶτος
3268 4160 3359 4234 μὶν
3406 4162 3497 4213 καὶ
3547 4163 3795 4232 μέγιστος

2186 4256 2213 4308 ὁ
2241 4260 2334 4316 τῆς
2365 4253 2759 4329 αὐταρεσκείας.
2794 4246 3001 4304 Οὐδένα
3049 4252 3151 4325 γὰρ
3193 4251 3351 4323 ἔχων,
3402 4248 3454 4310 ὃς
3503 4245 3794 4307 δυνήσεται

2186 4341 2483 4418 δοκιμάσαι
2540 4340 2702 4395 αὐτοῦ
2759 4342 2818 4393 τό
2873 4341 3041 4414 ἔργον,
3110 4339 3184 4402 εἰς
3234 4342 3292 4392 τό
3335 4339 3523 4392 τέλειον
3551 4338 3794 4398 οἰήσεται

2183 4444 2276 4497 τῆς
2342 4431 2549 4495 ivfolia;
2597 4430 2871 4505 ἐφθακέναι
2907 4450 2921 4465 ι
2995 4425 3109 4483 εἶτα
3157 4427 3488 4503 ἀγύμναστον
3555 4426 3635 4482 ἀεὶ
3700 4431 3792 4487 τὴν

409 4510 617 4569 dinem
648 4528 887 4587 semper
914 4515 1305 4576 inexercitam
1340 4518 1681 4593 includens,
1713 4537 1912 4597 neque
1933 4524 2071 4584 vitia

2185 4524 2290 4589 ἕξιν
2336 4521 2705 4590 κατακλείσας,
2765 4522 2884 4575 οὔτε
2936 4520 3004 4573 τὰ
3063 4520 3399 4594 ὑστερήματα
3443 4519 3559 4591 (31)
3604 4517 3791 4572 ἑαυτοῦ

410 4617 543 4672 sua,
565 4617 767 4677 neque
789 4604 1131 4678 profectum
1153 4622 1339 4682 quem
1357 4608 1420 4667 in
1439 4610 1760 4683 quibusvis
1786 4613 2073 4687 operibus

2186 4614 2453 4692 γνωρίζει,
2507 4616 2626 4667 οὔτε
2677 4613 2774 4673 τὴν
2810 4609 2862 4665 ἓν
2917 4615 3029 4674 τοῖς
3075 4611 3244 4687 ἔργοις
3290 4613 3561 4688 προκοπὴν
3620 4608 3792 4682 ἐπιγεο

484 4782 503 4818 ¹
535 4783 705 4840 Rom.
735 4799 833 4854 xn,
868 4788 921 4842 6.
997 4787 1020 4823 ²
1058 4750 1241 4845 lCor.
1275 4804 1381 4859 xu,
1404 4792 1553 4848 S40.
1596 4791 1655 4863 λ’
1693 4791 1851 4850 Psal.
1871 4810 1976 4869 xu,
1998 4797 2052 4853 4.
2132 4796 2154 4834 ‘
2181 4799 2230 4854 II
2256 4790 2389 4855 Cor.
2421 4809 2482 4865 ιι,
2523 4795 2577 4850 6.
2658 4791 2681 4827 ⁸
2710 4789 2916 4851 Matth.
2949 4804 3110 4862 xvm,
3134 4793 3186 4848 6.

460 4961 597 5051 ’(24)
640 4962 943 5038 Scriptum
983 4963 1286 5025 invenitur
1330 4968 1391 5025 in
1424 4967 1593 5029 Colb.
1632 4977 1725 5035 τῆς
1763 4970 1812 5027 ἂν
1862 4972 2068 5049 ἕκάστῳ

412 5050 780 5194 Ὗέῖέλςῖεείίίί
815 5108 931 5162 ἴστε
954 5107 1581 5195 ,πάντφεηάϊεννωκάτεςο
1630 5117 1775 5195 Ββεο
1831 5117 2069 5195 primus

408 5182 614 5301 πάντὲ
640 5182 689 5231 οἱ
714 5182 1071 5252 ἀνεγνωκότες.
1104 5182 1216 5239 Alii
1254 5182 1378 5241 dno
1420 5202 1569 5244 mss.
1617 5182 1803 5253 πάντες
1833 5182 1907 5244 ὀἱ
1958 5188 2070 5245 ἆνε-

407 5265 545 5322 γνωκ
610 5269 678 5311 ες.
745 5321 749 5322 ί

479 5321 1185 5404 (2Q).Antiq_ui_duo_libri
1232 5323 1281 5379 iv
1316 5335 1406 5404 τῇΔ
1434 5327 1735 5404 μεταδόσει.
1784 5334 1917 5392 Mox
1968 5350 2068 5391 co-

407 5390 525 5447 dex
556 5393 723 5448 Voss.
754 5390 814 5451 e't
840 5396 989 5453 alter
1013 5390 1494 5472 ἓξαριθμήσασθάι.
1522 5405 1720 5462 Codex
1743 5390 1915 5462 Colb.
1945 5390 2067 5483 ἀρε-

411 5464 740 5535 θμήσασθαι,

481 5507 926 5625 ίξῖῑέξᾷῖῐίοηθβ
954 5545 1183 5625 veteres
1212 5548 1270 5600 et
1296 5542 1421 5602 duo
1460 5561 1609 5625 mss.
1657 5553 2064 5625 χρησιμωτέρα.

646 5610 817 5696 YQSS.
850 5615 909 5669 et
934 5612 1034 5671 alii
1058 5614 1183 5673 duo
1210 5622 1581 5696 προτιμοτέρα,
1611 5605 1934 5680 δῦῒίιιιιίὶηἰ
1955 5605 2069 5682 ἁηὲ

410 5680 774 5749 teponenda.

2252 4973 2377 5047 (28),
2392 4971 2634 5047 Legitur
2662 4973 2720 5031 et
2752 4969 2817 5030 in
2844 4971 3015 5029 Voss.
3046 4972 3107 5029 et
3138 4967 3203 5029 in
3231 4971 3376 5043 Reg.
3407 4968 3608 5046 primo
3653 4960 3792 5023 ἄπο-

2174 5042 2435 5111 νυάτάξαι
2455 5042 2661 5120 vim“:

2249 5122 2379 5208 (29).
2396 5111 2615 5208 ορςίὲθι.
2625 5113 2824 5208 931?;
2842 5115 2912 5208 (ξιξ
2942 5111 3013 5208 δξιί
3032 5113 3176 5208 ἐρ,ξά

3284 5113 3426 5188 αὐτῷ
3474 5115 3505 5173 ἡ
3552 5110 3795 5188 ἓπιτιμία

2177 5183 2311 5251 αὕτη
2342 5183 2412 5260 ’ἡ,
2454 5194 2569 5260 etc.
2598 5185 2831 5260 ibidem
2855 5185 2918 5244 in
2948 5183 3155 5246 codice
3197 5183 3364 5245 Voss.
3395 5183 3406 5188 ⁷
3416 5201 3530 5260 pro
3574 5183 3756 5260 ἀρκεῖ-ό

3240 5202 3364 5245 oss.
3416 5201 3530 5261 pro
3574 5203 3791 5261 αρκετον

2175 5256 2460 5336 corrupte
2490 5258 2711 5336 legitur
2724 5256 2980 5336 ,ἀρέσκει-δ,

2270 5326 2481 5406 3ο)’5ἰο
2506 5326 2740 5406 antiqui
2771 5326 2907 5388 'duo
2961 5328 3100 5389 libri
3146 5328 3373 5389 Vocula
3418 5330 3471 5384 τί
3525 5327 3697 5387 deest
3725 5326 3792 5387 in

2174 5405 2459 5478 vulgatis.

2249 5471 2365 5556 (ξι)
2393 5476 2526 5533 Vox
2557 5475 2833 5556 ὑστέρημα
2868 5471 3650 5556 usitate_quidem__s_um_itur
3676 5485 3791 5546 pro

2176 5544 2433 5622 defectu,
2465 5562 2578 5622 pro
2604 5544 2861 5622 penuria
2876 5564 2900 5622 ξ
2950 5548 3059 5605 sed
3087 5544 3307 5622 tamen,
3324 5544 3470 5622 vitia
3489 5549 3547 5602 et
3565 5544 3791 5620 pravos

2173 5637 2379 5683 mores
2402 5617 2522 5681 hoc
2543 5617 2683 5683 loco
2705 5618 3049 5695 signiﬁcare
3074 5618 3226 5677 mihi
3252 5617 3514 5679 videtur.
