4110 6374
296 306 399 363 933

1434 307 1747 366 REGULIE
1783 306 2034 365 FUSIUS
2078 305 2517 364 TRACTA’I‘IE.

3567 311 3676 367 834

293 435 501 497 νώσκει,
533 436 607 502 τῷ
627 436 800 484 πᾶσαν
828 431 954 491 ὕλην
983 438 1077 494 τῆς
1106 430 1355 507 ἕργασίας
1390 440 1492 484 τῶν
1538 432 1751 486 εντολῶν
1796 452 1888 487 πε-

2004 430 2227 494 fecerit,
2253 429 2587 500 cognoscit,
2616 445 2760 491 cum
2805 431 3060 489 materia
3089 432 3289 489 omnis
3314 436 3372 490 et
3418 432 3672 491 occasio

296 524 614 594 ριῃρηχέναι
642 523 778 591 (32).

368 611 422 663 4.
458 609 537 662 Ἐν
592 614 693 664 τίνι
744 614 846 686 γὰρ
907 614 1528 685 τὴνίταπεινοφροσύνην
1577 610 1894 676 ἕπιδείξεται

297 694 502 769 μηδένα
525 702 683 773 ἔχων,
729 703 790 753 οὗ
840 706 1190 777 ταπεινότερον
1234 700 1414 755 ἑαυτὸν
1471 699 1770 770 ἁποδείξει;
1810 702 1891 756 Ἐν

293 790 396 839 τίνι
433 792 528 847 τὴν
585 789 995 864 εὐσπλαγχνίαν,
1047 791 1463 866 ἁποτετμημένος
1506 800 1601 856 τῆς
1626 798 1892 854 κοινωνίας

296 885 397 929 τῶν
452 879 735 948 πλειόνων;
792 886 923 957 Πρὸς
977 884 1344 956 μακροθυμίαν
1393 879 1453 936 δι
1524 891 1634 945 πῶς
1714 883 1892 936 ἑαυτὸν

295 969 574 1039 γυμνάσει,
606 966 828 1042 μηδενὸς
876 969 1252 1045 ἁνθισταμένου
1289 971 1450 1025 αὐτοῦ
1496 979 1608 1033 τοῖς
1658 972 1891 1045 θελήμα-

302 1074 425 1125 σιν;
494 1059 553 1111 Εἰ
584 1055 645 1111 δέ
668 1077 748 1120 τις
793 1059 929 1133 λέγει
990 1060 1268 1136 ἀρκεῖσθαι
1330 1069 1394 1135 τῇ
1451 1070 1551 1115 τῶν
1607 1063 1753 1115 θείων
1778 1064 1891 1135 (33)

300 1150 510 1220 Γραφῶν
549 1143 875 1223 διδασκαλίᾳ
903 1153 1035 1227 πρὸς
1064 1155 1158 1210 τὴν
1200 1153 1527 1226 κατόρθωσιν
1574 1159 1673 1203 τῶν
1730 1152 1890 1221 ἠθῶν,

297 1236 471 1307 ὅμοιον
520 1244 660 1289 ποιεῖ
701 1247 775 1310 τῷ
822 1241 1136 1312 μανθάνοντι
1187 1244 1276 1314 μὲν
1350 1246 1651 1309 τεκταίνειν,
1720 1237 1892 1315 μηδί-

292 1338 415 1376 ποτε
445 1320 504 1377 δε
540 1330 877 1397 τεκταίνοντι,
941 1335 1031 1382 καὶ
1079 1326 1448 1404 διδασκομίνῳ
1509 1334 1598 1404 μὲν
1659 1330 1893 1403 χαλκευ-

288 1416 462 1479 τικην,
550 1415 621 1478 εἰς
705 1419 856 1491 ἔργον
931 1414 992 1471 δέ
1046 1421 1290 1494 προάγειν
1347 1423 1415 1473 τὰ
1452 1417 1767 1493 διδάγματα
1816 1427 1888 1495 μὴ

290 1504 580 1577 αἱρουμένῳ
608 1506 741 1577 (34).
776 1511 913 1583 Πρὸς
952 1507 1007 1560 ὃν
1037 1512 1173 1562 εἶποι
1211 1508 1272 1564 ἃν
1304 1511 1330 1561 ὁ
1363 1510 1673 1572 Ἀπόστολος
1696 1531 1710 1547 ο
1769 1512 1893 1584 Οὐχ

289 1595 339 1644 οἱ
420 1592 674 1668 ἀκροαταὶ
724 1604 818 1650 τοῦ
873 1603 1034 1671 νόμον
1110 1596 1315 1653 δίκαιοι
1385 1603 1531 1676 παρὰ
1603 1610 1675 1673 τῷ
1752 1609 1887 1673 Θεῷ,

292 1680 401 1735 ἀλλ’
460 1687 511 1736 οἱ
554 1692 773 1744 ποιηταὶ
829 1694 922 1740 τοῦ
977 1692 1137 1762 νόμου
1204 1685 1682 1749 δικαιωθήσονται.
1747 1688 1891 1745 Ἰδοὺ

2004 520 2439 578 mandatorum
2463 519 2981 578 conﬁciendorum
3003 527 3331 580 resecetur.

2075 614 2127 666 4.
2165 614 2225 665 In
2251 625 2374 682 quo
2397 609 2559 669 enim
2587 609 2988 667 humilitatem
3021 610 3302 682 ostendit,
3334 610 3440 685 qui
3473 609 3669 669 nemi-

2001 713 2144 757 nem
2172 697 2379 766 habet,
2409 713 2530 770 quo
2563 698 2833 771 seipsum
2860 696 3122 755 declaret
3151 697 3582 759 humiliorem?
3604 700 3670 756 In

2003 804 2127 862 quo
2157 786 2773 858 commiserationem,
2801 793 3120 861 amputata
3151 792 3209 845 et
3240 787 3511 847 abscissa
3542 788 3673 862 plu-

2000 878 2160 935 rium
2206 877 2487 941 societate
2528 878 2556 934 ?
2579 878 2900 946 Quomodo
2931 884 3136 937 autem
3174 878 3473 937 exercebit
3503 894 3567 936 se
3591 878 3668 937 ad

2002 967 2374 1040 patientiam,
2391 968 2633 1026 nemine
2649 968 3060 1027 voluntatibus
3075 968 3265 1043 ipsius
3284 968 3612 1027 obsistente
3641 969 3670 1026 Ἰ

2000 1057 2178 1124 Quod
2215 1058 2264 1115 si
2293 1057 2598 1131 quispiam
2628 1058 2791 1116 dicat
2827 1058 3275 1132 Scripturarum
3320 1058 3667 1119 doctrinam

2000 1147 2152 1205 satis
2176 1147 2291 1205 sibi
2321 1163 2459 1204 esse
2488 1147 2562 1203 ad
2596 1164 2795 1209 mores
2824 1148 3270 1220 emendandos,
3302 1148 3555 1223 perinde
3576 1148 3677 1209 fa-

2001 1236 2083 1293 cit
2110 1239 2293 1309 atque
2330 1235 2380 1292 is
2409 1235 2515 1309 qui
2552 1236 2728 1293 discit
2753 1236 3005 1309 quidem
3037 1237 3358 1306 aediﬁcare,
3391 1254 3502 1295 nec
3550 1254 3668 1294 un-

2001 1340 2190 1399 quam
2215 1329 2421 1385 tamen
2460 1324 2740 1394 aediﬁcat,
2790 1330 2894 1384 aut
2938 1326 3155 1383 eodem
3197 1326 3384 1385 modo
3415 1332 3597 1401 atque
3618 1326 3670 1383 is

1999 1415 2106 1488 qui
2133 1414 2382 1473 edoctus
2413 1419 2502 1476 est
2531 1420 2724 1472 artem
2758 1416 3057 1485 serariam,
3090 1416 3198 1472 sed
3237 1416 3343 1488 qui
3368 1416 3513 1473 data
3548 1415 3669 1473 sibi

2000 1504 2370 1562 documenta
2389 1504 2470 1563 ad
2502 1510 2707 1562 actum
2734 1504 3010 1577 redigere
3039 1520 3166 1561 non
3196 1504 3343 1561 vult.
3359 1504 3453 1560 Ad
3481 1521 3667 1579 quem

1998 1594 2316 1667 Apostolus
2341 1594 2534 1668 possit
2553 1594 2752 1653 dicere
2780 1612 2794 1649 :
2820 1596 2955 1652 Non
2988 1596 3296 1653 auditores
3330 1596 3478 1667 legis
3504 1596 3671 1666 justi

1998 1694 2138 1742 sunt
2152 1685 2320 1756 apud
2338 1684 2666 1751 Deum,sed
2676 1685 2942 1755 factores
2964 1686 3052 1756 leg
3061 1687 3143 1756 is]
3152 1686 3664 1756 ustiﬁcabuntur‘.

286 1772 388 1847 γὰρ
421 1773 447 1823 6
479 1775 673 1847 Κύριος
710 1771 785 1828 δι’
832 1776 1120 1852 ὑπερϐολὴν
1158 1778 1544 1853 φιλανθρωπίας
1591 1779 1685 1832 οὐκ
1732 1782 1888 1857 ἠρκέ-

2001 1777 2148 1832 Ecce
2170 1774 2334 1833 enim
2380 1774 2674 1837 Dominus
2715 1775 2796 1831 ob
2819 1774 3210 1845 benignitatis
3246 1791 3375 1832 suae
3423 1774 3661 1845 magni-

292 1863 394 1920 σθη
426 1869 489 1935 τῇ
524 1862 580 1915 ἐκ
643 1871 737 1917 τοῦ
786 1865 941 1939 λύγου
1000 1863 1331 1942 διδασκαλίᾳ
1372 1873 1549 1942 μόνον,
1596 1868 1702 1922 ἀλλ’
1757 1871 1892 1924 ὥστε

290 1948 521 2027 ἀκριϐῶς
548 1958 639 2007 καὶ
676 1952 903 2031 ἐναργῶς
932 1958 1059 2030 ἡμῖν
1097 1955 1460 2034 παραδοῦνται
1488 1963 1546 2012 τὸ
1592 1956 1894 2034 ὑπόδειγμα

288 2049 382 2103 τῆς
424 2048 897 2118 ταπεινοφροσύνης
954 2045 1006 2099 ἐν
1052 2054 1116 2122 τῇ
1183 2047 1471 2107 τελειότητι
1515 2056 1608 2110 τῆς
1659 2048 1888 2125 ἀγάπης,

291 2131 450 2195 αὐτὸς
512 2134 933 2209 περιζωσάμενος
1005 2136 1147 2210 ﬁnias
1186 2140 1306 2199 τοὺς
1360 2134 1528 2200 πόδας
1565 2147 1664 2192 τῶν
1713 2142 1891 2214 μαθη-

284 2229 410 2277 τῶν.
455 2227 584 2276 Τίνα
636 2220 724 2277 οὖν
773 2224 1086 2298 timavi-6st“
1147 2231 1267 2279 τίνα
1327 2229 1699 2304 θεραπεύσεις;
1758 2234 1892 2293 τίνος

290 2311 522 2383 ἔσχατος
552 2314 668 2389 ἔσῃ,
703 2313 856 2375 αὐτὸς
884 2314 1002 2368 καθ’
1053 2315 1232 2369 ἑαυτὸν
1277 2313 1516 2390 διάγω-η
1582 2323 1652 2371 T6
1694 2316 1754 2372 δὲ
1800 2339 1892 2373 κα-

285 2399 373 2453 λὸν
392 2405 484 2454 καὶ
505 2406 738 2476 τερπνὸν,
797 2405 828 2462 ἡ
878 2412 977 2456 τῶν
1032 2402 1264 2479 ἀδελφῶν
1313 2406 1396 2459 ἐπὶ
1447 2411 1506 2460 τὸ
1551 2407 1676 2461 αὐτὸ
1719 2415 1891 2464 κατοί-

285 2508 462 2559 κησις,
495 2490 557 2550 ἢν
582 2494 731 2567 μύρῳ
757 2495 866 2565 (33)
903 2502 999 2556 τῆς
1027 2503 1119 2548 τοῦ
1147 2496 1431 2571 ἀρχιερέως
1484 2497 1710 2570 κεφαλῆς
1753 2498 1888 2553 ἀπο-

285 2583 490 2635 πνέοντι
534 2584 591 2634 τὸ
633 2590 843 2657 Πνεῦμα
901 2587 960 2637 τὸ
1016 2584 1165 2657 ἅγιον
1212 2588 1537 2660 παρεικάζει,
1571 2596 1683 2651 πῶς
1727 2587 1778 2641 ἓν

285 2676 586 2746 καταμόνας
640 2672 845 2731 οἰκήσει
900 2674 1449 2748 συμπληρωθήσεται;
1533 2673 1749 2731 Στάδιον
1798 2675 1887 2732 οὖν

286 2758 572 2832 ἀθλήσεως,
601 2767 691 2815 καὶ
737 2774 1004 2840 προκοπῆς
1057 2763 1241 2820 εὐοδία
1296 2767 1434 2840 (36),
1483 2772 1573 2821 καὶ
1639 2765 1886 2832 διηνεκὴς

283 2856 572 2923 γυμνασία,
618 2858 711 2921 καὶ
750 2853 930 2927 μελέτη
979 2864 1078 2908 τῶν
1117 2864 1209 2909 τοῦ
1267 2861 1463 2933 Κυρίου
1513 2856 1745 2929 ἐντολῶν,
1794 2865 1885 2915 καὶ

288 2938 372 2991 ἰπὶ
415 2945 472 2993 τὸ
512 2942 634 2996 αὐτὸ
673 2949 988 3007 κατοίκησις
1041 2945 1156 2999 ἔστι
1214 2954 1314 2999 τῶν
1353 2944 1625 3021 ἀδελφῶν·
1688 2954 1883 3003 σκοπὸν

288 3031 379 3099 μιν
401 3030 597 3101 ἔχουσα
643 3038 737 3092 τὴν
786 3028 945 3098 δόξαν
995 3043 1088 3088 τοῦ
1152 3043 1285 3089 8:6'3
1340 3037 1460 3089 κατ’
1517 3037 1723 3097 ἐντολὴν
1787 3046 1880 3092 τοῦ

287 3120 479 3192 Κυρίου
517 3120 661 3194 ἡμῶν
708 3120 881 3180 ’1ησοῦ
940 3133 1177 3200 Χριστοῦ
1227 3124 1494 3189 εἰπόντος⁸
1554 3127 1706 3180 Οὕτω
1752 3127 1882 3202 λαμο
1908 3162 1952 3221 c

278 3205 430 3276 φάτω
503 3213 562 3262 τὸ
640 3219 742 3283 φῶς
815 3215 958 3287 ὑμῶν
1034 3217 1324 3290 ἔμπροσθεν
1397 3224 1498 3269 τῶν
1573 3216 1876 3294 ἀνθρώπων,

278 3296 413 3357 ὅπως
462 3295 653 3351 ἴδωσιν
713 3302 856 3374 ὑμῶν
920 3305 989 3356 τὰ
1046 3303 1181 3357 καλὰ
1237 3307 1383 3380 ἔργα,
1452 3310 1541 3359 καὶ
1610 3304 1881 3371 δοξάσωσι

276 3386 363 3438 τὸν
431 3390 641 3462 Πατέρα
704 3390 846 3461 ὑμῶν
897 3393 985 3442 τὸν
1034 3390 1081 3443 ἐν
1110 3400 1221 3456 τοῖς
1247 3394 1487 3468 οὐρανοῖς
1514 3416 1527 3430 ο
1559 3404 1884 3471 χαρακτῆρα

277 3471 338 3528 δε
393 3476 645 3538 σώζουσα
680 3487 780 3530 τῶν
839 3478 888 3531 ἐν
958 3488 1071 3541 ταῖς
1154 3482 1414 3556 Πράξεσιν
1503 3486 1881 3561 ἱστορουμένων

277 3563 458 3636 ἁγίων,
516 3570 636 3639 περὶ
677 3566 744 3618 ὧν
799 3570 1131 3643 γέγραπταν
1192 3572 1387 3632 Πάντες
1426 3567 1487 3625 δὲ
1542 3574 1590 3625 οὶ
1610 3576 1883 3626 πιστεύον-

275 3672 356 3716 τες
394 3659 509 3726 (37)
539 3652 674 3729 ᾖσαν
701 3655 787 3710 ἐπὶ
815 3660 875 3710 τὸ
914 3658 1064 3726 αὐτὸ,
1115 3663 1204 3712 καὶ
1235 3658 1381 3733 εἶχον
1422 3660 1630 3716 ἅπαντα
1682 3664 1833 3717 κοινά
1862 3678 1877 3695 ⁸

275 3749 368 3796 καὶ⁵
408 3744 562 3798 πάλιν
591 3765 604 3782 ’
689 3753 793 3799 Τοῦ
869 3744 928 3801 δὲ
1014 3748 1242 3810 πλήθους
1308 3759 1408 3803 τῶν
1486 3753 1881 3806 πιστευσάντων

278 3829 342 3890 ἦν
390 3836 420 3892 ἡ
474 3831 675 3909 καρδία
739 3841 829 3890 καὶ
880 3837 910 3896 ἡ
971 3835 1128 3911 ψυχὴ
1205 3842 1304 3912 μία
1335 3859 1348 3875 ο
1438 3846 1530 3893 καὶ
1601 3837 1726 3895 οὐδε
1810 3843 1882 3905 εἷς

275 3940 329 3975 τι
379 3931 480 3976 τῶν
536 3925 882 4001 ὑπαρχόντων
935 3927 1078 4001 αὐτῷ
1128 3928 1294 4004 ἔλεγεν
1349 3925 1489 3983 ἴδιον
1542 3931 1691 4000 εἶναι,
1771 3931 1880 3985 ἀλλ’

274 4009 338 4071 ἧν
364 4013 538 4077 αὐτοῖς
588 4014 797 4070 ἅπαντα
847 4017 1016 4073 κοινά.

854 4198 1169 4252 ﬁrmum:
1219 4194 1297 4253 ιε’.

829 4290 956 4361 Περὶ
1032 4286 1269 4360 ἂποταγῆ
1281 4307 1323 4350 ς.

350 4375 411 4429 El
434 4377 545 4451 χρὴ
576 4382 780 4449 πρῶτον
810 4374 1208 4431 ἂποτάσσεσθαι
1234 4382 1389 4445 πᾶσι,
1422 4380 1522 4433 καὶ
1569 4378 1734 4445 οὕτως
1753 4400 1880 4457 προ-

277 4470 448 4520 σιέναι
475 4473 538 4539 τῇ
579 4467 714 4519 κατὰ
742 4467 864 4520 Θεὸν
882 4465 1137 4540 πολιτείᾳ.

888 4631 1263 4686 ΔΠΟΚΡΙΣΙΣ.

356 4722 402 4775 ι.
429 4723 532 4774 Τοῦ
569 4722 764 4795 Κυρίου
801 4719 948 4793 ἡμῶν
978 4720 1156 4781 Ἰησοῦ
1221 4726 1460 4795 Χριστοῦ
1510 4722 1645 4796 μετὰ
1689 4720 1880 4784 πολλὴν

1999 1863 2272 1923 tudinem
2303 1879 2425 1920 non
2454 1863 2585 1921 sola
2605 1863 2882 1922 doctrina
2914 1880 3054 1937 quas
3085 1863 3147 1923 in
3180 1862 3382 1923 verbis
3413 1863 3530 1921 sita
3552 1868 3663 1933 est,

1996 1956 2318 2012 contentus
2347 1952 2478 2018 fuit,
2520 1951 2631 2009 sed
2686 1957 2754 2010 ut
2793 1967 3080 2025 expresse
3128 1952 3558 2025 evidenterque
3604 1952 3669 2009 in

1997 2040 2338 2107 dilectionis
2382 2040 2752 2116 perfectione
2795 2040 2976 2101 nobis
3026 2040 3288 2099 traderet
3313 2040 3668 2101 humilitatis

1996 2131 2369 2204 exemplum,
2394 2130 2581 2188 cinxit
2609 2130 2851 2203 seipse,
2897 2134 2958 2190 et
2986 2129 3427 2205 discipulorum
3474 2129 3666 2203 pedes

1997 2219 2162 2279 lavit.
2218 2221 2409 2287 Quem
2437 2219 2621 2290 igitur
2648 2224 2713 2276 tu
2751 2218 2986 2277 lavabis
3008 2219 3036 2277 ?
3054 2219 3116 2277 in
3144 2235 3330 2293 quem
3356 2218 3665 2277 ofﬁciosus

1999 2309 2118 2368 eris
2157 2309 2186 2366 ‘2
2210 2325 2337 2383 prie
2374 2325 2501 2383 quo
2537 2308 2774 2368 futurus
2811 2325 2876 2366 es
2909 2308 3175 2376 ultimus,
3210 2308 3260 2365 si
3305 2308 3435 2383 ipse
3466 2312 3666 2369 tecum

1999 2398 2167 2456 solus
2193 2398 2431 2470 degas?
2481 2400 2711 2459 Bonum
2755 2402 2960 2457 autem
3015 2402 3074 2455 et
3112 2396 3457 2471 jucundum
3487 2396 3661 2468 illud,

1996 2487 2250 2546 fratrum
2298 2486 2578 2547 videlicet
2605 2488 2822 2547 eodem
2851 2487 2915 2546 in
2951 2486 3086 2544 loco
3116 2486 3432 2552 habitatio,
3471 2502 3663 2562 quam

1997 2581 2302 2648 unguento
2322 2574 2574 2635 odorem
2595 2592 2671 2633 ex
2690 2572 2913 2635 summi
2941 2574 3243 2649 pontiﬁcis
3267 2575 3463 2651 capite
3493 2575 3663 2633 emit-

1994 2665 2141 2725 tenti
2170 2667 2425 2740 Spiritus
2454 2670 2703 2725 sanctus
2724 2667 3070 2739 comparat7
3091 2708 3106 2736 ,
3130 2681 3256 2742 qua
3286 2665 3536 2725 tandem
3560 2682 3659 2725 ra-

1994 2756 2156 2815 tione
2195 2762 2253 2813 et
2301 2755 2572 2815 solitaria
2599 2755 2979 2815 habitatione
3016 2755 3371 2830 implebitur
3401 2756 3429 2812 ?
3455 2759 3662 2831 Itaque

1991 2845 2338 2905 certaminis
2369 2844 2658 2917 stadium,
2690 2844 3052 2919 etexpedita
3082 2844 3441 2918 proﬁciendi
3459 2844 3579 2916 via,
3604 2849 3664 2905 et

1991 2940 2355 3008 perpetuum
2403 2934 2780 3004 exercitium,
2829 2940 2887 2992 et
2935 2934 3372 3007 mandatorum
3425 2934 3665 2995 Domini

1990 3023 2173 3097 348
2199 3024 2532 3092 meditatio,
2566 3025 2823 3083 fratrum
2863 3031 2952 3081 est
2983 3024 3200 3081 eodem
3231 3025 3294 3081 in
3331 3024 3466 3082 loco
3492 3024 3661 3083 habi-

1990 3113 2134 3171 tatio
2183 3129 2198 3169 :
2245 3128 2384 3186 quas
2415 3117 2472 3171 et
2516 3128 2627 3186 pro
2683 3128 2874 3185 scopo
2916 3112 3102 3170 habet
3155 3112 3257 3170 Dei
3300 3112 3557 3183 gloriam
3585 3129 3661 3170 ex

1989 3207 2292 3276 prmeepto
2323 3202 2560 3261 Domini
2583 3203 2773 3260 nostri
2790 3204 2930 3260 Jesu
2952 3201 3186 3270 Christi,
3209 3202 3315 3277 qui
3341 3202 3522 3261 dicit:
3557 3204 3660 3263 Sic

1990 3294 2181 3351 luceat
2196 3293 2309 3351 lux
2322 3292 2735 3355 vestrafcoram
2751 3293 3114 3363 hominibus,
3128 3297 3195 3349 ut.
3216 3293 3458 3352 videant
3471 3309 3659 3366 opera

1987 3389 2187 3443 vestra
2215 3383 2389 3453 bona,
2429 3389 2484 3441 et
2503 3383 2847 3454 gloriﬁcent
2870 3385 3116 3443 Patrem
3156 3388 3421 3441 vestrum
3464 3385 3572 3456 qui
3593 3385 3658 3442 in

1988 3472 2155 3530 ca'lis
2185 3476 2269 3529 est
2288 3473 2330 3538 ⁸,
2350 3477 2410 3529 et
2432 3471 2615 3535 ritum
2655 3488 2726 3531 ac
2767 3472 3028 3531 formam
3060 3476 3414 3531 sanctorum
3435 3476 3654 3542 servat,

1987 3575 2253 3635 quorum
2285 3560 2352 3619 ﬁt
2370 3561 2433 3618 in
2464 3561 2627 3619 Actis
2653 3563 2902 3633 mentio,
2934 3566 2993 3618 et
3012 3561 3089 3619 de
3109 3561 3334 3635 quibus
3365 3563 3657 3638 scriptum

1989 3654 2112 3709 est:
2167 3651 2380 3708 Omnes
2423 3655 2625 3709 autem
2669 3652 2779 3723 qui
2806 3651 3134 3709 credebant
3166 3657 3342 3708 erant
3379 3653 3563 3710 simul
3593 3654 3658 3711 in

1989 3739 2190 3797 eodem
2213 3741 2366 3813 loco,
2387 3746 2443 3798 et
2465 3740 2766 3799 habebant
2786 3742 2989 3799 omnia
3020 3743 3408 3799 communia“.
3434 3744 3503 3799 Et
3531 3758 3658 3800 rur-

1992 3845 2098 3887 sus
2148 3848 2162 3898 ;
2207 3829 2631 3889 Multitudinis
2685 3836 2882 3887 autem
2947 3830 3318 3889 credentium
3375 3836 3512 3889 erat
3554 3848 3659 3891 cor

1989 3934 2203 3983 unum,
2229 3924 2286 3977 et
2306 3920 2517 3977 anima
2552 3935 2678 3979 una
2699 3939 2720 3976 .-
2742 3935 2853 3978 nec
2880 3920 3224 3992 quisquam,
3271 3936 3481 3978 eorum
3519 3937 3657 3995 quae

1982 4008 2329 4079 possidebat
2359 4008 2598 4081 aliquid
2623 4023 2798 4066 suum
2829 4024 2952 4067 esse
2980 4008 3356 4082 dicebat,sed
3371 4017 3547 4069 erant
3579 4012 3656 4068 il-

1988 4098 2063 4155 lis
2093 4098 2299 4156 omnia
2319 4098 2662 4155 communia
2696 4099 2765 4154 ιο.

2458 4190 2978 4247 INTERROGATIO
3042 4188 3192 4247 VIII.

2524 4278 2612 4335 De
2627 4278 3111 4337 renuntiatione.

2061 4368 2220 4423 Num
2247 4370 2524 4439 oporteat
2564 4366 2832 4440 primum
2885 4366 3232 4427 renuntiare
3258 4367 3568 4434 omnibus,
3600 4372 3659 4427 et

1988 4454 2074 4512 ita
2100 4455 2352 4515 demum
2372 4456 2452 4515 ad
2472 4455 2604 4515 vitm
2634 4472 2826 4530 genus
2851 4456 3044 4535 quod‘
3071 4458 3414 4517 secundum
3464 4461 3655 4517 Deum

1916 4522 1960 4578 ο
1994 4546 2089 4616 sit,
2122 4546 2437 4606 accedere.

2609 4638 3033 4698 RESPONSIO.

2065 4730 2118 4786 i.
2141 4728 2293 4786 Cum
2321 4727 2613 4787 Dominus
2636 4732 2842 4788 noster
2858 4728 3035 4787 Iesus
3064 4726 3339 4788 Christus
3368 4730 3508 4802 post
3535 4730 3654 4788 Do-

346 4899 368 4938 ⁸
401 4901 572 4959 Rom.
612 4915 654 4959 ιι
688 4903 769 4957 13.
838 4901 859 4937 ⁷
893 4899 1050 4959 Psal.
1077 4911 1296 4970 exuti,
1324 4903 1377 4971 t,
1398 4904 1453 4959 2.
1528 4901 1551 4941 ³
1580 4899 1789 4961 Iatth.
1828 4918 1887 4977 ν,

2005 4945 2019 4960 .
2105 4906 2127 4942 ⁹
2149 4907 2278 4964 Act.
2310 4921 2374 4979 II,
2413 4908 2504 4964 44.
2588 4906 2637 4943 ¹⁰
2666 4909 2796 4964 Act.
2830 4921 2913 4980 iv,
2951 4908 3042 4965 32.

346 5027 625 5103 (32)Reg.
667 5025 873 5103 tertius
892 5024 1106 5103 ἐντολῶν
1130 5026 1502 5103 προηρηκίναι.
1542 5027 1676 5087 Mox
1724 5026 1875 5102 Reg.

271 5094 507 5172 primus
531 5094 718 5172 ᾆᾶυτὸν
745 5094 1015 5172 ἐπιδείξει.

346 5170 458 5247 (33)
487 5170 583 5247 Sic
609 5169 802 5247 codex
830 5171 1002 5247 Voss.
1034 5174 1092 5228 et
1119 5172 1261 5243 Reg.
1287 5172 1545 5247 primus.
1565 5171 1697 5230 Vox
1726 5174 1876 5228 θεων

273 5238 338 5298 in
356 5238 623 5313 'vulgatis
649 5241 885 5298 deerat.

348 5311 634 5391 (34)}‘83.
660 5313 894 5391 primus
934 5322 1250 5391 προαγαγεῖν
1286 5316 1354 5369 τὰ
1392 5311 1869 5391 διδασκόμενα-μή

274 5385 687 5467 προαιρουμένῳ.
747 5385 982 5467 Οοᾼάθκ’
1018 5385 1186 5444 νὸεέ.
1229 5385 1365 5444 loco
1392 5385 1644 5467 προάγειν
1689 5385 1876 5448 habet

274 5462 526 5535 quoque
545 5465 885 5535 προαγαγεξν.

350 5524 465 5601 (δεῖ)
497 5524 892 5601 coaex'c'olb.
924 5531 994 5582 Τὸ
1026 5525 1085 5583 δὲ
1113 5524 1229 5601 tam)
1274 5526 1344 5590 δὴ
1392 5534 1445 5585 τί
1505 5530 1683 5601 καλὸν,
1743 5531 1774 5594 ἢ
1819 5537 1875 5588 τί

275 5598 514 5679 τερπνὸν.
540 5600 648 5655 ἀλλ’
686 5602 716 5663 ἡ
733 5605 794 5656 τὸ
822 5608 1083 5657 κατοικεῖν
1105 5598 1357 5676 ἀδελφοὺς
1382 5602 1471 5658 ἐπὶ
1490 5607 1569 5658 “τό
1598 5598 1750 5675 αὐτό,
1808 5606 1871 5667 ἦν

1984 5031 2163 5116 μιξρεδι
2188 5045 2320 5116 ecce
2339 5046 2506 5116 nunc
2528 5031 2680 5116 quid
2710 5030 2962 5116 bonum,
2991 5033 3086 5092 vel
3111 5031 3264 5106 quid
3274 5030 3649 5107 jucundum,

1985 5102 2115 5160 nisi
2137 5102 2422 5162 habitare
2434 5102 2671 5175 fratres
2697 5104 2763 5161 in
2790 5102 3001 5162 unum.

2056 5175 2173 5247 (36)
2205 5178 2345 5251 Reg.
2386 5176 2706 5251 primuset
2735 5176 2901 5233 Colb.
2923 5174 3493 5251 «poxcnﬁgdsﬁd‘oxia,
3552 5193 3652 5236 vo-

1983 5247 2751 5376 :zériittiasaéliprbﬁciendum
2763 5247 3090 5320 propensa.
3130 5248 3248 5306 Alii
3267 5250 3388 5307 duo
3413 5265 3563 5309 mss.
3590 5254 3653 5309 et

2155 5337 2241 5372 ευο
2308 5338 2360 5376 α.

2469 5390 2592 5448 duo
2616 5390 2753 5448 libri
2784 5406 2925 5448 cum
2958 5392 3142 5450 Voss.
3170 5394 3223 5446 ei
3246 5394 3645 5478 πιστεύσαντες.

2056 5478 2110 5517 ix
2146 5479 2297 5517 mss.
2374 5479 2452 5517 uo
2490 5464 2522 5517 ἠ
2564 5461 2764 5517 καρδία
2791 5465 2931 5517 καιῆ
2957 5464 3139 5517 φυγή.
3199 5465 3457 5517 Deerant
3510 5471 3645 5517 arii-

1982 5464 2110 5521 on
2146 5479 2297 5520 mss.
2328 5464 2452 5520 duo
2490 5464 2522 5522 ἠ
2564 5464 2764 5540 καρδία
2791 5465 2931 5524 κοιιῆ
2957 5464 3139 5539 ψυχή.
3199 5465 3457 5525 Deerant
3510 5464 3650 5524 arti-

1982 5533 2106 5592 culi
2133 5535 2196 5593 in
2234 5533 2518 5608 vulgatis.
