4110 6418
472 310 577 372 935

1847 304 1905 359 S.
1949 303 2200 359 BASILII
2237 300 2478 359 MAGNI.

3746 304 3854 357 936

472 442 757 496 cumenta
790 437 999 503 multa,
1034 451 1227 508 eaque
1254 451 1326 491 ex
1373 433 1577 490 multis
1614 432 1905 505 operibus
1931 428 2115 484 valide

2243 430 2334 478 καὶ
2394 421 2487 477 diu.
2543 423 2813 479 πλειόνων.
2840 426 3159 497 πραγμάτων
3210 425 3440 501 ἰσχυρὰν
3470 420 3739 489 ἀπόδειξιν
3764 424 3853 479 λέ-

471 528 893 601 comprobata,
914 525 1075 580 dicat
1104 525 1392 580 omnibus
1418 540 1432 578 :
1458 525 1523 579 Si
1551 525 1683 594 quis
1715 523 1877 578 venit
1907 520 1988 575 ad
2016 533 2126 583 me,

469 621 722 689 abneget
750 616 1152 685 semetipsum,
1184 622 1238 671 et
1271 617 1449 671 tollat
1493 628 1730 669 crucem
1751 626 1945 677 suam,
1977 619 2031 666 et
2051 624 2130 664 se-

466 714 695 779 quatur
724 723 814 763 me
841 707 883 742 ιί
912 724 925 773 ;
950 712 1006 759 et
1028 706 1244 760 iterum
1272 723 1282 759 :
1312 706 1407 761 Sic
1434 719 1575 774 ergo
1622 704 1812 757 omnis
1832 716 1908 757 ex
1945 699 2126 761 vobis,

468 799 573 870 qui
591 812 706 853 non
731 797 1329 854 renuntiatomnibus
1354 810 1481 866 quas
1501 792 1783 861 possidet,
1806 806 1927 846 non
1936 794 2130 859 potest

468 903 632 944 meus
652 902 775 944 esse
790 886 1211 956 discipulus”;
1233 884 1601 940 arbitramur
1623 883 1736 938 hoc
1757 885 2130 954 praeceptum

468 975 549 1032 ad
595 975 772 1049 plura
803 992 838 1032 a
882 974 1105 1047 quibus
1146 972 1483 1029 abalienari
1527 976 1784 1044 oportet,
1814 968 2126 1041 pertinere.

468 1067 616 1122 Nam
643 1071 698 1122 et
720 1065 965 1121 diabolo
989 1069 1125 1119 ante
1153 1063 1361 1119 omnia
1384 1067 1440 1117 et
1468 1062 1669 1117 carnis
1697 1059 2010 1116 affectibus
2039 1074 2130 1114 re-

465 1156 836 1223 nuntiamus,
870 1154 974 1226 qui
1004 1153 1289 1209 nuntium
1335 1151 1684 1207 remisimus
1715 1148 1962 1204 occultis
2001 1152 2126 1204 tur-

462 1243 857 1316 pitudinibus,
908 1241 1377 1312 cognationibus
1430 1239 1759 1311 corporeis,
1807 1237 2128 1293 hominum

463 1333 740 1390 amicitiis
757 1333 960 1388 etvitie
976 1330 1569 1402 consuetudini,qu
1584 1328 1911 1397 integritati
1930 1331 2124 1383 Evan-

464 1422 600 1493 gelii
631 1421 844 1478 salutis
874 1421 1249 1477 adversetur.
1280 1421 1347 1474 Et
1370 1418 1538 1491 quod
1567 1418 1661 1473 his
1691 1418 1890 1487 magis
1924 1432 2126 1472 neces-

463 1512 690 1568 sarium
730 1516 841 1579 est,
874 1510 986 1566 sibi
1016 1510 1143 1582 ipse
1185 1509 1491 1565 renuntiat
1519 1508 1623 1581 qui
1661 1507 1823 1563 exuit
1864 1511 2122 1563 veterem

458 1600 773 1657 hominem
803 1616 944 1656 cum
988 1599 1221 1655 actibus
1259 1598 1529 1670 ipsius”,
1586 1596 1689 1669 qui
1720 1597 2125 1668 corrumpitur

471 1690 807 1747 secundum
838 1688 1140 1745 desideria
1169 1687 1457 1744 erroris“.
1489 1692 1571 1742 Ac
1609 1686 1788 1742 etiam
1819 1685 2125 1743 renuntiat

2240 533 2423 586 γοντος
2480 516 2607 587 πρὸς
2658 515 2894 575 πάντας·

2238 602 2635 676 ἀπαρνησάσθω
2695 601 2896 669 ἑαυτὸν,
2971 608 3057 656 καὶ
3132 603 3307 679 ἀράτω
3351 607 3464 677 (38)
3534 608 3619 657 τόν
3692 625 3853 658 σταυ-

3492 699 3581 747 καὶ
3647 694 3801 747 πάλιν
3833 715 3846 727 ·

2986 518 3048 565 Εἰ
3130 534 3210 576 τις
3274 518 3488 589 ἔρχεται
3550 519 3683 589 πρὸς
3763 519 3848 588 με,

2236 697 2324 767 ρόν
2406 692 2589 761 αὐτοῦ,
2694 697 2785 743 καὶ
2861 690 3205 747 ἀκολουθείτω
3282 714 3408 767 μοι’

2240 782 2420 843 Οὕτως
2471 779 2559 834 οὖν
2641 787 2745 843 πᾶς
2819 780 2872 846 ἐξ
2954 783 3119 855 ὑμῶν,
3194 783 3249 844 ὃς
3319 783 3414 836 οὐκ
3487 782 3849 837 ἀποτάσσεται

2236 878 2372 925 πᾶσι
2427 879 2538 933 τοῖς
2603 871 2788 924 ἑαυτοῦ
2878 873 3236 945 ὑπάρχουσιν,
3311 873 3370 927 οὗ
3446 869 3671 926 δύναταί
3743 893 3848 947 μου

2237 962 2367 1014 εἶναι
2441 963 2683 1034 μαθητής
2726 983 2737 994 ·
2842 963 3110 1034 ἡγούμεθα
3191 967 3249 1016 τό
3334 963 3686 1038 παράγγελμα
3763 962 3848 1016 ἐπὶ

2235 1050 2448 1103 πλείονα
2492 1047 2790 1117 διατείνειν,
2823 1052 2891 1101 ὧν
2940 1052 2969 1109 ἡ
3019 1050 3353 1126 ἀλλοτρίωσις
3407 1052 3687 1124 ἀναγκαία.
3745 1059 3848 1107 Καὶ

2234 1143 2335 1216 γαρ
2366 1149 2439 1212 τῷ
2467 1136 2697 1212 διαϐόλῳ
2728 1144 2828 1216 πρὸ
2859 1144 3061 1193 πάντων
3117 1140 3549 1216 ἀποτασσόμεθα,
3598 1149 3690 1196 καὶ
3738 1152 3840 1197 τοίἑ

2234 1231 2427 1281 πάθεσι
2475 1239 2570 1293 τῆς
2616 1233 2831 1303 σαρκός,
2889 1232 2937 1282 οὶ
2990 1228 3330 1305 ἀπειπάμενοι
3377 1234 3445 1284 τὰ
3485 1237 3695 1306 κρυπτά
3750 1242 3847 1297 τῆς

2236 1318 2518 1391 αἰσχύνης,
2582 1325 2672 1371 καὶ
2748 1325 3070 1392 συγγενείαις
3138 1330 3482 1395 σωματικαῖς,
3544 1329 3637 1377 καὶ
3707 1324 3847 1378 ἐται-

2233 1413 2400 1483 ρείαις
2449 1406 2751 1485 ἀνθρώπων,
2807 1414 2897 1461 καὶ
2943 1412 3047 1462 ἔθει
3077 1409 3200 1483 βίον
3232 1417 3517 1485 μαχομένῳ
3575 1417 3706 1488 πρὸς
3750 1420 3845 1474 τὴν

2235 1494 2501 1570 ἀκρίϐειαν
2555 1506 2647 1550 τοῦ
2698 1498 3013 1576 Εὐαγγελίου
3060 1509 3157 1563 τῆς
3212 1507 3496 1577 σωτηρίας.
3588 1510 3691 1557 Καὶ
3783 1510 3843 1559 τό

2232 1591 2429 1640 τούτων
2480 1588 2903 1666 ἀναγκαιότερον,
2954 1592 3112 1654 αὐτὸς
3170 1591 3337 1663 ἐαυτῷ
3387 1592 3750 1650 ἀποτάσσεται
3814 1600 3843 1650 ὁ

2233 1673 2638 1751 ἀποδυσάμενος
2679 1682 2767 1731 τὸν
2808 1678 3028 1731 παλαιὸν
3070 1681 3340 1755 ἄνθρωπον
3402 1686 3494 1735 σὺν
3547 1692 3665 1746 ταῖς
3705 1689 3843 1762 πρά-

452 1782 737 1836 omnibus
768 1779 1098 1836 mundanis
1128 1778 1466 1845 affectibus,
1503 1778 1609 1850 qui
1647 1776 1889 1848 pietatis
1935 1792 2115 1848 scopo

2233 1766 2370 1829 ξεσιν
2430 1767 2611 1835 αὑτοῦ,
2680 1772 2766 1820 τὸν
2839 1771 3166 1844 φθειρόμενον
3216 1766 3367 1824 κατὰ
3397 1775 3490 1836 τὰς
3558 1773 3844 1849 ἐπιθυμίας

456 1869 892 1942 impedimento
906 1884 1035 1924 esse
1056 1872 1338 1941 possunt.
1360 1872 1563 1940 itaque
1577 1867 1681 1938 qui
1695 1866 1996 1937 ejusmodi
2013 1871 2121 1937 est,

455 1974 634 2016 veros
658 1963 938 2031 parentes
959 1972 1063 2014 eos
1095 1973 1226 2013 esse
1263 1956 1655 2025 existimabit,
1701 1957 1805 2028 qui
1824 1956 2031 2029 ipsum
2059 1956 2121 2012 in

460 2047 696 2105 Christo
734 2050 870 2104 Jesu
898 2063 1006 2120 per
1031 2046 1418 2117 Evangelium
1451 2046 1764 2116 genuerint
1795 2047 1838 2081 τε
1863 2065 1877 2102 :
1908 2046 2123 2103 fratres

454 2151 602 2192 vero
631 2152 755 2206 eos,
788 2137 893 2209 qui
925 2135 1266 2208 acceperint
1296 2134 1579 2191 eumdem
1613 2134 1960 2206 adoptionis
1987 2135 2119 2207 Spi-

453 2223 664 2296 ritum,
691 2229 1111 2297 praatereaque
1141 2223 1432 2280 omnibus
1463 2222 1685 2279 divitiis
1714 2229 2004 2296 tanquam
2031 2238 2121 2280 re-

452 2312 569 2370 bus
597 2313 831 2385 alienis,
863 2318 927 2370 ut
957 2315 1157 2385 reipsa
1201 2318 1364 2381 sunt,
1408 2312 1698 2369 intendet.
1733 2314 1860 2369 Uno
1906 2313 2114 2380 verbo,

454 2401 506 2457 is
545 2402 642 2458 cui
669 2407 915 2475 propter
942 2402 1244 2460 Christum
1276 2401 1546 2458 mundus
1586 2405 1750 2457 totus
1794 2402 2118 2458 cruciﬁxus

455 2496 562 2557 est,
591 2496 647 2547 et
665 2491 796 2565 ipse
826 2492 1132 2559 mundo“,
1167 2492 1484 2565 quomodo
1501 2491 1703 2547 adhuc
1723 2496 2116 2564 potestcura-

452 2596 589 2637 rum
609 2580 1067 2638 mundanarum
1089 2582 1395 2655 particeps
1427 2597 1562 2637 esse
1597 2581 1626 2637 ?
1654 2596 1795 2636 cum
1825 2582 2115 2637 Dominus

449 2672 838 2726 nosterJesus
861 2671 1130 2735 Christus
1158 2675 1213 2726 et
1233 2671 1455 2727 animas
1483 2670 1693 2726 odium
1726 2676 1782 2727 et
1812 2671 1905 2727 sui
1926 2670 2118 2744 ipsius

449 2759 919 2831 abnegationem
959 2759 1039 2816 ad
1071 2776 1382 2816 summum
1414 2759 1707 2833 perducat
1741 2759 1835 2815 his
1866 2759 2069 2816 verbis
2099 2778 2114 2816 :

446 2849 517 2905 Si
541 2851 676 2920 quis
703 2850 834 2905 vult
848 2856 986 2919 post
1007 2864 1102 2906 me
1136 2850 1361 2919 venire,
1387 2851 1640 2920 abneget
1658 2852 2117 2922 semetipsum,et

449 2937 630 2994 tollat
660 2954 893 2995 erucem
915 2953 1121 2995 suam:
1144 2943 1396 3011 tumque
1428 2939 1741 3010 subjungit
1764 2954 1777 2993 :
1800 2939 1883 2994 Et
1912 2954 2117 3011 sequa-

448 3028 552 3081 tur
578 3028 743 3083 me”.
768 3028 837 3083 Et
861 3043 1075 3083 rursus
1103 3044 1116 3083 :
1148 3027 1217 3083 Si
1250 3028 1383 3099 quis
1425 3029 1585 3084 venit
1629 3029 1711 3084 ad
1739 3044 1850 3093 me,
1897 3035 1954 3086 et
1993 3045 2116 3086 non

2230 1864 2327 1917 τῆς
2369 1855 2593 1920 ἀπάτης.
2664 1857 3054 1912 ’Δποτάσσεται
3103 1856 3163 1913 δὲ
3205 1866 3295 1914 καὶ
3337 1864 3536 1925 πάσαις
3588 1884 3840 1941 προσπα-

2232 1948 2398 2009 θείαις
2453 1948 2561 2019 (39)
2611 1956 2701 2000 τοῦ
2750 1953 2974 2022 κόσμου,
3036 1947 3340 2023 ἐμποδίζειν
3393 1962 3464 2024 τῷ
3521 1965 3700 2028 σκοπῷ
3746 1966 3844 2021 τῆς

2230 2034 2865 2111 εὖσεϐείαςδυναμναις.
2932 2045 3103 2102 Γονεῖς
3174 2044 3263 2113 μὲν
3338 2038 3425 2094 οὖν
3502 2044 3527 2095 ὀ
3603 2054 3839 2112 τοιοῦτος

2226 2130 2345 2187 τοῦς
2391 2123 2439 2177 ἐν
2489 2135 2703 2201 Χριστῷ
2758 2127 2933 2187 Ἰησοῦ
2993 2125 3087 2182 διὰ
3130 2138 3223 2182 τοῦ
3274 2130 3598 2204 Εὐαγγελίου
3664 2142 3840 2208 γεννὴ-

2230 2233 2425 2277 σαντας
2468 2215 2622 2267 αὐτόν
2687 2215 2966 2278 ἀληθινοὺς
2990 2220 3273 2289 ἡγήσεται,
3307 2216 3564 2293 ἀδελφοὺς
3608 2220 3669 2276 δὲ
3720 2230 3839 2288 τοὺς

2226 2308 2284 2356 τό
2317 2304 2444 2357 αὐτὸ
2476 2313 2689 2379 Πνεῦμα
2717 2315 2815 2368 τῆς
2844 2308 3115 2369 υἱοθεσίας
3162 2306 3434 2379 λαϐόντας,
3468 2318 3711 2386 κτήμασι
3776 2312 3837 2369 δὲ

2223 2400 2388 2446 πᾶσιν
2445 2397 2510 2455 ὡς
2541 2393 2852 2471 ἀλλοτρίοις,
2913 2398 3036 2470 ὅπερ
3095 2395 3231 2468 ἐστὶ,
3282 2400 3545 2474 προσέξει.
3616 2404 3715 2458 Ἑνὶ
3771 2401 3831 2457 δὲ

2222 2481 2377 2556 λόγῳ,
2486 2480 2580 2537 διὰ
2604 2489 2835 2558 Χριστόο
2879 2484 2991 2546 ὅλος
3033 2487 3059 2538 ὁ
3106 2492 3306 2560 κόσμος
3347 2487 3689 2567 ἐσταύρωται,
3738 2499 3828 2546 καὶ

2225 2572 2384 2633 αὐτὸς
2409 2582 2483 2645 τῷ
2530 2579 2733 2647 κόσμῳ,
2766 2584 2872 2637 πῶς
2912 2578 2987 2628 ἔτι
3028 2572 3252 2630 δύναται
3301 2580 3432 2632 εἶναι
3470 2586 3701 2654 μέτοχος
3728 2592 3830 2636 τῶν

2225 2670 2486 2734 μεριμνῶν
2507 2670 2599 2715 τοῦ
2625 2682 2827 2736 κόσμου
2859 2664 3014 2735 (4Ο);
3055 2661 3147 2717 τοῦ
3203 2670 3398 2742 Κυρίου
3447 2671 3592 2741 ἡμῶν
3650 2671 3829 2729 Ἰησοῦ

2227 2757 2464 2824 Χριστοῦ
2492 2752 2559 2812 εἰς
2590 2754 2746 2828 άκρον
2773 2754 3089 2828 προάγοντος
3136 2758 3194 2807 τό
3241 2776 3297 2808 τε
3321 2764 3473 2830 μῖσος
3496 2766 3591 2817 τῆς
3640 2758 3825 2831 ψυχῆς

2227 2845 2319 2892 καὶ
2369 2845 2464 2899 τὴν
2518 2840 2704 2894 ἑαυτοῦ
2736 2842 2956 2916 ἀρνησιν
2989 2840 3062 2895 δι’
3094 2845 3161 2895 ὧν
3204 2865 3386 2917 φησιν·
3446 2849 3507 2900 Εἰ
3555 2867 3636 2910 τις
3695 2849 3827 2901 θέλει

3739 2943 3832 2991 καὶ

3144 3030 3235 3077 καὶ
3287 3030 3403 3079 τότε
3443 3024 3798 3101 ἐπαγαγόντος
3814 3050 3827 3062 ·

2229 2929 2400 2983 ὀπίσω
2484 2951 2585 3004 μον
2675 2931 2854 3001 ἐλθεῖν,
2943 2932 3367 3009 ἀπαρνησάσθω.
3424 2936 3625 3005 ἑαυτὸν,

2225 3017 2398 3094 ἀράτω
2454 3024 2541 3073 τόν
2610 3026 2834 3099 σταυρὸν
2885 3025 3045 3076 αὐτοῦ
3074 3045 3088 3058 ο

446 3116 571 3171 odit
595 3121 835 3186 patrem
870 3132 1067 3186 suum,
1108 3123 1165 3174 et
1202 3123 1458 3174 matrem
1485 3122 1541 3174 et
1562 3133 1838 3187 uxorem,
1860 3123 1918 3175 et
1935 3120 2115 3189 ﬁlios,

2226 3114 2327 3162 Καὶ
2389 3109 2733 3166 ἀκολουθείτω
2777 3132 2870 3186 μοι
2898 3134 2913 3149 ο
2970 3119 3061 3167 καὶ
3111 3114 3305 3167 πάλινο
3359 3119 3422 3171 Εἴ
3486 3136 3564 3178 τις
3617 3119 3833 3192 ἔρχεται

445 3211 504 3261 et
549 3205 805 3277 fratres,
846 3211 901 3264 et
948 3222 1203 3276 sorores,
1255 3206 1460 3264 adhuc
1507 3213 1706 3264 autem
1743 3213 1799 3264 et
1847 3210 2115 3266 animum

446 3309 639 3363 suam,
662 3312 785 3352 non
803 3302 999 3366 potest
1023 3312 1189 3353 meus
1205 3311 1327 3354 esse
1340 3297 1676 3366 discipulus
1711 3298 1778 3349 η.
1811 3298 2117 3363 Quamob-

443 3398 574 3441 rem
620 3385 683 3441 in
730 3400 802 3442 eo
833 3386 949 3442 sita
999 3391 1088 3442 est
1110 3387 1373 3459 perfecta
1421 3386 1807 3457 renuntiatio,
1850 3388 1898 3443 si
1928 3403 2112 3461 quem

447 3488 559 3530 nec
581 3474 773 3547 ipsius
811 3475 947 3531 vitae
974 3492 1147 3533 amor
1171 3482 1434 3539 moveat.
1478 3477 1585 3533 sed
1616 3478 1840 3535 habeat
1879 3484 2113 3536 senten-

441 3562 591 3620 tiam
624 3564 854 3631 mortis,
898 3564 982 3621 sic
1015 3571 1077 3622 ut
1104 3565 1254 3622 nihil
1296 3566 1410 3622 sibi
1439 3567 1780 3624 confidat”.
1826 3568 1970 3624 Inde
2001 3585 2111 3625 au-

440 3657 563 3709 tem
582 3654 819 3710 initium
851 3654 1051 3722 sumit,
1089 3655 1137 3710 si
1168 3655 1444 3712 videlicet
1471 3656 1809 3713 alienemur
1861 3673 1898 3713 a
1928 3659 2110 3715 rebus

441 3744 720 3811 externis,
752 3742 932 3816 349
962 3744 1223 3816 exempli
1276 3761 1486 3812 causa,
1516 3762 1552 3803 a
1590 3746 2105 3820 possessionibus,

440 3831 518 3889 ab
546 3832 713 3890 inani
737 3833 948 3903 gloria,
971 3850 1008 3890 a
1037 3834 1172 3889 vitae
1196 3836 1657 3903 consuetudine,
1683 3850 1719 3892 a
1744 3852 1949 3892 rerum
1974 3838 2108 3893 inu-

440 3919 631 3977 tilium
685 3921 907 3992 studio,
944 3922 1029 3977 uti
1079 3922 1420 3979 docuerunt
1469 3939 1583 3980 nos
1631 3925 1822 3981 sancti
1867 3926 2108 3982 Domini

441 4009 749 4082 discipuli,
779 4009 1044 4067 Jacobus
1065 4016 1122 4068 et
1166 4015 1451 4084 Joannes,
1497 4014 1603 4086 qui
1644 4020 1879 4087 patrem
1927 4030 2109 4072 suum

440 4099 820 4171 Zebedaeum,
844 4099 1190 4173 ipsumque,
1252 4118 1289 4157 a
1318 4118 1442 4176 quo
1492 4109 1617 4159 tota
1644 4103 1885 4160 illorum
1913 4104 2107 4161 victus

438 4183 592 4239 ratio
638 4184 964 4256 pendebat,
1023 4186 1339 4257 navigium
1389 4187 1684 4261 reliquere
1729 4205 1742 4243 :
1797 4189 2106 4246 Matthaeus

438 4288 601 4340 vero,
633 4289 773 4330 cum
804 4273 882 4331 ab
904 4274 1040 4348 ipso
1072 4275 1295 4332 telonio
1341 4278 1618 4345 surrexit,
1654 4279 2105 4352 Dominumque

440 4367 681 4419 secutus
703 4368 792 4420 est
825 4380 837 4419 :
885 4364 990 4438 qui
1041 4381 1165 4421 non
1201 4366 1404 4423 telonii
1455 4367 1654 4424 solum
1693 4369 2106 4428 emolumenta

437 4452 693 4526 reliquit,
718 4453 828 4509 sed
857 4455 1128 4527 pericula
1149 4455 1331 4512 etiam
1354 4458 1739 4531 contempsit,
1761 4475 1898 4532 quae
1923 4475 1960 4516 a
1980 4476 2105 4517 ma-

438 4542 785 4612 gistratibus
830 4549 959 4600 tum
991 4543 1105 4600 sibi
1163 4550 1293 4601 tum
1323 4546 1794 4617 consanguineis
1826 4549 1952 4604 suis
1996 4549 2107 4607 im-

436 4632 807 4704 pendebant,
832 4632 1000 4706 quod
1031 4633 1417 4704 vectigalium
1465 4636 1732 4692 rationes
1762 4637 2108 4711 reliquisset

434 4718 709 4777 infectas.
741 4720 925 4778 Paulo
953 4720 1217 4795 denique
1246 4727 1406 4779 totus
1437 4724 1618 4781 etiam
1648 4725 1919 4783 mundus
1970 4738 2103 4784 cru-

439 4809 652 4867 ciﬁxus
681 4815 825 4882 erat,
854 4815 912 4867 et
938 4810 1067 4884 ipse
1112 4812 1420 4869 mundo“.

512 4999 551 5035 ¹¹
584 4997 1066 5071 Μακηικτιλεί.
1150 5000 1195 5033 ¹²
1225 5001 1362 5056 Luc.
1394 5017 1518 5071 xxv,
1553 5004 1640 5058 33.

441 5072 525 5126 14.
605 5070 648 5105 ¹⁷
673 5069 874 5125 Matth.
906 5085 1026 5137 xvi,
1050 5072 1139 5125 24.
1217 5072 1260 5105 ³⁸
1292 5074 1427 5128 Luc.
1473 5069 1585 5143 xiv,
1628 5074 1717 5128 26.

509 5170 621 5235 (38)
656 5165 1035 5242 CodexColb.
1067 5165 1463 5242 ἀπαρνησάσθω
1487 5169 1669 5223 ἑαυτὸν
1715 5168 1816 5223 ἀπὸ
1865 5179 1956 5224 τοῦ
2014 5178 2098 5226 κό-

442 5255 601 5313 σμου,
613 5310 617 5313 Δ
630 5242 719 5313 καὶ
747 5236 941 5313 ἀράτω,

512 5310 627 5391 (39)
657 5309 1044 5391 Veteres'duo
1071 5309 1209 5391 libri
1239 5318 1356 5391 ταῖς
1374 5315 1775 5391 προσπαθεί-αις..
1794 5317 1925 5372 Mox
1953 5316 2100 5373 editi

439 5377 677 5456 ,οῆνέ
691 5379 840 5456 illud
869 5377 959 5432 οὖν
983 5382 1296 5456 in_nostris
1329 5377 1472 5439 ms's.
1498 5401 1634 5441 .non
1661 5385 1900 5456 legitur.
2101 5443 2109 5452 ,

504 5454 621 5522 (40)
650 5451 815 5529 Regii
846 5453 1152 5529 secundus
1181 5459 1237 5509 et
1265 5457 1473 5511 tertius
1496 5471 1669 5529 reque
1695 5451 1767 5513 ac
1799 5459 2098 5518 editiones

438 5519 667 5604 veteres
690 5519 875 5604 6.0.57.0;
908 5523 1035 5575 εἶναι
1060 5533 1159 5577 τῶν
1198 5536 1365 5601 μερῶν
1404 5535 1495 5604 τοῦ
1544 5519 1767 5603 κ’όσμον,
1807 5534 2100 5604 quomodo

435 5598 626 5665 potest
654 5593 855 5651 adhuc
885 5610 1091 5653 servus
1119 5593 1240 5656 esse
1253 5593 1520 5671 partium
1550 5593 1767 5658 mundi
1811 5593 1954 5675 Reg.
1981 5606 2099 5677 psi-

1725 5002 1770 5037 ⁸³
1803 5001 2026 5059 Coloss.
2059 5021 2146 5076 In,
2178 5009 2231 5062 9.

1804 5076 1849 5109 ιθ
1876 5078 1919 5131 li
1952 5078 2082 5133 Cor.
2117 5093 2155 5146 ι,
2189 5079 2241 5133 9.

2219 3202 2351 3275 πρὸς
2434 3202 2520 3273 με,
2596 3206 2685 3254 καὶ
2759 3201 2818 3254 οὗ
2895 3210 3044 3277 μισεί
3124 3207 3211 3257 τόν
3258 3210 3461 3280 πατέρα
3507 3206 3693 3277 αὐτοῦ,
3741 3214 3832 3263 καὶ

2219 3294 2315 3348 τὴν
2380 3294 2599 3365 μητέρα,
2657 3296 2747 3344 καὶ
2785 3296 2878 3351 τὴν
2931 3300 3176 3366 γυναῖκα,
3222 3300 3314 3348 καὶ
3360 3299 3426 3348 τὰ
3486 3300 3659 3367 τέκνα,
3738 3304 3831 3352 καὶ

2218 3380 2338 3440 τοῦς
2392 3375 2666 3452 ἀδελφοὺς,
2721 3385 2812 3433 καὶ
2863 3383 2957 3444 τὰς
3013 3379 3263 3456 ἀδελφὰς,
3315 3387 3390 3438 ἔτι
3437 3381 3497 3438 δὲ
3575 3391 3666 3440 καὶ
3732 3393 3827 3447 τὴν

2220 3467 2405 3520 ἑαυτοῦ
2490 3469 2697 3542 ψυχὴν,
2768 3471 2826 3523 οὗ
2879 3468 3104 3525 δύναταί
3181 3492 3282 3546 μον
3370 3471 3501 3528 εἶναι
3558 3479 3824 3550 μαθητής.

2219 3556 2381 3611 ’Ὡστε
2433 3561 2463 3617 ἡ
2520 3562 2610 3631 μὲν
2676 3559 2844 3613 τελεία
2901 3559 3138 3634 ἀποταγή
3198 3563 3309 3636 (41)
3359 3562 3500 3617 ἐστιν
3560 3564 3610 3618 ἐν
3662 3575 3735 3639 τῷ
3766 3571 3824 3620 τό

2217 3645 2552 3722 ἀπροσπαθὲς
2574 3652 2912 3723 κατορθῶσαι
2939 3657 3030 3704 καὶ
3086 3655 3219 3727 πρὸς
3267 3653 3393 3706 αὐτὸ
3442 3658 3502 3707 τὸ
3563 3657 3679 3725 ζῆν,
3735 3665 3829 3713 καὶ

2214 3741 2274 3789 τό
2301 3735 2571 3814 ἀπόκριμα
2607 3747 2699 3792 τοῦ
2740 3742 2963 3793 θανάτου
3023 3743 3185 3813 ἔχειν,
3237 3745 3372 3796 ὥστε
3424 3749 3496 3818 μὴ
3539 3744 3612 3819 ἐφ’
3655 3745 3826 3819 ἑαυτῷ

2216 3829 2558 3880 πεποιθέναι·
2628 3830 2854 3904 ἄρχεται
2905 3827 2964 3883 δὲ
3020 3829 3124 3884 ἀπο
3171 3841 3268 3895 τῆς
3309 3842 3408 3886 τῶν
3466 3834 3649 3897 ἔξωθεν
3706 3837 3826 3910 (42)

2217 3914 2615 3990 ἀλλοτριώσεως,
2666 3919 2790 3986 οἷον,
2842 3922 3142 3993 κτημάτων,
3196 3919 3355 3986 δόξης
3405 3929 3651 3997 ματαίας,
3696 3945 3826 3978 συν-

2217 4008 2396 4067 ηθείας
2446 4006 2592 4080 βίον,
2631 4011 2991 4083 προσπαθείας
3047 4020 3147 4063 τῶν
3197 4010 3484 4085 ἀνωφελῶν,
3539 4017 3678 4068 καθὰ
3733 4022 3825 4070 καὶ

2215 4098 2266 4149 οἱ
2293 4099 2436 4169 ἅγιοι
2474 4100 2711 4171 μαθηταὶ
2756 4108 2849 4151 τοῦ
2901 4104 3097 4176 Κυρίου
3140 4098 3417 4166 ὑπέδειξαν
3467 4106 3613 4178 ἡμῖν,
3649 4105 3828 4159 Ἰάκω-

2217 4185 2300 4247 ϐος
2354 4190 2445 4260 μὲν
2493 4192 2579 4240 καὶ
2646 4187 2903 4259 Ἰωάννης,
2949 4190 3322 4254 καταλιπόντες
3359 4197 3447 4246 τόν
3496 4200 3698 4270 πατέρα
3734 4198 3826 4249 αὑ-

2212 4285 2315 4328 τῶν
2342 4274 2636 4348 Ζεϐεδαῖον,
2669 4285 2759 4333 καὶ
2788 4281 2914 4334 αὐτὸ
2968 4285 3026 4335 τὸ
3073 4282 3254 4336 πλοῖον
3302 4288 3395 4343 τὴν
3435 4291 3612 4337 πᾶσαν
3666 4284 3825 4360 ἀφορ-

2215 4371 2318 4440 μὴν
2349 4375 2441 4420 τοῦ
2468 4366 2592 4441 βίον
2637 4389 2651 4404 ο
2701 4373 2969 4433 Ματθαῖος
3001 4368 3060 4425 δὲ
3100 4371 3189 4425 ἀπ’
3230 4373 3388 4426 αὐτοῦ
3415 4383 3507 4428 τοῦ
3555 4376 3821 4429 τελωνείου

2215 4455 2519 4525 ἐξαναστὰς,
2550 4463 2641 4513 καὶ
2711 4459 3067 4525 ἀκολουθήσας
3098 4471 3170 4535 τῷ
3204 4469 3400 4538 Κυρίῳ,
3448 4464 3506 4517 οὐ
3550 4468 3616 4518 τὰ
3652 4463 3817 4539 κέρδη

2213 4551 2365 4620 μόνον
2422 4552 2488 4601 τὰ
2535 4548 2583 4601 ἐν
2629 4559 2701 4623 τῷ
2748 4550 2993 4624 τελωνείῳ
3046 4551 3363 4622 καταλιπὼν,
3406 4553 3534 4607 ἀλλὰ
3584 4561 3673 4608 καὶ
3717 4566 3818 4608 τῶν

2210 4633 2464 4690 κινδύνων
2513 4637 2796 4714 ὑπεριδὼν,
2844 4640 2892 4693 οἳ
2942 4641 3307 4696 ἐπακολουθεῖν
3380 4645 3597 4719 ἤμελλον
3674 4646 3819 4718 αὐτῷ

2209 4746 2265 4780 τε
2294 4732 2523 4791 καὶτοῖς
2579 4730 2789 4793 οἰκείοις
2841 4735 2987 4807 παρά
3026 4740 3122 4796 τῆς
3178 4731 3440 4802 ἐξουσίας,
3476 4733 3668 4798 ἀτελεῖς
3694 4739 3821 4798 τοὺς

2208 4815 2398 4889 λόγους
2443 4827 2535 4871 τοῦ
2576 4819 2838 4873 τελωνείου
2879 4821 3340 4896 καταλιμπάνοντι.
3392 4824 3583 4897 Ila-3).?»
3611 4821 3671 4877 δὲ
3726 4831 3819 4878 καὶ

2211 4908 2238 4959 ὁ
2272 4911 2485 4980 σύμπας
2522 4913 2722 4984 κόσμος
2751 4910 3068 4985 ἐσταύρωτο,
3100 4918 3191 4966 καὶ
3221 4913 3376 4976 αὐτὸς
3399 4922 3471 4986 τῷ
3501 4918 3705 4988 κόσμῳ.

2312 5006 2366 5083 ¹,⁵,
2390 5007 2606 5083 Ephes.
2637 5024 2718 5077 Iv,
2749 5013 2837 5083 '22.
2889 5011 2930 5046 '5
2962 5013 2983 5065 Ι
3024 5013 3155 5069 Cor.
3191 5028 3271 5083 IV,
3310 5018 3396 5071 i5.
3440 5014 3484 5047 ¹⁶
3517 5012 3704 5070 Galat.
3733 5029 3814 5083 v1,

2322 5079 2370 5112 ³ο
2406 5078 2594 5136 Galat.
2630 5097 2707 5148 γι,
2750 5081 2836 5135 14.

2206 5191 2349 5256 mus
2369 5180 2426 5256 et
2438 5174 2749 5256 νοεξλῖναι
2760 5182 2990 5252 μέτοχος
3010 5184 3515 5256 res,etc.quiﬁeri
3526 5188 3819 5256 potestati

2202 5250 2513 5318 particeps
2539 5251 2612 5305 sit
2624 5250 2898 5319 partium
2916 5250 3111 5310 inund
3119 5257 3181 5310 1.(
3197 5250 3387 5311 Zodex’
3405 5250 3570 5312 Colb.
3590 5250 3821 5308 δύναται

2211 5325 2587 5399 εῖναι-μέτοχος
2617 5331 2718 5399 τῶν
2736 5333 2995 5399 μεριμνῶν
3032 5334 3126 5378 τοῦ
3182 5330 3423 5399 κόσμον;
3485 5333 3543 5383 et
3588 5328 3693 5398 ita,
3755 5333 3823 5384 ut

2208 5392 2361 5470 mihi
2382 5392 2921 5470 quidemjide'tur,
2936 5396 3053 5467 legi
3080 5392 3344 5470 praestat.

2283 5466 2397 5541 (it)
2418 5465 2625 5541 godex
2647 5467 2822 5541 voss.
2838 5465 3047 5541 gyan-:3,
3074 5465 3352 5541 iter/“ecta
3376 5471 3669 5529 Charitas.

2282 5536 2398 5610 (42)
2418 5538 2656 5610 Veteres
2685 5537 2808 5594 duo
2835 5536 2971 5596 libri
3009 5536 3150 5598 cum
3182 5536 3345 5610 Voss,
3378 5542 3433 5595 ἐκ
3460 5552 3554 5604 τῆς
3600 5543 3813 5606 ἕξωθον.

2213 5608 2346 5664 Mox
2370 5608 2537 5679 Regii
2567 5608 2801 5683 primus
2831 5615 2889 5668 et
2909 5611 3082 5670 Colb.
3119 5614 3149 5671 ἣ
3184 5608 3360 5677 δόξης.
