4110 6402
234 344 332 398 937
1413 345 1548 400 REG
1561 346 1713 400 ULIE
1752 345 2011 401 FUSIUS
2044 345 2432 402 TRACTATA‘J
3509 345 3613 406 93‘3

310 469 367 520 2.
411 469 586 527 Οὕτως
634 467 660 518 ὁ
719 463 926 540 σφόδρα
961 476 1023 540 τῇ
1085 467 1337 540 ἐπιθυμίᾳ
1399 475 1492 520 τοῦ
1553 465 1852 521 ὃκολουθεῐν
1883 474 1929 524 Α

2032 473 2087 526 2.
2121 468 2214 524 Sic
2251 468 2359 541 qui
2406 468 2794 524 vehementer
2836 469 3139 526 Christum
3181 472 3354 544 sequi
3387 471 3619 528 deside—

249 563 468 630 Χριστῷ
519 562 867 629 κατεχόμενος
903 561 1034 632 πρὸς
1082 555 1231 610 οὐδὲν
1279 560 1357 610 ἔτι
1406 565 1500 619 τῆς
1555 558 1691 618 ζωῆς
1729 561 1852 609 ταύ-

1993 562 2072 622 at,
2105 557 2278 626 nihil,
2305 557 2476 630 quod
2519 557 2598 612 ad
2643 557 2804 613 hanc
2856 559 3045 614 vitam
3094 561 3364 628 attineat,
3405 575 3616 617 curare

249 664 344 707 της
404 644 789 720 ἐπιστραφῆναι
845 643 1094 713 δύναται,
1149 647 1207 698 ού
1265 651 1392 720 πρὸς
1438 651 1626 718 γονέων
1675 649 1705 706 ἦ
1769 648 1850 699 οἰ-

1996 646 2222 718 mplius
2249 651 2466 718 potest,
2496 663 2619 702 non
2649 647 2850 719 ipsum
2883 654 3201 720 parentum
3244 654 3347 704 aut
3369 651 3619 722 propin-

252 739 400 787 κείων
449 735 678 810 φίλτρον,
727 739 848 789 ὅταν
879 737 1257 809 ἐναντιούμενον
1372 745 1478 797 τοῖς
1523 745 1612 790 τοῦ
1656 743 1850 812 Κυριου

2005 751 2223 790 uorum
2257 751 2551 801 amorem,
2587 735 2636 790 si
2663 735 2899 791 Domini
2930 737 3244 808 praeceptis
3266 738 3623 792 adversetur

250 828 630 898 προστάγμασι
691 829 822 896 (τότε
874 829 976 902 γὰρ
1026 831 1206 902 καιρόν
1265 831 1378 900 ἔχει
1435 833 1525 880 καὶ
1554 832 1650 879 τό·
1682 831 1745 880 Εἴ
1771 847 1851 890 τις

2009 840 2125 878 unc
2147 825 2312 879 enim
2345 824 2549 879 locum
2576 825 2756 880 etiam
2790 825 2974 881 habet
3001 825 3150 880 illud
3176 827 3278 882 :Si
3303 828 3434 897 quis
3460 828 3623 883 venit

245 916 472 989 ⁸ρχιται
514 921 646 991 πρὸς
683 918 765 988 με,
798 921 885 968 καὶ
932 917 991 968 οὐ
1021 925 1171 990 μισεῖ
1205 921 1292 970 τόν
1317 922 1517 992 πατέρα
1547 918 1727 983 αὐτοῦ,
1761 923 1850 970 καὶ

2000 914 2040 968 d
2069 929 2180 976 me.
2212 919 2268 970 et
2307 930 2428 969 non
2459 915 2585 970 odit
2613 920 2847 984 patrem
2881 931 3055 970 suum
3099 923 3156 970 et
3193 923 3444 972 matrem
3463 918 3531 988 ²¹,
3567 922 3621 972 et

217 1056 220 1060 ,
248 1009 340 1061 τὴν
371 1009 592 1079 μητέρα,
624 1008 796 1056 καὶτὰ
837 1005 1037 1078 loquir
1067 1007 1124 1058 οῦ
1153 1011 1278 1081 πρὸς
1318 1006 1634 1080 ἀνθρώπινον
1675 1007 1840 1080 φόϐον,

2000 1005 2196 1074 uetera)
2225 1020 2238 1058 :
2264 1020 2388 1059 non
2403 1003 2745 1060 humanum
2771 1004 3158 1074 timorem,ita
3181 1005 3415 1061 utillius
3436 1022 3623 1062 causa

261 1096 399 1145 ὥστε
428 1091 500 1146 δι’
529 1094 681 1146 αὐτόν
712 1095 1068 1154 ὑποσταλῆναι
1092 1117 1142 1148 τι
1180 1106 1279 1148 τῶν
1312 1101 1692 1170 συμφερόντων,
1727 1097 1848 1170 ὅπερ

2002 1093 2192 1165 liquid
2216 1094 2452 1149 utilium
2477 1094 2906 1150 subtrahatur:
2940 1095 3108 1167 quod
3138 1096 3462 1168 praestitere
3491 1112 3625 1152 san-

254 1185 602 1256 κατώρθωσαν
652 1185 699 1234 οἰ
743 1183 906 1256 οἶγιοι,
959 1186 1199 1246 εἰπόντες·
1253 1188 1567 1258 Πειθαρχεῖν
1608 1184 1689 1238 δεῖ
1736 1193 1850 1256 Θεῷ

1998 1184 2054 1249 ti,
2079 1183 2182 1255 qui
2203 1183 2525 1238 dicebant:
2554 1183 2805 1240 Obedire
2829 1191 3060 1253 oportet
3085 1186 3208 1241 Deo
3231 1187 3420 1256 magis
3442 1200 3621 1256 quam

251 1269 440 1342 μᾶλλον
467 1271 495 1328 ἦ
533 1269 836 1345 ἀνθρὼποις’
872 1272 929 1324 οὗ
974 1278 1099 1347 πρὸς
1142 1278 1228 1326 τόν
1261 1273 1342 1327 ἐπὶ
1381 1283 1492 1336 τοῖς
1530 1274 1704 1335 καλοῖς
1736 1275 1850 1344 (43)

2005 1272 2366 1328 ominibus”
2399 1289 2411 1326 :
2443 1288 2568 1328 non
2611 1273 2932 1328 hominum
2982 1274 3382 1345 profanorum
3433 1274 3625 1331 risum

250 1361 394 1430 παρά
436 1367 534 1411 τῶν
588 1361 769 1422 ἔξωθεν
821 1362 1038 1433 γε’)ιωτα,
1072 1365 1206 1414 ὥστε
1253 1372 1326 1434 τῷ
1367 1363 1644 1436 φαυλισμῷ
1683 1364 1851 1415 αὐτῶν

2007 1376 2144 1415 uem
2161 1359 2326 1416 bona
2346 1376 2532 1432 opera
2554 1361 3028 1428 concitarint,sic
3049 1366 3112 1416 ut
3133 1378 3342 1418 eorum
3367 1367 3628 1419 contem-

250 1449 565 1507 ἡττηθῆναι.
596 1450 657 1501 Εἰ
697 1447 757 1502 δέ
787 1470 863 1511 τις
886 1451 1128 1524 βούλοιτο
1159 1451 1523 1526 ἀκριϐέστερον
1554 1458 1643 1505 καὶ
1672 1458 1852 1528 τρανό-

2009 1449 2087 1504 tui
2113 1449 2310 1506 cedat.
2345 1450 2518 1514 Quod
2551 1450 2602 1505 si
2631 1450 2939 1522 quispiam
2960 1450 3102 1506 velit
3129 1467 3344 1507 eorum
3373 1451 3479 1523 qui
3518 1455 3627 1508 Do-

242 1555 387 1611 τερον
433 1543 692 1612 γνωρίσαι
735 1543 822 1592 τόν
865 1542 1264 1615 συνεζευγμένον
1302 1547 1444 1594 τόνον
1489 1551 1550 1614 τῇ
1603 1542 1854 1615 ἐπιθυμία

2004 1538 2199 1592 linum
2234 1543 2594 1610 sequuntur,
2625 1539 2748 1594 vim
2778 1555 2850 1595 ac
2897 1538 3105 1607 robur,
3147 1556 3288 1596 cum
3326 1539 3627 1597 desiderio

242 1635 346 1678 τῶν
375 1626 793 1682 ἀκολουθούντων
821 1639 892 1702 τῷ
929 1636 1121 1706 Κυρίῳ,
1142 1635 1552 1705 μνημονευσάτω
1582 1641 1674 1684 τοῦ
1702 1633 1853 1684 Ἀπο-

2002 1629 2097 1698 onj
2109 1633 2380 1695 unctum,
2408 1629 2748 1685 accuratius
2775 1645 2845 1684 ac
2872 1617 3208 1686 'dilucidius
3235 1645 3625 1699 cognoscere,

245 1716 439 1770 στόλου
489 1715 838 1791 διηγουμένου
891 1723 958 1772 τὰ
1005 1719 1324 1773 καθ’ἐαυτὸν
1374 1723 1447 1784 εἰς
1499 1719 1853 1774 διδασκαλίαν

2007 1717 2621 1790 iemineritApostoli,
2650 1719 2756 1790 qui
2799 1718 2878 1774 ad
2930 1719 3239 1784 docendos
3281 1734 3396 1775 nos
3424 1725 3630 1777 narrat

242 1808 523 1882 ἡμετέραν,
577 1813 668 1860 καὶ
719 1808 975 1881 λέγοντος·
1028 1814 1090 1863 Ei
1137 1830 1212 1871 τις
1260 1808 1406 1864 δοκεῖ
1450 1814 1750 1864 πεποιθέναι
1806 1809 1854 1863 ἐν

2010 1823 2101 1862 uae
2130 1807 2210 1863 ad
2255 1823 2317 1864 se
2368 1808 2746 1880 spectabant,
2781 1824 2852 1864 ac
2881 1808 3028 1864 dicit
3056 1825 3070 1864 :
3097 1809 3169 1866 Si
3217 1811 3350 1881 quis
3391 1809 3630 1866 videtur

245 1901 430 1973 σαρκὶ,
481 1895 579 1969 ἐγὼ
631 1897 822 1970 μᾶλλον
847 1916 861 1928 ·
901 1905 1160 1973 περιτομὴ
1199 1900 1534 1976 ὀκταήμερος,
1588 1900 1641 1952 ἐκ
1679 1905 1856 1973 γένους

2006 1897 2268 1965 onﬁdere
2291 1898 2355 1952 in
2387 1913 2590 1966 carne,
2610 1913 2716 1968 ego
2736 1899 2968 1968 magis:
3001 1899 3394 1955 circumcisus
3419 1904 3629 1955 octavo

244 1985 486 2059 Ἰσραὴλ,
543 1985 705 2058 φυλῆς
749 1993 1006 2061 Βενιαμὶν,
1039 1989 1269 2063 Ἐϐραῖος
1317 1991 1370 2052 ἐξ
1410 1989 1679 2065 Ἰεζϐραίων,
1722 1993 1856 2043 κατά

2011 1987 2082 2052 ie,
2129 2000 2206 2043 ea:
2251 2002 2468 2056 genere
2519 1987 2732 2054 Israel,
2782 1988 2856 2043 de
2898 1987 3061 2043 tribu
3107 1989 3458 2058 Benjamin,
3508 1989 3632 2044 He-

241 2080 406 2149 νὸμον
466 2081 765 2150 Φαρισαῖος,
820 2080 954 2130 κατά
1017 2079 1169 2142 ζῆλον
1229 2076 1434 2132 διώκων
1485 2085 1580 2138 τὴν
1636 2081 1856 2140 Ἐκκλη-

2011 2091 2158 2132 rarus
2189 2091 2264 2132 ex
2303 2075 2598 2145 Hebraeis,
2639 2078 2970 2134 secundum
3004 2078 3191 2148 legem
3230 2077 3582 2134 Phariszus
3612 2093 3634 2133 .·

244 2170 417 2233 σίαν,
515 2168 650 2218 κατά
743 2163 1086 2226 δικαιοσύνην
1161 2173 1255 2227 τὴν
1351 2169 1401 2221 ἐν
1492 2175 1632 2243 νόμῳ
1705 2175 1856 2242 γενό-

2011 2164 2296 2219 ειιιιηάιιηι
2325 2166 2767 2221 ωτηυιαιίοηετη
2781 2181 3143 2236 persequens
3170 2165 3528 2233 Ecclesiam,
3551 2181 3634 2222 se-

239 2274 403 2329 μενος
461 2257 768 2328 ἄμεμπτος·
835 2255 942 2309 ἀλλ’
992 2258 1144 2310 ἅτινα
1196 2259 1312 2327 (44)
1373 2256 1434 2318 ἦν
1499 2279 1591 2332 μοι
1654 2257 1855 2334 κέρδη,

2011 2255 2234 2309 undum
2249 2255 2555 2324 justitiam
2578 2271 2710 2326 qua:
2726 2257 2789 2310 in
2813 2257 2941 2325 lege
2960 2261 3068 2320 est,
3096 2261 3483 2311 conversatus
3507 2257 3634 2312 sine

241 2354 422 2398 ταῦτα
496 2347 705 2418 ἥγημαι
779 2343 874 2398 διὰ
950 2351 1038 2400 τὸν
1119 2352 1348 2421 Χριστὸν
1417 2350 1632 2422 ζημίαν.
1707 2348 1860 2402 Ἀλλὰ

2013 2343 2426 2414 ερνεΙιεηειόηο
2463 2359 2488 2400 .·
2523 2345 2631 2400 sed
2667 2360 2797 2416 quae
2845 2346 3000 2401 mihi
3047 2351 3220 2401 erant
3277 2347 3477 2408 lucra.
3512 2346 3636 2401 hac

242 2433 343 2508 μὲν
411 2430 498 2486 οὖν
581 2439 672 2486 καὶ
756 2437 990 2508 ἠγοῦμαι
1061 2439 1234 2489 πάντα
1302 2440 1494 2510 ζημίαν
1561 2435 1690 2490 εἶναι
1766 2434 1860 2490 διὰ

2014 2433 2309 2489 rbitratus
2336 2449 2466 2488 sum
2492 2439 2745 2503 propter
2774 2435 3083 2490 Christum
3110 2435 3492 2491 detrimenta.
3539 2434 3637 2490 Ve-

245 2527 314 2577 τό
381 2526 638 2600 ὑπερέχον
707 2532 800 2585 τῆς
864 2531 1106 2598 γνώσεως
1199 2535 1434 2601 Χριστοῦ
1516 2527 1692 2585 Ἰησοῦ
1767 2535 1859 2580 τοῦ

2017 2528 2314 2579 umtamen
2389 2523 2665 2579 existimo
2751 2525 2953 2579 omnia
3020 2525 3450 2579 detrimentum
3519 2538 3640 2580 esse

249 2618 456 2689 Κυρίου
522 2615 670 2687 ἡμῶν
706 2655 720 2681 ,
779 2611 873 2666 δι’
933 2615 986 2666 ὃν
1043 2618 1107 2668 τὰ
1173 2618 1343 2669 πάντα
1403 2617 1721 2689 ἐζημίωθην,
1773 2622 1862 2670 καὶ

2015 2619 2222 2682 ropter
2269 2614 2627 2670 eminentem
2671 2615 2984 2670 scientiam
3035 2615 3179 2670 Jesu
3233 2615 3455 2671 Christi
3521 2615 3636 2670 Do-

253 2706 495 2776 ἠγοῦμαι
563 2702 800 2756 σκύϐαλα
865 2702 1037 2775 εἶναι,
1115 2707 1197 2758 ἵνα
1273 2711 1504 2782 Χριστόν
1594 2704 1860 2780 κερδήσω.

2017 2703 2128 2758 ιίηί
2173 2705 2369 2760 nostri
2407 2719 2430 2760 .·
2469 2710 2726 2774 propter
2756 2720 2928 2776 quem
2957 2705 3164 2760 omnia
3211 2705 3640 2760 detrimentum

259 2793 324 2848 Εἰ
376 2796 476 2866 γὰρ
517 2794 626 2865 (ἶνα
663 2813 716 2846 τι
772 2799 862 2847 καὶ
910 2798 1037 2848 εἴπω
1095 2795 1351 2869 τολμηρόν
1389 2800 1504 2869 μὲν,
1537 2795 1724 2859 ἀληθὲς
1763 2793 1864 2866 δὲ),

2016 2795 2114 2862 sci,
2147 2793 2502 2849 et'arbitror
2529 2799 2803 2850 stercora
2843 2809 2966 2850 esse
3011 2799 3079 2848 ut
3107 2793 3412 2849 Christum
3446 2793 3639 2848 lucri-

263 2881 310 2935 εἰ
374 2889 484 2946 τοῖς
540 2881 933 2945 ἐκϐλητοτάτοις
995 2893 1089 2938 τοῦ
1158 2904 1397 2958 σωματος
1424 2928 1437 2952 ,
1493 2891 1579 2938 καὶ
1637 2884 1868 2938 ἀποπτύ-

2018 2883 2289 2938 sciam”.
2335 2882 2569 2938 Etenim
2619 2883 2708 2953 (ut
2748 2882 3025 2940 nonnihil
3068 2883 3376 2954 audacter,
3409 2887 3470 2940 at
3504 2899 3641 2939 vere

272 2990 444 3037 στοις,
500 2977 590 3024 καὶ
644 2973 713 3024 ὧν
759 2973 994 3047 μάλιστα
1043 2977 1174 3048 πρὸς
1213 2980 1302 3033 τὴν
1341 2974 1680 3050 ἀλλοτρίωσιν
1737 2973 1869 3027 imi-

2021 2987 2180 3027 Lmen
2210 2971 2485 3044 eloquar)
2513 2971 2561 3026 si
2589 2972 2908 3044 Apostolus
2957 2972 3092 3044 ipsa
3136 2973 3286 3043 legis
3326 2972 3644 3044 privilegia

272 3061 510 3132 γόμεθα,
564 3064 769 3125 τούτοις
821 3068 1168 3136 προσείκασεν
1216 3064 1350 3116 αὐτὰ
1413 3065 1483 3117 τὰ
1527 3071 1672 3139 παρὰ
1739 3071 1870 3116 Θεοῦ

2025 3076 2117 3115 uae
2137 3059 2218 3116 ad
2233 3065 2472 3131 tempus
2491 3059 2711 3116 tradita
2730 3062 3456 3132 erant,comparavitcum
3473 3077 3644 3133 spur-

269 3152 404 3224 πρὸς
447 3155 626 3225 καιρόν
672 3148 930 3225 δεδομένα
957 3157 1148 3226 νομικά
1195 3157 1586 3228 προτερήματα,
1620 3156 1688 3216 ὡς
1719 3153 1873 3228 ἐμπό-

2025 3149 2242 3214 issimis
2266 3149 2538 3222 corporis
2581 3149 2891 3219 sordibus,
2920 3166 3078 3222 quas
3107 3154 3164 3206 et
3185 3166 3560 3218 aversamur,
3589 3154 3648 3207 et

267 3235 366 3291 δια
394 3247 488 3301 τῆς
515 3247 608 3293 τοῦ
634 3249 871 3315 Χριστοῦ
892 3246 1423 3314 7vdiqewg,xai1rj;év
1444 3244 1584 3314 αύτῷ
1604 3240 1877 3296 δικαιοσύ-

2048 3238 2226 3294 nobis
2247 3239 2534 3295 citissime
2558 3255 2968 3306 removemus,
2989 3240 3159 3313 quod
3179 3239 3454 3297 videlicet
3474 3241 3646 3296 obes-

263 3347 379 3395 νης,
435 3333 527 3381 καὶ
583 3337 681 3390 τῆς
727 3332 859 3404 πρὸς
913 3333 1130 3383 θάνατον
1200 3332 1361 3385 αὑτοῦ
1431 3338 1875 3408 συμμορφώσεως,

2022 3333 2116 3384 ent
2147 3328 2360 3386 Christi
2385 3329 2737 3398 cognitioni,
2787 3329 2960 3402 eique
2990 3346 3128 3402 qua:
3158 3329 3220 3385 in
3258 3329 3393 3402 ipso
3422 3335 3512 3386 est
3547 3330 3645 3403 ju-

261 3422 318 3471 τί
347 3419 410 3470 ἄν
436 3437 518 3479 τις
549 3421 686 3470 εἴποι
723 3424 842 3492 περὶ
871 3426 969 3472 τῶν
1001 3417 1292 3494 ἀνθρώποις
1326 3423 1440 3492 (45)
1469 3426 1840 3495 νενομισμένων
1865 3438 1878 3488 ;

2023 3417 2180 3483 titiae,
2209 3421 2267 3474 et
2290 3422 2511 3474 nostras
2544 3419 2623 3474 ad
2647 3418 2838 3492 ipsius
2872 3425 3127 3476 mortem
3160 3419 3646 3488 conformatioui,

262 3512 371 3562 Καὶ
403 3511 456 3560 τί
485 3510 597 3581 χρὴ
647 3504 922 3580 λογισμοῖς
961 3509 1236 3582 ἡμετέροις
1279 3514 1371 3562 καὶ
1419 3517 1530 3570 τοῖς
1569 3519 1668 3562 τῶν
1720 3511 1882 3582 ἁγίῶν

2032 3505 2134 3561 uid
2161 3505 2298 3578 quis
2338 3505 2553 3562 dixerit
2580 3506 2656 3562 de
2685 3506 3008 3563 hominum
3046 3507 3370 3564 institutis?
3404 3511 3470 3564 Et
3497 3507 3650 3580 quid

258 3593 628 3670 ὑποδείγμασι
672 3600 760 3649 τὸν
802 3596 952 3670 λόγον
995 3600 1363 3668 πιστοῦσθαις
1398 3597 1506 3662 ἐξὸν
1546 3598 1681 3651 αὐτὰ
1717 3618 1881 3675 παρα-

2027 3610 2142 3668 pus
2183 3603 2273 3651 est
2318 3595 2541 3651 nostris
2586 3595 3150 3652 ratiocinationibus
3198 3603 3256 3653 et
3300 3603 3649 3654 sanctorum

264 3689 462 3740 θέσθαι
516 3694 610 3740 τοῦ
658 3691 853 3762 Κυρίου
905 3689 973 3739 τὰ
1027 3688 1264 3762 ῥήματα,
1305 3694 1395 3740 καὶ
1446 3685 1538 3740 δι’
1587 3689 1753 3741 αὐτῶν
1790 3694 1885 3748 τὴν

2032 3678 2280 3757 templis
2323 3685 2686 3741 conﬁrmare
2717 3683 3105 3741 sermonem?
3147 3703 3287 3742 cum
3318 3687 3453 3759 ipsa
3475 3686 3655 3743 liceat

259 3775 494 3850 ἔμφοϐον
538 3774 726 3848 ψυχὴν
785 3773 1109 3837 δυσωπῆσαι
1139 3821 1154 3848 ,
1216 3786 1393 3850 σαφῶς
1449 3783 1536 3830 καὶ
1585 3777 1882 3854 ἁναντιρῥή-

2029 3773 2201 3830 ﬁerre
2240 3774 2481 3830 Domini
2531 3774 2742 3839 verba,
2775 3774 2972 3846 iisque
3021 3774 3332 3832 timentem
3379 3775 3652 3832 animam

259 3885 373 3930 τως
430 3862 917 3941 διαμαρτυρομένου
965 3865 1015 3920 ἓν
1066 3875 1140 3939 τῷ
1188 3866 1389 3940 λέγειν·
1424 3871 1604 3930 Οὕτως
1657 3863 1746 3920 οὖν
1785 3875 1882 3930 πᾶς

2030 3863 2347 3920 onvincere
2375 3879 2390 3921 :
2422 3864 2647 3936 quibus
2666 3864 2800 3920 haec
2823 3869 3029 3936 aperte
3052 3881 3124 3921 ac
3151 3864 3460 3921 evidenter
3482 3870 3653 3922 testa-

260 3955 320 4019 ἐξ
362 3956 530 4029 ὑμῶν,
582 3958 633 4018 ὃς
675 3957 771 4010 οῦκ
826 3956 1189 4011 ἀποτάσσεται
1224 3964 1361 4011 πᾶσι
1407 3964 1518 4019 τοῖς
1558 3956 1883 4028 ἐαυτοῦ(46)

2031 3969 2105 4021 1r,
2137 3953 2245 4011 ubi
2266 3953 2411 4010 dicit
2441 3972 2456 4010 :
2489 3955 2590 4011 Sic
2611 3971 2754 4026 ergo
2776 3957 2969 4011 omnis
2990 3971 3061 4013 ea:
3087 3955 3269 4027 vobis,
3291 3957 3398 4027 qui
3420 3971 3541 4012 non
3563 3971 3654 4013 re-

259 4047 636 4121 ύπάρχουσιν,
713 4045 773 4100 ού
850 4043 1076 4100 δύναταί
1140 4066 1243 4120 μου
1311 4044 1441 4101 εἶναι
1477 4050 1755 4121 μαθητής·
1798 4051 1882 4100 καὶ

2035 4045 2238 4101 untiat
2258 4045 2534 4102 omnibus
2554 4061 2688 4116 qua:
2703 4047 3126 4114 possidet,non
3145 4051 3339 4114 potest
3353 4061 3514 4102 meus
3536 4062 3657 4104 esse

261 4135 514 4207 ἀλλαχοῦ
587 4138 718 4209 μετά
781 4139 864 4206 τὸ,
933 4137 993 4190 Ei
1056 4138 1214 4198 θέλεις
1277 4138 1494 4210 τέλειος,
1536 4134 1687 4208 εἶναι,
1755 4157 1884 4211 προ-

2035 4136 2330 4204 iscipulus
2347 4137 2417 4192 ³⁸.
2459 4136 2529 4190 Et
2557 4135 2699 4191 alibi
2731 4140 2869 4208 post
2907 4136 3081 4202 illud,
3125 4137 3198 4193 Si
3235 4137 3323 4193 vis
3356 4137 3655 4207 perfectus

257 4244 418 4301 τερον
458 4224 690 4288 εἰπόντος
713 4247 726 4259 ο
775 4224 990 4298 Ὕπαγε,
1033 4227 1281 4285 πώλησόν
1312 4247 1408 4281 σου
1448 4231 1514 4282 τὰ
1557 4229 1880 4303 ὑπάρχοντα,

2037 4240 2132 4296 περ,
2167 4223 2336 4296 prius
2365 4223 2600 4281 dixerat
2633 4242 2646 4280 :
2681 4225 2860 4296 Vade,
2896 4226 3083 4282 vende
3111 4240 3244 4297 qua:
3273 4227 3471 4294 habes,
3495 4233 3549 4284 et
3577 4227 3660 4285 da

257 4320 363 4370 καὶ
409 4311 504 4378 δός
539 4323 777 4388 πτωχοῖς
799 4335 814 4350 ο
865 4320 956 4368 καὶ
1011 4318 1129 4368 τότε
1183 4315 1532 4389 ἐπαγαγόντος
1560 4319 1656 4386 ξτό,
1710 4324 1880 4392 Δεῦρο,

2036 4315 2364 4385 auperibus
2375 4318 2674 4386 ,‘itumque
2699 4313 3045 4385 subjunxit:
3064 4316 3478 4388 Veni,sequere
3494 4319 3659 4374 meis.

259 4404 551 4459 ἀκολούθει
609 4424 721 4478 μοι.
781 4408 884 4458 Καὶ
957 4406 987 4464 ἡ
1055 4404 1328 4480 παραϐολὴ
1371 4403 1432 4459 δὲ
1491 4413 1586 4460 τοῦ
1660 4403 1882 4481 ἐμπόρου

2038 4408 2189 4476 tque
2219 4403 2404 4460 etiam
2442 4404 2793 4460 mercatoris
2830 4404 3128 4477 parabola
3157 4405 3276 4461 huc
3306 4407 3485 4478 35o
3519 4423 3661 4479 spe-

254 4497 434 4552 παντὶ
491 4498 661 4566 σαφής
714 4497 824 4565 (47)
878 4492 991 4547 ἔστι
1050 4502 1125 4566 τῷ
1191 4495 1478 4568 εὐγνώμονι
1541 4498 1675 4570 πρὸς
1733 4504 1877 4550 τοῦτι

2034 4498 2160 4549 tare
2188 4492 2382 4548 cuivis
2402 4508 2579 4565 aequo
2598 4509 2802 4549 rerum
2823 4494 3176 4549 aestimatori
3210 4493 3536 4551 videbitur.
3565 4497 3657 4552 Si-

257 4590 530 4662 φέρουσα.
570 4581 761 4657 Ὁμοία
811 4586 914 4659 γὰρ
965 4582 1100 4654 ἐστι,
1161 4588 1349 4658 φησὶν,
1400 4586 1432 4644 ἡ
1493 4583 1743 4658 ﬁcto-thin:
1789 4594 1880 4638 τῶν

2040 4584 2141 4639 ιίιθ
2163 4587 2250 4639 est
2271 4585 2459 4647 enim.
2480 4582 2698 4655 inquit,
2725 4599 2982 4653 regnum
3001 4585 3288 4641 caelorum
3315 4585 3548 4640 homini
3563 4599 3663 4643 ne-

263 4678 518 4750 ούρανῶν
564 4671 819 4750 ἀνθρώπῳ
873 4672 1108 4750 ἐμπόρῳ,
1159 4675 1406 4736 ζητοῦντι
1458 4673 1648 4737 καλοὺς
1687 4695 1886 4749 μαργα-

2039 4674 2610 4745 otiatori,quzrenti
2623 4674 2808 4730 bonas
2817 4675 3449 4744 margaritas;inventa
3461 4681 3662 4732 autem

260 4772 454 4844 ρίτας,
486 4765 541 4827 ὃς
590 4763 751 4840 εὑρὼν
798 4765 887 4816 ἕνα
931 4764 1218 4838 πολύτιμον
1271 4783 1624 4838 μαργαριτην,
1659 4761 1883 4818 ἀπελθὼν

2043 4779 2126 4820 na
2159 4765 2428 4834 pretiosa
2466 4765 2830 4834 margarita,
2864 4764 3036 4828 abiit,
3068 4769 3125 4820 et
3153 4763 3420 4820 vendidit
3459 4766 3664 4823 omnia

261 4855 521 4912 ἑπώλησε
558 4855 730 4908 πάντα
768 4854 872 4907 ὃσα
918 4851 1052 4928 εἶχε,
1086 4859 1177 4907 καὶ
1223 4855 1480 4930 ἠγόρασεν
1521 4855 1698 4909 αὐτόν.
1731 4855 1884 4914 Δῆλον

2041 4869 2132 4910 um
2146 4854 2379 4925 habuit,
2400 4859 2454 4910 et
2471 4855 2612 4910 emit
2625 4855 2829 4911 eam".
2846 4852 3098 4909 Planum
3120 4857 3211 4909 est
3225 4854 3388 4910 enim
3408 4871 3664 4922 regnum

260 4951 409 5022 γὰρ,
455 4945 536 4997 ὅτι
575 4945 601 4997 ὁ
648 4943 930 5018 πολύτιμος
967 4948 1300 5021 παργαρίτης
1335 4948 1470 5019 πρὸς
1505 4949 1598 5004 τὴν
1641 4947 1883 5018 ὁμοίωσιν

2038 4943 2241 5000 oeleste
2285 4959 2395 5016 per
2438 4944 2766 5016 pretiosam
2815 4944 3214 5014 margaritam
3266 4943 3661 5002 adumbrari:

347 5057 400 5092 ²¹
438 5056 724 5182 ἕξιν,
756 5057 844 5109 26.
940 5056 988 5089 ³³
1016 5057 1139 5110 Act.
1172 5071 1227 5121 v,
1261 5058 1352 5111 29.
1453 5056 1502 5089 ²³
1523 5053 1781 5127 Philipp.
1816 5070 1894 5110 ιιι.
1929 5056 1970 5110 4η

347 5144 405 5182 [ι.
514 5169 528 5182 .
631 5165 644 5180 .

2032 5093 2044 5108 .
2135 5053 2183 5087 ³⁸
2207 5053 2349 5108 Luc.
2379 5067 2502 5121 xxv,
2530 5055 2621 5108 33.
2721 5052 2769 5086 ²⁵
2801 5051 3001 5108 Matth.
3038 5067 3156 5116 XIX,
3189 5055 3279 5109 2t.
3374 5053 3422 5087 ²⁶
3453 5053 3655 5110 Matth.

262 5144 405 5197 xm,
438 5144 528 5196 ea,
556 5144 644 5182 ιο.

347 5236 475 5307 (43)
505 5232 698 5307 Editig
731 5231 922 5307 Rasil.
950 5232 1216 5307 perinde!
1239 5237 1306 5290 ut
1343 5232 1528 5307 Paris.
1561 5231 1646 5307 ἔπι
1666 5240 1780 5307 τοῖς
1799 5253 1896 5286 κα-

1444 5232 1528 5288 Fis.
1561 5231 1646 5307 ἔπι
1666 5240 1780 5307 τοῖς
1799 5253 1896 5286 κα·
2004 5231 2254 5307 primus
2274 5235 2629 5307 Kupioupou,
2661 5232 2907 5288 Domini

266 5301 423 5372 κοῖς,
454 5301 579 5432 quo
618 5304 770 5360 nihil
811 5301 1046 5360 alienus
1077 5311 1182 5361 aut
1206 5305 1486 5387 ineptius.
1528 5304 1889 5387 Editiojlen.

267 5387 336 5432 et
370 5393 452 5432 co
499 5394 573 5432 ex
601 5378 772 5432 Voss.
812 5381 870 5432 et
899 5376 1168 5432 Combef.
1211 5382 1268 5432 et
1303 5377 1407 5432 alii
1445 5376 1569 5432 duo
1609 5379 1771 5432 Remi
1810 5396 1889 5429 και

1751 5307 1898 5362 Ven.
2006 5301 2026 5306 “
2083 5305 2195 5372 (ﬁt
2227 5301 2369 5373 Reg;
2402 5301 2640 5376 primus
2669 5309 2788 5377 περὶ
2817 5311 2916 5356 τῶν
2947 5303 2997 5356 ἐν
3035 5301 3345 5375 ἁνθρώπόις.

1722 5377 1771 5432 rii
1810 5396 1902 5429 κα.
2085 5377 2200 5432 (46)
2227 5373 2393 5430 ldem
2421 5391 2514 5430 ms
2542 5381 2655 5432 τοῖς
2679 5374 2864 5432 ἑαυτῷ.

267 5387 336 5456 et
370 5373 573 5456 codex
601 5378 772 5433 Voss.
812 5381 870 5432 et
899 5376 1168 5433 Combef.
1211 5382 1268 5432 et
1303 5373 1407 5433 alii
1445 5376 1569 5432 duo
1609 5377 1771 5448 Regii
1810 5396 1890 5429 και

1566 5403 1569 5424 ν
1609 5377 1771 5448 Regii
1810 5396 1902 5429 και
2227 5373 2655 5456 Idem—marci;
2679 5373 2864 5445 ἑαυτῷ.
3059 5447 3098 5456 _
3131 5373 3139 5375 “
3179 5446 3189 5456 ,

267 5449 662 5523 lambene,
1427 5521 1451 5523 ,Α
1518 5521 1531 5523 _
1701 5445 1720 5448 ⁷
1786 5519 1800 5523 _
1874 5519 1889 5523 _

2046 5449 2203 5523 ’(47)
2252 5446 2442 5523 ξόὶιίρ
2482 5445 2889 5523 _Basil.__a:que
2939 5461 3010 5502 ac
3059 5446 3444 5523 Paris._1ravri
3489 5456 3669 5523 σαφός.

355 5523 486 5594 (447)
516 5521 820 5594 Editiones
841 5524 1075 5594 veteres
1095 5519 1224 5594 αλλὸι
1251 5541 1388 5576 τινα.
1412 5521 1615 5577 Codex
1636 5519 1905 5594 Combef.

2047 5517 2218 5594 index
2247 5516 2521 5594 Combef.
2561 5523 2618 5574 et
2646 5517 2745 5574 alii
2772 5516 2890 5573 fres
2921 5523 3114 5594 σαφής.
3146 5517 3377 5594 Ibidem
3408 5516 3670 5594 antiquae

272 5602 341 5655 et
366 5589 495 5650 'alii
535 5593 659 5650 duo
700 5591 833 5664 ἀλλ’,
867 5591 1040 5647 ἅτινα.
1075 5593 1286 5649 Statim
1335 5595 1476 5664 Reg.
1519 5592 1725 5648 tertius
1759 5591 1895 5645 Ἀλλέ

2055 5589 2310 5664 ditiones
2341 5594 2401 5664 et
2422 5589 2546 5664 duo
2570 5606 2726 5664 mss.
2752 5598 2852 5640 τῶν
2886 5589 3239 5662 εὐγνωμόνων.
3272 5593 3412 5661 Reg.
3442 5589 3673 5664 primus

272 5671 541 5744 μενοῦνγε
565 5669 675 5721 καί.
711 5663 941 5721 ibidem
971 5670 1091 5720 tres
1119 5681 1264 5720 mss.
1297 5667 1364 5717 τὰ
1385 5660 1577 5722 πᾶντα.
1611 5666 1738 5721 Mox
1768 5665 1890 5734 Reg

1354 5660 1577 5722 ιπᾶντα.
1611 5666 1738 5721 NOX
1768 5665 1911 5734 Reg.
2022 5667 2080 5718 et
2109 5663 2276 5720 Voss.
2299 5667 2357 5719 et
2376 5660 2543 5718 Colb.
2576 5671 2646 5731 τῷ
2677 5661 2977 5732 εὐγνώμονι.

586 5793 849 5850 ΡΑῐιιοι..
899 5793 998 5848 Gn.
1048 5793 1225 5848 XXXI.

3388 5795 3457 5846 30
