4110 6382
489 326 591 380 943

1871 318 1927 374 S.
1969 315 2222 372 BASlLll
2259 317 2480 372 MAGNI

3754 315 3864 370 944

486 462 664 518 agros
693 462 816 503 non
844 445 1214 518 simpliciter,
1247 443 1353 500 sed
1388 449 1640 514 propter
1664 459 1756 499 me
1782 449 1835 499 et
1871 443 2141 511 Evange-

2256 439 2450 502 ἁπλῶς,
2493 438 2599 491 ἀλλ’
2649 443 2807 492 ἕνεκεν
2855 438 2980 512 ἐμοῦ
3027 445 3117 492 καὶ
3165 447 3257 492 τοῦ
3306 438 3647 512 Εὑαγγελίου,
3699 438 3756 498 ὃς
3802 437 3862 490 οὐ

489 536 662 602 tium,
695 536 799 606 qui
829 551 950 590 non
979 535 1240 602 accipiat
1269 535 1486 589 centies
1517 537 1752 588 tantum
1785 534 1852 587 in
1883 537 2144 600 tempore

489 625 622 692 hoc,
649 631 702 681 et
729 626 791 680 in
822 625 1042 681 sarculo
1073 629 1324 679 venturo
1357 624 1540 679 vitam
1571 629 1858 679 aeternam
1881 622 1948 674 ³⁸.
1979 621 2144 675 Certe

486 714 738 786 quidem
781 715 944 770 hisce
991 713 1286 786 improbis
1334 712 1631 768 declarari
1679 715 1933 783 oportet,
1980 710 2146 782 ipsos

490 803 789 872 sacrilegii
839 803 1060 859 scelere
1111 803 1428 870 obstringi,
1481 801 1664 873 idque
1717 817 1790 856 ex
1843 804 2146 872 praecepto

485 892 750 961 Domini,
780 893 884 965 qui
915 894 1034 948 ait:
1069 894 1134 949 Si
1167 896 1505 962 peccaverit
1531 893 1733 960 frater
1769 896 1927 954 tuus,
1971 890 2144 952 vade,

488 984 728 1052 corripe
755 999 885 1039 eum
908 985 978 1051 ³9,
1011 988 1120 1038 etc.
1173 981 1288 1040 Sed
1342 998 1480 1038 cum
1528 981 1674 1053 ipsis
1715 997 1825 1052 pro
1858 979 2148 1036 tribunali

488 1078 737 1130 externo
780 1073 1014 1143 litigare
1052 1078 1213 1129 vetat
1255 1072 1492 1144 pietatis
1524 1088 1742 1140 sermo,
1775 1071 1867 1126 his
1906 1070 2142 1126 verbis:

487 1163 570 1218 Ei
595 1165 700 1233 qui
724 1164 852 1218 vult
883 1169 1074 1218 tecum
1106 1163 1342 1231 judicio
1369 1161 1746 1225 contendere,
1775 1166 1830 1216 et
1877 1161 2146 1216 tunicam

491 1257 658 1308 tuam
690 1252 922 1318 tollere,
950 1251 1184 1306 dimitte
1212 1251 1267 1306 ei
1309 1256 1362 1306 et
1420 1251 1682 1318 pallium
1707 1251 1753 1283 ‘0
1780 1267 1793 1316 ;
1839 1252 1916 1316 et,
1947 1249 2144 1305 Audet

487 1341 712 1412 aliquis
750 1347 1032 1407 vestrum,
1066 1340 1290 1395 habens
1331 1340 1630 1408 negotium
1673 1339 1962 1395 adversus
2001 1341 2147 1395 atte-

489 1446 645 1493 ram,
677 1430 852 1502 352
884 1430 1182 1499 jadicari,
1211 1431 1378 1499 apud
1420 1431 1677 1500 iniquos,
1717 1434 1772 1484 et
1813 1445 1933 1484 non
1981 1429 2149 1498 apud

487 1519 845 1575 sanctos“?
892 1519 1028 1574 Illos
1077 1524 1282 1575 autem
1333 1535 1540 1576 coram
1593 1519 1684 1575 his
1738 1519 1800 1574 in
1848 1519 2148 1590 judicium

487 1624 798 1679 vocemus,
847 1608 1077 1679 majore
1126 1609 1335 1666 habita
1387 1609 1616 1664 ratione
1662 1607 1870 1664 salutis
1924 1607 2146 1672 fratris,

488 1713 676 1768 quam
717 1697 909 1768 capias
958 1697 1329 1754 divitiarum.
1363 1702 1694 1771 Postquam
1744 1697 1904 1753 enim
1955 1698 2149 1754 Domi-

487 1803 604 1843 nus
633 1785 815 1842 dixit:
843 1788 910 1842 Si
935 1793 993 1843 te
1021 1789 1305 1852 audierit,
1337 1787 1652 1858 subjunxit
1681 1805 1696 1843 :
1732 1789 2030 1844 Lucratus
2069 1803 2146 1852 es,

487 1891 611 1932 non
666 1877 976 1948 pecunias,
1035 1877 1140 1932 sed
1186 1879 1448 1946 fratrem
1499 1879 1756 1932 tuum".
1806 1879 1901 1933 Est
1951 1881 2151 1934 tamen

490 1981 633 2020 cum
691 1965 1097 2037 explananda:
1153 1967 1420 2022 veritatis
1471 1982 1677 2034 causa,
1732 1967 1868 2038 ipso
1919 1966 2154 2038 injuria:

491 2059 737 2111 auctore
767 2071 878 2110 nos
909 2071 1032 2111 non
1063 2073 1200 2112 raro
1232 2056 1311 2112 ad
1337 2057 1758 2112 communium
1789 2056 2153 2114 arbitrorum

486 2141 787 2211 judicium
819 2150 1206 2214 provocante,
1241 2145 1320 2201 ad
1351 2161 1609 2201 examen
1637 2145 2015 2214 devenimus,
2047 2163 2153 2203 ne-

488 2246 804 2303 quaquam
826 2232 942 2303 ipsi
965 2233 1256 2304 aggressi,
1281 2233 1387 2289 sed
1407 2251 1510 2290 eos
1541 2234 1646 2306 qui
1676 2240 2154 2307 provocaverant

489 2320 694 2375 secuti.
727 2335 852 2376 non
891 2328 1166 2378 nostrum
1198 2323 1299 2378 ine
1339 2327 1443 2379 aut
1486 2325 1886 2381 contentionis
1917 2329 2152 2382 motum

485 2408 551 2464 in
600 2415 879 2481 apertum
919 2412 1313 2483 proferentes,
1359 2413 1464 2469 sed
1496 2414 1803 2472 veritatem
1842 2415 2154 2472 declaran-

491 2502 602 2553 tes.
638 2497 731 2554 Sic
762 2499 924 2554 enim
956 2505 1011 2556 et
1037 2501 1206 2556 illum
1239 2518 1273 2557 a
1304 2502 1482 2558 malis
1507 2503 1842 2559 eximemus
1881 2504 1975 2560 vel
2003 2504 2154 2560 invi-

489 2589 642 2653 tum,
676 2593 733 2643 et
771 2588 885 2660 ipsi
939 2589 1233 2646 mandata
1278 2592 1380 2646 Dei
1416 2607 1539 2647 non
1584 2593 1974 2659 violabimus,
2020 2598 2154 2649 tan-

491 2689 682 2746 quam
717 2675 816 2731 Dei
843 2676 1117 2745 ministri,
1150 2693 1273 2732 non
1303 2694 1634 2749 pugnaces,
1663 2697 1775 2736 nec
1807 2681 1975 2738 avari
2014 2696 2154 2737 con-

492 2767 720 2820 stanter
764 2765 998 2820 veritati
1044 2767 1482 2837 patefaciendae
1514 2768 1873 2838 insistentes,
1907 2775 1964 2828 et
2007 2785 2155 2826 nus-

493 2867 681 2923 quam
713 2868 1076 2910 concessum
1104 2855 1287 2911 studii
1313 2857 1563 2914 modum
1593 2858 1972 2916 excedentes.

1013 3073 1529 3131 INTERROGATIO
1571 3076 1629 3131 X.

491 3177 649 3236 Nam
672 3196 867 3236 omnes
897 3180 1003 3250 qui
1030 3182 1346 3258 accedant,
1378 3183 1719 3258 recipiendi
1735 3184 1879 3258 sint,
1903 3186 1998 3242 vel
2026 3187 2155 3258 qui-

563 3267 747 3326 nam:
776 3259 830 3326 et
863 3259 1067 3308 utrum
1098 3255 1300 3309 statim
1331 3256 1453 3308 sint
1481 3255 1864 3326 admittendi,
1900 3273 1981 3314 an
2013 3255 2149 3316 cum

556 3323 937 3392 probatione,
968 3331 1022 3380 et
1053 3340 1186 3381 cum
1217 3326 1390 3396 quati
1413 3325 1789 3395 probatione.

1114 3453 1523 3508 RESPONSIO.

567 3563 616 3614 t.
660 3561 808 3616 Cum
846 3558 1150 3628 benignus
1198 3562 1376 3625 Deus,
1409 3559 1697 3633 idemque
1737 3561 2007 3621 Salvator
2045 3581 2153 3624 no-

489 3651 609 3704 ster
637 3649 805 3704 Jesus
833 3649 1103 3706 Christus
1133 3649 1438 3721 praedicet,
1473 3666 1545 3706 ac
1579 3650 1744 3708 dicat
1772 3669 1785 3707 :
1829 3653 2030 3711 Venite
2067 3657 2152 3712 ad

486 3753 600 3803 me,
639 3754 840 3796 omnes
881 3741 987 3810 qui
1027 3738 1341 3807 laboratis,
1369 3746 1423 3796 et
1467 3742 1706 3797 onerati
1746 3745 1906 3812 estis,
1945 3750 2001 3800 et
2040 3761 2148 3816 ego

485 3828 752 3896 reﬁciam
779 3844 880 3884 vos
905 3829 987 3894 ‘3;
1019 3828 1426 3900 periculosum
1453 3834 1540 3884 est
1578 3830 1866 3901 repellere
1907 3849 2012 3889 eos
2040 3836 2149 3907 qui

485 3922 692 3974 nostra
721 3933 908 3988 opera
938 3917 1237 3973 accedunt
1267 3917 1347 3973 ad
1375 3918 1721 3989 Dominum,
1753 3921 2012 3994 ejusque
2055 3925 2148 3995 ju-

484 4019 632 4074 gum
664 4021 872 4072 suave,
897 4021 970 4060 ac
999 4011 1437 4078 praeceptorum
1469 4022 1646 4073 onus,
1667 4024 1791 4080 quo
1815 4009 1895 4064 ad
1926 4011 2145 4070 caelum

483 4092 834 4159 attollimur,
852 4093 1053 4148 subire
1070 4093 1298 4149 volunt.
1319 4097 1434 4150 Nec
1451 4099 1654 4150 tamen
1674 4098 2146 4168 permittendum

483 4186 596 4242 est,
627 4186 692 4237 ut
719 4181 878 4237 ullus
905 4181 1085 4237 illotis
1126 4182 1384 4254 pedibus
1410 4185 1488 4240 ad
1538 4191 1754 4242 sancta
1779 4187 2147 4249 documenta

480 4269 702 4337 veniat,
725 4270 832 4326 sed
861 4271 1386 4343 quemadmodum
1422 4273 1714 4332 Dominus
1740 4283 1945 4336 noster
1969 4282 2145 4339 Jesus

482 4359 750 4415 Christus
793 4359 1242 4417 adolescentem
1289 4362 1394 4435 qui
1443 4364 1522 4420 ad
1573 4381 1636 4421 se
1683 4375 2025 4428 accesserat
2067 4371 2143 4429 de

479 4449 609 4519 ejus
639 4449 760 4506 vita
805 4455 1083 4507 anteacta
1132 4459 1522 4523 percontatus
1551 4461 1661 4523 est,
1692 4474 1954 4532 cumque
2003 4477 2138 4519 eam

474 4542 632 4594 recte
661 4537 844 4595 fuisse
871 4545 1070 4596 actam
1103 4542 1512 4614 comperisset,
1549 4551 1841 4617 praeterea
1874 4555 1936 4606 ut
1963 4567 2136 4608 com-

545 4681 593 4715 ³⁸
643 4683 820 4740 Marc.
861 4699 924 4748 χ,
961 4687 1052 4752 29,
1093 4688 1182 4740 30.

1278 4686 1325 4721 39
1374 4687 1573 4750 Matth.
1616 4704 1775 4756 xvui,
1825 4695 1908 4748 t5.

473 4750 521 4786 ⁸³
560 4755 760 4810 Matth.
802 4771 884 4822 x1,
925 4759 1017 4811 28.

539 4877 842 4955 (_6_'2_)__lilud
865 4875 1182 4955 ὃικᾴζεσθαι
1213 4877 1272 4934 δὲ
1301 4887 1418 4955 περί
1443 4883 1632 4954 αὐτῶν,
1659 4889 1796 4954 etc.,
1819 4885 1900 4944 ita
1923 4889 2124 4947 Latine

464 4949 728 5030 reddidit
767 4956 942 5030 vetus
958 4953 1287 5030 interpres:
1316 4949 1506 5030 Porro
1535 4950 1724 5012 dehis
1755 4949 1929 5016 rebus
1953 4978 2124 5030 expe-

465 5023 584 5076 riri
619 5023 787 5090 apud
820 5024 1058 5091 judices
1087 5027 1410 5092 extrarios,
1452 5034 1613 5083 vetat
1662 5045 1768 5084 nos
1807 5032 1962 5088 idem
2007 5023 2121 5091 Do-

463 5093 849 5175 m‘inas:used
880 5095 983 5173 qui
1009 5094 1170 5175 hunc
1200 5096 1403 5175 locum
1435 5099 1936 5175 p_aulq__atten_tius
1966 5103 2123 5175 lege-

461 5165 555 5228 rit,
605 5165 810 5242 facile,_
844 5165 1084 5242 opinor,
1134 5165 1929 5242 fatebitur—intelligendum
1976 5165 2120 5234 etim

461 5249 595 5311 esse
626 5236 850 5311 nonde
881 5237 1084 5302 rebus,
1115 5238 1220 5292 sed
1253 5238 1327 5311 de
1360 5243 1652 5311 personis.

535 5307 795 5389 £63)A.§_lii
853 5324 1000 5389 mss.
1052 5307 1550 5389 προσκαλεσῶμεθα.
1606 5313 1716 5369 ΑΙῘί
1754 5319 2118 5389 προσκαλεσό-

457 5377 750 5456 μεθαηΛΙὶί
783 5377 1560 5456 προκαλεσόμεθα.ΑΜΟᾏἸῖεΞε.
1604 5377 1836 5456 primlis
1875 5399 1968 5453 τῆς
2017 5400 2117 5444 τῶν

456 5451 734 5535 κτηματων
757 5451 1084 5535 περιουσίας.
1109 5453 1322 5535 Statim
1345 5451 1638 5535 duomss.
1658 5457 1811 5535 ού-τά
1833 5451 2113 5535 χρήματα.

525 5522 656 5604 (ϐθλ
683 5521 840 5590 Regii
870 5521 998 5601 duo
1031 5525 1342 5604 msSLii‘aa'z;
1387 5534 1480 5604 τοῦ
1507 5537 1624 5590 τῆς.
1657 5529 1810 5604 Editi
2001 5543 2112 5596 τῆς.

454 5591 585 5645 Mox
618 5593 759 5659 Reg.
795 5594 1026 5674 primus
1055 5601 1114 5674 et
1158 5591 1326 5674 Colb.
1359 5597 1432 5659 εἰς
1482 5605 1658 5674 κοινὴν
1693 5591 2014 5674 διάσκεψιν,
2049 5591 2115 5661 in

453 5676 828 5722 communem
858 5665 1420 5741 considerationem,
1445 5673 1538 5728 vel
1581 5671 1808 5745 potius,
1838 5665 1922 5734 ad
1949 5665 2114 5735 com-

2172 4503 2218 4559 D

1962 4695 2056 4775 ,ιο
2104 4695 2308 4755 Matth.
2348 4713 2402 4764 v,
2443 4697 2536 4752 ιο.

2253 534 2325 602 μὴ
2372 529 2502 603 λάϐῃ
2556 530 3060 583 ἑκατονταπλασίονα
3089 529 3137 582 ίν
3165 538 3237 600 τῷ
3267 539 3432 604 καιρῷ
3473 533 3660 600 τούτῳ,
3695 533 3786 580 καὶ
3815 527 3864 580 ἐν

2253 628 2326 690 τῷ
2387 619 2536 670 αἰῶνι
2588 628 2659 689 τῷ
2705 618 2971 693 ἐρχομένῳ
3021 620 3159 680 ζωὴν
3213 618 3437 673 αἰώνιον.
3486 624 3603 678 Τοῖς
3658 635 3714 687 ’γε
3766 621 3864 688 μὴν

2255 706 2618 780 ἀγνωμονοῦσι
2661 705 3130 783 διαμαρτύρασθαι
3159 712 3270 782 χρὴ
3320 712 3414 766 τὴν
3444 715 3541 768 τῆς
3572 705 3865 782 ἱεροσυλίας

2255 797 2537 871 ἁμαρτίαν,
2591 799 2728 850 κατά
2781 803 2874 857 τὴν
2938 797 3142 857 ἐντολὴν
3191 806 3282 850 τοῦ
3343 801 3538 870 Κυρίου
3588 797 3861 857 εἰπόντος’

2259 888 2373 941 Ἐἀν
2405 886 2611 960 ἁμάρτῃ
2655 889 2680 940 ὀ
2725 885 2940 960 ἀδελφός
2971 908 3088 955 σου,
3121 889 3307 960 ὕπαγε,
3341 887 3539 958 ὒεγξον
3570 887 3748 953 αὑτὸν,
3776 891 3866 938 καὶ

2255 980 2321 1030 τὰ
2365 978 2447 1040 ἐξῆ
2462 998 2500 1039 ς,
2535 978 2856 1038 Δικάζεσθαι
2894 979 3010 1049 (62)
3043 975 3101 1030 δὲ
3131 983 3250 1051 περὶ
3281 977 3450 1030 αὐτῶν
3481 976 3565 1029 ἐπὶ
3595 973 3866 1034 δικαστη-

2256 1071 2379 1141 ρίων
2425 1066 2676 1129 ἑξωτικῶν
2726 1066 3080 1143 ἀπηγόρευσεν
3128 1069 3154 1119 ὁ
3223 1076 3319 1129 τῆς
3383 1065 3672 1128 θεοσεϐείας
3714 1066 3865 1137 λόγος

2260 1155 2331 1208 δι’
2378 1157 2446 1207 ὧν
2489 1176 2620 1228 φησι
2644 1178 2657 1190 ·
2698 1163 2782 1227 Τῷ
2821 1157 3015 1209 θέλοντί
3048 1176 3104 1210 σε
3129 1159 3396 1230 κριθῆναι,
3428 1161 3516 1208 καὶ
3544 1160 3631 1210 τόν
3661 1157 3868 1228 χιτῶνα

2263 1266 2355 1298 σου
2395 1245 2586 1314 λαϐεῖν,
2617 1244 2740 1318 ἆφες
2772 1246 2908 1316 αὐτῷ
2956 1251 3045 1298 καὶ
3085 1249 3143 1298 τό
3177 1248 3382 1319 ἱμάτιον
3408 1267 3419 1279 ·
3454 1249 3540 1298 τόν
3582 1248 3663 1298 ὅτι
3691 1246 3869 1320 Τολμᾲ

2257 1355 2338 1397 τις
2380 1337 2542 1408 ὑμῶν,
2592 1342 2812 1410 πρᾶγμα
2860 1339 2995 1406 ἔχων
3039 1339 3169 1410 πρὸς
3219 1337 3306 1387 τόν
3358 1336 3547 1408 ἕτερον,
3596 1339 3870 1409 κρίνεσθαι

2260 1424 2342 1478 ἐπὶ
2391 1434 2490 1477 τῶν
2541 1422 2758 1490 ἀδίκων,
2804 1429 2894 1478 καὶ
2939 1425 3068 1496 οὐχὶ
3117 1423 3200 1476 ἐπὶ
3244 1434 3344 1476 τῶν
3391 1425 3585 1496 ἁγίων;
3631 1431 3732 1478 Καὶ
3785 1426 3870 1480 ἐπὶ

2259 1517 2452 1567 τούτων
2503 1511 2561 1567 δὲ
2605 1514 2674 1576 εἰς
2718 1519 2893 1589 κρίσιν
2941 1513 3427 1590 προσκαλεσὼμεθα
3471 1517 3605 1585 (63),
3663 1514 3872 1569 πλείονα

2258 1604 2408 1676 λόγον
2454 1608 2661 1676 ἔχοντες
2691 1613 2785 1666 τῆς
2838 1612 2928 1656 τοῦ
2975 1601 3200 1677 ἀδελφοῦ
3254 1609 3538 1677 σωτηρίας,
3571 1605 3601 1664 ἣ
3635 1613 3727 1665 τῆς
3771 1615 3871 1657 τῶν

2260 1697 2552 1770 χρημάτων
2596 1699 2919 1767 περιουσίας.
2956 1699 3056 1748 Καὶ
3099 1697 3202 1769 γὰρ
3252 1695 3278 1745 ὁ
3326 1697 3516 1769 Κύριος
3549 1694 3724 1763 εἰπὼν,
3755 1695 3872 1748 Ἐάν

2191 1792 2232 1846 Β
2263 1802 2358 1836 σου
2401 1783 2624 1856 ἀκούσης
2653 1783 2930 1855 ἐπήγαγεν.
2961 1780 3306 1856 Ἐκέρδησας,
3332 1783 3459 1854 οὐχὶ
3490 1786 3556 1836 τά
3592 1789 3870 1858 χρήματα,

2264 1872 2392 1926 ἀλλὰ
2438 1877 2524 1925 τὸν
2569 1870 2789 1945 ἀδελφόν
2841 1893 2956 1928 σου.
2999 1872 3153 1926 ’Ἐστι
3199 1870 3258 1926 δι
3303 1876 3385 1926 ὅτε
3433 1875 3560 1947 ὑπερ
3609 1882 3700 1925 τοῦ
3739 1894 3872 1947 τρα-

2262 1965 2488 2022 νωθῆναι
2551 1967 2646 2020 τὴν
2709 1961 2992 2030 ἀληθειαν,
3044 1963 3204 2015 αὑτοῦ
3265 1963 3509 2024 πολλάκις
3571 1964 3716 2034 ἡμᾶς
3779 1972 3872 2016 τοῦ

2262 2063 2354 2114 τῆς
2379 2056 2490 2123 (64)
2525 2052 2893 2126 ἀγνωμοσύνης
2935 2055 3297 2126 κατάρχοντος
3336 2053 3408 2114 εἰς
3445 2057 3623 2111 κοινὴν
3661 2050 3874 2106 δίαιταν

2264 2142 2717 2218 προκαλουμένου,
2771 2141 3255 2216 συγκαταϐαίνομεν
3303 2147 3429 2215 πρὸς
3475 2147 3564 2196 τὸν
3617 2143 3874 2215 ἔλεγχον,

2263 2233 2357 2286 οῦκ
2405 2233 2554 2284 αὐτοὶ
2599 2232 2972 2308 κατάρξαντες,
3021 2231 3151 2284 ἀλλά
3205 2239 3314 2293 τοῖς
3364 2231 3875 2308 προσκαλεσαμένοις

2263 2321 2677 2389 ἀκολουθοῦντες,
2728 2321 2823 2374 οὐκ
2871 2318 3010 2374 ἴδιον
3058 2323 3225 2383 πάθος
3274 2321 3436 2396 ὀργῆς
3482 2323 3510 2381 ἦ
3561 2322 3873 2394 φιλονεικίας

2263 2411 2707 2486 πληροφοροῦντες
2755 2413 2902 2482 (65),
2964 2409 3092 2462 ἀλλὰ
3142 2415 3236 2470 τὴν
3296 2409 3540 2470 ἀληθειαν
3593 2419 3871 2486 φανεροῦν-

2264 2520 2369 2562 τες.
2444 2501 2597 2553 Οὕτω
2661 2503 2763 2574 γὰρ
2829 2499 3064 2552 κάκεῖνον
3129 2505 3220 2553 καὶ
3280 2502 3474 2553 ἄκοντα
3536 2511 3636 2554 τῶν
3700 2511 3874 2555 κακῶν

2264 2591 2628 2666 ἐξαιρήσομεν,
2677 2596 2767 2643 καὶ
2821 2591 2972 2644 αὐτοὶ
3029 2594 3124 2654 τὰς
3180 2591 3388 2654 ἐντολὰς
3442 2591 3502 2644 οῦ
3557 2591 3872 2664 παρελενσό·

2263 2684 2398 2754 μεθα
2423 2682 2555 2751 (66),
2586 2684 2655 2742 ὡς
2687 2688 2821 2734 Θεοῦ
2853 2677 3090 2734 διάκονοι
3119 2683 3328 2754 ἄμαχοι
3368 2687 3455 2733 καὶ
3498 2679 3865 2754 ἀφιλάργυροι,

2264 2779 2325 2844 τῇ
2378 2776 2660 2844 φανερώσει
2709 2780 2806 2832 τῆς
2862 2769 3108 2832 ἀληθείας
3161 2771 3421 2833 εὐσταθῶς
3471 2772 3862 2842 συνιστάμενοι,

2264 2859 2354 2913 καὶ
2420 2857 2658 2933 οὐδαμοῦ
2727 2863 2787 2914 τὸ
2854 2856 3132 2933 δεδομένον
3197 2864 3382 2936 μέτρον
3446 2869 3539 2921 τῆς
3621 2856 3869 2920 σπουδῆς

2265 2949 2676 3026 ὑπερϐαίνοντες.

2861 3081 3178 3129 ΕΡΩΤΗΣΙΣ
3218 3073 3272 3129 Γ.

2265 3189 2487 3259 Πότερον
2544 3188 2654 3258 χρὴ
2697 3185 2909 3259 Δπάντας
2956 3187 3075 3245 τοὺς
3129 3186 3444 3259 προσιόντας
3497 3178 3779 3259 δέχεσθαι,
3835 3181 3863 3241 ἦ

2335 3250 2475 3319 τίνας
2500 3273 2512 3322 ;
2544 3250 2633 3308 καὶ
2659 3255 2811 3317 εὐθὺς
2842 3255 3026 3316 αὐτοὺς
3055 3250 3394 3330 προσίεσθαι,
3423 3255 3452 3313 ἣ
3486 3250 3616 3327 μετα
3647 3250 3870 3327 δοκιμα-

2336 3334 2473 3398 σίας,
2500 3333 2589 3380 καὶ
2620 3333 2773 3389 ποίας
2801 3330 2996 3389 ταύτης
3021 3344 3035 3393 ;

2886 3458 3258 3507 ΑΠΟΚΡΙΣῘΣ.

2336 3568 2383 3620 1.
2441 3570 2544 3617 Τοῦ
2612 3561 2975 3637 φιλανθρώπου
3042 3567 3177 3614 Θεοῦ
3243 3564 3332 3613 καὶ
3409 3565 3647 3631 Σωτῆρος
3720 3560 3867 3632 ἡμῶν

2261 3655 2438 3713 Ἰησοῦ
2497 3660 2732 3728 Χριστοῦ
2789 3655 3146 3726 κηρύσσοντος
3211 3655 3300 3704 καὶ
3365 3649 3648 3722 λέγοντος·
3717 3655 3870 3702 Δεῦτε

2257 3748 2384 3820 πρὸς
2450 3747 2552 3816 με,
2621 3745 2802 3802 πάντες
2863 3741 2912 3793 οἰ
2985 3749 3305 3806 κοπιῶντες,
3370 3744 3460 3792 καὶ
3520 3741 3870 3813 πεφορτισμέ-

2257 3854 2374 3902 νοι,
2441 3832 2584 3904 κάγώ
2651 3831 2937 3883 ἀναπαύσω
3004 3831 3138 3902 ὑμᾶς
3182 3850 3197 3864 ·
3261 3829 3356 3882 οὐκ
3423 3825 3699 3882 ἀκίνδυνον
3768 3827 3866 3880 ἀπ-

2258 3925 2508 3977 ωθεῖσθαι
2549 3925 2668 3984 τοὺς
2711 3929 2784 3992 τῷ
2835 3925 3008 3996 Κυρίῳ
3067 3917 3139 3972 δι’
3193 3922 3339 3994 ἡμῶν
3391 3924 3723 3995 προσιόντας,
3773 3923 3868 3970 καὶ

2257 4013 2489 4066 ὑπελθεῖν
2539 4011 2699 4064 αὐτοῦ
2749 4015 2834 4064 τόν
2879 4013 3121 4084 χρηστὸν
3170 4010 3346 4083 ζυγὸν,
3380 4014 3470 4062 καὶ
3509 4014 3566 4062 τό
3619 4017 3720 4062 τῶν
3777 4006 3864 4060 ἑν-

2256 4102 2416 4158 τολῶν
2465 4107 2692 4176 φορτίον,
2742 4104 2800 4154 τὸ
2858 4103 2988 4172 πρὸς
3036 4100 3250 4174 οὐρανόν
3303 4101 3444 4173 ἡμᾶς
3490 4099 3860 4170 ἀνακουφίζον,

2257 4193 2619 4267 βουλομένους.
2654 4191 2729 4242 Οὐ
2777 4195 2874 4263 μην
2923 4186 3048 4243 οὐδὲ
3093 4189 3328 4252 ἀνίπτοις
3370 4194 3524 4242 ποσὶν
3573 4187 3862 4262 ἐπιτρέπειν

2253 4287 2363 4356 χρὴ
2423 4291 2518 4344 τῆς
2585 4284 2899 4353 σεμνότητος
2966 4277 3244 4332 ἐπιϐαίνειν
3302 4288 3402 4331 τῶν
3468 4275 3858 4350 διδαγμοίτων·

2255 4370 2363 4424 ἀλλ’
2429 4373 2601 4446 ὥσπερ
2669 4372 2694 4422 ό
2765 4373 2952 4444 Κύριος
3012 4371 3158 4443 ἡμῶν
3216 4375 3408 4431 Ιησοῦς
3473 4370 3710 4442 Χριστὸς
3771 4368 3861 4418 τόν

2250 4461 2605 4538 προσελθόντα
2658 4479 2924 4513 νεανισκον
2985 4457 3296 4535 ἐπηρώτησε
3354 4463 3474 4533 περὶ
3534 4465 3627 4510 τοῦ
3679 4459 3863 4531 προτέ-

2249 4573 2344 4627 ρου
2398 4551 2541 4626 βίου,
2584 4556 2670 4605 καὶ
2717 4552 2917 4623 μαθὼν,
2967 4550 3049 4602 ὃτι
3092 4550 3456 4624 κατώρθωται,
3495 4550 3554 4599 τό
3595 4549 3724 4621 πρός
3763 4549 3860 4604 τὴν

2614 4695 2656 4729 ⁴¹
2702 4693 2723 4750 Ι
2765 4696 2898 4751 Cor.
2938 4707 3018 4761 v1,
3063 4696 3112 4750 t.
3208 4693 3256 4728 "
3311 4690 3510 4749 Matth.
3557 4704 3712 4758 xvm,
3757 4692 3849 4745 t5.

2236 4907 2418 4949 mune
2462 4891 2830 4949 arbitrium:
2861 4889 2967 4945 sed
3013 4905 3138 4945 non
3183 4887 3395 4944 dubito
3438 4885 3601 4960 quin!
3633 4885 3856 4960 praete-5

2232 4965 2422 5020 renda
2449 4965 2522 5019 sit
2561 4963 2863 5039 scriptura
2905 4960 3186 5039 vulgata;
3212 4974 3410 5039 eoque
3434 4958 3662 5039 magis,
3687 4958 3857 5031 quod

2231 5041 2502 5092 veterum
2535 5030 2944 5092 quorumdam
2986 5032 3286 5088 librorum
3308 5030 3682 5087 testimonio
3713 5030 3856 5087 eon-

2230 5107 2524 5164 ﬁrmetur.
2551 5101 2779 5161 ibidem
2807 5105 3001 5160 codex
3025 5104 3192 5160 Colb.
3217 5102 3704 5177 προσκαλουμένων.
3735 5101 3853 5177 _Ali-

2229 5179 2481 5250 quando
2512 5179 2667 5234 infra
2717 5180 2857 5247 Reg.
2889 5177 3122 5249 primus
3172 5174 3534 5232 emendatus
3561 5174 3850 5250 προκαλεσ-

2273 5269 2424 5312 ενοις.

2451 5323 2592 5391 Reg.
2627 5320 2863 5392 primus
2895 5325 2953 5377 et
2983 5321 3153 5377 Voss.

2230 5390 2432 5449 Codex
2462 5390 2729 5450 Coinbcf.
2766 5398 2822 5447 ei.
2847 5392 2948 5465 alii
2967 5408 3122 5465 cum
3149 5390 3323 5465 editis
3353 5390 3803 5465 πληροφοροῦντες
3836 5407 3848 5443 :

2228 5465 2396 5536 quod
2446 5480 2567 5520 non
2615 5465 2811 5536 inepte
2842 5464 2925 5520 ita
2957 5463 3108 5518 forte
3148 5463 3298 5519 verti
3324 5463 3849 5536 poterit,'motum

2227 5536 2627 5592 contentionis
2659 5551 2777 5591 non
2809 5536 3140 5605 explentes.

2303 5609 2410 5675 (66)
2450 5607 2650 5680 Codex
2683 5607 2846 5665 Coll).
2877 5604 2935 5660 οὗ
2967 5604 3495 5680 παρασαλευσόμεθα,
3530 5621 3653 5662 non
3683 5619 3848 5661 ever-

2227 5683 2417 5736 temus
2448 5679 2761 5737 mandata.

3241 5319 3510 5379 ιλονεικίας
3556 5323 3849 5379 κινοῦντες.
