4110 6404
271 320 373 375 945

1409 317 1705 374 ΒΕΟῙΙῙΛΕ
1745 315 1992 376 FUSIHS
2037 317 2454 375 ΤΒΑΟΤΑΤᾹΞ.

3545 325 3651 380 946

275 442 552 497 ετελίωσιν
628 443 852 498 ἐλλεῖπον
925 447 1002 499 ἔτι
1069 443 1347 517 πληρῶσαι
1417 443 1532 516 (67)
1588 443 1856 517 προσέταξκ

1989 447 2230 516 pararet
2261 445 2433 517 quod
2483 445 2560 501 ad
2604 443 3034 518 perfectionem
3081 448 3304 514 deerat,
3341 448 3648 521 praecepit,

271 552 361 585 και
413 537 530 586 τότε
585 532 851 607 ἐπέτρεψεν
918 532 1242 587 ἀκολουθεῖν·
1308 531 1444 586 οὕτω
1498 529 1740 591 δηλονότι
1791 537 1880 586 καὶ

271 623 408 695 ἡμᾶς
463 627 719 698 προσήκει
760 628 850 676 τόν
899 623 1225 699 παρελθόντα
1256 621 1372 695 βίον
1411 617 1512 694 τῷν
1555 626 1876 698 προσιόντων

243 712 706 785 ’καταμανθάνειν-
762 717 853 767 καὶ
883 713 959 776 οἷς
1010 715 1100 786 μεν
1153 708 1260 770 ἤδη
1304 731 1357 766 τι
1404 715 1872 788 προκατὼρθωται,

270 802 337 854 τὰ
392 801 680 875 τελειότερα
719 810 821 854 τῶν
872 799 1218 874 διδαγμάτων
1245 798 1630 877 παραδιδόναι,
1662 805 1784 863 τοὺς
1813 798 1874 855 δε

271 889 300 949 ἣ
354 889 410 943 ἐκ
465 889 589 964 βίου
645 898 871 966 πονηροῦ
918 893 1342 964 μετατιθεμένους
1385 891 1522 963 (68),
1583 892 1613 950 ἦ
1665 889 1720 944 ἐκ
1776 900 1874 954 τῆς

270 977 590 1055 ἀδιαφορίας
643 984 773 1055 πρὸς
821 984 910 1034 τόν
967 978 1162 1055 ἀκριδῆ
1221 980 1338 1054 βίον
1394 990 1491 1044 τῆς
1554 983 1868 1052 θεογνωσίας

270 1070 606 1144 ὁρμήσαντας
660 1069 948 1144 ἀνακρίνειν
997 1075 1134 1146 χρὴ,
1187 1072 1359 1124 ὁποῖοι
1400 1073 1458 1123 τό
1493 1067 1616 1131 ἦθός
1638 1069 1760 1123 εἱσι·
1792 1074 1865 1143 μή

271 1159 489 1213 ἄστατοι
513 1163 600 1212 καὶ
625 1161 751 1235 πρὸς
777 1163 869 1222 τὰς
899 1165 1100 1236 κρίσεις
1121 1160 1401 1218 εὐκίνητοι.

333 1341 387 1393 2.
426 1335 689 1391 ’Υποπτον
753 1341 855 1415 γὰρ
906 1347 1006 1392 τῶν
1079 1341 1324 1394 τοιούτων
1390 1341 1449 1393 τό
1509 1338 1862 1412 εύμετάθετον,

263 1427 330 1497 οἶ,
368 1429 496 1499 πρὸς
547 1431 607 1480 τὸ
659 1425 826 1501 μηδεν
879 1428 1095 1492 ἑαυτοὺς
1123 1429 1406 1502 ὠφελῆσαι,
1440 1431 1516 1482 ἔτι
1545 1434 1634 1481 καὶ
1677 1430 1866 1504 ἑτέροις

263 1519 426 1568 αἴτιοι
473 1515 679 1589 βλάϐης
718 1523 968 1590 γίνονται,
1011 1515 1183 1578 ὀνείδη
1211 1523 1302 1572 καὶ
1350 1515 1546 1590 ψεύδη,
1575 1523 1664 1570 καὶ¹
1699 1516 1863 1591 βλασ-

256 1610 459 1678 φημίας
505 1609 732 1682 πονηρὰς
787 1615 881 1660 τοῦ
927 1610 1078 1680 ἔργον
1130 1608 1276 1680 ἡμῶν
1327 1612 1661 1680 κατέχοντες.
1721 1608 1863 1661 Ἐπεὶ

260 1691 319 1749 δὲ
401 1695 516 1767 (69)
582 1698 756 1750 πάντα
820 1695 1082 1770 ἐπιμελείᾳ
1137 1700 1518 1773 κατορθοῦται,
1568 1703 1657 1751 καὶ
1714 1697 1865 1771 φόϐος

1989 535 2047 590 et
2076 537 2218 589 tunc
2250 533 2302 590 ei
2346 549 2409 590 se
2451 533 2749 605 sequendi
2781 534 3017 606 copiam
3048 535 3219 591 fecit:
3257 537 3338 592 ita
3379 537 3650 608 profecto

1987 627 2047 678 et
2074 638 2110 682 a
2141 623 2318 679 nobis
2345 623 2645 697 praeterita
2688 624 3106 680 accedentium
3135 625 3254 680 vita
3283 631 3370 681 est
3427 641 3648 697 expen-

1985 713 2209 777 denda,
2232 717 2288 770 et
2331 713 2401 768 iis
2433 714 2538 787 qui
2584 713 2732 787 quid
2757 719 2916 770 recte
2954 715 3080 784 jam
3111 715 3421 784 gesserint,
3454 715 3646 770 docu-

1982 807 2190 858 menta
2213 802 2573 876 perfectiora
2608 802 2908 860 tradenda
2940 806 3098 874 sunt,
3133 803 3238 874 qui
3278 819 3416 858 vero
3451 803 3545 858 vel
3573 818 3647 859 ex

1981 908 2174 964 prava
2213 893 2332 947 vita
2364 897 2818 960 convertuntur,
2849 891 2946 947 vel
2974 908 3045 948 ex
3093 891 3456 947 indifferenti
3486 897 3646 948 statu

1979 982 2059 1038 ad
2089 980 2422 1054 perfectam
2453 981 2638 1037 vitam
2667 981 2727 1038 in
2761 981 2862 1036 Dei
2894 981 3234 1049 cognitione
3265 981 3434 1036 sitam
3484 986 3643 1037 tran-

1979 1076 2174 1140 seunt,
2205 1072 2316 1128 hos
2335 1073 2702 1144 perscrutari
2734 1087 2847 1145 par
2877 1077 2991 1136 est,
3023 1071 3312 1128 nimirum
3359 1071 3643 1144 qualibus

1977 1162 2210 1234 praediti
2236 1164 2354 1217 sint
2380 1162 2676 1228 moribus,
2711 1177 2858 1217 num
2884 1161 3216 1228 instabiles,
3251 1177 3396 1218 num
3441 1161 3520 1218 ad
3543 1163 3642 1233 ju-

1976 1251 2133 1308 dicia
2161 1250 2413 1308 ferenda
2445 1251 2642 1323 proni.

2045 1344 2098 1395 2.
2141 1340 2462 1396 Enimvero
2488 1340 2594 1412 qui
2621 1344 2762 1395 sunt
2806 1339 3178 1409 hujusmodi,
3219 1339 3638 1396 inconstantiae

1977 1435 2119 1485 sunt
2139 1429 2422 1502 suspecti.
2459 1429 2523 1484 lli
2546 1433 3202 1500 nempe,pr¢eterquam
3225 1429 3392 1500 quod
3417 1429 3533 1500 ipsi
3553 1429 3640 1484 ni-

1973 1519 2057 1576 hil
2088 1518 2356 1574 utilitatis
2379 1519 2645 1590 capiunt,
2679 1524 2972 1590 praeterea
3003 1524 3140 1572 sunt
3168 1519 3351 1573 etiam
3407 1518 3637 1572 caeteris

1973 1608 2318 1666 detrimenti
2347 1613 2645 1672 auctores,
2674 1608 2901 1680 sparsis
2925 1607 2987 1662 in
3009 1623 3163 1678 Opus
3184 1611 3460 1663 nostrum
3490 1622 3634 1679 pro-

1973 1698 2119 1768 bris,
2151 1697 2630 1770 mendaciisque,
2663 1702 2721 1753 et
2765 1696 3190 1769 blasphemiis.
3238 1699 3386 1752 Cum
3428 1702 3634 1752 autem

260 1792 394 1839 Θεοῦ
473 1791 728 1840 παντοίων
816 1785 1191 1860 ἐλαττωμάτων
1273 1787 1457 1860 ψυχῆς
1521 1793 1856 1865 περιγίνεται¹

1975 1804 2117 1844 cura
2139 1794 2321 1859 atque
2347 1787 2663 1856 diligentia
2686 1786 2835 1842 nihil
2865 1801 2989 1841 non
3015 1785 3372 1854 corrigatur,
3400 1783 3632 1840 vincat-

258 1871 383 1928 οὐδὲ
435 1877 632 1928 τούτων
682 1873 1042 1947 ἀπογνωστέον
1092 1875 1264 1944 εὐθὺς,
1319 1875 1448 1929 ἀλλὰ
1485 1878 1630 1948 ἄγειν
1678 1877 1864 1938 αὐτοὺς

260 1964 331 2027 εἰς
357 1966 426 2018 τὰ
477 1969 816 2039 προσήκοντα
849 1966 1122 2038 γυμνάσια
1160 1962 1261 2032 δεῖ,
1312 1969 1489 2040 χρόνῳ
1537 1970 1628 2020 καὶ
1675 1965 1863 2019 ἐπιπό-

255 2073 359 2116 νοις
403 2052 743 2128 ἀγωνίσμασι
798 2062 979 2128 πεῖραν
1031 2063 1128 2117 τῆς
1165 2059 1390 2129 κρίσεως
1437 2056 1605 2109 αὐτῶν
1653 2055 1861 2129 λαμϐά-

255 2161 432 2204 νοντας
457 2145 592 2214 (70),
632 2145 723 2213 ὡς,
757 2144 844 2196 ἐάν
885 2164 936 2197 τι
989 2143 1201 2216 βέϐαιον
1243 2145 1366 2220 παρ’
1398 2146 1574 2208 αὐτοῖς
1613 2145 1858 2219 εὕρωμεν,

259 2230 543 2294 ἀκινδύνως
580 2233 774 2295 αύτούς
822 2236 1164 2308 προσίεσθαι·
1216 2234 1261 2288 εἰ
1305 2232 1363 2288 δε
1415 2239 1510 2308 μὴ,
1543 2235 1638 2298 ἔξω
1691 2239 1854 2303 ὄντας,

259 2322 683 2396 ἀποπέμπεσθαι·
751 2324 887 2377 ὥστε
951 2321 1176 2396 ἀζήμιον
1234 2325 1354 2396 (71)
1409 2329 1504 2383 τὴν
1565 2331 1745 2400 πεῖραν
1791 2333 1852 2385 τῆ

257 2410 575 2486 ἀδελφότητι
620 2415 880 2484 γίνεσθαι·
937 2413 1246 2486 Δοκιμάζειν
1290 2410 1349 2465 δε
1400 2417 1510 2485 χρὴ
1543 2418 1634 2465 καὶ
1678 2420 1724 2466 εἰ
1757 2433 1854 2483 τις,

257 2502 307 2556 ἐν
362 2501 712 2578 ἁμαρτήμασι
783 2502 1118 2578 προληφθεῖς,
1188 2500 1614 2574 ἁνεπαισχύντως
1671 2501 1856 2574 ἐξαγο-

255 2595 392 2667 ρεύει
446 2594 514 2644 τὰ
551 2593 760 2667 κρυπτὰ
802 2600 897 2654 τῆς
947 2591 1232 2664 αἰσχύνης,
1264 2596 1354 2643 καὶ
1403 2596 1690 2665 κατήγορος
1743 2592 1858 2644 ἑαυ·

251 2690 346 2737 τοῦ
391 2687 607 2756 γίνεται·
677 2683 807 2754 ὁμοῦ
863 2701 918 2735 τε
971 2683 1344 2754 καταισχύνων
1403 2683 1514 2753 (72)
1568 2687 1657 2734 καὶ
1720 2680 1854 2734 ἀπο-

253 2775 563 2846 ποιούμενος
598 2775 722 2833 τοὺς
793 2778 891 2824 τῶν
952 2779 1190 2846 πονηρῶν
1248 2774 1406 2846 ἔργων
1438 2770 1623 2824 ἑαυτοῦ
1679 2790 1856 2846 συνερ-

251 2867 403 2934 γοὺς,
432 2865 568 2916 κατὰ
603 2865 690 2914 τὸν
751 2860 976 2914 εἰπόντα·
1037 2861 1328 2920 Ἀπόστητε
1367 2859 1456 2913 ἀπ’
1522 2861 1670 2934 ἐμοῦ,
1728 2864 1854 2914 πάν-

249 2971 330 3012 τες
406 2953 455 3004 οἱ
534 2949 868 3024 ἐργαζόμενοι
933 2955 1028 3010 τὴν
1094 2949 1331 3024 ἀνομίαν·
1399 2956 1489 3003 καὶ
1571 2948 1853 3023 ἀσφάλειαν

253 3041 419 3112 ἐαυτῷ
467 3041 533 3102 εἰς
585 3044 669 3095 τὸν
727 3041 842 3105 ἑξῆς
900 3039 1018 3114 βίον
1075 3047 1352 3114 κτώμενος,
1385 3043 1516 3114 πρὸς
1559 3043 1617 3093 τό
1662 3044 1849 3114 μηκέτι

246 3137 356 3192 τοῖς
396 3131 592 3203 ὁμοίοις
646 3133 840 3184 πάθεσι
886 3137 1200 3206 περιπεσεῖν·
1264 3133 1444 3192 Κοινός
1475 3125 1534 3182 δε
1573 3129 1658 3182 ἐπὶ
1713 3131 1847 3182 πάν-

245 3238 345 3272 των
405 3215 725 3294 δοκιμασίας
753 3223 963 3291 τρόπος,
1015 3219 1060 3272 εἰ
1111 3222 1237 3295 πρὸς
1281 3225 1456 3272 πᾶσαν
1512 3237 1847 3292 ταπεινοφρο-

247 3312 405 3368 σύνην
465 3308 903 3381 ἀνεπαισχύντως
951 3305 1243 3362 διάκεινται
1297 3310 1436 3380 (73),
1493 3310 1562 3370 ὡς
1607 3312 1698 3361 καὶ
1753 3310 1848 3371 τὰς

246 3398 607 3458 εὐτελεστάτας
661 3393 921 3469 δέχεσθαι
967 3401 1179 3469 τέχνας,
1233 3397 1317 3450 ἐὰν
1361 3401 1455 3455 τὴν
1509 3395 1708 3450 ἐκείνων
1762 3396 1846 3470 ἐρ-

244 3495 441 3562 γασίαν
490 3492 766 3564 χρήσιμον
813 3485 941 3541 εἶναι
987 3489 1013 3540 ό
1068 3488 1216 3560 λόγος
1264 3487 1495 3563 ἐγκρίνῃ·
1549 3493 1650 3542 Καὶ
1707 3486 1846 3540 ἐπει-

247 3576 344 3634 δὰν
400 3577 496 3633 διὰ
547 3581 727 3642 πάσης
777 3577 1052 3643 ἐξετάσεως
1109 3579 1328 3640 ἕκαστος
1383 3579 1528 3651 παρὰ
1579 3577 1688 3644 (74)
1745 3585 1848 3629 τῶν

244 3667 602 3742 ἐπιστημόνως
651 3667 856 3742 ἐρευνᾷν
893 3669 960 3720 τὰ
1031 3674 1252 3720 τοιαῦτα
1301 3663 1616 3739 δυναμένων,
1674 3668 1846 3740 ὥσπερ

243 3777 298 3812 τι
345 3757 524 3820 ϐκεῦος
573 3759 872 3833 εὐχρηστον
936 3764 1010 3828 τῷ
1077 3761 1334 3830 Δεσπότῃ,
1401 3759 1493 3809 καὶ
1558 3759 1686 3829 πρὸς
1747 3761 1849 3808 πᾶν

245 3849 398 3921 ἔργον
487 3847 679 3920 ἀγαθὸν
750 3847 954 3920 ἕτοιμον
1037 3843 1362 3919 ἀποδειχθῇ,
1425 3846 1848 3918 συναριθμείσθω

243 3946 355 4001 τοῖς
418 3935 801 3992 ἀνατεθεικόσιν
863 3936 1078 4000 ἑαυτοὺς
1131 3944 1205 4007 τῷ
1256 3940 1448 4012 Κυρίῳ.
1503 3934 1748 3988 Μάλιστα
1791 3931 1850 3987 δε

369 4027 472 4081 ἀπό
537 4046 673 4090 τινος
723 4030 1157 4103 περιφανεστέρου
1212 4024 1336 4099 βίον
1389 4027 1520 4101 πρὸς
1580 4029 1674 4083 τὴν
1731 4022 1848 4077 καθ’

242 4119 496 4192 ὁμοίωσιν
549 4125 643 4172 τοῦ
699 4124 894 4192 Κυριου
940 4118 1087 4190 ἡμῶν
1142 4115 1319 4174 Ἰησοῦ
1349 4122 1586 4190 Χριστοῦ
1617 4133 1849 4167 ταπεινο-

245 4210 507 4283 φροσύνην
567 4206 877 4280 ἐπειγομένῳ
932 4207 1066 4276 (75),
1121 4205 1314 4278 ὁρίζειν
1398 4209 1509 4278 χρὴ
1582 4223 1699 4256 τινα
1750 4211 1850 4256 τῶν

242 4294 614 4353 ἐπονειδίστων
664 4295 797 4350 εἶναι
841 4292 1132 4348 δοκούντων
1178 4296 1324 4371 παρὰ
1367 4301 1472 4356 τοῖς
1491 4293 1717 4368 Ιβ’ἓξωθεν,
1759 4297 1849 4348 καὶ

320 4452 370 4487 ⁸⁸
410 4448 573 4506 Psal.
610 4463 694 4513 vi,
732 4451 785 4504 9.

320 4585 436 4656 (67)
474 4583 638 4639 Idem
672 4599 786 4656 ms,
821 4579 1448 4656 ἔλλεῖπονὲπιπληρῶσα-ι,

326 4653 442 4727 (68⁷)
474 4658 623 4728 Reg.
655 4655 891 4728 primus
922 4658 981 4709 et
1011 4653 1186 4728 Voss.
1220 4653 1276 4710 et
1317 4653 1486 4708 Colb.
1514 4655 1852 4728 μετατιθεμέ-

247 4748 391 4790 νους.
423 4724 534 4783 ᾹΙὶἱ
561 4724 684 4782 duo
711 4743 859 4782 mss.
883 4724 1110 4797 etediti
1136 4729 1524 4797 μεταθεμένους.
1550 4726 1681 4781 Mox
1712 4724 1851 4794 Reg.

251 4801 485 4874 primus
518 4796 1075 4874 βίονᾉτῆς-θεοσεϐείας
1105 4796 1273 4872 όρμ...
1299 4796 1381 4874 qd
1417 4798 1598 4852 vitam
1631 4798 1854 4874 divina

243 4869 465 4943 pietati
484 4869 830 4927 excolendae
848 4869 1146 4943 iloneam;
1175 4869 1514 4943 LectioAnon
1532 4869 1716 4943 mala.
1740 4872 1852 4926 Nec

251 4936 334 5000 ita
368 4943 556 4998 multo
590 4947 728 5015 post
755 4941 947 5015 codex
987 4941 1152 4996 Colb.
1185 4949 1258 5012 τῷ
1286 4936 1475 5013 μηδέν.
1511 4939 1738 4996 Ibidem
1759 4957 1858 4998 co-

246 5016 366 5072 dex
402 5017 565 5069 Voss.
590 5011 801 5075 ἶαύτοῖς
828 5011 1114 5084 ὠφελῆσαι.

327 5091 442 5155 (69)
481 5085 681 5142 Codex
722 5079 889 5141 Colbl
917 5082 1130 5142 Ἐπειδὴ
1162 5079 1240 5138 δέ.
1274 5083 1483 5140 Statim
1533 5083 1696 5140 idem
1737 5101 1851 5140 ms.

249 5165 311 5214 et
340 5161 487 5227 Reg.
529 5158 762 5228 primus
793 5155 948 5228 φόϐος
984 5161 1221 5228 Κύριον,
1244 5157 1424 5211 timor
1452 5158 1712 5212 Domini.

326 5226 444 5301 (⁸7οῘ
465 5226 614 5301 Editi
645 5233 703 5301 et
722 5226 846 5282 duit)
871 5244 1020 5284 mss.
1049 5226 1654 5301 λαμϐάνονται-(ἶρᾱωὶ
1681 5229 1855 5301 Yoss.

249 5306 312 5357 et
338 5299 506 5357 Colb.
540 5299 906 5373 λαμϐάνοντες.
942 5302 1059 5354 Nec
1088 5300 1168 5373 ita
1216 5301 1408 5354 multo
1430 5299 1584 5355 infra
1613 5299 1765 5373 editi
1803 5305 1860 5356 et

253 5373 380 5447 duo
433 5371 761 5447 mssrirs‘o‘i
821 5371 1008 5447 αὐτούς
1057 5371 1300 5447 εὕρωμεν.
1353 5371 1766 5447 Reg._primus
1804 5377 1863 5447 et

254 5446 421 5532 Voss.
455 5445 578 5518 παρ’
602 5441 803 5506 αὐτοῖς,
836 5441 1077 5498 rectius.
1113 5441 1332 5498 Codex
1388 5441 1557 5499 Colb.
1610 5444 1735 5518 παρ’
1766 5444 1860 5496 αύ-

255 5535 402 5578 τους.

332 5588 446 5660 (7t)
486 5591 629 5658 Reg.
652 5587 889 5660 primus
931 5584 1175 5660 etColb.
1199 5586 1333 5638 ὥστε
1360 5584 1684 5660 ἀζημίωτον.

330 5659 446 5732 (72)
505 5659 669 5730 Reg.’
694 5659 928 5733 primus
974 5659 1106 5731 ὁμοῦ
1133 5675 1188 5710 τε
1228 5662 1319 5716 καὶ
1356 5660 1647 5732 αἰσχύνων.
1691 5661 1862 5720 Haud

1971 1894 2090 1952 que
2107 1878 2437 1947 omnigena
2463 1877 2683 1933 animae
2716 1876 2859 1932 vitia
2889 1875 2989 1932 Dei
3012 1874 3321 1945 timor,isti
3347 1890 3470 1930 non
3493 1879 3634 1930 sunt

1971 1967 2174 2024 statim
2196 1966 2588 2038 desperandi,
2619 1966 2727 2022 sed
2747 1964 3012 2021 ducendi
3036 1964 3115 2020 ad
3133 1964 3389 2020 idoneas
3407 1964 3630 2020 exerci-

1970 2058 2246 2126 tationes,
2283 2057 2368 2113 sic
2398 2062 2462 2112 ut
2494 2057 2670 2130 353
2698 2056 2986 2129 temporis
3007 2070 3337 2127 progressu
3367 2071 3437 2110 ac
3462 2054 3632 2111 labo-

1967 2148 2146 2204 riosis
2167 2149 2466 2205 exercitiis
2488 2145 2824 2219 periculum
2845 2145 3132 2202 facientes
3154 2161 3364 2200 eorum
3395 2148 3631 2199 senten-

1968 2237 2062 2293 tiae
2093 2242 2274 2310 atque
2307 2236 2624 2310 propositi,
2654 2237 2701 2290 si
2729 2234 2912 2290 modo
2942 2233 3102 2288 ﬁrmi
3133 2233 3364 2306 aliquid
3390 2233 3449 2288 in
3478 2233 3626 2304 ipsis

1964 2326 2394 2393 invenerimus,
2424 2326 2558 2382 illos
2599 2329 2724 2380 tuto
2771 2323 3208 2380 admittamus:
3259 2323 3352 2377 sin
3394 2323 3624 2390 minus,

1965 2415 2112 2472 dum
2135 2417 2333 2472 adhuc
2355 2421 2523 2472 extra
2543 2418 2702 2482 sunt,
2725 2413 3122 2481 dimittamus,
3151 2427 3226 2468 ne
3247 2411 3623 2484 experimen-

1964 2509 2093 2562 tum
2116 2505 2398 2562 fratribus
2429 2504 2640 2561 aﬁ‘erat
2669 2503 2878 2559 damni
2901 2501 3130 2574 aliquid
3151 2506 3207 2556 et
3227 2500 3408 2556 exitii.
3431 2501 3624 2572 Atque

1963 2596 2143 2651 etiam
2166 2596 2480 2669 explorare
2503 2610 2700 2666 operae
2724 2593 2981 2665 pretium
3004 2598 3111 2658 est,
3136 2607 3283 2646 num
3300 2590 3436 2663 quis
3456 2589 3626 2663 prius

1964 2686 2226 2757 peccatis
2255 2684 2610 2758 implicitus,
2639 2683 2873 2754 abjecta
2904 2681 3071 2738 omni
3098 2679 3464 2736 verecundia
3488 2695 3624 2752 pro-

1962 2775 2068 2832 dat
2113 2775 2418 2834 occultam
2464 2773 2920 2846 turpitudinem,
2956 2787 3139 2844 seque
3182 2770 3311 2843 ipse
3360 2774 3621 2834 accuset,

1963 2864 2264 2937 simulque
2288 2863 2589 2920 malorum
2617 2877 2865 2917 suorum
2890 2875 3146 2931 operum
3173 2857 3371 2913 socios
3392 2855 3625 2928 pudore

1962 2954 2204 3020 afficiat,
2228 2953 2486 3026 illosque
2513 2968 2548 3007 a
2572 2967 2634 3005 se
2663 2949 2920 3019 ableget,
2948 2949 3116 3020 juxta
3137 2963 3277 3003 eum
3307 2947 3412 3019 qui
3435 2945 3621 3002 dixit:

1960 3043 2260 3100 Discedite
2279 3057 2316 3098 a
2332 3055 2650 3111 me,omnes
2673 3040 2777 3111 qui
2791 3038 3131 3108 operamini
3146 3037 3522 3106 iniquitatem
3539 3037 3585 3069 “
3608 3053 3623 3105 ;

1960 3149 2110 3191 num
2145 3132 2326 3188 etiam
2368 3129 2606 3186 muniat
2653 3144 2716 3183 se
2750 3127 2826 3183 ad
2877 3130 3183 3199 posteram
3216 3125 3426 3192 vitam,
3461 3129 3525 3180 ut
3547 3139 3624 3180 ne

1959 3221 2226 3295 amplius
2256 3221 2319 3277 in
2359 3218 2578 3276 similia
2606 3218 2750 3273 vitia
2787 3215 3110 3272 dilabatur.
3139 3216 3430 3271 Caeterum
3458 3229 3624 3268 com-

1957 3312 2160 3369 munis
2186 3312 2480 3382 cujusque
2512 3306 2814 3381 probandi
2837 3305 3059 3361 modus
3099 3309 3208 3374 est,
3245 3307 3446 3358 utrum
3474 3302 3626 3359 scili-

1958 3407 2049 3458 cet
2074 3402 2219 3457 citra
2246 3400 2543 3473 pudorem
2567 3402 2815 3472 paratus
2849 3395 2922 3451 sit
2943 3393 3019 3452 ad
3044 3409 3291 3450 omnem
3313 3392 3625 3455 humilita.

1956 3494 2101 3557 tem,
2133 3491 2217 3545 sic
2243 3494 2303 3544 ut
2325 3494 2485 3544 artes
2506 3487 2800 3560 suscipiat
2821 3485 2914 3540 vel
2946 3483 3289 3549 vilissimas,
3318 3482 3365 3537 si
3386 3482 3624 3538 illarum

1957 3595 2112 3653 opus
2136 3578 2275 3635 utile
2295 3595 2428 3634 esse
2446 3577 2598 3634 ratio
2619 3574 3049 3648 comprobarit.
3073 3576 3396 3644 Postquam
3418 3577 3624 3628 autem

1958 3667 2384 3741 unusquisque
2405 3666 2582 3740 quasi
2614 3681 2720 3721 vas
2741 3663 3058 3737 quoddam
3084 3661 3338 3716 Domino
3358 3677 3627 3716 commo-

1958 3759 2128 3825 dum,
2155 3762 2213 3814 et
2251 3760 2328 3814 ad
2359 3755 2614 3830 quodvis
2657 3755 2891 3810 bonum
2937 3767 3092 3824 opus
3143 3755 3425 3823 paratum
3454 3748 3624 3804 omni

1959 3845 2581 3905 tentationeadhibita
2600 3843 2941 3900 declaratus
2964 3840 3141 3897 fuerit
3161 3843 3239 3896 ab
3260 3838 3331 3895 iis
3351 3838 3456 3910 qui
3481 3838 3624 3894 talia

1962 3939 2107 3995 scite
2138 3937 2391 3994 scrutari
2423 3940 2698 4008 possunt,
2727 3933 2812 3990 ita
2834 3932 3086 3988 demum
3116 3931 3269 3986 inter
3294 3945 3397 3985 eos
3419 3927 3524 4000 qui
3554 3943 3619 3984 se

1962 4028 2217 4086 Domino
2239 4026 2618 4094 dedicarunt,
2653 4026 3107 4080 annumeretur.
3139 4019 3390 4078 Maxime
3415 4024 3620 4074 autem

1959 4120 2036 4184 ei,
2061 4119 2167 4191 qui
2188 4117 2265 4174 ab
2288 4115 2608 4172 illustriore
2629 4112 2901 4187 quodam
2925 4112 3058 4168 vitae
3075 4125 3295 4181 genere
3314 4110 3488 4180 juxta
3513 4110 3622 4164 Do-

1959 4210 2110 4269 mini
2130 4207 2323 4266 nostri
2344 4209 2482 4263 Jesu
2505 4205 2719 4263 Christi
2743 4202 3089 4276 exemplum
3117 4201 3195 4257 ad
3219 4199 3622 4257 humilitatem

1961 4300 2222 4370 festinat,
2255 4297 2461 4371 aliqua
2478 4311 2616 4370 quas
2637 4293 2941 4369 probrosa
2968 4291 3309 4350 admodum
3340 4288 3505 4361 apud
3526 4305 3624 4345 ex-

1963 4583 2147 4651 longe
2199 4586 2316 4638 tres
2367 4597 2517 4654 mss.
2575 4582 2734 4654 ἔργων
2763 4578 2804 4654 ξ,
2851 4575 2992 4654 Editj
3023 4577 3082 4654 et
3109 4586 3266 4627 unus
3296 4586 3409 4654 ms.
3435 4567 3615 4654 αὐτοῦ.

2208 4657 2348 4723 Reg.
2395 4640 2928 4728 primti's'et_Voss:
2959 4644 3241 4728 διάκειται.
3297 4640 3620 4728 Aliquanto

1964 4717 2103 4801 post
2128 4717 2251 4782 duo
2283 4717 2431 4780 mss.
2457 4723 2870 4801 praeui/bss.
2904 4718 3155 4801 ἐργασίαν
3183 4717 3485 4801 χρησίμην.

2036 4780 2332 4869 ἧος.
2391 4780 2626 4869 primus
2680 4780 3255 4869 ἐξετάσειιέξέξετασθῇ
3312 4780 3620 4869 τςᾱεράλεότ

1963 4855 2082 4928 de}:
2109 4855 2253 4928 Colb
2277 4855 2365 4924 vet
2391 4855 2586 4925 ‘Coisl.
2611 4855 3148 4938 primusc’irréam;
3197 4855 3416 4926 emata.
3459 4855 3622 4938 tlegii

1966 4925 2271 5000 secundus
2305 4945 2362 4996 et
2387 4940 2595 4995 tertius
2615 4925 2682 4993 ‘et
2713 4935 2889 5012 Coisl_.
2931 4935 3280 5012 alternasque
3307 4925 3377 4981 ac
3407 4925 3620 5012 edit-io—

1965 5032 2072 5072 nes
2090 5020 2318 5070 veteres
2339 5018 2403 5068 ut
2431 5012 2492 5067 in
2517 5013 2822 5065 contextu.
2845 5003 3241 5072 Combetisius
3267 5010 3624 5072 asseveran:

1966 5065 2070 5145 t1?
2105 5065 2693 5157 ’ᾱίῐί“ι”ρῐὸ’⁷ἕκαρῖος
2745 5078 2861 5157 legi
2883 5080 3169 5157 9PM“?
3197 5065 3622 5157 ἐξετασιθζῧζεῗέθξί

1971 5139 2059 5215 vir
2087 5139 2326 5214 (idem;
2355 5171 2480 5212 non
2523 5139 2760 5208 videtur
2806 5139 2997 5224 lotam
3028 5145 3350 5224 periodum
3378 5139 3621 5224 legisse.

1970 5208 2574 5297 Etenimvsﬁiwlegisset,
2606 5224 2779 5280 facile
2810 5208 3337 5297 animadvertisset
3393 5208 3625 5297 ,zerio‘d‘i

1970 5279 3078 5374 liuius—liachtessqconstructionem,z
3139 5291 3239 5340 Καὶ
3287 5279 3507 5369 ἐπειδὰν
3530 5279 3624 5331 διὰ

1972 5367 2151 5434 πάσης
2190 5372 2465 5436 ἐξετάσεως
2495 5370 2714 5430 ἕκαστος
2741 5367 2885 5438 παρᾲ
2915 5370 3012 5438 τᾱζν
3043 5367 3064 5412 ἐ
3101 5367 3448 5438 Δπιστημόνως
3489 5371 3626 5438 sprv-

1971 5452 2063 5516 νᾷν
2115 5447 2181 5497 τὰ
2225 5427 2456 5497 ’τοιαῦτα
2503 5427 2826 5512 δυναμένων¹
2851 5427 3376 5516 όιποδιιχθῇηῶσπερ
3407 5443 3477 5488 τι,
3510 5427 3620 5476 cio“

1979 5501 2094 5575 Sed
2136 5517 2184 5571 si
2204 5516 2371 5586 legas
2403 5498 2676 5584 ἕξετασθῇ,
2708 5509 2822 5566 1οοὶ
2851 5498 3234 5576 ὶιυῇιιεῖιύιιει
3281 5498 3446 5554 bOna
3487 5508 3628 5548 con-

1977 5589 2224 5647 structio
2249 5587 2380 5643 ﬁeri
2406 5590 2625 5660 potest.
2694 5655 2777 5660 7__
2971 5651 2979 5660 _
3070 5644 3083 5660 ,
3145 5647 3154 5660 ,
3286 5640 3297 5654 ,

2051 5661 2172 5732 (75)
2209 5662 2352 5731 Reg.
2381 5651 2618 5739 primus
2647 5659 2706 5714 et
2732 5655 2904 5719 Voss,
2930 5651 3016 5705 τὸν
3062 5651 3232 5701 ἀπὸ...
3279 5651 3622 5711 ἐπειγόμενον,
