4110 6432
339 344 444 400 049

1499 336 1796 395 REGULE
1834 332 2079 394 FllSlUS
2114 339 2513 396 ΤΗΑΟΤΛΤᾹΞ.

3600 344 3707 400 9’50

339 472 510 542 μερος,
569 472 659 519 καὶ
709 463 1055 540 διαμάχοιτο,
1103 464 1310 518 ἔλαττον
1354 464 1626 539 φροντίζον
1673 471 1770 524 τῆς
1815 465 1934 537 πρὸς

2058 478 2221 536 pars,
2255 468 2690 537 repugnetque,
2723 467 2890 538 quod
2922 469 3123 524 minus
3152 469 3401 527 sollicita
3431 470 3525 538 sit,
3557 484 3707 542 quo-

343 560 471 610 Θιόν
545 561 949 633 εὐαρεστησεως,
1026 555 1423 629 μνημονευέσθω
1508 555 1534 605 ό
1629 551 1941 614 Ἀπόστολος

340 646 501 719 λέγων
525 668 539 683 ·
574 647 657 701 Ἐν
681 645 743 701 δὲ
771 647 945 721 εἰρήνῃ
978 645 1220 703 κίκληκεν
1249 646 1390 717 ἡμᾶς
1419 644 1446 696 ό
1476 646 1606 705 Θεός
1633 664 1646 677 ·
1687 646 1778 694 καὶ
1802 641 1943 701 πλη-

341 738 552 812 ρούσθω
578 740 638 790 τὸ
666 740 985 811 πρόσταγμα
1006 742 1100 788 τοῦ
1131 738 1325 807 Κυρίου
1353 732 1584 794 εἰπόντος
1609 752 1623 766 ο
1659 735 1721 785 Εἴ
1746 750 1829 793 τις
1852 733 1942 806 ἔρ-

341 845 502 899 χεται
522 830 654 902 πρὸς
686 828 768 898 μὶ,
799 830 890 878 καὶ
919 826 978 878 οὐ
1006 831 1151 899 μισεί
1175 826 1264 875 τὸν
1288 826 1492 899 πατέρα
1518 822 1700 889 αὐτοῦ,
1732 826 1823 874 καὶ
1847 826 1943 879 τὴν

342 920 544 991 μητέρα
574 916 711 988 (84),
744 920 833 967 καὶ
874 919 967 973 τήν
996 920 1240 987 γυναῖκα,
1287 918 1378 965 καὶ
1432 914 1501 966 τὰ
1536 916 1707 984 τέκνα,
1739 917 1831 964 καὶ⁵
1877 913 1943 964 τὰ

341 1006 520 1072 λοιπὰ,
554 1006 616 1057 οὐ
647 1002 865 1057 δύναταί
899 1022 999 1077 μου
1042 1006 1171 1061 εἶναι
1201 1005 1458 1077 μαθητής.
1512 1009 1620 1065 Τῆς
1664 1004 1764 1075 γὰρ
1812 1004 1943 1074 πρὸς

344 1098 476 1150 Θεὸν
503 1096 739 1155 ὑπακοῆς
765 1089 917 1147 οὐδἐν
941 1097 1335 1169 προτιμότερον.
1365 1092 1546 1165 Ἡμεῖς
1569 1088 1630 1145 δε
1649 1094 1872 1164 ἔγνωμεν
1894 1089 1941 1145 ἐν

342 1184 546 1244 πολλοῖς
571 1181 820 1245 πολλάκις
846 1188 937 1237 καὶ
964 1180 1059 1239 διὰ
1081 1186 1331 1236 συντόνου
1353 1190 1628 1257 προσευχῇ
1644 1200 1665 1243 ς
1710 1184 1800 1233 καὶ
1844 1199 1941 1238 νη-

342 1276 513 1333 στείας
542 1268 820 1325 ἄνενδότου
848 1276 935 1325 τὸν
968 1275 1164 1325 σκοπόν
1193 1281 1285 1332 τῆς
1304 1270 1373 1342 ζέν
1395 1271 1572 1344 ἁγνείᾳ
1611 1272 1754 1333 ζωῆς
1789 1289 1942 1346 περι-

336 1365 625 1433 γενόμενον,
667 1370 760 1414 τοῦ
799 1366 995 1437 Κυρίου
1024 1365 1145 1424 τοὺς
1174 1366 1340 1437 μέχρι
1370 1364 1558 1422 παντὸς
1608 1358 1942 1419 ἀπειθοῦντας

332 1455 423 1502 καὶ
462 1447 497 1504 ὃ
504 1450 534 1501 ι’
568 1449 804 1523 ἀνάγκης
828 1452 940 1523 (85)
972 1451 1217 1513 πολλάκις
1249 1460 1551 1523 σωματικῆς
1578 1458 1643 1524 τῇ
1679 1468 1942 1523 συγκατα-

335 1540 474 1596 θέσει
501 1548 601 1604 τῆς
630 1540 794 1618 ὀρθῆς
818 1544 1033 1617 κρίσεως
1071 1542 1378 1612 ὑπάγοντος.

906 1679 1224 1728 ΕΡΩΤΗΣῙΣ
1270 1672 1365 1728 Il".

327 1768 450 1817 Ὅτι
477 1767 754 1838 χρήσιμον
799 1770 909 1827 τοῖς
952 1764 1307 1837 εἰσαγομένοις
1345 1782 1435 1816 και
1486 1766 1545 1817 τό
1570 1760 1707 1837 ,διᾰδ
1735 1770 1937 1827 σιωπῆς

975 1855 1287 1928 γυμνάσιον.

942 1975 1297 2025 ΔΠΟΚΡΙΣΙΣ
1312 2010 1324 2025 .

407 2059 629 2135 ’Δγαθὸν
676 2055 736 2113 δε
778 2065 885 2120 τοῖς
944 2059 1303 2134 εἰσαγομένοις
1352 2063 1444 2114 καὶ
1485 2062 1543 2113 τό
1584 2056 1679 2114 διὰ
1736 2069 1935 2123 σιωπῆς

326 2152 641 2227 γυμνάσιον.
683 2148 845 2223 Ὁμοῦ
911 2168 966 2205 τε
1015 2153 1117 2225 γὰρ
1166 2146 1435 2214 ἀπόδειξιν
1483 2159 1578 2212 τῆς
1634 2148 1933 2225 ἐγκρατείας

330 2243 512 2300 ἱκανὴν
590 2238 921 2314 παρέξονται,
999 2238 1245 2312 γλώσσης
1330 2247 1659 2315 κρατοῦντες,
1727 2244 1816 2294 καὶ
1883 2239 1933 2293 ἐν

327 2330 540 2404 ἡσυχίᾳ
570 2333 829 2392 συντόνως
872 2332 964 2382 καὶ
1011 2328 1403 2405 ἀμετεωρίστως
1446 2331 1785 2405 μαθήσονται
1817 2332 1928 2403 (86)

323 2421 471 2497 παρὰ
521 2427 621 2472 τῶν
682 2417 1043 2492 ἐπιστημόνως
1097 2423 1434 2495 κεχρημένων
1483 2427 1556 2492 τῷ
1612 2416 1770 2492 λόγῳ,
1821 2427 1929 2482 πῶς

326 2506 409 2564 δεῖ
472 2512 565 2563 καὶ
617 2507 832 2586 ἐρωτᾷν,
912 2511 1003 2561 καὶ
1082 2508 1153 2560 ἑνὶ
1229 2508 1431 2582 ἑκάστῳ
1526 2506 1924 2584 ἀποκρίνεσθαι.

323 2597 479 2655 ’Ἐστι
534 2600 635 2675 γὰρ
692 2603 782 2652 καὶ
833 2601 975 2659 τόνος
1019 2606 1210 2673 φωνῆς,
1260 2605 1351 2652 καὶ
1398 2604 1697 2675 συμμετρία
1747 2598 1922 2672 λόγου,

322 2694 414 2743 καὶ
484 2696 672 2765 καιροῦ
752 2683 1139 2757 ἐπιτηδειότης,
1210 2693 1300 2741 καὶ
1372 2690 1622 2764 ῥημάτων
1698 2684 1923 2758 ἰδιότης,

325 2778 493 2833 οἰκεία
541 2784 632 2833 καὶ
686 2774 1016 2854 διαφέρουσα
1064 2785 1174 2841 τοῖς
1224 2778 1511 2846 εὐσεϐίσιν,
1557 2779 1620 2839 ἣν
1668 2777 1774 2851 οὐχ
1822 2781 1927 2832 οἷόν

325 2889 382 2925 τε
430 2867 785 2943 διδαχθῆναι,
828 2873 898 2943 μή
936 2870 1003 2922 τὰ
1046 2866 1101 2921 ἐκ
1156 2877 1250 2930 τῆς
1294 2870 1571 2932 συνηθείας
1624 2866 1927 2943 ἁπομαθόν-

328 2978 432 3013 τα’
484 2969 573 3021 τῆς
621 2968 826 3021 σιωπῆς
876 2960 1006 3033 ὁμοῦ
1046 2978 1101 3011 τε
1147 2957 1310 3017 λήθην
1358 2968 1459 3012 τῶν
1493 2964 1772 3037 προτέρων
1836 2957 1929 3014 διὰ

331 3056 427 3111 τῆς
473 3042 659 3124 ἀργίας
710 3045 1050 3124 ἐμποιούσης,
1088 3054 1211 3125 ,καὶ
1270 3047 1473 3123 σχολὴν
1529 3054 1657 3125 πρὸς
1698 3056 1793 3111 τὴν
1829 3060 1928 3103 τῶν

330 3136 534 3212 ἀγαθῶν
598 3141 835 3214 μάθησιν
878 3142 1264 3216 παρεχομένης.
1328 3134 1510 3209 Ὥστε,
1553 3139 1636 3193 ἐὰν
1692 3146 1766 3216 μή
1848 3160 1930 3204 τις

325 3230 353 3290 ἦ
409 3228 576 3284 οἰκεία
614 3234 775 3305 χρεία
819 3234 952 3305 πρός
998 3250 1053 3283 τε
1101 3234 1195 3290 τὴν
1260 3229 1551 3304 ἐπιμέλειαν
1590 3239 1687 3293 τῆς
1740 3231 1928 3284 ἑαυτοῦ

321 3317 524 3393 ψυχῆς,
598 3324 689 3371 καὶ
766 3323 893 3393 πρός
956 3324 1052 3379 τὴν
1116 3318 1472 3396 ἀπαραίτητον
1520 3329 1613 3374 τοῦ
1648 3320 1699 3375 ἐν
1738 3327 1930 3399 χερσὶν

320 3411 475 3484 ἔργον
530 3405 782 3479 ἀνάγκην,
842 3409 872 3468 ἦ
948 3407 1257 3483 ἐπερώτημά
1322 3429 1375 3462 τι
1452 3419 1685 3464 τοιοῦτον
1756 3430 1927 3486 προσ-

321 3504 575 3573 αγόμενον
614 3501 920 3573 κατεπείγῃ,
955 3495 1004 3551 ἓν
1036 3507 1207 3573 σιωπῇ
1258 3495 1483 3573 διάγειν,
1533 3498 1679 3563 ἐκτός
1737 3496 1927 3562 δηλον-

323 3594 407 3644 ότι
435 3582 754 3663 ψαλμῳὸίας
779 3588 891 3661 (87)

893 3711 1213 3763 ΕΡΩΤΗΣΙΣ
1261 3705 1356 3762 ΙΔ’.

324 3800 456 3871 Περὶ
485 3804 587 3855 τῶν
612 3798 831 3861 ἑαυτοὺς
853 3805 928 3869 τῷ
954 3805 1069 3868 Θεῷ
1087 3795 1415 3870 καθομολογη
1425 3801 1680 3870 σαμίνων,
1703 3796 1815 3852 εἶτα
1834 3801 1928 3859 τήν

642 3887 925 3962 ὁμολογίαν
953 3885 1151 3942 ἀθετεῖν
1179 3886 1608 3961 ἐπιχειρούντων.

933 4001 1290 4050 ΔΠΟΚΡῙΣΙΣ
1309 4037 1321 4050 .

400 4082 814 4162 Παραδεχοίντα
873 4088 1049 4159 μέντοι
1097 4085 1165 4147 εἰς
1214 4089 1313 4144 τὴν
1363 4082 1692 4159 ἀδελφότητα
1732 4088 1929 4140 τούτων

322 4176 564 4246 ἕκαστον,
607 4178 722 4229 εἶτα
765 4179 862 4234 τὴν
914 4174 1189 4247 ὁμολογίαν
1243 4174 1592 4244 ἀθετήσαντα,
1646 4176 1783 4229 οὕτω
1816 4182 1926 4250 χρὴ

325 4266 574 4341 ὁρᾶσθαι,
634 4269 706 4327 ὡς
746 4265 822 4328 εἰς
860 4268 991 4318 Θεὸν
1042 4263 1415 4339 ἆξαμαρτόντα,
1478 4264 1555 4339 ἐφ’
1611 4262 1671 4321 οὗ
1727 4270 1818 4319 καὶ
1860 4267 1932 4328 εἰς

324 4358 383 4413 ὃν
433 4362 528 4417 τῆν
581 4357 863 4431 ὁμολογίαν
909 4363 1010 4408 τῶν
1066 4357 1339 4413 συνθηκῶν
1395 4358 1658 4411 κατέθετο.
1708 4356 1823 4411 Ἐὰν
1871 4354 1931 4411 δε

328 4449 398 4509 εἰς
455 4452 584 4501 Θεόν
636 4465 740 4514 τις,
800 4450 980 4519 φησὶν,
1045 4444 1276 4520 ἁμάρτῃ,
1339 4451 1429 4498 καὶ
1498 4451 1575 4508 τίς
1643 4449 1932 4523 προσεύξε-

328 4557 418 4594 ται
472 4536 584 4607 (88)
628 4541 746 4613 περὶ
801 4534 1001 4603 αὐτοῦς
1075 4534 1135 4589 Ὀ
1201 4536 1303 4609 γὰρ
1360 4532 1565 4598 ἀναθεὶς
1627 4537 1807 4592 ἑαυτὸν
1856 4547 1932 4610 τῷ

330 4636 466 4703 Θεῷ,
528 4624 640 4685 εἶτα
694 4630 825 4702 πρὸς
884 4625 1035 4680 ἄλλον
1074 4623 1194 4699 βίον
1249 4622 1624 4699 ἁπόπηὸἠσας,
1673 4628 1934 4703 ἱερόσυλος

327 4724 555 4793 γέγονεν,
615 4716 770 4779 αὐτὸς
840 4719 1023 4771 ἑαυτὸν
1097 4712 1407 4787 διακλίψας,
1475 4718 1566 4769 καὶ
1631 4715 1936 4793 ἀφελόμενος

402 4880 453 4917 ⁵⁸
483 4880 504 4936 1
533 4880 663 4939 Cor.
683 4893 784 4945 vn,
823 4882 911 4939 15.

405 5026 521 5094 (84)
552 5025 717 5098 Unus
745 5026 1092 5098 ms._tmripa
1115 5022 1300 5098 αὐτοῦ.

405 5045 521 5094 (δι’)
555 5045 717 5081 unus
745 5045 861 5080 m8.
930 5045 946 5076 ‘t

405 5097 520 5167 (85)
553 5095 755 5153 Codex
781 5045 946 5152 Colg.

342 5672 434 5729 rio
454 5671 658 5742 egredi
685 5670 907 5731 debere
930 5669 1202 5732 dixisset.

991 5092 1067 5167 6‘1”
1121 5094 1372 5167 ἀνάγκην.
1419 5094 1671 5152 Basilius
1707 5096 1937 5156 ultimis

333 5166 461 5244 suae
478 5167 892 5244 responsionis
906 5166 1107 5244 verbis
1126 5166 1659 5244 rationemreddit,
1684 5185 1790 5225 cur
1808 5185 1938 5244 per-

334 5240 564 5297 miserit
592 5240 718 5295 viro
740 5239 1178 5295 monasterium
1199 5239 1452 5310 ingredi,
1469 5239 1653 5296 invita
1668 5239 1942 5303 uxor'e,et

333 5314 467 5387 vice
492 5327 686 5387 versa.
703 5314 745 5367 Ν
753 5310 1385 5387 am,inquit,non_raro
1402 5312 1685 5387 vidimus,
1701 5317 1940 5387 partem

334 5384 785 5455 dissentientem
797 5397 923 5455 ,per
935 5397 1141 5455 preces
1152 5387 1210 5455 et
1223 5383 1243 5454 j
1254 5383 1305 5453 ej
1314 5383 1455 5455 unia
1471 5383 1799 5455 adductam
1813 5389 1940 5441 tan-

337 5457 479 5512 dem
504 5455 689 5511 fuisse
712 5453 787 5511 ad
820 5453 1303 5533 assentiendum.
1326 5453 1467 5533 _Sed_
1485 5455 1537 5533 si
1566 5454 1752 5533 altera
1796 5472 1940 5533 pars

338 5524 1101 5600 nunquamconsensisset.
1135 5525 1346 5600 procul
1366 5526 1553 5600 dubio
1578 5524 1827 5585 Basilius
1856 5530 1942 5585 vi-

339 5615 477 5656 rum
492 5597 605 5656 aut
623 5598 937 5671 mulierem
949 5601 1106 5671 ante
1127 5597 1565 5671 professionem
1591 5614 1627 5657 e'
1642 5603 1943 5660 monaste-

2049 554 2236 609 modo
2266 554 2503 626 placeat
2532 557 2671 624 Deo,
2694 558 2754 610 in
2786 563 3050 613 mentem
3076 559 3574 631 reniatApostoli,
3600 558 3706 632 qui

2052 643 2231 700 dicit:
2257 645 2330 699 In
2358 659 2510 714 pace
2547 650 2747 701 autem
2792 649 3026 702 vocavit
3076 663 3184 703 nos
3217 649 3372 704 Deus
3393 649 3443 685 '°
3476 667 3492 717 ;
3524 654 3704 721 atque

2049 733 2372 807 impleatur
2400 739 2773 807 praeceptum
2820 737 3079 805 Domini,
3128 736 3233 809 qui
3258 736 3441 794 dixit:
3475 738 3539 795 Si
3571 739 3705 809 quis

2053 825 2213 879 venit
2243 824 2324 880 ad
2362 839 2474 892 me,
2497 829 2551 881 et
2572 840 2694 880 non
2712 825 2837 880 odit
2866 831 3101 896 patrem
3121 841 3317 897 suum,
3351 832 3405 883 et
3429 832 3702 891 matrem,

2070 921 2123 969 et
2152 928 2400 971 uxorem
2421 920 2475 971 et
2498 916 2677 985 ﬁlios,
2701 922 2834 985 etc.,
2857 932 2979 972 non
2996 923 3192 986 potest
3211 931 3374 973 meus
3395 931 3516 974 esse
3534 916 3707 973 disci-

2048 1006 2234 1074 pulus
2264 1006 2333 1061 ⁵¹.
2391 1005 2545 1061 Nihil
2584 1005 2743 1061 enim
2791 1005 3158 1063 obedientiie
3198 1006 3317 1063 Deo
3358 1006 3575 1063 debitas
3620 1009 3709 1062 est

2051 1083 2575 1168 anteponendum.
2607 1097 2899 1152 Cmterum
2930 1112 3043 1152 nos
3073 1100 3256 1153 castae
3284 1096 3423 1152 vita:
3454 1095 3709 1167 agendas

2051 1185 2374 1241 consilium
2415 1201 2539 1241 non
2577 1200 2717 1242 raro
2768 1191 2897 1242 tum
2936 1187 3387 1259 vehementium
3429 1202 3706 1259 precum,

2048 1276 2181 1328 tum
2228 1273 2457 1328 assidui
2507 1273 2723 1345 jejunii
2776 1291 2890 1348 ope
2937 1275 3001 1329 in
3033 1258 3262 1331 Imultis
3316 1258 3710 1348 praivaluisse

2048 1364 2355 1433 novimus,
2381 1365 2638 1420 Domino
2659 1380 2762 1423 eos
2782 1366 2886 1438 qui
2917 1380 3168 1437 prorsus
3198 1365 3491 1422 obstinati
3515 1369 3710 1435 erant,

2050 1469 2213 1526 stepe
2235 1454 2418 1513 etiam
2448 1470 2557 1527 per
2593 1455 2974 1528 corporalem
3020 1454 3447 1513 necessitatem
3475 1454 3555 1513 ad
3585 1470 3709 1513 rec-

2048 1548 2177 1604 tum
2203 1544 2502 1617 judicium
2534 1545 3066 1620 comprobandum
3094 1545 3439 1603 inducente.

2528 1654 3048 1740 INTERROGAT/IO
3087 1683 3226 1740 xm.

2263 1770 2434 1840 Quod
2465 1774 2645 1830 etiam
2685 1772 2858 1828 utilis
2889 1777 2974 1830 est
2994 1772 3239 1830 novitiis
3269 1770 3502 1830 silentii

2690 1863 3069 1920 exercitatio.

2669 1972 3088 2033 RESPONSIO.

2116 2060 2294 2135 Atqui
2337 2061 2578 2118 novitiis
2617 2061 2776 2119 utilis
2816 2066 2905 2120 est
2949 2060 3133 2120 etiam
3183 2058 3402 2119 silentii
3431 2059 3714 2119 exercita-

2046 2147 2147 2205 tio.
2191 2146 2422 2203 Etenim
2465 2146 2512 2203 si
2551 2146 2827 2217 linguam
2872 2147 3143 2213 doment,
3191 2145 3373 2203 simul
3409 2149 3467 2203 et
3509 2144 3713 2204 daturi

2053 2244 2193 2294 sunt
2216 2254 2512 2309 maguum
2553 2237 2936 2294 continentiae
2967 2240 3423 2307 argumentum,
3457 2240 3515 2294 et
3538 2235 3600 2292 in
3632 2236 3711 2293 si-

2042 2326 2226 2384 lentio
2259 2326 2698 2384 studiosissime
2729 2330 2911 2400 atque
2941 2326 3338 2384 attentissime
3366 2325 3601 2383 discent
3631 2324 3710 2385 ab

2039 2414 2111 2473 iis
2140 2417 2243 2491 qui
2268 2417 2522 2472 scienter
2552 2432 2831 2471 sermone
2860 2420 3133 2486 utuntur,
3158 2413 3408 2488 quando
3441 2418 3498 2471 et
3525 2414 3711 2470 inter-

2038 2520 2255 2577 rogare
2284 2512 2340 2563 et
2369 2506 2694 2581 unicuique
2710 2504 3077 2579 respondere
3099 2508 3398 2578 oporteat.
3425 2506 3523 2561 Est
3543 2503 3709 2561 enim

2036 2599 2094 2653 et
2117 2597 2284 2653 vocis
2306 2595 2633 2663 contentio,
2663 2599 2720 2652 et
2749 2594 3047 2651 sermonis
3068 2593 3313 2666 modus,
3337 2598 3395 2650 et
3418 2597 3708 2667 opportu-

2036 2685 2196 2744 nitas
2234 2687 2544 2759 temporis,
2577 2688 2632 2741 et
2673 2685 2999 2741 verborum
3019 2683 3385 2757 proprietas,
3416 2699 3554 2761 quas
3583 2682 3709 2757 pie-

2038 2776 2177 2832 tatis
2219 2775 2547 2832 cultoribus
2589 2774 2839 2848 propria
2888 2773 2964 2829 sit
3013 2778 3071 2831 et
3100 2772 3473 2846 peculiaris:
3517 2788 3707 2843 quam

2035 2865 2166 2924 ﬁeri
2199 2882 2321 2922 non
2352 2870 2547 2940 potest
2575 2869 2637 2921 ut
2667 2863 2860 2921 discat
2886 2864 2993 2939 qui
3013 2867 3304 2920 consueta
3324 2877 3448 2919 non
3475 2859 3708 2919 dedidi-

2037 2955 2202 3013 cerit.
2231 2956 2542 3015 Silentium
2557 2960 2760 3010 autem
2776 2954 2886 3010 sim
2898 2952 2956 3010 ul
2969 2959 3025 3010 et
3038 2953 3309 3026 priorum
3327 2951 3705 3009 oblivronem

2038 3066 2111 3107 ex
2144 3045 2593 3104 intermissione
2611 3045 2788 3117 parit,
2813 3049 2869 3100 et
2890 3044 3083 3100 otium
3115 3044 3191 3100 ad
3218 3041 3511 3098 discenda
3535 3040 3704 3099 bona

2039 3137 2405 3213 suppeditat.
2430 3133 2983 3203 Quamobrem,nisi
3004 3137 3111 3190 aut
3131 3131 3433 3207 peculiare
3453 3130 3703 3204 aliquod

2036 3229 2372 3301 negotium,
2405 3226 2585 3301 355
2627 3230 2683 3282 et
2736 3225 2817 3282 ad
2863 3223 3084 3283 animae
3118 3240 3241 3279 suae
3270 3237 3500 3291 curam,
3527 3224 3587 3278 et
3620 3219 3704 3279 ad

2036 3318 2439 3378 inevitabilem
2461 3316 2660 3391 Operis
2695 3313 2975 3386 alicujus,
3012 3312 3180 3386 quod
3215 3312 3279 3369 in
3297 3311 3584 3369 manibus
3605 3309 3701 3383 sit,

2036 3409 2458 3468 necessitatem
2475 3403 3200 3481 pertinens,autinstituta
3214 3402 3473 3475 quaestio
3495 3400 3703 3473 aliqua

2038 3504 2276 3570 urgeat,
2300 3497 2365 3554 in
2386 3493 2997 3565 silentio‘degendum
3018 3496 3128 3563 est,
3151 3497 3404 3566 excepta
3425 3489 3702 3549 videlicet

2034 3590 2417 3665 psalmorum
2444 3584 2883 3645 modulatione.

2394 3728 2407 3745 ι
2512 3699 3048 3762 INTERROGATIO
3085 3701 3220 3758 XIV.

2037 3798 2126 3855 De
2144 3797 2218 3854 iis
2238 3797 2345 3869 qui
2370 3794 2590 3864 seipsos
2640 3795 2761 3850 Deo
2777 3794 3092 3860 voverunt,
3124 3796 3181 3849 et
3233 3789 3451 3847 deinde
3471 3786 3699 3863 profes—

2233 3887 2459 3943 sionem
2482 3899 2656 3941 suam
2685 3882 2927 3940 irritam
2944 3882 3153 3953 facere
3176 3885 3500 3939 conantur.

2660 3991 2935 4049 RESPON
2945 3991 3053 4048 SIO
3064 4032 3077 4046 .

2111 4085 2324 4158 Utique
2370 4082 2616 4152 horum:
2640 4080 3082 4154 unusquisque,
3135 4078 3241 4152 qui
3284 4079 3439 4137 inter
3484 4078 3700 4136 fratres

2041 4176 2349 4235 admissus
2367 4172 2562 4240 fuerit,
2585 4175 2919 4243 posteaque
2939 4169 3385 4242 professionem
3410 4183 3588 4225 suam
3610 4181 3701 4224 re.

2040 4265 2307 4333 sciderit,
2356 4260 2611 4335 perinde
2657 4260 2847 4333 aspici
2895 4259 3095 4327 debet,
3146 4263 3210 4315 ut
3256 4258 3366 4332 qui
3415 4258 3477 4314 in
3508 4258 3700 4314 Deum

2037 4352 2400 4432 peccaverit,
2428 4366 2635 4407 coram
2656 4365 2781 4423 quo
2801 4354 2860 4406 et
2884 4349 2948 4406 in
2971 4364 3095 4423 quo
3117 4353 3439 4422 pactorum
3467 4347 3703 4404 confes-

2041 4448 2279 4503 sionem
2307 4441 2606 4516 deposuit.
2629 4441 2699 4496 Si
2724 4438 3182 4512 vero,inquit,in
3208 4441 3397 4495 Deum
3416 4438 3551 4510 quis
3567 4450 3701 4507 pec-

2042 4536 2295 4601 caverit,
2320 4539 2377 4592 et
2403 4534 2535 4606 quis
2564 4531 2766 4587 orabit
2791 4546 2901 4600 pro
2922 4545 2987 4586 eo
3004 4529 3092 4584 δη
3113 4531 3229 4595 Qui
3248 4529 3410 4585 enim
3430 4528 3695 4599 seipsum

2042 4625 2266 4684 dicavit
2292 4628 2437 4692 Deo,
2456 4627 2516 4680 et
2532 4620 2750 4678 deinde
2777 4620 2855 4677 ad
2877 4619 3044 4676 aliud
3062 4619 3200 4676 vita
3226 4634 3419 4689 genus
3438 4617 3699 4688 transiit,

2014 4748 2029 4759 ~
2044 4717 2349 4788 factus;est
2373 4712 2728 4783 sacrilegus,
2750 4725 2890 4767 cum
2910 4710 3039 4782 ipse
3061 4708 3155 4764 sui
3168 4708 3364 4783 ipsius
3386 4707 3481 4764 fur
3498 4705 3700 4780 fuerit,

994 4878 1040 4913 ⁶¹
1071 4878 1218 4937 Luc.
1260 4890 1387 4951 ιη,
1416 4876 1507 4936 26.
1583 4877 1634 4917 δ’
1664 4878 1688 4935 Ι
1716 4880 1858 4955 Reg.
1889 4896 1955 4951 ιι,
1997 4884 2091 4941 25.

2113 5021 2226 5096 (86)
2251 5024 2395 5092 Reg.
2423 5014 2659 5092 primus
2681 5021 2739 5076 et
2760 5014 2924 5096 βοιι).
2955 5016 3014 5096 et
3032 5016 3220 5096 Voss._
3252 5013 3583 5096 παρέξονται,
3611 5019 3702 5071 καὶ

2047 5094 2095 5150 ἓν
2118 5087 2597 5168 ’ἠσυχίςῖσῦντόνῳ
2627 5096 2735 5159 καὶ,
2757 5087 3122 5165 ἆμετεωρίστῳ
3167 5087 3413 5160 γλώσσης
3450 5095 3703 5162 κρατοῦν-

2044 5187 2126 5229 τες
2146 5171 2287 5241 μαθή
2298 5184 2499 5219 σονται.

2120 5227 2234 5310 (87)
2263 5241 2404 5319 Beg-
2450 5236 2683 5319 primus
2733 5233 3019 5319 et.__Colb..
3056 5227 3706 5319 ψαλμῳδιί.ας“ραραδξᾈ-

2050 5303 2228 5379 θέντα,
2251 5303 2398 5382 βιοῖ,
2426 5303 2557 5382 sine
2598 5305 2718 5363 ullo
2769 5305 2980 5382 titulo_
3003 5303 3511 5382 intermedio.Nec
3529 5303 3706 5382 valde

2050 5374 2644 5447 admodum'dubito,
2678 5378 2826 5450 quin
2856 5377 2945 5450 ita»
2964 5374 3082 5447 legi
3103 5381 3381 5450 praestet;
3412 5377 3708 5450 quoniam

2048 5460 2253 5513 tamen
2284 5454 2589 5509 invenitur
2619 5446 2824 5523 titulus
2855 5452 2913 5504 et
2933 5448 2993 5504 in
3018 5446 3278 5523 vulgatis
3300 5446 3709 5523 etin‘antiquis

2049 5525 2425 5602 quibusdam
2439 5523 2626 5602 libris,
2660 5520 2811 5602 nihil
2832 5520 3224 5602 mutavimus.

2044 5588 2235 5733 σξηωήδ)
2266 5601 2414 5675 Res.
2460 5588 2697 5683 primus
2718 5593 2937 5685 ςῦξεται.
2968 5595 3095 5657 Mox
3124 5592 3288 5657 idem
3319 5589 3560 5685 maps»
3586 5588 3713 5657 ἁπο-

2125 5691 2164 5733 μ.
2206 5688 2319 5733 σας.

2124 5688 2196 5751 μη
2206 5688 2319 5735 σας.
