4110 6448
355 331 451 382 951
1729 317 1786 372 S.
1830 314 2053 372 BASlLl

2172 315 2339 373 AGNI
3629 318 3746 372 952

352 449 795 522 donariumque
827 449 945 503 Deo
967 448 1387 502 consecratum
1409 441 1740 500 abstulerit.
1775 441 2008 506 Quibus
2045 477 2053 495 ι

2169 449 2212 493 ui
2242 449 2376 494 Θεοῦ
2406 444 2464 494 τό
2496 439 2759 515 ἀνάθημα.
2803 437 2895 503 Οἷς
2939 440 3145 512 εὔλογόν
3172 439 3302 506 ἐστι,
3335 443 3530 512 μηκέτι
3567 441 3753 513 θύραν

356 555 599 612 aequum
632 542 722 593 est
748 553 871 592 non
899 535 1158 608 amplius
1193 534 1350 589 fores
1381 533 1633 590 fratrum
1664 531 1904 605 aperiri,
1937 547 2012 586 ne

356 628 404 684 si
433 634 495 683 in
521 627 691 683 brevi
715 626 965 699 quidem
991 624 1250 680 transitu
1280 623 1357 678 ad
1381 623 1758 695 poscendum
1792 627 2013 677 tectum

358 717 736 774 accederent.
772 714 1096 787 Perspicua
1143 719 1232 769 est
1275 713 1436 768 enim
1478 711 1753 786 Apostoli
1784 710 2015 781 regula,

359 823 485 881 qua
509 806 802 878 jubemur
833 805 1170 860 subducere
1201 819 1312 858 nos
1339 803 1415 858 ab
1451 803 1618 858 omni
1645 801 2017 867 inordinato,

363 911 559 969 neque
590 893 969 951 commisceri
991 910 1130 952 cum
1163 892 1284 961 illo,
1311 898 1375 948 ut
1406 891 1813 948 confundatur
1837 891 1909 946 ⁵³.

2120 539 2219 583 τῶν
2247 528 2479 604 ἀδελφῶν
2512 531 2834 602 ἀνοίγεσθαι,
2877 527 3017 603 μηδὲ
3058 529 3101 582 εἰ
3129 531 3264 582 κατὰ
3291 529 3452 600 ψιλήν
3481 548 3608 582 ποτε
3632 531 3748 582 πά-

2125 617 2224 695 ροὸ
2227 641 2280 673 ον
2312 622 2426 692 (89)
2454 625 2647 682 σκέπης
2678 621 2836 673 ἕνεκεν
2859 616 2983 673 ἐπιδ
2987 640 3015 679 η
3024 624 3093 692 μή
3105 638 3273 674 σειαν.
3305 619 3364 671 ¹Ο
3383 622 3486 693 γὰρ
3509 618 3746 673 ἀποστο-

2125 710 2269 773 λίκός
2298 715 2463 762 κανὼν
2521 714 2754 785 φανερὸς.
2814 709 3028 763 κελεύων
3085 711 3221 782 ἡμᾶς
3271 709 3574 763 στέλλεσθαι
3632 708 3748 762 ἀπὸ

2129 802 2324 862 πανθὸς
2362 799 2607 866 ἀτάκτου,
2640 805 2732 853 καὶ
2775 804 2846 872 μὴ
2897 801 3382 872 συναναμίγνυσθαι
3431 799 3594 870 αὐτῷ,
3652 799 3743 854 ἵνα

2134 890 2383 964 ἐντραπῇ.

867 1000 1380 1057 INTERROGATIO
1414 1002 1523 1054 XV.

371 1096 501 1163 Qua
521 1099 696 1150 aetate
706 1092 1172 1161 permittendum
1186 1093 1262 1146 sit
1277 1095 1340 1144 ut
1359 1092 1476 1146 Deo
1492 1091 1712 1158 seipsos
1735 1093 2029 1145 voveant:

439 1199 559 1256 qua
580 1186 715 1240 item
744 1189 918 1238 aetate
939 1182 1307 1251 virginitatis
1325 1182 1620 1249 professio
1643 1185 1780 1235 rata
1805 1179 2032 1235 haben-

442 1274 521 1329 da
549 1275 626 1328 sit
656 1278 710 1328 et
729 1275 935 1340 ﬁrma.

999 1379 1404 1435 RESPONSIO.

449 1474 498 1526 1.
523 1469 672 1524 Cum
697 1467 984 1522 Dominus
1011 1466 1212 1522 dicat:
1253 1467 1444 1522 Sinite
1481 1482 1698 1535 pueros
1717 1467 2035 1524 venire-ad

377 1561 548 1625 me“,
577 1563 632 1613 et
657 1555 980 1628 Apostolus
1005 1573 1146 1612 eum
1175 1556 1398 1618 laudet,
1432 1556 1536 1628 qui
1557 1557 1635 1611 ab
1657 1557 1916 1612 infantia
1941 1573 2037 1612 sa-

377 1662 509 1701 cras
541 1645 769 1700 litteras
799 1645 1010 1700 didicit
1031 1647 1099 1710 55,
1129 1662 1464 1718 rursusque
1486 1647 2038 1718 przecipiatliberos

378 1735 622 1791 educari
641 1737 701 1791 in
723 1734 1496 1808 disciplinaetcorreptione
1520 1737 1834 1804 Domini“,
1860 1753 2038 1791 omne

2708 1005 3022 1052 ΕΡΩΊἮΣΙΣ
3063 998 3160 1053 ΙΕ’.

2135 1087 2261 1142 Ἀπὸ
2279 1092 2428 1148 ποίας
2445 1087 2660 1150 ἡλικίας
2679 1088 2970 1163 ἐπιτρέπειν
2989 1092 3099 1161 χρὴ
3132 1087 3503 1160 καθομολογεῖν
3527 1085 3750 1146 ἑαυτοὺς

2209 1188 2283 1250 τῷ
2309 1187 2444 1250 Θεῷ,
2476 1185 2567 1232 καὶ
2603 1179 2710 1248 (90)
2739 1183 2832 1237 τὴν
2853 1186 2949 1241 τῆς
2973 1181 3250 1252 παρθενίας
3290 1177 3569 1251 ὁμολογίαν
3619 1182 3758 1231 πότε

2215 1268 2432 1343 βεϐαιαν
2462 1270 2729 1341 ἡγεῖσθαι.

2750 1381 3130 1432 ΑΠΟΚΡΙΣῘΣ.

2221 1473 2269 1523 1.
2317 1473 2421 1520 Τοῦ
2463 1471 2659 1541 Κυρίου
2688 1465 2958 1538 λέγοντος·
3004 1465 3187 1538 Ἀφετε
3224 1466 3291 1517 τὰ
3345 1461 3542 1517 παιδία
3591 1448 3762 1540 ἔρχεξ

2149 1561 2274 1612 σθαι
2315 1561 2449 1630 πρὸς
2486 1560 2568 1630 με,
2625 1562 2714 1608 καὶ
2761 1565 2853 1608 τοῦ
2913 1555 3232 1610 ’Λποστόλου
3292 1553 3623 1617 ἐπαινοῦντος
3667 1561 3762 1608 τὸν

2150 1647 2250 1700 ἀπὸ
2297 1646 2524 1722 βρέφους
2563 1651 2630 1698 τὰ
2691 1647 2802 1721 ἱερὰ
2864 1648 3158 1720 γράμματα
3226 1647 3590 1718 μεμαθηκότα,
3663 1650 3762 1698 καὶ

2150 1737 2303 1790 πάλιν
2359 1735 2803 1809 παραγγέλλοντος
2859 1735 3112 1810 ἐκτρέφειν
3162 1737 3229 1787 τὰ
3288 1739 3444 1788 τέκνα
3507 1734 3556 1788 έν
3640 1755 3766 1789 παι-

377 1831 639 1898 tempus,
673 1824 882 1896 primae
923 1825 1102 1881 etiam
1134 1827 1345 1893 aetatis,
1378 1826 1446 1880 iis
1471 1826 1577 1898 qui
1608 1827 1905 1881 accedunt
1934 1842 2040 1881 ex-

2169 1825 2272 1899 ΐείᾳ
2319 1831 2408 1878 καὶ
2449 1829 2696 1898 νουθεσίᾳ
2754 1831 2970 1898 Κυρίου,
3033 1827 3203 1878 πάντα
3267 1829 3468 1901 καιρὸν,
3529 1830 3620 1878 καὶ
3673 1829 3765 1879 τὸν

381 1917 672 1989 cipiendis
701 1916 992 1972 idoneum
1019 1933 1150 1971 esse
1173 1932 1518 1984 censemus,
1540 1933 1644 1972 eos
1669 1917 1915 1989 quidem
1937 1915 2044 1988 qui

380 2006 731 2080 parentibus
760 2006 956 2062 orbati
974 2011 1134 2074 sunt,
1161 2011 1468 2078 nostrapte
1490 2011 1701 2078 sponte
1723 2022 2045 2063 assumen-

384 2101 491 2163 tes,
520 2102 586 2152 ut
617 2095 695 2151 ad
724 2094 861 2150 Jobi
909 2095 1257 2168 exemplum
1311 2096 1730 2166 orphanorum
1763 2101 2045 2168 parentes

384 2185 719 2241 efﬁciamur
740 2187 815 2249 57;
840 2200 944 2239 eos
968 2201 1130 2251 vero,
1148 2185 1250 2257 qui
1273 2185 1388 2239 sub
1411 2185 1764 2257 parentibus
1783 2190 1943 2254 sunt,
1967 2185 2047 2241 ab

385 2275 530 2346 ipsis
551 2273 868 2342 adductos,
892 2289 1099 2329 coram
1121 2273 1323 2328 multis
1350 2274 1600 2329 testibus
1620 2274 2046 2346 suscipientes,

385 2379 460 2420 ne
483 2363 868 2419 occasionem
895 2362 1111 2417 demus
1137 2362 1475 2418 volentibus
1500 2363 1904 2431 occasionem,
1941 2363 2050 2420 sed

388 2469 598 2509 eorum
622 2453 727 2524 qui
745 2452 1067 2507 adversum
1095 2468 1204 2507 nos
1229 2452 1676 2524 blasphemiam
1698 2453 2052 2525 loquuntur,

390 2561 458 2599 os
489 2557 669 2598 omne
720 2542 1015 2612 injustum
1063 2541 1436 2597 obstruatur.
1491 2543 1840 2614 Excipiendi
1871 2543 2056 2613 igitur

394 2637 536 2687 sunt
559 2630 640 2687 ad
659 2631 820 2685 hunc
842 2631 1234 2693 modum,nec
1263 2631 1377 2704 ipsi
1401 2637 1602 2686 tamen
1627 2634 1828 2687 statim
1851 2633 1912 2688 in
1944 2632 2057 2688 fra-

391 2727 552 2778 trum
583 2735 834 2792 corpore
879 2726 982 2776 aut
1029 2721 1472 2776 annumerandi
1525 2727 1682 2790 sunt,
1718 2727 1821 2777 aut
1847 2739 2058 2778 recen-

393 2811 584 2872 sendi,
619 2827 695 2866 ne
718 2810 767 2864 si
789 2810 869 2865 illi
901 2827 938 2865 a
967 2810 1086 2864 fine
1131 2812 1443 2882 proposito
1494 2812 1867 2879 aberrarent,
1900 2813 2034 2886 ipso

392 2916 531 2956 rum
552 2899 849 2972 probrain
868 2899 1039 2971 pium
1056 2900 1191 2955 vitae
1206 2900 1545 2957 institutum
1566 2902 2056 2959 refunderentur:

395 2989 503 3044 sed
523 2987 826 3043 educandi
849 2987 932 3042 illi
961 2988 1209 3060 quidem
1241 2994 1380 3043 sunt
1406 2989 1465 3044 in
1483 2990 1646 3045 omni
1668 2991 1904 3063 pietate,
1935 2997 2062 3046 tan-

398 3093 587 3151 quam
609 3093 964 3132 communes
986 3076 1240 3132 fratrum
1270 3077 1464 3146 liberi,
1489 3084 1898 3152 praetereaque
1922 3096 2064 3153 pue-

398 3182 630 3234 rerum,
673 3165 800 3221 sive
843 3181 1044 3221 mares
1093 3166 1230 3235 sint,
1304 3167 1428 3222 sive
1476 3169 1738 3238 feminas,
1792 3169 2062 3242 separari
2096 3155 2137 3212 (ἶ

401 3258 638 3328 oportet
658 3261 712 3309 et
733 3254 952 3310 domos
975 3261 1030 3310 et
1053 3255 1319 3324 diaetam,
1346 3258 1523 3329 356
1545 3263 1608 3313 ut
1629 3274 1772 3329 erga
1799 3259 2066 3315 seniores

398 3360 599 3416 neque
628 3343 930 3398 licentiam
962 3345 1280 3414 majorem,
1306 3361 1505 3418 neque
1536 3347 1824 3404 ﬁduciam
1857 3349 2070 3406 immo-

403 3433 607 3487 dicam
635 3431 919 3500 habeant,
949 3432 1054 3487 sed
1084 3435 1721 3506 congressus-raritate
1753 3453 1896 3507 erga
1923 3441 2070 3496 anti-

404 3520 648 3592 quiores
675 3521 1070 3576 reverentiam
1103 3529 1360 3587 servent,
1395 3539 1593 3596 neque
1621 3541 1692 3580 ex
1719 3527 1912 3598 poenis
1933 3544 2070 3600 quas

405 3608 860 3682 perfectioribus
890 3609 970 3666 ob
1022 3610 1297 3681 neglecta
1345 3611 1544 3669 ofﬁcia
1593 3614 1938 3686 irrogantur
1978 3619 2074 3689 (si-

408 3700 654 3774 quando
677 3716 780 3756 eos
804 3700 882 3756 ab
899 3701 992 3756 his
1021 3702 1375 3758 discessisse
1397 3706 1754 3778 contigerit),
1779 3709 2075 3780 peccandi

406 3790 684 3856 facilitas,
717 3796 821 3847 aut
864 3806 1024 3864 saepe
1051 3791 1238 3848 animi
1270 3792 1446 3849 elatio
1485 3793 1741 3852 latenter
1779 3797 1865 3853 eis
1899 3799 2076 3856 inna-

410 3884 631 3948 scatur,
659 3879 807 3936 dum
831 3880 894 3936 in
923 3880 998 3935 iis
1028 3897 1167 3954 quae
1194 3881 1312 3954 ipsi
1339 3888 1499 3939 recte
1529 3883 1777 3953 faciunt,
1805 3904 2078 3960 saepenu-

409 3985 578 4026 mero
610 3969 983 4041 antiquiores
1037 3969 1457 4044 delinquentes
1491 3973 1715 4030 vident.
1767 3976 1876 4042 Qui
1913 3977 2075 4033 enim

415 4075 568 4133 puer
599 4063 688 4115 est
713 4063 936 4126 mente,
983 4060 1062 4115 ab
1112 4076 1184 4115 eo
1232 4061 1335 4133 qui
1385 4066 1558 4120 aetate
1606 4081 1758 4136 puer
1789 4071 1898 4137 est,
1926 4066 2078 4124 nihil

412 4150 630 4206 differt.
665 4151 860 4214 Quare
891 4148 1041 4204 nihil
1088 4151 1312 4207 mirum
1353 4153 1404 4208 si
1453 4153 1515 4209 in
1563 4156 1830 4228 utrisque
1859 4157 2074 4214 eadem

412 4239 595 4295 etiam
626 4237 768 4294 vitia
797 4254 1214 4309 saepenumero
1244 4243 1645 4314 reperiantur.
1681 4248 1884 4317 Neque
1931 4262 2074 4303 vero

411 4327 476 4384 in
505 4326 732 4400 quibus
761 4328 1135 4400 antiquiores
1165 4331 1457 4387 decorum
1489 4340 1727 4390 servant
1769 4336 1850 4390 ob
1896 4353 2072 4394 suam

414 4420 676 4484 aetatem,
705 4432 776 4473 ea
818 4417 1090 4488 juniores
1141 4425 1281 4476 ante
1327 4425 1568 4494 tempus
1616 4428 1673 4479 et
1730 4429 1945 4496 praeter
1974 4427 2076 4483 de-

485 4526 602 4580 ⁵³11
631 4526 831 4583 Thess.
864 4543 943 4595 ut,
981 4531 1064 4584 14.
1142 4531 1190 4565 ⁵⁴
1219 4532 1397 4585 Marc.
1429 4547 1489 4596 Χ,
1525 4533 1609 4586 14.

486 4633 600 4710 (89)
632 4632 820 4710 EdAitiO
850 4633 1019 4710 Basil.
1054 4649 1225 4707 teque
1251 4651 1322 4690 ac
1353 4635 1515 4691 Paris
1547 4640 1681 4689 κατὰ
1705 4637 1919 4710 ψύχους
1939 4645 2066 4694 ποτε

413 4701 665 4777 πάροδον,
687 4706 945 4777 frigoris
965 4701 1227 4775 tempore
1258 4716 1662 4777 transeuntes,
1710 4701 1914 4768 mine.
1936 4712 2067 4768 Edi-

415 4775 498 4852 tid
530 4777 669 4830 Ven.
694 4780 830 4827 κατὰ
867 4775 1053 4852 -ρυχᾴν
1093 4797 1216 4829 ποτε
1245 4776 1477 4852 πάροδον
1517 4796 1641 4852 non
1676 4782 1916 4838 melius.
1966 4786 2068 4838 Ve-

416 4850 574 4922 teres
595 4853 857 4918 quatuor
883 4847 1019 4922 libri
1042 4847 1390 4922 cumiVoss.
1419 4856 1481 4906 ut
1511 4851 1572 4906 in
1604 4858 1903 4922 contextu,
1953 4855 2066 4910 nisi

414 4917 579 4996 quod
611 4917 726 4973 vox
760 4938 882 4970 ποτε
911 4919 972 4974 in
1001 4919 1308 4996 aliquibus
1344 4938 1486 4976 mss.
1523 4923 1696 4978 desit.
1753 4917 1899 4980 Mox‘
1922 4928 2062 4996 Reg.

413 4990 647 5065 primus
679 4997 860 5065 xawbv_
899 5000 1148 5065 φανερῶς-
1182 4992 1394 5065 κελεςᾶει,
1457 4996 1674 5065 regula
1731 4990 2068 5064 αροςιυιίίῖα

415 5063 735 5132 manifesto
756 5063 952 5132 jubet,
986 5062 1153 5117 haud
1189 5063 1364 5119 male.

487 5135 597 5210 (90)
632 5136 772 5210 itqu.
816 5133 1047 5210 primus
1077 5133 1289 5197 ἑαυτοὺς
1318 5144 1387 5207 τῷ
1413 5141 1587 5210 Κυρίῳ
1618 5141 1725 5194 καί,
1760 5140 1888 5195 Mox
1905 5137 2068 5197 idem

414 5219 525 5258 ms.
561 5202 782 5275 βεϐαίαν
813 5202 1102 5263 ποιεῖσθαι,

485 5274 600 5343 (91)
641 5277 779 5345 Reg.
809 5277 1041 5347 primus
1073 5282 1132 5332 et
1155 5277 1330 5337 Voss.
1388 5283 1444 5334 et
1509 5279 1675 5335 Coll).
1726 5279 1855 5333 ἀλλὰ
1893 5290 2068 5336 πᾶσαν

415 5343 760 5430 βλασφημίαν
780 5343 878 5398 τῶν
909 5353 1328 5421 πονηρευομένων
1357 5349 1472 5402 καθ’
1519 5353 1664 5423 ἡμῶν
1710 5351 1757 5404 ἐν
1795 5363 1867 5424 τῷ
1924 5360 2067 5430 μέρει

413 5419 969 5494 τούτω-περικοπῆναι.
1042 5419 1325 5494 Ᾱέχέσθαι,
1371 5422 1475 5478 sed
1530 5419 1721 5479 όηιηίς
1772 5419 2067 5494 ηοὰιίῂήο-

413 5501 548 5612 ναῖη
578 5487 778 5543 hacin
797 5494 971 5558 parte
996 5487 1319 5550 aduersum
1345 5510 1451 5550 nos
1481 5495 1842 5552 obtrectatio
1895 5487 2066 5567 a'u/e-

415 5573 486 5612 ra
518 5573 612 5612 ur.

415 5573 612 5613 ratur.

480 5629 592 5700 (92)
625 5630 872 5704 Antiqui
911 5631 1036 5690 duo
1071 5633 1210 5692 libri
1265 5651 1406 5695 cum
1444 5639 1615 5695 Voss.
1661 5645 1922 5714 προσήκει
1971 5649 2071 5703 τῆς

1691 4533 1736 4566 ⁵⁵
1771 4535 1814 4588 ll
1845 4533 1991 4590 Tim.
2014 4551 2098 4601 in,
2138 4542 2224 4594 15.

2153 1926 2249 1978 τῆς
2324 1921 2533 1990 πρώτης
2606 1915 2815 1977 ἡλικίας
2887 1917 3089 1968 εὔθετον
3148 1913 3278 1967 εἶναι
3327 1918 3455 1989 πρὸς
3507 1921 3602 1974 τὴν
3659 1922 3766 1967 τῶν

2155 2010 2476 2081 προσιόντων
2516 2002 2838 2079 παραδοχὴν
2898 2002 3274 2077 δοκιμάζομεν,
3334 2006 3400 2056 τὰ
3454 2007 3544 2078 μὲν
3594 2006 3767 2081 ἔρημα

2155 2099 2342 2167 γονέων
2402 2093 2487 2166 ἀφ’
2554 2094 2748 2146 ἑαυτῶν
2815 2093 3352 2168 προσλαμϐανόμενοι,
3455 2095 3585 2146 ὥστε
3681 2113 3770 2165 γε·

2157 2186 2338 2236 νέσθαι
2375 2184 2511 2235 κατὰ
2553 2186 2639 2234 τόν
2681 2182 2835 2243 ζῆλον
2879 2190 2970 2234 τοῦ
3030 2180 3147 2234 Ἰὼϐ
3197 2181 3430 2257 ὀρφανῶν
3481 2186 3706 2256 πατέρας
3749 2203 3764 2216 ·

2159 2276 2224 2326 τὰ
2279 2269 2338 2325 δὲ
2377 2274 2475 2324 ὑπό
2539 2279 2706 2344 γονεῖς
2769 2275 2912 2337 ὄντα,
2953 2271 3078 2347 παρ’
3124 2271 3293 2323 αὐτῶν
3343 2271 3546 2324 ἐκείνων
3594 2292 3767 2346 προσ-

2163 2367 2409 2436 αγόμενα,
2461 2360 2544 2414 ἐπὶ
2613 2360 2811 2414 πολλῶν
2885 2363 3163 2435 μαρτύρων
3249 2357 3550 2435 δεχόμενοι,
3637 2363 3767 2413 ὥστε

2163 2458 2234 2526 μὴ
2288 2449 2472 2504 δοῦναι
2522 2449 2760 2526 ἀφορμὴν
2816 2459 2928 2514 τοίς
3001 2450 3237 2503 θέλουσιν
3315 2449 3556 2526 ἀφορμήν
3640 2449 3763 2502 ἀλλὰ

2164 2548 2264 2595 πᾶν
2295 2537 2480 2593 ἄδικον
2532 2547 2703 2613 στόμα
2759 2548 2856 2592 τῶν
2906 2539 3192 2592 λαλούντων
3222 2540 3339 2593 καθ’
3407 2543 3552 2614 ἡμῶν
3592 2539 3767 2614 βλασ-

2168 2636 2365 2705 φημίαν
2439 2629 2788 2702 ἐπισχεθῆναι
2832 2631 2966 2701 (91).
3041 2632 3302 2702 Δέχεσθαι
3361 2633 3452 2703 μὲν
3499 2630 3587 2681 οὖν
3628 2632 3760 2703 χρὴ,

2167 2725 2304 2774 κατὰ
2332 2729 2514 2773 τοῦτον
2545 2724 2630 2772 τόν
2660 2719 2832 2792 λόγον,
2867 2719 2926 2771 οὐ
2957 2723 3060 2793 μὴν
3109 2719 3260 2782 εὐθὺς
3309 2720 3460 2786 αὐτὰ,
3511 2723 3600 2770 καὶ
3645 2737 3765 2770 συν-

2171 2812 2509 2887 αριθμείσθαι
2560 2815 2650 2861 καὶ
2693 2809 3178 2882 συγκαταλέγεσθαι
3227 2818 3299 2880 τῷ
3358 2814 3560 2882 σώματι
3605 2826 3772 2884 προσ-

2171 2907 2283 2958 ήκει
2325 2908 2424 2952 τῶν
2465 2896 2696 2970 ἀδελφῶν
2727 2900 2862 2969 (92),
2888 2900 3020 2958 ὥστε
3047 2901 3118 2971 μή
3147 2900 3212 2950 τὰ
3233 2897 3287 2950 έκ
3331 2906 3426 2961 τῆς
3478 2897 3776 2970 ἀποτυχίας

2175 2990 2341 3042 αὐτῶν
2372 2985 2546 3047 ὀνείδη
2571 2987 2654 3040 ἐπὶ
2696 2991 2784 3040 τόν
2839 2987 2956 3060 βίον
3003 2991 3090 3040 τὸν
3135 2988 3251 3040 κατ’
3295 2986 3557 3041 εὐσέϐειαν
3597 2985 3781 3059 ἀναφέ-

2174 3081 2360 3153 ρεσθαι
2391 3098 2405 3112 ο
2459 3076 2565 3129 ἀλλ’
2624 3076 2958 3151 ἐκτρέφεσθαι
3005 3079 3094 3150 μὲν
3135 3077 3269 3129 αὐτὰ
3325 3076 3374 3129 έν
3434 3079 3582 3150 πάσῃ
3634 3076 3782 3129 εὗσέ-

2177 3169 2290 3241 ϐεία
2346 3171 2414 3230 ὡς
2466 3169 2614 3220 κοινὰ
2677 3171 2831 3219 τέκνα
2884 3175 2981 3229 τῆς
3035 3163 3405 3240 ἁδελφότητος,
3481 3165 3786 3242 ἀφωρίσθαι

2180 3257 2240 3312 δὲ
2268 3264 2358 3311 καὶ
2388 3262 2559 3319 οῖκους
2606 3261 2696 3309 καὶ
2745 3253 2958 3309 δίαιταν
2997 3265 3107 3318 τοῖς
3163 3277 3217 3310 τε
3269 3259 3461 3332 ἄρσεσι
3513 3265 3614 3309 τῶν
3661 3259 3787 3310 παί-

2181 3351 2305 3417 δων,
2334 3354 2424 3402 καὶ
2449 3356 2560 3410 ταῖς
2588 3348 2840 3411 θηλείαις,
2873 3351 2939 3409 ὡς
2981 3354 3109 3421 μήτε
3137 3349 3252 3417 (93)
3282 3347 3606 3424 παρρησίαν,
3651 3351 3788 3420 μήτε

2183 3443 2376 3512 θάρσος
2429 3441 2650 3515 ἄμετρον
2689 3442 2818 3513 πρὸς
2865 3442 2984 3499 τοὺς
3040 3437 3430 3513 πρεσϐυτέρους
3476 3438 3649 3498 αὐτοῖς
3693 3436 3788 3510 ἐγ·-

2180 3531 2440 3603 γίνεσθαι,
2480 3537 2554 3599 τῷ
2588 3525 2646 3581 δὲ
2688 3532 2888 3599 σπανίῳ
2918 3536 3015 3590 τῆς
3055 3531 3344 3600 συντυχίας
3392 3530 3452 3580 τὸ
3491 3531 3622 3601 πρὸς
3663 3530 3789 3588 τοὺς

2182 3622 2506 3696 προάγοντας
2535 3619 2649 3689 (94)
2700 3614 2978 3689 αἰδέσιμον
3019 3617 3286 3678 σώζεσθαι
3320 3639 3333 3652 ·
3383 3623 3518 3691 μήτε
3574 3616 3629 3670 έκ
3685 3625 3790 3669 τῶν

2185 3708 2458 3782 ἐπιτιμίων
2521 3715 2622 3760 τῶν
2672 3709 3080 3781 προσαγομένων
3149 3703 3256 3768 τοῖς
3333 3706 3665 3782 τελειοτέροις
3742 3706 3792 3760 έν

2184 3805 2291 3859 τοῖς
2317 3798 2662 3872 παροράμασι
2708 3805 2809 3849 τῶν
2860 3797 3217 3865 καθηκόντων,
3286 3798 3456 3850 εἴποτε
3512 3798 3619 3872 ἄρα
3663 3815 3794 3870 μετ-

2187 3890 2500 3961 εωρισθῆναι
2555 3885 2812 3960 συμϐαίη,
2877 3885 3145 3959 εὐχέρειαν
3212 3886 3392 3948 αὐτοῖς
3444 3894 3544 3939 τῶν
3613 3885 3794 3960 ἁμαρ-

2184 3980 2450 4051 τημάτων,
2515 3977 2544 4037 ἦ
2603 3978 2822 4052 έπαρσιν
2896 3974 3148 4038 πολλάκις
3223 3978 3360 4029 κατὰ
3435 3979 3493 4028 τὸ
3581 3975 3797 4037 λεληθὸς

2185 4067 2531 4134 ἐντικτεσθαι,
2600 4067 2719 4119 ὅταν
2777 4064 2826 4117 ἐν
2878 4066 2957 4128 οἷς
3011 4066 3163 4118 αὑτοὶ
3229 4067 3571 4136 κατορθοῦσι,
3656 4066 3795 4119 πολ-

2183 4160 2332 4221 λάκις
2385 4161 2507 4218 τοὺς
2579 4155 2960 4231 πρεσϐυτέρους
2997 4152 3163 4209 ἴδωσι
3211 4153 3609 4218 διαπταίοντας.
3671 4162 3798 4211 Δια⁶

2187 4254 2325 4323 φέρει
2408 4250 2507 4322 γὰρ
2568 4243 2719 4300 οὐδὲν
2775 4253 2868 4299 τοῦ
2925 4251 3116 4304 νηπίου
3163 4247 3281 4299 καθ’
3336 4245 3545 4304 ἠλικίαν
3592 4247 3620 4299 ό
3673 4254 3798 4309 ταῖς

2187 4341 2337 4412 φρεσὶ
2410 4337 2700 4398 νηπιάζων.
2778 4335 2942 4389 ’Ὥστε
3009 4332 3159 4389 οὐδὲν
3228 4338 3532 4410 θαυμαστόν
3585 4339 3676 4389 καὶ
3733 4339 3798 4390 τὰ

2186 4428 2321 4482 αὐτὰ
2377 4429 2516 4484 πάθη
2591 4425 2834 4487 πολλάκις
2901 4424 2949 4477 ἐν
3035 4424 3343 4502 ἀμφοτέροις

2303 4535 2351 4569 ⁵⁵
2375 4534 2592 4606 Ephes.
2624 4550 2702 4600 vr,
2737 4536 2793 4590 4.
2869 4536 2914 4570 ⁵⁷
2942 4533 3074 4590 Job.
3097 4550 3261 4601 XXIX,
3300 4538 3388 4590 12.

2178 4634 2551 4712 ἀδελφότητος.
2592 4639 2724 4712 Mox
2755 4638 2935 4712 editio
2976 4639 3148 4695 Basil.
3183 4638 3435 4712 perinde
3483 4643 3551 4697 ut
3589 4642 3783 4698 Paris.

2178 4659 2303 4690 αοεΑ
2345 4659 2546 4699 οτητος.
2592 4659 2724 4692 mox
2755 4659 2935 4694 Ballio
2979 4659 3148 4695 uasu.
3183 4659 3435 4712 pennae
3483 4659 3551 4697 ur
3589 4659 3783 4698 raris.

2173 4714 2260 4786 τόν
2291 4659 2408 4786 gi»
2439 4711 2554 4763 κατ’
2583 4709 2695 4786 εὑσ.
2768 4710 3153 4786 EditioYen.
3179 4717 3244 4786 et
3273 4728 3418 4768 mss.
3448 4728 3574 4786 non
3606 4714 3795 4786 pauci

2176 4785 2263 4834 τόν
2292 4781 2408 4854 βίον
2447 4787 2534 4835 τόν
2573 4781 2688 4833 κατ’
2737 4782 2849 4856 ευσ.
2906 4782 3318 4856 ΙὺὶάετηγΒθε.
3369 4781 3626 4856 primus'
3661 4783 3795 4838 ἀλλὰ

2176 4857 2472 4928 τρέφεσθαι.
2507 4854 2881 4928 Rursushoc
2913 4855 3044 4928 ipso
3075 4854 3135 4928 in
3157 4855 3291 4910 loco
3313 4854 3544 4911 veteres
3576 4855 3701 4912 duo
3735 4857 3794 4912 li-

2176 4925 2510 4997 briprmter
2533 4929 2700 4980 Voss.
2736 4925 2782 4976 ἐν
2809 4925 2952 4998 τῖςὶσῄ
2980 4925 3318 4998 εὐσεϐείᾳλίη
3344 4929 3509 4982 omni
3523 4929 3779 4995 pietate.

2178 4998 2324 5072 Editi
2357 5003 2412 5052 et
2438 5013 2580 5052 mss.
2615 4997 2889 5054 nonnulli
2932 4997 2985 5050 ἓν
3023 4997 3196 5072 natae
3236 4997 3434 5072 ἀγάπη,
3495 5000 3558 5054 in
3607 5005 3777 5057 omni

2175 5070 2519 5125 dilectione.

2247 5142 2362 5211 (93)
2388 5141 2532 5211 Reg.
2578 5141 2812 5210 primus
2841 5145 2897 5196 et
2926 5140 3090 5197 Colb.
3135 5139 3272 5194 οἶκον
3311 5147 3401 5195 καὶ
3432 5140 3643 5195 δίαιταν
3671 5152 3784 5205 τοῖς

2175 5217 2381 5280 παισὶν,
2405 5216 2538 5265 ὥστε
2567 5216 2716 5283 μήτε.
2763 5211 2962 5269 Codex
2995 5216 3158 5268 Voss.
3204 5217 3378 5276 οἴκους
3428 5221 3517 5268 καὶ
3568 5211 3784 5268 δίαιταν

2175 5292 2282 5346 τοῖς
2305 5290 2510 5356 παισὶν,
2540 5287 2640 5344 ὡς·
2680 5283 2847 5356 quod
2880 5290 2944 5339 ut
2991 5283 3254 5356 brevius,
3294 5285 3376 5343 ita
3426 5286 3683 5343 fortasse
3728 5291 3789 5343 et

2177 5355 2390 5412 melius
2447 5355 2876 5431 quoqueiesse
2908 5355 3300 5426 judicabitur.
3356 5358 3469 5414 Alii
3520 5359 3778 5431 quidam

2177 5444 2327 5483 mss.
2363 5432 2420 5484 et
2446 5427 2679 5483 editi’ut
2715 5427 2777 5482 in
2808 5433 3115 5486 contextu.

2249 5502 2362 5586 (Μ)
2394 5499 2541 5586 Egiiti
2562 5503 2692 5574 πρὸς
2735 5500 3081 5573 προάγοντας.
3134 5504 3225 5557 At.
3271 5517 3420 5561 mss.
3474 5505 3593 5563 tres
3652 5505 3785 5577 πρὸς

2177 5589 2298 5634 τους
2327 5590 2484 5647 προα.

3426 4427 3792 4501 εὑρίσκεσθαι.
