4110 6378
243 318 346 373 953

1425 312 1722 369 REGULE
1761 310 2010 369 FUSIUS
2047 313 2457 372 TRACTATE.

3518 318 3624 376 954

242 445 389 500 Μήτι
435 443 538 514 μὴν
582 439 633 494 ἓν
675 441 751 504 οἷς
798 437 894 494 διὰ
945 443 1040 499 τήν
1098 437 1305 498 ἠλικίαν
1369 439 1428 490 τὸ
1484 439 1680 511 πρέπον
1732 443 1841 500 τοῖς

1964 452 2166 496 eorum
2189 442 2412 496 temere
2437 446 2625 510 agant
2652 442 2733 499 ob
2763 442 3138 516 frequentem
3156 459 3298 502 cum
3322 443 3470 520 ipsis
3481 461 3624 503 con-

245 529 610 605 πρεσϐυτέροις
667 531 912 598 σώζεται,
973 533 1106 604 πρὸς
1159 535 1328 581 ταῦτα
1378 530 1502 589 τούς
1565 530 1710 589 νέους
1751 523 1845 580 διὰ

243 627 339 682 τῆς
414 617 841 694 σοναναστροφῆς
904 623 1006 693 πρὸ
1069 625 1254 694 καιροῦ
1339 615 1583 693 ἀπρεπῶς
1645 635 1842 692 προπε-

244 712 502 765 τευεσθαι.

315 803 370 855 2.
421 801 631 862 Ταύτης
686 819 742 854 τε
779 796 866 852 οὖν
908 807 1004 861 τῆς
1054 799 1348 872 οἰκονομίας
1394 799 1554 853 ἕνεκεν
1609 802 1700 850 καὶ
1753 804 1844 859 τῆς

243 887 430 952 λοιπῆς
483 893 796 962 σέμνότητος
845 885 1128 962 διωρίσθαι
1174 893 1284 962 χρή
1344 896 1441 942 τῶν
1489 884 1694 941 παίδων
1753 892 1845 940 καί

244 985 344 1030 τῶν
381 977 695 1051 τελειοτέρων
750 983 844 1036 τήν
886 981 1115 1036 οἴκησιν.
1164 983 1264 1032 Καὶ
1312 978 1422 1051 ἅμα
1449 974 1593 1048 ξούδε
1626 975 1844 1051 Θόρυϐον

244 1065 345 1128 ἔξει
405 1069 430 1118 ὁ
484 1064 622 1130 οἶκος
669 1075 768 1118 τῶν
825 1068 1072 1125 ἀσκητῶν
1121 1065 1170 1120 ἐν
1231 1075 1294 1140 τῇ
1355 1067 1536 1140 μελέτη
1593 1073 1694 1118 τῶν
1763 1061 1842 1118 διο

248 1152 530 1228 δαγμάτων
562 1154 822 1228 ἀναγκαίᾳ
851 1160 982 1230 οὔσῃ
1159 1163 1269 1217 τοῖς
1289 1160 1446 1217 νέοις.
1487 1155 1644 1207 Ἀλλά
1671 1174 1842 1228 προσ-

247 1245 401 1315 ευχαί
444 1247 536 1316 μὲν
578 1249 748 1298 κοιναὶ
788 1249 1070 1298 καὶπαισὶ
1117 1251 1207 1298 καὶ
1263 1245 1630 1319 πρεσϐυτέροις
1678 1247 1843 1298 ἔστω-

244 1351 357 1399 σαν,
413 1335 468 1384 αἱ
513 1336 649 1386 κατά
705 1339 799 1394 τήν
856 1337 1053 1408 ἡμέραν
1113 1331 1580 1408 διατετυπωμίναιο
1642 1342 1751 1396 τοῖς
1790 1352 1845 1387 τε

238 1423 340 1496 γὰρ
391 1419 634 1485 πανδίοις
691 1423 911 1497 ἐθισμὸς
964 1423 1022 1477 Ex
1071 1432 1164 1478 τοῦ
1199 1425 1358 1486 ζήλου
1398 1433 1499 1477 τῶν
1525 1423 1845 1497 τελειοτέρων

236 1512 372 1585 πρὸς
425 1513 706 1576 κατάνυξιν
757 1516 885 1584 (96),
927 1517 1018 1566 καὶ
1079 1521 1186 1576 τοῖς
1237 1516 1562 1588 προάγουσιν
1591 1513 1650 1566 ού
1679 1516 1846 1588 μικρά

237 1597 288 1652 έν
346 1609 676 1674 προσευχαῖς
724 1605 754 1662 ἠ
810 1606 951 1676 παρά
1004 1608 1203 1662 νηπίων
1263 1603 1504 1676 βοήθεια·
1551 1604 1756 1676 μελέται
1786 1599 1846 1656 δε

237 1686 574 1760 ἰδιάζουσαι,
616 1697 705 1744 καὶ
737 1689 939 1746 δίαιται
968 1694 1080 1764 (97)
1110 1695 1245 1746 κατὰ
1274 1713 1329 1746 τε
1358 1693 1514 1746 ὕπνον
1544 1698 1634 1746 καὶ
1680 1692 1845 1765 ἐγρή-

1957 527 2372 586 suetudinem.

2027 800 2081 852 2.
2115 798 2487 870 Quapropter
2508 815 2649 856 cum
2675 799 2856 870 hujus
2888 801 3265 870 oeconomia,
3321 805 3451 860 tum
3494 803 3628 860 reli-

1955 901 2091 957 qua:
2113 887 2293 943 etiam
2332 889 2648 944 servandae
2699 888 3036 962 disciplina:
3089 906 3162 947 ac
3205 893 3625 950 sanctimoniae

1955 989 2147 1032 causa
2191 974 2540 1032 distinctam
2585 993 2716 1034 esse
2761 982 3004 1050 oportet
3031 995 3364 1052 puerorum
3395 985 3454 1038 et
3477 986 3628 1040 natu

1955 1065 2261 1134 majorum
2299 1065 2757 1122 habitationem.
2788 1070 3225 1141 Praetereaque,
3247 1069 3396 1125 dum
3427 1084 3632 1126 neces-

1957 1154 2118 1210 saria
2138 1154 2242 1210 illa
2262 1155 2592 1225 juvenibus
2617 1158 2965 1214 exercitatio
2988 1158 3113 1226 ﬁet,
3143 1175 3266 1216 non
3285 1159 3630 1218 turbabitur

1956 1243 2404 1302 monachorum
2433 1245 2676 1302 domus.
2712 1247 3089 1304 Precationes
3118 1253 3322 1305 autem
3351 1265 3488 1322 qua
3519 1266 3630 1323 per

1955 1333 2115 1389 diem
2146 1333 2432 1390 institutae
2454 1339 2613 1405 sunt,
2645 1340 2704 1392 et
2733 1337 2936 1408 pueris
2967 1340 3023 1392 et
3043 1338 3490 1411 antiquioribus
3511 1340 3632 1398 sint

1955 1427 2488 1482 communes.Nam
2501 1425 2671 1497 pueri
2685 1425 2990 1496 majorum
3003 1426 3282 1499 exemplo
3293 1414 3629 1500 compungi

1956 1518 2360 1570 consuescunt
2388 1532 2402 1569 :
2431 1514 2806 1587 antiquiores
2837 1531 2977 1571 vero
3016 1515 3078 1570 in
3107 1517 3561 1588 precationibus
3590 1534 3630 1576 a

1955 1601 2160 1674 pueris
2181 1601 2347 1657 haud
2371 1609 2590 1674 parum
2623 1603 3012 1674 adjuvantur.
3035 1606 3328 1662 Caeterum
3357 1606 3526 1678 quod
3548 1606 3629 1663 ad

1958 1706 2270 1758 somnum,
2298 1690 2376 1747 ad
2401 1691 2654 1761 vigilias,
2680 1692 2760 1748 ad
2786 1697 3045 1766 tempus,
3079 1709 3552 1767 mensuramque
3574 1683 3632 1750 et

233 1799 442 1854 γορσιν,
473 1785 564 1832 καὶ
602 1789 795 1854 τροφῆς
844 1785 1047 1855 καιρὸν,
1108 1786 1195 1834 καὶ
1246 1787 1430 1856 μέτρον
1488 1787 1579 1835 καὶ
1627 1787 1845 1840 ποιότη-

1964 1779 2312 1852 qualitatem
2337 1779 2765 1836 alimentorum
2787 1781 3017 1851 attinet,
3043 1783 3466 1839 convenienter
3484 1798 3630 1856 pue-

232 1888 304 1922 τα
352 1866 592 1932 παιδίοις
657 1874 956 1943 πρεπόντως
1007 1869 1314 1947 ἀφωρίσθω.
1373 1873 1735 1945 Ἐπιτετάχθω
1788 1868 1848 1926 δὲ

231 1965 347 2019 τοῖς
401 1962 658 2022 τοιούτοις
702 1961 727 2012 ὁ
790 1961 908 2013 καθ’
985 1961 1191 2020 ἠλικίαν
1266 1967 1531 2022 προήκων,
1607 1967 1695 2014 καὶ
1751 1965 1846 2021 τήν

230 2047 510 2122 ἐμπειρίαν
563 2050 691 2122 ὑπὲρ
749 2053 866 2112 τοός
913 2049 1101 2112 ἄλλους
1133 2055 1224 2114 ὧν,
1255 2055 1345 2103 καὶ
1385 2055 1679 2126 μαρτυρίαν
1709 2053 1846 2124 ἔχων

232 2136 324 2190 ἐπὶ
399 2140 758 2213 μακροθυμίᾳ·
815 2141 952 2193 ὥστε
1014 2148 1242 2216 πατρική
1295 2143 1386 2213 μὲν
1456 2141 1840 2214 εὐσπλαγχνίᾳ,

229 2228 374 2300 λόγῳ
432 2225 490 2281 δὲ
557 2227 946 2301 ἐπιστημονικῷ
1030 2232 1095 2283 τά
1148 2230 1507 2305 ἁμαρτήματα
1562 2239 1662 2284 τῶν
1725 2235 1846 2284 νέων

985 1959 1191 2020 ἠλικίαν
1266 1967 1531 2034 προήκων,

239 2316 680 2390 ἐπανορθούσθαῑ,
735 2318 929 2382 οἰκείας
997 2319 1201 2392 ἑκάστῳ
1267 2325 1562 2394 πταίσματι
1621 2323 1715 2382 τὰς
1761 2323 1846 2373 θε-

233 2413 454 2484 ραπείας
507 2409 864 2483 προσάγοντα,
932 2411 1067 2462 ὥστε
1123 2412 1339 2480 (98)τό
1407 2411 1536 2464 αὐτὸ
1589 2416 1678 2464 καὶ
1739 2410 1849 2464 έπι-

234 2503 457 2571 τίμησιν
529 2499 672 2570 ἔχειν
751 2505 842 2552 τοῦ
946 2501 1342 2574 ἁμαρτήματος,
1412 2504 1503 2553 καὶ
1554 2503 1848 2574 γυμνάσιον

236 2587 489 2649 ἀπαθείας
532 2588 649 2658 (99)
785 2587 942 2660 ψυχῇ
970 2590 1230 2660 γίνεσθαι.
1261 2590 1405 2657 Οἶον,
1428 2589 1667 2664 ὠργίσθη
1723 2593 1848 2664 πρὸς

235 2681 327 2728 τὸν
385 2676 615 2750 ὁμήλικα
669 2693 684 2744 ;
734 2684 915 2730 τοῦτον
975 2681 1312 2754 θεραπεῦσαι,
1367 2685 1458 2732 καὶ
1515 2680 1848 2754 ὑπηρετῆσαι

239 2765 382 2838 αύτῷ
424 2768 560 2820 κατά
614 2764 893 2839 ἀναλογίαν
938 2774 1032 2820 τοῦ
1079 2767 1408 2842 τολμήματος
1440 2767 1844 2842 ἀναγκασθήτω.

235 2853 294 2907 ’0
350 2859 453 2930 γὰρ
526 2858 653 2930 πρὸς
730 2860 823 2914 τήν
886 2861 1199 2910 ταπείνωσιν
1267 2858 1484 2931 ἐθισμὸς
1542 2855 1647 2912 οἷον
1702 2858 1848 2914 έκτέ-

250 2963 366 3016 μνει
413 2946 487 3016 (ι)
537 2953 630 3007 τῆς
683 2944 873 3018 ψυχῆς
927 2950 986 2999 τὸ
1044 2949 1383 3020 θυμούμενον,
1441 2955 1538 3008 τῆς
1584 2946 1850 3022 έπάρσεως

243 3035 314 3094 ὡς
359 3034 425 3084 τά
469 3033 629 3086 πολλά
681 3036 806 3107 ἡμῖν
864 3040 954 3094 τήν
1005 3036 1168 3109 ὀργήν
1232 3035 1575 3108 ἐμποιούσης.
1635 3036 1847 3107 Ἥψατο

1955 1870 2038 1925 ris
2065 1867 2472 1925 decernantur
2501 1870 2960 1926 exercitationes
2988 1875 3046 1926 et
3082 1871 3258 1927 diota:
3273 1872 3626 1943 peculiares.

1958 1955 2321 2014 Prteﬁciatur
2343 1963 2545 2013 autem
2572 1957 2794 2014 talibus
2823 1959 3133 2031 quispiam
3188 1964 3362 2016 astate
3412 1977 3630 2034 prove-
3690 2017 3692 2020 ,

1957 2048 2126 2117 otior,
2154 2047 2519 2120 caeterisquae
2533 2048 2898 2120 experientia
2916 2049 3425 2123 praestantior,qui
3447 2051 3630 2108 etiam

1955 2136 2210 2194 lenitatis
2243 2137 2654 2194 testimonium
2678 2137 2930 2198 habeat:
2955 2144 3017 2194 ut
3041 2144 3296 2210 paterna
3311 2140 3633 2198 clementia

1958 2242 2028 2283 ac
2058 2227 2247 2298 perito
2273 2242 2550 2282 sermone
2572 2227 2834 2296 corrigat
2845 2228 3142 2298 juvenum
3155 2234 3424 2300 peccata,
3449 2233 3632 2301 atque

1957 2314 2286 2388 peculiaria
2311 2315 2584 2372 remedia
2615 2315 2868 2384 singulis
2898 2315 3127 2372 deliciis
3161 2316 3374 2374 aﬂ‘erat
3397 2316 3632 2384 ;simul-

1955 2420 2075 2478 que
2107 2409 2164 2460 et
2191 2404 2666 2478 reprehendatur
2690 2409 3028 2476 peccatum,
3057 2408 3117 2461 et
3153 2405 3360 2462 anima
3397 2405 3478 2463 ad
3520 2406 3633 2464 im-

1956 2493 2377 2566 perturbatum
2393 2494 2725 2566 quemdam
2740 2499 2965 2550 statum
2983 2496 3634 2569 exerceatur.Exempli

1958 2600 2164 2653 causa,
2206 2584 2396 2642 iratus
2446 2588 2539 2640 est
2589 2583 2896 2657 quispiam
2957 2600 3070 2641 suo
3099 2584 3398 2658 coaequali
3425 2586 3454 2642 ?
3481 2587 3634 2642 Eum

1959 2673 2227 2745 placare,
2275 2672 2515 2746 ipsique
2559 2689 2671 2746 pro
2701 2673 2984 2731 facinoris
3011 2675 3246 2731 ratione
3286 2674 3633 2731 subservire

1957 2769 2229 2835 cogatur.
2277 2767 2425 2821 Nam
2479 2763 2833 2820 humilitatis
2891 2765 3225 2821 assuetudo
3247 2763 3632 2822 iracundiam

1957 2852 2146 2909 animi
2175 2852 2353 2925 quasi
2383 2851 2680 2908 exscindit
2707 2868 2720 2906 :
2747 2867 2887 2908 cum
2912 2857 3125 2909 contra
3145 2852 3422 2924 ejusdem
3451 2851 3632 2909 elatio

1959 2942 2320 3014 plerumque
2350 2941 2528 2996 nobis
2555 2941 2710 2997 iram
2761 2942 3093 3010 iugeneret.
3142 2941 3413 3014 Sumpsit
3463 2939 3635 2998 cibos

1956 3035 2176 3103 praeter
2197 3036 2436 3102 tempus
2465 3030 2492 3083 ?
2523 3031 2782 3086 Maxima
2809 3030 2928 3085 diei
2950 3034 3120 3102 parte
3135 3030 3388 3102 jejunet.
3411 3033 3630 3086 immo-

240 3119 538 3194 βρωμάτων
599 3125 746 3197 παρά
796 3129 976 3198 καιρόν
1026 3141 1040 3191 ;
1097 3123 1183 3178 ἐπὶ
1223 3123 1464 3178 πλεῖστον
1501 3132 1597 3187 τῆς
1645 3127 1845 3200 ἡμέρας

1964 3120 2090 3176 dice
2121 3123 2227 3176 aut
2245 3119 2531 3175 indecore
2551 3119 2758 3174 cibum
2789 3119 3019 3191 cepisse
3047 3118 3464 3191 deprehensus
3495 3119 3634 3175 est?

234 3207 489 3273 ἀπόσιτος
539 3213 691 3267 ἔστω.
760 3213 1015 3287 ’Δμέτρως
1087 3215 1116 3273 ἦ
1181 3212 1504 3287 ἀσχημόνως
1569 3217 1848 3288 στούμενος

232 3302 566 3372 κατεγνώσθη
631 3319 645 3368 ;
699 3305 836 3354 κατά
898 3322 987 3354 τον
1017 3306 1198 3378 καιρὸν
1227 3311 1326 3366 τῆς
1371 3311 1568 3378 τροφῆς
1616 3305 1848 3378 εἰργόμε.

229 3407 317 3452 νος
360 3397 463 3441 τῶν
513 3393 716 3454 σιτίων,
776 3391 899 3462 ὁρᾴν
943 3395 1058 3452 τοὺς
1125 3390 1310 3454 ἄλλους
1367 3393 1483 3446 κατ’
1543 3393 1848 3467 ἐπιστήμην

231 3477 503 3539 έσθίοντας
578 3475 976 3549 ἀναγκαζέσθω,
1056 3481 1188 3533 ὥστε
1245 3485 1336 3534 καὶ
1391 3481 1712 3543 κολάζεσθαι
1780 3491 1844 3556 τῇ

232 3565 442 3640 ἀποχῇ,
488 3571 579 3620 καὶ
628 3563 992 3622 διδάσκεσθαι
1032 3573 1127 3628 τήν
1163 3574 1478 3642 σεμνότητα.
1517 3575 1689 3643 Λόγον
1721 3570 1850 3644 ἀφῇ-

225 3677 318 3712 κεν
369 3655 546 3732 ἀργὸν,
588 3656 740 3731 ὕϐριν
799 3657 875 3721 είς
919 3661 1008 3711 τὸν
1049 3657 1298 3727 πλησίον,
1356 3656 1575 3731 ψεῦδος,
1626 3660 1748 3714 ἄλλο
1795 3677 1850 3714 τι

226 3755 336 3800 τῶν
383 3745 816 3822 ἀπηγορευμένων
884 3763 900 3816 ;
954 3754 1029 3822 Τῇ
1087 3766 1142 3802 τε
1175 3753 1363 3821 γαστοὶ
1411 3754 1500 3803 καὶ
1548 3757 1612 3824 τῇ
1671 3759 1845 3824 σιωπῇ

215 3837 664 3912 κσωφρονιζέσθω.

302 3931 358 3983 3.
417 3933 505 3980 Δεί⁹
548 3923 608 3981 δὲ
651 3931 742 3981 καὶ
793 3930 889 3987 τήν
918 3935 1020 3981 τῶν
1054 3930 1380 4002 γραμμάτων
1409 3929 1626 4002 μελέτην
1657 3930 1849 3984 οἰκείαν

225 4012 366 4070 εἶναι
413 4024 490 4088 τῷ
531 4023 734 4086 σκοπᾲν
803 4017 940 4069 ὥστε
990 4022 1082 4070 καὶ
1139 4016 1392 4090 ὀνόμασιν
1449 4018 1639 4081 αύτούς
1659 4019 1848 4082 τοῑςέκ

221 4115 330 4160 τῶν
382 4112 596 4180 Γραφῶν
654 4110 732 4177 (2)
794 4109 1121 4181 κεχρῆσθαι,
1143 4113 1234 4160 καὶ
1264 4106 1379 4162 ἀντὶ
1405 4112 1596 4184 ’μύθων
1625 4113 1720 4172 τὰς
1749 4119 1850 4163 τῶν

221 4191 547 4268 παραδόξων
595 4197 758 4268 ἔργων
811 4196 1044 4267 ἱστορίας
1102 4195 1280 4260 αὐτοῖς
1356 4193 1684 4269 διηγεῖσθαι,
1759 4204 1850 4253 καὶ

222 4291 464 4359 γνώμαις
537 4280 809 4337 παιδεύειν
868 4290 982 4344 ταῖς
1051 4283 1110 4336 ἐκ
1175 4294 1276 4337 τῶν
1353 4293 1676 4362 Παροιμιῶν,
1759 4293 1851 4342 καὶ

225 4376 370 4430 οἰθλα
426 4380 639 4448 μνήμης
695 4374 960 4446 ὀνομάτων
1025 4393 1078 4427 τε
1132 4380 1222 4427 καὶ
1275 4380 1596 4449 πραγμάτων
1674 4380 1852 4441 αὐτοῖς

1957 3209 2093 3283 Ipse
2133 3207 2474 3265 refectionis
2501 3213 2770 3280 tempore
2801 3223 2838 3264 a
2868 3207 3004 3264 cibo
3021 3208 3300 3277 abactus,
3329 3206 3480 3264 alios
3518 3207 3633 3263 rite

1958 3300 2202 3356 edentes
2226 3299 2447 3356 intueri
2471 3303 2748 3368 cogatur,
2773 3302 2836 3354 ut
2855 3301 2912 3354 et
2925 3297 3294 3354 abstinentia
3309 3295 3630 3370 plectatur.

1958 3394 2016 3446 et
2041 3390 2421 3446 honestatem
2469 3387 2686 3444 discat.
2747 3387 2993 3444 Protulit
3052 3387 3308 3444 verbum
3337 3385 3625 3460 otiosum,

1959 3479 2393 3536 contumeliam
2419 3477 2480 3534 in
2518 3477 2893 3550 proximum,
2921 3477 3339 3547 mendacium,
3397 3475 3635 3550 aliquid

1957 3568 2125 3625 aliud
2154 3567 2325 3642 quod
2367 3567 2756 3624 interdictum
2787 3567 2916 3622 sit?
2947 3569 3010 3624 Et
3037 3571 3246 3624 ventre
3291 3570 3351 3623 et
3392 3566 3630 3624 silentio

1940 3659 2307 3730 castigetur.

2031 3933 2084 3984 3.
2117 3932 2307 4002 Atque
2337 3925 2518 3983 etiam
2542 3925 2878 3984 litterarum
2907 3925 3173 3984 studium
3196 3939 3410 3982 eorum
3455 3924 3632 3982 insti-

1959 4022 2088 4076 tuto
2135 4016 2671 4074 accommodatum
2701 4033 2836 4074 esse
2866 4021 3120 4090 oportet,
3171 4021 3228 4073 et
3252 4015 3569 4074 vocabulis
3595 4033 3631 4074 e

1963 4109 2269 4181 Scriptura
2298 4108 2557 4180 sumptis
2587 4112 2850 4170 utantur,
2878 4114 2934 4164 et
2963 4107 3111 4180 ipsis
3153 4111 3475 4164 narrentur
3528 4105 3636 4164 ad-

1961 4197 2336 4255 mirabilium
2369 4195 2667 4252 factorum
2696 4196 2964 4253 historiae
2994 4197 3129 4253 loco
3175 4195 3544 4267 fabularum,
3577 4199 3638 4253 et

1961 4286 2337 4341 edoceantur
2361 4284 2688 4340 sententias
2714 4284 3200 4354 Proverbiorum,
3233 4289 3292 4341 et
3321 4283 3634 4340 memoriae

1962 4373 2216 4448 praemia
2241 4372 2470 4429 eisdem
2511 4379 2936 4446 proponantur
2966 4377 3090 4429 tam
3123 4389 3235 4446 pro
3279 4371 3636 4428 nominibus

224 4465 540 4541 προτιθέναι
573 4503 587 4530 ,
665 4464 800 4514 ὥστε
852 4465 982 4535 μετὰ
1056 4466 1394 4538 τερπνότητος
1475 4471 1565 4519 καὶ
1633 4465 1847 4529 ἀνέσεως

1964 4479 2150 4538 quam
2163 4479 2274 4535 pro
2292 4462 2497 4532 rebus,
2520 4469 2585 4518 ut
2590 4463 2884 4535 jucunde.
2899 4469 2956 4520 et
2983 4463 3162 4536 quasi
3181 4462 3457 4518 animum
3479 4461 3636 4518 rela-

227 4555 447 4614 ἀλύπως
504 4552 682 4614 αὐτοῖς
735 4556 826 4604 καὶ
872 4550 1222 4625 ἀπροσκόπως
1274 4557 1362 4606 τὸν
1423 4559 1616 4608 σκοπὸν
1675 4553 1855 4610 διανύ-

228 4647 410 4700 εσθαι.
470 4646 571 4698 Καὶ
626 4644 656 4702 ή
706 4646 954 4715 προσοχή
1015 4638 1076 4695 δε
1142 4649 1240 4705 τῆς
1281 4639 1521 4708 διανοίας
1567 4646 1666 4716 (3),
1699 4652 1790 4699 καὶ
1827 4649 1854 4700 ὁ

304 4821 422 4894 (95)
455 4824 597 4892 Reg.
625 4821 859 4896 primus
889 4825 948 4878 et
975 4823 1147 4896 Voss.
1187 4825 1477 4894 ἀναγκαίας
1501 4826 1634 4883 οὒση
1648 4845 1686 4886 ς.

305 4893 425 4967 (96)
442 4897 584 4964 Reg.
598 4893 836 4967 primus
855 4893 1214 4967 emendatus
1232 4898 1362 4967 προς
1383 4897 1698 4960 κατάνοιξιν,
1723 4900 1853 4955 Mox

231 4966 431 5024 codex
457 4965 624 5022 Voss.
655 4966 714 5041 ού
744 4970 952 5038 μικρόν.
989 4965 1201 5041 Statim
1233 4965 1414 5041 editi.)
1449 4967 1853 5041 BasilﬂoﬁOua

228 5041 598 5122 προσγίνεται,
625 5035 779 5094 etita
807 5035 1052 5110 quoque
1074 5035 1292 5122 legitur
1317 5038 1378 5094 in
1400 5035 1662 5121 editione
1691 5042 1850 5097 Pari-

230 5125 445 5167 siensi.
475 5107 626 5164 Illud
654 5113 995 5180 προσγίνεται
1024 5122 1222 5180 neque
1274 5123 1335 5165 in
1362 5109 1624 5167 editione
1674 5113 1848 5180 Ven.,

230 5127 445 5167 8181181.
477 5127 626 5164 luua
654 5128 695 5162 π
731 5127 995 5180 οσγινιται
1024 5127 1222 5180 neque
1274 5127 1335 5165 In
1362 5127 1624 5167 θαιῐιοῐιθ
1683 5127 1848 5180 ven.,

229 5196 436 5262 neque
488 5180 549 5236 in
597 5128 804 5262 codice
844 5182 1011 5236 Voss.
1061 5195 1258 5252 neque
1315 5181 1377 5237 in
1427 5181 1560 5238 aliis
1586 5190 1851 5256 quatuor

233 5269 388 5309 mss.
414 5257 735 5308 invenitur.

309 5326 428 5394 (97)
450 5323 596 5401 R:eg.
617 5324 854 5401 primus
883 5326 974 5375 καὶ
1003 5318 1189 5376 δίαιτα
1213 5325 1342 5380 Mox
1371 5339 1530 5380 unus
1557 5341 1706 5385 mss.
1727 5345 1850 5401 πρε-

236 5393 445 5457 πόντως
475 5393 823 5469 ἀφορίζέσθω.

313 5470 427 5543 (98)
473 5464 679 5543 Codex
745 5469 911 5543 voss.
937 5464 1380 5543 _§1r0:v09_9_0609m
1400 5467 1603 5543 οἰκείως
1645 5470 1848 5543 ἑκάστῳ

242 5541 566 5610 πταίσματι,
598 5540 752 5605 ὥστε,
786 5537 1028 5594 brevius
1054 5537 1326 5610 quidem,
1358 5539 1466 5595 sed
1515 5556 1697 5598 sensu
1722 5537 1846 5599 non

245 5608 554 5684 dissimili.
586 5612 733 5684 Reg.
759 5610 997 5684 primus
1010 5608 1381 5684 emendatus
1397 5610 1678 5684 έπάγοντα.

326 5682 444 5752 (99)
473 5681 615 5751 Reg.
643 5681 882 5756 primus
901 5685 961 5742 et
979 5683 1151 5740 Voss.
1182 5685 1242 5740 et
1258 5681 1427 5740 Colb.
1451 5681 1744 5758 γυμνάσιον
1769 5685 1848 5739 εύο

1963 4559 2200 4623 xantes,
2229 4551 2396 4607 nulla
2435 4568 2574 4609 cum
2621 4552 2926 4616 molestia,
2955 4551 3244 4624 nullaque
3274 4549 3633 4618 offensione,

1962 4643 2042 4700 ad
2063 4657 2319 4715 scopum
2340 4641 2706 4714 pertingant.
2729 4643 2902 4715 357
2933 4645 3344 4712 Praetereaque
3365 4639 3473 4712 qui
3491 4643 3636 4695 sunt

1960 4825 2211 4892 πειθείας,
2257 4822 2606 4878 οὸειίίεηίιέε
2665 4822 3044 4878 exercitatio.
3072 4819 3375 4875 Editiones
3395 4822 3631 4874 veteres

1962 4901 2019 4952 et
2055 4891 2324 4949 Combef.
2349 4899 2406 4949 et
2436 4896 2578 4963 Reg.
2610 4893 2814 4949 tertius
2845 4891 3128 4952 ἀπειθείας.

2035 4968 2109 5033 (1)
2162 4965 2400 5036 Legitur
2439 4967 2499 5020 in
2527 4960 2710 5022 ‘Colb.
2744 4967 2896 5037 οἱονεὶ
2929 4963 3175 5037 ἐκτέμνει.
3200 4965 3326 5018 Mox
3359 4960 3628 5037 antiquae

1961 5031 2270 5095 editiones'
2299 5042 2355 5092 et
2395 5038 2544 5108 Reg.
2595 5036 2902 5092 secundus
2955 5031 3052 5108 τῆς
3081 5035 3349 5108 έπάρσεως
3381 5031 3628 5093 πολλάκις

1960 5114 2086 5183 ἡμῖν
2138 5113 2231 5167 τήν
2279 5109 2452 5183 ,ὀργήν
2487 5106 2868 5183 ήέμποιούσης.
2926 5107 3036 5163 Alii
3088 5106 3205 5163 tres
3253 5121 3404 5183 mss.
3485 5118 3629 5183 cum

1963 5174 2130 5238 Voss.
2176 5185 2247 5255 ut
2276 5174 2336 5236 in
2359 5174 2678 5255 'conte'xtu.
2731 5182 2868 5255 [ltro
2899 5183 3104 5233 autem
3134 5177 3331 5255 modo
3369 5174 3626 5255 legatur,

1959 5270 2081 5310 non
2125 5251 2385 5308 multum
2429 5252 2697 5309 interest.
2756 5253 2904 5306 Nam
2953 5265 3027 5306 ex
3083 5253 3339 5321 utraque
3371 5246 3628 5302 lectione

1959 5325 2173 5383 eadem
2192 5323 2694 5397 planesententia
2714 5322 2994 5397 efﬁcitur.

2027 5402 2097 5461 (2)
2120 5395 2321 5452 Codex
2354 5395 2527 5449 Voss.
2559 5414 2659 5468 των
2695 5395 3372 5468 πραγμάτωνζοοΐνιιριθ.

2028 5473 2108 5540 (3)
2149 5466 2634 5540 Regsprimus'll
2683 5461 2962 5540 προσευχῇ
3017 5461 3076 5516 δ”ε
3094 5461 3449 5540 τῆςηὴεξητίε
3488 5475 3626 5540 ’ρο-ε-

1956 5531 2134 5598 cutio.
2154 5531 2532 5610 Haud-longe
2561 5531 2732 5597 idem
2756 5531 3204 5612 Πιείῖγγίνοιτο.
3265 5535 3427 5590 Alter

1955 5633 2156 5686 γνοιτο,
