4110 6396
477 323 585 385 οδε
1835 315 1893 371 s.
1940 279 2208 370 BASlLll.
2231 313 2468 370 mem.
3751 320 3858 378 σεδ

490 445 818 520 ejusmodi,
841 449 998 503 recte
1031 445 1291 514 educati,
1322 442 1710 499 attentionem
1746 439 1934 497 animi
1972 438 2111 495 facil

2259 445 2350 490 τοῦ
2404 443 2477 511 μὴ
2531 441 2942 516 μετεωρίζεσθαι
2986 440 3218 515 ἐθισμὸς,
3279 441 3497 506 εὐκόλως
3544 442 3606 494 ἀν
3637 440 3732 506 διὰ
3759 446 3857 507 τῆς

480 543 903 611 assequentur,
939 540 1118 608 atque
1140 535 1358 590 mentis
1391 532 1836 588 aberrationem
1850 529 2039 586 vitare
2056 544 2103 584 a:

2256 527 2417 603 ὀρθῆς
2479 528 2692 602 ἀγωγῆς
2762 539 2874 593 τοῖς
2927 535 3179 593 τοιούτοις
3255 532 3530 606 ἐγγένοιτο,
3603 533 3645 586 εἰ
3713 537 3860 609 ποιρά

483 631 785 698 suescent,
813 627 862 682 si
895 642 930 682 a
960 625 1262 695 magistris
1289 623 1530 679 assidue
1559 621 2017 690 interrogentur,
2041 619 2106 673 ui

2255 626 2356 669 τῶν
2462 618 2876 674 ἐπιστατούντων
2973 631 3205 695 συνεχῶς
3306 621 3683 698 ἀνακρίνοιντο,
3755 630 3857 676 ποῦ

481 719 556 775 sit
601 733 814 774 eorum
872 715 1132 781 animus,
1185 719 1241 769 et
1268 711 1418 786 quid
1453 712 1513 768 in
1540 716 1742 767 mente
1774 713 2027 766 versent.
2056 711 2098 764 E

2256 711 2452 780 ἔχουσι
2501 715 2595 769 τὴν
2643 708 2898 778 διάνοιαν,
2953 718 3042 765 καὶ
3084 719 3136 766 τί
3198 718 3507 790 στρέφουσιν
3538 713 3587 766 ἐν
3637 721 3749 776 τοῖς
3775 714 3858 767 λο-

479 809 643 866 enim
673 807 778 864 illa
825 811 992 873 mtas,
1025 809 1233 877 utpote
1265 803 1542 875 simplex,
1576 800 1806 858 fraudis
1833 800 2056 864 nescia,
2090 814 2102 853 ι

2255 807 2488 872 γισμοῖς.
2538 804 2610 852 Τό
2668 805 2770 876 γὰρ
2823 801 3018 857 διπλοῦν
3075 811 3167 864 τῆς
3214 803 3423 866 ἣλικίας
3483 808 3573 856 καὶ
3643 801 3853 873 ἄδολον,

481 900 561 957 ad
587 897 981 954 mendacium
1012 896 1236 967 inepta,
1257 894 1425 951 nullo
1445 893 1690 962 negotio
1712 891 1898 947 animi
1919 905 2102 948 arcan

2255 893 2346 939 καὶ
2402 892 2535 962 πρὸς
2584 894 2640 942 τὸ
2708 889 2905 962 ψεῦδος
2962 889 3342 960 ἀνεπιτήδειον,
3425 892 3717 968 ἐξαγορεύει
3765 897 3857 967 μὶν

479 989 722 1064 prodit:
756 987 992 1045 accedit
1020 987 1223 1053 etiam,
1257 985 1424 1057 quod
1454 985 1560 1057 qui
1580 983 1717 1038 talis
1746 988 1856 1049 est,
1888 997 1965 1037 ne
2015 996 2102 1054 pe]

2257 977 2480 1040 εύκόλως
2523 981 2588 1031 τὰ
2635 979 2907 1056 ἀπόρρητα
2959 991 3051 1046 τῆς
3106 983 3312 1056 ψυχῆς
3365 985 3492 1058 ὑπερ
3546 979 3606 1036 δι
3650 991 3742 1036 τοῦ
3780 988 3853 1058 μὴ

476 1087 661 1154 petuo
690 1079 883 1135 vetitis
911 1078 1272 1134 commentis
1315 1074 1628 1132 immorari
1659 1071 2099 1146 deprehendatt

2259 1077 2492 1142 συνεχῶς
2556 1069 3110 1145 ἐγκαταλαμϐάνεσθαι
3191 1081 3303 1135 τοῖς
3381 1071 3854 1147 ἀπηγορευμένοις,

479 1171 664 1243 fugiet
693 1168 993 1225 absurdas
1009 1166 1425 1236 cogitationes,
1450 1168 1632 1236 atque
1650 1163 2102 1234 objurgationul

2258 1161 2284 1211 ό
2342 1167 2578 1222 τοιοῦτος
2633 1164 2812 1233 φεύγοι
2859 1162 2922 1214 ἃν
2967 1164 3062 1224 τάς
3107 1170 3205 1215 τῶν
3262 1162 3466 1216 ἀτόπων
3519 1163 3732 1232 ἐννοίας,
3768 1169 3859 1217 καὶ

479 1260 743 1316 dedecus
765 1258 1077 1324 reveritus,
1105 1257 1498 1327 semetipsum
1525 1252 1768 1310 assidue
1796 1253 1875 1307 ab
1930 1252 2102 1323 ineth

2263 1258 2498 1321 συνεχῶς
2551 1251 2733 1302 ἑαυτὸν
2787 1251 2841 1303 ἐκ
2897 1260 2997 1303 τῶν
3057 1251 3261 1305 ἀτόπων
3311 1252 3704 1320 ἀνακαλέσεται,
3765 1260 3861 1314 τὴν

479 1347 809 1407 revocabit.

2257 1339 2314 1391 ἐκ
2344 1340 2698 1413 τῶν-,ἐλέγχων
2719 1341 2985 1414 αἰσχύνην
3012 1341 3338 1414 φοϐούμενος.

551 1439 604 1490 4.
650 1435 903 1490 Animus
945 1433 1126 1502 igitur
1169 1431 1318 1486 dum
1348 1428 1550 1486 adhuc
1580 1427 1753 1484 facile
1779 1427 2147 1484 conformari

2328 1433 2380 1486 4.
2442 1430 2742 1484 Εύπλαστον
2793 1430 2883 1484 οὖν
2930 1433 3006 1484 ἔτι
3054 1437 3214 1485 οὖσαν
3272 1437 3361 1486 καὶ
3402 1432 3603 1492 ἁπαλὴν
3633 1438 3727 1492 τὴν
3751 1434 3863 1507 ψυ-

479 1527 696 1598 potest,
766 1524 1037 1596 dumque
1075 1527 1246 1577 tener
1275 1525 1382 1587 est,
1416 1535 1486 1575 ac
1519 1519 1711 1574 instar
1739 1518 1939 1574 mollis
1971 1533 2102 1573 cera

2255 1525 2384 1592 χὴν,
2443 1526 2532 1573 καὶ
2576 1523 2639 1582 ὡς
2695 1526 2856 1596 κηρὸν
2922 1525 3168 1590 εὔεικτον,
3227 1529 3340 1583 ταῖς
3383 1531 3480 1576 τῶν
3520 1522 3861 1598 ἐπιϐαλλομέ-

475 1629 680 1672 rerum
701 1614 1045 1670 oblatarum
1071 1612 1302 1667 formas
1331 1610 1498 1666 nullo
1527 1607 1770 1678 negotio
1816 1606 2031 1677 induit,
2065 1623 2098 1663 a

2255 1627 2353 1660 νων
2427 1617 2651 1684 μορφαῖς
2716 1607 2918 1685 ῥᾳδίως
2976 1610 3402 1685 ἐκτυπουμένην,
3479 1617 3612 1686 πρὸς
3685 1619 3861 1667 πᾶσαν

479 1704 687 1761 omnia
717 1703 880 1759 bona
904 1702 1105 1758 statim
1126 1701 1205 1756 ab
1225 1699 1392 1756 initio
1422 1699 1795 1754 exercendus
1819 1702 1912 1753 est
1935 1701 2022 1752 :ut
2041 1697 2102 1752 ut

2256 1695 2462 1770 ἀγαθῶν
2510 1700 2739 1757 οἶσκησίν
2792 1700 2944 1761 εὐθὺς
2989 1705 3079 1753 καὶ
3137 1700 3190 1764 ἐξ
3236 1700 3412 1774 ἀρχῆς
3451 1700 3725 1774 ἐνάγεσθαι
3789 1704 3861 1774 (4)

479 1793 738 1850 adfuerit
763 1794 936 1862 ratio,
961 1791 1328 1862 habitusque
1350 1787 1733 1845 discernendi
1753 1788 2087 1858 accesserit,

2255 1793 2392 1863 χρή’
2451 1791 2587 1842 ὥστε
2638 1797 2732 1841 τοῦ
2775 1789 2931 1862 λόγου
2979 1797 3416 1864 προσγενομένου,
3476 1797 3565 1844 καὶ
3619 1803 3715 1856 τῆς
3745 1790 3863 1846 δια-

475 1883 654 1954 jactis
678 1882 848 1939 initio
879 1881 1210 1943 elementis,
1243 1884 1358 1936 eta
1378 1878 1608 1935 traditis
1645 1877 1888 1950 pietatis
1935 1877 2098 1933 form;

2255 1886 2493 1952 κριτικῆς
2542 1879 2691 1942 ἕξεως
2742 1880 3150 1954 προσελθούσης,
3221 1878 3416 1955 δρόμον
3487 1883 3750 1958 ὑπάρχειν
3807 1883 3861 1935 ἐκ

482 1987 698 2029 cursus
726 1972 1096 2034 instituatur,
1130 1971 1358 2028 ratione
1381 1971 1442 2025 id
1467 1969 1636 2041 quod
1667 1967 1807 2023 utile
1839 1971 1896 2023 et
1934 1981 2105 2038 suggt

2255 1975 2355 2020 τῶν
2421 1968 2474 2031 ἐξ
2507 1969 2685 2042 ἀρχῆς
2738 1975 3040 2042 στοιχείων,
3082 1989 3172 2024 και
3208 1991 3309 2025 των
3334 1969 3740 2048 παραδοθέντων
3769 1981 3861 2034 τῆς

477 2067 667 2130 rente,
695 2061 1132 2118 consuetudine
1155 2075 1296 2116 vero
1315 2058 1658 2114 facilitatem
1685 2056 1767 2112 ad
1786 2062 1943 2112 recte
1963 2071 2100 2127 ager

2258 2057 2525 2121 εὐσεϐείας
2549 2063 2744 2128 τύπων,
2776 2070 2868 2113 τοῦ
2899 2064 2990 2134 μὲν
3015 2061 3172 2134 λόγου
3203 2065 3260 2114 τὸ
3317 2066 3591 2136 χρήσιμον
3637 2062 3862 2116 ὑποϐάλ-

485 2150 636 2206 dum
663 2151 989 2223 praebente.
1020 2153 1181 2206 Tunc
1209 2155 1414 2205 autem
1446 2147 1823 2203 admittenda
1851 2151 1941 2202 est
1967 2146 2108 2216 virgi

2254 2147 2448 2214 λοντος,
2486 2157 2577 2202 τοῦ
2619 2147 2678 2204 δὲ
2723 2153 2871 2212 ἔθους
2923 2151 3197 2226 εύμάρειαν
3260 2156 3387 2226 πρὸς
3445 2156 3505 2205 τὸ
3575 2156 3863 2226 κατορθοῦν

479 2240 685 2297 uitatis
734 2240 1044 2312 professio,
1104 2243 1398 2310 tanquam
1429 2251 1567 2310 quae
1593 2237 1724 2308 jam
1753 2236 1932 2290 firma
1963 2235 2058 2306 sit,
2089 2250 2102 2289 ι

2257 2240 2608 2311 ἐμποιοῦντος.
2648 2245 2775 2294 Τότε
2821 2246 2912 2293 καὶ
2961 2245 3058 2300 τὴν
3110 2241 3388 2314 ὁμολογίαν
3436 2250 3534 2305 τῆς
3581 2247 3865 2319 παρθενίας

479 2343 618 2401 quas
647 2328 728 2384 ab
751 2328 1026 2400 ipsorum
1051 2325 1348 2382 sententia
1370 2341 1442 2381 ac
1457 2325 1690 2396 judicio
1728 2323 2102 2398 proﬁciscatu

2256 2331 2574 2403 προσίεσθαι
2613 2327 2714 2397 δεῖ,
2770 2333 2834 2391 ὡς
2873 2327 2980 2389 ἤδη
3038 2329 3276 2404 βεϐαίαν,
3342 2337 3433 2386 καὶ
3487 2331 3589 2386 ἀπὸ
3656 2340 3865 2407 γνώμης

474 2418 604 2490 jam
636 2418 903 2490 perfecta
927 2422 985 2473 et
1013 2417 1294 2473 absoluta
1319 2416 1554 2472 ratione
1588 2431 1600 2468 :
1627 2420 1766 2486 post
1795 2414 1962 2486 quod
2005 2419 2097 2469 ten

2257 2419 2452 2481 οἰκείας
2525 2425 2614 2472 καὶ
2687 2425 2908 2493 κρίσεως
2955 2426 3229 2494 γινομένην
3295 2425 3426 2495 μετά
3485 2427 3582 2482 τὴν
3624 2431 3718 2477 τοῦ
3773 2424 3861 2476 λό-

479 2522 597 2580 pus
635 2513 690 2563 et
721 2507 972 2580 pramia
1018 2512 1076 2562 et
1101 2521 1300 2579 preme
1332 2505 1726 2577 peccantibus
1753 2511 1858 2559 aut
1875 2508 2033 2559 recte
2064 2503 2102 2558 ft

2255 2527 2350 2580 γου
2404 2511 2480 2580 (5)
2543 2509 2940 2586 συμπλήρωσιν·
3005 2511 3118 2583 μεθ’
3173 2513 3224 2564 ὃν
3282 2517 3374 2564 καὶ
3422 2521 3592 2586 τιμαῖ,
3649 2519 3740 2566 καὶ
3779 2533 3862 2566 τι-

481 2595 781 2654 cientibu
807 2597 886 2654 ab
908 2611 1086 2670 aequo
1107 2597 1311 2667 judice
1343 2611 1453 2668 pro
1478 2610 1732 2667 operum
1775 2593 1990 2649 merito
2040 2594 2104 2649 de

2257 2604 2454 2672 μωρίαι
2507 2608 2616 2664 τοῖς
2669 2601 3080 2674 ἁμαρτάνουσιν,
3141 2603 3171 2661 ἦ
3213 2610 3325 2664 τοῖς
3371 2606 3689 2678 κατορθοῦσι
3719 2606 3865 2679 παρά

481 2691 830 2744 cernuntur.
860 2691 1063 2744 Testes
1092 2691 1295 2742 autem
1338 2686 1590 2756 hujusce
1637 2685 1933 2757 propositi
1979 2683 2101 2740 adh

2255 2697 2348 2740 τοῦ
2397 2685 2609 2744 δικαίου
2663 2697 2845 2766 κριτοῦ
2901 2692 3037 2744 κατά
3090 2695 3186 2751 τὴν
3241 2700 3340 2745 τῶν
3393 2695 3550 2766 ἔργων
3594 2690 3742 2754 ἀξίαν
3774 2690 3859 2744 δί-

481 2778 668 2834 bendi
698 2783 837 2834 sunt
858 2777 1245 2833 ecclesiarum
1272 2775 1555 2848 prafecti,
1584 2775 1941 2846 utipsorum
1961 2789 2104 2846 oper

2259 2774 2442 2831 δονται
2474 2779 2574 2845 (6).
2629 2781 2914 2855 Μάρτυρας
2966 2777 3025 2834 δε
3083 2789 3179 2844 τῆς
3205 2788 3416 2856 γνώμης
3442 2785 3565 2845 τούς
3594 2789 3858 2856 προεστῶ-

481 2869 820 2941 etcorporis
834 2864 1429 2924 sanctimoniaveluti
1445 2881 1537 2920 res
1551 2865 2104 2938 quaedamsacraDe

2256 2887 2351 2930 τας
2403 2878 2502 2922 τῶν
2542 2869 2830 2929 ἐκκλησιῶν
2873 2871 3314 2947 παραλαμϐάνειν,
3375 2875 3509 2924 ὥστε
3565 2869 3641 2925 δι’
3693 2871 3859 2924 αὐτῶν

487 2958 819 3027 dedicetur,
849 2963 906 3015 et
926 2957 1106 3014 ﬁrma
1139 2958 1212 3013 sit
1232 2957 1361 3013 hmc
1384 2957 1539 3013 actio
1570 2971 1678 3029 per
1707 2956 2110 3012 testimonium

2256 2963 2348 3012 καὶ
2397 2962 2486 3012 τόν
2530 2960 2791 3034 ἁγιασμόν
2832 2968 2926 3015 τοῦ
2973 2968 3214 3035 σώματος
3237 2971 3412 3036 ὥσπερ
3435 2983 3485 3016 τι
3517 2961 3761 3035 ἀνάθημα
3788 2969 3861 3032 τῷ

483 3049 662 3116 Nam,
691 3049 903 3116 inquit,
933 3050 998 3104 in
1028 3063 1132 3104 ore
1151 3048 1410 3103 duorum
1432 3049 1741 3103 auttrium
1761 3046 2000 3102 testium
2029 3050 2106 3101 ειι

2258 3051 2802 3123 Θεῷυκαθιεροῡσθαι
2857 3053 2932 3121 (7)
2978 3055 3068 3105 καὶ
3125 3050 3412 3123 βεϐαίωσιν
3459 3049 3586 3104 εἶναι
3628 3057 3720 3104 τοῦ
3782 3070 3861 3122 γι-

486 3137 569 3194 ὸίι
589 3151 761 3195 omne
783 3138 1102 3194 verbum".
1119 3139 1210 3193 Sic
1243 3138 1404 3193 enim
1429 3141 1483 3193 et
1505 3137 1760 3192 fratrum
1807 3136 2028 3208 agendi
2057 3150 2109 3192 ra

2297 3142 2466 3211 ›μένου
2543 3136 2638 3192 διὰ
2692 3147 2788 3202 τῆς
2861 3145 3172 3215 μαρτυρίας.
3253 3141 3368 3196 Ἐπὶ
3436 3146 3688 3216 στόματος
3731 3143 3856 3215 γάρ,
3914 3140 3920 3153 ’

484 3225 564 3284 tio
585 3243 696 3284 nec
716 3227 876 3284 male
897 3227 1120 3296 audiet,
1150 3233 1204 3283 et
1230 3228 1314 3284 eis
1335 3227 1440 3300 qui
1467 3242 1533 3282 se
1558 3227 1723 3300 ipsos
1746 3229 1866 3282 Deo
1886 3225 2107 3298 despon

2256 3235 2410 3302 φησὶ,
2505 3226 2603 3282 δύο
2673 3234 2703 3288 ἤ
2787 3239 2943 3305 τριῶν
3007 3234 3284 3306 μαρτύρων
3361 3233 3688 3291 σταθήσεται
3755 3236 3858 3284 πᾶν

487 3317 724 3390 derunt,
751 3335 821 3375 ac
848 3319 1066 3374 deinde
1084 3318 1525 3390 professionem
1556 3318 1785 3373 irritam
1818 3316 2013 3372 facere
2044 3333 2110 3372 co

2254 3321 2421 3394 ῥῆμα.
2479 3321 2630 3372 Οὕτω
2694 3319 2796 3394 γὰρ
2854 3326 2944 3373 καὶ
3022 3323 3053 3379 ἡ
3113 3318 3322 3380 σπουδὴ
3363 3331 3464 3374 τῶν
3514 3318 3748 3394 ἀδελφῶν
3800 3323 3858 3373 τό

486 3414 730 3474 nentur,
784 3407 954 3464 nulla
1006 3407 1400 3480 impudentiae
1458 3407 1698 3463 occasio
1750 3406 2109 3479 relinquetur

2257 3407 2666 3482 ἀϐλασφὴμητον
2719 3411 2837 3476 ἕξει,
2897 3415 2988 3464 καὶ
3042 3417 3151 3474 τοῖς
3223 3411 3433 3474 ἑαυτούς
3505 3411 3862 3485 καθομολογη-

489 3497 603 3553 Sed
650 3498 754 3570 qui
800 3498 860 3553 in
910 3497 1252 3568 virginitate
1304 3497 1491 3554 vitam
1545 3513 1723 3568 agere
1752 3512 1876 3552 non
1897 3497 2043 3567 vult,
2073 3497 2112 3551 is

2259 3503 2505 3572 σαμένοις
2573 3508 2707 3571 Θεῷ,
2765 3497 2876 3554 εἶτα
2926 3499 3122 3554 ἀθετεῖν
3204 3500 3587 3578 ἐπιχειροῦσιν,
3651 3499 3858 3576 ἀφορμὴ

485 3591 783 3660 tanquam
804 3588 906 3661 qui
938 3604 1031 3644 res
1051 3588 1290 3644 Domini
1319 3603 1530 3645 curare
1557 3603 1681 3643 non
1701 3586 1920 3657 valeat,
1938 3603 2108 3643 cora:

2255 3593 2388 3662 πρὸς
2434 3589 2816 3662 ἀναισχυντιαν
2874 3590 2980 3663 οὐχ
3023 3590 3481 3664 ὑπολειφθήσεται.
3549 3590 3608 3644 Ὀ
3666 3588 3726 3645 δὲ
3787 3593 3859 3664 μὴ

486 3677 702 3733 iisdem
730 3679 979 3734 testibus
1001 3678 1359 3736 dimittatur.
1383 3682 1672 3734 Caeterum
1704 3678 1808 3750 qui
1837 3677 2109 3751 professu

2255 3676 2676 3754 καταδεχόμενος
2730 3685 2817 3733 τὸν
2874 3679 2924 3732 ἐν
2997 3682 3250 3757 παρθενίᾳ
3299 3681 3436 3754 βίον,
3497 3684 3566 3744 ὡς
3597 3681 3656 3733 ού
3699 3677 3862 3734 δυνάά

485 3765 662 3824 fuerit
691 3772 830 3840 post
865 3768 1122 3824 multam
1140 3768 1598 3839 indagationem
1645 3784 1715 3823 ac
1764 3766 2108 3824 deliberatic

2256 3789 2402 3843 μενος
2467 3775 2716 3844 μεριμνᾷν
2773 3772 2840 3824 τὰ
2911 3778 3005 3824 τοῦ
3083 3776 3300 3845 Κυρίου,
3366 3769 3450 3824 ἐπὶ
3513 3778 3614 3824 τῶν
3698 3771 3863 3840 αὑτῶ,

485 3873 649 3926 nem,
674 3873 861 3930 quam
885 3859 939 3914 ei
965 3857 1142 3914 licere
1166 3857 1348 3914 debet
1378 3858 1662 3930 privatim
1690 3857 1887 3914 facere
1909 3858 2108 3913 dierur

2257 3863 2535 3934 μαρτύρων
2590 3859 2915 3916 ἀπολυέσθω.
2973 3864 3072 3915 Τὸν
3146 3881 3206 3933 γε
3261 3866 3364 3935 μὴν
3432 3861 3865 3934 καθομολογησά-

486 3945 755 4018 plurium
788 3946 1008 4018 spatio,
1032 3961 1106 4002 ne
1133 3947 1279 4018 quid
1312 3961 1420 4019 per
1448 3953 1694 4019 raptum
1718 3962 1754 4002 a
1799 3945 1978 4002 nobis
2022 3945 2109 4001 fier

2258 3967 2406 4021 μενον
2464 3950 2539 4020 (8)
2591 3951 2721 4023 μετά
2766 3948 2958 4008 πολλὴν
3016 3947 3291 4024 ἀνάκρισιν
3311 3954 3402 4003 καὶ
3449 3949 3745 4021 ἐπίσκεψιν,
3806 3951 3866 4011 ἣν

486 4037 787 4107 videatur,
810 4037 894 4093 ita
917 4037 1166 4093 demum
1194 4037 1620 4108 suscipiendus
1647 4042 1753 4105 est,
1779 4043 1835 4092 et
1859 4037 2011 4091 inter
2030 4035 2109 4091 ira

2260 4037 2308 4090 ἐν
2351 4037 2586 4091 πλείοσιν
2629 4041 2847 4112 ἡμέραις
2885 4037 3172 4115 ἐπιτρέπειν
3226 4040 3366 4112 αύτῷ
3417 4042 3686 4093 ποιεῖσθαι
3741 4042 3865 4109 καθ,

489 4129 607 4181 tres
627 4127 1146 4192 annumerandus,
1176 4127 1456 4184 eamdem
1485 4128 1773 4199 deinceps
1809 4131 1866 4182 et
1893 4127 2112 4181 domum

2262 4128 2443 4182 ἐαυτὸν
2481 4133 2758 4204 προσήκει,
2823 4133 2893 4190 ὡς
2948 4134 3020 4202 μὴ
3084 4126 3237 4192 δόξαι
3280 4149 3333 4182 τι
3378 4131 3497 4183 καθ’
3549 4131 3867 4204 ὑπαρπαγήν

487 4220 545 4270 et
564 4215 807 4272 diaetam
833 4215 1157 4272 habiturus
1181 4233 1321 4273 cum
1348 4217 1705 4288 majoribus.
1730 4216 1845 4272 Sed
1876 4216 2045 4288 quod
2065 4216 2110 4270 d1

2260 4219 2383 4293 παρ’
2446 4221 2592 4292 ἡμῶν
2630 4222 2891 4291 γίνεσθαι,
2951 4221 3114 4282 οὕτως
3157 4217 3264 4279 ἢδη
3311 4216 3719 4294 παραδέχεσθαι
3763 4216 3866 4287 δεῖ,

489 4319 622 4361 cere
660 4321 772 4362 nos
800 4305 973 4377 fugit,
1005 4312 1063 4362 et
1090 4322 1255 4363 nunc
1275 4307 1500 4363 addere
1529 4323 1653 4363 non
1701 4306 1810 4362 abs
1841 4323 1904 4362 re
1951 4305 2112 4363 fuerit

2263 4314 2353 4362 καὶ
2416 4309 2713 4386 ἐναρίθμιον
2762 4312 3031 4364 ποιεῖσθαι
3104 4317 3166 4382 τῇ
3230 4307 3543 4382 ἀδελφότητι
3608 4314 3708 4382 (9),
3780 4315 3870 4362 καὶ

489 4409 623 4463 nos,
642 4412 796 4470 quos
817 4397 1189 4470 quibusdam
1211 4397 1443 4454 artibus
1464 4397 1665 4453 statim
1689 4412 1925 4470 apuero
1947 4397 2112 4453 dand

2263 4403 2409 4452 οἴκου
2453 4402 2566 4452 καί
2610 4397 2823 4463 διαίτης
2864 4407 2956 4461 τῆς
3009 4398 3168 4462 αὐτῆς
3215 4407 3320 4460 τοῖς
3365 4399 3692 4476 τελειοτέροις
3741 4402 3868 4474 μεθ-

490 4499 679 4558 opera
707 4486 800 4551 sit,
828 4486 934 4544 ubi
958 4488 1089 4558 jam
1118 4489 1291 4560 pueri
1341 4487 1527 4560 aliqui
1573 4485 1651 4543 ad
1698 4501 1799 4542 eas
1831 4486 2113 4542 discenda

2266 4489 2458 4553 έξοντα.
2514 4489 2580 4542 Ὀ
2630 4487 2688 4544 δι
2745 4489 3028 4565 παρέλαθεν
3058 4493 3197 4564 ἡμᾶς
3227 4490 3401 4555 εἰπεῖν,
3437 4487 3561 4543 ούδε
3590 4497 3679 4542 νῦν
3711 4509 3871 4566 προσ-

489 4576 602 4633 visi
653 4575 875 4635 fuerint
927 4593 1059 4635 esse
1109 4577 1334 4643 idonei,
1381 4594 1772 4651 nequaquam
1809 4577 2112 4650 prohibere

2269 4583 2429 4633 θεῖναι
2473 4581 2709 4657 ἄκαιρον,
2762 4583 2842 4634 ὅτι
2887 4579 2980 4634 διὰ
3040 4584 3098 4632 τὸ
3157 4599 3302 4643 τινας
3344 4589 3443 4632 τῶν
3470 4588 3670 4652 τεχνῶν
3727 4580 3873 4641 εὐθὺς

489 4668 823 4740 quominus
841 4684 982 4724 cum
1016 4670 1161 4724 artis
1191 4668 1496 4739 magistris
1528 4667 1791 4724 interdiu
1843 4683 2106 4724 manean

2266 4669 2321 4722 ἐκ
2385 4676 2576 4730 νηπίου
2653 4669 3057 4730 ἐπιτηδεύεσθαι
3121 4667 3250 4739 δεῖν,
3301 4667 3512 4723 ἐπειδὰν
3580 4667 3690 4729 ἤδη
3741 4672 3874 4732 τινες

494 4757 608 4814 Sed
632 4763 816 4814 noctu
845 4773 948 4814 eos
971 4759 1320 4814 necessario
1341 4759 1420 4814 ad
1460 4757 1728 4832 aequales
1774 4773 1918 4814 suos
1967 4761 2117 4813 trans

2266 4769 2368 4813 τῶν
2445 4758 2654 4815 παίδων
2715 4759 3024 4823 ἐπιτηδείως
3095 4763 3300 4834 ἔχοντες
3345 4769 3548 4834 φανῶσι
3594 4764 3724 4836 πρὸς
3779 4765 3873 4820 τὴν

564 4941 612 4977 ⁵³
633 4941 835 5000 Matth.
865 4956 1023 5010 xvm,
1058 4945 1142 4997 t6.

561 5089 640 5159 (4)
675 5086 876 5165 Codex
907 5086 1072 5145 Colb.
1110 5086 1488 5160 ἀναγαγέσθαι.
1525 5087 1659 5144 Mox
1709 5084 1872 5141 idem
1924 5101 2041 5142 ms.
2083 5090 2160 5140 εῦ-

2269 5110 2438 5165 μενον,
2470 5090 2578 5165 qui
2600 5087 3034 5165 professionem
3061 5092 3154 5165 est
3172 5089 3473 5165 facturus,
3493 5087 3879 5165 obligaturus

499 5158 694 5234 δρόμον
745 5161 1050 5234 ίὺπάρχεινο-
1216 5158 1220 5159 ί
1286 5158 1292 5160 ⁷
1421 5233 1441 5234 ί
1533 5230 1543 5234 -
1752 5233 1756 5234 κ
2080 5229 2091 5234 -

2268 5158 2330 5219 se
2361 5158 2530 5218 υοιιῖς.
2559 5158 2748 5234 Editio
2779 5162 2927 5216 Ven.
2959 5166 3017 5216 et
3045 5158 3238 5215 codex
3265 5159 3534 5234 Combref.
3562 5176 3718 5234 cum,
3745 5161 3882 5218 aliis

568 5229 642 5303 (3)
677 5229 1080 5305 Editio'llasil.
1113 5248 1283 5304 aeque
1315 5247 1386 5287 ac
1414 5230 1600 5288 Paris.
1636 5233 1774 5282 κατὰ
1803 5233 1891 5287 τὴν
1933 5237 2024 5282 τοῦ
2080 5229 2160 5283 λό-

2271 5234 2460 5289 tt‘ibus
2479 5233 3056 5305 καθομολογησάμενον.
3079 5235 3206 5288 Mox
3221 5234 3356 5305 Reg.
3377 5233 3612 5304 primus
3629 5237 3686 5288 et
3709 5233 3880 5288 γοδς,

495 5302 611 5375 γον.
646 5302 835 5377 Editio
863 5304 1004 5377 Veni.
1039 5308 1094 5377 et
1125 5302 1264 5359 tres.
1291 5321 1437 5377 mss.
1469 5306 1601 5377 μετά
1638 5307 1754 5370 τήν,
1807 5306 1984 5377 recte.
2010 5305 2118 5377 ,διε

2273 5307 2356 5360 ἐπὶ
2376 5302 2627 5360 πλείοσινζ
2651 5302 3211 5376 Subindeimpressi
3229 5304 3364 5360 libri
3379 5302 3499 5363 ποιῇ
3513 5323 3623 5360 σαι.
3645 5307 3718 5360 At
3738 5321 3888 5377 qua-

496 5325 611 5375 ’γου-
646 5325 835 5357 ιειυιιιυ
871 5325 1004 5358 ΥΕΙΙ.
1039 5325 1094 5358 ει
1125 5325 1264 5359 ῐΓθΞ.
1291 5325 1437 5362 ωδε..
1513 5325 1601 5355 ετα
1638 5325 1754 5370 την,
1807 5325 1984 5358 Γυυιυ.
2037 5325 2119 5358 διε

496 5377 606 5431 tim
661 5374 834 5429 Colb.
883 5376 994 5446 μεθ’
1043 5376 1109 5426 ὧν
1154 5380 1263 5431 καί.
1318 5325 1576 5431 ΑΙίὶδιυο
1608 5391 1753 5430 mss.
1795 5377 1852 5429 et
1882 5372 2022 5429 editi
2047 5393 2119 5447 μει

1291 5325 1437 5362 mss.
1513 5325 1601 5355 ετα
1638 5325 1754 5370 την,
1807 5325 1984 5358 reatu.
2037 5325 2161 5358 διιε-
2273 5327 2356 5360 επι
2376 5325 2895 5361 πλειοσιν.δυῐ)ιυαι

1318 5375 1427 5431 Alli
1453 5325 1576 5430 d‘uo
1608 5391 1753 5430 mss.
1795 5377 1852 5429 et
1882 5372 2022 5429 editi
2047 5376 2158 5447 μεθ’
2273 5385 2410 5435 tuor
2439 5395 2585 5432 mss.
2610 5379 2895 5434 ποιεῖσθαι,

498 5443 924 5523 δηροεᾲιᾳιιαήι
956 5449 1171 5523 emissa
1203 5450 1621 5523 estpro/essiu.
1708 5516 1719 5523 _
2047 5443 2056 5447 ’

2347 5453 2422 5522 (9)
2465 5453 2700 5523 Veteres
2753 5451 2876 5523 duo
2918 5449 3051 5506 libri
3094 5458 3190 5510 τῆς
3229 5443 3602 5523 ἀδελφότητος.
3651 5449 3886 5523 ibidem

570 5513 649 5590 (6‘;
678 5513 912 5595 Ye'teres
945 5519 1065 5595 duo
1113 5520 1260 5595 libri
1281 5513 1431 5576 cum'
1478 5522 1648 5575 Voss.
1697 5513 2158 5574 ἀνταποδίδονται.

2277 5513 2459 5579 editio
2505 5521 2677 5578 Basil.
2735 5522 2984 5595 perinde
3045 5526 3108 5577 ut
3155 5513 3666 5578 Paris.'xaioivou.
3695 5521 3887 5580 Editio

571 5591 878 5675 (2)0299:
909 5590 1195 5675 (ἔρυξε)ίῷ
1240 5592 1602 5675 eammea-
1656 5665 1686 5675 ..
1823 5666 1841 5675 -
1947 5663 1962 5675 .
2131 5669 2140 5675 .

1823 5666 1841 5675 ,
1947 5663 1962 5675 ,
2131 5669 2140 5675 Α
2280 5599 2423 5666 Ven,
2455 5598 2514 5652 et
2544 5611 2692 5654 mss.
2718 5590 2839 5665 non
2862 5595 3045 5668 pauci
3063 5598 3152 5649 καὶ
3173 5596 3339 5650 οἴκου,

571 5667 648 5737 (8)
701 5663 893 5721 Editio
925 5663 1106 5737 Paris,
1161 5663 1382 5739 pariter
1420 5682 1491 5725 ac
1531 5665 1710 5725 Basil.
1745 5663 2170 5740 καθομολογησό-

1248 5663 1382 5725 riter
1420 5682 1491 5725 ac
1531 5665 1710 5725 Basil.
1745 5663 2170 5740 καθομολογησό-
2416 5663 2420 5666 ’
2743 5663 2748 5665 “
2862 5663 2871 5688 '-
