4110 6378
296 340 401 397 σοι

1465 330 1766 387 REGULE
1797 327 2045 387 ινυειυε
2079 327 2494 387 TRACTA'LE.

296 463 548 537 μάθησιν,
579 463 638 515 τὸ
676 479 766 534 μεν
818 456 1081 535 συνδίημε
1129 461 1293 535 ρεύειν
1327 457 1515 520 αὐτοὺς
1567 462 1678 518 τοῖς
1722 450 1889 510 διδα-

2020 451 2314 523 nittimus,
2371 453 2746 526 quibuscum
2797 454 3001 512 cibum
3051 455 3234 512 etiam
3290 455 3534 529 capiant
3554 470 3674 513 ne-

298 551 512 614 σκάλοις
556 558 655 612 τῆς
699 553 889 623 τέχνης
932 551 1030 605 οὐκ
1074 549 1501 623 ἀπαγορεύομεν·
1572 548 1772 619 νύκτωρ
1829 541 1891 598 δί
1999 557 2178 601 66830
2206 548 2330 602 est.

296 640 591 715 ἂναγκαίως
616 643 745 714 πρὸς
770 644 894 705 τοὺς
923 640 1179 715 ὁμήλικας
1204 640 1551 713 μεθιστῶμεν,
1592 637 1709 710 μεθ’
1736 636 1804 688 ὧν
1825 638 1916 689 καὶ
1942 642 2038 697 τῆς
2074 640 2275 707 τροφῆς
2297 632 2472 695 αὐτοῖς
2496 632 2782 705 ἅναγκαιον
2802 632 3221 707 μεταλαμϐάνειν
3239 675 3252 689 .

868 755 1179 804 ΕΡΩΤΗΣΙΣ
1227 746 1323 810 Ic’.

298 838 361 893 Εἰ
379 837 661 913 ἀναγκαῖον
679 844 754 913 τῷ
772 839 1002 915 μέλλοντι
1024 838 1249 902 εὐσεϐῶς
1270 839 1366 912 ζῇν
1386 838 1445 892 τό
1469 834 1891 911 ἕγκρατεύεσθαι.

904 952 1284 1005 ΑΠΟΚΡΙΣΙΣ.

382 1041 427 1095 l.
482 1035 599 1091 Ὀτι
659 1038 749 1110 μὲν
806 1035 1085 1111 ἀναγκαῖος
1138 1038 1162 1089 6
1217 1042 1315 1099 τῆς
1371 1034 1673 1112 ἐγκρατείας
1724 1033 1892 1106 λόγος,

304 1119 481 1184 δῆλον.
548 1132 744 1198 πρῶτον
808 1128 897 1199 μὲν
965 1126 1019 1179 ἐκ
1066 1133 1158 1179 τοῦ
1206 1130 1292 1179 τόν
1343 1124 1657 1180 Ἀπόστολόν
1704 1122 1752 1177 ἓν
1794 1129 1896 1184 τοῖς

300 1220 516 1287 καρποῖς
545 1220 634 1266 τοῦ
658 1218 955 1288 Πνεῦματος
985 1220 1077 1275 τήν
1109 1215 1411 1291 ἐγκράτειαν
1443 1213 1735 1290 ἀριθμῆσαι
1762 1215 1894 1284 (10),

297 1300 469 1355 ἔπειτα
499 1298 558 1357 δί
582 1300 636 1355 ἐκ
656 1310 749 1357 τοῦ
779 1306 837 1356 τό
868 1306 1083 1379 ἄμωμον
1104 1312 1200 1367 τῆς
1232 1301 1504 1366 διακονίας
1532 1308 1622 1357 καὶ
1671 1301 1726 1356 ἐκ
1775 1303 1896 1355 ταύ-

294 1409 391 1453 της
428 1391 585 1446 εἰπεῖν
623 1395 1032 1467 κατορθοῦσθαι,
1079 1392 1126 1447 ἓν
1167 1394 1243 1456 οἷς
1296 1414 1455 1469 φησιν
1489 1415 1503 1429 -
1562 1393 1642 1447 Ἐν
1690 1397 1894 1459 κόποις,

2389 739 2569 814 358
2614 740 3143 798 lNTERROGATlO
3186 741 3323 798 XVI.

2003 830 2104 889 An
2122 832 2180 889 ei
2193 832 2302 904 qui
2309 832 2408 903 pie
2421 832 2617 889 vivere
2630 833 2781 900 vutt,
2796 833 3138 889 necessaria
3149 832 3228 887 sit
3241 831 3670 899 temperantia.

2630 940 3042 998 RESPONSIO.

2080 1032 2127 1086 l.
2162 1028 2373 1103 Liquet
2397 1028 2810 1086 necessariam
2842 1044 2973 1086 esse
3001 1029 3420 1104 temperantiae
3442 1028 3674 1085 exerci-

2004 1118 2328 1177 tationem:
2361 1120 2629 1192 primum
2651 1118 2920 1197 quidem,
2949 1121 3242 1193 quoniam
3276 1119 3676 1193 temperantia

2006 1208 2086 1265 ab
2110 1208 2573 1282 Apostolointer
2594 1207 2826 1265 fructus
2873 1209 3126 1281 Spiritus
3177 1214 3526 1265 recensetur
3577 1208 3672 1278 5°;

2006 1296 2225 1355 deinde
2249 1312 2390 1354 vero
2421 1298 2715 1372 quoniam
2767 1297 2909 1354 dicit
2955 1302 3233 1354 nostrum
3267 1296 3673 1354 ministerium
3702 1348 3709 1367 ,

2007 1388 2187 1445 etiam
2217 1403 2325 1461 per
2362 1386 2528 1444 illam
2550 1386 2932 1460 inculpatum
2945 1388 3096 1457 ﬁeri,
3118 1387 3215 1443 his
3240 1386 3440 1443 verbis
3464 1391 3671 1444 utens:

293 1474 342 1535 δν
400 1478 733 1558 ἀγρυπνίαις,
781 1481 832 1536 ἒν
877 1489 1159 1550 νηστείαις,
1215 1482 1263 1536 ἐν
1321 1483 1607 1556 ἁγνότητι·
1662 1485 1752 1536 καὶ
1797 1478 1899 1543 ἑτέ,

2020 1477 2074 1533 in
2109 1458 2434 1544 laboribus,
2460 1478 2523 1534 in
2554 1458 2800 1548 vigiliis,
2828 1479 2891 1533 in
2896 1478 3171 1549 jejuniis,
3202 1478 3267 1533 in
3300 1477 3678 1550 castitate”;

292 1572 463 1646 ρωθιο
514 1570 597 1625 Ἐν
648 1577 792 1646 κόπῳ
851 1575 941 1626 καὶ
992 1574 1202 1646 μόχθῳ,
1254 1570 1303 1625 ἓν
1359 1570 1667 1647 ἀγρυπνίαις
1705 1571 1895 1625 πολλά-

293 1675 379 1721 κις
402 1679 416 1693 ·
462 1657 511 1712 ἕν
560 1659 696 1734 λιμῷ
726 1664 816 1713 καὶ
840 1657 988 1732 δίψει
1011 1682 1024 1695 ·
1085 1659 1134 1713 ἓν
1162 1664 1430 1723 νηστείαις
1458 1660 1707 1723 πολλάκις
1734 1660 1846 1731 (Ml
1882 1682 1892 1693 '

292 1752 385 1801 καὶ
412 1746 566 1801 πάλιν
590 1770 603 1783 ·
659 1754 771 1812 Πᾶς
809 1745 869 1803 δὲ
926 1752 952 1803 ὁ
997 1748 1369 1824 ἀγωνιζόμενος
1408 1751 1579 1803 πάντα
1622 1747 1900 1826 ἐγκρατεύ-

296 1856 425 1893 εται.
481 1843 583 1891 Καὶ
606 1839 631 1890 ό
672 1840 1022 1913 ὑπωπιασμός
1050 1836 1109 1893 δὲ
1133 1846 1225 1893 τοῦ
1254 1844 1510 1914 σώματος,
1542 1845 1633 1893 καὶ
1681 1843 1711 1899 ἠ
1765 1834 1897 1893 δου-

292 1927 550 2000 λαγωγία,
577 1929 666 1981 ὑπ’
696 1925 908 1992 οὐδενὸς
936 1929 1091 1982 ἄλλον
1129 1936 1399 1997 τοσοῦτον,
1428 1932 1497 1992 ὡς
1526 1931 1624 1982 ὑπέ
1674 1938 1768 1992 τῆς
1816 1928 1899 2001 ἐγ-

294 2022 537 2093 κρατείας
566 2020 935 2094 κατορθοῦται.
975 2023 1045 2072 Τὸ
1092 2022 1193 2095 γὰρ
1244 2019 1442 2094 βράζον
1498 2029 1596 2081 τῆς
1640 2023 1895 2086 νεότητος,

292 2111 382 2160 καὶ
407 2110 540 2181 πρὸς
566 2110 659 2170 τὰς
689 2107 856 2183 ὁρμὰς
886 2104 1264 2176 δυσκάθεκτον,
1299 2107 1404 2161 οἷον
1433 2107 1637 2182 χαλινῷ
1659 2128 1760 2161 τινι
1783 2108 1900 2179 (12)

293 2203 357 2271 τῇ
409 2194 685 2271 ἐγκρατείᾳ
733 2200 1086 2274 καθείργεται.
1141 2198 1216 2250 Οὐ
1262 2201 1365 2274 γὰρ
1419 2202 1669 2275 συμφέρει
1716 2198 1900 2272 ἄφρονι

294 2290 481 2360 τρυφὴ,
510 2288 644 2340 κατὰ
672 2289 760 2341 τόν
805 2288 1129 2361 Σολομῶντα.
1180 2292 1245 2341 Τί
1294 2284 1353 2342 δι
1399 2291 1595 2366 σαρκός
1638 2288 1898 2342 εὐπαθού-

298 2395 399 2439 σης
449 2380 541 2429 καὶ
591 2380 830 2440 νεότητος
878 2379 993 2449 (13)
1045 2382 1443 2454 περιφερομένης
1492 2378 1897 2455 ἀφρονέστερον;

297 2466 385 2519 Διό
417 2487 575 2541 φησιν
602 2467 627 2519 ὁ
654 2465 972 2531 Ἀπόο-τολος
997 2489 1010 2501 υ
1056 2472 1156 2523 Καὶ
1192 2475 1287 2530 τῆς
1318 2471 1512 2542 σαρκός
1542 2473 1787 2542 πρόνοιαν
1825 2472 1896 2541 μὴ

294 2559 529 2611 ποιεῖσθε
554 2557 627 2619 εἰς
666 2555 983 2632 ἐπιθυμίας·
1047 2564 1157 2626 καὶ,
1217 2557 1277 2613 Ἠ
1353 2557 1692 2627 σπαταλῶσα,
1753 2560 1901 2621 ζῶσα

293 2648 552 2706 τέθνηκεν.
588 2652 691 2700 Καὶ
728 2651 788 2701 τό
815 2644 1115 2723 ὑπόδειγμα
1142 2644 1200 2702 δὲ
1228 2655 1326 2711 τῆς
1345 2654 1437 2701 τοῦ
1477 2648 1730 2703 πλουσίου
1770 2669 1899 2726 τρυ-

298 2745 395 2810 φῆς
424 2735 711 2809 ἀναγκαίαν
739 2738 866 2811 ἡμῖν
895 2742 990 2797 τὴν
1019 2736 1320 2815 ἐγκράτειαν
1349 2743 1667 2814 παρίστησι,
1699 2744 1902 2812 μήποτε

2007 1570 2065 1623 et
2088 1566 2229 1622 alibi
2264 1585 2277 1624 :
2321 1566 2392 1623 In
2435 1567 2641 1623 labore
2665 1571 2719 1623 et
2750 1580 3041 1636 aerumna,
3094 1566 3155 1623 in
3211 1566 3436 1637 vigiliis
3476 1578 3679 1636 sape;

2006 1656 2071 1712 in
2086 1656 2254 1726 fame
2270 1662 2325 1713 et
2340 1658 2462 1723 siti,
2487 1658 2551 1712 in
2557 1657 2814 1727 jejuniis
2827 1671 2984 1726 saepe
3010 1658 3085 1726 ⁶¹;
3117 1660 3174 1712 et
3190 1671 3422 1711 rursus:
3469 1655 3676 1712 Omnis

2006 1752 2206 1803 autem
2239 1748 2347 1819 qui
2356 1748 2434 1815 ,in
2466 1760 2656 1818 agone
2675 1747 3001 1817 contendit,
3025 1746 3099 1803 ab
3124 1745 3399 1802 omnibus
3413 1758 3474 1802 se
3494 1744 3675 1802 absti~

2008 1843 2107 1893 net
2131 1838 2202 1891 ⁸³.
2256 1836 2427 1894 Nulla
2462 1841 2669 1893 autem
2725 1852 2821 1892 res
2844 1835 2963 1894 alia
2990 1840 3113 1893 tam
3155 1821 3382 1909 corpus
3419 1836 3677 1905 castigat

2008 1940 2200 1999 quam
2227 1926 2656 1999 temperantia,
2691 1930 2793 1982 aut
2823 1925 2973 1981 illud
3004 1938 3179 1999 asque
3212 1924 3275 1980 in
3316 1923 3674 1982 servitutem

2008 2015 2248 2085 redigit.
2284 2019 2434 2073 Nam
2451 2014 2783 2086 juventutis
2816 2012 3038 2084 fervor,
3059 2011 3461 2070 etlibidinum
3491 2010 3678 2086 repri-

2008 2104 2375 2161 mendarum
2416 2104 2741 2161 difﬁcultas
2793 2104 3197 2177 temperantia
3263 2104 3445 2176 quasi
3502 2102 3675 2159 freno

2008 2194 2277 2267 quodam
2299 2194 2634 2251 cohibetur.
2649 2195 2781 2251 Non
2796 2195 2951 2251 enim
2961 2192 3418 2264 prosuntstutto
3431 2192 3675 2260 deliciae,

2005 2284 2183 2357 juxta
2206 2282 2593 2342 Salomonem
2625 2286 2694 2341 ⁸³.
2726 2282 2951 2358 Ecquid
2985 2287 3189 2341 autem
3223 2296 3403 2339 carne
3432 2282 3493 2339 in
3532 2281 3679 2338 deli-

2010 2372 2117 2430 ciis
2139 2374 2419 2446 degente,
2444 2379 2499 2431 et
2518 2374 2836 2446 juventute
2882 2388 3012 2430 sese
3050 2386 3554 2447 quoquoversum
3593 2368 3675 2428 fe-

2008 2478 2175 2529 rente
2217 2470 2455 2529 stultius
2479 2471 2624 2545 fingi
2667 2471 2919 2546 potest?
2950 2473 3328 2545 Quapropter
3353 2470 3675 2545 Apostolus

2011 2562 2155 2619 dicit
2179 2578 2191 2619 :
2212 2564 2291 2620 Et
2323 2565 2526 2620 carnis
2554 2579 2762 2620 curam
2786 2578 2859 2619 ne
2883 2562 3133 2634 faciatis
3156 2562 3236 2618 ad
3261 2562 3681 2633 concupiscen-

2012 2654 2127 2710 tias
2150 2655 2197 2691 ⁸⁸
2217 2667 2239 2725 ;
2289 2653 2432 2709 item
2466 2671 2479 2709 :
2535 2653 2678 2722 Qum
2705 2654 2768 2709 in
2799 2652 3029 2709 deliciis
3066 2659 3172 2723 est,
3203 2652 3403 2710 vivens
3436 2657 3677 2709 mortua

2011 2749 2096 2799 est
2123 2740 2192 2799 ⁸⁵.
2221 2742 2389 2799 Adde
2436 2742 2604 2816 quod
2657 2741 3005 2816 exemplum
3058 2740 3410 2799 deliciarum
3452 2742 3677 2815 quibus

299 2824 599 2900 ἀκούσωμεν
626 2826 652 2880 ὃ
680 2830 923 2896 ἤκουσεν,
958 2829 983 2880 ό
1012 2826 1280 2897 πλούσιος,
1329 2828 1410 2882 ὅτι
1463 2826 1735 2891 Ἀπέλαϐες
1782 2828 1899 2901 (14)

2020 2832 2180 2889 dives
2202 2832 2538 2900 fruebatur,
2564 2832 3027 2904 temperantiam
3052 2831 3227 2888 nobis
3268 2829 3678 2888 necessariam

302 2918 371 2969 τὰ
396 2914 567 2989 ἀγαθά
606 2932 702 2970 σου
736 2915 783 2970 ἐν
814 2925 876 2993 τῇ
921 2914 1031 2992 ζωῇ
1062 2936 1178 2973 σου.

371 3098 422 3153 2.
472 3090 646 3159 Ὀπως
690 3093 750 3151 δὲ
801 3095 1015 3175 φοϐερόν
1061 3097 1092 3157 ἡ
1129 3095 1380 3173 ἀκρασία,
1413 3097 1551 3151 καὶό
1591 3095 1902 3159 Ἀπόστολος

301 3182 507 3254 ἔδειξεν,
538 3184 586 3239 ἐν
609 3193 717 3252 τοῖς
748 3182 1006 3262 ίδιὼμασι
1051 3196 1144 3252 τῆς
1193 3187 1516 3254 ἀποστασίας
1566 3190 1902 3263 καταριθμή-

304 3295 395 3338 σας
469 3276 653 3345 αὐτὴν,
732 3280 823 3330 καὶ
904 3279 1103 3331 εἰπών’
1182 3278 1264 3332 Ἐν
1349 3277 1605 3352 ἐσχάταις
1683 3281 1904 3353 ἡμέραις

301 3363 647 3424 ἐνστήσονται
720 3370 896 3438 καιροὶ
983 3366 1228 3438 χαλεποί.
1296 3364 1543 3421 Ἔσονται
1619 3370 1720 3442 γὰρ
1810 3368 1904 3419 ἄν-

306 3454 504 3532 θρωποι
579 3453 836 3528 φίλαυτοι.
925 3460 1027 3509 Καὶ
1122 3455 1333 3510 πλείονα
1407 3454 1907 3532 ἀπαριθμησάμενος

303 3552 401 3608 τῆς
437 3548 629 3607 κακίας
652 3539 791 3613 εἴδη,
825 3543 1057 3618 ἐπήγαγε
1096 3544 1210 3617 (15)
1236 3565 1251 3579 ⁰
1306 3545 1565 3613 Διάϐολοι,
1627 3544 1865 3623 ἀκρατεῖς
1890 3567 1904 3581 ο

304 3639 410 3688 Καὶ
453 3633 675 3688 όἹῙσαῦ
725 3631 784 3688 δὲ
834 3638 892 3687 τό
948 3639 1198 3709 μέγιστον
1245 3640 1345 3688 τῶν
1392 3643 1565 3689 κακῶν
1608 3641 1702 3695 τὴν
1746 3635 1906 3711 ἀκρα-

305 3728 427 3777 σίαν
464 3727 827 3802 κατηγορήθη,
864 3727 933 3787 ὡς
972 3722 1087 3779 ἀντὶ
1122 3723 1366 3801 βρώσεως
1412 3731 1539 3800 μιᾶς
1587 3724 1906 3800 ἀποδόμενος

302 3813 372 3865 τὰ
394 3817 743 3887 πρωτοτόκια.
790 3818 892 3867 Καὶ
933 3814 964 3873 ἡ
1006 3819 1187 3889 πρώτη
1237 3820 1476 3889 παρακοὴ
1525 3808 1601 3867 δι’
1644 3813 1907 3891 ἀκρασίας

302 3900 507 3958 ἕνέπεσε
556 3912 629 3977 τῷ
679 3906 953 3980 ἀνθρώπῳ·
1025 3896 1424 3980 Ἐνέγκρατείᾳ
1498 3901 1559 3959 δὲ
1637 3908 1686 3959 οἱ
1761 3908 1905 3979 οἶγιοι

296 3994 487 4056 πάντες
525 3992 987 4072 ἐμαρτυρήθησαν.
1046 4000 1146 4050 Καὶ
1186 4002 1338 4049 πᾶσα
1388 3998 1447 4050 δὲ
1502 3996 1532 4055 ἡ
1592 4005 1693 4050 τῶν
1743 3996 1902 4069 ἁγίων

293 4088 389 4137 καὶ
409 4090 678 4157 μακαρίων
710 4086 843 4153 ζωὴ,
902 4089 992 4140 καὶ
1046 4089 1104 4138 τό
1158 4085 1281 4160 παρ’
1316 4086 1490 4140 αὐτοῦ
1541 4094 1636 4141 τοῦ
1706 4091 1902 4160 Κυρίου

2013 2938 2146 2977 esse
2198 2922 2501 2991 ostendat,
2552 2938 2629 2978 ne
2681 2920 2832 2977 forte
2898 2920 3224 2978 audiamus
3279 2921 3447 2994 quod
3508 2920 3677 2977 dives

2013 3011 2259 3080 audivit,
2292 3010 2613 3068 nimirum:
2638 3010 2936 3080 Recepisti
2971 3010 3243 3067 bonatua
3260 3010 3324 3067 in
3348 3011 3472 3068 vita
3495 3011 3677 3067 tua“.

2086 3105 2140 3156 2.
2191 3102 2386 3167 Quam
2465 3117 2609 3157 vero
2660 3099 3005 3170 metuenda,
3060 3098 3527 3173 intemperantia
3585 3098 3678 3172 sit,

2013 3191 2195 3248 etiam
2220 3187 2548 3264 Apostolus
2564 3188 2785 3261 docuit,
2812 3206 2952 3245 cum
2974 3188 3138 3245 illam
3161 3190 3503 3245 numeravit
3525 3189 3680 3245 inter

2013 3280 2364 3339 defectionis
2408 3281 2828 3354 proprietates,
2870 3296 2940 3336 ac
2981 3278 3171 3335 dixit:
3228 3278 3293 3336 In
3341 3279 3681 3336 novissimis

2012 3371 2219 3427 diebus
2258 3371 2569 3427 instabunt
2599 3375 2871 3439 tempora
2897 3369 3266 3439 periculosa.
3291 3370 3494 3426 Erunt
3519 3369 3676 3426 enim

2015 3460 2280 3517 homines
2310 3460 2531 3530 seipsos
2562 3463 2832 3516 amantes
2855 3458 2923 3514 ⁸⁷.
2957 3462 3038 3514 Ac
3069 3456 3347 3530 pluribus
3397 3456 3679 3531 nequitia.-

2015 3546 2336 3620 generibus
2366 3546 2698 3616 recensitis,
2733 3545 3084 3618 subjunxit:
3116 3544 3578 3613 Criminatores,
3599 3545 3688 3603 in-

2015 3642 2415 3708 temperantes
2460 3637 2529 3694 ”.
2559 3641 2750 3711 Atque
2794 3636 2947 3694 Esau
2986 3635 3167 3693 etiam
3214 3636 3683 3709 intemperantia

2016 3743 2128 3784 ceu
2165 3726 2327 3783 malo
2380 3727 2648 3784 maximo
2690 3730 3012 3783 accusatus
3056 3728 3168 3797 est,
3215 3729 3512 3798 tanquam
3580 3725 3688 3799 qui

2012 3816 2229 3891 prioris
2255 3820 2422 3874 ortus
2444 3817 2585 3889 jura
2609 3830 2719 3889 pro
2763 3830 2886 3872 uno
2943 3815 3143 3872 edulio
3198 3814 3570 3872 vendidisset
3611 3816 3682 3872 θ’.

2015 3910 2308 3966 Praeterea
2332 3924 2437 3981 per
2465 3907 2998 3980 intemperantiam
3021 3905 3201 3978 coepit
3221 3906 3406 3962 homo
3435 3921 3560 3962 non
3581 3905 3686 3962 ob-

2016 4002 2375 4071 temperare.
2414 4002 2486 4054 At
2522 3997 2717 4054 sancti
2784 4012 2998 4053 omnes
3042 3995 3457 4069 temperantiae
3504 3995 3686 4052 laude

2013 4087 2263 4145 fuerunt
2291 4087 2564 4161 spectati.
2616 4091 2745 4143 lmo
2767 4087 2967 4160 potius
2989 4085 3189 4142 omnis
3219 4091 3570 4143 sanctorum
3621 4100 3691 4143 ac

294 4172 351 4226 ἐν
386 4181 451 4248 τῇ
490 4171 751 4250 ἕπιδημίᾳ
796 4182 860 4248 τῇ
913 4170 1007 4228 διὰ
1045 4177 1237 4251 σαρκὸς
1259 4174 1383 4245 (16)
1430 4172 1732 4250 ὑπόδειγμα
1770 4181 1902 4252 πρὸς

2020 4178 2336 4235 beatorum
2392 4177 2534 4248 vita,
2577 4176 2890 4250 ipsiusque
2921 4173 3160 4232 Domini
3210 4173 3273 4232 in
3322 4189 3501 4231 carne
3542 4189 3692 4248 pras-

378 4400 428 4435 5'
465 4399 658 4456 Galat.
682 4414 743 4471 ν,
774 4401 870 4469 23,
945 4399 995 4435 ⁸ο
1025 4398 1072 4452 ΙΙ
1102 4400 1236 4455 Cor.
1274 4402 1425 4467 ",5.
1504 4401 1552 4437 “
1584 4402 1633 4456 ιι
1655 4403 1786 4457 Cor.
1825 4415 1902 4471 xi,

2020 4443 2024 4454 .
2104 4401 2153 4437 ⁶¹
2180 4403 2200 4457 l
2227 4400 2359 4455 Cor.
2389 4402 2580 4468 ix,23.
2659 4394 2710 4433 ⁸³
2742 4399 2914 4454 Prov.
2940 4410 3064 4468 xxx,
3103 4401 3189 4453 10.
3267 4398 3317 4433 ⁸⁵
3350 4396 3519 4454 Rom.
3561 4412 3690 4463 xm,

308 4489 400 4548 14.
478 4488 525 4525 ⁸⁵
553 4488 741 4548 lTim.
772 4506 834 4560 v,
865 4492 917 4547 6.
995 4489 1044 4526 ⁸⁸
1072 4490 1211 4547 Luc.
1243 4506 1365 4560 xw,
1389 4492 1479 4547 25.
1556 4488 1602 4526 ⁸⁷
1625 4490 1671 4545 Ii
1697 4491 1845 4548 Tim.
1879 4509 1902 4546 tl

2033 4533 2049 4561 ,
2072 4495 2125 4546 2.
2204 4489 2253 4526 ⁸⁸
2274 4488 2426 4548 ibid.
2458 4493 2512 4547 3.
2591 4489 2638 4525 σε
2672 4486 2816 4546 Gen.
2844 4503 2989 4558 xxv,
3022 4490 3112 4543 33.

384 4672 497 4741 (10)
528 4673 669 4744 Reg.
697 4668 907 4744 tertius
939 4667 1449 4744 ἂναριθμῆσαι.γοκ
1461 4666 1736 4742 ἐγκράτεια
1765 4668 1917 4744 mul-

308 4740 399 4799 tis
416 4740 852 4798 modis'Latine
882 4740 1051 4797 reddi
1075 4740 1294 4813 potest.
1318 4740 1590 4795 Fortasse
1616 4754 1739 4813 non
1758 4740 1918 4796 male

306 4814 819 4888 interpretabitur,
840 4813 949 4888 qui
979 4812 1115 4869 eam
1144 4812 1262 4868 hoc
1285 4812 1420 4888 loco
1450 4825 1561 4884 pro
1590 4812 1711 4888 eiei
1733 4812 1917 4868 absti-

308 4883 522 4959 nentia
551 4890 769 4942 sumet.
830 4883 1155 4959 Aliquanto
1197 4888 1336 4957 post
1381 4883 1525 4954 Reg.
1580 4883 1818 4956 primus
1856 4888 1915 4937 τό

311 4957 598 5032 ἀμώμητον
620 4967 682 5018 τῆ
695 4978 736 5020 ς.

382 5024 497 5101 (Π)
522 5034 735 5087 Totum
764 5029 934 5099 illud,
972 5027 1025 5082 ἄν
1070 5028 1205 5102 λιμῷ
1231 5032 1324 5102 καὶ
1354 5024 1524 5098 δίψει,
1565 5025 1615 5080 ἒν
1651 5032 1918 5102 νηστείαις

310 5102 578 5169 πολλάκις,
613 5102 888 5158 additum
918 5106 1007 5157 est
1033 5117 1108 5157 ex
1124 5100 1338 5156 codice
1381 5103 1545 5155 Voss.
1580 5105 1635 5155 et
1674 5115 1746 5155 ex
1784 5100 1917 5156 aliis

307 5173 552 5231 duobus
580 5173 799 5243 Regiis.
832 5172 1002 5229 Haud
1050 5172 1231 5241 longe
1276 5171 1465 5228 codex
1520 5170 1689 5230 Colb.
1738 5177 1829 5225 καὶ
1889 5174 1916 5224 ό

316 5247 656 5319 ὑποπιεσμός,
692 5245 1331 5319 corporis_a/[lictatio.

383 5318 499 5387 (t2)
525 5314 765 5399 Anti-qui
794 5317 918 5399 duo
944 5314 1081 5370 libri
1110 5330 1250 5399 cum
1280 5317 1447 5399 Vo_ss.
1478 5314 1681 5399 χαλινῷ
1703 5316 1916 5399 uviae-

314 5409 432 5462 χειν
455 5396 545 5442 καὶ
574 5387 768 5453 πιέζειν
792 5396 868 5462 τῇ-
889 5387 1166 5460 ἐγκρατείᾳ
1192 5396 1477 5461 προσῆκεν,
1513 5387 1916 5462 temperantia

313 5459 481 5518 velut
503 5463 683 5532 freno
706 5459 969 5533 quodam
985 5459 1212 5531 stringi
1233 5459 1308 5514 ac
1334 5460 1534 5527 premi
1560 5459 1753 5515 debet.

388 5537 494 5602 (t3)
527 5533 825 5589 Editiones
865 5536 1096 5588 veteres
1123 5536 1216 5583 καὶ
1249 5535 1469 5589 νεότητι.
1512 5536 1582 5587 At
1623 5533 1762 5602 Reg.
1804 5533 1916 5587 ter-

313 5604 434 5660 tius
462 5608 520 5659 et
546 5604 712 5662 Colb.
745 5610 837 5658 καὶ
863 5609 1119 5666 νεότητος.

388 5676 761 5753 (14)Antiqui
797 5677 923 5755 duo
984 5675 1123 5752 libri
1167 5675 1453 5743 πλούσιος·
1505 5678 1587 5741 τό,
1639 5673 1916 5743 Ἀπίλαϐες

2028 4668 2199 4725 Haud
2231 4668 2408 4740 longe
2440 4670 2581 4738 Reg.
2604 4666 2841 4740 primus
2867 4668 2924 4721 et
2962 4664 3140 4719 Voss.
3191 4666 3248 4718 et
3293 4662 3462 4740 Colb.
3528 4662 3687 4740 Ἀπο-

2030 4741 2207 4801 στολος
2232 4738 2493 4803 ἐδίδαξεν.
2531 4735 2803 4796 ἓιίὺὶηάθ
2834 4742 2950 4793 tres
2981 4750 3127 4791 mss.
3148 4735 3556 4809 καταριθμήσεις
3587 4735 3688 4786 αὐ-

2025 4818 2141 4879 τὴν,
2173 4817 2347 4867 εἰπών.
2904 4878 2907 4879 γ
3183 4876 3194 4879 _
3611 4877 3619 4879 _
3707 4858 3719 4875 ,

2098 4876 2217 4954 (l3)
2244 4886 2481 4939 Veteres
2521 4882 2645 4938 duo
2675 4879 2816 4954 libri
2844 4878 3136 4954 τελευταῖον
3175 4876 3429 4954 ἐπήγαγε.
3469 4877 3692 4933 Neeita

2026 4948 2219 5028 multo
2249 4960 2390 5028 post
2408 4954 2551 5009 editi
2576 4958 2633 5010 et
2657 4953 2956 5028 duoqmss.
3007 4950 3062 5028 ὃς
3110 4948 3226 5002 ἀντὶ
3266 4948 3691 5028 βρρσεωςμμιᾶς

2028 5020 2271 5102 arridere.
2290 5030 2357 5079 τὰ
2385 5030 2731 5102 πρωτοτόκια.
2784 5026 2925 5094 Reg.
2962 5023 3195 5096 primus
3234 5020 3490 5077 e‘t'Colb.
3524 5020 3607 5076 ita
3625 5026 3694 5076 ut

2028 5099 2355 5155 edidimus.

2098 5172 2213 5242 (16)
2242 5170 2431 5242 Editio
2462 5165 2725 5242 ἕπιδημίᾳ
2753 5175 2851 5242 τῆς
2883 5170 3097 5242 σαρκός.
3149 5167 3290 5242 Reg.
3343 5163 3600 5242 primus
3637 5168 3693 5219 et

2028 5236 2202 5317 Colb:
2237 5239 2371 5317 ’τῇ-δ
2376 5245 2431 5295 ιὰ
2461 5236 2678 5317 σαρκόςἶ
2703 5236 2917 5317 statim
2950 5236 3362 5317 V'Beg‘qprimqs
3412 5236 3481 5296 εἷς
3510 5241 3689 5317 τοῦτο.

2027 5315 2174 5391 Ibid.
2204 5302 2439 5391 antiqui
2465 5302 2588 5391 ddo
2623 5311 2756 5367 libri
2787 5310 2984 5391 esse,
3020 5302 3175 5391 Editi
3210 5307 3493 5391 «satisan.
3525 5308 3692 5391 ξιιμ-α

2027 5402 2129 5441 sus
2152 5387 2267 5440 hoc
2298 5378 2433 5457 ipso
2463 5386 2523 5457 in
2554 5385 2690 5439 loco
2723 5378 2915 5438 codex
2940 5378 3483 5457 Voss.etaliiduo:
3525 5384 3692 5457 Tanto

2025 5463 2114 5531 μεν
2147 5450 2410 5531 Μῳῡσὲως
2460 5453 2555 5509 διὰ
2594 5463 2688 5516 τῆς
2727 5457 3150 5531 παρατεταμένης
3204 5450 3425 5531 ἐκείνης.
3448 5454 3691 5531 νηστείας

2023 5506 2227 5607 inerit-6‘
2642 5506 2777 5597 "8:in
2803 5506 2904 5577 ’καὶ
2941 5506 3196 5597 τυχόντος
3246 5506 3684 5589 τῆς-διακονίας,

2023 5609 2181 5655 τοῦτο
2218 5548 2279 5656 ἕξ
2309 5600 2457 5654 Ἠλία
2483 5618 2599 5653 τοτε
2647 5604 2738 5656 τῆς
2788 5597 3042 5656 ὀπτασίας
3084 5602 3176 5648 τοῦ
3224 5600 3359 5647 Θεοῦ
3411 5592 3676 5656 καταξιω-

2022 5592 2181 5655 τόῦτο
2218 5592 2279 5656 δι
2309 5600 2457 5654 Ἠλία
2483 5592 2599 5653 τοτε
2647 5592 2756 5659 τῆς
2788 5592 3047 5657 ὀπτασίας
3084 5602 3176 5648 τοῦ
3224 5600 3359 5647 Θεοῦ
3411 5592 3676 5656 καταξιω-

2024 5676 2217 5737 θίντος,
2253 5676 2336 5747 ᾆτε
2379 5679 2472 5729 καὶ
2524 5671 2678 5743 αὐτὸς
2713 5676 2789 5743 τῷ
2825 5672 2930 5744 ἴσῳ
2970 5672 3139 5744 μέτρῳ
3186 5672 3283 5731 τῆς
3330 5664 3541 5741 ἀποχῆς
3584 5670 3683 5721 τῶν
