4110 6374
304 314 402 367 96‘
1465 307 1762 363 REGUUE
1803 305 2048 364 FUSIUS
2085 306 2492 367 TBACTATA'J.

3588 324 3694 377 962

305 423 591 507 ὀφθαλμοῖς
634 435 800 507 ὄρους,
841 438 931 485 καὶ
977 433 1106 485 ὠσὶν
1154 430 1453 506 ἀπερίεργον
1504 430 1664 490 ἀκοὴν
1696 431 1722 482 ὁ
1764 430 1907 505 ἀκρι-

2037 431 2519 503 indignationem
2577 439 2633 492 et
2682 435 3064 494 iracundiam
3094 443 3358 500 continet
3382 448 3440 500 et
3468 443 3690 502 ofﬁcio.

305 524 403 585 ϐὴς
458 533 552 584 τῆς
603 523 904 596 ἐγκρατείας
934 523 1097 596 ὁρίζει
1139 521 1285 594 λόγος
1329 524 1440 592 (23)
1477 541 1490 554 ο
1541 523 1614 582 οἷς
1645 523 1670 572 ὁ
1710 524 1780 594 μὴ
1817 519 1912 594 ἐμ-

305 620 467 686 μένων
524 613 756 688 ἀκρατὴς
796 618 884 665 καὶ
942 611 1240 672 ἀκόλαστος.
1271 611 1428 683 Ὀρᾷς
1457 631 1568 673 πως
1625 615 1742 686 περὶ
1789 615 1912 682 μίαν

307 701 508 762 ἐντολὴν
547 706 742 761 ταύτην
793 705 847 754 αἱ
883 708 1053 754 πᾶσαι
1097 703 1164 763 ὡς
1218 699 1265 753 ἐν
1297 710 1446 774 χορῷ
1497 699 1729 758 ἀλλήλων
1763 702 1913 772 ἔχον-

307 809 432 858 ται;

2042 520 2168 576 lmo
2199 521 2379 578 etiam
2400 523 2667 594 perfecta
2688 528 3097 598 temperantiae
3120 531 3271 586 ratio
3292 531 3512 601 linguae
3545 549 3692 605 prae-

2037 609 2168 666 ﬁnit
2193 611 2499 676 terminos,
2532 618 2588 669 et
2636 615 2825 670 oculis
2855 616 3095 683 limites,
3126 624 3184 674 et
3230 620 3485 676 auribus
3525 622 3692 678 audi-

2037 699 2261 757 tionem
2287 719 2412 758 non
2439 704 2742 760 curiosam
2768 722 2782 760 :
2815 705 2875 761 in
2920 707 3146 779 quibus
3177 709 3227 763 si
3258 710 3395 781 quis
3431 727 3552 766 non
3582 711 3691 767 im-

2034 796 2326 860 moratur,
2385 793 2796 866 intemperans
2860 801 2951 852 est
3005 802 3063 852 et
3111 803 3452 870 protervus.
3512 799 3691 856 Vides

305 880 829 954 quemadmodum
869 881 1091 937 circum
1129 881 1246 937 hoc
1289 892 1483 937 unum
1515 884 1912 954 praeceptum,
1945 875 2175 950 reliqua
2193 881 2400 937 omnia
2444 887 2737 954 tanquam
2776 883 2836 938 in
2865 884 3049 941 choro
3075 885 3232 944 inter
3271 904 3332 964 se
3360 889 3691 960 conjuncta

310 971 653 1027 cohaereant
672 972 700 1027 ἲ

869 1065 1186 1113 ΕΡΩΤΗΣΙΣ
1236 1058 1334 1114 1Ζ’.

551 1171 669 1218 Ὀτι
701 1162 784 1219 δεῖ
813 1172 904 1218 καὶ
932 1167 1154 1238 γε’λωτος
1182 1165 1442 1240 ἐγκρατῶς
1481 1168 1653 1238 ἔχειν.

920 1279 1296 1330 ΑΠΟΚΡΙΣΙΣ.

381 1365 427 1416 i.
463 1367 562 1415 Καὶ
610 1366 666 1414 τὸ
722 1365 868 1438 ποιρά
921 1372 1033 1425 τοῖς
1083 1363 1292 1425 πολλοῖς
1339 1361 1399 1416 δε
1449 1370 1815 1439 παρορώμενον
1863 1363 1912 1416 οἰ

302 1456 516 1524 μετρίας
579 1452 815 1523 γυλακῆς
879 1459 987 1513 τοῖς
1045 1451 1382 1526 ἀσκουμένοις
1446 1455 1612 1516 ἄξιον.
1681 1458 1752 1507 Τὸ
1811 1457 1912 1528 φάρ

302 1540 490 1611 γέλωτι
554 1539 767 1614 ἀκρατεῖ
820 1546 908 1593 καὶ
970 1539 1183 1613 ἀσχέτῳ
1241 1545 1604 1614 κατέχεσθαι,“
1650 1541 1913 1617 ἀκρασίας

308 1638 542 1702 σημεῖον,
593 1636 682 1682 καὶ
719 1639 810 1682 τοῦ
840 1635 911 1704 μὴ
964 1631 1349 1704 κατεσταλμένα
1388 1635 1526 1704 ἔχειν
1584 1636 1648 1684 τὰ
1695 1639 1914 1706 κινήμα-

304 1737 372 1769 τα
399 1722 535 1787 (28),
565 1724 655 1771 καὶ
682 1727 773 1771 τοὺ
800 1724 872 1791 μὴ
904 1717 1110 1793 ἀκριϐεῖ
1130 1719 1263 1792 λόγῳ
1293 1729 1388 1783 τῆς
1416 1721 1603 1794 ψυχῆς
1625 1726 1682 1774 τὸ
1712 1730 1910 1795 χαῦνον

305 1808 739 1868 καταπιέζεσθαι.
796 1808 964 1883 Ἄχρι
998 1811 1088 1881 μὶν
1126 1811 1228 1884 γὰρ
1276 1808 1627 1884 μειδιάματος
1685 1810 1911 1887 φαιδροῦ

306 1901 402 1955 τὴν
441 1893 703 1969 διάχυσιν
729 1908 822 1960 τῆς
848 1899 1036 1972 ψυχῆς
1071 1907 1368 1975 ὑποφαίνειν
1395 1903 1488 1954 οὐκ
1519 1900 1756 1976 ἀπρεπὲς,
1791 1904 1910 1955 ὅσον

309 1982 481 2049 δεῖξαι
526 1992 680 2059 μόνον
732 1992 790 2041 τό
841 1999 1200 2066 γεγραμμένον
1233 2013 1247 2026 ο

306 2095 414 2142 νης,
473 2081 753 2152 πρόσωπον
811 2079 983 2134 θάλλει
1016 2103 1030 2116 ·

1301 1989 1539 2067 Καρδίας
1582 1992 1914 2067 εὐφραινομέ-

1091 2082 1444 2155 ὶγκαγχάζειν
1499 2079 1558 2134 δε
1617 2090 1680 2154 τῇ
1747 2090 1908 2156 φωνῇ,

305 2171 396 2218 καὶ
448 2165 838 2241 ἁναϐράζεσθαι
897 2169 1247 2246 ἀπροαιρέτως
1281 2171 1388 2241 127)
1419 2174 1477 2223 τὸ
1506 2179 1679 2243 σῶμα,
1707 2171 1766 2223 οὐ
1819 2179 1910 2224 τοῦ

305 2255 717 2329 κατεσταλμένου
770 2264 865 2317 τὴν
917 2259 1124 2333 ψυχὴν,
1185 2257 1310 2314 οὐδὲ
1357 2268 1449 2314 τοῦ
1499 2257 1744 2333 δοκίμου,
1785 2257 1911 2315 οὐδε

304 2353 396 2396 τοῦ
458 2356 779 2420 περικρατῶς
842 2351 1052 2420 ἔχοντος
1118 2350 1303 2403 ἑαυτοῦ
1351 2352 1486 2420 (28).
1547 2356 1714 2403 Τοῦτο
1771 2347 1912 2411 εἶδος

303 2453 394 2486 του
423 2435 644 2506 γέλωτος
702 2442 793 2489 καὶ
841 2439 867 2489 ὁ
917 2439 1337 2500 Ἐκκλησιαστής
1376 2443 1801 2514 παραιτούμενος,
1846 2443 1910 2500 ὡς

303 2528 609 2598 περιτρέπον
647 2526 880 2599 μάλιστα
917 2532 976 2580 τό
1019 2531 1271 2604 σταθερὸν
1325 2539 1420 2590 τῆς
1461 2529 1668 2602 ψυχῆς,
1725 2534 1858 2602 φησί
1893 2551 1905 2563 ο

304 2620 388 2684 Τῷ
448 2614 632 2686 γέλωτι
693 2612 812 2668 εἶπα
864 2621 1148 2692 περιφοράν
1181 2640 1194 2652 ·
1263 2623 1394 2671 καὶ·
1450 2618 1539 2680 Ὠς
1595 2623 1732 2691 φωνὴ
1796 2618 1910 2688 (29)

303 2711 403 2754 τῶν
487 2703 721 2756 ἀκανθῶν
803 2707 902 2758 ὑπό
981 2711 1067 2759 τόν
1140 2707 1349 2776 λέϐητα,
1425 2709 1583 2769 οὕτως
1651 2709 1678 2759 ὀ
1752 2707 1911 2780 γελως

305 2802 404 2845 τῶν
453 2791 704 2868 ἀφρόνων.
758 2801 858 2848 Καὶ
914 2798 940 2847 ό
996 2800 1181 2872 Κὺριος
1227 2801 1292 2850 τά
1347 2802 1438 2871 μεν
1476 2797 1737 2870 ἀναγκαῖα
1766 2800 1907 2857 πάθη

308 2891 402 2942 τῆς
434 2887 622 2957 σαρκός
677 2886 960 2958 ὑπομείνας
997 2891 1250 2959 φαίνεται,
1283 2893 1372 2940 καὶ
1403 2889 1503 2940 ὅσα
1549 2885 1738 2962 ἀρετῆς
1781 2907 1910 2961 μαρ-

311 2974 496 3043 τυρίαν
521 2977 653 3046 φέρει
676 2993 690 3007 ·
725 2971 831 3027 οἷον
860 2980 1040 3043 κόπον,
1081 2981 1172 3029 καὶ
1217 2979 1304 3028 τὸν
1333 2976 1418 3030 ἐπὶ
1446 2983 1555 3039 τοῖς
1595 2976 1911 3049 θλιϐομένοις

2495 1063 3005 1120 INTERROGATIO
3055 1066 3213 1121 XVII.

2245 1167 2416 1234 Quod
2443 1175 2676 1238 oportet
2714 1172 2892 1227 etiam
2923 1172 3112 1227 risum
3141 1175 3471 1231 continere.

2652 1279 3059 1335 RESPONSIO.

2103 1365 2154 1416 ί.
2181 1365 2375 1435 Atque
2405 1364 2588 1420 etiam
2627 1365 2794 1437 quod
2825 1382 2862 1422 a
2915 1367 3216 1439 plerisque
3251 1369 3597 1440 negligitur,
3629 1371 3688 1426 id

2025 1450 2340 1521 diligenter
2371 1455 2609 1525 pietatis
2638 1455 2922 1512 studiosis
2977 1458 3320 1513 cavendum
3374 1465 3486 1515 est.
3540 1463 3689 1516 Nam

2028 1543 2450 1616 intemperanti
2500 1561 2571 1600 ac
2613 1545 2942 1601 immodico
2982 1548 3106 1602 risu
3149 1547 3423 1618 detineri,
3466 1549 3689 1605 indicio

2029 1638 2115 1689 est
2165 1633 2428 1704 grassari
2479 1633 3032 1704 intemperantiam.
3065 1652 3176 1691 nec
3217 1636 3414 1692 sedari
3465 1643 3688 1700 motus,

2028 1738 2140 1779 nec
2171 1739 2208 1778 a
2233 1739 2442 1778 severa
2489 1723 2722 1779 ratione
2774 1726 3091 1797 comprimi
3124 1726 3436 1782 laxitatem
3477 1727 3684 1782 animi.

2028 1813 2169 1868 Risu
2196 1812 2444 1884 quidem
2474 1812 2592 1868 leni
2635 1818 2692 1868 et
2719 1813 2892 1870 hilari
2918 1814 3492 1893 eﬂusionem,animi
3530 1815 3687 1870 dete-

2024 1917 2161 1972 gere
2187 1902 2543 1957 indecorum
2573 1918 2696 1957 non
2727 1908 2834 1971 est,
2867 1909 3165 1975 quantum
3189 1905 3414 1960 scilicet
3441 1921 3688 1961 necesse

2021 1991 2200 2047 fuerit
2229 1995 2290 2047 ut
2320 1991 2518 2046 solum
2549 1990 2846 2047 indicetur
2873 1993 3042 2065 quod
3085 1993 3373 2065 scriptum
3406 1999 3513 2062 est,
3547 1995 3688 2050 Cor-

2020 2081 2114 2138 dis
2145 2083 2266 2138 laeti
2291 2082 2482 2151 [acies
2497 2083 2748 2152 ﬂoret":
2767 2083 2875 2137 sed
2897 2083 3207 2138 cachinnis
3238 2099 3445 2140 vocem
3478 2083 3689 2139 sustol-

2019 2171 2161 2241 lere,
2190 2176 2245 2226 et
2302 2187 2551 2244 corpore
2605 2177 2822 2244 praeter
2851 2171 3226 2228 voluntatem
3271 2173 3512 2230 concuti
3565 2189 3688 2230 non

2021 2262 2152 2332 ejus
2189 2265 2279 2316 est
2322 2261 2426 2332 qui
2457 2265 2658 2317 mente
2689 2261 2894 2333 quieta
2947 2261 3041 2329 sit,
3073 2267 3176 2316 aut
3206 2262 3386 2333 360
3434 2261 3684 2334 probus,

2019 2355 2125 2406 aut
2163 2349 2253 2405 sui
2278 2349 2470 2422 ipsius
2501 2365 2777 2422 compos.
2822 2349 2945 2405 Hoc
2974 2349 3132 2404 risus
3177 2365 3371 2419 genus
3403 2349 3688 2407 Ecclesia-

2021 2445 2141 2495 stes
2171 2454 2417 2511 quoque
2439 2439 3100 2511 reprobans,tanquam
3133 2439 3298 2512 quod
3329 2439 3518 2494 animi
3538 2456 3687 2495 con-

2020 2528 2302 2583 stantiam
2334 2529 2598 2584 maxime
2617 2528 3061 2590 labefactet,ait:
3087 2529 3259 2584 Risui
3284 2529 3419 2584 dixi
3437 2531 3686 2585 cireum-

2023 2614 2298 2669 lationem
2322 2613 2410 2680 7';
2443 2618 2535 2668 et:
2570 2615 2738 2670 Sicut
2771 2629 2889 2669 vox
2918 2614 3234 2682 spinarum
3274 2615 3384 2669 sub
3415 2615 3563 2675 olla,
3597 2616 3685 2671 ita

2021 2703 2178 2758 risus
2207 2704 2533 2758 stultorum
2554 2703 2637 2768 ἠς
2667 2708 2723 2758 et
2753 2702 3044 2758 Dominus
3076 2719 3178 2758 eos
3221 2703 3468 2775 quidem
3499 2704 3684 2759 affec-

2022 2796 2136 2856 tus,
2166 2792 2270 2864 qui
2301 2791 2645 2848 necessario
2671 2808 2892 2864 corpus
2925 2792 3307 2857 comitantur,
3337 2798 3392 2849 et
3421 2793 3685 2866 reliquos

2021 2880 2172 2938 aIiOS
2203 2881 2305 2953 qui
2338 2881 2574 2938 virtutis
2602 2881 3018 2937 testimonium
3048 2897 3172 2953 prae
3196 2898 3257 2937 se
3281 2880 3685 2950 ferunt,veluti

2020 2969 2444 3026 lassitudinem
2487 2975 2545 3025 et
2581 2969 3173 3026 commiserationem
3233 2986 3377 3040 erga
3408 2970 3684 3037 afﬂictos,

314 3058 690 3132 ίλεον·γε’λωτι
743 3060 804 3116 δὲ
859 3062 1114 3138 μηδαμοῦ
1161 3067 1519 3140 χρησάμενος·
1569 3066 1690 3118 ὅσον
1820 3074 1907 3127 τῆς

2025 3059 2155 3132 ipse
2207 3059 2546 3131 suscepisse
2603 3059 3006 3132 perhibetur:
3073 3059 3199 3127 sed,
3255 3039 3555 3131 quantum
3613 3075 3687 3116 ex

311 3159 409 3202 τῶν
465 3153 789 3225 Εὐαγγελίων
839 3157 1091 3231 ἱστορίας,
1144 3155 1273 3208 ἀλλὰ
1327 3161 1416 3208 καὶ
1458 3157 1745 3217 ταλανίζων
1794 3160 1912 3219 τούς

307 3247 686 3314 κατεχομένους
728 3245 818 3296 ὑπ’
869 3245 1050 3301 αὑτοῦ.
1089 3251 1174 3304 Μὴ
1216 3249 1630 3322 παρακρουέσθω
1661 3243 1720 3299 δε
1772 3247 1911 3319 ἡμᾶς

305 3327 336 3384 ἠ
396 3327 669 3398 ὀμῳνυμία
722 3337 814 3381 τοῦ
870 3330 1106 3401 γέλωτος.
1169 3333 1388 3393 Σύνηθες
1439 3335 1541 3405 γὰρ
1599 3339 1661 3404 τῇ
1732 3337 1908 3406 Γραφῇ

303 3414 555 3478 πολλάκις
610 3421 705 3475 τὴν
765 3421 940 3493 χαρὰν
996 3428 1092 3480 τῆς
1147 3419 1333 3492 ψυχῆς
1397 3425 1487 3473 καὶ
1528 3426 1623 3478 τὴν
1684 3419 1912 3493 φαιδρὰν

303 3503 390 3558 ἐπὶ
435 3515 546 3569 τοῖς
596 3505 811 3580 ἀγαθοῖς
863 3506 1102 3562 διάθεσιν
1158 3510 1354 3582 γέλωτα
1401 3510 1692 3583 ὀνομάζειν,
1755 3513 1827 3573 ὡς
1876 3512 1908 3570 ἡ

303 3595 474 3670 Σάρῥα
503 3601 684 3669 φησί·
735 3599 936 3651 Γέλωτά
968 3619 1059 3672 μοι
1107 3598 1347 3659 ἐποίησεν
1405 3601 1432 3652 ὁ
1485 3605 1650 3661 Θεός⁶
1701 3605 1789 3654 καὶ
1827 3603 1909 3670 τὸ,

300 3687 568 3761 Μακάριοι
641 3689 690 3740 οἱ
763 3687 1024 3750 κλαίοντες
1089 3696 1196 3757 νῦν,
1281 3690 1362 3742 ὅτι
1424 3689 1666 3761 γελάσετε
1731 3690 1844 3761 (30)

299 3779 476 3828 καὶτὸ
521 3774 570 3828 ἓν
622 3784 694 3848 τῷ
727 3776 843 3831 Ἰὼϐ
891 3774 951 3831 δὲ
999 3783 1225 3852 κείμενον
1259 3799 1272 3811 ·
1308 3778 1578 3838 Ἀληθινὸν
1638 3776 1696 3831 δί
1743 3783 1912 3853 στόμα

301 3862 554 3936 ὶμπλὴσει
596 3867 837 3938 γέλωτος.
890 3873 1069 3920 Ταῦτα
1118 3871 1220 3943 γὰρ
1272 3871 1439 3922 πάντα
1491 3867 1603 3921 ἀντὶ
1663 3869 1910 3942 ἱλαρότη-

301 3971 384 4014 τος
426 3953 511 4007 ἐπὶ
539 3965 636 4016 τῆς
676 3961 812 4009 κατὰ
834 3956 1022 4030 ψυχὴν
1059 3957 1412 4030 ἀγαλλιάσεως
1441 3959 1684 4016 εἴληπται
1710 3961 1775 4012 τὰ
1801 3958 1910 4012 ὀνόο

2023 3148 2484 3218 Evangeliorum
2511 3147 2760 3204 historia
2781 3149 3169 3216 constat,risu
3196 3164 3515 3220 nunquam
3537 3165 3688 3204 usus

2022 3242 2133 3305 est,
2192 3239 2316 3294 imo
2370 3253 2511 3292 vero
2572 3253 2674 3293 eos
2732 3236 2839 3309 qui
2904 3237 3028 3292 risu
3077 3240 3375 3303 tenentur,
3436 3237 3687 3292 miseros

2022 3327 2374 3401 pronuntiat
2398 3329 2469 3383 ⁸ο.
2516 3331 2715 3400 Neque
2769 3343 2912 3383 vero
2967 3326 3135 3383 fallat
3181 3343 3294 3383 nos
3325 3326 3688 3400 ambiguum

2019 3419 2178 3475 risus
2203 3434 2448 3476 nomen.
2482 3421 2584 3473 Est
2610 3418 2772 3474 enim
2802 3417 3122 3490 Scriptura:
3153 3417 3471 3487 familiare,
3505 3433 3687 3490 saepe-

2021 3523 2277 3565 numero
2326 3507 2515 3564 animi
2560 3508 2856 3578 gaudium
2886 3513 2943 3563 et
2967 3507 3222 3564 hilarem
3275 3508 3561 3565 affectum
3613 3523 3687 3564 ex

2019 3596 2197 3654 bonis
2227 3603 2447 3664 ortum,
2475 3598 2667 3653 risum
2701 3597 3027 3670 appellare,
3060 3597 3584 3668 quemadmodum
3605 3597 3687 3654 ait

2025 3689 2169 3745 Sara
2203 3704 2216 3743 :
2249 3689 2453 3744 Risum
2485 3687 2638 3744 mihi
2677 3687 2823 3757 fecit
2871 3689 3027 3742 Deus
3053 3687 3095 3722 ³¹
3124 3704 3138 3755 ;
3172 3691 3230 3742 et
3274 3686 3422 3742 illud
3452 3706 3466 3752 ;
3509 3689 3688 3744 Beati

2022 3780 2128 3850 qui
2165 3793 2328 3834 nunc
2373 3779 2550 3848 fletis,
2586 3779 2730 3850 quia
2761 3777 3030 3834 ridebitis
3053 3778 3120 3812 "-
3155 3780 3299 3832 item
3323 3776 3468 3831 illud
3499 3776 3631 3833 Jobi
3664 3793 3678 3831 :
3705 3823 3716 3829 -

2023 3869 2098 3924 Os
2128 3874 2326 3925 autem
2353 3883 2542 3924 veras:
2567 3867 2835 3937 implebit
2881 3867 3011 3922 risu
3032 3867 3100 3920 ⁸³.
3131 3869 3280 3922 Nam
3320 3866 3526 3922 omnia
3558 3867 3686 3922 haec

2020 3959 2274 4015 nomina
2310 3974 2419 4030 pro
2435 3957 2733 4014 hilaritate
2764 3956 2846 4012 ob
2871 3955 3059 4011 animi
3080 3955 3372 4025 gaudium
3394 3961 3688 4027 usurpata

299 4063 461 4116 ματα.
491 4043 654 4098 Ὥστε
704 4048 730 4098 ὁ
781 4050 966 4108 παντὸς
1003 4050 1204 4110 πάθους
1261 4047 1532 4122 ἀνώτερος,
1564 4054 1654 4103 καὶ
1703 4045 1907 4123 μηδένα

2025 4053 2185 4106 sunt.
2236 4046 2648 4114 Quamobrem
2674 4045 2779 4119 qui
2805 4044 3028 4102 affectu
3066 4044 3235 4100 omni
3274 4045 3548 4118 superior
3576 4050 3684 4101 est.

371 4223 417 4258 ⁷⁷
447 4225 617 4280 Prov.
649 4239 748 4293 xv,
777 4227 862 4280 l3.

976 4226 1024 4260 6⁸
1057 4223 1244 4282 Eccle.
1279 4241 1335 4297 ιι,
1360 4229 1414 4282 2.

301 4294 351 4329 ⁸⁸
377 4295 515 4351 Job.
539 4310 662 4364 vni,
684 4301 775 4352 ει.

510 4447 658 4516 Reg.
691 4446 932 4523 primus
957 4453 1052 4509 τῆς
1101 4447 1400 4523 ἐγκρατείας
1437 4451 1690 4523 κατορθοῖ
1730 4450 1903 4523 λόγος,

296 4517 526 4596 nonita
550 4520 868 4596 recte.Mox
897 4517 1020 4596 duo
1048 4517 1204 4596 mss.‘
1225 4521 1350 4594 ὁρᾷς
1375 4517 1781 4596 suu;.]‘itulus,
1797 4517 1908 4595 qui

298 4589 502 4646 statim
533 4589 822 4666 sequitur,
850 4606 979 4666 non
1003 4589 1219 4666 legitur
1237 4589 1434 4665 neque
1454 4592 1517 4648 in
1538 4589 1904 4666 Reg.priuio,

297 4677 498 4733 neque
535 4662 597 4717 in
620 4661 827 4717 codice
861 4661 1224 4720 Colbertino.

512 4736 652 4803 Reg.
686 4733 1290 4811 Erimusﬁfwiz‘uaru
1308 4753 1370 4792 τη
1384 4754 1494 4797 ς....
1525 4733 1632 4788 ἀλλ’
1655 4737 1792 4811 ἄχρι
1816 4739 1906 4811 μεν

298 4801 667 4928 μειδιάματος.
686 4801 892 4861 Codex
921 4805 1088 4861 Colb.
1123 4801 1339 4879 σημεῖον
1381 4813 1471 4860 καὶ
1490 4827 1582 4860 του
1613 4801 1910 4896 μὴ’ἆκρίϐεῖ

331 4881 436 4928 όσνω
461 4876 845 4928 κατεσταλμένα
881 4879 1021 4928 ἔγειν
1046 4880 1112 4928 τὰ
1136 4883 1400 4928 κινήματα
1419 4887 1514 4928 τῆς
1539 4879 1728 4928 ώυγῆε
1747 4899 1907 4928 avni-

331 4881 436 4949 όγῳ
461 4876 845 4951 κατεσταλμένα
881 4879 1021 4950 ἔχειν
1046 4880 1112 4930 τὰ
1136 4876 1400 4952 κινήματα
1419 4887 1514 4942 τῆς
1539 4876 1728 4952 ψυχῆς
1747 4876 1907 4955 ἄχρι,

300 4953 412 5005 etc.

299 5091 336 5147 ι.
370 5023 485 5093 (27)
511 5023 731 5078 Vocem
754 5021 1102 5100 ἀπροαιρέτως
1123 5021 1475 5081 addidimus
1499 5039 1573 5079 ex
1597 5022 1909 5080 mss.mul-

323 5109 396 5147 ιε.

323 5109 396 5147 18.

371 5164 483 5238 (28)
528 5167 668 5238 Post
703 5165 871 5238 illud,
918 5168 1130 5238 ἔχοντον
1187 5166 1397 5231 ἱαυιτου,
1429 5165 1514 5223 ita
1555 5165 1618 5222 in
1649 5165 1909 5238 vulgatis

295 5233 533 5305 legitur,
567 5234 886 5310 Bréaioiid't
926 5233 1012 5310 τόν
1057 5238 1267 5310 λόγονίό
1309 5243 1602 5308 σοφώτατος
1651 5233 1906 5308 Σολομὼν,

298 5311 517 5388 γήσας
551 5315 734 5384 Μωρός
764 5309 831 5388 ,ἐν
869 5309 1052 5380 γέλωτι
1100 5309 1293 5388 ἀνιίψοῖ
1343 5314 1438 5367 τὴν
1486 5314 1657 5382 φωνὴν
1701 5310 1863 5362 αὐτου
1891 5328 1905 5342 ·

297 5375 420 5455 ἀνὴρ
449 5375 508 5433 δε
527 5375 680 5453 σοφός
694 5381 842 5455 μόλις
861 5375 1045 5453 ἡσυχῇ
1074 5375 1689 5455 μειδίάσειβοτιβνπιαξ
1707 5388 1906 5455 autem

295 5453 459 5508 hunc
480 5453 810 5510 sermonem
840 5453 1316 5522 sapientissimus
1353 5454 1640 5510 Salomon
1666 5453 1762 5510 his
1784 5467 1905 5510 ver.

298 5522 408 5578 bis:
425 5523 657 5580 Fatuus
678 5530 740 5582 in
763 5527 891 5581 risu
911 5526 1147 5581 exultat
1164 5539 1362 5581 vocem
1381 5539 1578 5595 suam;
1595 5526 1690 5580 vir
1708 5530 1906 5580 autem

292 5597 534 5664 sapiens
563 5599 668 5652 vix
695 5599 902 5654 tactile
921 5595 1265 5668 subridebit
1283 5611 1298 5650 :
1318 5611 1456 5668 quae
1476 5596 1666 5652 verba
1685 5595 1910 5668 delevi:

295 5681 457 5737 mus,
480 5667 794 5744 utriusque
825 5666 1052 5728 codicis
1092 5666 1443 5727 Coisliniani
1468 5671 1527 5728 et
1561 5670 1704 5741 Reg.
1728 5667 1909 5742 primi

1527 4227 1577 4264 ⁷⁸
1610 4226 1799 4284 Eccle.
1821 4242 1918 4295 vn,
1945 4232 2000 4284 7.

2683 4225 2727 4261 ⁸³
2761 4226 2907 4281 Gen.
2936 4239 3054 4291 xxx,
3079 4228 3141 4280 6.
3247 4224 3296 4260 ⁸³
3331 4225 3469 4280 Luc.
3497 4239 3579 4295 vx,
3612 4227 3672 4280 2t

2114 4228 2162 4264 ⁸ο
2196 4228 2334 4284 Luc.
2376 4242 2458 4298 vr,
2493 4229 2588 4282 25.

2015 4453 2074 4505 et
2096 4447 2261 4504 Colb.
2295 4448 2482 4504 ﬁdem
2511 4448 2718 4504 secuti.
2753 4451 2992 4519 Etrvero
3020 4447 3299 4504 videntur
3328 4446 3538 4504 addita
3559 4446 3687 4519 pri-

2015 4535 2186 4592 mum
2213 4521 2395 4576 fuisse
2416 4521 2477 4576 in
2500 4519 2636 4592 libri
2659 4536 2767 4592 ora
2793 4518 2872 4592 ab
2903 4518 3130 4592 aliquo,
3155 4519 3530 4592 quiimonere
3561 4518 3686 4574 Vel-

2014 4591 2093 4672 l_et
2117 4607 2189 4648 ea
2209 4607 2347 4672 quae
2373 4608 2410 4648 a
2443 4591 2656 4672 Basilio
2686 4590 3065 4672 dicebantur,
3094 4590 3516 4672 ex’Salomone
3548 4605 3688 4672 con-

2015 4660 2249 4736 ﬁrmari
2268 4678 2448 4736 posse
2481 4681 2495 4718 :
2539 4667 2647 4718 aut
2668 4663 2868 4736 potius
2886 4675 2985 4736 οι,
3001 4660 3412 4718 Ecclesiastico
3438 4678 3558 4736 3x1,
3592 4665 3683 4736 '2_3.

2017 4734 2132 4791 Sed
2163 4732 2329 4806 quod
2359 4749 2482 4810 non
2508 4749 2647 4790 raro
2670 4732 2943 4802 contigit,
2972 4732 3102 4788 haec
3131 4746 3270 4858 (ante
3302 4732 3477 4789 retuli
3502 4732 3686 4789 verba

2017 4805 2407 4858 nostmodum
2429 4807 2490 4858 in
2521 4805 2724 4858 insum
2755 4808 3104 4858 contextum
3193 4819 3395 4858 uxere.

2016 4805 2490 4879 postmodum'in
2521 4805 3104 4879 ipsumcontextum
3143 4805 3395 4860 ﬂuxere.

2088 4880 2209 4950 (29)
2236 4877 2471 4950 Εάὶῐὶίθι
2499 4876 2777 4932 nonnulli
2826 4880 2915 4928 καὶ
2944 4881 3338 4950 παροιμιαστὴς
3362 4896 3397 4950 f7
3421 4877 3487 4935 ὡς
3518 4880 3682 4950 φωνή.

2015 4946 2291 5005 ΑιΌοὶεΙ.
2326 4949 2560 5020 primus
2612 4952 2722 5015 καὶ,
2761 4950 2837 5020 ὡς,
2874 4946 3036 5020 φωνὴ,
3081 4946 3319 5020 rectius.
3356 4949 3497 5020 Non
3523 4946 3686 5002 enim

2015 5037 2152 5102 quae
2177 5017 2568 5094 proferuntur
2593 5020 2798 5086 verba,
2823 5017 3104 5099 leguntur
3128 5018 3189 5073 in
3225 5017 3685 5073 Proverhiorum

2014 5091 2191 5158 libro,
2216 5091 2322 5147 sed
2343 5092 2510 5158 apud
2535 5090 2914 5155 Eccles.vn,7.
2941 5093 3056 5146 Nec
3077 5095 3160 5145 ita
3173 5088 3364 5146 multo
3383 5094 3519 5158 post
3541 5091 3685 5158 Reg.

2017 5105 2191 5159 unro,
2216 5105 2322 5147 sed
2343 5107 2378 5147 a
2428 5105 2510 5146 ua
2535 5105 2914 5155 uccles.vn,7.
2941 5105 3056 5146 nec
3077 5105 3364 5146 uamuuo
3383 5105 3519 5160 pos:
3541 5105 3685 5158 Heg.

2017 5164 2253 5238 primus
2292 5169 2349 5243 et
2379 5107 2629 5243 δοιὰ-οε
2658 5168 2910 5243 uterque
2949 5160 3127 5218 Cois].
3177 5155 3466 5243 γελωτε
3508 5157 3688 5243 μηδα-

2017 5231 2118 5310 μου
2148 5237 2502 5310 χρῃσάμενος,
2545 5235 2686 5310 ὃσρν.
2710 5231 2832 5310 Ἀίὶὶ
2858 5233 2982 5289 duo
3009 5249 3158 5288 mss.
3186 5231 3261 5288 et
3298 5231 3440 5310 editi
3483 5231 3686 5310 γε’λοιτα

2019 5291 2078 5361 '6";
2104 5378 2115 5380 ξ
2135 5291 2406 5380 μῆἦὸξαμου,
2444 5291 2915 5380 ιὲἱιιροεδεξειίρηῖιιος,Δ
2953 5320 3136 5380 sensu
3168 5319 3319 5380 _non
3377 5291 3682 5380 dissimili.

2019 5375 2297 5436 Subinde
2315 5378 2498 5434 editio
2521 5375 2704 5433 "Basil.
2722 5375 2937 5432 'simul.
2971 5381 3029 5430 et
3054 5375 3234 5430 Paris.
3267 5376 3683 5448 παρακρουέσθῳ

2019 5447 2080 5504 δὲ
2133 5452 2288 5523 ὑμᾶς.
2342 5449 2530 5506 Editio
2587 5451 2730 5505 Ven.
2782 5453 2839 5503 et
2881 5452 2969 5503 tes
3013 5445 3362 5518 mss-pater
3407 5445 3677 5502 C’ombef.

2017 5541 2206 5660 W36)
2239 5591 2442 5649 Codex
2464 5589 2638 5648 Voss.
2670 5596 2727 5647 et
2752 5589 2919 5646 Colb.
2962 5589 3043 5642 ὅτι
3070 5589 3400 5663 γελάσονται,
3437 5591 3580 5663 quia
3601 5589 3684 5645 νε-

2017 5667 2266 5726 debunt.
2292 5663 2466 5725 Haud
2489 5663 2672 5738 longe
2699 5677 2857 5720 unus
2885 5677 3004 5720 ms.
3047 5660 3140 5715 καί
3168 5660 3254 5716 ἐπὶ
3273 5669 3370 5724 τῆς
3396 5660 3556 5719 κᾷτά.
