4110 6386
409 337 511 390 963

1803 325 1861 380 S.
1905 319 2164 378 BASILII
2204 319 2426 377 MAGNI

3693 315 3804 370 964

407 456 630 530 quique
681 453 918 511 nullum
973 452 1198 525 patitur
1228 449 1550 524 voluptatis
1597 448 2050 504 incitamentum

2197 445 2252 508 εξ
2281 442 2479 507 ἡδονῆς
2535 428 2805 517 ἐρεθιᾶμὸν
2852 444 3098 514 πάσχων,
3133 442 3161 500 ἡ
3207 445 3297 493 καὶ
3335 444 3633 516 προϊέμενος
3659 439 3804 513 (31),

407 551 512 604 aut
533 551 689 602 certe
710 545 817 618 qui
848 543 1082 599 nullum
1116 543 1335 615 prodit,
1372 541 1478 597 sed
1518 539 1665 610 gerit
1697 556 1758 595 sc
1799 543 2079 594 constan-

409 640 493 692 ter
539 653 609 691 ac
639 634 870 691 fortiter
920 633 1212 690 adversus
1254 648 1498 688 omnem
1532 631 1774 686 noxiam
1817 628 2075 684 delecta-

409 726 655 795 tionem,
682 726 728 779 is
754 722 1056 794 perfectus
1079 728 1167 777 est
1193 723 1507 777 continens
1534 739 1546 789 ;
1575 721 1681 792 qui
1701 724 1899 775 autem
1923 717 2076 788 ejus-

409 814 577 871 modi
603 813 930 884 est,utique
951 812 1102 866 liber
1128 817 1215 866 est
1238 811 1313 866 ab
1333 811 1494 866 omni
1515 807 1915 881 peccato.Imo
1938 823 2075 862 vero

409 903 742 977 aliquando
775 902 853 958 ab
879 901 1028 974 ipsis
1053 901 1232 957 etiam
1253 900 1596 971 rebus,quae
1626 897 2073 970 permittuntur,

409 1010 667 1066 qumque
701 992 1062 1048 necessariae
1105 995 1244 1046 sunt
1283 990 1360 1044 ad
1383 990 1588 1055 vitam,
1645 987 2072 1043 abstinendum

409 1089 666 1153 est,cum
701 1082 922 1137 scilicet
947 1081 1025 1135 ob
1073 1080 1326 1135 fratrum
1371 1083 1713 1134 nostrorum
1759 1077 2073 1132 utilitatem

409 1173 774 1229 abstinentia
831 1169 1178 1225 instituitur.
1239 1170 1329 1225 Sic
1386 1167 1758 1239 Apostolus:
1800 1167 1866 1222 Si
1917 1181 2071 1232 esca,

407 1257 620 1333 inquit:
645 1261 1019 1316 scandalizat
1037 1259 1296 1328 fratrem
1325 1273 1670 1325 meum,non
1696 1255 2074 1312 manducabo

408 1368 650 1408 carnem
699 1351 762 1405 in
809 1356 1096 1406 aeternum
1131 1350 1202 1403 ⁸³.
1263 1348 1374 1414 Qui
1406 1349 1587 1404 etiam
1640 1363 1778 1402 cum
1825 1346 2077 1402 haberet

405 1445 768 1514 potestatem
822 1438 1056 1494 vivendi
1107 1453 1177 1492 ex
1226 1437 1572 1508 Evangelio,
1609 1453 1730 1492 non
1781 1452 1929 1491 usus
1983 1439 2076 1491 est

404 1531 520 1586 hac
551 1533 866 1602 potestate,
891 1543 966 1583 ne
995 1527 1162 1600 quod
1188 1526 1623 1584 oﬂ‘endiculum
1669 1526 1840 1583 daret
1878 1529 2073 1582 Evan-

404 1619 562 1690 gelio
589 1618 803 1676 Christi
826 1618 895 1672 ⁸⁵.

473 1714 528 1764 ‘2.
558 1707 976 1782 Temperantia
1016 1707 1195 1778 igitur
1223 1707 1373 1764 tollit
1395 1711 1665 1779 peccata,
1698 1706 2071 1763 turbulentos

2190 536 2296 587 ἀλλ’
2354 536 2622 610 ἐγκρατῶς
2666 539 2756 586 καὶ
2808 529 3082 593 ἁνενδότως
3129 536 3259 606 πρὸς
3287 538 3459 584 πᾶσαν
3507 530 3804 584 ἀπόλαυσιν

2195 625 2456 700 βλαϐερὰν
2517 623 2863 697 διακείμενος,
2916 626 2940 675 ό
2999 623 3184 682 τέλειός
3241 621 3382 675 ἔστιν
3431 620 3723 696 ἐγκρατής·
3775 623 3803 674 ό

2190 713 2249 768 δὲ
2288 724 2523 776 τοιοῦτος
2572 712 2816 772 δηλονότι
2867 717 2956 764 καὶ
3012 714 3188 772 πάσης
3237 710 3563 768 ἀπήλλακται
3620 711 3803 786 ἀμαρ-

2188 810 2322 867 τίας.
2356 806 2515 860 Ἔστι
2565 801 2624 856 δὲ
2672 805 2754 855 ὅτε
2807 808 2897 854 καὶ
2954 802 3117 854 αὐτῶν
3163 811 3262 854 τῶν
3313 806 3804 874 συγκεχωρημένων

2188 903 2277 949 καὶ
2308 896 2604 968 ἀναγκαίων
2629 898 2756 969 πρὸς
2779 898 2838 946 τό
2887 894 2982 966 ζῇν
3014 893 3271 966 ἀφεκτέον,
3306 894 3424 945 ὅταν
3473 891 3548 944 ἐπ’
3583 891 3803 964 ὠφελεία

2186 988 2283 1038 τῶν
2338 983 2570 1058 ἀδελφῶν
2611 987 2756 1058 ἡμῶν
2801 987 2829 1042 ἠ
2893 982 3071 1054 ἀποχὴ
3125 983 3457 1055 οἰκονομῆται
3483 981 3616 1044 (32).
3649 981 3739 1042 Ὠς
3765 982 3794 1033 ὁ

2189 1075 2503 1135 ’Λαόστολος
2528 1096 2539 1107 ·
2575 1074 2633 1127 Εἰ
2665 1073 2854 1148 βρῶμα
2903 1068 3242 1132 σκανδαλίζει
3285 1075 3372 1124 τὸν
3402 1067 3621 1143 ἀδελφόν
3669 1091 3801 1146 μου,

2187 1167 2367 1239 φησὶν,
2424 1165 2482 1216 οὐ
2543 1167 2614 1236 μὴ
2655 1166 2804 1235 φάγω
2859 1167 2988 1236 κρέα
3033 1162 3102 1222 εἰς
3156 1164 3245 1214 τὸν
3293 1161 3473 1215 αἰῶνα.
3509 1166 3610 1214 Καὶ
3656 1164 3800 1233 ἔχων

2186 1255 2423 1319 ἐξουσίαν
2481 1253 2534 1306 ἐκ
2576 1261 2668 1306 τοῦ
2730 1251 3049 1324 Εὐαγγελίου
3098 1252 3216 1323 ζῆν,
3265 1251 3359 1303 οὐκ
3418 1250 3686 1324 ἐχρήσατο
3729 1260 3795 1324 τῇ

2185 1345 2420 1416 ἐξουσίᾳ,
2477 1345 2560 1396 ῑνα
2598 1347 2668 1415 μὴ
2700 1341 2928 1414 ἐγκοπήν
2958 1361 3075 1394 τινα
3121 1337 3198 1410 δῷ
3228 1348 3299 1410 τῷ
3346 1339 3645 1412 Εὑαγγελίῳ
3701 1349 3797 1393 τοῦ

2186 1442 2441 1510 Χριστοῦ.

2255 1707 2307 1758 2.
2367 1702 2543 1755 Ἔστιν
2609 1696 2698 1752 οὖν
2752 1701 2782 1757 ἡ
2839 1698 3116 1772 ἐγκράτεια
3180 1699 3437 1771 ἁμαρτίας
3507 1697 3792 1772 ἀναίρεσις,

403 1804 604 1856 motus
635 1797 949 1864 amandat,
972 1798 1297 1853 mortiﬁcat
1337 1813 1560 1868 corpus
1584 1797 1663 1853 ad
1693 1797 1861 1868 ipsas
1890 1797 2054 1851 etian:

2185 1796 2360 1847 παθῶν
2403 1790 2836 1864 ἁπαλλοτρίωσις,
2895 1795 3136 1861 σώματος
3192 1793 3438 1863 νέκρωσις
3485 1793 3650 1861 μέχρι
3701 1794 3794 1843 καὶ

407 1905 597 1961 usque
618 1887 925 1943 naturales
949 1886 1298 1943 affectiones
1332 1903 1402 1942 ac
1433 1886 1811 1958 cupiditates,
1832 1885 2069 1942 initium

402 1983 492 2035 est
546 1977 871 2051 spiritualis
898 1977 1056 2042 vitae,
1085 1976 1364 2032 conelliat
1392 1981 1616 2032 aeterna
1643 1976 1824 2039 bona.
1857 1976 2068 2030 stimu-

400 2068 530 2124 lum
560 2067 887 2140 voluptatis
918 2067 979 2122 in
1013 2067 1214 2139 seipsa
1243 2067 1883 2139 exstinguit.Voluptas
1905 2067 2067 2122 enim

400 2175 626 2231 magna
648 2157 749 2213 illa
779 2163 868 2214 est
893 2157 1036 2214 mali
1062 2157 1365 2223 illecebra,
1389 2173 1513 2228 qua
1541 2172 1655 2213 nos
1686 2157 1964 2212 homines
1985 2157 2066 2214 ad

400 2253 717 2321 peccatum
747 2247 924 2304 valde
948 2247 1287 2303 admodum
1309 2246 1606 2318 proclives
1627 2263 1859 2302 sumus:
1885 2263 1920 2302 a
1941 2250 2067 2320 qua

399 2338 604 2394 anima
639 2337 836 2394 omnis
860 2337 1020 2392 velut
1045 2337 1124 2392 ab
1141 2337 1326 2392 hamo
1349 2336 1430 2392 ad
1446 2336 1750 2392 interitum
1773 2337 2062 2409 pertrahi-

399 2432 512 2484 tur.
549 2429 741 2492 Quare
772 2427 878 2499 qui
907 2426 984 2482 ab
1014 2426 1143 2497 ipsa
1172 2442 1295 2481 non
1326 2425 1726 2491 effeminatur,
1761 2442 1871 2482 nec
1905 2427 2063 2482 fran-

401 2517 692 2587 gitur,per
719 2516 1180 2588 temperantiam
1209 2521 1460 2588 peccata
1490 2517 1696 2572 omnia
1716 2517 2063 2581 vitat.Quod

397 2606 447 2662 si
473 2605 805 2678 quispiam,
830 2605 1025 2660 vitatis
1054 2605 1350 2677 plurimis,
1379 2605 1456 2660 ab
1487 2622 1609 2660 uno
1640 2613 1978 2676 superatur,
2011 2605 2062 2661 is

395 2695 713 2751 continens
731 2709 854 2750 non
869 2699 978 2749 est:
995 2694 1517 2765 quemadmodum
1531 2710 1726 2766 neque
1744 2711 1932 2750 sanus
1946 2700 2056 2761 est,

393 2784 500 2856 qui
529 2799 652 2840 uno
681 2782 979 2856 corporali
1009 2783 1226 2838 morbo
1246 2783 1484 2838 laborat
1507 2801 1520 2851 ;
1543 2799 1740 2856 neque
1769 2783 1939 2852 liber,
1955 2789 2060 2856 qui

385 2872 644 2945 imperio
675 2873 991 2944 subjicitur
1015 2873 1217 2940 unius,
1258 2874 1608 2945 quicunque
1661 2873 1906 2928 tandem
1961 2873 2058 2928 ille

387 2961 484 3029 sit,
507 2962 763 3034 vilisque
796 2968 850 3018 et
872 2961 1164 3034 plebeius.
1190 2967 1268 3018 Ac
1307 2961 1554 3033 reliquae
1579 2962 1827 3034 quidem
1874 2964 2046 3034 361

383 3053 636 3110 virtutes
667 3070 806 3110 cum
839 3055 899 3109 in
936 3053 1173 3109 occulto
1199 3059 1610 3120 exerceantur,
1640 3070 1776 3110 raro
1806 3056 2056 3111 veniunt

380 3143 442 3200 in
487 3144 807 3200 hominum
837 3148 1236 3216 conspectum
1275 3159 1289 3198 :
1335 3144 1706 3200 continentia
1735 3161 1874 3200 vero
1912 3161 2048 3201 eum
2083 3161 2123 3216 (ς

383 3248 421 3290 a
444 3249 568 3306 quo
590 3233 1057 3306 possidetur,vel
1087 3235 1222 3304 ipso
1251 3248 1585 3305 congressu
1610 3239 1827 3290 notum
1857 3235 2050 3291 efﬁcit

391 3324 462 3378 Ut
500 3323 662 3379 enim
693 3323 960 3379 obesitas
1015 3327 1072 3378 et
1117 3323 1320 3378 bonus
1357 3323 1532 3379 color
1562 3324 1852 3380 athletam
1887 3330 2055 3382 notat

381 3410 464 3467 ita
484 3412 756 3484 corporis
803 3411 1030 3467 macies
1055 3416 1112 3467 et
1156 3411 1372 3483 pallor,
1415 3412 1522 3484 qui
1579 3429 1652 3468 ex
1683 3414 2052 3470 continentia

382 3501 655 3570 emergit,
713 3500 936 3557 indicio
992 3505 1099 3568 est,
1151 3501 1558 3557 Christianum
1602 3517 1735 3558 vere
1763 3504 2049 3560 athletam

383 3605 514 3646 esse
537 3597 981 3664 praeceptorum
1014 3591 1226 3648 Christi
1259 3607 1272 3646 :
1304 3593 1412 3664 qui
1435 3592 1747 3649 inimicum
1776 3611 1954 3651 suum
1986 3596 2048 3652 in

380 3681 655 3753 corporis
677 3680 1024 3738 inﬁrmitate
1037 3681 1545 3754 vincat,viresque
1566 3699 1709 3740 suas
1729 3685 1789 3739 in
1811 3687 2050 3758 pietatis

380 3770 815 3827 certaminibus
865 3771 1166 3837 ostendat,
1194 3772 1623 3829 convenienter
1654 3775 1853 3830 verbis
1882 3776 1996 3832 illis
2027 3793 2042 3831 :

383 3859 530 3915 Cum
563 3862 864 3930 inﬁrmor,
887 3865 1031 3916 tunc
1053 3867 1267 3930 potens
1296 3862 1501 3917 sum“.
1531 3865 1831 3927 Quantum
1864 3881 1937 3921 ex
1975 3881 2049 3921 eo

375 3947 661 4016 lucriest,
708 3950 758 4004 si
787 3949 985 4005 solum
1021 3950 1430 4007 continentem
1472 3951 1809 4017 videamus,
1841 3956 1941 4010 vix
1992 3960 2049 4010 et

376 4053 558 4110 parce
581 4038 764 4095 rebus
776 4039 1130 4094 necessariis
1143 4043 1499 4106 utentem,et
1516 4042 1697 4098 veluti
1715 4059 2046 4102 onerosum

399 4135 629 4185 naturae
644 4128 1046 4184 ministerium
1065 4130 1510 4201 persolventem
1523 4137 1903 4207 ,tempusque
1921 4152 2045 4208 quo

374 4219 449 4276 iis
469 4217 851 4287 immoratur,
866 4233 1028 4289 aegro
1053 4220 1256 4276 animo
1283 4219 1663 4291 ierentem,et
1679 4224 1794 4280 cito
1824 4240 1860 4280 a
1879 4242 2045 4282 men-

2181 1884 2349 1935 αὔτῶν
2406 1891 2506 1934 τῶν
2556 1888 2788 1953 φυσικῶν
2841 1881 3161 1951 παθημάτων
3215 1897 3268 1930 τε
3329 1883 3418 1930 καὶ
3480 1876 3788 1951 ἐπιθυμιῶν,

2181 1975 2319 2035 ζωῆς
2378 1979 2730 2044 πνευματικῆς
2777 1967 2946 2043 ἀρχὴ,
2996 1978 3095 2020 τῶν
3135 1972 3352 2020 αἰωνίων
3397 1967 3606 2039 ἀγαθῶν
3653 1973 3790 2042 πρό-

2179 2063 2331 2130 ξενος,
2372 2061 2419 2114 ἐν
2474 2061 2627 2132 ἑαυτῆ
2683 2063 2742 2112 τὸ
2791 2063 2996 2133 κέντρον
3053 2067 3147 2120 τῆς
3192 2054 3391 2120 ἡδονῆς
3438 2058 3786 2129 ἀφανίζουσα.

2173 2151 2364 2210 Ἡδονὴ
2408 2154 2509 2224 γὰρ
2560 2149 2673 2202 ἐστι
2721 2151 2780 2201 τὸ
2817 2153 2951 2220 μέγα
2993 2155 3084 2200 τοῦ
3127 2156 3292 2200 κακοῦ
3342 2145 3545 2222 δέλεαρ,
3598 2144 3673 2201 δι’
3724 2150 3788 2209 ῆν

2175 2244 2493 2316 εὖέμπτωτοι
2555 2239 2662 2311 (33)
2721 2237 2954 2310 μαλιστα
3017 2241 3148 2310 πρὸς
3215 2238 3476 2311 ἁμαρτίαν
3529 2236 3680 2310 ἐσμὲν
3739 2243 3792 2295 οἱ

2173 2335 2438 2407 ἄνθρωποι
2466 2350 2478 2364 ο
2531 2329 2616 2401 ὑφ’
2646 2329 2706 2389 ἧς
2734 2333 2884 2380 πᾶσα
2911 2325 3066 2398 ψυχὴ
3109 2329 3178 2389 ὡς
3204 2325 3290 2379 ὑπ’
3335 2325 3624 2400 ἀγκίστρου
3653 2330 3790 2400 πρὸς

2172 2429 2258 2478 τόν
2327 2425 2542 2475 Θάνατον
2608 2418 2826 2474 ἕλκεται.
2881 2416 2963 2478 Ὡς
3015 2418 3041 2468 ὃ
3096 2435 3156 2487 γε
3216 2419 3288 2489 μὴ
3361 2416 3782 2489 ἐκθηλυνόμενος,

2172 2510 2310 2586 μηδὲ
2362 2512 2860 2582 κατακαμπτόμενος
2907 2507 2995 2559 ὑπ’
3049 2505 3214 2568 αὐτῆς
3253 2506 3385 2576 (34),
3431 2503 3525 2558 διὰ
3568 2514 3658 2568 τῆς
3703 2505 3786 2578 ἐγ-

2170 2607 2408 2678 κρατείας
2474 2607 2646 2654 πᾶσαν
2720 2600 2886 2669 φυγὴν
2948 2596 3337 2669 ἁμαρτημάτων
3405 2597 3774 2670 κατώρθωσεν.

2171 2693 2230 2747 Εἰ
2273 2689 2332 2745 δε
2377 2695 2442 2744 τὰ
2479 2693 2568 2763 μεν
2617 2688 2839 2741 πλεῖστα
2892 2689 3096 2758 ἔφυγεν,
3127 2685 3210 2757 ὑφ’
3240 2685 3349 2747 ἑνός
3391 2681 3451 2738 δε
3477 2693 3764 2758 κρατεῖται,

2169 2783 2262 2834 οὐκ
2329 2782 2588 2856 ἐγκρατὴς
2637 2779 2661 2829 ὁ
2722 2784 2951 2838 τοιοῦτος
2985 2795 2997 2809 ο
3053 2778 3224 2848 ὥσπερ
3275 2779 3363 2827 καὶ
3427 2775 3452 2826 ὁ
3509 2773 3590 2846 ὑφ’
3658 2775 3772 2836 ινός

2167 2874 2368 2934 πάθους
2419 2875 2720 2942 σωματικοῦ
2751 2864 3124 2938 ἐνοχλούμενος
3165 2862 3274 2936 οὐχ
3315 2865 3502 2935 ὑγιής·
3557 2867 3648 2916 καὶ
3685 2864 3776 2937 ὑφ.

2167 2963 2274 3024 ἑνός
2303 2966 2393 3014 καὶ
2442 2968 2535 3013 τοῦ
2577 2962 2833 3030 τυχόντος
2884 2961 3246 3030 κυριευόμενος
3289 2953 3408 3025 (35)
3451 2953 3545 3006 οὐκ
3583 2951 3779 3006 ἐλεύθε-

2165 3071 2274 3127 ρος.
2310 3053 2374 3104 Αἰ
2404 3053 2495 3124 μὶν
2547 3045 2635 3101 οὖν
2683 3047 2861 3100 λοιπαὶ
2915 3045 3113 3120 ἀρεταὶ,
3147 3042 3196 3095 ἐν
3240 3051 3315 3113 τῷ
3346 3052 3560 3117 κρυπτῷ
3590 3062 3780 3116 κατορ-

2166 3145 2430 3214 θούμεναι,
2487 3139 2723 3211 ὀλιγάκις
2781 3133 3144 3207 διαφαίνονται
3197 3141 3304 3193 τοῖς
3359 3133 3690 3209 ἀνθρώποις·
3740 3135 3774 3191 ἡ

2165 3228 2224 3284 δὴ
2286 3230 2563 3303 ἐγκράτεια
2621 3227 2710 3280 ἀπ’
2777 3225 2940 3288 αὐτῆς
3003 3233 3097 3286 τῆς
3159 3228 3452 3295 συντυχίας
3512 3229 3775 3297 γνώριμον

2161 3330 2297 3376 ποιεῖ
2342 3327 2430 3374 τόν
2454 3323 2668 3393 ἔχοντα.
2704 3316 2792 3378 Ὠς
2827 3318 2929 3388 γὰρ
2961 3319 3046 3368 τόν
3091 3313 3322 3372 ἀθλητήν
3353 3315 3383 3371 ἡ
3439 3313 3778 3387 πολυσαρκία

2160 3417 2250 3465 καὶ
2287 3413 2317 3470 ἠ
2351 3414 2573 3486 εὕχροια
2598 3407 3010 3481 χαρακτηρίζει,
3059 3405 3196 3458 οὕτω
3219 3408 3305 3457 τόν
3345 3409 3664 3477 Χριστιανὸν
3712 3409 3775 3458 τό

2163 3502 2516 3564 κατεσκληκός
2551 3507 2642 3553 τοῦ
2671 3505 2928 3570 σώματος,
2952 3500 3043 3549 καὶ
3083 3497 3111 3554 ἡ
3139 3493 3195 3548 ἐκ
3218 3502 3308 3556 τῆς
3335 3502 3433 3557 τῆς
3465 3493 3774 3568 έγκρατείας

2161 3594 2458 3647 ἐπανθοῦσα
2495 3591 2674 3663 ὠχρία
2721 3589 2836 3658 (36)
2887 3591 3170 3652 κείκννσιν,
3211 3585 3292 3638 ὅτι
3330 3584 3560 3646 ἀθλητὴς
3615 3589 3772 3646 ὅντως

2161 3685 2273 3738 ἐστὶ
2303 3693 2404 3737 τῶν
2435 3681 2644 3736 ἐντολῶν
2686 3686 2780 3732 τοῦ
2827 3686 3064 3753 Χριστου
3098 3697 3111 3710 ο
3170 3675 3219 3729 ἐν
3265 3683 3328 3748 τῇ
3384 3674 3627 3748 ἀσθενείᾳ
3671 3694 3769 3730 του

2163 3783 2406 3848 σώματος
2471 3768 2840 3825 καταπαλαίων
2897 3768 3084 3821 ἑαυτου
3142 3769 3228 3818 τόν
3285 3765 3498 3838 ἐχθρόν,
3549 3784 3642 3819 και
3706 3770 3770 3820 τό

2160 3861 2381 3918 δυνατόν
2438 3862 2487 3915 έν
2537 3868 2652 3920 τοῖς
2699 3866 2800 3919 τῆς
2866 3855 3129 3918 εὐσεϐείας
3183 3854 3362 3916 ἄθλοις
3408 3851 3770 3928 ἐπιδεικνύμε-

2157 3975 2262 4023 νος,
2331 3955 2468 4006 κατὰ
2517 3956 2576 4005 τό
2645 3949 2930 4023 εἰρημένον,
2999 3949 3080 3999 ὅτι
3131 3945 3291 3997 Ὅταν
3355 3945 3579 4014 ἀσθενῶ,
3647 3951 3771 4000 τότε

2161 4044 2380 4106 δυνατός
2434 4043 2561 4116 εἰμι.
2599 4047 2761 4093 Ὅσον
2816 4043 2874 4090 τό
2931 4033 3135 4112 κέρδος,
3189 4035 3412 4108 ὀφθῆναι
3467 4040 3622 4109 μόνον
3677 4041 3768 4090 τόν

2157 4137 2408 4212 ἐγκρατῆ,
2475 4131 2624 4204 μόλις
2688 4133 2778 4182 καὶ
2844 4130 2976 4181 κατὰ
3049 4130 3235 4199 μικρόν
3305 4133 3406 4178 τῶν
3468 4125 3769 4197 ἀναγκαίων

2157 4226 2460 4300 ἀπτόμενον,
2510 4226 2601 4275 καὶ
2662 4223 2728 4281 ὡς
2772 4219 3096 4291 λειτουργίαν
3154 4216 3362 4289 ἐπαχθῆ
3422 4216 3769 4270 ὑποτελουντα

377 4324 449 4365 sa
478 4308 556 4364 ad
583 4323 773 4380 opera
812 4309 1160 4380 peragenda
1189 4317 1557 4381 surgentem.
1586 4314 1854 4372 Arbitror
1881 4317 2042 4373 enim

2171 4325 2219 4391 τῇ
2253 4319 2426 4390 φύσει,
2459 4317 2548 4366 καὶ
2577 4308 2999 4386 δυσχεραίνοντα
3050 4309 3139 4380 μὲν
3168 4313 3242 4378 τῷ
3289 4314 3458 4382 καιρῷ
3496 4314 3592 4370 τῆς
3643 4311 3768 4380 περὶ

448 4460 497 4496 ³⁸
523 4461 545 4515 l
571 4461 704 4516 Cor.
733 4474 849 4531 vm,
879 4463 967 4518 13.
1043 4459 1092 4496 ⁸⁵
1124 4461 1146 4519 Ι
1176 4461 1311 4518 Cor.
1343 4465 1535 4532 Ix,12.
1613 4465 1663 4501 ⁸⁸
1695 4468 1739 4521 II
1772 4471 1908 4525 Cor.
1962 4486 2060 4539 xu,
2103 4474 2184 4527 t0.

437 4611 1085 4707 t):I_t-eng:‘prim_us_et
1107 4613 1278 4707 Voss.
1303 4618 1366 4707 et
1401 4615 1587 4704 Colbﬂ.’
1611 4621 1670 4674 et
1698 4618 1876 4677 Coisl.
1917 4622 2042 4707 pri-

371 4699 514 4765 mu-g
571 4686 854 4765 ἐρεθίτῖμδν-
907 4687 1141 4765 71dqu!
1193 4686 1223 4745 ἦ
1283 4691 1374 4765 κοὲὶ
1436 4691 1758 4765 προϊέμενος,
1821 4686 2042 4765 Quibus

369 4756 616 4832 nutluni
631 4756 976 4832 _voluptat_i_s
993 4757 1451 4832 incitamentum
1477 4756 1854 4832 'pat'iturﬁu?
1884 4756 2045 4822 certe

370 4829 476 4916 ςιέί
503 4828 744 4916 nultum
780 4826 1006 4914 prodit.
1036 4828 1187 4915 Editi
1210 4832 1268 4884 et
1293 4835 1414 4914 tres
1452 4826 1601 4888 mss.
1635 4826 2042 4916 καῖμηὸέναέξ

370 4897 570 4962 ἧδονῆς
593 4972 600 4974 ξ
627 4897 899 4974 ἔρεθισμόν
924 4903 1277 4974 προσιέμενος,
1307 4903 1528 4974 quique
1575 4897 1814 4962 nullu'm
1874 4897 2038 4965 volui

364 4974 553 5049 ptatis
577 4971 1333 5049 inritamenttimadmittzj
1352 4988 1375 5030 .'
1402 4971 1543 5049 qua)1
1561 4977 1858 5049 scriptura
1883 4979 2040 5038 falsa

367 5042 550 5099 simul
596 5047 655 5098 et
682 5057 905 5098 manca
950 5042 1110 5112 fecit,
1168 5047 1233 5098 ut
1281 5042 1701 5102 Combeﬁsius'
1725 5055 2036 5109 auctorem

367 5115 584 5170 Stoicae
614 5113 944 5186 cujusdam
970 5114 1232 5186 apathite
1263 5115 1565 5174 immerito
1597 5122 1917 5178 accusarit.
1969 5126 2037 5180 Et

366 5190 430 5240 ut
461 5185 660 5254 magis
681 5202 859 5258 suam
882 5185 1234 5258 opinionem
1255 5189 1730 5258 conﬁrmaret,in
1753 5209 1864 5249 suo
1890 5197 2032 5253 Maz.

368 5272 477 5312 seu
502 5259 642 5334 B_eg.
668 5257 866 5334 primo
885 5256 1082 5334 legere
1113 5257 1299 5334 voluit
1323 5256 1681 5334 προσιέμενος,
1715 5267 1982 5323 admittit
2016 5283 2030 5322 :

411 5344 501 5408 uo_
538 5327 601 5382 in
632 5327 885 5408 _cg_dice_
911 5333 1118 5408 tamen
1165 5327 1402 5408 legitur
1433 5327 1763 5408 προίέμενος,
1804 5339 2030 5408 prodit,

411 5401 664 5482 eelarat.
682 5400 824 5486 illo;
852 5402 991 5485 geg.
1020 5400 1255 5486 primus
1277 5407 1331 5458 et
1357 5400 1530 5486 foss.
1561 5400 1617 5486 et
1639 5400 1817 5486 golbf
1837 5400 2034 5463 διαχείέ

365 5472 592 5557 aevoque
639 5469 993 5557 rﬂfLég'ic'z-w
1021 5469 1300 5557 ἰγκρατῆς.
1357 5475 1503 5557 Editi
1531 5482 1592 5557 et
1637 5482 1777 5557 Reg.
1821 5497 2034 5557 secun-

365 5541 482 5632 dus
512 5541 663 5630 οὗτος
708 5541 769 5593 ἂν
819 5541 848 5614 ᾖ
899 5541 1172 5619 ἑγκράτῆς.
1226 5549 1366 5618 Reg.
1416 5549 1620 5606 tertiu
1672 5541 1823 5616 οὗτος
1860 5552 1920 5606 ἂν
1951 5557 2028 5612 εἴη

366 5633 489 5686 εγκρ
498 5633 649 5686 ατηγς.

440 5633 785 5753 iigiiiédex
813 5683 982 5745 Colb.
1009 5688 1378 5762 οἰκονομεῖται.
1411 5693 1643 5753 Ibidem
1688 5695 1852 5756 idem
1880 5697 2036 5757 liber

2152 4635 2292 4677 cum
2315 4620 2455 4688 Reg.
2485 4615 2686 4690 primo
2709 4613 2806 4676 Ὠς
2826 4630 2985 4690 φησιν
3011 4607 3400 4690 ῥ-Ἀπρσςτολος·
3420 4609 3589 4690 ’βὰνρ
3611 4606 3764 4690 ἀδελ-

2188 4696 2238 4754 ός
2276 4711 2376 4764 μου
2399 4680 2847 4754 σκανδαλίζηται,
2881 4684 2962 4741 οὐ.
3011 4681 3186 4740 Haud
3236 4682 3414 4754 longe
3437 4680 3657 4754 legitur
3697 4683 3764 4740 in

2188 4763 2324 4819 lolb.
2353 4767 2535 4819 καίπερ
2567 4762 2704 4819 ἔγων
2735 4757 2791 4812 έκ
2813 4775 2926 4813 του.

2200 4775 2324 4821 01D.
2353 4775 2535 4821 καίπερ
2567 4775 2704 4821 εγων
2735 4778 2791 4812 εκ
2813 4775 2926 4813 του.

2217 4779 2324 4821 )lD.
2353 4779 2535 4837 καίπερ
2567 4779 2704 4832 εχων
2735 4779 2791 4812 εκ
2813 4779 2926 4813 του.

2217 4837 2331 4909 (33)
2363 4835 2786 4909 Reg,primus
2820 4831 2878 4886 et
2905 4829 3076 4886 Voss.
3125 4830 3180 4883 et
3229 4824 3397 4883 Colb.
3431 4821 3636 4902 δέλεαρ,
3667 4830 3761 4881 καὶ

2153 4903 2189 4960 δ
2194 4903 2234 4959 ι”
2258 4906 2423 4965 αὐτὴν
2451 4903 2790 4976 ιύίρῖπτωτ-ο-ι.

2219 4979 2338 5053 (24)
2358 4979 2451 5034 Sic
2478 4969 2668 5053 codex
2711 4973 2976 5053 vesane}
3013 4969 3190 5053 ‘Colb.
3220 4972 3277 5025 et
3311 4969 3749 5053 Beg.‘p‘rin1‘us,

2146 5041 2257 5106 Alii
2288 5041 2410 5105 duo
2437 5065 2584 5105 mss.
2619 5051 2677 5103 et
2704 5043 2867 5101 editi.
2885 5041 3283 5115 ἐκθηλννὸμινος
3304 5042 3390 5096 ὑπ’
3409 5041 3594 5113 αὐτῆς,
3625 5042 3762 5101 bre.

2145 5123 2280 5179 vius
2312 5138 2502 5195 quam
2531 5134 2646 5195 par
2676 5121 2823 5172 erat.

2217 5184 2493 5278 (35):Reg.
2516 5184 2753 5278 primus
2781 5190 2837 5242 et
2862 5187 3031 5278 Voss.
3071 5184 3310 5278 stAColb.
3341 5186 3658 5278 ότοιουιιῖοςο
3688 5189 3762 5252 ὡς

2145 5258 2261 5320 οὔτε
2314 5258 2468 5338 ῧγιῆξ
2507 5258 2541 5316 ὅ
2582 5263 2652 5316 ἑνὶ
2708 5266 2993 5338 σωματικῷ
3041 5259 3196 5311 πάθει
3253 5258 3756 5333 παρενοχλούμενος,

2143 5341 2262 5392 οὔτε
2317 5330 2573 5411 ἐλεύθερος
2621 5335 2648 5387 ό
2697 5330 2920 5407 ὑφ”ἐνός
2965 5330 3065 5385 καὶ
3093 5349 3186 5384 του
3218 5330 3473 5404 τυχόντος
3521 5330 3762 5407 κυριευό-

2142 5429 2323 5555 μεῖἕὲ)
2347 5479 2499 5538 Editi
2529 5485 2589 5555 et
2614 5493 2759 5534 mss.
2787 5473 3064 5555 nonnulli
3084 5474 3408 5555 ﬁuntﬁcunt.
3423 5476 3624 5555 χροιά,
3659 5491 3755 5555 ίόἒ

2143 5546 2278 5634 ιονιξ.
2306 5546 2735 5634 'Reg.‘primus
2783 5552 2840 5606 et
2869 5551 3037 5631 Yoss.
3069 5546 3267 5621 ὠχρία,
3296 5546 3528 5618 pallor,
3581 5549 3756 5621 quod

2141 5625 2358 5687 melius
2384 5625 2652 5700 judicavi
2681 5625 2740 5681 et
2767 5625 2986 5680 verius.
