4110 6378
261 331 364 384 θϐῧ

252 458 418 504 ταῦτα
447 449 742 527 διατριϐῆς,
775 458 919 527 ταχύ
959 453 1019 509 δι
1064 463 1158 517 τῆς
1194 457 1462 531 τραπέζης
1488 452 1848 517 ἀποπηδῶντα
1887 462 1932 513 Α

251 544 383 613 πρὸς
402 546 494 601 τὴν
515 552 614 595 τῶν
636 547 796 617 ἔργων
819 543 1081 605 σπουδήν.
1106 545 1269 620 Οἶμαι
1292 547 1468 621 γὰρᾶν
1498 554 1589 602 καὶ
1610 558 1702 601 τοῦ
1735 549 1854 603 ἁκο-

249 627 448 683 λοίστου
468 637 585 705 περὶ
606 639 842 709 γαστέρα
859 632 1064 707 μηδένα
1089 635 1238 710 λόγον
1266 645 1516 690 τοσοῦτον
1547 647 1642 700 τῆς
1664 638 1818 712 ψυχῆ
1832 661 1853 702 ς

250 720 615 791 καθάψασθαι,
630 728 719 776 καὶ
737 728 866 798 πρὸς
886 723 1170 798 μεταϐολὴν
1191 725 1609 799 ἔναγαγεῖν(37),
1625 730 1746 782 ὅσον
1762 733 1852 782 καὶ

249 812 409 880 μόνην
430 815 524 870 τὴν
546 818 840 884 συντυχίαν
860 821 952 867 τοῦ
974 813 1278 891 ἐγκρατοῦς.
1307 821 1407 869 Καὶ
1427 822 1580 871 τοῦτό
1602 817 1764 889 ἐστιν,
1789 822 1854 882 ὡς

249 898 465 968 ἔοικε,τό
483 900 550 962 εἰς
563 898 721 965 δόξαν
734 909 865 957 Θεοῦ
882 901 1072 956 ἔσθίειν
1089 909 1180 958 καὶ
1197 908 1381 959 πίνειν·
1404 906 1539 960 ὥστε
1552 905 1737 961 καὶέπὶ
1759 916 1820 968 τῆ
1832 928 1854 971 ς

247 990 512 1061 τραπέζης
527 991 631 1063 (38)
651 992 864 1064 λάμπειν
883 996 945 1046 τὰ
966 993 1100 1048 καλὰ
1119 995 1148 1053 ἡ
1156 1003 1266 1069 μῶν
1288 998 1415 1071 ἔργα
1429 1000 1562 1072 πρὸς
1578 1000 1638 1050 τὸ
1660 993 1695 1051 δ
1698 996 1852 1061 οξασ-

252 1079 406 1139 θῆναι
432 1084 516 1134 τὸν
546 1084 750 1156 Πατέρα
774 1083 921 1157 ἡμῶν
950 1087 1039 1138 τὸν
1066 1084 1115 1138 ἓν
1141 1081 1253 1148 τοῖς
1293 1086 1555 1163 οὐρανοῖς.

816 1232 1134 1284 ΕΡΩἸἮΣΙΣ
1171 1229 1279 1287 Ill'.

243 1362 362 1417 Ὀτι
401 1362 485 1420 δεῖ
509 1366 713 1420 πάντων
745 1378 845 1422 τῶν
870 1375 1289 1448 παρατιθεμένων
1321 1376 1443 1449 ἡμῖν
1471 1373 1847 1448 ἀπογεύεσθαι.

869 1516 1240 1571 ΛΠΟΚΡΙΣΙΣ.

319 1596 644 1670 ’Δναγκαίως
704 1603 881 1673 μέντοι
955 1602 1159 1658 κάκεῖνο
1232 1603 1646 1682 προσδιωρίσθω
1679 1653 1692 1678 ,
1774 1611 1852 1664 ὄτι

242 1690 380 1759 πρὸς
420 1692 509 1740 τὸν
537 1690 629 1760 (39
672 1691 1020 1766 ύπωπιοισμον
1062 1701 1153 1746 τοῦ
1202 1700 1444 1770 σώματος
1492 1697 1850 1775 ἀπαραίτητον

245 1781 356 1837 τοῖς
415 1785 512 1838 τῆς
579 1777 843 1843 εὐσεϐείας
911 1780 1227 1853 ἀγωνισταῖς
1282 1788 1312 1844 ἡ
1382 1784 1676 1862 ἐγκράτεια·
1740 1797 1851 1854 ῐῐᾶς
1884 1824 1924 1876 Β

246 1865 346 1937 γὰρ
401 1866 426 1916 ὁ
492 1864 889 1942 ἀγωνιζόμενος,
951 1873 1122 1925 πάντα
1180 1872 1562 1951 ἐγκρατεύεται.
1607 1883 1746 1955 Πρὸς
1794 1876 1853 1933 δὲ

249 1957 309 2006 τό
361 1959 435 2027 μὴ
484 1961 854 2029 συνεμπίπτειν
905 1968 1015 2024 τοῖς
1062 1961 1279 2038 ἐχθροῖς
1327 1972 1418 2018 τοῦ
1451 1976 1584 2020 Θεοῦ
1614 1975 1725 2030 τοῖς
1762 1988 1851 2023 κε-

250 2050 726 2120 καυτηριασμένοις
754 2052 850 2107 τὴν
895 2047 1036 2103 ἰδίαν
1069 2051 1397 2127 συνείδησιν,
1434 2063 1524 2110 καὶ
1565 2053 1658 2110 διὰ
1696 2068 1851 2112 τοῦτο

252 2131 596 2206 ἀντεχομένοις
654 2135 969 2210 βρωμάτων,
1027 2140 1062 2192 ἃ
1113 2142 1138 2193 ὁ
1198 2146 1329 2207 Θεὸς
1380 2146 1578 2198 ἔκτισεν
1636 2145 1709 2209 εἰς
1766 2167 1854 2222 με-

246 2222 472 2295 τάληψιν
532 2224 643 2298 μετ’
713 2226 1061 2303 εὐχαριστίας
1119 2238 1225 2294 τοῖς
1284 2242 1510 2303 πιστοῖς,
1589 2236 1848 2292 ἅπτεσθαι

247 2316 336 2386 μεν
382 2314 608 2366 ἑκάστου
655 2320 789 2389 χρὴ,
835 2327 1022 2395 καιροῦ
1074 2340 1199 2375 ποτε
1249 2330 1674 2397 συνεμπεσόντος,
1728 2329 1850 2381 ὅσον

245 2400 609 2457 ἐνδείκνυσθαι
638 2412 748 2468 τοῖς
789 2408 1000 2481 ὁρῶσιν,
1032 2411 1111 2463 ὅτι
1153 2414 1324 2465 πάντα
1371 2417 1578 2491 καθαρὰ
1618 2423 1730 2478 τοῖς
1758 2438 1850 2471 κα-

247 2495 421 2567 θαροῖς
457 2499 549 2548 καὶ
595 2496 676 2548 ὅτι
713 2501 815 2550 πᾶν
867 2504 1068 2573 κτίσμα
1124 2509 1259 2555 Θεοῦ
1315 2505 1489 2575 καλὸν,
1552 2510 1641 2559 καὶ
1696 2503 1847 2560 ούδὶν

243 2582 537 2642 ἀπόϐλητον
602 2584 713 2658 μετ’
773 2586 1118 2663 εὐχαριστίας
1181 2592 1603 2668 λαμϐανόμενον·
1673 2595 1849 2669 Ἃγιεί-

244 2672 391 2733 ζεται
435 2676 539 2750 γὰρ
590 2670 686 2727 διὰ
739 2674 895 2749 λόγου
936 2686 1088 2749 Θεοῦ,
1149 2687 1238 2734 καὶ
1290 2681 1585 2749 ἐντεύξεως·
1654 2684 1850 2758 φυλάσ-

246 2778 354 2813 σειν
411 2759 472 2816 δ“ε
524 2767 616 2816 καὶ
671 2765 805 2818 οὕτω
846 2769 936 2820 τὸν
991 2777 1087 2832 τῆς
1116 2769 1416 2846 ἐγκρατείας
1469 2776 1695 2827 σκοπόν·
1737 2780 1849 2838 τοῖς

243 2853 334 2923 μὶν
378 2852 746 2929 εὐτελεστέροις
784 2862 875 2910 καὶ
923 2857 1231 2932 ἀναγκαίοις
1278 2866 1410 2938 πρὸς
1449 2867 1507 2916 τὸ
1556 2863 1652 2937 ζῇν
1683 2868 1849 2939 μέχρι

245 2947 345 3001 τῆς
390 2947 571 3016 χρείας
619 2943 1120 3022 προσδιατρίϐοντα,
1153 2956 1242 3004 καὶ
1290 2951 1339 3003 ἐν
1387 2956 1591 3016 τούτοις
1641 2961 1732 3007 τοῦ
1762 2958 1848 3007 κό-

247 3048 343 3102 ρου
398 3050 455 3083 το
522 3031 774 3108 βλαϐερὸν
823 3036 1136 3107 ἐκκλίνοντα,
1188 3049 1287 3093 τῶν
1350 3036 1409 3096 δὲ
1469 3062 1599 3118 προς
1650 3040 1845 3104 ἡδονὴν

245 3118 466 3174 καθόλου
518 3120 859 3198 ἀπεχόμενον.
909 3129 1063 3182 Οὕτω
1104 3132 1206 3206 γὰρ
1258 3135 1348 3185 καὶ
1395 3142 1495 3185 τῶν
1554 3131 1845 3207 φιληδόνων

237 3213 296 3262 τὸ
358 3212 521 3273 πάθος
594 3212 879 3289 ἔκκόψομεν
908 3260 921 3285 ,
977 3224 1067 3272 καὶ
1121 3224 1238 3283 τούς
1304 3229 1847 3300 κεκαντηριασμένους

236 3302 331 3358 τὴν
366 3297 508 3353 ἰδίαν
550 3300 879 3373 συνείδησιν,
931 3308 990 3360 τὸ
1041 3328 1103 3381 γε
1145 3308 1219 3383 ἐφ’
1250 3312 1396 3384 ἡμῖν,
1442 3297 1843 3389 θεραπεύσομεν,

235 3390 326 3441 καὶ
375 3389 595 3454 ἑαυτοὺς
653 3390 712 3446 δὲ
764 3402 856 3456 τῆς
900 3394 948 3447 ἐν
1002 3396 1218 3473 ἑκατέρᾳ
1263 3402 1380 3473 (40)
1419 3403 1684 3464 ὑπονοίας
1713 3402 1846 3457 ἔλευ-

236 3478 551 3553 θερὼσομεν.
606 3480 717 3536 Ἰνα
779 3487 831 3537 τί
891 3487 1014 3559 γὰρ,
1074 3494 1251 3561 φησὶν,
1322 3490 1352 3549 ἡ
1420 3488 1679 3566 ἐλευθερία
1742 3513 1844 3568 μου

232 3573 464 3643 κρίνεται
524 3572 625 3625 ύπο
681 3573 841 3638 ἄλλης
900 3573 1290 3647 συνειδήσεως;
1352 3579 1659 3657 Ἐγκράτεια
1706 3580 1844 3637 δείκ-

232 3678 355 3712 νυσι
421 3664 513 3714 τὸν
574 3669 1001 3721 συναποθανὸντα
1064 3676 1302 3743 Χτιστῷ,
1367 3677 1458 3726 καὶ
1513 3680 1847 3750 νεκρὼσαντα

234 3747 421 3803 ἑαυτοῦ
466 3754 534 3805 τὰ
594 3753 721 3826 μέλη
780 3757 847 3809 τὰ
904 3754 988 3811 ἐπὶ
1052 3767 1148 3821 τῆς
1206 3769 1323 3833 γῆς.
1364 3765 1569 3821 Ταύτην
1600 3747 1844 3838 ὀἴδαμεν

235 3843 578 3913 σωφροσύνης
636 3849 860 3921 μητέρα,
913 3848 1090 3920 ὑγείας
1135 3850 1379 3925 πρόξενον
1421 3853 1553 3923 (41),
1599 3862 1692 3915 τῆς
1743 3861 1844 3907 τῶν

234 3926 442 4000 ἀγαθῶν
489 3929 537 3984 ἓν
579 3939 796 4008 Χριστῷ
836 3944 1190 4014 καρποφορίας
1230 3943 1418 4004 ἱκανῶς
1458 3943 1843 4020 ὑπεξαίρουσαν

232 4021 299 4070 τὰ
355 4017 629 4092 ἐμπόδια·
692 4027 856 4100 εἴπερ,
917 4029 1053 4080 κατὰ
1107 4034 1203 4088 τὴν
1254 4039 1346 4085 τοῦ
1402 4038 1600 4108 Κυρίου
1651 4036 1841 4107 φωνὴν,

233 4109 287 4159 αἱ
343 4112 592 4185 μέριμναι
635 4121 737 4166 τσῦ
777 4114 963 4178 αἰῶνος
1009 4121 1217 4188 τούτου,
1264 4127 1354 4174 καὶ
1411 4125 1465 4175 αἱ
1514 4120 1703 4183 ἡδοναὶ
1749 4130 1843 4177 τοῦ

232 4195 379 4271 βίου,
436 4205 525 4253 καὶ
572 4204 629 4255 αἱ
673 4209 792 4279 περὶ
845 4207 913 4258 τὰ
958 4206 1117 4260 λοιπά
1164 4207 1437 4284 ἐπιθυμίαι
1488 4218 1842 4287 συμπνίγουσι

228 4306 319 4340 τον
349 4287 517 4361 λόγον,
558 4296 650 4345 καὶ
693 4294 925 4369 ἄκαρπος
965 4300 1190 4367 γίνεται.
1231 4303 1439 4360 Ταύτην
1469 4302 1560 4355 καὶ
1598 4299 1843 4375 δαίμονες

230 4374 637 4451 ἀποφεύγουσιν,
666 4381 827 4435 αύτοῦ
856 4391 949 4436 τοῦ
996 4391 1193 4461 Κυρίου
1221 4385 1531 4453 διδάξαντος
1571 4374 1731 4465 ἡμᾶς,
1760 4394 1842 4446 ὅτι

226 4472 397 4521 Τοῦτο
414 4485 474 4520 το
497 4472 644 4540 γένος
674 4470 767 4524 ούκ
793 4471 1124 4549 ἐκπορεύεται
1156 4477 1293 4549 (42),
1322 4476 1366 4532 εἰ
1390 4483 1461 4552 μὴ
1486 4477 1536 4533 ἓν
1559 4489 1839 4559 προσευχῇ

228 4563 322 4613 καὶ
349 4563 587 4634 νηστείᾳ.

1877 3182 1916 3237 C

1872 4538 1921 4595 D

1439 334 1733 390 REGULA'J
1777 330 2026 394 FUSIUS
2063 338 2444 398 TRACTATIE

3522 352 3626 410 966

1964 462 2239 521 animum
2270 465 2401 535 ejus
2430 467 2530 538 qui
2560 460 2725 524 circa
2764 473 3033 528 ventrem
3063 472 3477 547 intemperans
3505 481 3620 544 est,

1962 551 2128 607 nullo
2157 569 2436 611 sermone
2466 571 2640 629 usque
2685 573 2753 614 ac
2805 561 3198 632 temperantis
3233 578 3493 621 occursu
3525 566 3620 622 vel

1963 640 2090 697 solo
2113 644 2502 714 commoveri,
2535 651 2639 702 aut
2667 646 2997 705 immutari.
3029 654 3220 722 Atque
3252 652 3368 708 hoc
3398 658 3508 719 est,
3539 654 3627 710 uti

1961 729 2217 802 videtur,
2267 733 2345 789 ad
2394 734 2495 791 Dei
2546 735 2803 805 gloriam
2852 737 3051 808 edere,
3085 744 3142 795 et
3184 739 3414 809 bibere,
3447 746 3513 797 ut
3559 741 3622 799 in

1961 835 2174 878 mensa
2203 821 2384 880 etiam
2407 822 2648 883 luceant
2676 826 2842 883 bona
2865 832 3073 885 nostra
3113 845 3321 902 opera,
3354 834 3420 887 ut
3448 833 3623 891 Pater

1960 915 2165 967 noster
2191 912 2296 986 qui
2324 913 2387 972 in
2416 914 2578 971 caelis
2604 920 2716 985 est,
2749 915 2939 989 gloria
2969 918 3294 977 afﬁciatur.

2420 1219 2932 1277 INTERROGATIO
2967 1224 3155 1279 XVIII.

1963 1362 2132 1432 Quod
2142 1366 2340 1422 omnia
2352 1381 2484 1439 qua:
2495 1366 2663 1423 nobis
2675 1373 3222 1437 apponuntursun!
3238 1367 3620 1439 degustanda

2572 1511 2985 1567 RESPONSIO.

2034 1597 2099 1652 Et
2117 1596 2265 1653 illud
2293 1613 2539 1672 quoque
2558 1599 2903 1655 necessario
2925 1603 3241 1671 statuatur,
3278 1601 3617 1673 temperan-

1961 1687 2105 1743 tiam
2136 1687 2208 1743 iis
2235 1688 2338 1760 qui
2360 1704 2469 1761 pro
2495 1689 2713 1762 pietate
2740 1693 2991 1753 certant,
3017 1705 3267 1763 prorsus
3295 1689 3374 1746 ad
3401 1707 3625 1766 corpus

1961 1776 2400 1833 macerandum
2421 1780 2831 1834 necessariam
2863 1795 2994 1834 esse
3023 1796 3035 1832 :
3081 1779 3286 1835 Omnis
3328 1781 3485 1836 enim
3516 1783 3627 1854 qui

1960 1868 2023 1922 in
2053 1881 2244 1936 agone
2264 1867 2587 1933 contendit,
2618 1868 2694 1923 ab
2725 1868 2999 1924 omnibus
3031 1884 3092 1925 se
3120 1869 3377 1925 abstinet
3397 1870 3466 1925 ⁸⁷.
3505 1869 3623 1927 Sed

1962 1959 2188 2026 tamen,
2236 1972 2311 2012 ne
2343 1972 2465 2013 una
2492 1972 2631 2012 cum
2668 1956 2769 2013 Dei
2804 1942 3070 2013 inimicis
3102 1973 3485 2024 corruamus,
3516 1960 3624 2034 qui

1962 2061 2136 2101 suam
2166 2045 2443 2118 ipsorum
2474 2045 2911 2102 conscientiam
2958 2046 3187 2103 habent
3233 2048 3498 2104 cauterio
3526 2048 3622 2105 in-

1961 2135 2269 2205 ustam,ob
2281 2134 2464 2209 idque
2485 2135 2793 2191 abstinent
2805 2151 2840 2192 a
2858 2136 3007 2193 cibis
3019 2152 3192 2209 ,quos
3208 2140 3362 2193 Deus
3375 2138 3622 2208 creavit,

1962 2229 2027 2281 ut
2056 2240 2091 2281 a
2116 2224 2355 2285 ﬁdelius
2385 2241 2526 2281 cum
2565 2225 2899 2296 gratiarum
2939 2225 3169 2282 actione
3211 2232 3530 2284 sumantur
3549 2228 3619 2297 ⁸⁸,

1960 2314 2187 2382 omnia,
2217 2313 2266 2369 si
2294 2312 2547 2387 quando
2573 2304 2811 2369 occasio
2843 2330 2907 2368 se
2938 2312 3189 2383 dederit,
3231 2313 3623 2385 degustanda

1960 2403 2136 2461 nobis
2164 2409 2325 2473 sunt,
2353 2408 2414 2461 ut
2441 2403 2785 2460 videntibus
2818 2409 3195 2477 compertum
3225 2405 3298 2461 sit
3332 2410 3389 2462 et
3413 2405 3622 2481 explo-

1957 2498 2178 2561 ratum,
2212 2499 2431 2549 cuncta
2460 2493 2708 2549 mundis
2738 2493 2974 2549 munda
3003 2509 3136 2549 esse
3160 2493 3231 2562 '9,
3250 2509 3622 2567 omnemque

1960 2583 2058 2639 Dei
2071 2589 2410 2639 creaturam
2423 2598 2557 2638 esse
2573 2581 2939 2650 bonam,nec
2950 2582 3291 2655 quidquam
3303 2583 3470 2657 quod
3482 2599 3623 2641 cum

1958 2673 2292 2744 gratiarum
2331 2673 2563 2729 actione
2612 2677 2979 2738 assumatur,
3010 2672 3407 2743 rejiciendum
3447 2689 3624 2731 esse:

1954 2763 2390 2834 Sanctiﬁcatur
2408 2762 2564 2819 enim
2587 2778 2697 2831 per
2718 2761 2963 2819 verbum
2993 2763 3098 2818 Dei
3119 2768 3175 2818 et
3204 2764 3534 2820 orationem
3549 2764 3623 2820 ’0.

1956 2853 2049 2909 Sic
2072 2858 2275 2910 autem
2308 2851 2613 2908 servanda
2641 2857 2731 2908 est
2762 2851 3177 2925 temperantiae
3208 2853 3389 2921 ratio,
3415 2858 3481 2910 ut
3510 2852 3626 2910 ali-

1957 2945 2177 3000 mentis
2195 2941 2598 3011 vilioribus,et
2621 2940 2698 2997 ad
2719 2940 2907 2998 vitam
2931 2941 3625 3016 necessariis,quantum

1956 3034 2282 3090 necessitas
2305 3031 2593 3105 postulat,
2610 3031 2948 3101 utamur,in
2970 3031 3177 3104 eisque
3199 3032 3514 3105 capiendis
3536 3049 3630 3091 sa-

1956 3123 2174 3180 tietatis
2197 3121 2494 3179 damnum
2534 3121 2815 3190 vitemus,
2848 3125 2906 3176 et
2945 3119 3023 3176 ab
3049 3119 3144 3176 his
3173 3136 3310 3194 quae
3336 3121 3416 3177 ad
3454 3121 3626 3178 volu-

1955 3218 2183 3288 ptatem
2204 3216 2418 3285 parata
2439 3214 2597 3280 sunt,
2612 3225 2862 3283 prorsus
2884 3209 3322 3267 abstineamus.
3350 3214 3436 3267 Ita
3456 3212 3620 3268 enim

1956 3309 2015 3361 et
2031 3302 2512 3376 voluptariorum
2537 3299 2852 3356 libidinem
2876 3298 3248 3369 excidemus,
3266 3305 3325 3357 et
3347 3315 3454 3357 eos
3472 3316 3626 3375 quo-

1915 3419 1922 3426 -
1953 3408 2090 3449 rum
2111 3390 2479 3447 conscientia
2503 3388 2769 3445 cauterio
2788 3392 2996 3445 notata
3017 3392 3127 3459 est,
3147 3392 3304 3444 certe
3321 3394 3623 3462 quantum

1954 3491 2016 3547 in
2046 3479 2223 3537 nobis
2262 3480 2391 3547 erit,
2420 3476 2792 3545 curabimus,
2826 3482 2884 3534 et
2919 3475 3331 3550 nosmetipsos
3359 3493 3397 3534 a
3426 3477 3625 3551 suspi-

1954 3575 2127 3630 cione
2153 3571 2433 3644 utrinque
2447 3569 2867 3627 liberabimus.
2889 3568 3066 3640 362
3093 3568 3321 3640 thuid
3341 3571 3522 3640 enim,
3538 3568 3630 3626 in-

1953 3662 2360 3737 quit,libertas
2384 3675 2514 3717 mea
2523 3658 2937 3731 judicaturab
2950 3659 3154 3714 aliena
3174 3658 3628 3716 conscientia"?

1952 3750 2371 3827 Temperantia
2382 3750 2692 3807 hominem
2709 3747 2958 3819 indicat,
2976 3746 3081 3819 qui
3094 3763 3221 3804 una
3232 3764 3373 3804 cum
3388 3748 3622 3806 Christo

1954 3849 2232 3901 mortuus
2257 3842 2350 3913 sit,
2374 3856 2444 3897 ac
2463 3839 2766 3896 terrestria
2788 3855 2902 3894 sua
2924 3837 3203 3894 membra
3220 3838 3624 3897 mortiﬁcarit.

1955 3938 2119 3991 Hanc
2147 3931 2432 3989 novimus
2460 3934 2718 3987 matrem
2752 3945 2889 3984 esse
2920 3926 3319 3997 castimoniae,
3342 3927 3620 3985 sanitatis

1953 4022 2442 4089 conciliatricem,
2470 4023 2650 4093 atque
2668 4016 3249 4093 impedimentorum
3269 4018 3495 4091 quibus
3522 4034 3622 4076 eo-

1952 4131 2089 4173 rum
2109 4128 2247 4187 quae
2287 4112 2349 4168 in
2376 4110 2607 4167 Christo
2638 4111 2782 4164 sunt
2808 4123 3064 4182 operum
3096 4107 3435 4165 fecunditas
3465 4122 3621 4181 pras-

1951 4205 2211 4279 peditur,
2227 4200 2488 4258 maxime
2507 4197 2898 4272 expultricem
2927 4212 3062 4253 esse
3079 4215 3091 4264 ;
3117 4196 3440 4270 siquidem,
3444 4197 3466 4269 j
3476 4201 3624 4255 uxta

1953 4295 2194 4353 Domini
2210 4306 2621 4362 vocem,cura3
2641 4289 2826 4361 hujus
2843 4287 3068 4358 saeculi,
3090 4287 3434 4361 voluptates
3457 4289 3619 4355 vitea,

1950 4385 2448 4460 reliquarumque
2475 4395 2680 4436 rerum
2723 4376 3084 4451 cupiditates
3126 4377 3382 4434 verbum
3426 4377 3623 4434 suffo-

1952 4479 2093 4535 cant
2105 4475 2177 4545 ",
2199 4476 2383 4546 atque
2417 4469 2572 4527 adeo
2593 4467 3038 4525 infructuosum
3067 4465 3361 4524 redditur.
3385 4466 3478 4523 Ab
3499 4467 3621 4525 hac

1951 4566 2138 4626 etiam
2156 4559 2478 4633 aufugiunt
2495 4557 2830 4627 daemones,
2851 4570 2993 4612 cum
3024 4554 3316 4612 Dominus
3340 4554 3473 4629 ipse
3501 4570 3623 4612 nos

1951 4653 2244 4718 docuerit,
2269 4665 2466 4723 genus
2494 4647 2646 4706 illud
2663 4646 2787 4706 nisi
2813 4644 3166 4719 precatione
3183 4648 3243 4703 et
3254 4645 3491 4718 jejunio
3511 4660 3622 4703 ne-

1950 4760 2268 4823 quaquam
2296 4741 2459 4800 exire
2470 4741 2545 4796 ⁸³.

305 4951 349 4985 ⁸⁷
385 4954 407 5007 Ι
436 4950 570 5008 Cor.
601 4968 680 5021 ix,
712 4957 802 5011 25.
862 4956 911 4992 ⁸⁸
944 4958 964 5012 Ι
994 4957 1150 5017 Tim.
1174 4975 1255 5027 ιν,
1281 4962 1336 5034 2,
1364 4964 1417 5018 3.
1479 4961 1527 5000 ⁸⁸
1559 4961 1666 5021 Tit.
1690 4979 1733 5035 ι,
1753 4964 1847 5023 15.

1984 4962 2007 5019 Ι
2034 4959 2183 5020 Tim.
2204 4973 2280 5027 IV,
2313 4958 2367 5013 4.
2397 4959 2450 5011 5.
2519 4953 2566 4990 ’ί
2596 4953 2616 5009 Ι
2647 4951 2779 5009 Cor.
2805 4965 2868 5016 κ,
2889 4952 2981 5007 29.
3051 4950 3100 4986 θ’
3130 4947 3332 5006 Matth.
3356 4961 3480 5018 xm,
3512 4950 3611 5007 22.

230 5039 283 5075 ⁸³
308 5040 509 5099 Matth.
536 5058 681 5117 xvu,
706 5048 798 5103 20.

306 5239 419 5322 (32?
451 5240 593 5322 1398-
626 5239 858 5322 ρςξφιιε
884 5242 1173 5322 mem
1199 5244 1433 5322 inerm-

309 5311 416 5398 (βξ)
679 5311 832 5395 liber
867 5310 1009 5398 eum
1041 5310 1354 5398 Δξὀεειι-τίιίεἱνὶ
1401 5328 1514 5398 τῆς-
1538 5323 1826 5398 τραπέζης.

232 5380 408 5468 Deest
428 5381 724 5468 articulus
751 5385 814 5441 in
849 5386 1128 5468 vulgatis.
1162 5392 1387 5468 Titulus
1413 5380 1518 5468 qui
1548 5380 1693 5468 mox
1714 5380 1828 5452 '36-

232 5457 747 5539 quitur,pmissus
775 5457 1144 5539 est‘in'tlolb.
1179 5464 1322 5539 etin
1352 5457 1488 5537 Re'g.
1522 5465 1742 5539 primo.

302 5524 416 5607 (fit!)
449 5526 685 5607 Xeteres
713 5528 836 5607 duo
848 5529 996 5607 _l_i_br_i
1023 5537 1156 5607 πρὸς
1183 5536 1274 5607 μὶν
1301 5540 1411 5594 τόν.

308 5597 436 5683 (ἕο)-
450 5597 685 5683 “teres
711 5599 834 5683 ἀξίᾳ
848 5600 985 5683 Ιίὸῄ
997 5597 1101 5683 Ῑῆς
1124 5597 1837 5683 ἒιζ’ξκατέρῳ,ηοεπιείἰρεοε

236 5664 524 5738 utrinque
544 5683 583 5727 a
600 5673 940 5742 suspicione
959 5664 1367 5750 liberabimus,
1380 5664 1840 5756 ᾗοοοεεξπὲᾇιιε

1936 5248 2119 5321 gulae,
2132 5258 2325 5321 neque
2336 5237 3067 5321 errorislllanichce'orum
3080 5250 3222 5321 suszg
3230 5235 3352 5321 ecti
3369 5235 3620 5321 erimus.

2011 5307 2127 5390 (41)
2183 5307 2350 5374 Unus
2390 5329 2505 5370 ms.
2540 5313 2732 5390 fama;
2764 5308 3028 5390 πρόξενον,
3059 5307 3485 5390 νηφαλαιότητος
3530 5313 3623 5362 καὶ

1941 5379 2034 5445 τοῦ
2078 5379 2489 5464 νᾶμετεωρίστως-
2533 5379 2675 5456 ἔχειν
2711 5379 2839 5457 πρὸς
2890 5384 3027 5464 Θεὸν
3077 5379 3413 5464 σύμμαχονκ
3451 5379 3617 5464 Itane

1942 5450 2217 5521 novimus
2246 5450 2616 5537 adjutricein
2658 5450 2782 5512 esse
2823 5452 2906 5510 ad
2939 5450 3612 5537 garandarfisolgrieta-

1945 5542 2084 5606 tem,
2133 5539 2205 5606 et
2236 5526 2339 5588 ad'
2362 5533 2717 5601 perpetuam
2764 5540 2902 5583 cum
2944 5526 3067 5583 Deo
3124 5526 3615 5596 conjunctionem

1945 5605 2330 5666 servandam.

2023 5662 2140 5751 (42)
2167 5671 2414 5750 Antiqui
2450 5670 2576 5730 duo
2619 5667 2761 5727 libri
2795 5673 2965 5723 Τοῦτο
3000 5665 3053 5722 ἒν
3090 5662 3268 5722 οὐδενὶ
3314 5663 3611 5743 ἇξίρχεται.
