  <div class='ocr_page' id='page_1' title='image "/cluster/home/n/w/nwhite01/storage/ocr_20150623/31:no.3/coo.31924054869288/498.png"; bbox 0 0 4110 6398; ppageno 0'>
   <div class='ocr_carea' id='block_1_1' title="bbox 285 341 390 393">
    <p class='ocr_par' dir='ltr' id='par_1_1' title="bbox 285 341 390 393">
     <span class='ocr_line' id='line_1_1' title="bbox 285 341 390 393; baseline 0 -1"><span class='ocrx_word' id='word_1_1' title='bbox 285 341 390 393; x_wconf 81' lang='lat'><strong>969</strong></span> 
     </span>
    </p>
   </div>
   <div class='ocr_carea' id='block_1_2' title="bbox 1439 328 2490 388">
    <p class='ocr_par' dir='ltr' id='par_1_2' title="bbox 1439 328 2490 388">
     <span class='ocr_line' id='line_1_2' title="bbox 1439 328 2490 388; baseline 0.002 -2"><span class='ocrx_word' id='word_1_2' title='bbox 1439 331 1745 387; x_wconf 50' lang='lat' dir='ltr'><strong>HEGUlu‘E</strong></span> <span class='ocrx_word' id='word_1_3' title='bbox 1783 328 2033 385; x_wconf 81' lang='lat' dir='ltr'><strong>FUSIUS</strong></span> <span class='ocrx_word' id='word_1_4' title='bbox 2071 329 2490 388; x_wconf 74' lang='grc' dir='ltr'><strong>ΤΒΛΟΤΑΤΛΕ.</strong></span> 
     </span>
    </p>
   </div>
   <div class='ocr_carea' id='block_1_3' title="bbox 3540 341 3646 395">
    <p class='ocr_par' dir='ltr' id='par_1_3' title="bbox 3540 341 3646 395">
     <span class='ocr_line' id='line_1_3' title="bbox 3540 341 3646 395; baseline -0.028 0"><span class='ocrx_word' id='word_1_5' title='bbox 3540 341 3646 395; x_wconf 74' lang='grc' dir='ltr'><strong>9ῖο</strong></span> 
     </span>
    </p>
   </div>
   <div class='ocr_carea' id='block_1_4' title="bbox 281 454 1902 537">
    <p class='ocr_par' dir='ltr' id='par_1_4' title="bbox 281 454 1882 537">
     <span class='ocr_line' id='line_1_4' title="bbox 281 454 1882 537; baseline -0.004 -25"><span class='ocrx_word' id='word_1_6' title='bbox 281 468 436 513; x_wconf 84' lang='grc' dir='ltr'>τοῦτο</span> <span class='ocrx_word' id='word_1_7' title='bbox 477 461 630 522; x_wconf 69' lang='grc' dir='ltr'>αὐτὸς</span> <span class='ocrx_word' id='word_1_8' title='bbox 666 462 691 513; x_wconf 87' lang='grc' dir='ltr'><strong><em>ὁ</em></strong></span> <span class='ocrx_word' id='word_1_9' title='bbox 722 468 913 537; x_wconf 75' lang='grc' dir='ltr'>Κύριος</span> <span class='ocrx_word' id='word_1_10' title='bbox 944 457 992 512; x_wconf 75' lang='grc' dir='ltr'>ἐν</span> <span class='ocrx_word' id='word_1_11' title='bbox 1025 455 1103 521; x_wconf 85' lang='grc' dir='ltr'>οἷς</span> <span class='ocrx_word' id='word_1_12' title='bbox 1150 454 1412 519; x_wconf 74' lang='grc' dir='ltr'>ἐδεξιοῦτο</span> <span class='ocrx_word' id='word_1_13' title='bbox 1468 458 1535 508; x_wconf 75' lang='grc' dir='ltr'><strong>τὰ</strong></span> <span class='ocrx_word' id='word_1_14' title='bbox 1582 459 1882 528; x_wconf 76' lang='grc' dir='ltr'>κεκμηκότα</span> 
     </span>
    </p>
   </div>
   <div class='ocr_carea' id='block_1_5' title="bbox 2017 454 3649 537">
    <p class='ocr_par' dir='ltr' id='par_1_5' title="bbox 2017 456 3649 535">
     <span class='ocr_line' id='line_1_5' title="bbox 2017 456 3649 535; baseline 0.007 -25"><span class='ocrx_word' id='word_1_15' title='bbox 2017 459 2200 511; x_wconf 77' lang='lat' dir='ltr'><strong>tutem</strong></span> <span class='ocrx_word' id='word_1_16' title='bbox 2246 456 2574 514; x_wconf 79' lang='lat' dir='ltr'><strong>declaravit</strong></span> <span class='ocrx_word' id='word_1_17' title='bbox 2623 458 2913 515; x_wconf 87' lang='lat' dir='ltr'><strong>Dominus</strong></span> <span class='ocrx_word' id='word_1_18' title='bbox 2960 458 3111 531; x_wconf 85' lang='lat' dir='ltr'><strong>ipse,</strong></span> <span class='ocrx_word' id='word_1_19' title='bbox 3154 477 3294 518; x_wconf 90' lang='lat' dir='ltr'><strong>cum</strong></span> <span class='ocrx_word' id='word_1_20' title='bbox 3335 462 3649 535; x_wconf 85' lang='lat' dir='ltr'><strong>fatigatam</strong></span> 
     </span>
    </p>
   </div>
   <div class='ocr_carea' id='block_1_6' title="bbox 280 542 1882 627">
    <p class='ocr_par' dir='ltr' id='par_1_6' title="bbox 280 542 1882 627">
     <span class='ocr_line' id='line_1_6' title="bbox 280 542 1882 627; baseline 0.004 -25"><span class='ocrx_word' id='word_1_21' title='bbox 280 550 457 609; x_wconf 71' lang='grc' dir='ltr'>πλήθη</span> <span class='ocrx_word' id='word_1_22' title='bbox 503 554 634 627; x_wconf 82' lang='grc' dir='ltr'>πρὸς</span> <span class='ocrx_word' id='word_1_23' title='bbox 683 554 742 603; x_wconf 89' lang='grc' dir='ltr'>τὸ</span> <span class='ocrx_word' id='word_1_24' title='bbox 790 555 862 625; x_wconf 77' lang='grc' dir='ltr'>μὴ</span> <span class='ocrx_word' id='word_1_25' title='bbox 910 549 1184 608; x_wconf 72' lang='grc' dir='ltr'><strong>ἐκλυθῆναι</strong></span> <span class='ocrx_word' id='word_1_26' title='bbox 1229 545 1275 599; x_wconf 80' lang='grc' dir='ltr'>ἐν</span> <span class='ocrx_word' id='word_1_27' title='bbox 1328 554 1390 618; x_wconf 75' lang='grc' dir='ltr'><strong>τῇ</strong></span> <span class='ocrx_word' id='word_1_28' title='bbox 1434 542 1564 615; x_wconf 72' lang='grc' dir='ltr'><strong>ὀδῷ,</strong></span> <span class='ocrx_word' id='word_1_29' title='bbox 1598 548 1662 606; x_wconf 82' lang='grc' dir='ltr'>ὡς</span> <span class='ocrx_word' id='word_1_30' title='bbox 1690 549 1882 620; x_wconf 74' lang='grc' dir='ltr'>γέγρα-</span> 
     </span>
    </p>
   </div>
   <div class='ocr_carea' id='block_1_7' title="bbox 284 632 1886 715">
    <p class='ocr_par' dir='ltr' id='par_1_7' title="bbox 284 632 1886 715">
     <span class='ocr_line' id='line_1_7' title="bbox 284 632 1886 715; baseline -0.005 -24"><span class='ocrx_word' id='word_1_31' title='bbox 284 659 440 696; x_wconf 87' lang='grc' dir='ltr'>πται.</span> <span class='ocrx_word' id='word_1_32' title='bbox 488 642 770 713; x_wconf 85' lang='grc' dir='ltr'>Δυνάμενος</span> <span class='ocrx_word' id='word_1_33' title='bbox 818 642 919 715; x_wconf 81' lang='grc' dir='ltr'><strong>γὰρ</strong></span> <span class='ocrx_word' id='word_1_34' title='bbox 966 638 1212 690; x_wconf 77' lang='grc' dir='ltr'><strong>ἐπιτεῖναι</strong></span> <span class='ocrx_word' id='word_1_35' title='bbox 1255 638 1313 688; x_wconf 84' lang='grc' dir='ltr'>τὸ</span> <span class='ocrx_word' id='word_1_36' title='bbox 1357 636 1649 708; x_wconf 78' lang='grc' dir='ltr'>θαυμάσιον</span> <span class='ocrx_word' id='word_1_37' title='bbox 1675 638 1789 705; x_wconf 79' lang='grc'>(50)</span> <span class='ocrx_word' id='word_1_38' title='bbox 1838 632 1886 685; x_wconf 74' lang='grc' dir='ltr'>ἓν</span> 
     </span>
    </p>
   </div>
   <div class='ocr_carea' id='block_1_8' title="bbox 284 721 1886 804">
    <p class='ocr_par' dir='ltr' id='par_1_8' title="bbox 284 721 1886 804">
     <span class='ocr_line' id='line_1_8' title="bbox 284 721 1886 804; baseline -0.004 -24"><span class='ocrx_word' id='word_1_39' title='bbox 284 737 346 801; x_wconf 75' lang='grc' dir='ltr'>τῇ</span> <span class='ocrx_word' id='word_1_40' title='bbox 407 728 580 804; x_wconf 76' lang='grc' dir='ltr'>ἐρήμῳ</span> <span class='ocrx_word' id='word_1_41' title='bbox 748 728 947 801; x_wconf 80' lang='grc' dir='ltr'><strong>ἐπινοίᾳ</strong></span> <span class='ocrx_word' id='word_1_42' title='bbox 997 735 1092 788; x_wconf 80' lang='grc' dir='ltr'>τῆς</span> <span class='ocrx_word' id='word_1_43' title='bbox 1155 724 1503 790; x_wconf 80' lang='grc' dir='ltr'>πολυτελείας,</span> <span class='ocrx_word' id='word_1_44' title='bbox 1554 723 1688 776; x_wconf 71' lang='grc' dir='ltr'>οὕτω</span> <span class='ocrx_word' id='word_1_45' title='bbox 1738 721 1886 780; x_wconf 77' lang='grc' dir='ltr'>λιτὴν</span> 
     </span>
    </p>
   </div>
   <div class='ocr_carea' id='block_1_9' title="bbox 288 815 1884 895">
    <p class='ocr_par' dir='ltr' id='par_1_9' title="bbox 288 815 1884 895">
     <span class='ocr_line' id='line_1_9' title="bbox 288 815 1884 895; baseline -0.004 -26"><span class='ocrx_word' id='word_1_46' title='bbox 288 823 379 870; x_wconf 80' lang='grc' dir='ltr'>καὶ</span> <span class='ocrx_word' id='word_1_47' title='bbox 455 819 730 895; x_wconf 76' lang='grc' dir='ltr'><strong>ἀπέριττον</strong></span> <span class='ocrx_word' id='word_1_48' title='bbox 803 823 896 878; x_wconf 80' lang='grc' dir='ltr'>τὴν</span> <span class='ocrx_word' id='word_1_49' title='bbox 967 821 1162 893; x_wconf 71' lang='grc' dir='ltr'>τροφὴν</span> <span class='ocrx_word' id='word_1_50' title='bbox 1228 816 1405 877; x_wconf 73' lang='grc' dir='ltr'>αὐτοῖς</span> <span class='ocrx_word' id='word_1_51' title='bbox 1477 815 1884 887; x_wconf 71' lang='grc' dir='ltr'><strong>παρεσκεύασεν,</strong></span> 
     </span>
    </p>
   </div>
   <div class='ocr_carea' id='block_1_10' title="bbox 286 898 1890 983">
    <p class='ocr_par' dir='ltr' id='par_1_10' title="bbox 286 898 1890 983">
     <span class='ocr_line' id='line_1_10' title="bbox 286 898 1890 983; baseline -0.002 -25"><span class='ocrx_word' id='word_1_52' title='bbox 286 909 419 960; x_wconf 83' lang='grc' dir='ltr'>ὥστε</span> <span class='ocrx_word' id='word_1_53' title='bbox 467 909 658 982; x_wconf 79' lang='grc' dir='ltr'>ἄρτους</span> <span class='ocrx_word' id='word_1_54' title='bbox 701 910 790 981; x_wconf 71' lang='grc' dir='ltr'>μὲν</span> <span class='ocrx_word' id='word_1_55' title='bbox 836 910 1096 983; x_wconf 77' lang='grc' dir='ltr'><strong>κριθίνους</strong></span> <span class='ocrx_word' id='word_1_56' title='bbox 1125 907 1237 976; x_wconf 75' lang='lat' dir='ltr'><strong>(5t)</strong></span> <span class='ocrx_word' id='word_1_57' title='bbox 1292 901 1441 971; x_wconf 82' lang='grc' dir='ltr'>εἶναι,</span> <span class='ocrx_word' id='word_1_58' title='bbox 1472 908 1563 955; x_wconf 87' lang='grc' dir='ltr'>καὶ</span> <span class='ocrx_word' id='word_1_59' title='bbox 1609 902 1790 975; x_wconf 84' lang='grc' dir='ltr'>ἰχθύος</span> <span class='ocrx_word' id='word_1_60' title='bbox 1832 898 1890 955; x_wconf 71' lang='grc' dir='ltr'><strong>δὲ</strong></span> 
     </span>
    </p>
   </div>
   <div class='ocr_carea' id='block_1_11' title="bbox 286 989 1889 1071">
    <p class='ocr_par' dir='ltr' id='par_1_11' title="bbox 286 989 1889 1071">
     <span class='ocr_line' id='line_1_11' title="bbox 286 989 1889 1071; baseline -0.004 -23"><span class='ocrx_word' id='word_1_61' title='bbox 286 1001 446 1070; x_wconf 82' lang='grc' dir='ltr'>μέρος</span> <span class='ocrx_word' id='word_1_62' title='bbox 473 996 557 1050; x_wconf 72' lang='grc' dir='ltr'><strong>ἐπὶ</strong></span> <span class='ocrx_word' id='word_1_63' title='bbox 601 1006 671 1067; x_wconf 77' lang='grc' dir='ltr'>τῷ</span> <span class='ocrx_word' id='word_1_64' title='bbox 715 999 873 1071; x_wconf 78' lang='grc' dir='ltr'>ἄρτῳ.</span> <span class='ocrx_word' id='word_1_65' title='bbox 920 1000 1046 1071; x_wconf 85' lang='grc' dir='ltr'>Περὶ</span> <span class='ocrx_word' id='word_1_66' title='bbox 1092 992 1150 1047; x_wconf 70' lang='grc' dir='ltr'><strong>δὲ</strong></span> <span class='ocrx_word' id='word_1_67' title='bbox 1197 1002 1358 1047; x_wconf 76' lang='grc' dir='ltr'>ποτοῦ</span> <span class='ocrx_word' id='word_1_68' title='bbox 1404 989 1526 1045; x_wconf 68' lang='grc' dir='ltr'><strong>οὐδὲ</strong></span> <span class='ocrx_word' id='word_1_69' title='bbox 1573 990 1889 1065; x_wconf 75' lang='grc' dir='ltr'>ἐμνημόνευ-</span> 
     </span>
    </p>
   </div>
   <div class='ocr_carea' id='block_1_12' title="bbox 292 1082 1889 1158">
    <p class='ocr_par' dir='ltr' id='par_1_12' title="bbox 292 1082 1889 1158">
     <span class='ocr_line' id='line_1_12' title="bbox 292 1082 1889 1158; baseline -0.005 -19"><span class='ocrx_word' id='word_1_70' title='bbox 292 1105 398 1149; x_wconf 85' lang='grc' dir='ltr'>σεν,</span> <span class='ocrx_word' id='word_1_71' title='bbox 449 1089 514 1147; x_wconf 87' lang='grc' dir='ltr'>ὡς</span> <span class='ocrx_word' id='word_1_72' title='bbox 559 1086 843 1157; x_wconf 67' lang='grc' dir='ltr'>αὐτοφυοῦς</span> <span class='ocrx_word' id='word_1_73' title='bbox 884 1092 1017 1138; x_wconf 73' lang='grc' dir='ltr'>πᾶσι</span> <span class='ocrx_word' id='word_1_74' title='bbox 1064 1090 1154 1136; x_wconf 78' lang='grc' dir='ltr'>καὶ</span> <span class='ocrx_word' id='word_1_75' title='bbox 1202 1082 1479 1158; x_wconf 75' lang='grc' dir='ltr'>ἀρκοῦντος</span> <span class='ocrx_word' id='word_1_76' title='bbox 1527 1089 1638 1142; x_wconf 84' lang='grc' dir='ltr'>ταῖς</span> <span class='ocrx_word' id='word_1_77' title='bbox 1685 1084 1889 1155; x_wconf 79' lang='grc' dir='ltr'><strong>χρείαις</strong></span> 
     </span>
    </p>
   </div>
   <div class='ocr_carea' id='block_1_13' title="bbox 290 1167 1891 1249">
    <p class='ocr_par' dir='ltr' id='par_1_13' title="bbox 290 1167 1891 1249">
     <span class='ocr_line' id='line_1_13' title="bbox 290 1167 1891 1249; baseline -0.005 -21"><span class='ocrx_word' id='word_1_78' title='bbox 290 1184 381 1228; x_wconf 82' lang='grc' dir='ltr'>τοῦ</span> <span class='ocrx_word' id='word_1_79' title='bbox 407 1173 597 1235; x_wconf 78' lang='grc' dir='ltr'>ὕδατος</span> <span class='ocrx_word' id='word_1_80' title='bbox 641 1178 1001 1249; x_wconf 78' lang='grc' dir='ltr'>προκειμένουο</span> <span class='ocrx_word' id='word_1_81' title='bbox 1044 1173 1175 1231; x_wconf 78' lang='grc' dir='ltr'>πλὴν</span> <span class='ocrx_word' id='word_1_82' title='bbox 1207 1173 1249 1225; x_wconf 86' lang='grc' dir='ltr'>εἰ</span> <span class='ocrx_word' id='word_1_83' title='bbox 1295 1176 1367 1245; x_wconf 79' lang='grc' dir='ltr'>μή</span> <span class='ocrx_word' id='word_1_84' title='bbox 1401 1191 1503 1223; x_wconf 91' lang='grc' dir='ltr'>τινι</span> <span class='ocrx_word' id='word_1_85' title='bbox 1707 1167 1778 1221; x_wconf 76' lang='grc' dir='ltr'><strong>δι’</strong></span> <span class='ocrx_word' id='word_1_86' title='bbox 1803 1172 1891 1245; x_wconf 76' lang='grc' dir='ltr'>αρ-</span> 
     </span>
    </p>
   </div>
   <div class='ocr_carea' id='block_1_14' title="bbox 287 1260 1888 1339">
    <p class='ocr_par' dir='ltr' id='par_1_14' title="bbox 287 1260 1888 1339">
     <span class='ocr_line' id='line_1_14' title="bbox 287 1260 1888 1339; baseline -0.004 -24"><span class='ocrx_word' id='word_1_87' title='bbox 287 1265 516 1338; x_wconf 81' lang='grc' dir='ltr'>ῥωστίαν</span> <span class='ocrx_word' id='word_1_88' title='bbox 565 1262 819 1339; x_wconf 74' lang='grc' dir='ltr'>βλαϐερὸν</span> <span class='ocrx_word' id='word_1_89' title='bbox 851 1267 927 1321; x_wconf 79' lang='grc' dir='ltr'><strong>εἴη</strong></span> <span class='ocrx_word' id='word_1_90' title='bbox 984 1266 1043 1315; x_wconf 80' lang='grc' dir='ltr'>τὸ</span> <span class='ocrx_word' id='word_1_91' title='bbox 1094 1270 1326 1314; x_wconf 75' lang='grc' dir='ltr'>τοιοῦτον</span> <span class='ocrx_word' id='word_1_92' title='bbox 1374 1264 1552 1324; x_wconf 77' lang='grc' dir='ltr'>ποτὸν,</span> <span class='ocrx_word' id='word_1_93' title='bbox 1587 1260 1656 1321; x_wconf 82' lang='grc' dir='ltr'>ὡς</span> <span class='ocrx_word' id='word_1_94' title='bbox 1698 1278 1888 1334; x_wconf 86' lang='grc' dir='ltr'>παραι-</span> 
     </span>
    </p>
   </div>
   <div class='ocr_carea' id='block_1_15' title="bbox 284 1350 1893 1426">
    <p class='ocr_par' dir='ltr' id='par_1_15' title="bbox 284 1350 1893 1426">
     <span class='ocr_line' id='line_1_15' title="bbox 284 1350 1893 1426; baseline -0.002 -23"><span class='ocrx_word' id='word_1_95' title='bbox 284 1355 462 1408; x_wconf 74' lang='grc' dir='ltr'>τητέον</span> <span class='ocrx_word' id='word_1_96' title='bbox 499 1354 635 1404; x_wconf 85' lang='grc' dir='ltr'><strong>κατὰ</strong></span> <span class='ocrx_word' id='word_1_97' title='bbox 685 1356 780 1411; x_wconf 67' lang='grc' dir='ltr'>τὴν</span> <span class='ocrx_word' id='word_1_98' title='bbox 839 1351 1139 1426; x_wconf 68' lang='grc' dir='ltr'>συμϐουλὴν</span> <span class='ocrx_word' id='word_1_99' title='bbox 1179 1350 1384 1403; x_wconf 78' lang='grc' dir='ltr'><strong>Παύλου</strong></span> <span class='ocrx_word' id='word_1_100' title='bbox 1422 1354 1516 1407; x_wconf 75' lang='grc' dir='ltr'>τὴν</span> <span class='ocrx_word' id='word_1_101' title='bbox 1564 1350 1694 1422; x_wconf 80' lang='grc' dir='ltr'>πρὸς</span> <span class='ocrx_word' id='word_1_102' title='bbox 1736 1351 1893 1420; x_wconf 82' lang='grc' dir='ltr'>Τιμό-</span> 
     </span>
    </p>
   </div>
   <div class='ocr_carea' id='block_1_16' title="bbox 287 1435 1893 1515">
    <p class='ocr_par' dir='ltr' id='par_1_16' title="bbox 287 1435 1893 1515">
     <span class='ocr_line' id='line_1_16' title="bbox 287 1435 1893 1515; baseline -0.004 -22"><span class='ocrx_word' id='word_1_103' title='bbox 287 1442 418 1495; x_wconf 79' lang='grc' dir='ltr'>θεον.</span> <span class='ocrx_word' id='word_1_104' title='bbox 476 1445 578 1495; x_wconf 76' lang='grc' dir='ltr'><strong>Καὶ</strong></span> <span class='ocrx_word' id='word_1_105' title='bbox 634 1443 806 1494; x_wconf 87' lang='grc' dir='ltr'>πάντα</span> <span class='ocrx_word' id='word_1_106' title='bbox 858 1437 918 1493; x_wconf 66' lang='grc' dir='ltr'><strong>δὲ</strong></span> <span class='ocrx_word' id='word_1_107' title='bbox 974 1443 1075 1493; x_wconf 79' lang='grc' dir='ltr'>ὅσα</span> <span class='ocrx_word' id='word_1_108' title='bbox 1119 1446 1354 1515; x_wconf 68' lang='grc' dir='ltr'>προφανῆ</span> <span class='ocrx_word' id='word_1_109' title='bbox 1415 1442 1502 1496; x_wconf 65' lang='grc' dir='ltr'>τὴν</span> <span class='ocrx_word' id='word_1_110' title='bbox 1536 1435 1737 1507; x_wconf 74' lang='grc' dir='ltr'>βλάϐην</span> <span class='ocrx_word' id='word_1_111' title='bbox 1781 1438 1893 1508; x_wconf 74' lang='grc' dir='ltr'>ἔχει</span> 
     </span>
    </p>
   </div>
   <div class='ocr_carea' id='block_1_17' title="bbox 283 1526 1892 1604">
    <p class='ocr_par' dir='ltr' id='par_1_17' title="bbox 283 1526 1892 1604">
     <span class='ocr_line' id='line_1_17' title="bbox 283 1526 1892 1604; baseline -0.004 -22"><span class='ocrx_word' id='word_1_112' title='bbox 283 1534 627 1603; x_wconf 62' lang='grc' dir='ltr'>παραιατέα.</span> <span class='ocrx_word' id='word_1_113' title='bbox 670 1529 1043 1585; x_wconf 79' lang='grc' dir='ltr'>Ἀνακόλουθον</span> <span class='ocrx_word' id='word_1_114' title='bbox 1084 1533 1186 1604; x_wconf 82' lang='grc' dir='ltr'>γὰρ</span> <span class='ocrx_word' id='word_1_115' title='bbox 1233 1526 1327 1582; x_wconf 79' lang='grc' dir='ltr'>διὰ</span> <span class='ocrx_word' id='word_1_116' title='bbox 1372 1529 1462 1601; x_wconf 67' lang='grc' dir='ltr'>μὲν</span> <span class='ocrx_word' id='word_1_117' title='bbox 1492 1530 1584 1584; x_wconf 75' lang='grc' dir='ltr'>τὴν</span> <span class='ocrx_word' id='word_1_118' title='bbox 1634 1528 1892 1578; x_wconf 83' lang='grc' dir='ltr'>σύστασιν</span> 
     </span>
    </p>
   </div>
   <div class='ocr_carea' id='block_1_18' title="bbox 286 1611 1893 1693">
    <p class='ocr_par' dir='ltr' id='par_1_18' title="bbox 286 1611 1893 1693">
     <span class='ocr_line' id='line_1_18' title="bbox 286 1611 1893 1693; baseline -0.002 -23"><span class='ocrx_word' id='word_1_119' title='bbox 286 1625 380 1671; x_wconf 84' lang='grc' dir='ltr'>τοῦ</span> <span class='ocrx_word' id='word_1_120' title='bbox 414 1624 659 1693; x_wconf 81' lang='grc' dir='ltr'>σώματος</span> <span class='ocrx_word' id='word_1_121' title='bbox 686 1620 782 1680; x_wconf 83' lang='grc' dir='ltr'><strong>τὰς</strong></span> <span class='ocrx_word' id='word_1_122' title='bbox 825 1622 1017 1692; x_wconf 77' lang='grc' dir='ltr'>τροφὰς</span> <span class='ocrx_word' id='word_1_123' title='bbox 1048 1618 1330 1691; x_wconf 82' lang='grc' dir='ltr'>αἱρεῖσθαι,</span> <span class='ocrx_word' id='word_1_124' title='bbox 1379 1612 1451 1667; x_wconf 79' lang='grc' dir='ltr'><strong>δι’</strong></span> <span class='ocrx_word' id='word_1_125' title='bbox 1503 1613 1671 1666; x_wconf 73' lang='grc' dir='ltr'>αὐτῶν</span> <span class='ocrx_word' id='word_1_126' title='bbox 1704 1611 1762 1667; x_wconf 70' lang='grc' dir='ltr'><strong>δὲ</strong></span> <span class='ocrx_word' id='word_1_127' title='bbox 1792 1617 1893 1666; x_wconf 64' lang='grc' dir='ltr'>πάι</span> 
     </span>
    </p>
   </div>
   <div class='ocr_carea' id='block_1_19' title="bbox 286 1701 1894 1782">
    <p class='ocr_par' dir='ltr' id='par_1_19' title="bbox 286 1701 1894 1782">
     <span class='ocr_line' id='line_1_19' title="bbox 286 1701 1894 1782; baseline -0.003 -22"><span class='ocrx_word' id='word_1_128' title='bbox 286 1706 366 1759; x_wconf 87' lang='grc' dir='ltr'><strong>λιν</strong></span> <span class='ocrx_word' id='word_1_129' title='bbox 408 1717 511 1760; x_wconf 84' lang='grc' dir='ltr'>τῶν</span> <span class='ocrx_word' id='word_1_130' title='bbox 569 1715 768 1782; x_wconf 73' lang='grc' dir='ltr'>τροφῶν</span> <span class='ocrx_word' id='word_1_131' title='bbox 820 1705 1199 1782; x_wconf 74' lang='grc' dir='ltr'><strong>προσπολεμεῖν</strong></span> <span class='ocrx_word' id='word_1_132' title='bbox 1254 1712 1328 1775; x_wconf 79' lang='grc' dir='ltr'>τῷ</span> <span class='ocrx_word' id='word_1_133' title='bbox 1383 1709 1611 1776; x_wconf 83' lang='grc' dir='ltr'>σώματι,</span> <span class='ocrx_word' id='word_1_134' title='bbox 1661 1708 1752 1756; x_wconf 82' lang='grc' dir='ltr'><strong>καὶ</strong></span> <span class='ocrx_word' id='word_1_135' title='bbox 1800 1701 1894 1776; x_wconf 79' lang='grc' dir='ltr'><strong>ἐμ-</strong></span> 
     </span>
    </p>
   </div>
   <div class='ocr_carea' id='block_1_20' title="bbox 1996 544 3648 631">
    <p class='ocr_par' dir='ltr' id='par_1_20' title="bbox 1996 544 3648 631">
     <span class='ocr_line' id='line_1_20' title="bbox 1996 544 3648 631; baseline 0.008 -32"><span class='ocrx_word' id='word_1_136' title='bbox 1996 544 2467 613; x_wconf 83' lang='lat' dir='ltr'><strong>multitudinem,</strong></span> <span class='ocrx_word' id='word_1_137' title='bbox 2509 563 2584 602; x_wconf 92' lang='lat' dir='ltr'><strong>ne</strong></span> <span class='ocrx_word' id='word_1_138' title='bbox 2613 548 2672 603; x_wconf 91' lang='lat' dir='ltr'><strong>in</strong></span> <span class='ocrx_word' id='word_1_139' title='bbox 2704 549 2800 604; x_wconf 93' lang='lat' dir='ltr'><strong>via</strong></span> <span class='ocrx_word' id='word_1_140' title='bbox 2828 548 3129 614; x_wconf 88' lang='lat' dir='ltr'><strong>deﬁceret,</strong></span> <span class='ocrx_word' id='word_1_141' title='bbox 3174 553 3355 623; x_wconf 87' lang='lat' dir='ltr'>epulo</span> <span class='ocrx_word' id='word_1_142' title='bbox 3397 558 3648 631; x_wconf 76' lang='lat' dir='ltr'><strong>excepit,</strong></span> 
     </span>
    </p>
   </div>
   <div class='ocr_carea' id='block_1_21' title="bbox 1996 634 3653 720">
    <p class='ocr_par' dir='ltr' id='par_1_21' title="bbox 1996 634 3653 720">
     <span class='ocr_line' id='line_1_21' title="bbox 1996 634 3653 720; baseline 0.006 -30"><span class='ocrx_word' id='word_1_143' title='bbox 1996 634 2082 691; x_wconf 78' lang='lat' dir='ltr'><strong>uti</strong></span> <span class='ocrx_word' id='word_1_144' title='bbox 2112 636 2404 708; x_wconf 89' lang='lat' dir='ltr'><strong>scriptum</strong></span> <span class='ocrx_word' id='word_1_145' title='bbox 2429 642 2517 693; x_wconf 89' lang='lat' dir='ltr'><strong>est</strong></span> <span class='ocrx_word' id='word_1_146' title='bbox 2539 640 2607 692; x_wconf 74' lang='grc'><strong>⁸⁸.</strong></span> <span class='ocrx_word' id='word_1_147' title='bbox 2639 638 2869 694; x_wconf 81' lang='lat' dir='ltr'><strong>Etenim</strong></span> <span class='ocrx_word' id='word_1_148' title='bbox 2890 655 3028 694; x_wconf 91' lang='lat' dir='ltr'><strong>cum</strong></span> <span class='ocrx_word' id='word_1_149' title='bbox 3050 642 3448 710; x_wconf 82' lang='lat' dir='ltr'><strong>excogitando</strong></span> <span class='ocrx_word' id='word_1_150' title='bbox 3465 663 3653 720; x_wconf 83' lang='lat' dir='ltr'><strong>appa-</strong></span> 
     </span>
    </p>
   </div>
   <div class='ocr_carea' id='block_1_22' title="bbox 1996 725 3653 800">
    <p class='ocr_par' dir='ltr' id='par_1_22' title="bbox 1996 725 3653 800">
     <span class='ocr_line' id='line_1_22' title="bbox 1996 725 3653 800; baseline 0.008 -21"><span class='ocrx_word' id='word_1_151' title='bbox 1996 729 2131 780; x_wconf 85' lang='lat' dir='ltr'><strong>ratu</strong></span> <span class='ocrx_word' id='word_1_152' title='bbox 2160 725 2365 798; x_wconf 90' lang='lat' dir='ltr'><strong>aliquo</strong></span> <span class='ocrx_word' id='word_1_153' title='bbox 2406 731 2767 799; x_wconf 90' lang='lat' dir='ltr'><strong>sumptuoso</strong></span> <span class='ocrx_word' id='word_1_154' title='bbox 2798 733 3004 800; x_wconf 80' lang='lat' dir='ltr'><strong>posset</strong></span> <span class='ocrx_word' id='word_1_155' title='bbox 3031 728 3093 783; x_wconf 92' lang='lat' dir='ltr'><strong>in</strong></span> <span class='ocrx_word' id='word_1_156' title='bbox 3123 728 3362 787; x_wconf 86' lang='lat' dir='ltr'><strong>deserto</strong></span> <span class='ocrx_word' id='word_1_157' title='bbox 3390 733 3653 792; x_wconf 86' lang='lat' dir='ltr'><strong>miracu-</strong></span> 
     </span>
    </p>
   </div>
   <div class='ocr_carea' id='block_1_23' title="bbox 1997 811 3656 891">
    <p class='ocr_par' dir='ltr' id='par_1_23' title="bbox 1997 811 3656 891">
     <span class='ocr_line' id='line_1_23' title="bbox 1997 811 3656 891; baseline 0.008 -23"><span class='ocrx_word' id='word_1_158' title='bbox 1997 811 2127 869; x_wconf 90' lang='lat' dir='ltr'><strong>lum</strong></span> <span class='ocrx_word' id='word_1_159' title='bbox 2158 830 2401 885; x_wconf 85' lang='lat' dir='ltr'><strong>augere,</strong></span> <span class='ocrx_word' id='word_1_160' title='bbox 2428 816 2582 872; x_wconf 88' lang='lat' dir='ltr'><strong>adeo</strong></span> <span class='ocrx_word' id='word_1_161' title='bbox 2612 821 2856 872; x_wconf 91' lang='lat' dir='ltr'><strong>tenuem</strong></span> <span class='ocrx_word' id='word_1_162' title='bbox 2879 833 2950 873; x_wconf 90' lang='lat' dir='ltr'><strong>ac</strong></span> <span class='ocrx_word' id='word_1_163' title='bbox 2983 818 3320 891; x_wconf 86' lang='lat' dir='ltr'><strong>simplicem</strong></span> <span class='ocrx_word' id='word_1_164' title='bbox 3344 821 3549 880; x_wconf 86' lang='lat' dir='ltr'><strong>cibum</strong></span> <span class='ocrx_word' id='word_1_165' title='bbox 3571 825 3656 882; x_wconf 82' lang='lat' dir='ltr'><strong>eis</strong></span> 
     </span>
    </p>
   </div>
   <div class='ocr_carea' id='block_1_24' title="bbox 1999 906 3656 987">
    <p class='ocr_par' dir='ltr' id='par_1_24' title="bbox 1999 906 3656 987">
     <span class='ocr_line' id='line_1_24' title="bbox 1999 906 3656 987; baseline 0.008 -29"><span class='ocrx_word' id='word_1_166' title='bbox 1999 906 2253 976; x_wconf 85' lang='lat' dir='ltr'><strong>paravit,</strong></span> <span class='ocrx_word' id='word_1_167' title='bbox 2288 910 2353 960; x_wconf 91' lang='lat' dir='ltr'><strong>ut</strong></span> <span class='ocrx_word' id='word_1_168' title='bbox 2383 908 2439 960; x_wconf 87' lang='lat' dir='ltr'><strong>et</strong></span> <span class='ocrx_word' id='word_1_169' title='bbox 2471 922 2660 977; x_wconf 89' lang='lat' dir='ltr'><strong>panes</strong></span> <span class='ocrx_word' id='word_1_170' title='bbox 2689 906 3013 963; x_wconf 84' lang='lat' dir='ltr'><strong>hordeacei</strong></span> <span class='ocrx_word' id='word_1_171' title='bbox 3044 914 3265 981; x_wconf 81' lang='lat' dir='ltr'><strong>essent,</strong></span> <span class='ocrx_word' id='word_1_172' title='bbox 3301 915 3358 967; x_wconf 92' lang='lat' dir='ltr'><strong>et</strong></span> <span class='ocrx_word' id='word_1_173' title='bbox 3387 928 3526 984; x_wconf 86' lang='lat' dir='ltr'><strong>pars</strong></span> <span class='ocrx_word' id='word_1_174' title='bbox 3565 915 3656 987; x_wconf 88' lang='lat' dir='ltr'><strong>pi-</strong></span> 
     </span>
    </p>
   </div>
   <div class='ocr_carea' id='block_1_25' title="bbox 2001 992 3657 1072">
    <p class='ocr_par' dir='ltr' id='par_1_25' title="bbox 2001 992 3657 1072">
     <span class='ocr_line' id='line_1_25' title="bbox 2001 992 3657 1072; baseline 0.008 -26"><span class='ocrx_word' id='word_1_175' title='bbox 2001 992 2117 1047; x_wconf 89' lang='lat' dir='ltr'><strong>scis</strong></span> <span class='ocrx_word' id='word_1_176' title='bbox 2150 992 2541 1049; x_wconf 81' lang='lat' dir='ltr'><strong>adhiberetur</strong></span> <span class='ocrx_word' id='word_1_177' title='bbox 2571 995 2651 1050; x_wconf 89' lang='lat' dir='ltr'><strong>ad</strong></span> <span class='ocrx_word' id='word_1_178' title='bbox 2677 1010 2903 1067; x_wconf 88' lang='lat' dir='ltr'><strong>panem</strong></span> <span class='ocrx_word' id='word_1_179' title='bbox 2925 998 2993 1053; x_wconf 79' lang='lat'><strong>97.</strong></span> <span class='ocrx_word' id='word_1_180' title='bbox 3028 999 3108 1054; x_wconf 86' lang='lat' dir='ltr'><strong>De</strong></span> <span class='ocrx_word' id='word_1_181' title='bbox 3149 1003 3300 1072; x_wconf 92' lang='lat' dir='ltr'><strong>potu</strong></span> <span class='ocrx_word' id='word_1_182' title='bbox 3347 1007 3544 1059; x_wconf 86' lang='lat' dir='ltr'><strong>autem</strong></span> <span class='ocrx_word' id='word_1_183' title='bbox 3578 1020 3657 1060; x_wconf 89' lang='lat' dir='ltr'><strong>ne</strong></span> 
     </span>
    </p>
   </div>
   <div class='ocr_carea' id='block_1_26' title="bbox 2000 1081 3659 1164">
    <p class='ocr_par' dir='ltr' id='par_1_26' title="bbox 2000 1081 3659 1164">
     <span class='ocr_line' id='line_1_26' title="bbox 2000 1081 3659 1164; baseline 0.008 -28"><span class='ocrx_word' id='word_1_184' title='bbox 2000 1081 2371 1138; x_wconf 89' lang='lat' dir='ltr'><strong>mentionem</strong></span> <span class='ocrx_word' id='word_1_185' title='bbox 2402 1083 2649 1156; x_wconf 86' lang='lat' dir='ltr'><strong>quidem</strong></span> <span class='ocrx_word' id='word_1_186' title='bbox 2681 1084 2837 1156; x_wconf 85' lang='lat' dir='ltr'><strong>fecit,</strong></span> <span class='ocrx_word' id='word_1_187' title='bbox 2878 1085 3047 1158; x_wconf 89' lang='lat' dir='ltr'><strong>quod</strong></span> <span class='ocrx_word' id='word_1_188' title='bbox 3087 1103 3249 1159; x_wconf 89' lang='lat' dir='ltr'><strong>aqua</strong></span> <span class='ocrx_word' id='word_1_189' title='bbox 3276 1106 3413 1161; x_wconf 68' lang='lat' dir='ltr'><strong>quas</strong></span> <span class='ocrx_word' id='word_1_190' title='bbox 3441 1099 3659 1164; x_wconf 87' lang='lat' dir='ltr'><strong>sponte</strong></span> 
     </span>
    </p>
   </div>
   <div class='ocr_carea' id='block_1_27' title="bbox 1999 1172 3661 1254">
    <p class='ocr_par' dir='ltr' id='par_1_27' title="bbox 1999 1172 3661 1254">
     <span class='ocr_line' id='line_1_27' title="bbox 1999 1172 3661 1254; baseline 0.008 -28"><span class='ocrx_word' id='word_1_191' title='bbox 1999 1176 2233 1227; x_wconf 62' lang='lat' dir='ltr'><strong>natura;</strong></span> <span class='ocrx_word' id='word_1_192' title='bbox 2258 1172 2527 1238; x_wconf 88' lang='lat' dir='ltr'><strong>scaturit,</strong></span> <span class='ocrx_word' id='word_1_193' title='bbox 2545 1172 3011 1246; x_wconf 87' lang='lat' dir='ltr'><strong>necessitatique</strong></span> <span class='ocrx_word' id='word_1_194' title='bbox 3028 1176 3271 1242; x_wconf 85' lang='lat' dir='ltr'><strong>sufﬁcit,</strong></span> <span class='ocrx_word' id='word_1_195' title='bbox 3290 1178 3352 1234; x_wconf 90' lang='lat' dir='ltr'><strong>in</strong></span> <span class='ocrx_word' id='word_1_196' title='bbox 3372 1187 3661 1254; x_wconf 85' lang='lat' dir='ltr'><strong>promptu</strong></span> 
     </span>
    </p>
   </div>
   <div class='ocr_carea' id='block_1_28' title="bbox 2004 1260 3661 1343">
    <p class='ocr_par' dir='ltr' id='par_1_28' title="bbox 2004 1260 3661 1343">
     <span class='ocr_line' id='line_1_28' title="bbox 2004 1260 3661 1343; baseline 0.007 -26"><span class='ocrx_word' id='word_1_197' title='bbox 2004 1260 2080 1317; x_wconf 89' lang='lat' dir='ltr'><strong>sit</strong></span> <span class='ocrx_word' id='word_1_198' title='bbox 2110 1261 2426 1331; x_wconf 88' lang='lat' dir='ltr'><strong>omnibus;</strong></span> <span class='ocrx_word' id='word_1_199' title='bbox 2455 1260 2572 1317; x_wconf 90' lang='lat' dir='ltr'><strong>nisi</strong></span> <span class='ocrx_word' id='word_1_200' title='bbox 2602 1269 2807 1319; x_wconf 89' lang='lat' dir='ltr'><strong>tamen</strong></span> <span class='ocrx_word' id='word_1_201' title='bbox 2845 1263 3149 1334; x_wconf 86' lang='lat' dir='ltr'><strong>ejusmodi</strong></span> <span class='ocrx_word' id='word_1_202' title='bbox 3187 1274 3366 1338; x_wconf 80' lang='lat' dir='ltr'><strong>potus</strong></span> <span class='ocrx_word' id='word_1_203' title='bbox 3394 1270 3661 1343; x_wconf 79' lang='lat' dir='ltr'><strong>cuipiam</strong></span> 
     </span>
    </p>
   </div>
   <div class='ocr_carea' id='block_1_29' title="bbox 2002 1350 3663 1421">
    <p class='ocr_par' dir='ltr' id='par_1_29' title="bbox 2002 1350 3663 1421">
     <span class='ocr_line' id='line_1_29' title="bbox 2002 1350 3663 1421; baseline 0.007 -15"><span class='ocrx_word' id='word_1_204' title='bbox 2002 1354 2242 1407; x_wconf 88' lang='lat' dir='ltr'><strong>noceret</strong></span> <span class='ocrx_word' id='word_1_205' title='bbox 2271 1350 2351 1408; x_wconf 90' lang='lat' dir='ltr'><strong>ob</strong></span> <span class='ocrx_word' id='word_1_206' title='bbox 2382 1352 2818 1421; x_wconf 87' lang='lat' dir='ltr'><strong>inﬁrmitatem,</strong></span> <span class='ocrx_word' id='word_1_207' title='bbox 2853 1353 2939 1409; x_wconf 90' lang='lat' dir='ltr'><strong>sic</strong></span> <span class='ocrx_word' id='word_1_208' title='bbox 2965 1359 3031 1411; x_wconf 90' lang='lat' dir='ltr'><strong>ut</strong></span> <span class='ocrx_word' id='word_1_209' title='bbox 3069 1372 3140 1411; x_wconf 85' lang='lat' dir='ltr'><strong>ex</strong></span> <span class='ocrx_word' id='word_1_210' title='bbox 3171 1357 3337 1414; x_wconf 81' lang='lat' dir='ltr'><strong>Pauli</strong></span> <span class='ocrx_word' id='word_1_211' title='bbox 3364 1360 3440 1415; x_wconf 80' lang='lat' dir='ltr'><strong>ad</strong></span> <span class='ocrx_word' id='word_1_212' title='bbox 3467 1361 3663 1418; x_wconf 89' lang='lat' dir='ltr'><strong>Timo-</strong></span> 
     </span>
    </p>
   </div>
   <div class='ocr_carea' id='block_1_30' title="bbox 2001 1439 3665 1514">
    <p class='ocr_par' dir='ltr' id='par_1_30' title="bbox 2001 1439 3665 1514">
     <span class='ocr_line' id='line_1_30' title="bbox 2001 1439 3665 1514; baseline 0.008 -20"><span class='ocrx_word' id='word_1_213' title='bbox 2001 1439 2210 1495; x_wconf 88' lang='lat' dir='ltr'><strong>theum</strong></span> <span class='ocrx_word' id='word_1_214' title='bbox 2238 1441 2494 1497; x_wconf 89' lang='lat' dir='ltr'><strong>consilio</strong></span> <span class='ocrx_word' id='word_1_215' title='bbox 2524 1442 2689 1514; x_wconf 85' lang='lat' dir='ltr'><strong>rejici</strong></span> <span class='ocrx_word' id='word_1_216' title='bbox 2720 1441 2966 1499; x_wconf 82' lang='lat' dir='ltr'><strong>deberet</strong></span> <span class='ocrx_word' id='word_1_217' title='bbox 2994 1445 3064 1497; x_wconf 71' lang='grc'><strong>³³.</strong></span> <span class='ocrx_word' id='word_1_218' title='bbox 3126 1444 3254 1501; x_wconf 91' lang='lat' dir='ltr'><strong>Imo</strong></span> <span class='ocrx_word' id='word_1_219' title='bbox 3286 1463 3427 1504; x_wconf 89' lang='lat' dir='ltr'><strong>vero</strong></span> <span class='ocrx_word' id='word_1_220' title='bbox 3453 1449 3665 1507; x_wconf 84' lang='lat' dir='ltr'><strong>omnia</strong></span> 
     </span>
    </p>
   </div>
   <div class='ocr_carea' id='block_1_31' title="bbox 2004 1531 3663 1610">
    <p class='ocr_par' dir='ltr' id='par_1_31' title="bbox 2004 1531 3663 1610">
     <span class='ocr_line' id='line_1_31' title="bbox 2004 1531 3663 1610; baseline 0.006 -25"><span class='ocrx_word' id='word_1_221' title='bbox 2004 1545 2141 1602; x_wconf 71' lang='lat' dir='ltr'><strong>quae</strong></span> <span class='ocrx_word' id='word_1_222' title='bbox 2161 1531 2483 1587; x_wconf 85' lang='lat' dir='ltr'><strong>manifesto</strong></span> <span class='ocrx_word' id='word_1_223' title='bbox 2500 1536 2740 1601; x_wconf 85' lang='lat' dir='ltr'><strong>nocent,</strong></span> <span class='ocrx_word' id='word_1_224' title='bbox 2756 1532 3084 1603; x_wconf 88' lang='lat' dir='ltr'><strong>rejicienda</strong></span> <span class='ocrx_word' id='word_1_225' title='bbox 3102 1540 3260 1591; x_wconf 88' lang='lat' dir='ltr'><strong>sunt.</strong></span> <span class='ocrx_word' id='word_1_226' title='bbox 3277 1538 3480 1610; x_wconf 80' lang='lat' dir='ltr'><strong>Neque</strong></span> <span class='ocrx_word' id='word_1_227' title='bbox 3502 1540 3663 1595; x_wconf 91' lang='lat' dir='ltr'><strong>enim</strong></span> 
     </span>
    </p>
   </div>
   <div class='ocr_carea' id='block_1_32' title="bbox 2006 1621 3665 1694">
    <p class='ocr_par' dir='ltr' id='par_1_32' title="bbox 2006 1621 3665 1694">
     <span class='ocr_line' id='line_1_32' title="bbox 2006 1621 3665 1694; baseline 0.007 -20"><span class='ocrx_word' id='word_1_228' title='bbox 2006 1634 2119 1691; x_wconf 90' lang='lat' dir='ltr'><strong>par</strong></span> <span class='ocrx_word' id='word_1_229' title='bbox 2130 1624 2218 1676; x_wconf 92' lang='lat' dir='ltr'><strong>est</strong></span> <span class='ocrx_word' id='word_1_230' title='bbox 2231 1636 2403 1676; x_wconf 87' lang='lat' dir='ltr'><strong>escas</strong></span> <span class='ocrx_word' id='word_1_231' title='bbox 2416 1621 2686 1694; x_wconf 84' lang='lat' dir='ltr'><strong>corporis</strong></span> <span class='ocrx_word' id='word_1_232' title='bbox 2704 1622 3110 1679; x_wconf 85' lang='lat' dir='ltr'><strong>conservandi</strong></span> <span class='ocrx_word' id='word_1_233' title='bbox 3126 1640 3313 1682; x_wconf 90' lang='lat' dir='ltr'><strong>causa</strong></span> <span class='ocrx_word' id='word_1_234' title='bbox 3329 1642 3665 1693; x_wconf 88' lang='lat' dir='ltr'><strong>assumere,</strong></span> 
     </span>
    </p>
   </div>
   <div class='ocr_carea' id='block_1_33' title="bbox 2007 1710 3666 1792">
    <p class='ocr_par' dir='ltr' id='par_1_33' title="bbox 2007 1710 3666 1792">
     <span class='ocr_line' id='line_1_33' title="bbox 2007 1710 3666 1792; baseline 0.007 -27"><span class='ocrx_word' id='word_1_235' title='bbox 2007 1724 2079 1765; x_wconf 88' lang='lat' dir='ltr'><strong>ac</strong></span> <span class='ocrx_word' id='word_1_236' title='bbox 2110 1725 2321 1766; x_wconf 90' lang='lat' dir='ltr'><strong>rursus</strong></span> <span class='ocrx_word' id='word_1_237' title='bbox 2350 1725 2458 1784; x_wconf 90' lang='lat' dir='ltr'><strong>per</strong></span> <span class='ocrx_word' id='word_1_238' title='bbox 2487 1710 2657 1784; x_wconf 88' lang='lat' dir='ltr'><strong>ipsas</strong></span> <span class='ocrx_word' id='word_1_239' title='bbox 2693 1727 2864 1768; x_wconf 88' lang='lat' dir='ltr'><strong>escas</strong></span> <span class='ocrx_word' id='word_1_240' title='bbox 2898 1712 3115 1770; x_wconf 86' lang='lat' dir='ltr'><strong>inferre</strong></span> <span class='ocrx_word' id='word_1_241' title='bbox 3144 1713 3374 1773; x_wconf 88' lang='lat' dir='ltr'><strong>bellum</strong></span> <span class='ocrx_word' id='word_1_242' title='bbox 3405 1719 3666 1792; x_wconf 86' lang='lat' dir='ltr'><strong>corpori,</strong></span> 
     </span>
    </p>
   </div>
   <div class='ocr_carea' id='block_1_34' title="bbox 286 1793 1902 1880">
    <p class='ocr_par' dir='ltr' id='par_1_34' title="bbox 286 1793 1895 1872">
     <span class='ocr_line' id='line_1_34' title="bbox 286 1793 1895 1872; baseline -0.003 -23"><span class='ocrx_word' id='word_1_243' title='bbox 286 1794 529 1858; x_wconf 74' lang='grc' dir='ltr'>ποδίζειν</span> <span class='ocrx_word' id='word_1_244' title='bbox 570 1796 708 1868; x_wconf 80' lang='grc' dir='ltr'>αύτῷ</span> <span class='ocrx_word' id='word_1_245' title='bbox 752 1800 880 1872; x_wconf 86' lang='grc' dir='ltr'>πρὸς</span> <span class='ocrx_word' id='word_1_246' title='bbox 926 1800 1020 1854; x_wconf 73' lang='grc' dir='ltr'>τὴν</span> <span class='ocrx_word' id='word_1_247' title='bbox 1067 1803 1160 1855; x_wconf 78' lang='grc' dir='ltr'>τῆς</span> <span class='ocrx_word' id='word_1_248' title='bbox 1203 1793 1408 1856; x_wconf 79' lang='grc' dir='ltr'>ἐντολῆς</span> <span class='ocrx_word' id='word_1_249' title='bbox 1456 1794 1766 1867; x_wconf 75' lang='grc' dir='ltr'>ὑπηρεσίαν.</span> <span class='ocrx_word' id='word_1_250' title='bbox 1825 1796 1895 1845; x_wconf 85' lang='grc' dir='ltr'><strong>Τὸ</strong></span> 
     </span>
    </p>
   </div>
   <div class='ocr_carea' id='block_1_35' title="bbox 2017 1793 3669 1880">
    <p class='ocr_par' dir='ltr' id='par_1_35' title="bbox 2017 1798 3669 1880">
     <span class='ocr_line' id='line_1_35' title="bbox 2017 1798 3669 1880; baseline 0.007 -26"><span class='ocrx_word' id='word_1_251' title='bbox 2017 1798 2183 1872; x_wconf 80' lang='lat' dir='ltr'><strong>eique</strong></span> <span class='ocrx_word' id='word_1_252' title='bbox 2237 1799 2316 1856; x_wconf 92' lang='lat' dir='ltr'><strong>ad</strong></span> <span class='ocrx_word' id='word_1_253' title='bbox 2360 1800 2719 1857; x_wconf 89' lang='lat' dir='ltr'><strong>mandatum</strong></span> <span class='ocrx_word' id='word_1_254' title='bbox 2755 1801 3201 1860; x_wconf 86' lang='lat' dir='ltr'><strong>conﬁciendum</strong></span> <span class='ocrx_word' id='word_1_255' title='bbox 3233 1804 3669 1880; x_wconf 86' lang='lat' dir='ltr'><strong>impedimento</strong></span> 
     </span>
    </p>
   </div>
   <div class='ocr_carea' id='block_1_36' title="bbox 288 1880 1899 1958">
    <p class='ocr_par' dir='ltr' id='par_1_36' title="bbox 288 1880 1899 1958">
     <span class='ocr_line' id='line_1_36' title="bbox 288 1880 1899 1958; baseline -0.004 -19"><span class='ocrx_word' id='word_1_256' title='bbox 288 1885 417 1939; x_wconf 75' lang='grc' dir='ltr'>αὐτὸ</span> <span class='ocrx_word' id='word_1_257' title='bbox 448 1882 509 1939; x_wconf 71' lang='grc' dir='ltr'>δε</span> <span class='ocrx_word' id='word_1_258' title='bbox 550 1892 707 1939; x_wconf 80' lang='grc' dir='ltr'>τοῦτο</span> <span class='ocrx_word' id='word_1_259' title='bbox 752 1892 842 1938; x_wconf 88' lang='grc' dir='ltr'><strong>καὶ</strong></span> <span class='ocrx_word' id='word_1_260' title='bbox 880 1881 1183 1958; x_wconf 72' lang='grc' dir='ltr'>ὑπόδειγμα</span> <span class='ocrx_word' id='word_1_261' title='bbox 1228 1886 1354 1957; x_wconf 80' lang='grc' dir='ltr'>ἡμῖν</span> <span class='ocrx_word' id='word_1_262' title='bbox 1389 1880 1502 1936; x_wconf 78' lang='grc' dir='ltr'>ἐστι</span> <span class='ocrx_word' id='word_1_263' title='bbox 1550 1889 1642 1935; x_wconf 76' lang='grc' dir='ltr'>τοῦ</span> <span class='ocrx_word' id='word_1_264' title='bbox 1671 1886 1767 1941; x_wconf 80' lang='grc' dir='ltr'>τὴν</span> <span class='ocrx_word' id='word_1_265' title='bbox 1797 1881 1899 1953; x_wconf 64' lang='grc' dir='ltr'>ψυ-</span> 
     </span>
    </p>
   </div>
   <div class='ocr_carea' id='block_1_37' title="bbox 288 1969 1896 2049">
    <p class='ocr_par' dir='ltr' id='par_1_37' title="bbox 288 1969 1896 2049">
     <span class='ocr_line' id='line_1_37' title="bbox 288 1969 1896 2049; baseline -0.003 -22"><span class='ocrx_word' id='word_1_266' title='bbox 288 1980 398 2049; x_wconf 75' lang='grc' dir='ltr'><strong>χὴν</strong></span> <span class='ocrx_word' id='word_1_267' title='bbox 440 1978 589 2048; x_wconf 70' lang='grc' dir='ltr'>ἡμῶν</span> <span class='ocrx_word' id='word_1_268' title='bbox 633 1973 822 2036; x_wconf 76' lang='grc' dir='ltr'>ἕθίζειν</span> <span class='ocrx_word' id='word_1_269' title='bbox 870 1978 1073 2049; x_wconf 67' lang='grc' dir='ltr'>φεύγειν</span> <span class='ocrx_word' id='word_1_270' title='bbox 1122 1976 1188 2027; x_wconf 81' lang='grc' dir='ltr'><strong>τὰ</strong></span> <span class='ocrx_word' id='word_1_271' title='bbox 1236 1972 1489 2048; x_wconf 80' lang='grc' dir='ltr'>βλαϐερὰ,</span> <span class='ocrx_word' id='word_1_272' title='bbox 1547 1971 1643 2023; x_wconf 78' lang='grc' dir='ltr'>κᾶν</span> <span class='ocrx_word' id='word_1_273' title='bbox 1696 1969 1896 2031; x_wconf 77' lang='grc' dir='ltr'>ἡδονὴν</span> 
     </span>
    </p>
   </div>
   <div class='ocr_carea' id='block_1_38' title="bbox 290 2061 1899 2140">
    <p class='ocr_par' dir='ltr' id='par_1_38' title="bbox 290 2061 1899 2140">
     <span class='ocr_line' id='line_1_38' title="bbox 290 2061 1899 2140; baseline -0.003 -23"><span class='ocrx_word' id='word_1_274' title='bbox 290 2068 393 2138; x_wconf 73' lang='grc' dir='ltr'><strong>ιχῃ</strong></span> <span class='ocrx_word' id='word_1_275' title='bbox 423 2065 558 2136; x_wconf 79' lang='lat'><strong>(53).</strong></span> <span class='ocrx_word' id='word_1_276' title='bbox 619 2069 734 2140; x_wconf 77' lang='grc' dir='ltr'><strong>Χρὴ</strong></span> <span class='ocrx_word' id='word_1_277' title='bbox 787 2069 959 2138; x_wconf 81' lang='grc' dir='ltr'>μέντοι</span> <span class='ocrx_word' id='word_1_278' title='bbox 1016 2062 1069 2115; x_wconf 79' lang='grc' dir='ltr'>ἐκ</span> <span class='ocrx_word' id='word_1_279' title='bbox 1116 2066 1308 2124; x_wconf 84' lang='grc' dir='ltr'>παντὸς</span> <span class='ocrx_word' id='word_1_280' title='bbox 1347 2066 1541 2138; x_wconf 84' lang='grc' dir='ltr'>τρόπου</span> <span class='ocrx_word' id='word_1_281' title='bbox 1579 2064 1636 2114; x_wconf 87' lang='grc' dir='ltr'>τὸ</span> <span class='ocrx_word' id='word_1_282' title='bbox 1694 2061 1899 2135; x_wconf 86' lang='grc' dir='ltr'>εύπορι-</span> 
     </span>
    </p>
   </div>
   <div class='ocr_carea' id='block_1_39' title="bbox 291 2150 1895 2230">
    <p class='ocr_par' dir='ltr' id='par_1_39' title="bbox 291 2150 1895 2230">
     <span class='ocr_line' id='line_1_39' title="bbox 291 2150 1895 2230; baseline -0.004 -22"><span class='ocrx_word' id='word_1_283' title='bbox 291 2159 529 2230; x_wconf 85' lang='grc' dir='ltr'>στότερον</span> <span class='ocrx_word' id='word_1_284' title='bbox 582 2161 867 2229; x_wconf 75' lang='grc' dir='ltr'>προτιμᾶν,</span> <span class='ocrx_word' id='word_1_285' title='bbox 927 2155 1061 2207; x_wconf 79' lang='grc' dir='ltr'>ὥστε</span> <span class='ocrx_word' id='word_1_286' title='bbox 1116 2157 1189 2226; x_wconf 85' lang='grc' dir='ltr'>μὴ</span> <span class='ocrx_word' id='word_1_287' title='bbox 1268 2154 1524 2226; x_wconf 65' lang='grc' dir='ltr'>προφάσει</span> <span class='ocrx_word' id='word_1_288' title='bbox 1594 2150 1895 2226; x_wconf 80' lang='grc' dir='ltr'>ἐγκρατείας</span> 
     </span>
    </p>
   </div>
   <div class='ocr_carea' id='block_1_40' title="bbox 289 2238 1899 2320">
    <p class='ocr_par' dir='ltr' id='par_1_40' title="bbox 289 2238 1899 2320">
     <span class='ocr_line' id='line_1_40' title="bbox 289 2238 1899 2320; baseline -0.004 -21"><span class='ocrx_word' id='word_1_289' title='bbox 289 2244 729 2320; x_wconf 71' lang='grc' dir='ltr'>περιεργάζεσθαι</span> <span class='ocrx_word' id='word_1_290' title='bbox 777 2245 913 2317; x_wconf 75' lang='grc' dir='ltr'>ἡμᾶς</span> <span class='ocrx_word' id='word_1_291' title='bbox 952 2245 1019 2297; x_wconf 80' lang='grc' dir='ltr'><strong>τὰ</strong></span> <span class='ocrx_word' id='word_1_292' title='bbox 1060 2247 1364 2317; x_wconf 84' lang='grc' dir='ltr'>τιμιώτερα,</span> <span class='ocrx_word' id='word_1_293' title='bbox 1410 2244 1498 2294; x_wconf 81' lang='grc' dir='ltr'>καὶ</span> <span class='ocrx_word' id='word_1_294' title='bbox 1551 2238 1899 2294; x_wconf 84' lang='grc' dir='ltr'>πολυδάπανα</span> 
     </span>
    </p>
   </div>
   <div class='ocr_carea' id='block_1_41' title="bbox 292 2327 1899 2410">
    <p class='ocr_par' dir='ltr' id='par_1_41' title="bbox 292 2327 1899 2410">
     <span class='ocr_line' id='line_1_41' title="bbox 292 2327 1899 2410; baseline -0.004 -22"><span class='ocrx_word' id='word_1_295' title='bbox 292 2335 683 2410; x_wconf 84' lang='grc' dir='ltr'>παραρτύοντας</span> <span class='ocrx_word' id='word_1_296' title='bbox 732 2329 827 2386; x_wconf 78' lang='grc' dir='ltr'><strong>διὰ</strong></span> <span class='ocrx_word' id='word_1_297' title='bbox 881 2341 983 2385; x_wconf 83' lang='grc' dir='ltr'>τῶν</span> <span class='ocrx_word' id='word_1_298' title='bbox 1025 2331 1391 2405; x_wconf 72' lang='grc' dir='ltr'>πολυτιμήτων</span> <span class='ocrx_word' id='word_1_299' title='bbox 1451 2327 1777 2404; x_wconf 73' lang='grc' dir='ltr'><strong>ἡδυσμάτων</strong></span> <span class='ocrx_word' id='word_1_300' title='bbox 1835 2331 1899 2381; x_wconf 82' lang='grc' dir='ltr'>τὰ</span> 
     </span>
    </p>
   </div>
   <div class='ocr_carea' id='block_1_42' title="bbox 294 2420 1898 2498">
    <p class='ocr_par' dir='ltr' id='par_1_42' title="bbox 294 2420 1898 2498">
     <span class='ocr_line' id='line_1_42' title="bbox 294 2420 1898 2498; baseline -0.004 -21"><span class='ocrx_word' id='word_1_301' title='bbox 294 2423 572 2498; x_wconf 83' lang='grc' dir='ltr'>βρώματα·</span> <span class='ocrx_word' id='word_1_302' title='bbox 633 2421 764 2475; x_wconf 80' lang='grc' dir='ltr'>ἀλλὰ</span> <span class='ocrx_word' id='word_1_303' title='bbox 819 2426 877 2476; x_wconf 88' lang='grc' dir='ltr'>τὸ</span> <span class='ocrx_word' id='word_1_304' title='bbox 941 2421 989 2474; x_wconf 85' lang='grc' dir='ltr'>ἐν</span> <span class='ocrx_word' id='word_1_305' title='bbox 1042 2422 1236 2480; x_wconf 77' lang='grc' dir='ltr'>ἑκάστη</span> <span class='ocrx_word' id='word_1_306' title='bbox 1297 2426 1453 2496; x_wconf 80' lang='grc' dir='ltr'>χώρᾳ</span> <span class='ocrx_word' id='word_1_307' title='bbox 1504 2420 1751 2478; x_wconf 78' lang='grc' dir='ltr'>εὔληπτον</span> <span class='ocrx_word' id='word_1_308' title='bbox 1807 2423 1898 2471; x_wconf 85' lang='grc' dir='ltr'>καὶ</span> 
     </span>
    </p>
   </div>
   <div class='ocr_carea' id='block_1_43' title="bbox 292 2511 1898 2584">
    <p class='ocr_par' dir='ltr' id='par_1_43' title="bbox 292 2511 1898 2584">
     <span class='ocr_line' id='line_1_43' title="bbox 292 2511 1898 2584; baseline -0.004 -17"><span class='ocrx_word' id='word_1_309' title='bbox 292 2512 484 2575; x_wconf 70' lang='grc' dir='ltr'>εὖτελὶς</span> <span class='ocrx_word' id='word_1_310' title='bbox 512 2518 603 2566; x_wconf 82' lang='grc' dir='ltr'><strong>καὶ</strong></span> <span class='ocrx_word' id='word_1_311' title='bbox 632 2519 742 2576; x_wconf 87' lang='grc' dir='ltr'>τοῖς</span> <span class='ocrx_word' id='word_1_312' title='bbox 770 2511 979 2572; x_wconf 77' lang='grc' dir='ltr'>πολλοῖς</span> <span class='ocrx_word' id='word_1_313' title='bbox 1006 2511 1076 2573; x_wconf 81' lang='grc' dir='ltr'><strong>εἰς</strong></span> <span class='ocrx_word' id='word_1_314' title='bbox 1106 2516 1310 2584; x_wconf 79' lang='grc' dir='ltr'>χρῆσίν</span> <span class='ocrx_word' id='word_1_315' title='bbox 1354 2511 1557 2584; x_wconf 78' lang='grc' dir='ltr'>ἕτοιμον</span> <span class='ocrx_word' id='word_1_316' title='bbox 1577 2512 1710 2581; x_wconf 76' lang='grc'>(54),</span> <span class='ocrx_word' id='word_1_317' title='bbox 1744 2517 1898 2562; x_wconf 83' lang='grc' dir='ltr'>τοῦτο</span> 
     </span>
    </p>
   </div>
   <div class='ocr_carea' id='block_1_44' title="bbox 293 2598 1896 2679">
    <p class='ocr_par' dir='ltr' id='par_1_44' title="bbox 293 2598 1896 2679">
     <span class='ocr_line' id='line_1_44' title="bbox 293 2598 1896 2679; baseline -0.002 -23"><span class='ocrx_word' id='word_1_318' title='bbox 293 2603 580 2679; x_wconf 78' lang='grc' dir='ltr'>αἱρεῖσθαι,</span> <span class='ocrx_word' id='word_1_319' title='bbox 627 2610 727 2655; x_wconf 83' lang='grc' dir='ltr'>τῶν</span> <span class='ocrx_word' id='word_1_320' title='bbox 774 2600 1095 2655; x_wconf 62' lang='grc' dir='ltr'>ἐπεισάκτων</span> <span class='ocrx_word' id='word_1_321' title='bbox 1150 2605 1329 2673; x_wconf 89' lang='grc' dir='ltr'>μόνοις</span> <span class='ocrx_word' id='word_1_322' title='bbox 1379 2607 1486 2661; x_wconf 85' lang='grc' dir='ltr'>τοῖς</span> <span class='ocrx_word' id='word_1_323' title='bbox 1543 2598 1896 2671; x_wconf 81' lang='grc' dir='ltr'>ἀναγκαιοτά-</span> 
     </span>
    </p>
   </div>
   <div class='ocr_carea' id='block_1_45' title="bbox 291 2688 1900 2768">
    <p class='ocr_par' dir='ltr' id='par_1_45' title="bbox 291 2688 1900 2768">
     <span class='ocr_line' id='line_1_45' title="bbox 291 2688 1900 2768; baseline -0.003 -21"><span class='ocrx_word' id='word_1_324' title='bbox 291 2712 405 2756; x_wconf 84' lang='grc' dir='ltr'>τοις</span> <span class='ocrx_word' id='word_1_325' title='bbox 466 2695 593 2768; x_wconf 86' lang='grc' dir='ltr'>πρός</span> <span class='ocrx_word' id='word_1_326' title='bbox 650 2696 745 2750; x_wconf 77' lang='grc' dir='ltr'>τὴν</span> <span class='ocrx_word' id='word_1_327' title='bbox 813 2691 954 2753; x_wconf 68' lang='grc' dir='ltr'>ζωήν</span> <span class='ocrx_word' id='word_1_328' title='bbox 994 2696 1373 2766; x_wconf 76' lang='grc' dir='ltr'><strong>κεχρημένους·</strong></span> <span class='ocrx_word' id='word_1_329' title='bbox 1429 2691 1533 2743; x_wconf 84' lang='grc' dir='ltr'>οἷον</span> <span class='ocrx_word' id='word_1_330' title='bbox 1583 2688 1755 2761; x_wconf 77' lang='grc' dir='ltr'>ἐλαίῳ,</span> <span class='ocrx_word' id='word_1_331' title='bbox 1809 2694 1900 2742; x_wconf 83' lang='grc' dir='ltr'><strong>καὶ</strong></span> 
     </span>
    </p>
   </div>
   <div class='ocr_carea' id='block_1_46' title="bbox 292 2778 1900 2855">
    <p class='ocr_par' dir='ltr' id='par_1_46' title="bbox 292 2778 1900 2855">
     <span class='ocr_line' id='line_1_46' title="bbox 292 2778 1900 2855; baseline -0.004 -19"><span class='ocrx_word' id='word_1_332' title='bbox 292 2789 404 2845; x_wconf 83' lang='grc' dir='ltr'>τοῖς</span> <span class='ocrx_word' id='word_1_333' title='bbox 451 2784 732 2853; x_wconf 70' lang='grc' dir='ltr'>τοιούτοις,</span> <span class='ocrx_word' id='word_1_334' title='bbox 789 2785 880 2833; x_wconf 79' lang='grc' dir='ltr'>καὶ</span> <span class='ocrx_word' id='word_1_335' title='bbox 924 2782 969 2834; x_wconf 85' lang='grc' dir='ltr'>εἶ</span> <span class='ocrx_word' id='word_1_336' title='bbox 1011 2799 1065 2832; x_wconf 91' lang='grc' dir='ltr'><strong>τι</strong></span> <span class='ocrx_word' id='word_1_337' title='bbox 1115 2783 1246 2855; x_wconf 88' lang='grc' dir='ltr'>πρὸς</span> <span class='ocrx_word' id='word_1_338' title='bbox 1301 2785 1396 2838; x_wconf 77' lang='grc' dir='ltr'>τὴν</span> <span class='ocrx_word' id='word_1_339' title='bbox 1449 2778 1734 2852; x_wconf 75' lang='grc' dir='ltr'>ἀναγκαίαν</span> <span class='ocrx_word' id='word_1_340' title='bbox 1800 2787 1900 2831; x_wconf 89' lang='grc' dir='ltr'>τῶν</span> 
     </span>
    </p>
   </div>
   <div class='ocr_carea' id='block_1_47' title="bbox 295 2866 1902 2947">
    <p class='ocr_par' dir='ltr' id='par_1_47' title="bbox 295 2866 1902 2947">
     <span class='ocr_line' id='line_1_47' title="bbox 295 2866 1902 2947; baseline -0.002 -22"><span class='ocrx_word' id='word_1_341' title='bbox 295 2871 643 2925; x_wconf 80' lang='grc' dir='ltr'>ἀσθενούντων</span> <span class='ocrx_word' id='word_1_342' title='bbox 698 2872 1035 2947; x_wconf 83' lang='grc' dir='ltr'>παραμυθίαν</span> <span class='ocrx_word' id='word_1_343' title='bbox 1088 2866 1403 2936; x_wconf 72' lang='grc' dir='ltr'>ἐπιτήδειον,</span> <span class='ocrx_word' id='word_1_344' title='bbox 1465 2872 1551 2922; x_wconf 80' lang='grc' dir='ltr'>καὶ</span> <span class='ocrx_word' id='word_1_345' title='bbox 1607 2877 1760 2922; x_wconf 84' lang='grc' dir='ltr'>τοῦτο</span> <span class='ocrx_word' id='word_1_346' title='bbox 1816 2868 1902 2922; x_wconf 76' lang='grc' dir='ltr'>ἐὰν</span> 
     </span>
    </p>
   </div>
   <div class='ocr_carea' id='block_1_48' title="bbox 299 2959 1899 3036">
    <p class='ocr_par' dir='ltr' id='par_1_48' title="bbox 299 2959 1899 3036">
     <span class='ocr_line' id='line_1_48' title="bbox 299 2959 1899 3036; baseline -0.001 -22"><span class='ocrx_word' id='word_1_347' title='bbox 299 2962 520 3036; x_wconf 68' lang='grc' dir='ltr'>ὑπάρχῃ</span> <span class='ocrx_word' id='word_1_348' title='bbox 553 2962 670 3015; x_wconf 77' lang='grc' dir='ltr'>ἄνευ</span> <span class='ocrx_word' id='word_1_349' title='bbox 709 2960 1226 3036; x_wconf 72' lang='grc' dir='ltr'>πολυπραγμοσύνης</span> <span class='ocrx_word' id='word_1_350' title='bbox 1270 2965 1360 3013; x_wconf 81' lang='grc' dir='ltr'><strong>καὶ</strong></span> <span class='ocrx_word' id='word_1_351' title='bbox 1405 2959 1635 3035; x_wconf 77' lang='grc' dir='ltr'>θορύϐων</span> <span class='ocrx_word' id='word_1_352' title='bbox 1673 2964 1764 3014; x_wconf 88' lang='grc' dir='ltr'>καὶ</span> <span class='ocrx_word' id='word_1_353' title='bbox 1803 2979 1899 3013; x_wconf 86' lang='grc' dir='ltr'>πε·-</span> 
     </span>
    </p>
   </div>
   <div class='ocr_carea' id='block_1_49' title="bbox 302 3053 1158 3128">
    <p class='ocr_par' dir='ltr' id='par_1_49' title="bbox 302 3053 1158 3128">
     <span class='ocr_line' id='line_1_49' title="bbox 302 3053 1158 3128; baseline 0.005 -25"><span class='ocrx_word' id='word_1_354' title='bbox 302 3058 615 3125; x_wconf 84' lang='grc' dir='ltr'>ρισπασμῶν</span> <span class='ocrx_word' id='word_1_355' title='bbox 637 3053 997 3128; x_wconf 70' lang='grc' dir='ltr'>περιγενέσθαι</span> <span class='ocrx_word' id='word_1_356' title='bbox 1026 3053 1158 3121; x_wconf 81' lang='lat'><strong>(55).</strong></span> 
     </span>
    </p>
   </div>
   <div class='ocr_carea' id='block_1_50' title="bbox 882 3156 1314 3213">
    <p class='ocr_par' dir='ltr' id='par_1_50' title="bbox 882 3156 1314 3213">
     <span class='ocr_line' id='line_1_50' title="bbox 882 3156 1314 3213; baseline 0 0"><span class='ocrx_word' id='word_1_357' title='bbox 882 3163 1196 3213; x_wconf 77' lang='grc' dir='ltr'><strong>ΕΡΩΤΠΣῘΣ</strong></span> <span class='ocrx_word' id='word_1_358' title='bbox 1240 3156 1314 3213; x_wconf 69' lang='lat' dir='ltr'><strong>K&#39;.</strong></span> 
     </span>
    </p>
   </div>
   <div class='ocr_carea' id='block_1_51' title="bbox 473 3261 1720 3342">
    <p class='ocr_par' dir='ltr' id='par_1_51' title="bbox 473 3261 1720 3342">
     <span class='ocr_line' id='line_1_51' title="bbox 473 3261 1720 3342; baseline 0 -20"><span class='ocrx_word' id='word_1_359' title='bbox 473 3269 566 3331; x_wconf 89' lang='grc' dir='ltr'>Τίς</span> <span class='ocrx_word' id='word_1_360' title='bbox 603 3266 630 3321; x_wconf 86' lang='grc' dir='ltr'><strong><em>ὁ</em></strong></span> <span class='ocrx_word' id='word_1_361' title='bbox 670 3268 855 3342; x_wconf 85' lang='grc' dir='ltr'>τρόπος</span> <span class='ocrx_word' id='word_1_362' title='bbox 898 3273 989 3328; x_wconf 86' lang='grc' dir='ltr'>τῆς</span> <span class='ocrx_word' id='word_1_363' title='bbox 1026 3263 1075 3318; x_wconf 74' lang='grc' dir='ltr'>ἓν</span> <span class='ocrx_word' id='word_1_364' title='bbox 1124 3262 1376 3340; x_wconf 80' lang='grc' dir='ltr'>βρώμασι</span> <span class='ocrx_word' id='word_1_365' title='bbox 1416 3261 1720 3329; x_wconf 79' lang='grc' dir='ltr'>δεξιώσεως.</span> 
     </span>
    </p>
   </div>
   <div class='ocr_carea' id='block_1_52' title="bbox 914 3404 1289 3456">
    <p class='ocr_par' dir='ltr' id='par_1_52' title="bbox 914 3404 1289 3456">
     <span class='ocr_line' id='line_1_52' title="bbox 914 3404 1289 3456; baseline 0.008 -3"><span class='ocrx_word' id='word_1_366' title='bbox 914 3404 1289 3456; x_wconf 72' lang='grc' dir='ltr'><strong>ΔΠΟΚΡῙΣΙΣ.</strong></span> 
     </span>
    </p>
   </div>
   <div class='ocr_carea' id='block_1_53' title="bbox 374 3511 1907 3591">
    <p class='ocr_par' dir='ltr' id='par_1_53' title="bbox 374 3511 1907 3591">
     <span class='ocr_line' id='line_1_53' title="bbox 374 3511 1907 3591; baseline -0.005 -16"><span class='ocrx_word' id='word_1_367' title='bbox 374 3521 426 3575; x_wconf 75' lang='grc'><strong>1.</strong></span> <span class='ocrx_word' id='word_1_368' title='bbox 481 3515 541 3573; x_wconf 81' lang='grc' dir='ltr'><strong><em>Ἠ</em></strong></span> <span class='ocrx_word' id='word_1_369' title='bbox 599 3511 892 3585; x_wconf 80' lang='grc' dir='ltr'>κενοδοξία,</span> <span class='ocrx_word' id='word_1_370' title='bbox 948 3520 1040 3569; x_wconf 80' lang='grc' dir='ltr'><strong>καὶ</strong></span> <span class='ocrx_word' id='word_1_371' title='bbox 1092 3516 1122 3575; x_wconf 75' lang='grc' dir='ltr'>ἡ</span> <span class='ocrx_word' id='word_1_372' title='bbox 1181 3513 1657 3591; x_wconf 79' lang='grc' dir='ltr'>ἀνθρωπαρέσκεια,</span> <span class='ocrx_word' id='word_1_373' title='bbox 1708 3519 1798 3567; x_wconf 82' lang='grc' dir='ltr'>καὶ</span> <span class='ocrx_word' id='word_1_374' title='bbox 1848 3517 1907 3568; x_wconf 87' lang='grc' dir='ltr'>τὸ</span> 
     </span>
    </p>
   </div>
   <div class='ocr_carea' id='block_1_54' title="bbox 300 3602 1911 3682">
    <p class='ocr_par' dir='ltr' id='par_1_54' title="bbox 300 3602 1911 3682">
     <span class='ocr_line' id='line_1_54' title="bbox 300 3602 1911 3682; baseline -0.003 -20"><span class='ocrx_word' id='word_1_375' title='bbox 300 3610 433 3682; x_wconf 84' lang='grc' dir='ltr'>πρὸς</span> <span class='ocrx_word' id='word_1_376' title='bbox 480 3602 732 3670; x_wconf 77' lang='grc' dir='ltr'>ἕπίδειξίν</span> <span class='ocrx_word' id='word_1_377' title='bbox 764 3625 817 3659; x_wconf 90' lang='grc' dir='ltr'><strong>τι</strong></span> <span class='ocrx_word' id='word_1_378' title='bbox 861 3614 1046 3676; x_wconf 79' lang='grc' dir='ltr'>ποιεῖν,</span> <span class='ocrx_word' id='word_1_379' title='bbox 1081 3605 1210 3668; x_wconf 84' lang='grc' dir='ltr'>ὅλως</span> <span class='ocrx_word' id='word_1_380' title='bbox 1256 3603 1340 3658; x_wconf 75' lang='grc' dir='ltr'><strong>ἐπὶ</strong></span> <span class='ocrx_word' id='word_1_381' title='bbox 1382 3608 1575 3668; x_wconf 86' lang='grc' dir='ltr'>παντὸς</span> <span class='ocrx_word' id='word_1_382' title='bbox 1602 3607 1911 3681; x_wconf 87' lang='grc' dir='ltr'>πράγματος</span> 
     </span>
    </p>
   </div>
   <div class='ocr_carea' id='block_1_55' title="bbox 299 3694 1912 3773">
    <p class='ocr_par' dir='ltr' id='par_1_55' title="bbox 299 3694 1912 3773">
     <span class='ocr_line' id='line_1_55' title="bbox 299 3694 1912 3773; baseline -0.004 -20"><span class='ocrx_word' id='word_1_383' title='bbox 299 3703 637 3773; x_wconf 81' lang='grc' dir='ltr'>Χριστιανοῑς</span> <span class='ocrx_word' id='word_1_384' title='bbox 696 3694 1071 3773; x_wconf 71' lang='grc' dir='ltr'>ἀπηγόρευται·</span> <span class='ocrx_word' id='word_1_385' title='bbox 1140 3697 1268 3749; x_wconf 87' lang='grc' dir='ltr'>ὅπου</span> <span class='ocrx_word' id='word_1_386' title='bbox 1324 3714 1383 3768; x_wconf 88' lang='grc' dir='ltr'><strong>γε</strong></span> <span class='ocrx_word' id='word_1_387' title='bbox 1448 3701 1538 3748; x_wconf 82' lang='grc' dir='ltr'>καὶ</span> <span class='ocrx_word' id='word_1_388' title='bbox 1602 3695 1763 3754; x_wconf 68' lang='grc' dir='ltr'>αὐτὴν</span> <span class='ocrx_word' id='word_1_389' title='bbox 1819 3700 1912 3753; x_wconf 82' lang='grc' dir='ltr'>τὴν</span> 
     </span>
    </p>
   </div>
   <div class='ocr_carea' id='block_1_56' title="bbox 301 3783 1917 3863">
    <p class='ocr_par' dir='ltr' id='par_1_56' title="bbox 301 3783 1917 3863">
     <span class='ocr_line' id='line_1_56' title="bbox 301 3783 1917 3863; baseline -0.003 -22"><span class='ocrx_word' id='word_1_390' title='bbox 301 3785 508 3847; x_wconf 74' lang='grc' dir='ltr'>ἔντολὴν</span> <span class='ocrx_word' id='word_1_391' title='bbox 540 3789 567 3841; x_wconf 84' lang='grc' dir='ltr'>ὁ</span> <span class='ocrx_word' id='word_1_392' title='bbox 609 3790 742 3863; x_wconf 85' lang='grc' dir='ltr'>πρὸς</span> <span class='ocrx_word' id='word_1_393' title='bbox 788 3790 847 3839; x_wconf 88' lang='grc' dir='ltr'>τὸ</span> <span class='ocrx_word' id='word_1_394' title='bbox 899 3786 1145 3846; x_wconf 77' lang='grc' dir='ltr'>θεαθῆναι</span> <span class='ocrx_word' id='word_1_395' title='bbox 1191 3787 1292 3838; x_wconf 82' lang='grc' dir='ltr'><strong>ὑπὸ</strong></span> <span class='ocrx_word' id='word_1_396' title='bbox 1344 3792 1443 3838; x_wconf 87' lang='grc' dir='ltr'>τῶν</span> <span class='ocrx_word' id='word_1_397' title='bbox 1493 3783 1774 3860; x_wconf 77' lang='grc' dir='ltr'>ἀνθρώπων</span> <span class='ocrx_word' id='word_1_398' title='bbox 1826 3799 1917 3846; x_wconf 67' lang='grc' dir='ltr'>καὶ</span> 
     </span>
    </p>
   </div>
   <div class='ocr_carea' id='block_1_57' title="bbox 305 3870 1915 3947">
    <p class='ocr_par' dir='ltr' id='par_1_57' title="bbox 305 3870 1915 3947">
     <span class='ocr_line' id='line_1_57' title="bbox 305 3870 1915 3947; baseline -0.004 -17"><span class='ocrx_word' id='word_1_399' title='bbox 305 3873 635 3940; x_wconf 76' lang='grc' dir='ltr'>δοξασθῆναι</span> <span class='ocrx_word' id='word_1_400' title='bbox 689 3883 851 3929; x_wconf 82' lang='grc' dir='ltr'>ποιῶν</span> <span class='ocrx_word' id='word_1_401' title='bbox 906 3878 995 3928; x_wconf 86' lang='grc' dir='ltr'>τὸν</span> <span class='ocrx_word' id='word_1_402' title='bbox 1052 3872 1132 3928; x_wconf 77' lang='grc' dir='ltr'><strong>ἐπ’</strong></span> <span class='ocrx_word' id='word_1_403' title='bbox 1202 3873 1333 3947; x_wconf 75' lang='grc' dir='ltr'>αὐτῇ</span> <span class='ocrx_word' id='word_1_404' title='bbox 1394 3874 1585 3947; x_wconf 84' lang='grc' dir='ltr'>μισθὸν</span> <span class='ocrx_word' id='word_1_405' title='bbox 1638 3870 1915 3925; x_wconf 78' lang='grc' dir='ltr'>ἀπόλλυσι.</span> 
     </span>
    </p>
   </div>
   <div class='ocr_carea' id='block_1_58' title="bbox 303 3948 1918 4030">
    <p class='ocr_par' dir='ltr' id='par_1_58' title="bbox 303 3948 1918 4030">
     <span class='ocr_line' id='line_1_58' title="bbox 303 3948 1918 4030; baseline -0.004 -9"><span class='ocrx_word' id='word_1_406' title='bbox 303 3972 426 4030; x_wconf 82' lang='grc' dir='ltr'>Τοῖς</span> <span class='ocrx_word' id='word_1_407' title='bbox 480 3962 540 4019; x_wconf 61' lang='grc' dir='ltr'><strong>δὲ</strong></span> <span class='ocrx_word' id='word_1_408' title='bbox 581 3971 684 4019; x_wconf 83' lang='grc' dir='ltr'>πᾶν</span> <span class='ocrx_word' id='word_1_409' title='bbox 728 3948 871 4027; x_wconf 81' lang='grc' dir='ltr'>εἶδος</span> <span class='ocrx_word' id='word_1_410' title='bbox 911 3968 1268 4024; x_wconf 84' lang='grc' dir='ltr'>ταπεινώσεως</span> <span class='ocrx_word' id='word_1_411' title='bbox 1318 3959 1413 4015; x_wconf 80' lang='grc' dir='ltr'><strong>διὰ</strong></span> <span class='ocrx_word' id='word_1_412' title='bbox 1459 3967 1548 4022; x_wconf 77' lang='grc' dir='ltr'>τὴν</span> <span class='ocrx_word' id='word_1_413' title='bbox 1597 3960 1801 4020; x_wconf 74' lang='grc' dir='ltr'>ἐντολὴν</span> <span class='ocrx_word' id='word_1_414' title='bbox 1828 3968 1918 4014; x_wconf 85' lang='grc' dir='ltr'>τοῦ</span> 
     </span>
    </p>
   </div>
   <div class='ocr_carea' id='block_1_59' title="bbox 306 4051 1920 4131">
    <p class='ocr_par' dir='ltr' id='par_1_59' title="bbox 306 4051 1920 4131">
     <span class='ocr_line' id='line_1_59' title="bbox 306 4051 1920 4131; baseline -0.003 -19"><span class='ocrx_word' id='word_1_415' title='bbox 306 4060 507 4131; x_wconf 79' lang='grc' dir='ltr'>Κυρίου</span> <span class='ocrx_word' id='word_1_416' title='bbox 555 4052 997 4129; x_wconf 78' lang='grc' dir='ltr'>καταδεξαμένοις</span> <span class='ocrx_word' id='word_1_417' title='bbox 1043 4054 1157 4129; x_wconf 80' lang='grc' dir='ltr'>μεθ’</span> <span class='ocrx_word' id='word_1_418' title='bbox 1201 4051 1487 4128; x_wconf 80' lang='grc' dir='ltr'>ὑπερϐολῆς</span> <span class='ocrx_word' id='word_1_419' title='bbox 1535 4056 1776 4126; x_wconf 71' lang='grc' dir='ltr'>φευκτέος</span> <span class='ocrx_word' id='word_1_420' title='bbox 1804 4051 1920 4126; x_wconf 69' lang='lat'><strong>{56)</strong></span> 
     </span>
    </p>
   </div>
   <div class='ocr_carea' id='block_1_60' title="bbox 305 4139 1922 4222">
    <p class='ocr_par' dir='ltr' id='par_1_60' title="bbox 305 4139 1922 4222">
     <span class='ocr_line' id='line_1_60' title="bbox 305 4139 1922 4222; baseline -0.005 -20"><span class='ocrx_word' id='word_1_421' title='bbox 305 4152 408 4209; x_wconf 84' lang='grc' dir='ltr'>πᾶς</span> <span class='ocrx_word' id='word_1_422' title='bbox 456 4141 756 4209; x_wconf 77' lang='grc' dir='ltr'>κενοδοξίας</span> <span class='ocrx_word' id='word_1_423' title='bbox 797 4149 1023 4222; x_wconf 87' lang='grc' dir='ltr'>τρόπος.</span> <span class='ocrx_word' id='word_1_424' title='bbox 1067 4144 1208 4196; x_wconf 81' lang='grc' dir='ltr'>Ἐπεὶ</span> <span class='ocrx_word' id='word_1_425' title='bbox 1248 4139 1307 4197; x_wconf 71' lang='grc' dir='ltr'>δε</span> <span class='ocrx_word' id='word_1_426' title='bbox 1345 4147 1465 4206; x_wconf 80' lang='grc' dir='ltr'>τοὺς</span> <span class='ocrx_word' id='word_1_427' title='bbox 1508 4143 1689 4206; x_wconf 79' lang='grc' dir='ltr'>ἔξωθεν</span> <span class='ocrx_word' id='word_1_428' title='bbox 1729 4143 1922 4218; x_wconf 78' lang='grc' dir='ltr'>ὁρῶμεν</span> 
     </span>
    </p>
   </div>
   <div class='ocr_carea' id='block_1_61' title="bbox 2012 1888 3671 1967">
    <p class='ocr_par' dir='ltr' id='par_1_61' title="bbox 2012 1888 3671 1967">
     <span class='ocr_line' id='line_1_61' title="bbox 2012 1888 3671 1967; baseline 0.006 -23"><span class='ocrx_word' id='word_1_429' title='bbox 2012 1903 2169 1945; x_wconf 89' lang='lat' dir='ltr'><strong>esse.</strong></span> <span class='ocrx_word' id='word_1_430' title='bbox 2189 1893 2379 1962; x_wconf 85' lang='lat' dir='ltr'><strong>Atque</strong></span> <span class='ocrx_word' id='word_1_431' title='bbox 2408 1890 2525 1945; x_wconf 92' lang='lat' dir='ltr'><strong>hoc</strong></span> <span class='ocrx_word' id='word_1_432' title='bbox 2543 1888 2705 1946; x_wconf 87' lang='lat' dir='ltr'><strong>idem</strong></span> <span class='ocrx_word' id='word_1_433' title='bbox 2738 1890 2918 1947; x_wconf 82' lang='lat' dir='ltr'><strong>nobis</strong></span> <span class='ocrx_word' id='word_1_434' title='bbox 2950 1893 3228 1967; x_wconf 80' lang='lat' dir='ltr'><strong>exemplo</strong></span> <span class='ocrx_word' id='word_1_435' title='bbox 3260 1900 3370 1964; x_wconf 87' lang='lat' dir='ltr'><strong>est,</strong></span> <span class='ocrx_word' id='word_1_436' title='bbox 3396 1902 3461 1953; x_wconf 93' lang='lat' dir='ltr'><strong>ut</strong></span> <span class='ocrx_word' id='word_1_437' title='bbox 3492 1898 3571 1954; x_wconf 91' lang='lat' dir='ltr'><strong>ad</strong></span> <span class='ocrx_word' id='word_1_438' title='bbox 3597 1914 3671 1954; x_wconf 84' lang='lat' dir='ltr'><strong>ea</strong></span> 
     </span>
    </p>
   </div>
   <div class='ocr_carea' id='block_1_62' title="bbox 2008 1978 3671 2058">
    <p class='ocr_par' dir='ltr' id='par_1_62' title="bbox 2008 1978 3671 2058">
     <span class='ocr_line' id='line_1_62' title="bbox 2008 1978 3671 2058; baseline 0.007 -26"><span class='ocrx_word' id='word_1_439' title='bbox 2008 1994 2147 2051; x_wconf 70' lang='lat' dir='ltr'><strong>quae</strong></span> <span class='ocrx_word' id='word_1_440' title='bbox 2169 1984 2392 2034; x_wconf 89' lang='lat' dir='ltr'><strong>nocent</strong></span> <span class='ocrx_word' id='word_1_441' title='bbox 2422 1978 2734 2051; x_wconf 81' lang='lat' dir='ltr'><strong>fugienda,</strong></span> <span class='ocrx_word' id='word_1_442' title='bbox 2764 1980 2903 2036; x_wconf 86' lang='lat' dir='ltr'><strong>licet</strong></span> <span class='ocrx_word' id='word_1_443' title='bbox 2933 1988 3104 2052; x_wconf 82' lang='lat' dir='ltr'><strong>grata</strong></span> <span class='ocrx_word' id='word_1_444' title='bbox 3134 1985 3252 2040; x_wconf 88' lang='lat' dir='ltr'><strong>sint</strong></span> <span class='ocrx_word' id='word_1_445' title='bbox 3280 1990 3336 2041; x_wconf 90' lang='lat' dir='ltr'><strong>et</strong></span> <span class='ocrx_word' id='word_1_446' title='bbox 3373 1985 3671 2058; x_wconf 83' lang='lat' dir='ltr'><strong>jucunda,</strong></span> 
     </span>
    </p>
   </div>
   <div class='ocr_carea' id='block_1_63' title="bbox 2008 2069 3673 2149">
    <p class='ocr_par' dir='ltr' id='par_1_63' title="bbox 2008 2069 3673 2149">
     <span class='ocr_line' id='line_1_63' title="bbox 2008 2069 3673 2149; baseline 0.005 -24"><span class='ocrx_word' id='word_1_447' title='bbox 2008 2069 2284 2126; x_wconf 87' lang='lat' dir='ltr'><strong>animum</strong></span> <span class='ocrx_word' id='word_1_448' title='bbox 2315 2074 2593 2125; x_wconf 90' lang='lat' dir='ltr'><strong>nostrum</strong></span> <span class='ocrx_word' id='word_1_449' title='bbox 2625 2070 3122 2129; x_wconf 82' lang='lat' dir='ltr'><strong>assuefaciamus.</strong></span> <span class='ocrx_word' id='word_1_450' title='bbox 3160 2074 3333 2141; x_wconf 87' lang='lat' dir='ltr'><strong>Quod</strong></span> <span class='ocrx_word' id='word_1_451' title='bbox 3372 2076 3552 2149; x_wconf 84' lang='lat' dir='ltr'><strong>igitur</strong></span> <span class='ocrx_word' id='word_1_452' title='bbox 3588 2077 3673 2135; x_wconf 80' lang='lat' dir='ltr'><strong>fa-</strong></span> 
     </span>
    </p>
   </div>
   <div class='ocr_carea' id='block_1_64' title="bbox 2009 2158 3672 2235">
    <p class='ocr_par' dir='ltr' id='par_1_64' title="bbox 2009 2158 3672 2235">
     <span class='ocr_line' id='line_1_64' title="bbox 2009 2158 3672 2235; baseline 0.006 -21"><span class='ocrx_word' id='word_1_453' title='bbox 2009 2158 2183 2214; x_wconf 87' lang='lat' dir='ltr'><strong>cilius</strong></span> <span class='ocrx_word' id='word_1_454' title='bbox 2212 2163 2485 2231; x_wconf 84' lang='lat' dir='ltr'><strong>paratur,</strong></span> <span class='ocrx_word' id='word_1_455' title='bbox 2527 2174 2777 2231; x_wconf 87' lang='lat' dir='ltr'><strong>prorsus</strong></span> <span class='ocrx_word' id='word_1_456' title='bbox 2819 2166 2907 2217; x_wconf 90' lang='lat' dir='ltr'><strong>est</strong></span> <span class='ocrx_word' id='word_1_457' title='bbox 2938 2164 3459 2235; x_wconf 86' lang='lat' dir='ltr'><strong>anteponendum,</strong></span> <span class='ocrx_word' id='word_1_458' title='bbox 3502 2171 3568 2223; x_wconf 86' lang='lat' dir='ltr'><strong>ut</strong></span> <span class='ocrx_word' id='word_1_459' title='bbox 3594 2182 3672 2223; x_wconf 88' lang='lat' dir='ltr'><strong>ne</strong></span> 
     </span>
    </p>
   </div>
   <div class='ocr_carea' id='block_1_65' title="bbox 2008 2246 3674 2326">
    <p class='ocr_par' dir='ltr' id='par_1_65' title="bbox 2008 2246 3674 2326">
     <span class='ocr_line' id='line_1_65' title="bbox 2008 2246 3674 2326; baseline 0.005 -22"><span class='ocrx_word' id='word_1_460' title='bbox 2008 2246 2394 2304; x_wconf 60' lang='lat' dir='ltr'><strong>continentiae</strong></span> <span class='ocrx_word' id='word_1_461' title='bbox 2418 2252 2713 2320; x_wconf 81' lang='lat' dir='ltr'><strong>praetextu</strong></span> <span class='ocrx_word' id='word_1_462' title='bbox 2743 2249 2978 2307; x_wconf 90' lang='lat' dir='ltr'><strong>cariora</strong></span> <span class='ocrx_word' id='word_1_463' title='bbox 2998 2266 3068 2306; x_wconf 89' lang='lat' dir='ltr'><strong>ac</strong></span> <span class='ocrx_word' id='word_1_464' title='bbox 3091 2254 3544 2326; x_wconf 88' lang='lat' dir='ltr'><strong>sumptuosiora</strong></span> <span class='ocrx_word' id='word_1_465' title='bbox 3567 2271 3674 2311; x_wconf 90' lang='lat' dir='ltr'><strong>an-</strong></span> 
     </span>
    </p>
   </div>
   <div class='ocr_carea' id='block_1_66' title="bbox 2007 2337 3672 2413">
    <p class='ocr_par' dir='ltr' id='par_1_66' title="bbox 2007 2337 3672 2413">
     <span class='ocr_line' id='line_1_66' title="bbox 2007 2337 3672 2413; baseline 0.005 -19"><span class='ocrx_word' id='word_1_466' title='bbox 2007 2337 2104 2394; x_wconf 84' lang='lat' dir='ltr'><strong>xie</strong></span> <span class='ocrx_word' id='word_1_467' title='bbox 2168 2337 2575 2411; x_wconf 88' lang='lat' dir='ltr'><strong>inquiramus,</strong></span> <span class='ocrx_word' id='word_1_468' title='bbox 2636 2341 2695 2395; x_wconf 91' lang='lat' dir='ltr'><strong>et</strong></span> <span class='ocrx_word' id='word_1_469' title='bbox 2750 2356 2977 2412; x_wconf 86' lang='lat' dir='ltr'><strong>magno</strong></span> <span class='ocrx_word' id='word_1_470' title='bbox 3033 2342 3223 2413; x_wconf 90' lang='lat' dir='ltr'><strong>partis</strong></span> <span class='ocrx_word' id='word_1_471' title='bbox 3268 2344 3672 2402; x_wconf 88' lang='lat' dir='ltr'><strong>condimentis</strong></span> 
     </span>
    </p>
   </div>
   <div class='ocr_carea' id='block_1_67' title="bbox 2008 2427 3672 2509">
    <p class='ocr_par' dir='ltr' id='par_1_67' title="bbox 2008 2427 3672 2509">
     <span class='ocr_line' id='line_1_67' title="bbox 2008 2427 3672 2509; baseline 0.005 -25"><span class='ocrx_word' id='word_1_472' title='bbox 2008 2427 2211 2484; x_wconf 87' lang='lat' dir='ltr'><strong>edulia</strong></span> <span class='ocrx_word' id='word_1_473' title='bbox 2243 2442 2644 2501; x_wconf 89' lang='lat' dir='ltr'><strong>apparemus:</strong></span> <span class='ocrx_word' id='word_1_474' title='bbox 2675 2428 2781 2483; x_wconf 88' lang='lat' dir='ltr'><strong>sed</strong></span> <span class='ocrx_word' id='word_1_475' title='bbox 2803 2430 2967 2502; x_wconf 91' lang='lat' dir='ltr'><strong>quod</strong></span> <span class='ocrx_word' id='word_1_476' title='bbox 2990 2431 3051 2486; x_wconf 91' lang='lat' dir='ltr'><strong>in</strong></span> <span class='ocrx_word' id='word_1_477' title='bbox 3080 2448 3451 2506; x_wconf 89' lang='lat' dir='ltr'><strong>unaquaque</strong></span> <span class='ocrx_word' id='word_1_478' title='bbox 3480 2436 3672 2509; x_wconf 86' lang='lat' dir='ltr'><strong>regio-</strong></span> 
     </span>
    </p>
   </div>
   <div class='ocr_carea' id='block_1_68' title="bbox 2008 2517 3673 2598">
    <p class='ocr_par' dir='ltr' id='par_1_68' title="bbox 2008 2517 3673 2598">
     <span class='ocr_line' id='line_1_68' title="bbox 2008 2517 3673 2598; baseline 0.005 -23"><span class='ocrx_word' id='word_1_479' title='bbox 2008 2535 2085 2575; x_wconf 92' lang='lat' dir='ltr'><strong>ne</strong></span> <span class='ocrx_word' id='word_1_480' title='bbox 2115 2517 2284 2574; x_wconf 90' lang='lat' dir='ltr'><strong>nullo</strong></span> <span class='ocrx_word' id='word_1_481' title='bbox 2313 2518 2558 2588; x_wconf 83' lang='lat' dir='ltr'><strong>negotio</strong></span> <span class='ocrx_word' id='word_1_482' title='bbox 2586 2517 2800 2574; x_wconf 87' lang='lat' dir='ltr'><strong>haberi</strong></span> <span class='ocrx_word' id='word_1_483' title='bbox 2830 2525 3049 2593; x_wconf 91' lang='lat' dir='ltr'><strong>potest,</strong></span> <span class='ocrx_word' id='word_1_484' title='bbox 3081 2525 3137 2577; x_wconf 91' lang='lat' dir='ltr'><strong>et</strong></span> <span class='ocrx_word' id='word_1_485' title='bbox 3166 2521 3277 2578; x_wconf 84' lang='lat' dir='ltr'><strong>vile</strong></span> <span class='ocrx_word' id='word_1_486' title='bbox 3321 2530 3431 2591; x_wconf 90' lang='lat' dir='ltr'><strong>est,</strong></span> <span class='ocrx_word' id='word_1_487' title='bbox 3462 2530 3519 2580; x_wconf 91' lang='lat' dir='ltr'><strong>et</strong></span> <span class='ocrx_word' id='word_1_488' title='bbox 3548 2542 3673 2598; x_wconf 91' lang='lat' dir='ltr'><strong>quo</strong></span> 
     </span>
    </p>
   </div>
   <div class='ocr_carea' id='block_1_69' title="bbox 2008 2606 3670 2695">
    <p class='ocr_par' dir='ltr' id='par_1_69' title="bbox 2008 2606 3670 2695">
     <span class='ocr_line' id='line_1_69' title="bbox 2008 2606 3670 2695; baseline 0.004 -30"><span class='ocrx_word' id='word_1_489' title='bbox 2008 2606 2230 2695; x_wconf 70' lang='lat' dir='ltr'><strong>vulgus</strong></span> <span class='ocrx_word' id='word_1_490' title='bbox 2268 2607 2440 2665; x_wconf 91' lang='lat' dir='ltr'><strong>facile</strong></span> <span class='ocrx_word' id='word_1_491' title='bbox 2471 2608 2675 2676; x_wconf 90' lang='lat' dir='ltr'><strong>utitur,</strong></span> <span class='ocrx_word' id='word_1_492' title='bbox 2698 2607 3060 2680; x_wconf 82' lang='lat' dir='ltr'><strong>deligamus,</strong></span> <span class='ocrx_word' id='word_1_493' title='bbox 3091 2611 3174 2667; x_wconf 89' lang='lat' dir='ltr'><strong>ita</strong></span> <span class='ocrx_word' id='word_1_494' title='bbox 3212 2617 3277 2668; x_wconf 91' lang='lat' dir='ltr'><strong>ut</strong></span> <span class='ocrx_word' id='word_1_495' title='bbox 3305 2631 3375 2669; x_wconf 81' lang='lat' dir='ltr'><strong>ex</strong></span> <span class='ocrx_word' id='word_1_496' title='bbox 3403 2614 3670 2687; x_wconf 72' lang='lat' dir='ltr'><strong>quaesitis</strong></span> 
     </span>
    </p>
   </div>
   <div class='ocr_carea' id='block_1_70' title="bbox 2010 2696 3674 2772">
    <p class='ocr_par' dir='ltr' id='par_1_70' title="bbox 2010 2696 3674 2772">
     <span class='ocr_line' id='line_1_70' title="bbox 2010 2696 3674 2772; baseline 0.005 -19"><span class='ocrx_word' id='word_1_497' title='bbox 2010 2697 2312 2754; x_wconf 87' lang='lat' dir='ltr'><strong>alimentis</strong></span> <span class='ocrx_word' id='word_1_498' title='bbox 2366 2702 2615 2753; x_wconf 86' lang='lat' dir='ltr'><strong>utamur</strong></span> <span class='ocrx_word' id='word_1_499' title='bbox 2656 2696 2727 2753; x_wconf 91' lang='lat' dir='ltr'><strong>iis</strong></span> <span class='ocrx_word' id='word_1_500' title='bbox 2776 2697 2918 2754; x_wconf 92' lang='lat' dir='ltr'><strong>solis</strong></span> <span class='ocrx_word' id='word_1_501' title='bbox 2964 2716 3102 2772; x_wconf 71' lang='lat' dir='ltr'><strong>quae</strong></span> <span class='ocrx_word' id='word_1_502' title='bbox 3155 2701 3236 2757; x_wconf 83' lang='lat' dir='ltr'><strong>ad</strong></span> <span class='ocrx_word' id='word_1_503' title='bbox 3294 2703 3476 2759; x_wconf 85' lang='lat' dir='ltr'><strong>vitam</strong></span> <span class='ocrx_word' id='word_1_504' title='bbox 3532 2708 3674 2763; x_wconf 91' lang='lat' dir='ltr'><strong>sunt</strong></span> 
     </span>
    </p>
   </div>
   <div class='ocr_carea' id='block_1_71' title="bbox 2009 2786 3674 2862">
    <p class='ocr_par' dir='ltr' id='par_1_71' title="bbox 2009 2786 3674 2862">
     <span class='ocr_line' id='line_1_71' title="bbox 2009 2786 3674 2862; baseline 0.003 -18"><span class='ocrx_word' id='word_1_505' title='bbox 2009 2787 2277 2844; x_wconf 81' lang='lat' dir='ltr'><strong>maxime</strong></span> <span class='ocrx_word' id='word_1_506' title='bbox 2307 2786 2679 2854; x_wconf 87' lang='lat' dir='ltr'><strong>necessaria,</strong></span> <span class='ocrx_word' id='word_1_507' title='bbox 2709 2788 2795 2843; x_wconf 90' lang='lat' dir='ltr'><strong>uti</strong></span> <span class='ocrx_word' id='word_1_508' title='bbox 2825 2787 2979 2856; x_wconf 91' lang='lat' dir='ltr'><strong>oleo,</strong></span> <span class='ocrx_word' id='word_1_509' title='bbox 3012 2794 3068 2845; x_wconf 90' lang='lat' dir='ltr'><strong>et</strong></span> <span class='ocrx_word' id='word_1_510' title='bbox 3096 2789 3227 2846; x_wconf 85' lang='lat' dir='ltr'><strong>aliis</strong></span> <span class='ocrx_word' id='word_1_511' title='bbox 3261 2791 3589 2862; x_wconf 88' lang='lat' dir='ltr'><strong>ejusmodi,</strong></span> <span class='ocrx_word' id='word_1_512' title='bbox 3615 2798 3674 2849; x_wconf 84' lang='lat' dir='ltr'><strong>et</strong></span> 
     </span>
    </p>
   </div>
   <div class='ocr_carea' id='block_1_72' title="bbox 2012 2874 3673 2949">
    <p class='ocr_par' dir='ltr' id='par_1_72' title="bbox 2012 2874 3673 2949">
     <span class='ocr_line' id='line_1_72' title="bbox 2012 2874 3673 2949; baseline 0.002 -15"><span class='ocrx_word' id='word_1_513' title='bbox 2012 2876 2061 2934; x_wconf 91' lang='lat' dir='ltr'><strong>si</strong></span> <span class='ocrx_word' id='word_1_514' title='bbox 2092 2876 2233 2949; x_wconf 89' lang='lat' dir='ltr'><strong>quid</strong></span> <span class='ocrx_word' id='word_1_515' title='bbox 2253 2877 2329 2931; x_wconf 92' lang='lat' dir='ltr'><strong>ad</strong></span> <span class='ocrx_word' id='word_1_516' title='bbox 2357 2874 2773 2932; x_wconf 89' lang='lat' dir='ltr'><strong>necessarium</strong></span> <span class='ocrx_word' id='word_1_517' title='bbox 2795 2879 3217 2948; x_wconf 69' lang='lat' dir='ltr'><strong>aegrotantium</strong></span> <span class='ocrx_word' id='word_1_518' title='bbox 3238 2879 3515 2937; x_wconf 84' lang='lat' dir='ltr'><strong>levamen</strong></span> <span class='ocrx_word' id='word_1_519' title='bbox 3545 2880 3673 2938; x_wconf 89' lang='lat' dir='ltr'><strong>ido-</strong></span> 
     </span>
    </p>
   </div>
   <div class='ocr_carea' id='block_1_73' title="bbox 2010 2964 3671 3038">
    <p class='ocr_par' dir='ltr' id='par_1_73' title="bbox 2010 2964 3671 3038">
     <span class='ocr_line' id='line_1_73' title="bbox 2010 2964 3671 3038; baseline 0.003 -15"><span class='ocrx_word' id='word_1_520' title='bbox 2010 2982 2195 3023; x_wconf 88' lang='lat' dir='ltr'><strong>neum</strong></span> <span class='ocrx_word' id='word_1_521' title='bbox 2227 2965 2325 3037; x_wconf 91' lang='lat' dir='ltr'><strong>sit,</strong></span> <span class='ocrx_word' id='word_1_522' title='bbox 2352 2964 2538 3038; x_wconf 89' lang='lat' dir='ltr'><strong>idque</strong></span> <span class='ocrx_word' id='word_1_523' title='bbox 2564 2967 2615 3021; x_wconf 90' lang='lat' dir='ltr'><strong>si</strong></span> <span class='ocrx_word' id='word_1_524' title='bbox 2640 2966 2784 3023; x_wconf 87' lang='lat' dir='ltr'><strong>citra</strong></span> <span class='ocrx_word' id='word_1_525' title='bbox 2823 2967 3293 3026; x_wconf 88' lang='lat' dir='ltr'><strong>sollicitudinem</strong></span> <span class='ocrx_word' id='word_1_526' title='bbox 3316 2970 3671 3031; x_wconf 86' lang='lat' dir='ltr'><strong>tumultum-</strong></span> 
     </span>
    </p>
   </div>
   <div class='ocr_carea' id='block_1_74' title="bbox 2009 3054 3170 3129">
    <p class='ocr_par' dir='ltr' id='par_1_74' title="bbox 2009 3054 3170 3129">
     <span class='ocr_line' id='line_1_74' title="bbox 2009 3054 3170 3129; baseline 0.004 -17"><span class='ocrx_word' id='word_1_527' title='bbox 2009 3071 2130 3129; x_wconf 91' lang='lat' dir='ltr'><strong>que</strong></span> <span class='ocrx_word' id='word_1_528' title='bbox 2156 3059 2216 3112; x_wconf 91' lang='lat' dir='ltr'><strong>et</strong></span> <span class='ocrx_word' id='word_1_529' title='bbox 2245 3054 2559 3126; x_wconf 80' lang='lat' dir='ltr'><strong>negotium</strong></span> <span class='ocrx_word' id='word_1_530' title='bbox 2585 3070 2945 3128; x_wconf 87' lang='lat' dir='ltr'><strong>comparare</strong></span> <span class='ocrx_word' id='word_1_531' title='bbox 2973 3056 3170 3117; x_wconf 87' lang='lat' dir='ltr'><strong>liceat.</strong></span> 
     </span>
    </p>
   </div>
   <div class='ocr_carea' id='block_1_75' title="bbox 2510 3145 3168 3204">
    <p class='ocr_par' dir='ltr' id='par_1_75' title="bbox 2510 3145 3168 3204">
     <span class='ocr_line' id='line_1_75' title="bbox 2510 3145 3168 3204; baseline 0.008 -5"><span class='ocrx_word' id='word_1_532' title='bbox 2510 3145 3029 3203; x_wconf 72' lang='lat' dir='ltr'><strong>INTERROGATIO</strong></span> <span class='ocrx_word' id='word_1_533' title='bbox 3062 3150 3168 3204; x_wconf 81' lang='lat' dir='ltr'><strong>XX.</strong></span> 
     </span>
    </p>
   </div>
   <div class='ocr_carea' id='block_1_76' title="bbox 2015 3235 3675 3312">
    <p class='ocr_par' dir='ltr' id='par_1_76' title="bbox 2015 3235 3675 3312">
     <span class='ocr_line' id='line_1_76' title="bbox 2015 3235 3675 3312; baseline 0.004 -19"><span class='ocrx_word' id='word_1_534' title='bbox 2015 3237 2160 3307; x_wconf 68' lang='lat' dir='ltr'><strong>Quae</strong></span> <span class='ocrx_word' id='word_1_535' title='bbox 2178 3237 2338 3293; x_wconf 88' lang='lat' dir='ltr'><strong>ratio</strong></span> <span class='ocrx_word' id='word_1_536' title='bbox 2387 3235 2648 3293; x_wconf 83' lang='lat' dir='ltr'><strong>tenenda</strong></span> <span class='ocrx_word' id='word_1_537' title='bbox 2698 3237 2778 3291; x_wconf 84' lang='lat' dir='ltr'><strong>sit</strong></span> <span class='ocrx_word' id='word_1_538' title='bbox 2815 3238 2879 3292; x_wconf 83' lang='lat' dir='ltr'><strong>in</strong></span> <span class='ocrx_word' id='word_1_539' title='bbox 2909 3236 3075 3307; x_wconf 80' lang='lat' dir='ltr'><strong>cibis,</strong></span> <span class='ocrx_word' id='word_1_540' title='bbox 3107 3254 3243 3295; x_wconf 84' lang='lat' dir='ltr'><strong>cum</strong></span> <span class='ocrx_word' id='word_1_541' title='bbox 3282 3240 3675 3312; x_wconf 73' lang='lat' dir='ltr'><strong>excipiuntur</strong></span> 
     </span>
    </p>
   </div>
   <div class='ocr_carea' id='block_1_77' title="bbox 2692 3325 2976 3396">
    <p class='ocr_par' dir='ltr' id='par_1_77' title="bbox 2692 3325 2976 3396">
     <span class='ocr_line' id='line_1_77' title="bbox 2692 3325 2976 3396; baseline -0.004 -15"><span class='ocrx_word' id='word_1_542' title='bbox 2692 3325 2976 3396; x_wconf 80' lang='lat' dir='ltr'><strong>hospites.</strong></span> 
     </span>
    </p>
   </div>
   <div class='ocr_carea' id='block_1_78' title="bbox 2632 3416 3047 3474">
    <p class='ocr_par' dir='ltr' id='par_1_78' title="bbox 2632 3416 3047 3474">
     <span class='ocr_line' id='line_1_78' title="bbox 2632 3416 3047 3474; baseline 0.01 -4"><span class='ocrx_word' id='word_1_543' title='bbox 2632 3416 3047 3474; x_wconf 83' lang='lat' dir='ltr'><strong>RESPONSIO.</strong></span> 
     </span>
    </p>
   </div>
   <div class='ocr_carea' id='block_1_79' title="bbox 2093 3502 3675 3578">
    <p class='ocr_par' dir='ltr' id='par_1_79' title="bbox 2093 3502 3675 3578">
     <span class='ocr_line' id='line_1_79' title="bbox 2093 3502 3675 3578; baseline 0.002 -16"><span class='ocrx_word' id='word_1_544' title='bbox 2093 3508 2143 3562; x_wconf 77' lang='lat' dir='ltr'><strong>t.</strong></span> <span class='ocrx_word' id='word_1_545' title='bbox 2183 3507 2352 3561; x_wconf 85' lang='lat' dir='ltr'><strong>Vana</strong></span> <span class='ocrx_word' id='word_1_546' title='bbox 2403 3502 2618 3576; x_wconf 85' lang='lat' dir='ltr'><strong>gloria,</strong></span> <span class='ocrx_word' id='word_1_547' title='bbox 2670 3504 2941 3560; x_wconf 84' lang='lat' dir='ltr'><strong>studium</strong></span> <span class='ocrx_word' id='word_1_548' title='bbox 2977 3503 3261 3578; x_wconf 88' lang='lat' dir='ltr'><strong>placendi</strong></span> <span class='ocrx_word' id='word_1_549' title='bbox 3301 3505 3675 3576; x_wconf 89' lang='lat' dir='ltr'><strong>hominibus,</strong></span> 
     </span>
    </p>
   </div>
   <div class='ocr_carea' id='block_1_80' title="bbox 2019 3594 3680 3670">
    <p class='ocr_par' dir='ltr' id='par_1_80' title="bbox 2019 3594 3680 3670">
     <span class='ocr_line' id='line_1_80' title="bbox 2019 3594 3680 3670; baseline 0.001 -17"><span class='ocrx_word' id='word_1_550' title='bbox 2019 3602 2077 3653; x_wconf 90' lang='lat' dir='ltr'><strong>et</strong></span> <span class='ocrx_word' id='word_1_551' title='bbox 2105 3594 2390 3669; x_wconf 68' lang='lat' dir='ltr'><strong>quaelibet</strong></span> <span class='ocrx_word' id='word_1_552' title='bbox 2418 3611 2514 3651; x_wconf 86' lang='lat' dir='ltr'><strong>res</strong></span> <span class='ocrx_word' id='word_1_553' title='bbox 2537 3594 2616 3652; x_wconf 88' lang='lat' dir='ltr'><strong>ad</strong></span> <span class='ocrx_word' id='word_1_554' title='bbox 2640 3595 3101 3651; x_wconf 88' lang='lat' dir='ltr'><strong>ostentationem</strong></span> <span class='ocrx_word' id='word_1_555' title='bbox 3132 3601 3321 3669; x_wconf 90' lang='lat' dir='ltr'><strong>gesta,</strong></span> <span class='ocrx_word' id='word_1_556' title='bbox 3344 3613 3592 3670; x_wconf 88' lang='lat' dir='ltr'><strong>prorsus</strong></span> <span class='ocrx_word' id='word_1_557' title='bbox 3616 3599 3680 3655; x_wconf 87' lang='lat' dir='ltr'><strong>in</strong></span> 
     </span>
    </p>
   </div>
   <div class='ocr_carea' id='block_1_81' title="bbox 2022 3684 3681 3761">
    <p class='ocr_par' dir='ltr' id='par_1_81' title="bbox 2022 3684 3681 3761">
     <span class='ocr_line' id='line_1_81' title="bbox 2022 3684 3681 3761; baseline 0.001 -18"><span class='ocrx_word' id='word_1_558' title='bbox 2022 3685 2191 3744; x_wconf 86' lang='lat' dir='ltr'><strong>omni</strong></span> <span class='ocrx_word' id='word_1_559' title='bbox 2231 3685 2476 3755; x_wconf 89' lang='lat' dir='ltr'><strong>negotio</strong></span> <span class='ocrx_word' id='word_1_560' title='bbox 2504 3684 2855 3741; x_wconf 87' lang='lat' dir='ltr'><strong>Christianis</strong></span> <span class='ocrx_word' id='word_1_561' title='bbox 2908 3685 3224 3743; x_wconf 88' lang='lat' dir='ltr'><strong>interdicta</strong></span> <span class='ocrx_word' id='word_1_562' title='bbox 3273 3693 3452 3743; x_wconf 87' lang='lat' dir='ltr'><strong>sunt:</strong></span> <span class='ocrx_word' id='word_1_563' title='bbox 3482 3704 3681 3761; x_wconf 88' lang='lat' dir='ltr'><strong>quan-</strong></span> 
     </span>
    </p>
   </div>
   <div class='ocr_carea' id='block_1_82' title="bbox 2024 3774 3687 3851">
    <p class='ocr_par' dir='ltr' id='par_1_82' title="bbox 2024 3774 3687 3851">
     <span class='ocr_line' id='line_1_82' title="bbox 2024 3774 3687 3851; baseline 0.001 -17"><span class='ocrx_word' id='word_1_564' title='bbox 2024 3775 2358 3849; x_wconf 87' lang='lat' dir='ltr'><strong>doquidem</strong></span> <span class='ocrx_word' id='word_1_565' title='bbox 2379 3775 2485 3848; x_wconf 88' lang='lat' dir='ltr'><strong>qui</strong></span> <span class='ocrx_word' id='word_1_566' title='bbox 2506 3780 2561 3831; x_wconf 90' lang='lat' dir='ltr'><strong>et</strong></span> <span class='ocrx_word' id='word_1_567' title='bbox 2588 3774 2791 3849; x_wconf 88' lang='lat' dir='ltr'><strong>ipsum</strong></span> <span class='ocrx_word' id='word_1_568' title='bbox 2809 3775 3165 3833; x_wconf 88' lang='lat' dir='ltr'><strong>mandatum</strong></span> <span class='ocrx_word' id='word_1_569' title='bbox 3184 3776 3322 3833; x_wconf 90' lang='lat' dir='ltr'><strong>ideo</strong></span> <span class='ocrx_word' id='word_1_570' title='bbox 3342 3778 3594 3851; x_wconf 87' lang='lat' dir='ltr'><strong>perﬁcit,</strong></span> <span class='ocrx_word' id='word_1_571' title='bbox 3620 3782 3687 3836; x_wconf 91' lang='lat' dir='ltr'><strong>ut</strong></span> 
     </span>
    </p>
   </div>
   <div class='ocr_carea' id='block_1_83' title="bbox 2028 3864 3686 3941">
    <p class='ocr_par' dir='ltr' id='par_1_83' title="bbox 2028 3864 3686 3941">
     <span class='ocr_line' id='line_1_83' title="bbox 2028 3864 3686 3941; baseline 0 -17"><span class='ocrx_word' id='word_1_572' title='bbox 2028 3871 2330 3941; x_wconf 89' lang='lat' dir='ltr'><strong>spectetur</strong></span> <span class='ocrx_word' id='word_1_573' title='bbox 2360 3865 2439 3922; x_wconf 89' lang='lat' dir='ltr'><strong>ab</strong></span> <span class='ocrx_word' id='word_1_574' title='bbox 2472 3864 2847 3936; x_wconf 84' lang='lat' dir='ltr'><strong>hominibus,</strong></span> <span class='ocrx_word' id='word_1_575' title='bbox 2874 3871 2931 3923; x_wconf 90' lang='lat' dir='ltr'><strong>et</strong></span> <span class='ocrx_word' id='word_1_576' title='bbox 2961 3865 3153 3937; x_wconf 89' lang='lat' dir='ltr'><strong>gloria</strong></span> <span class='ocrx_word' id='word_1_577' title='bbox 3179 3866 3497 3937; x_wconf 85' lang='lat' dir='ltr'><strong>afﬁciatur,</strong></span> <span class='ocrx_word' id='word_1_578' title='bbox 3533 3884 3686 3925; x_wconf 84' lang='lat' dir='ltr'><strong>mer-</strong></span> 
     </span>
    </p>
   </div>
   <div class='ocr_carea' id='block_1_84' title="bbox 2030 3955 3686 4031">
    <p class='ocr_par' dir='ltr' id='par_1_84' title="bbox 2030 3955 3686 4031">
     <span class='ocr_line' id='line_1_84' title="bbox 2030 3955 3686 4031; baseline 0.001 -18"><span class='ocrx_word' id='word_1_579' title='bbox 2030 3955 2241 4014; x_wconf 90' lang='lat' dir='ltr'><strong>cedem</strong></span> <span class='ocrx_word' id='word_1_580' title='bbox 2273 3955 2353 4012; x_wconf 88' lang='lat' dir='ltr'><strong>ob</strong></span> <span class='ocrx_word' id='word_1_581' title='bbox 2373 3956 2579 4029; x_wconf 89' lang='lat' dir='ltr'><strong>ipsum</strong></span> <span class='ocrx_word' id='word_1_582' title='bbox 2602 3961 2971 4028; x_wconf 75' lang='lat' dir='ltr'><strong>sperandam</strong></span> <span class='ocrx_word' id='word_1_583' title='bbox 2993 3955 3231 4012; x_wconf 85' lang='lat' dir='ltr'><strong>amittit.</strong></span> <span class='ocrx_word' id='word_1_584' title='bbox 3260 3960 3466 4031; x_wconf 85' lang='lat' dir='ltr'><strong>itaque</strong></span> <span class='ocrx_word' id='word_1_585' title='bbox 3490 3956 3562 4013; x_wconf 91' lang='lat' dir='ltr'><strong>iis</strong></span> <span class='ocrx_word' id='word_1_586' title='bbox 3582 3957 3686 4031; x_wconf 92' lang='lat' dir='ltr'><strong>qui</strong></span> 
     </span>
    </p>
   </div>
   <div class='ocr_carea' id='block_1_85' title="bbox 2030 4043 3693 4120">
    <p class='ocr_par' dir='ltr' id='par_1_85' title="bbox 2030 4043 3693 4120">
     <span class='ocr_line' id='line_1_85' title="bbox 2030 4043 3693 4120; baseline 0.001 -17"><span class='ocrx_word' id='word_1_587' title='bbox 2030 4062 2281 4104; x_wconf 89' lang='lat' dir='ltr'><strong>omnem</strong></span> <span class='ocrx_word' id='word_1_588' title='bbox 2310 4043 2664 4101; x_wconf 88' lang='lat' dir='ltr'><strong>humilitatis</strong></span> <span class='ocrx_word' id='word_1_589' title='bbox 2693 4046 2961 4118; x_wconf 88' lang='lat' dir='ltr'><strong>speciem</strong></span> <span class='ocrx_word' id='word_1_590' title='bbox 2990 4051 3237 4119; x_wconf 90' lang='lat' dir='ltr'><strong>propter</strong></span> <span class='ocrx_word' id='word_1_591' title='bbox 3279 4046 3515 4103; x_wconf 88' lang='lat' dir='ltr'><strong>Domini</strong></span> <span class='ocrx_word' id='word_1_592' title='bbox 3543 4063 3693 4120; x_wconf 64' lang='lat' dir='ltr'><strong>prae-</strong></span> 
     </span>
    </p>
   </div>
   <div class='ocr_carea' id='block_1_86' title="bbox 2032 4134 3696 4210">
    <p class='ocr_par' dir='ltr' id='par_1_86' title="bbox 2032 4134 3696 4210">
     <span class='ocr_line' id='line_1_86' title="bbox 2032 4134 3696 4210; baseline 0.001 -16"><span class='ocrx_word' id='word_1_593' title='bbox 2032 4141 2276 4210; x_wconf 90' lang='lat' dir='ltr'><strong>ceptum</strong></span> <span class='ocrx_word' id='word_1_594' title='bbox 2292 4135 2558 4208; x_wconf 80' lang='lat' dir='ltr'><strong>amplexi</strong></span> <span class='ocrx_word' id='word_1_595' title='bbox 2578 4140 2738 4203; x_wconf 83' lang='lat' dir='ltr'><strong>sunt,</strong></span> <span class='ocrx_word' id='word_1_596' title='bbox 2762 4134 3085 4206; x_wconf 83' lang='lat' dir='ltr'><strong>fugiendus</strong></span> <span class='ocrx_word' id='word_1_597' title='bbox 3102 4135 3436 4193; x_wconf 89' lang='lat' dir='ltr'><strong>admodum</strong></span> <span class='ocrx_word' id='word_1_598' title='bbox 3455 4141 3548 4194; x_wconf 87' lang='lat' dir='ltr'><strong>est</strong></span> <span class='ocrx_word' id='word_1_599' title='bbox 3565 4154 3696 4195; x_wconf 90' lang='lat' dir='ltr'><strong>om-</strong></span> 
     </span>
    </p>
   </div>
   <div class='ocr_carea' id='block_1_87' title="bbox 2035 4224 3697 4297">
    <p class='ocr_par' dir='ltr' id='par_1_87' title="bbox 2035 4224 3697 4297">
     <span class='ocr_line' id='line_1_87' title="bbox 2035 4224 3697 4297; baseline -0.001 -13"><span class='ocrx_word' id='word_1_600' title='bbox 2035 4227 2130 4284; x_wconf 89' lang='lat' dir='ltr'><strong>nis</strong></span> <span class='ocrx_word' id='word_1_601' title='bbox 2154 4242 2326 4283; x_wconf 78' lang='lat' dir='ltr'><strong>vanee</strong></span> <span class='ocrx_word' id='word_1_602' title='bbox 2358 4224 2564 4297; x_wconf 69' lang='lat' dir='ltr'><strong>gloriae</strong></span> <span class='ocrx_word' id='word_1_603' title='bbox 2596 4224 2842 4282; x_wconf 90' lang='lat' dir='ltr'><strong>modus.</strong></span> <span class='ocrx_word' id='word_1_604' title='bbox 2869 4225 3164 4292; x_wconf 87' lang='lat' dir='ltr'><strong>Quoniam</strong></span> <span class='ocrx_word' id='word_1_605' title='bbox 3193 4231 3396 4283; x_wconf 88' lang='lat' dir='ltr'><strong>autem</strong></span> <span class='ocrx_word' id='word_1_606' title='bbox 3416 4226 3697 4285; x_wconf 80' lang='lat' dir='ltr'><strong>videmus</strong></span> 
     </span>
    </p>
   </div>
   <div class='ocr_carea' id='block_1_88' title="bbox 310 4315 1902 4396">
    <p class='ocr_par' dir='ltr' id='par_1_88' title="bbox 310 4318 1902 4396">
     <span class='ocr_line' id='line_1_88' title="bbox 310 4318 1902 4396; baseline -0.004 -17"><span class='ocrx_word' id='word_1_607' title='bbox 310 4321 559 4386; x_wconf 71' lang='grc' dir='ltr'>δεύοντας</span> <span class='ocrx_word' id='word_1_608' title='bbox 601 4330 778 4378; x_wconf 83' lang='grc' dir='ltr'>πᾶσαν</span> <span class='ocrx_word' id='word_1_609' title='bbox 832 4321 1082 4395; x_wconf 75' lang='grc' dir='ltr'>ἀφθονίαν</span> <span class='ocrx_word' id='word_1_610' title='bbox 1135 4319 1429 4396; x_wconf 81' lang='grc' dir='ltr'>βρωμάτων</span> <span class='ocrx_word' id='word_1_611' title='bbox 1468 4325 1558 4373; x_wconf 83' lang='grc' dir='ltr'>καὶ</span> <span class='ocrx_word' id='word_1_612' title='bbox 1599 4318 1902 4373; x_wconf 75' lang='grc' dir='ltr'>πολυτέλεια</span> 
     </span>
    </p>
   </div>
   <div class='ocr_carea' id='block_1_89' title="bbox 2017 4315 3698 4396">
    <p class='ocr_par' dir='ltr' id='par_1_89' title="bbox 2038 4315 3698 4390">
     <span class='ocr_line' id='line_1_89' title="bbox 2038 4315 3698 4390; baseline 0.001 -17"><span class='ocrx_word' id='word_1_613' title='bbox 2038 4316 2387 4373; x_wconf 80' lang='lat' dir='ltr'><strong>mundanas</strong></span> <span class='ocrx_word' id='word_1_614' title='bbox 2418 4315 2723 4386; x_wconf 89' lang='lat' dir='ltr'><strong>homines,</strong></span> <span class='ocrx_word' id='word_1_615' title='bbox 2747 4315 2854 4389; x_wconf 91' lang='lat' dir='ltr'><strong>qui</strong></span> <span class='ocrx_word' id='word_1_616' title='bbox 2885 4332 3023 4372; x_wconf 89' lang='lat' dir='ltr'><strong>cum</strong></span> <span class='ocrx_word' id='word_1_617' title='bbox 3058 4317 3291 4390; x_wconf 87' lang='lat' dir='ltr'><strong>pudore</strong></span> <span class='ocrx_word' id='word_1_618' title='bbox 3321 4317 3515 4375; x_wconf 82' lang='lat' dir='ltr'><strong>ferant</strong></span> <span class='ocrx_word' id='word_1_619' title='bbox 3544 4334 3698 4390; x_wconf 82' lang='lat' dir='ltr'><strong>pau-</strong></span> 
     </span>
    </p>
   </div>
   <div class='ocr_carea' id='block_1_90' title="bbox 310 4405 1902 4484">
    <p class='ocr_par' dir='ltr' id='par_1_90' title="bbox 310 4407 1902 4484">
     <span class='ocr_line' id='line_1_90' title="bbox 310 4407 1902 4484; baseline -0.004 -15"><span class='ocrx_word' id='word_1_620' title='bbox 310 4417 433 4469; x_wconf 87' lang='grc' dir='ltr'>ὅταν</span> <span class='ocrx_word' id='word_1_621' title='bbox 484 4415 605 4468; x_wconf 79' lang='grc' dir='ltr'>τινὰ</span> <span class='ocrx_word' id='word_1_622' title='bbox 657 4421 759 4466; x_wconf 85' lang='grc' dir='ltr'>τῶν</span> <span class='ocrx_word' id='word_1_623' title='bbox 818 4413 969 4476; x_wconf 78' lang='grc' dir='ltr'>ξένων</span> <span class='ocrx_word' id='word_1_624' title='bbox 1041 4407 1328 4483; x_wconf 81' lang='grc' dir='ltr'>δέχωνται,</span> <span class='ocrx_word' id='word_1_625' title='bbox 1393 4409 1654 4484; x_wconf 74' lang='grc' dir='ltr'>φοϐοῦμαι</span> <span class='ocrx_word' id='word_1_626' title='bbox 1708 4414 1781 4484; x_wconf 77' lang='grc' dir='ltr'>μὴ</span> <span class='ocrx_word' id='word_1_627' title='bbox 1840 4430 1902 4462; x_wconf 86' lang='grc' dir='ltr'><strong>κα</strong></span> 
     </span>
    </p>
   </div>
   <div class='ocr_carea' id='block_1_91' title="bbox 2017 4405 3702 4484">
    <p class='ocr_par' dir='ltr' id='par_1_91' title="bbox 2038 4405 3702 4480">
     <span class='ocr_line' id='line_1_91' title="bbox 2038 4405 3702 4480; baseline 0.002 -18"><span class='ocrx_word' id='word_1_628' title='bbox 2038 4406 2289 4480; x_wconf 87' lang='lat' dir='ltr'><strong>pertatis</strong></span> <span class='ocrx_word' id='word_1_629' title='bbox 2335 4405 2843 4475; x_wconf 85' lang='lat' dir='ltr'><strong>humilitatem,et</strong></span> <span class='ocrx_word' id='word_1_630' title='bbox 2888 4405 2994 4462; x_wconf 85' lang='lat' dir='ltr'><strong>ubi</strong></span> <span class='ocrx_word' id='word_1_631' title='bbox 3049 4406 3269 4480; x_wconf 89' lang='lat' dir='ltr'><strong>aliquis</strong></span> <span class='ocrx_word' id='word_1_632' title='bbox 3312 4406 3465 4480; x_wconf 92' lang='lat' dir='ltr'><strong>ipsis</strong></span> <span class='ocrx_word' id='word_1_633' title='bbox 3511 4408 3702 4465; x_wconf 88' lang='lat' dir='ltr'><strong>susci-</strong></span> 
     </span>
    </p>
   </div>
   <div class='ocr_carea' id='block_1_92' title="bbox 314 4494 1902 4580">
    <p class='ocr_par' dir='ltr' id='par_1_92' title="bbox 314 4496 1902 4578">
     <span class='ocr_line' id='line_1_92' title="bbox 314 4496 1902 4578; baseline -0.003 -23"><span class='ocrx_word' id='word_1_634' title='bbox 314 4505 463 4578; x_wconf 79' lang='grc' dir='ltr'>ἠμῶν</span> <span class='ocrx_word' id='word_1_635' title='bbox 493 4504 610 4575; x_wconf 82' lang='lat'><strong>(57)</strong></span> <span class='ocrx_word' id='word_1_636' title='bbox 657 4504 795 4555; x_wconf 79' lang='grc' dir='ltr'>κατὰ</span> <span class='ocrx_word' id='word_1_637' title='bbox 839 4503 900 4554; x_wconf 86' lang='grc' dir='ltr'>τὸ</span> <span class='ocrx_word' id='word_1_638' title='bbox 937 4498 1186 4553; x_wconf 85' lang='grc' dir='ltr'>λανθάνον</span> <span class='ocrx_word' id='word_1_639' title='bbox 1221 4501 1281 4552; x_wconf 85' lang='grc' dir='ltr'>τὸ</span> <span class='ocrx_word' id='word_1_640' title='bbox 1326 4498 1451 4552; x_wconf 75' lang='grc' dir='ltr'><strong>αὐτό</strong></span> <span class='ocrx_word' id='word_1_641' title='bbox 1504 4500 1666 4560; x_wconf 84' lang='grc' dir='ltr'>πάθος</span> <span class='ocrx_word' id='word_1_642' title='bbox 1704 4496 1902 4571; x_wconf 75' lang='grc' dir='ltr'>ἅψηται</span> 
     </span>
    </p>
   </div>
   <div class='ocr_carea' id='block_1_93' title="bbox 2017 4494 3705 4580">
    <p class='ocr_par' dir='ltr' id='par_1_93' title="bbox 2040 4494 3705 4570">
     <span class='ocr_line' id='line_1_93' title="bbox 2040 4494 3705 4570; baseline 0.001 -18"><span class='ocrx_word' id='word_1_643' title='bbox 2040 4496 2300 4570; x_wconf 88' lang='lat' dir='ltr'><strong>piendus</strong></span> <span class='ocrx_word' id='word_1_644' title='bbox 2329 4500 2419 4552; x_wconf 91' lang='lat' dir='ltr'><strong>est</strong></span> <span class='ocrx_word' id='word_1_645' title='bbox 2460 4494 2707 4568; x_wconf 87' lang='lat' dir='ltr'><strong>hospes,</strong></span> <span class='ocrx_word' id='word_1_646' title='bbox 2754 4510 2997 4551; x_wconf 90' lang='lat' dir='ltr'><strong>omnem</strong></span> <span class='ocrx_word' id='word_1_647' title='bbox 3032 4495 3308 4552; x_wconf 88' lang='lat' dir='ltr'><strong>ciborum</strong></span> <span class='ocrx_word' id='word_1_648' title='bbox 3350 4495 3592 4569; x_wconf 90' lang='lat' dir='ltr'><strong>copiam</strong></span> <span class='ocrx_word' id='word_1_649' title='bbox 3631 4513 3705 4554; x_wconf 89' lang='lat' dir='ltr'><strong>ac</strong></span> 
     </span>
    </p>
   </div>
   <div class='ocr_carea' id='block_1_94' title="bbox 313 4583 1902 4665">
    <p class='ocr_par' dir='ltr' id='par_1_94' title="bbox 313 4589 1897 4665">
     <span class='ocr_line' id='line_1_94' title="bbox 313 4589 1897 4665; baseline -0.003 -19"><span class='ocrx_word' id='word_1_650' title='bbox 313 4598 406 4646; x_wconf 83' lang='grc' dir='ltr'><strong>καὶ</strong></span> <span class='ocrx_word' id='word_1_651' title='bbox 466 4589 792 4665; x_wconf 74' lang='grc' dir='ltr'>ἕλεγχθῶμεν</span> <span class='ocrx_word' id='word_1_652' title='bbox 854 4589 1296 4663; x_wconf 74' lang='grc' dir='ltr'>ἕπαισχυνὸμενοι</span> <span class='ocrx_word' id='word_1_653' title='bbox 1361 4593 1457 4648; x_wconf 80' lang='grc' dir='ltr'>τὴν</span> <span class='ocrx_word' id='word_1_654' title='bbox 1526 4589 1629 4641; x_wconf 85' lang='grc' dir='ltr'>ύπό</span> <span class='ocrx_word' id='word_1_655' title='bbox 1694 4596 1897 4662; x_wconf 86' lang='grc' dir='ltr'>Χριστο</span> 
     </span>
    </p>
   </div>
   <div class='ocr_carea' id='block_1_95' title="bbox 2017 4583 3705 4665">
    <p class='ocr_par' dir='ltr' id='par_1_95' title="bbox 2043 4583 3705 4657">
     <span class='ocr_line' id='line_1_95' title="bbox 2043 4583 3705 4657; baseline -0.001 -13"><span class='ocrx_word' id='word_1_656' title='bbox 2043 4584 2565 4657; x_wconf 83' lang='lat' dir='ltr'><strong>magniﬁcentiam</strong></span> <span class='ocrx_word' id='word_1_657' title='bbox 2588 4583 2924 4642; x_wconf 88' lang='lat' dir='ltr'><strong>studiosius</strong></span> <span class='ocrx_word' id='word_1_658' title='bbox 2949 4589 3267 4657; x_wconf 87' lang='lat' dir='ltr'><strong>apparent,</strong></span> <span class='ocrx_word' id='word_1_659' title='bbox 3291 4584 3472 4642; x_wconf 89' lang='lat' dir='ltr'><strong>timeo</strong></span> <span class='ocrx_word' id='word_1_660' title='bbox 3493 4601 3568 4642; x_wconf 88' lang='lat' dir='ltr'><strong>ne</strong></span> <span class='ocrx_word' id='word_1_661' title='bbox 3588 4602 3705 4643; x_wconf 87' lang='lat' dir='ltr'><strong>nos</strong></span> 
     </span>
    </p>
   </div>
   <div class='ocr_carea' id='block_1_96' title="bbox 316 4673 1902 4758">
    <p class='ocr_par' dir='ltr' id='par_1_96' title="bbox 316 4673 1902 4758">
     <span class='ocr_line' id='line_1_96' title="bbox 316 4673 1902 4758; baseline -0.003 -22"><span class='ocrx_word' id='word_1_662' title='bbox 316 4682 746 4758; x_wconf 76' lang='grc' dir='ltr'>μακαριζομένην</span> <span class='ocrx_word' id='word_1_663' title='bbox 790 4684 1082 4755; x_wconf 84' lang='grc' dir='ltr'>πτωχείαν.</span> <span class='ocrx_word' id='word_1_664' title='bbox 1131 4677 1333 4756; x_wconf 86' lang='grc' dir='ltr'>Ὠσπερ</span> <span class='ocrx_word' id='word_1_665' title='bbox 1364 4673 1453 4733; x_wconf 82' lang='grc' dir='ltr'>οὖν</span> <span class='ocrx_word' id='word_1_666' title='bbox 1500 4681 1659 4739; x_wconf 75' lang='grc' dir='ltr'>σκεύη</span> <span class='ocrx_word' id='word_1_667' title='bbox 1708 4676 1902 4753; x_wconf 81' lang='grc' dir='ltr'>ἀργυρᾶ</span> 
     </span>
    </p>
   </div>
   <div class='ocr_carea' id='block_1_97' title="bbox 2017 4673 3709 4758">
    <p class='ocr_par' dir='ltr' id='par_1_97' title="bbox 2048 4673 3709 4751">
     <span class='ocr_line' id='line_1_97' title="bbox 2048 4673 3709 4751; baseline 0 -18"><span class='ocrx_word' id='word_1_668' title='bbox 2048 4691 2297 4751; x_wconf 87' lang='lat' dir='ltr'><strong>quoque</strong></span> <span class='ocrx_word' id='word_1_669' title='bbox 2329 4673 2679 4733; x_wconf 88' lang='lat' dir='ltr'><strong>clanculum</strong></span> <span class='ocrx_word' id='word_1_670' title='bbox 2710 4674 2906 4731; x_wconf 89' lang='lat' dir='ltr'><strong>eidem</strong></span> <span class='ocrx_word' id='word_1_671' title='bbox 2948 4673 3128 4748; x_wconf 73' lang='grc'><strong>364</strong></span> <span class='ocrx_word' id='word_1_672' title='bbox 3170 4673 3315 4732; x_wconf 86' lang='lat' dir='ltr'><strong>vitio</strong></span> <span class='ocrx_word' id='word_1_673' title='bbox 3343 4673 3566 4733; x_wconf 90' lang='lat' dir='ltr'><strong>ﬁamus</strong></span> <span class='ocrx_word' id='word_1_674' title='bbox 3596 4675 3709 4735; x_wconf 78' lang='lat' dir='ltr'><strong>ob-</strong></span> 
     </span>
    </p>
   </div>
   <div class='ocr_carea' id='block_1_98' title="bbox 306 4230 1925 4307">
    <p class='ocr_par' dir='ltr' id='par_1_98' title="bbox 306 4230 1925 4307">
     <span class='ocr_line' id='line_1_98' title="bbox 306 4230 1925 4307; baseline -0.003 -18"><span class='ocrx_word' id='word_1_675' title='bbox 306 4239 367 4290; x_wconf 87' lang='grc' dir='ltr'>τὸ</span> <span class='ocrx_word' id='word_1_676' title='bbox 423 4238 662 4289; x_wconf 88' lang='grc' dir='ltr'>ταπεινὸν</span> <span class='ocrx_word' id='word_1_677' title='bbox 710 4242 808 4296; x_wconf 83' lang='grc' dir='ltr'>τῆς</span> <span class='ocrx_word' id='word_1_678' title='bbox 864 4237 1044 4296; x_wconf 86' lang='grc' dir='ltr'>πενίας</span> <span class='ocrx_word' id='word_1_679' title='bbox 1099 4233 1531 4307; x_wconf 83' lang='grc' dir='ltr'>αἰσχυνομένους,</span> <span class='ocrx_word' id='word_1_680' title='bbox 1590 4235 1681 4285; x_wconf 82' lang='grc' dir='ltr'>καὶ</span> <span class='ocrx_word' id='word_1_681' title='bbox 1739 4230 1925 4291; x_wconf 73' lang='grc' dir='ltr'>ἐπιτη-</span> 
     </span>
    </p>
   </div>
   <div class='ocr_carea' id='block_1_99' title="bbox 390 4823 1937 4898">
    <p class='ocr_par' dir='ltr' id='par_1_99' title="bbox 390 4823 1937 4898">
     <span class='ocr_line' id='line_1_99' title="bbox 390 4823 1937 4898; baseline -0.001 -11"><span class='ocrx_word' id='word_1_682' title='bbox 390 4830 442 4866; x_wconf 78' lang='lat'>“</span> <span class='ocrx_word' id='word_1_683' title='bbox 471 4826 677 4887; x_wconf 78' lang='lat' dir='ltr'><strong>Matth.</strong></span> <span class='ocrx_word' id='word_1_684' title='bbox 703 4843 799 4898; x_wconf 85' lang='lat' dir='ltr'><strong>xv,</strong></span> <span class='ocrx_word' id='word_1_685' title='bbox 822 4830 913 4884; x_wconf 86' lang='lat'><strong>32.</strong></span> <span class='ocrx_word' id='word_1_686' title='bbox 964 4827 1009 4864; x_wconf 74' lang='grc' dir='ltr'><strong>’τ</strong></span> <span class='ocrx_word' id='word_1_687' title='bbox 1044 4827 1222 4884; x_wconf 81' lang='lat' dir='ltr'><strong>Joan.</strong></span> <span class='ocrx_word' id='word_1_688' title='bbox 1254 4840 1332 4897; x_wconf 72' lang='lat' dir='ltr'><strong>vx,</strong></span> <span class='ocrx_word' id='word_1_689' title='bbox 1355 4829 1413 4883; x_wconf 85' lang='lat'><strong>9.</strong></span> <span class='ocrx_word' id='word_1_690' title='bbox 1459 4825 1508 4862; x_wconf 72' lang='grc'>³⁸</span> <span class='ocrx_word' id='word_1_691' title='bbox 1540 4823 1813 4893; x_wconf 86' lang='lat' dir='ltr'><strong>ITim.v,</strong></span> <span class='ocrx_word' id='word_1_692' title='bbox 1846 4827 1937 4886; x_wconf 84' lang='lat'><strong>23.</strong></span> 
     </span>
    </p>
   </div>
   <div class='ocr_carea' id='block_1_100' title="bbox 2055 4960 3717 5035">
    <p class='ocr_par' dir='ltr' id='par_1_100' title="bbox 2055 4960 3717 5035">
     <span class='ocr_line' id='line_1_100' title="bbox 2055 4960 3717 5035; baseline -0.001 -14"><span class='ocrx_word' id='word_1_693' title='bbox 2055 4963 2247 5022; x_wconf 76' lang='lat' dir='ltr'><strong>Editio</strong></span> <span class='ocrx_word' id='word_1_694' title='bbox 2286 4961 2434 5020; x_wconf 92' lang='lat' dir='ltr'><strong>Ven.</strong></span> <span class='ocrx_word' id='word_1_695' title='bbox 2480 4966 2538 5019; x_wconf 86' lang='lat' dir='ltr'><strong>et</strong></span> <span class='ocrx_word' id='word_1_696' title='bbox 2579 4979 2734 5019; x_wconf 87' lang='lat' dir='ltr'><strong>mss.</strong></span> <span class='ocrx_word' id='word_1_697' title='bbox 2765 4960 3037 5035; x_wconf 89' lang='lat' dir='ltr'><strong>plerique</strong></span> <span class='ocrx_word' id='word_1_698' title='bbox 3084 4977 3298 5018; x_wconf 89' lang='lat' dir='ltr'><strong>omnes</strong></span> <span class='ocrx_word' id='word_1_699' title='bbox 3327 4962 3450 5033; x_wconf 81' lang='grc' dir='ltr'><strong>ἔχη.</strong></span> <span class='ocrx_word' id='word_1_700' title='bbox 3488 4964 3717 5035; x_wconf 84' lang='lat' dir='ltr'><strong>Rursus</strong></span> 
     </span>
    </p>
   </div>
   <div class='ocr_carea' id='block_1_101' title="bbox 2057 5034 3717 5108">
    <p class='ocr_par' dir='ltr' id='par_1_101' title="bbox 2057 5034 3717 5108">
     <span class='ocr_line' id='line_1_101' title="bbox 2057 5034 3717 5108; baseline -0.002 -15"><span class='ocrx_word' id='word_1_701' title='bbox 2057 5036 2353 5093; x_wconf 79' lang='lat' dir='ltr'><strong>editiones</strong></span> <span class='ocrx_word' id='word_1_702' title='bbox 2382 5035 2561 5091; x_wconf 89' lang='lat' dir='ltr'><strong>Basil.</strong></span> <span class='ocrx_word' id='word_1_703' title='bbox 2591 5040 2649 5091; x_wconf 87' lang='lat' dir='ltr'><strong>et</strong></span> <span class='ocrx_word' id='word_1_704' title='bbox 2673 5035 2858 5090; x_wconf 87' lang='lat' dir='ltr'><strong>Paris.</strong></span> <span class='ocrx_word' id='word_1_705' title='bbox 2880 5034 3319 5108; x_wconf 79' lang='grc' dir='ltr'>περιεργάζεσθαι</span> <span class='ocrx_word' id='word_1_706' title='bbox 3348 5035 3500 5108; x_wconf 82' lang='grc' dir='ltr'>ὑμᾶς.</span> <span class='ocrx_word' id='word_1_707' title='bbox 3525 5034 3717 5092; x_wconf 82' lang='lat' dir='ltr'><strong>Editio</strong></span> 
     </span>
    </p>
   </div>
   <div class='ocr_carea' id='block_1_102' title="bbox 2058 5107 3019 5178">
    <p class='ocr_par' dir='ltr' id='par_1_102' title="bbox 2058 5107 3019 5178">
     <span class='ocr_line' id='line_1_102' title="bbox 2058 5107 3019 5178; baseline -0.006 -12"><span class='ocrx_word' id='word_1_708' title='bbox 2058 5112 2211 5166; x_wconf 86' lang='lat' dir='ltr'><strong>Ven.</strong></span> <span class='ocrx_word' id='word_1_709' title='bbox 2241 5112 2298 5164; x_wconf 88' lang='lat' dir='ltr'><strong>et</strong></span> <span class='ocrx_word' id='word_1_710' title='bbox 2328 5123 2475 5163; x_wconf 89' lang='lat' dir='ltr'><strong>mss.</strong></span> <span class='ocrx_word' id='word_1_711' title='bbox 2502 5121 2628 5163; x_wconf 91' lang='lat' dir='ltr'><strong>non</strong></span> <span class='ocrx_word' id='word_1_712' title='bbox 2652 5108 2835 5178; x_wconf 86' lang='lat' dir='ltr'><strong>pauci</strong></span> <span class='ocrx_word' id='word_1_713' title='bbox 2859 5107 3019 5178; x_wconf 77' lang='grc' dir='ltr'>ἡμᾶς.</span> 
     </span>
    </p>
   </div>
   <div class='ocr_carea' id='block_1_103' title="bbox 2134 5176 3721 5251">
    <p class='ocr_par' dir='ltr' id='par_1_103' title="bbox 2134 5176 3721 5251">
     <span class='ocr_line' id='line_1_103' title="bbox 2134 5176 3721 5251; baseline -0.002 -16"><span class='ocrx_word' id='word_1_714' title='bbox 2134 5182 2251 5245; x_wconf 78' lang='grc'>(54)</span> <span class='ocrx_word' id='word_1_715' title='bbox 2292 5182 2435 5249; x_wconf 82' lang='lat' dir='ltr'><strong>Reg.</strong></span> <span class='ocrx_word' id='word_1_716' title='bbox 2483 5176 2716 5251; x_wconf 79' lang='lat' dir='ltr'><strong>primus</strong></span> <span class='ocrx_word' id='word_1_717' title='bbox 2755 5185 2813 5232; x_wconf 92' lang='lat' dir='ltr'><strong>et</strong></span> <span class='ocrx_word' id='word_1_718' title='bbox 2851 5176 3022 5232; x_wconf 76' lang='lat' dir='ltr'><strong>Voss.</strong></span> <span class='ocrx_word' id='word_1_719' title='bbox 3069 5181 3129 5251; x_wconf 77' lang='lat' dir='ltr'><strong>et</strong></span> <span class='ocrx_word' id='word_1_720' title='bbox 3170 5176 3337 5251; x_wconf 91' lang='lat' dir='ltr'><strong>Colb_.</strong></span> <span class='ocrx_word' id='word_1_721' title='bbox 3389 5176 3583 5251; x_wconf 65' lang='grc' dir='ltr'>εὐτελὲς</span> <span class='ocrx_word' id='word_1_722' title='bbox 3628 5179 3721 5232; x_wconf 80' lang='grc' dir='ltr'><strong>καὶ</strong></span> 
     </span>
    </p>
   </div>
   <div class='ocr_carea' id='block_1_104' title="bbox 406 5249 1902 5332">
    <p class='ocr_par' dir='ltr' id='par_1_104' title="bbox 406 5249 1902 5332">
     <span class='ocr_line' id='line_1_104' title="bbox 406 5249 1902 5332; baseline -0.005 -16"><span class='ocrx_word' id='word_1_723' title='bbox 406 5249 518 5332; x_wconf 76' lang='grc'>(51)</span> <span class='ocrx_word' id='word_1_724' title='bbox 550 5256 794 5331; x_wconf 80' lang='lat' dir='ltr'><strong>Antiqui</strong></span> <span class='ocrx_word' id='word_1_725' title='bbox 813 5249 938 5313; x_wconf 71' lang='lat' dir='ltr'><strong>dilo</strong></span> <span class='ocrx_word' id='word_1_726' title='bbox 957 5256 1093 5332; x_wconf 79' lang='lat' dir='ltr'><strong>libri</strong></span> <span class='ocrx_word' id='word_1_727' title='bbox 1103 5249 1252 5314; x_wconf 62' lang='lat' dir='ltr'><strong>&#39;cum</strong></span> <span class='ocrx_word' id='word_1_728' title='bbox 1275 5249 1587 5332; x_wconf 58' lang='grc' dir='ltr'>νφεξ.ὦστε</span> <span class='ocrx_word' id='word_1_729' title='bbox 1606 5249 1799 5332; x_wconf 59' lang='grc' dir='ltr'>ἄρτους</span> <span class='ocrx_word' id='word_1_730' title='bbox 1817 5274 1902 5332; x_wconf 67' lang='grc' dir='ltr'><strong>κατ</strong></span> 
     </span>
    </p>
   </div>
   <div class='ocr_carea' id='block_1_105' title="bbox 2017 5249 3721 5332">
    <p class='ocr_par' dir='ltr' id='par_1_105' title="bbox 2062 5249 3721 5332">
     <span class='ocr_line' id='line_1_105' title="bbox 2062 5249 3721 5332; baseline 0.001 -26"><span class='ocrx_word' id='word_1_731' title='bbox 2062 5259 2225 5307; x_wconf 81' lang='grc' dir='ltr'>πᾶσιν</span> <span class='ocrx_word' id='word_1_732' title='bbox 2255 5252 2327 5332; x_wconf 70' lang='grc' dir='ltr'>εἰς</span> <span class='ocrx_word' id='word_1_733' title='bbox 2348 5249 2551 5324; x_wconf 73' lang='grc' dir='ltr'>χρῆσιν</span> <span class='ocrx_word' id='word_1_734' title='bbox 2574 5253 2931 5324; x_wconf 86' lang='grc' dir='ltr'>προκείμενον,</span> <span class='ocrx_word' id='word_1_735' title='bbox 2954 5249 3115 5321; x_wconf 84' lang='lat' dir='ltr'><strong>quod</strong></span> <span class='ocrx_word' id='word_1_736' title='bbox 3134 5249 3407 5305; x_wconf 83' lang='lat' dir='ltr'><strong>omnibus</strong></span> <span class='ocrx_word' id='word_1_737' title='bbox 3439 5250 3520 5306; x_wconf 79' lang='lat' dir='ltr'><strong>ad</strong></span> <span class='ocrx_word' id='word_1_738' title='bbox 3546 5267 3721 5308; x_wconf 84' lang='lat' dir='ltr'><strong>usum</strong></span> 
     </span>
    </p>
   </div>
   <div class='ocr_carea' id='block_1_106' title="bbox 332 5325 1902 5405">
    <p class='ocr_par' dir='ltr' id='par_1_106' title="bbox 332 5325 1902 5405">
     <span class='ocr_line' id='line_1_106' title="bbox 332 5325 1902 5405; baseline -0.007 -13"><span class='ocrx_word' id='word_1_739' title='bbox 332 5325 427 5405; x_wconf 65' lang='grc' dir='ltr'><strong>μ.ὶῦ</strong></span> <span class='ocrx_word' id='word_1_740' title='bbox 454 5325 545 5385; x_wconf 80' lang='grc' dir='ltr'>τὸν</span> <span class='ocrx_word' id='word_1_741' title='bbox 574 5325 820 5388; x_wconf 59' lang='grc' dir='ltr'>Ἰωάννην</span> <span class='ocrx_word' id='word_1_742' title='bbox 860 5329 1145 5404; x_wconf 83' lang='grc' dir='ltr'>κριθίνους.</span> <span class='ocrx_word' id='word_1_743' title='bbox 1199 5329 1415 5386; x_wconf 85' lang='lat' dir='ltr'><strong>Statim</strong></span> <span class='ocrx_word' id='word_1_744' title='bbox 1445 5325 1836 5385; x_wconf 81' lang='lat' dir='ltr'><strong>codex&#39;Colb.</strong></span> <span class='ocrx_word' id='word_1_745' title='bbox 1869 5327 1902 5381; x_wconf 64' lang='grc' dir='ltr'><strong>ὲ</strong></span> 
     </span>
    </p>
   </div>
   <div class='ocr_carea' id='block_1_107' title="bbox 2017 5325 2430 5405">
    <p class='ocr_par' dir='ltr' id='par_1_107' title="bbox 2059 5325 2430 5405">
     <span class='ocr_line' id='line_1_107' title="bbox 2059 5325 2430 5405; baseline -0.005 -26"><span class='ocrx_word' id='word_1_746' title='bbox 2059 5325 2430 5405; x_wconf 61' lang='lat' dir='ltr'><strong>proponitur</strong></span> 
     </span>
    </p>
   </div>
   <div class='ocr_carea' id='block_1_108' title="bbox 334 5394 1902 5478">
    <p class='ocr_par' dir='ltr' id='par_1_108' title="bbox 334 5394 1886 5478">
     <span class='ocr_line' id='line_1_108' title="bbox 334 5394 1886 5478; baseline 0 0"><span class='ocrx_word' id='word_1_747' title='bbox 334 5394 716 5478; x_wconf 44' lang='lat' dir='ltr'><strong>“vimen-</strong></span> <span class='ocrx_word' id='word_1_748' title='bbox 1004 5475 1014 5478; x_wconf 93' lang='lat'>_</span> <span class='ocrx_word' id='word_1_749' title='bbox 1255 5474 1302 5478; x_wconf 87' lang='lat'>__</span> <span class='ocrx_word' id='word_1_750' title='bbox 1574 5474 1583 5478; x_wconf 91' lang='lat'>_</span> <span class='ocrx_word' id='word_1_751' title='bbox 1876 5473 1886 5478; x_wconf 92' lang='lat'>_</span> 
     </span>
    </p>
   </div>
   <div class='ocr_carea' id='block_1_109' title="bbox 2017 5394 3400 5478">
    <p class='ocr_par' dir='ltr' id='par_1_109' title="bbox 2059 5394 3400 5478">
     <span class='ocr_line' id='line_1_109' title="bbox 2059 5394 3400 5478; baseline -0.007 -21"><span class='ocrx_word' id='word_1_752' title='bbox 2059 5394 2076 5396; x_wconf 43' lang='lat'><strong>—</strong></span> <span class='ocrx_word' id='word_1_753' title='bbox 2290 5398 2443 5478; x_wconf 80' lang='lat' dir='ltr'><strong>_Reg.</strong></span> <span class='ocrx_word' id='word_1_754' title='bbox 2480 5394 2715 5478; x_wconf 74' lang='lat' dir='ltr'><strong>primus</strong></span> <span class='ocrx_word' id='word_1_755' title='bbox 2737 5396 2796 5448; x_wconf 89' lang='lat' dir='ltr'><strong>et</strong></span> <span class='ocrx_word' id='word_1_756' title='bbox 2824 5394 2995 5449; x_wconf 83' lang='lat' dir='ltr'><strong>Voss.</strong></span> <span class='ocrx_word' id='word_1_757' title='bbox 3022 5395 3400 5478; x_wconf 71' lang='grc' dir='ltr'>περιγίνεσθαι.</span> 
     </span>
    </p>
   </div>
   <div class='ocr_carea' id='block_1_110' title="bbox 410 5466 1902 5558">
    <p class='ocr_par' dir='ltr' id='par_1_110' title="bbox 410 5466 1902 5558">
     <span class='ocr_line' id='line_1_110' title="bbox 410 5466 1902 5558; baseline -0.003 -29"><span class='ocrx_word' id='word_1_758' title='bbox 410 5466 529 5558; x_wconf 55' lang='grc' dir='ltr'>(ὅξ)</span> <span class='ocrx_word' id='word_1_759' title='bbox 565 5473 897 5558; x_wconf 32' lang='grc' dir='ltr'><strong>ξάὶίίιπλήν</strong></span> <span class='ocrx_word' id='word_1_760' title='bbox 936 5475 1190 5558; x_wconf 43' lang='grc' dir='ltr'>μήτιγε.</span> <span class='ocrx_word' id='word_1_761' title='bbox 1239 5474 1311 5527; x_wconf 74' lang='lat' dir='ltr'><strong>At</strong></span> <span class='ocrx_word' id='word_1_762' title='bbox 1359 5488 1509 5530; x_wconf 87' lang='lat' dir='ltr'><strong>mss.</strong></span> <span class='ocrx_word' id='word_1_763' title='bbox 1567 5474 1699 5558; x_wconf 44' lang='lat' dir='ltr'><strong>tre‘s.</strong></span> <span class='ocrx_word' id='word_1_764' title='bbox 1731 5473 1902 5558; x_wconf 63' lang='lat' dir='ltr'><strong>prate</strong></span> 
     </span>
    </p>
   </div>
   <div class='ocr_carea' id='block_1_111' title="bbox 2017 5466 3728 5558">
    <p class='ocr_par' dir='ltr' id='par_1_111' title="bbox 2142 5466 3728 5558">
     <span class='ocr_line' id='line_1_111' title="bbox 2142 5466 3728 5558; baseline 0 -35"><span class='ocrx_word' id='word_1_765' title='bbox 2142 5466 2254 5556; x_wconf 58' lang='lat'><strong>(2&#39;36)</strong></span> <span class='ocrx_word' id='word_1_766' title='bbox 2290 5470 2385 5558; x_wconf 35' lang='lat' dir='ltr'><strong>13A</strong></span> <span class='ocrx_word' id='word_1_767' title='bbox 2411 5466 2621 5558; x_wconf 45' lang='lat' dir='ltr'><strong>coiiice</strong></span> <span class='ocrx_word' id='word_1_768' title='bbox 2659 5467 2830 5558; x_wconf 59' lang='lat' dir='ltr'><strong>Yoss.</strong></span> <span class='ocrx_word' id='word_1_769' title='bbox 2884 5479 3017 5553; x_wconf 38' lang='lat' dir='ltr'><strong>pro.</strong></span> <span class='ocrx_word' id='word_1_770' title='bbox 3041 5466 3306 5558; x_wconf 53' lang='grc' dir='ltr'>φξιέκτέοξτ</span> <span class='ocrx_word' id='word_1_771' title='bbox 3341 5466 3559 5558; x_wconf 72' lang='lat' dir='ltr'><strong>legitur</strong></span> <span class='ocrx_word' id='word_1_772' title='bbox 3610 5485 3728 5558; x_wconf 57' lang='grc' dir='ltr'><strong>φιγο</strong></span> 
     </span>
    </p>
   </div>
   <div class='ocr_carea' id='block_1_112' title="bbox 339 5536 1902 5619">
    <p class='ocr_par' dir='ltr' id='par_1_112' title="bbox 339 5536 1902 5619">
     <span class='ocr_line' id='line_1_112' title="bbox 339 5536 1902 5619; baseline -0.006 -15"><span class='ocrx_word' id='word_1_773' title='bbox 339 5536 615 5604; x_wconf 74' lang='lat' dir='ltr'><strong>Comhef.</strong></span> <span class='ocrx_word' id='word_1_774' title='bbox 639 5551 707 5602; x_wconf 86' lang='lat' dir='ltr'><strong>ut</strong></span> <span class='ocrx_word' id='word_1_775' title='bbox 724 5545 788 5602; x_wconf 92' lang='lat' dir='ltr'><strong>in</strong></span> <span class='ocrx_word' id='word_1_776' title='bbox 810 5536 1251 5603; x_wconf 58' lang='lat' dir='ltr'><strong>confextuﬂox</strong></span> <span class='ocrx_word' id='word_1_777' title='bbox 1271 5542 1703 5601; x_wconf 89' lang='lat' dir='ltr'><strong>mss.nonnulli</strong></span> <span class='ocrx_word' id='word_1_778' title='bbox 1725 5536 1902 5619; x_wconf 67' lang='grc' dir='ltr'>ἔπαιρε</span> 
     </span>
    </p>
   </div>
   <div class='ocr_carea' id='block_1_113' title="bbox 2017 5536 3729 5619">
    <p class='ocr_par' dir='ltr' id='par_1_113' title="bbox 2070 5536 3729 5619">
     <span class='ocr_line' id='line_1_113' title="bbox 2070 5536 3729 5619; baseline 0.001 -26"><span class='ocrx_word' id='word_1_779' title='bbox 2070 5536 2266 5619; x_wconf 53' lang='lat' dir='ltr'><strong>mm</strong></span> <span class='ocrx_word' id='word_1_780' title='bbox 2301 5540 2434 5619; x_wconf 79' lang='lat' dir='ltr'><strong>Mox</strong></span> <span class='ocrx_word' id='word_1_781' title='bbox 2474 5539 2623 5619; x_wconf 66' lang='lat' dir='ltr'><strong>Reg.</strong></span> <span class='ocrx_word' id='word_1_782' title='bbox 2660 5536 2910 5619; x_wconf 37' lang='lat' dir='ltr'><strong>primus:</strong></span> <span class='ocrx_word' id='word_1_783' title='bbox 2935 5538 3057 5598; x_wconf 86' lang='grc' dir='ltr'>τοὺς</span> <span class='ocrx_word' id='word_1_784' title='bbox 3085 5536 3204 5598; x_wconf 76' lang='grc' dir='ltr'>ἔξω.</span> <span class='ocrx_word' id='word_1_785' title='bbox 3241 5537 3378 5619; x_wconf 81' lang='lat' dir='ltr'><strong>_Nec</strong></span> <span class='ocrx_word' id='word_1_786' title='bbox 3406 5536 3489 5594; x_wconf 86' lang='lat' dir='ltr'><strong>ita</strong></span> <span class='ocrx_word' id='word_1_787' title='bbox 3536 5536 3729 5594; x_wconf 83' lang='lat' dir='ltr'><strong>multo</strong></span> 
     </span>
    </p>
   </div>
   <div class='ocr_carea' id='block_1_114' title="bbox 340 5608 1902 5685">
    <p class='ocr_par' dir='ltr' id='par_1_114' title="bbox 340 5608 1859 5685">
     <span class='ocr_line' id='line_1_114' title="bbox 340 5608 1859 5685; baseline 0.012 -13"><span class='ocrx_word' id='word_1_788' title='bbox 340 5622 550 5677; x_wconf 74' lang='grc' dir='ltr'>τητέον.</span> <span class='ocrx_word' id='word_1_789' title='bbox 1663 5683 1670 5685; x_wconf 26' lang='grc' dir='ltr'><strong>Α</strong></span> <span class='ocrx_word' id='word_1_790' title='bbox 1848 5608 1859 5619; x_wconf 50' lang='lat'><strong>&#39;</strong></span> 
     </span>
    </p>
   </div>
   <div class='ocr_carea' id='block_1_115' title="bbox 2017 5608 3392 5685">
    <p class='ocr_par' dir='ltr' id='par_1_115' title="bbox 2073 5608 3392 5685">
     <span class='ocr_line' id='line_1_115' title="bbox 2073 5608 3392 5685; baseline -0.003 -19"><span class='ocrx_word' id='word_1_791' title='bbox 2073 5611 2458 5685; x_wconf 8' lang='lat' dir='ltr'><strong>post.gc9_dex</strong></span> <span class='ocrx_word' id='word_1_792' title='bbox 2485 5609 2653 5666; x_wconf 76' lang='lat' dir='ltr'><strong>Colb.</strong></span> <span class='ocrx_word' id='word_1_793' title='bbox 2684 5613 2858 5685; x_wconf 79' lang='grc' dir='ltr'>πενίας</span> <span class='ocrx_word' id='word_1_794' title='bbox 2877 5608 3392 5685; x_wconf 34' lang='grc' dir='ltr'>,ἐπαισχυνομένους</span> 
     </span>
    </p>
   </div>
   <div class='ocr_carea' id='block_1_116' title="bbox 416 5680 1902 5764">
    <p class='ocr_par' dir='ltr' id='par_1_116' title="bbox 416 5683 1902 5764">
     <span class='ocr_line' id='line_1_116' title="bbox 416 5683 1902 5764; baseline -0.007 -15"><span class='ocrx_word' id='word_1_795' title='bbox 416 5691 534 5764; x_wconf 81' lang='lat'><strong>(53)</strong></span> <span class='ocrx_word' id='word_1_796' title='bbox 574 5689 773 5749; x_wconf 86' lang='lat' dir='ltr'><strong>Editio</strong></span> <span class='ocrx_word' id='word_1_797' title='bbox 820 5686 996 5747; x_wconf 87' lang='lat' dir='ltr'><strong>Basil.</strong></span> <span class='ocrx_word' id='word_1_798' title='bbox 1028 5686 1255 5762; x_wconf 85' lang='lat' dir='ltr'><strong>pariter</strong></span> <span class='ocrx_word' id='word_1_799' title='bbox 1286 5701 1359 5746; x_wconf 87' lang='lat' dir='ltr'><strong>ac</strong></span> <span class='ocrx_word' id='word_1_800' title='bbox 1388 5686 1574 5747; x_wconf 85' lang='lat' dir='ltr'><strong>Paris.</strong></span> <span class='ocrx_word' id='word_1_801' title='bbox 1608 5683 1798 5749; x_wconf 73' lang='grc' dir='ltr'>ἡδονὴν</span> <span class='ocrx_word' id='word_1_802' title='bbox 1826 5689 1902 5762; x_wconf 71' lang='grc' dir='ltr'><strong>ἔχε</strong></span> 
     </span>
    </p>
   </div>
   <div class='ocr_carea' id='block_1_117' title="bbox 2017 5680 3032 5764">
    <p class='ocr_par' dir='ltr' id='par_1_117' title="bbox 2075 5680 3032 5757">
     <span class='ocr_line' id='line_1_117' title="bbox 2075 5680 3032 5757; baseline -0.01 -15"><span class='ocrx_word' id='word_1_803' title='bbox 2075 5680 2096 5685; x_wconf 77' lang='grc'><em>’</em></span> <span class='ocrx_word' id='word_1_804' title='bbox 2144 5682 2262 5757; x_wconf 84' lang='lat'><strong>(57)</strong></span> <span class='ocrx_word' id='word_1_805' title='bbox 2299 5683 2470 5740; x_wconf 88' lang='lat' dir='ltr'><strong>Unus</strong></span> <span class='ocrx_word' id='word_1_806' title='bbox 2498 5697 2615 5738; x_wconf 90' lang='lat' dir='ltr'><strong>ms.</strong></span> <span class='ocrx_word' id='word_1_807' title='bbox 2647 5684 2720 5753; x_wconf 78' lang='grc' dir='ltr'>μὴ</span> <span class='ocrx_word' id='word_1_808' title='bbox 2753 5684 2843 5734; x_wconf 81' lang='grc' dir='ltr'>καὶ</span> <span class='ocrx_word' id='word_1_809' title='bbox 2868 5680 3032 5755; x_wconf 79' lang='grc' dir='ltr'>ὑμῶν.</span> 
     </span>
    </p>
   </div>
   <div class='ocr_carea' id='block_1_118' title="bbox 667 5786 3258 5848">
    <p class='ocr_par' dir='ltr' id='par_1_118' title="bbox 667 5786 3258 5848">
     <span class='ocr_line' id='line_1_118' title="bbox 667 5786 3258 5848; baseline -0.003 0"><span class='ocrx_word' id='word_1_810' title='bbox 667 5791 915 5848; x_wconf 64' lang='lat' dir='ltr'><strong>Pauor.</strong></span> <span class='ocrx_word' id='word_1_811' title='bbox 946 5788 1047 5847; x_wconf 78' lang='lat' dir='ltr'><strong>GI.</strong></span> <span class='ocrx_word' id='word_1_812' title='bbox 1076 5787 1249 5846; x_wconf 79' lang='lat' dir='ltr'><strong>XXXI.</strong></span> <span class='ocrx_word' id='word_1_813' title='bbox 3195 5786 3258 5840; x_wconf 83' lang='lat' dir='ltr'><strong>3t</strong></span> 
     </span>
    </p>
   </div>
   <div class='ocr_carea' id='block_1_119' title="bbox 328 4968 1943 5048">
    <p class='ocr_par' dir='ltr' id='par_1_119' title="bbox 328 4968 1943 5048">
     <span class='ocr_line' id='line_1_119' title="bbox 328 4968 1943 5048; baseline -0.004 -21"><span class='ocrx_word' id='word_1_814' title='bbox 328 4971 504 5048; x_wconf 74' lang='grc' dir='ltr'>μέλλοι</span> <span class='ocrx_word' id='word_1_815' title='bbox 553 4970 974 5048; x_wconf 50' lang='grc' dir='ltr'>ἀπεριεργρτερον</span> <span class='ocrx_word' id='word_1_816' title='bbox 1018 4968 1210 5048; x_wconf 60' lang='lat' dir='ltr'><strong>Liber</strong></span> <span class='ocrx_word' id='word_1_817' title='bbox 1254 4968 1430 5048; x_wconf 82' lang='lat' dir='ltr'><strong>Voss.</strong></span> <span class='ocrx_word' id='word_1_818' title='bbox 1477 4971 1560 5048; x_wconf 85' lang='grc' dir='ltr'>ὅτε</span> <span class='ocrx_word' id='word_1_819' title='bbox 1608 4972 1806 5048; x_wconf 65' lang='grc' dir='ltr'>γένοιτο</span> <span class='ocrx_word' id='word_1_820' title='bbox 1854 4969 1943 5048; x_wconf 59' lang='grc' dir='ltr'><strong>εὖτ</strong></span> 
     </span>
    </p>
   </div>
   <div class='ocr_carea' id='block_1_120' title="bbox 328 5038 1945 5121">
    <p class='ocr_par' dir='ltr' id='par_1_120' title="bbox 328 5038 1945 5121">
     <span class='ocr_line' id='line_1_120' title="bbox 328 5038 1945 5121; baseline -0.002 -24"><span class='ocrx_word' id='word_1_821' title='bbox 328 5038 861 5121; x_wconf 69' lang='grc' dir='ltr'>ΞιολὼτερονοῬὰἁιο</span> <span class='ocrx_word' id='word_1_822' title='bbox 887 5038 1050 5100; x_wconf 82' lang='lat' dir='ltr'><strong>Post.</strong></span> <span class='ocrx_word' id='word_1_823' title='bbox 1079 5045 1221 5115; x_wconf 83' lang='lat' dir='ltr'><strong>Reg.</strong></span> <span class='ocrx_word' id='word_1_824' title='bbox 1261 5040 1499 5116; x_wconf 84' lang='lat' dir='ltr'><strong>primus</strong></span> <span class='ocrx_word' id='word_1_825' title='bbox 1534 5038 1692 5100; x_wconf 77' lang='grc' dir='ltr'>Δηλοτ</span> <span class='ocrx_word' id='word_1_826' title='bbox 1720 5038 1780 5096; x_wconf 73' lang='lat'><strong>6“:</strong></span> <span class='ocrx_word' id='word_1_827' title='bbox 1798 5045 1890 5094; x_wconf 83' lang='grc' dir='ltr'>καὶ</span> <span class='ocrx_word' id='word_1_828' title='bbox 1918 5039 1945 5093; x_wconf 83' lang='grc' dir='ltr'><strong><em>ὀ</em></strong></span> 
     </span>
    </p>
   </div>
   <div class='ocr_carea' id='block_1_121' title="bbox 333 5112 731 5191">
    <p class='ocr_par' dir='ltr' id='par_1_121' title="bbox 333 5112 731 5191">
     <span class='ocr_line' id='line_1_121' title="bbox 333 5112 731 5191; baseline -0.003 -20"><span class='ocrx_word' id='word_1_829' title='bbox 333 5112 535 5191; x_wconf 73' lang='grc' dir='ltr'>Κύριος</span> <span class='ocrx_word' id='word_1_830' title='bbox 551 5114 602 5167; x_wconf 73' lang='grc' dir='ltr'>ἄν</span> <span class='ocrx_word' id='word_1_831' title='bbox 632 5112 731 5191; x_wconf 61' lang='grc' dir='ltr'>οἷς.</span> 
     </span>
    </p>
   </div>
   <div class='ocr_carea' id='block_1_122' title="bbox 405 5183 1768 5271">
    <p class='ocr_par' dir='ltr' id='par_1_122' title="bbox 405 5183 1768 5271">
     <span class='ocr_line' id='line_1_122' title="bbox 405 5183 1768 5271; baseline -0.005 -24"><span class='ocrx_word' id='word_1_832' title='bbox 405 5183 521 5271; x_wconf 69' lang='grc' dir='ltr'><strong>ς</strong></span> <span class='ocrx_word' id='word_1_833' title='bbox 649 5185 848 5271; x_wconf 37' lang='lat'><strong>9011.):</strong></span> <span class='ocrx_word' id='word_1_834' title='bbox 860 5198 973 5271; x_wconf 72' lang='lat' dir='ltr'><strong>pro</strong></span> <span class='ocrx_word' id='word_1_835' title='bbox 984 5187 1296 5271; x_wconf 40' lang='grc' dir='ltr'>’θαυμάσιον</span> <span class='ocrx_word' id='word_1_836' title='bbox 1305 5183 1541 5271; x_wconf 40' lang='lat' dir='ltr'><strong>&#39;legitur</strong></span> <span class='ocrx_word' id='word_1_837' title='bbox 1573 5186 1768 5271; x_wconf 66' lang='grc' dir='ltr'>θαῦμα.</span> 
     </span>
    </p>
   </div>
  </div>
