4110 6406
254 283 357 341 973

1412 276 1708 333 REGULE
1746 273 1990 331 FUSIUS
2026 273 2431 331 ΤΒΑΟΤΑΤΑΞ.

3526 275 3630 334 074

260 425 371 479 μεν,
422 405 640 467 ἑαυτοὺς
685 408 1095 479 κατακρίνωμεν,
1135 399 1609 474 ἐσχηματισμένως
1792 406 1864 469 τῷ

1992 397 2387 471 iosmetipsos
2446 397 2963 469 condemnemus,
3016 401 3123 472 qui
3175 400 3452 459 simulate
3508 400 3635 459 vita

264 494 367 569 βίῳ
411 499 749 569 κεχρημένοι,
793 494 884 547 καί
931 493 1108 546 ἄλλοτε
1154 490 1319 551 ἄλλως
1365 492 1865 563 μεταμορφούμενοι,

261 586 308 639 εἰ
345 589 416 658 μὴ
464 587 567 660 ἄρα
613 589 703 637 καὶ
750 586 844 646 τὰς
881 582 1107 642 ἐσθῆτας
1136 583 1281 654 ἡμῶν
1321 576 1701 653 διαμείψωμεν,
1745 580 1867 633 ὅταν

264 683 374 738 τοῖς
423 676 764 749 ὑπερηφάνοις
817 674 1300 748 περιτυγχάνωριεν.
1358 670 1417 723 Εἰ
1470 666 1530 723 δὲ
1576 676 1725 722 τοῦτο
1788 667 1869 723 αὶ-

270 768 460 838 σχρὸν,
504 763 675 835 πολλῷ
721 764 1064 836 αἰσχρότερον
1101 762 1216 832 (66)
1261 757 1355 813 διὰ
1399 762 1522 820 τοὺς
1570 766 1871 833 τρυφῶντας

269 859 366 914 τὴν
432 853 695 930 τράπεζαν
761 855 903 926 ἡμῶν
967 849 1473 924 μετασκευάζεσθαι.
1538 850 1871 921 Μονοτροπὸς

268 942 409 997 ἐστιν
459 943 484 995 6
532 950 625 997 τοῦ
673 948 992 1017 Χριστιανοῦ
1038 938 1174 1014 βίος,
1208 942 1295 992 ἕνα
1344 942 1541 993 σκοπὸν
1580 940 1737 1009 ἔχων,
1777 942 1870 996 τὴν

274 1029 434 1097 δόξαν
472 1041 565 1087 τοῦ
613 1038 762 1086 Θεοῦ.
801 1034 921 1085 Εἴτε
966 1033 1068 1105 γὰρ
1118 1029 1333 1097 ἐσθίετε,
1385 1033 1484 1084 εἴτε
1531 1033 1718 1096 πίνετε,
1771 1031 1871 1081 εἶτε

269 1142 322 1176 τι
368 1129 579 1186 ποιεῖτε,
617 1122 787 1172 πάντα
829 1119 899 1181 εἰς
946 1116 1104 1181 δόξαν
1150 1126 1283 1173 Θεοῦ
1321 1125 1533 1184 ποιεῖτε,
1568 1121 1725 1191 φησιν
1765 1117 1790 1168 6
1821 1114 1871 1170 ἓν

274 1220 481 1286 Χριστῷ
522 1209 685 1263 λαλῶν
732 1209 954 1271 Παῦλος.
1008 1209 1336 1281 Πολύτροπος
1386 1205 1446 1261 δε
1502 1213 1592 1260 καὶ
1637 1205 1873 1269 ποικίλος

271 1303 295 1352 6
338 1309 435 1353 τῶν
481 1298 660 1362 ἔξωθεν
711 1298 849 1372 βίος.
886 1298 1067 1352 ἄλλοτε
1110 1297 1269 1358 ἄλλως
1308 1301 1437 1373 πρὸς
1476 1302 1570 1356 τὴν
1602 1295 1872 1371 ἀρέσκειαν

267 1397 364 1440 τῶν
397 1386 814 1462 ἐντυγχανόντων
840 1387 1331 1462 μεταπλασσόμενος
1361 1390 1494 1460 (67).

340 1662 394 1714 3.
432 1655 596 1710 Ὠστε
641 1661 731 1709 καὶ
779 1660 867 1726 σὺ,
910 1655 1096 1715 πλήθει
1142 1653 1433 1733 βρωμάτων
1481 1661 1570 1709 καὶ
1600 1661 1875 1730 περιεργία

1977 493 2238 556 utamur,
2273 487 2459 544 modo
2507 487 2570 544 in
2615 488 2793 559 hanc,
2822 489 3009 545 modo
3054 490 3115 544 in
3157 489 3327 547 illam
3367 491 3634 549 formam

1975 579 2210 646 mutati,
2241 577 2354 635 nisi
2399 578 2552 636 forte
2600 578 2996 635 immutemus
3045 578 3225 636 etiam
3274 582 3636 640 vestimenta

1976 675 2186 725 nostra
2239 672 2410 736 tum,
2460 684 2601 725 cum
2647 667 2712 724 in
2766 667 2929 724 viros
2981 666 3176 725 claros
3233 674 3292 725 et
3341 670 3636 741 superbos

1979 758 2157 830 365
2198 758 2610 815 inoiderimus.
2656 756 2832 824 Quod
2879 757 2928 813 si
2974 757 3038 814 id
3082 763 3257 830 turpe
3298 763 3409 827 est,
3455 759 3638 831 longe

1977 848 2210 918 turpius
2253 850 2346 903 est
2386 861 2667 906 mensam
2712 851 2986 903 nostram
3029 845 3110 903 ob
3148 845 3440 903 delicatos
3468 862 3637 904 com-

1978 942 2233 994 mutare.
2256 936 2588 1010 .‘Equabilis
2617 942 2674 994 et
2702 941 2992 994 constans
3022 941 3112 993 est
3142 936 3460 995 Christiani
3488 938 3637 1009 vita,

1978 1032 2037 1085 et
2063 1027 2312 1084 unicum
2345 1043 2603 1099 scopum
2632 1026 2839 1096 habet,
2862 1027 2964 1084 Dei
2993 1026 3275 1097 gloriam.
3303 1028 3445 1085 Sive
3480 1030 3640 1086 enim

1979 1117 2381 1187 manducetis,
2423 1119 2547 1173 sive
2576 1116 2797 1181 bibitis,
2836 1118 2960 1174 sive
3004 1117 3153 1188 quid
3177 1118 3407 1187 facitis,
3437 1119 3642 1175 omnia

1980 1208 2044 1263 in
2091 1207 2355 1277 gloriam
2396 1207 2512 1263 Dei
2551 1206 2758 1276 facite,
2790 1206 2874 1263 ait
2918 1205 3138 1263 Paulus
3163 1207 3269 1279 qui
3312 1207 3375 1264 in
3404 1207 3641 1264 Christo

1979 1295 2406 1368 loquebatur‘.
2455 1299 2526 1351 At
2577 1311 2720 1351 vero
2772 1295 3162 1352 multiformis
3219 1301 3278 1354 et
3329 1297 3501 1354 varia
3554 1301 3645 1354 est

1979 1385 2301 1443 hominum
2331 1385 2788 1443 mundanorum
2828 1382 3073 1442 vivendi
3097 1387 3274 1457 ratio,
3303 1403 3442 1460 quas
3485 1387 3642 1444 scili-

1981 1482 2073 1534 cet
2112 1476 2249 1534 aliis
2273 1481 2455 1549 atque
2485 1475 2617 1533 aliis
2642 1475 2843 1532 modis
2873 1475 2954 1532 ad
2993 1476 3442 1535 conciliandam
3473 1493 3644 1535 acce-

1981 1567 2251 1623 dentium
2285 1566 2544 1638 gratiam
2568 1566 3054 1625 transformetur.

2056 1662 2107 1713 3.
2152 1659 2346 1722 Quare
2395 1660 2461 1715 tu
2508 1672 2754 1730 quoque
2798 1656 2850 1713 si
2902 1656 3080 1729 copia
3126 1656 3401 1714 ciborum
3462 1662 3645 1731 atque

266 1751 400 1821 πρὸς
429 1743 625 1804 ἡδονὴν
654 1747 1058 1819 μετασκευάζων
1100 1754 1193 1798 τοῦ
1226 1742 1448 1819 ἀδελφοῦ
1496 1765 1589 1800 σου
1618 1751 1710 1806 τὴν
1741 1748 1869 1821 τροί-

1992 1745 2217 1807 lautitia
2244 1745 2414 1807 fratri
2461 1746 2837 1819 voluptatem
2867 1745 3083 1805 afferre
3112 1745 3339 1815 volens,
3364 1763 3646 1807 mensam

268 1837 453 1905 πεζαν,
504 1843 808 1909 κατηγορεῖς
866 1835 1023 1888 αὐτοῦ
1075 1831 1401 1908 φιληδονίαν,
1453 1842 1543 1890 καὶ
1595 1841 1874 1909 καταχέεις

269 1926 429 1978 αὐτοῦ
486 1930 909 2001 γαστριμαργίας
961 1922 1135 1987 ὀνείδη
1197 1922 1266 1979 δι’
1323 1927 1390 1977 ὧν
1450 1928 1871 2001 παρασκευάζῃ,

270 2014 497 2088 ἐλέγχων
546 2015 705 2068 αὐτοῦ
750 2018 843 2069 τὴν
891 2019 1008 2088 περὶ
1051 2023 1217 2068 ταῦτα
1270 2012 1618 2073 ἡδυπάθειαν.
1650 2016 1715 2070 ἸΙ
1748 2018 1877 2090 οὐχὶ

268 2104 539 2172 πολλάκις,
585 2107 643 2157 τό
694 2101 833 2166 εἶδος
872 2108 957 2156 καὶ
1001 2106 1085 2156 τὸν
1143 2108 1330 2181 τρόπον
1393 2113 1486 2167 τῆς
1543 2116 1876 2181 παρασκευῆς

273 2196 642 2270 Θεωρήσαντες,
687 2192 1060 2267 ἐστοχάσμεθα
1106 2201 1197 2246 τοῦ
1240 2191 1698 2269 προσδοκωμένου,
1734 2198 1876 2262 ὅστις

270 2282 432 2351 ἐστὶν,
476 2283 505 2343 ἦ
558 2284 677 2357 ὅπερ
736 2281 913 2350 ἐστὶν;
961 2282 1072 2334 Οὔκ
1120 2282 1331 2358 ἐπῄνεσε
1383 2290 1476 2342 τὴν
1537 2287 1754 2360 Μάρθαν
1809 2287 1879 2350 εἰς

270 2372 464 2431 πολλὴν
506 2368 777 2425 διακονίαν
821 2376 1217 2446 περισπωμένην
1246 2374 1356 2447 (68)
1390 2375 1414 2426 6
1468 2378 1658 2450 Κύριος
1683 2398 1694 2408 ·
1731 2375 1879 2449 ἀλ)σὶ³

272 2468 561 2539 Μεριμνᾷς,
611 2467 702 2515 καὶ
753 2461 1011 2538 τυρϐἁζῃ,
1072 2469 1222 2535 φησί,
1276 2469 1392 2537 περὶ
1439 2464 1601 2517 πολλά
1632 2487 1644 2499 ·
1693 2465 1877 2539 ὀλίγων

275 2548 336 2606 δέ
387 2552 500 2607 ἔστι
555 2558 737 2626 χρεία,
784 2552 811 2610 ἦ
867 2551 1010 2613 ἑνός·
1068 2552 1249 2625 ὀλίγων
1309 2557 1416 2626 μὲν,
1480 2551 1723 2614 δηλονότι
1780 2565 1879 2609 τῶν

273 2645 401 2717 πρὸς
447 2646 824 2717 παρασκευὴν,
876 2642 985 2704 ἐνὸς
1039 2637 1097 2694 δὲ
1150 2650 1241 2694 τοῦ
1300 2652 1536 2714 σκοποῦ,
1595 2647 1729 2699 ὥστε
1786 2651 1879 2706 τὴν

276 2737 463 2808 χρείαν
522 2731 941 2807 ἔκπληρωθῆναι·
1008 2731 1172 2795 Αὖτὸς
1237 2729 1296 2786 δέ
1363 2735 1387 2786 ὁ
1458 2737 1642 2809 Κύριος
1699 2737 1881 2789 ὁποίαν

276 2825 538 2899 παρέθηκε
605 2828 715 2885 τοῖς
763 2821 1215 2895 πεντακισχιλίοις
1265 2829 1460 2898 τροφὴν
1518 2824 1611 2877 οὐκ
1660 2823 1879 2898 ἀγνοεῖς.

291 2920 338 2967 II
388 2910 446 2966 δε
493 2912 621 2985 εὑχή
678 2931 769 2965 του
821 2910 1008 2966 Ἰακὼϐ
1059 2915 1188 2986 πρὸς
1243 2916 1330 2965 τὸν
1384 2919 1511 2967 Θεὸν
1542 2937 1553 2949 ·
1613 2915 1727 2969 Ἐὰν
1778 2912 1884 2989 δῷς

286 3022 413 3077 μοι,
470 3007 660 3076 φησὶν,
713 3004 868 3080 ἄρτον
927 3009 1144 3076 φαγεῖν,
1200 3007 1290 3056 καὶ
1347 3006 1550 3078 ἱμάτιον
1608 3005 1883 3082 περιϐαλέ-

1984 1842 2151 1899 tuam
2181 1835 2493 1905 immutas,
2515 1835 2646 1907 ejus
2675 1851 2930 1893 accusas
2963 1851 3107 1905 erga
3132 1834 3502 1908 voluptatem
3526 1842 3650 1893 stu-

1983 1927 2175 1996 dium,
2199 1931 2380 1998 atque
2405 1942 2514 1999 per
2539 1942 2610 1983 ea
2639 1943 2778 2000 quin
2802 1926 3076 1996 instruis,
3103 1926 3297 1999 ipsius
3317 1926 3651 2000 exprobras

1985 2017 2214 2091 gulam,
2235 2033 2375 2075 cum
2399 2021 2608 2075 tamen
2638 2017 2915 2089 ejusdem
2936 2017 3096 2075 circa
3112 2017 3246 2075 haec
3273 2017 3649 2092 voluptatem

1982 2106 2338 2177 redarguas.
2370 2112 2587 2163 Annon
2629 2122 3070 2180 saepenumero,
3104 2122 3321 2177 genere
3372 2113 3431 2163 et
3465 2107 3653 2165 modo

1985 2201 2316 2272 apparatus
2339 2197 2752 2266 consideratis,
2776 2196 3255 2269 conjectavimus
3279 2196 3417 2271 quis
3449 2197 3656 2270 sitqui

1986 2291 2391 2359 exspectetur,
2426 2290 2529 2342 aut
2577 2285 2723 2359 quid
2764 2285 2883 2342 sit?
2915 2288 3315 2360 Nequaquam
3360 2285 3654 2343 Dominus

1985 2375 2258 2435 laudavit
2285 2375 2574 2435 Martham
2596 2375 2658 2430 in
2679 2373 2998 2447 multiplex
3020 2374 3421 2432 ministerium
3442 2374 3656 2433 distra-

1990 2471 2150 2523 ctam
2178 2482 2191 2520 :
2226 2464 2354 2533 sed,
2385 2464 2670 2522 Sollicita
2715 2480 2794 2533 es,
2826 2464 3050 2537 inquit,
3077 2470 3131 2522 et
3175 2464 3447 2521 turbaris
3492 2465 3657 2521 circa

1989 2557 2185 2615 multa
2206 2557 2266 2625 5;
2301 2554 2468 2628 atqui
2511 2554 2749 2627 paucis,
2783 2554 2879 2611 vel
2922 2571 3044 2612 uno
3074 2571 3231 2629 opus
3278 2558 3409 2611 est:
3439 2552 3656 2627 paucis

1992 2647 2262 2720 quidem,
2313 2651 2613 2719 quantum
2669 2644 2894 2701 scilicet
2947 2645 3029 2701 ad
3077 2649 3478 2719 apparatum;
3532 2658 3658 2701 uno

1992 2752 2157 2807 vero,
2191 2751 2411 2808 nempe
2440 2733 2560 2791 ﬁne
2584 2734 2743 2807 ipso,
2769 2738 2835 2790 ut
2868 2733 3145 2791 videlicet
3180 2733 3526 2791 necessitati
3552 2731 3660 2790 ﬁat

1995 2827 2158 2883 satis.
2192 2823 2378 2892 Quale
2409 2828 2614 2881 autem
2658 2824 3016 2881 alimentum
3049 2822 3340 2880 Dominus
3367 2822 3498 2897 ipse
3527 2821 3660 2879 mil-

1992 2915 2151 2972 libus
2190 2915 2462 2988 quinque
2504 2913 2878 2987 apposuerit,
2910 2912 3080 2971 haud
3125 2913 3395 2985 ignoras.
3440 2913 3658 2969 Votum

1994 3011 2199 3063 autem
2227 3002 2436 3061 Jacobi
2464 3002 2545 3060 ad
2576 3005 2767 3059 Deum
2804 3003 2921 3060 hoc
2965 3006 3092 3059 est:
3123 3004 3194 3059 Si
3222 3002 3458 3060 dederis
3489 3002 3657 3070 mihi,

289 3094 451 3148 σθαι.
501 3091 611 3163 οὐκ,
661 3091 777 3145 Ἐὰν
828 3096 1028 3168 τρυφὴν
1088 3089 1194 3165 δῷς
1247 3114 1334 3167 μοι
1389 3099 1478 3148 καὶ
1534 3095 1881 3152 πο).υτε7.ειαν.

1992 3093 2206 3168 inquit,
2232 3108 2455 3163 panem
2487 3093 2568 3149 ad
2594 3092 3042 3160 comedendum,
3066 3097 3120 3147 et
3143 3092 3558 3148 vestimentum
3580 3090 3663 3147 ad

282 3186 347 3236 Τί
392 3179 450 3234 δὲ
497 3184 522 3234 6
569 3187 867 3256 σοφώτατος
916 3181 1187 3256 Salonam;
1244 3182 1471 3238 Πλοῦτον
1531 3181 1588 3239 δὲ
1646 3191 1736 3239 καὶ
1788 3208 1882 3242 πε-

278 3276 428 3341 νίαν,
486 3276 652 3345 φησί,
716 3277 785 3345 μή
857 3292 946 3347 μοι
1015 3269 1153 3344 δῷς·
1227 3274 1475 3339 σύνταξον
1544 3272 1603 3329 δέ
1667 3297 1758 3351 μοι
1822 3282 1886 3330 τὰ

280 3359 506 3432 δέοντα,
557 3366 648 3414 καὶ
691 3363 806 3437 (69)
861 3362 1136 3440 αὐτάρκη,
1198 3365 1281 3417 ἶνα
1335 3370 1406 3440 μὴ
1458 3366 1712 3430 πλησθεὶς
1757 3368 1883 3440 φενα-

279 3449 382 3516 δὴς
438 3456 688 3525 γένωμαι,
743 3456 833 3505 καὶ
882 3455 1044 3507 εἴπω·
1097 3458 1189 3517 Τίς
1235 3474 1299 3528 με
1346 3457 1483 3532 ὀρᾴ;
1530 3457 1559 3516 ἡ
1616 3462 1884 3531 πενόμενος

277 3542 475 3615 κλέψω,
523 3546 614 3595 καὶ
672 3541 847 3616 ὀμόσω
893 3546 951 3596 τὸ
1001 3547 1163 3619 ὄνομα
1214 3563 1304 3597 του
1354 3553 1487 3599 Θεου
1538 3566 1677 3621 μου·
1734 3546 1887 3601 πλου-

280 3653 368 3686 τον
417 3635 507 3709 μεν
558 3628 686 3685 εἶναι
744 3637 838 3693 τὴν
885 3633 1191 3708 πλησμονὴν
1231 3634 1544 3712 ὁριζόμενος,
1601 3657 1776 3690 πενιαν
1828 3635 1886 3692 δὲ

277 3727 376 3782 τὴν
427 3721 649 3783 παντελῆ
702 3720 923 3798 ἀπορίαν
961 3733 1061 3777 τῶν
1117 3727 1248 3800 πρὸς
1295 3729 1353 3779 τὸ
1405 3727 1500 3800 ζῇν
1544 3725 1838 3800 ἀναγκαίων
1869 3751 1880 3762 ·

279 3810 377 3867 διὰ
430 3809 489 3866 δ⁴ε
545 3820 642 3876 τῆς
690 3813 1000 3888 αὐταρκείας
1043 3816 1159 3889 (70)
1216 3819 1274 3869 τὸ
1335 3814 1560 3882 ἆνενὸεὲς
1619 3819 1747 3893 ὁμου
1799 3826 1887 3881 καὶ

280 3900 557 3980 ἀπέριττον
588 3910 688 3956 τῶν
731 3907 862 3980 πρὸς
899 3907 993 3963 τὴν
1022 3909 1211 3981 χρείαν
1244 3901 1436 3966 δηλῶν.
1484 3908 1779 3985 Αὐτάρκεια
1829 3907 1888 3967 6“:

273 3991 410 4052 ἄλλη
470 3992 605 4066 ἄλλῳ
653 3994 788 4047 κατοί
832 4014 886 4048 τε
938 3998 1032 4054 τὴν
1084 4015 1175 4049 του
1227 4002 1467 4071 σώματος
1509 3998 1611 4063 ἕξιν
1665 4005 1753 4053 καὶ
1799 4006 1887 4062 τὴν

273 4086 415 4156 πρὸς
465 4086 524 4136 τὸ
576 4088 908 4160 προκείμενον
952 4088 1158 4161 χρείαν.
1213 4092 1296 4158 Τῷ
1353 4090 1443 4161 μὲν
1500 4092 1599 4164 γὰρ
1663 4090 1889 4154 πλείονος

273 4181 477 4248 τροφῆς
519 4176 608 4226 καὶ
653 4173 995 4250 ἰσχυροτέρας
1032 4178 1192 4250 χρεία
1232 4172 1324 4230 διὰ
1366 4181 1452 4230 τὸν
1500 4184 1678 4249 κόπον,
1724 4189 1797 4253 τῷ
1830 4179 1889 4237 δὲ

272 4263 595 4337 λεπτοτέρας
631 4268 720 4316 καὶ
757 4267 1093 4338 κουφοτέρας,
1126 4270 1216 4319 καὶ
1253 4266 1579 4327 καταλλήλου
1619 4271 1684 4323 τὰ
1722 4273 1889 4329 πάντα

274 4349 380 4406 διὰ
422 4357 516 4412 τὴν
561 4351 827 4407 ἀσθένειαν
853 4375 865 4386 ·
912 4361 1058 4427 κοινῂ⁹
1104 4349 1162 4408 δὲ
1204 4361 1364 4409 πᾶσιν
1395 4357 1750 4436 εὐτελεστέρας
1797 4366 1887 4415 καὶ

1997 3183 2368 3241 induendum
2389 3184 2410 3220 ⁸
2440 3199 2452 3238 :
2485 3197 2611 3239 non
2660 3180 2829 3251 dixit,
2861 3181 2918 3237 Si
2964 3179 3198 3236 dederis
3227 3179 3377 3237 mihi
3407 3177 3659 3235 delicias

1996 3279 2053 3331 et
2095 3278 2524 3346 sumptuosum
2555 3276 2943 3344 apparatum.
2975 3270 3128 3337 Quid
3168 3285 3311 3326 vero
3340 3268 3662 3343 sapientis-

1996 3365 2186 3421 simus
2220 3361 2554 3421 Salomon?
2583 3362 2843 3418 Divitias
2873 3366 2930 3418 et
2963 3364 3414 3432 paupertatem,
3438 3358 3659 3432 inquit,

1994 3471 2070 3512 ne
2098 3452 2334 3511 dederis
2357 3451 2548 3509 mihi:
2576 3451 2679 3508 sed
2709 3452 3006 3507 constitue
3041 3450 3197 3507 mihi
3216 3451 3575 3515 necessaria,
3604 3453 3661 3504 et

1994 3544 2386 3615 sufﬁcientia,
2410 3548 2474 3599 ut
2501 3557 2575 3598 ne
2594 3541 2851 3598 satiatus
2876 3540 3143 3596 mendas:
3160 3539 3327 3609 ﬁam,
3342 3543 3398 3595 et
3422 3538 3623 3594 dicam
3638 3554 3660 3593 .-

1998 3635 2140 3704 Quis
2167 3647 2258 3691 me
2287 3632 2491 3691 videt?
2516 3636 2623 3688 aut
2649 3645 2885 3701 pauper
2910 3630 3109 3699 furer,
3137 3634 3191 3684 et
3210 3629 3419 3699 jurem
3445 3640 3660 3683 nomen

1994 3725 2106 3782 Dei
2141 3724 2292 3782 mei1
2329 3738 2342 3778 :
2374 3721 2458 3788 ita
2497 3720 2827 3787 aestimans,
2859 3717 3095 3775 divitias
3124 3715 3373 3791 quidem
3417 3715 3660 3773 satieta-

1996 3819 2116 3871 tem
2146 3828 2302 3881 esse,
2345 3815 2768 3886 paupertatem
2806 3824 2952 3865 vero
2999 3805 3322 3881 penuriam
3360 3805 3661 3876 integram

1994 3921 2130 3961 esse
2158 3918 2363 3960 rerum
2395 3899 2676 3958 advitam
2702 3900 3207 3971 necessariarum;
3229 3911 3336 3970 per
3354 3910 3429 3952 ea
3455 3899 3660 3952 autem

1995 4012 2133 4070 quae
2165 3992 2496 4061 sufﬁciunt,
2519 3994 2743 4048 statum
2771 3988 3108 4062 quemdam
3128 4003 3242 4044 nec
3261 3986 3658 4057 indigentem,

1995 4103 2108 4144 nec
2133 4100 2336 4142 rerum
2369 4082 2449 4140 ad
2480 4097 2660 4138 usum
2684 4080 3114 4153 requisitarum
3142 4077 3319 4152 copia
3342 4075 3663 4134 abundan-

1996 4182 2122 4239 tem
2150 4173 2457 4231 indicavit.
2482 4174 2663 4229 Porro
2693 4169 2860 4229 aliud
2888 4168 2990 4228 alii
3012 4168 3240 4226 sufﬁcit
3261 4182 3371 4240 pro
3391 4165 3664 4238 corporis

1996 4264 2378 4335 habitudine,
2404 4268 2464 4320 et
2492 4279 2602 4336 pro
2627 4262 2987 4319 necessitate
3013 4260 3294 4317 instante.
3325 4256 3470 4315 Huic
3498 4257 3663 4314 enim

1998 4377 2156 4434 opus
2202 4361 2294 4414 est
2339 4355 2628 4414 alimento
2672 4352 2953 4411 uberiore
2992 4368 3063 4409 ac
3092 4351 3379 4409 validiore
3415 4353 3665 4421 propter

276 4442 736 4518 εὐπορεστοτέρας.
801 4442 883 4497 Ἐν
939 4448 1094 4498 παντὶ
1146 4449 1324 4518 μέντοι
1378 4451 1436 4499 τὸ
1503 4447 1733 4522 ἐπιμελὲς
1800 4472 1881 4507 και

1996 4449 2310 4508 laborem:
2342 4446 2427 4504 illi
2460 4460 2623 4509 vero,
2657 4444 2928 4502 tenuiore
2955 4442 3322 4514 levioraque,
3352 4444 3412 4496 et
3437 4439 3501 4496 in
3529 4454 3662 4497 om-

274 4536 346 4589 τό
399 4533 713 4610 εὐτράπεζον
759 4533 871 4608 (71)
923 4533 1225 4608 ἀναγκαῖον,
1274 4533 1532 4612 μηδαμοῦ
1578 4539 1701 4602 τούς
1738 4542 1881 4618 ὄρους

2000 4540 2181 4600 nibus
2201 4540 2595 4611 congruente,
2616 4537 2862 4608 propter
2881 4531 3295 4593 inﬁrmitatem
3321 4547 3335 4586 :
3359 4528 3465 4586 sed
3486 4544 3669 4600 gene-

292 4710 301 4713 -
358 4679 383 4717 ⁴
420 4679 552 4735 Oor.
592 4694 652 4747 ι,
693 4683 782 4737 3t.
859 4679 881 4717 ⁸
923 4681 1062 4737 Luc.
1102 4695 1161 4750 x,
1202 4683 1294 4754 Η,
1337 4684 1425 4739 42.

359 4825 474 4895 (65)
500 4822 707 4904 ‘Editio
736 4821 910 4904 Basil.
944 4838 1118 4897 mque
1148 4839 1238 4904 _ac
1258 4823 1454 4904 faris.
1477 4794 1745 4904 κρίνομεν,
1775 4848 1894 4904 κρι-

274 4894 515 4977 νόμενοιέ
540 4894 1233 4977 εχηειατισμένωςξτῃοίοη
1247 4896 1448 4977 _Editio
1477 4894 1621 4977 γεω.
1636 4894 1893 4974 ’κρίνομεν

278 4968 516 5041 ἐσχημη
540 4968 706 5041 Regii
753 4968 989 5041 primus
1016 4971 1086 5041 et
1127 4968 1337 5041 tertius
1377 4974 1441 5026 ut
1488 4971 1550 5025 in
1589 4968 1895 5029 contextu.

276 5038 565 5119 subinde.
583 5038 772 5119 codex
797 5038 1262 5119 ,ἄλλως-τῷ
1425 5059 1679 5119 μεταμορ.

362 5113 477 5185 (66)
518 5111 914 5185 νοῑοτθελᾱυο
940 5110 1076 5185 libri
1103 5110 1273 5184 πολλῷ
1293 5110 1539 5185 αἴσχιον.

365 5121 451 5183 (66
526 5121 760 5167 Veteres
790 5121 914 5167 duo
940 5121 1076 5167 llbrl
1103 5121 1273 5184 πολλῷ
1300 5121 1539 5185 αἴσχιον.

365 5121 480 5260 (67)
518 5185 658 5260 Beg.
691 5182 925 5260 primus
950 5181 1371 5260 ἐντυγχανόντων
1398 5186 1899 5260 μεταλλασσόμενος.

363 5257 476 5327 (68)
519 5257 661 5326 Reg.
692 5254 924 5326 primus
954 5259 1011 5310 et
1041 5254 1208 5327 Voss.
1238 5260 1299 5313 et
1329 5254 1496 5314 Colb.
1526 5258 1596 5320 εἰς
1622 5254 1786 5313 πολλὰ
1814 5280 1899 5313 πε-

279 5325 645 5407 ρωπωμίνηῡ.
680 5331 926 5407 Auctor,
955 5325 1305 5452 ignicunque
1342 5329 1438 5386 ille
1475 5329 1607 5397 fuit,
1638 5332 1744 5403 qui
1773 5333 1901 5387 haec

283 5400 556 5452 scrinstt.
582 5401 667 5452 ita
709 5398 771 5452 in
804 5414 931 5452 surs
1014 5397 1168 5452 ibitis
1227 5400 1422 5452 eaisse
1451 5402 1686 5452 videtur
1715 5403 1901 5452 ὀλίγων

283 5397 556 5471 "scripsit,
582 5401 667 5455 ita
709 5398 771 5453 in
804 5398 931 5453 suis
962 5397 1168 5455 Bibliis
1204 5397 1422 5473 legisse
1451 5397 1686 5458 videtur
1715 5403 1902 5474 ὀλίγων

284 5469 354 5525 δέ
375 5470 492 5523 ἐστι
511 5475 688 5544 χρεία,
714 5472 743 5530 ἡ
770 5469 912 5532 ένόςῐ
937 5470 1106 5544 quod
1126 5472 1460 5542 permirum
1481 5473 1673 5529 videri
1700 5475 1899 5541 debet,

676 5512 688 5538 ,
717 5506 743 5530 σι
770 5506 878 5532 απυδ
899 5506 912 5527 δ
937 5506 1106 5541 ιιυυιι
1126 5506 1342 5541 νειμ-ευ.
1358 5506 1460 5529 um
1491 5506 1673 5529 νιυῠιι
1700 5506 1899 5541 υῠυει,

282 5560 437 5616 cum
484 5542 794 5616 nusquam
823 5544 954 5613 ejus
985 5542 1318 5616 scripturae,
1347 5544 1519 5616 quod
1553 5546 1767 5613 sciam,
1798 5561 1903 5601 ve-

286 5614 546 5686 stigium
571 5612 763 5679 ullum
793 5612 1006 5672 exstet.
1049 5612 1275 5673 Eadem
1301 5612 1586 5687 leguntur
1608 5612 1759 5691 pag.
1777 5623 1898 5675 263.

1505 4684 1528 4719 ⁶
1567 4684 1712 4741 Gen.
1750 4701 1947 4755 xxvm,
1987 4689 2078 4745 20.
2151 4684 2177 4721 ⁶²
2215 4684 2397 4741 Prov.
2432 4696 2571 4749 xxx,
2614 4682 2670 4750 8,
2711 4684 2764 4737 9.

2002 4832 2150 4887 nota
2181 4827 2236 4886 ὁ.
2257 4823 2399 4897 (col.
2423 4830 2453 4883 7
2463 4827 2553 4892 ὅθ,
2582 4826 2729 4879 nota
2748 4820 2841 4891 84)
2870 4822 3002 4877 Mox
3031 4818 3224 4876 codex
3246 4820 3414 4874 Voss.
3441 4820 3500 4875 et
3518 4818 3664 4887 Reg.

2002 4900 2405 4974 PrimuS__1r96;_
2424 4901 2600 4949 πᾶσαν
2622 4897 2994 4974 ,παρασκέἶθήνι
3070 4962 3084 4974 .
3174 4961 3191 4974 .
3432 4959 3442 4970 .

2052 4974 2186 5054 ’(69)
2225 4959 2516 5026 Vo'culam
2540 4969 2631 5019 καί
2646 4959 2733 5021 «ex
2763 4963 3029 5037 antiquis
3050 4961 3290 5019 duobus
3309 4959 3477 5017 libris
3498 4959 3669 5017 addi-

2005 5043 2405 5185 durigfdllud‘,
2440 5107 2534 5164 διὰ
2565 5106 2624 5162 δὲ
2653 5118 2779 5179 τῆς,
2803 5112 2938 5177 etc.,
2964 5106 3049 5163 sic
3091 5104 3390 5175 intelligas
3437 5104 3618 5161 velim
3648 5121 3662 5159 :

2010 5119 2294 5244 Sagomon
2322 5184 2416 5239 his
2445 5182 2646 5238 verbis
2687 5196 2885 5244 neque
2918 5178 3188 5244 inopiam
3217 5176 3517 5244 signiﬁcat
3557 5190 3662 5231 ne-

2010 5189 2294 5245 Salomon
2322 5189 2416 5239 his
2445 5189 2646 5238 verbis
2687 5196 2885 5252 neque
2918 5189 3188 5252 inopiam
3217 5189 3517 5248 Signiﬁcat
3557 5190 3667 5231 ne-
3712 5222 3715 5223 ν

2008 5275 2129 5332 que
2173 5272 2378 5332 rerum
2428 5252 2932 5332 necessariarum
2963 5251 3238 5332 copiam;
3275 5249 3392 5331 sed
3447 5253 3670 5332 statum

2008 5320 2364 5412 quemdam,
2394 5326 2682 5412 linter
2710 5320 3123 5412 egestatem—et
3149 5320 3390 5412 copiam
3432 5320 3672 5412 medius

2011 5391 2104 5465 sit,
2124 5391 2675 5491 ostenditflbidem
2696 5391 2820 5452 duo
2850 5412 2999 5451 mss.
3026 5395 3161 5445 κατά
3184 5391 3247 5445 τέ
3264 5396 3359 5451 τὴν
3384 5399 3496 5446 τοῦ.
3521 5391 3673 5447 Editi

2011 5490 2387 5618 καῖζίῖηέδίῐὶ
2415 5546 2505 5596 καὶ
2533 5540 2870 5616 εὐτράπεζον.
2892 5543 2964 5596 At
2986 5553 3131 5594 mss.
3164 5536 3286 5593 duo
3317 5539 3407 5589 καὶ
3435 5537 3493 5589 τὸ
3526 5533 3667 5612 εὐτρ.
