4110 6384
449 280 550 333 975

1827 264 1885 319 S.
1927 260 2180 317 BASlLll
2220 260 2439 317 MAGNI

3720 258 3831 312 976

445 401 623 458 ratim
673 413 830 470 opus
880 397 970 451 est
1013 390 1300 449 omnibus
1345 389 1557 445 viliore
1601 391 1657 444 et
1697 390 1915 460 paratu
1961 384 2105 442 faci-

2228 385 2357 457 ὲμῶν
2401 392 2496 445 τῆς
2541 387 2731 459 χρείας
2780 382 3189 459 ὑπερϐαινόντων
3217 403 3230 416 ·
3293 381 3423 434 ἀλλά
3483 387 3635 434 τοῦτο
3695 383 3829 433 ἔστω

442 493 611 549 liore.
655 493 930 545 Attamen
974 499 1122 540 cura
1150 479 1512 554 etquaedam
1561 494 1793 534 mensae
1831 476 2105 533 decentia

446 578 794 638 necessaria
814 576 987 632 estin
1017 572 1326 640 omnibus,
1354 570 1462 626 sed
1488 570 1573 627 ita
1596 574 1820 639 tamen,
1845 571 1912 623 ut
1935 570 2107 622 extra

445 668 832 744 praescriptos
862 663 1039 721 nobis
1068 659 1443 718 necessitatis
1479 659 1766 716 terminos
1788 670 2106 728 nunquam

448 758 868 831 egrediamur;
901 755 1023 811 imo
1049 768 1194 809 vero
1222 749 1649 822 hospitalitatis
1672 749 1722 804 is
1746 746 1886 802 ﬁnis
1916 746 2016 811 sit,
2043 746 2109 801 ut

450 853 755 922 spectetur
782 845 952 918 quod
989 841 1318 899 necessitas
1347 839 1644 911 cujusque
1687 834 2107 893 accedentium

448 936 733 1011 postulat.
774 935 867 990 Ait
901 932 1100 989 enim:
1141 931 1339 987 Veluti
1374 934 1606 984 utentes
1636 926 1858 982 mundo
1891 924 2024 993 hoc,
2051 927 2108 979 et

449 1043 573 1083 non
597 1026 911 1083 abutentes
932 1023 977 1077 ⁸.
1008 1020 1249 1076 Abusus
1281 1021 1483 1074 autem
1520 1018 1799 1088 sumptus
1833 1018 1923 1070 est
1950 1012 2110 1069 ultra

449 1114 899 1172 necessitatem.
945 1112 1074 1166 Non
1106 1112 1248 1162 sunt
1276 1104 1454 1162 nobis
1483 1104 1797 1177 pecuniae?
1827 1106 1943 1159 Nec
1969 1101 2108 1157 sint.

451 1209 581 1263 Non
607 1207 743 1259 sunt
767 1202 984 1257 referta
1013 1202 1225 1255 nostra
1254 1197 1471 1253 horrea
1490 1195 1518 1251 ‘I
1549 1194 1703 1260 Quid
1735 1194 1910 1250 tum?
1948 1191 2109 1247 Vivi-

451 1312 592 1352 mus
623 1293 783 1350 enim
818 1292 877 1347 in
916 1290 1098 1356 diem,
1128 1293 1185 1345 et
1220 1286 1282 1342 in
1308 1286 1519 1342 labore
1548 1284 1783 1357 positus
1813 1282 1992 1339 nobis
2021 1284 2113 1338 est

451 1384 665 1440 victus.
694 1381 812 1436 Cur
832 1379 1013 1449 igitur
1036 1392 1242 1433 escam
1267 1392 1304 1431 a
1333 1378 1453 1431 Deo
1474 1373 1877 1431 esurientibus
1901 1371 2111 1428 datam

2208 482 2298 534 τῆς
2336 471 2623 536 δεξιώσεως
2669 477 2851 547 πέρας,
2896 476 2953 525 τό
3006 474 3151 547 παρὰ
3202 480 3295 533 τῆς
3351 471 3575 524 ἑκάστου
3626 474 3824 544 χρείας

2208 572 2308 615 τῶν
2357 559 2751 636 ἐπιδημούντων
2794 561 3219 635 ἐπιζητούμενον.
3254 561 3339 623 Ὠς
3384 566 3652 635 χρώμενοι
3689 561 3827 634 γὰρ,

2212 658 2362 726 φησὶ,
2420 662 2492 724 τῷ
2540 657 2723 726 κόσμῳ
2749 654 2935 725 τούτῳ,
2966 658 3055 706 καὶ
3111 656 3183 725 μὴ
3239 656 3648 726 παραχρώμενοι
3689 650 3832 719 (72).

2213 744 2568 818 Παράχρησις
2626 739 2688 795 δέ
2739 740 2878 795 ἔστιν
2934 745 2963 801 ἡ
3016 744 3145 816 ύπὶρ
3197 745 3292 800 τὴν
3339 746 3528 817 χρείαν
3583 736 3827 798 δαπάνη.

2215 832 2326 885 Ούκ
2374 834 2563 905 ἔχομεν
2611 836 2906 906 χρήματα;
2957 828 3098 905 μηδὲ
3149 834 3380 904 ἔχοιμεν.
3435 830 3511 882 Ού
3569 833 3828 902 γέμουσιν

2215 923 2361 994 ἡμῶν
2409 923 2464 973 αἱ
2513 920 2815 989 ensem;
2849 921 3132 995 Ἐφὴμερος
3168 923 3268 995 γὰρ
3302 922 3419 982 ('73l
3456 921 3583 992 ἡμῖν
3632 921 3662 976 ἡ
3711 937 3830 993 τρο-

2216 1014 2282 1083 φή
2310 1030 2324 1043 ·
2372 1006 2467 1062 διὰ
2515 1018 2710 1087 χειρῶν
2759 1009 2786 1062 ὁ
2834 1009 2968 1083 βίος.
3001 1016 3064 1064 Ti.
3102 1006 3190 1062 οὖν
3228 1013 3322 1068 τὴν
3358 1004 3646 1081 δεδομένην
3675 1010 3826 1081 παρά

2216 1106 2350 1152 Θεοῦ
2410 1104 2604 1174 τροφὴν
2668 1107 2773 1161 τοῖς
2828 1108 3072 1152 πεινῶσιν
3126 1099 3199 1162 εἰς
3263 1095 3459 1161 ἡδονὰς
3517 1103 3828 1171 τρυφώντων

2214 1188 2715 1263 παραναλίοκομεν;
2795 1188 3154 1263 ἀμφοτέρωθεν
3230 1188 3655 1262 ἁμαρτάνοντες,
3733 1188 3829 1239 καὶ

2215 1280 2417 1339 τούτοις
2486 1277 2815 1340 ἐπιτείνοντες
2881 1281 2977 1341 τὰς
3040 1277 3097 1331 ἐκ
3160 1286 3252 1338 τῆς
3318 1273 3519 1338 ἐνδείας
3588 1276 3827 1348 θλίψεις,

2216 1368 2470 1429 κάκείνοις
2508 1370 2603 1430 τὰς
2642 1366 2844 1441 βλάϐας
2882 1370 2975 1429 τὰς
3013 1365 3067 1419 ἐκ
3107 1375 3198 1420 τοῦ
3239 1372 3419 1443 κόρου.

2795 1187 3154 1263 ἀμφοτέρωθεν
3230 1188 3612 1262 ἁμαρτάνοντες
3641 1230 3655 1255 ,

450 1472 531 1528 ad
559 1470 959 1527 delicatorum
986 1466 1362 1538 voluptatem
1416 1463 1808 1521 insuminus?
1836 1462 1899 1518 in
1943 1476 2067 1533 quo
2104 1474 2434 1533 peccamus
2464 1458 2766 1533 utrinque,
2788 1475 2931 1516 cum
2961 1463 3019 1515 et
3046 1457 3163 1515 illis
3183 1457 3465 1529 egestatis
3494 1456 3834 1529 angustias,

453 1565 511 1617 et
538 1559 632 1616 bis
663 1557 957 1615 satietatis
982 1554 1379 1613 incommoda
1406 1568 1768 1624 augeamus.

812 1665 990 1737 366
1043 1662 1573 1720 INTERROGATIO
1622 1663 1754 1717 XXI.

455 1765 758 1835 Quomodo
784 1770 1057 1833 oporteat
1082 1778 1143 1820 se
1165 1776 1376 1833 gerere
1401 1761 1563 1817 inter
1581 1759 1907 1835 sedendum
1929 1764 1987 1815 et
2015 1773 2115 1815 ac-

562 1837 961 1895 cumbendum
987 1837 1052 1893 in
1088 1842 1351 1904 tempore
1389 1833 1643 1903 prandii
1664 1837 1771 1890 aut
1796 1845 2005 1889 coenae.

1087 1941 1474 1998 RESPONSIO
1489 1985 1501 1997 .

533 2039 1043 2114 Quandoquidem
1067 2038 1303 2097 Domini
1327 2055 1440 2095 nos
1462 2037 1689 2112 ubique
1721 2038 1801 2095 ad
1820 2035 2119 2094 humilita-

460 2138 584 2190 tem
609 2129 1062 2189 assuefacientis
1082 2133 1454 2203 praeceptum
1475 2132 1582 2197 est,
1601 2133 1666 2185 ut
1687 2133 1745 2184 et
1761 2128 1824 2183 in
1843 2125 2118 2201 prandiis

461 2221 892 2280 accumbentes
920 2224 1298 2292 postremum
1323 2217 1527 2274 locum
1554 2220 1989 2291 occupemus”,
2014 2232 2118 2272 ne-

461 2328 628 2368 cesse
654 2314 743 2367 est
767 2310 841 2379 ei,
873 2308 979 2382 qui
1008 2307 1215 2365 omnia
1239 2308 1414 2380 juxta
1439 2308 1800 2364 mandatum
1829 2317 2120 2379 peragere

462 2401 682 2467 studet,
745 2415 820 2455 ne
877 2399 993 2455 hoc
1047 2398 1297 2472 quidem
1354 2402 1725 2470 praeceptum
1790 2396 2116 2467 negligere.

462 2489 874 2557 Quamobrem
904 2487 954 2542 si
978 2487 1277 2543 mundani
1306 2485 1492 2559 aliqui
1530 2486 1854 2542 nobiscum
1884 2501 2121 2542 accum-

462 2579 635 2649 bant,
665 2577 796 2633 ﬁeri
828 2593 939 2631 nos
977 2576 1065 2631 eis
1106 2575 1169 2631 in
1199 2576 1315 2632 hac
1345 2577 1527 2631 etiam
1558 2582 1731 2648 parte
1773 2575 2120 2647 exemplum

459 2682 576 2741 par
604 2671 715 2733 est,
750 2670 815 2722 ut
840 2680 964 2721 non
991 2664 1375 2725 extollantur.
1401 2680 1597 2738 neque
1616 2664 1882 2737 primam
1914 2663 2121 2719 sedem

460 2754 838 2829 perquirant.
871 2757 1020 2812 Cum
1067 2758 1270 2809 autem
1310 2769 1522 2809 omnes
1576 2753 1711 2826 pari
1761 2752 2013 2810 consilio
2059 2752 2123 2808 in

463 2861 657 2901 unum
706 2848 943 2911 coeant,
977 2849 1041 2899 ut
1079 2842 1352 2899 videlicet
1381 2843 1600 2916 quavis
1641 2842 1965 2899 occasione
2014 2842 2125 2899 ali-

465 2934 634 3008 quod
674 2950 798 2989 suae
829 2932 1187 2989 humilitatis
1223 2933 1534 3005 specimen
1572 2933 1739 3004 dent,
1760 2933 1964 2989 locum
1993 2932 2125 3006 qui-

2788 1654 3105 1711 ΕΡΩΤΗΣῘΣ
3145 1655 3267 1712 KA'.

2229 1763 2349 1818 Πῶς
2387 1751 2471 1810 δεῖ
2496 1760 2614 1831 περὶ
2645 1756 2739 1818 τὰς
2760 1753 3030 1833 καθέδρας
3068 1761 3158 1833 καὶ
3188 1758 3284 1817 τάς
3311 1753 3643 1833 κατακλίσεις
3674 1752 3723 1807 ἐν
3758 1760 3832 1827 τῷ

2421 1825 2588 1904 καιρῷ
2618 1836 2720 1881 τῶν
2751 1825 2982 1903 ἀρίστων
3010 1830 3041 1889 ἣ
3078 1825 3300 1882 δείπνων
3328 1830 3468 1900 ἔχειν
3497 1827 3637 1899 (74).

2839 1942 3214 1992 ΑΠΟΚΡΙΣΙΣ.

2303 2032 2517 2095 Ἐπειδὴ
2575 2037 2892 2110 πρόσταγμά
2946 2038 3061 2089 ἐστι
3119 2041 3310 2112 Κυρίου
3372 2044 3652 2110 πανταχοῦ
3708 2041 3836 2114 πρὸς

2227 2131 2322 2185 τὴν
2364 2130 2673 2179 ταπείνωσιν
2728 2126 2991 2190 ἐθίζοντος
3032 2128 3172 2200 ἡμᾶς
3218 2131 3277 2180 τὸ
3315 2132 3407 2181 καὶ
3444 2127 3497 2180 ἐν
3552 2134 3665 2191 τοῖς
3715 2125 3838 2202 ἀρί-

2231 2234 2376 2279 στοις
2428 2214 2889 2289 κατακλινομένους
2930 2218 3018 2268 τὸν
3073 2218 3305 2289 ἔσχατον
3355 2220 3513 2270 τόπον
3566 2236 3838 2292 προκατα-

2229 2304 2545 2379 λαμϐάνειν,
2607 2304 2807 2378 ἀνάγκη
2866 2308 2954 2358 τὸν
3011 2307 3179 2359 πάντα
3238 2306 3354 2359 κατ’
3416 2305 3623 2366 ἐντολὴν
3671 2315 3837 2360 ποιεῖν

2230 2393 2602 2449 ἐσπουδακότα
2629 2392 2770 2469 μηδέ
2808 2404 2963 2449 τοῦτο
3005 2402 3238 2472 παρορᾷν
3268 2400 3328 2449 τό
3366 2401 3707 2474 πρόσταγμα.
3741 2396 3835 2451 ⁴Αν

2230 2488 2320 2559 μὲν
2368 2482 2456 2538 οὖν
2504 2489 2755 2559 κοσμικοί
2800 2505 2932 2548 τινες
2981 2488 3106 2558 ἡμῖν
3156 2486 3672 2559 συγκατακλίνωνται
3698 2489 3835 2559 (73),

2231 2572 2533 2648 ὑπόδειγμα
2585 2574 2765 2637 αὐτοῖς
2810 2578 2941 2649 πρὸς
2995 2578 3055 2628 τὸ
3106 2579 3178 2649 μὴ
3238 2577 3634 2652 ὑπεραίρεσοαι,
3695 2573 3838 2648 μηδὲ

2232 2666 2291 2717 τό
2342 2663 2661 2737 φιλόπρωτον
2706 2662 2988 2731 ἐπιζητεῖν,
3035 2670 3125 2716 καὶ
3173 2662 3226 2716 ἐκ
3283 2668 3467 2718 τούτου
3521 2673 3610 2717 τοῦ
3647 2668 3835 2738 μέρους

2231 2754 2473 2825 γίνεσθαι
2513 2754 2655 2826 ἡμᾶς
2701 2757 2979 2827 προσήκει.
3011 2752 3180 2806 Ὀπου
3226 2750 3285 2807 δι
3325 2757 3507 2815 πάντες
3556 2754 3693 2805 κατὰ
3744 2755 3830 2805 τόν

2233 2845 2349 2896 ἶσον
2404 2845 2599 2896 σκοπόν
2645 2845 3011 2919 συνέρχονται,
3055 2846 3190 2896 ὥστε
3242 2842 3290 2895 ἓν
3342 2849 3495 2896 παντὶ
3535 2852 3703 2919 καιρῷ
3739 2848 3835 2900 τὴν

2237 2926 2464 3004 δοκιμήν
2507 2940 2602 2993 τῆς
2641 2934 3116 3005 ταπεινοφροσύνης
3148 2931 3342 2985 ἑαυτῶν
3374 2928 3586 2985 διδόναι
3616 2932 3753 3003 (76),
3780 2934 3838 2982 τό

464 3025 607 3080 dem
646 3023 926 3080 ultimum
967 3040 1040 3079 ex
1075 3022 1307 3079 Domini
1342 3023 1635 3079 mandato
1666 3039 1967 3096 occupare
1993 3023 2116 3080 uni-

2236 3025 2326 3096 μὶν
2373 3021 2888 3095 προκαταλαμϐάνειν
2936 3026 3024 3075 τόν
3069 3025 3297 3096 ἔσχατον
3354 3027 3510 3077 τόπον
3563 3025 3701 3076 κατά
3747 3026 3841 3081 τὴν

466 3114 684 3186 cuique
707 3113 989 3168 convenit
1012 3128 1025 3167 :
1052 3112 1157 3168 sed
1180 3117 1385 3168 tamen
1428 3112 1477 3169 si
1515 3111 1593 3169 ad
1629 3129 1771 3169 eum
1794 3113 2123 3170 tenendum

464 3201 874 3258 contentiosus
900 3200 1064 3256 fieret
1083 3199 1402 3273 impulsus,
1418 3201 1719 3272 ejusmodi
1736 3202 1957 3274 agendi
1973 3202 2126 3259 ratio

464 3291 876 3364 improbanda
896 3295 1069 3353 esset,
1091 3295 1384 3363 tanquam
1414 3308 1551 3365 quae
1573 3297 1801 3348 avertat
1825 3292 2125 3363 ordinem,

466 3380 921 3454 tumultumque
944 3380 1177 3437 aﬁ'erat.
1205 3383 1492 3437 Praeterea
1519 3382 1568 3437 si
1590 3382 1740 3438 alter
1759 3382 1927 3439 alteri
1956 3383 2128 3440 cede-

468 3486 533 3527 re
554 3471 860 3538 nolumus,
884 3475 1065 3544 atque
1090 3470 1164 3526 de
1191 3471 1305 3528 hoc
1327 3487 1702 3544 pugnamus,
1726 3473 1808 3529 ita
1828 3473 1898 3529 iis
1922 3472 2028 3547 qui
2049 3472 2126 3530 de

465 3560 739 3633 principe
778 3560 912 3616 loco
952 3560 1449 3630 ccrtant,similcs
1470 3561 1824 3618 efﬁciemur.
1845 3564 2037 3628 Quare
2069 3566 2128 3620 et

463 3649 562 3707 hic
586 3665 833 3724 quoque
871 3651 1201 3722 prudenter
1243 3657 1678 3721 cognoscentes
1719 3656 2124 3725 curantesque

463 3739 630 3812 quod
659 3738 836 3795 nobis
866 3739 1157 3795 decorum
1184 3740 1378 3810 fuerit,
1404 3739 1818 3797 accubationis
1845 3740 2124 3797 ordinem

462 3828 805 3902 permittere
831 3827 1129 3884 debemus
1156 3829 1510 3901 excipientis
1533 3830 1798 3897 arbitrio,
1832 3831 2124 3904 quemad-

462 3908 720 3973 modum
752 3917 1113 3972 submonuit
1157 3922 1213 3974 et
1257 3917 1567 3988 Dominus,
1595 3935 1735 3975 cum
1764 3918 1916 3975 dixit
1942 3920 2120 3993 perti-

461 4022 603 4063 nere
634 4005 714 4062 ad
758 4007 1255 4079 patremfamilias
1301 4008 1595 4065 harumce
1625 4025 1828 4064 rerum
1859 4009 2123 4083 disposi-

460 4097 690 4152 tionem
711 4097 777 4152 ιο.
815 4096 907 4152 Sic
949 4096 1113 4153 enim
1141 4102 1198 4153 et
1228 4113 1342 4152 nos
1370 4098 1631 4153 invicem
1657 4099 2030 4171 perferemus
2060 4100 2122 4156 in

461 4184 801 4253 dilectione,
835 4186 1086 4243 honeste
1116 4186 1324 4243 omnia
1370 4192 1428 4243 et
1472 4187 1810 4244 secundum
1840 4188 2121 4247 ordinem

462 4273 756 4329 facientes
791 4289 804 4328 :
848 4279 903 4330 et
933 4274 1083 4331 illud
1113 4275 1690 4347 demonstrabimus,
1724 4293 1837 4334 nos
1867 4293 1993 4335 non
2041 4279 2121 4336 ad

2237 3110 2439 3170 ἔνι-ολὴν
2487 3118 2579 3163 τοῦ
2632 3118 2827 3187 Κυριον
2888 3112 3094 3185 ἑκάστῳ
3143 3111 3412 3166 ἐπιϐάλλον
3441 3134 3454 3147 ·
3512 3117 3571 3166 τό
3614 3122 3687 3184 ’γε
3738 3116 3841 3185 μὴν

2235 3199 2390 3255 πάλιν
2439 3199 2734 3273 φιλονείκως
2772 3207 2888 3277 περὶ
2943 3210 3126 3255 τοῦτον
3158 3204 3509 3256 συνωθεῑσθαι
3561 3199 3839 3276 ἀδόκιμον,

2237 3293 2307 3352 ὡς
2361 3288 2683 3364 ἀναιρετικὸν
2748 3301 2838 3352 τῆς
2903 3291 3147 3355 εὐταξίας
3205 3297 3296 3344 καὶ
3364 3291 3587 3366 θορύϐου
3652 3294 3840 3346 αἴτιον.

2238 3385 2342 3434 Καὶ
2388 3383 2448 3432 τό
2496 3383 2629 3454 πρὸς
2685 3379 2937 3444 ἀλλήλους
2986 3378 3045 3433 δε
3098 3378 3382 3444 ἀνενδότως
3445 3383 3605 3455 ἔχειν,
3662 3385 3754 3435 καὶ
3810 3383 3839 3440 η

2236 3474 2357 3543 περὶ
2403 3471 2591 3522 τούτου
2639 3473 2817 3544 μάχη,
2860 3473 3074 3544 ὁμοίους
3120 3472 3260 3545 ἡμᾶς
3297 3473 3509 3530 ποιησει
3556 3478 3667 3535 τοῖς
3723 3474 3842 3545 περὶ

2236 3565 2498 3635 πρωτείων
2556 3559 2924 3632 φιλονεικοῦσι.
2977 3565 3161 3636 Διόπερ
3194 3567 3304 3636 χρὴ
3347 3566 3439 3614 καὶ
3487 3560 3732 3629 ἐνταῦθα,
3784 3564 3842 3612 τό

2236 3657 2430 3727 πρέπον
2483 3649 2608 3726 ἡμῖν
2651 3655 3093 3726 περιεσκεμμένως
3143 3650 3492 3727 γνωρίζοντας
3538 3656 3629 3703 καὶ
3679 3669 3845 3703 σπου-

2238 3740 2512 3812 δάζοντας,
2563 3741 2847 3817 ἐπιτρέπειν
2908 3748 2980 3811 τῷ
3034 3736 3409 3814 ὑποδεχομένῳ
3442 3746 3533 3795 καὶ
3590 3744 3685 3800 τὴν
3753 3749 3844 3802 τῆς

2232 3833 2587 3895 κατακλίσεως
2630 3832 2796 3896 τάξιν,
2844 3832 2984 3884 καθά
3024 3834 3111 3883 καὶ
3152 3831 3179 3883 ό
3232 3833 3426 3905 Κύριος
3473 3831 3740 3899 ύπέθετον,
3772 3839 3846 3902 τῷ

2233 3919 2581 3997 οἰκοδεσπότῃ
2633 3926 2920 3995 προσήκειν
2975 3920 3126 3974 εἰπὼν
3174 3924 3266 3980 τὴν
3315 3925 3433 3994 περὶ
3480 3923 3675 3973 τούτων
3726 3916 3843 3972 δια-

2230 4019 2416 4087 ταγήν.
2462 4013 2616 4066 Οὕτω
2646 4014 2746 4086 γὰρ
2797 4016 2888 4063 καὶ
2936 4008 3217 4084 ἀνεξόμεθα
3275 4008 3505 4068 ἀλλήλων
3546 4008 3594 4062 ἐν
3636 4007 3841 4083 ἀγάπη,

2231 4107 2403 4157 πάντα
2454 4103 2802 4177 εὐσχημόνως
2854 4106 2946 4155 καὶ
3002 4103 3139 4154 κατά
3188 4101 3335 4164 τάξιν
3386 4108 3650 4163 ποιοῦντες
3678 4122 3690 4134 ·
3751 4107 3843 4154 καὶ

2232 4193 2290 4246 οὐ
2334 4197 2467 4268 πρὸς
2513 4188 2731 4255 ἔνδειξιν
2768 4199 2882 4251 τῶν¹
2917 4190 3137 4262 πολλῶν,
3170 4193 3286 4242 οὔτε
3326 4186 3700 4263 δημοκοπικώς
3732 4190 3848 4262 (77)

2230 4287 2324 4342 τὴν
2380 4284 2854 4357 ταπεινοφροσύνην
2908 4276 3232 4338 ἐπιτηδεύειν
3281 4275 3374 4332 διὰ
3425 4287 3518 4343 τῆς
3565 4275 3847 4332 ἀνενδότου

459 4362 804 4419 faciendam
835 4379 1041 4420 coram
1069 4364 1271 4421 multis
1297 4365 1792 4438 ostentationem,
1819 4385 2018 4442 neque
2039 4369 2116 4427 ad

2228 4377 2320 4426 καὶ
2368 4369 2604 4447 σφοδρᾶς
2634 4370 2929 4443 ἀντιλογίας
2960 4366 3193 4443 δείξομεν
3219 4391 3230 4403 ·
3264 4367 3463 4443 μᾶλλον
3513 4365 3572 4421 δὲ
3623 4365 3658 4422 δ
3666 4371 3717 4422 ιά
3746 4378 3844 4431 τῆς

457 4452 820 4525 popularem
841 4454 1096 4524 gratiam
1115 4454 1553 4512 demerendam
1572 4455 1974 4516 humilitatem
1992 4476 2118 4517 sec-

455 4542 590 4610 tari,
617 4556 691 4599 ex
715 4542 1041 4611 obstinata,
1059 4560 1131 4600 ac
1159 4544 1499 4602 vehementi
1526 4547 1907 4606 contentione
1931 4566 1945 4605 :
1967 4550 2119 4624 quin

455 4632 657 4705 potuis
704 4632 1189 4706 obtemperando
1237 4634 1658 4693 exercebimus
1686 4638 2115 4699 humilitatem.

454 4722 741 4780 Altercari
760 4723 922 4780 enim
941 4724 1139 4796 majus
1160 4728 1251 4782 est
1267 4726 1566 4799 superbiae
1590 4726 1909 4795 indicium,
1925 4748 2116 4805 quam

450 4810 708 4885 primam
762 4812 973 4870 sedem
1021 4813 1178 4871 inter
1203 4816 1695 4875 accumbendum
1724 4824 1949 4891 tenere,
1979 4836 2119 4879 cum

443 4900 605 4972 jussi
636 4917 769 4958 eam
805 4903 1245 4977 acceperimus.

522 5029 542 5063 ³
584 5029 606 5083 Ι
647 5031 780 5087 Cor.
821 5046 922 5098 vu,
965 5035 1050 5088 3t.
1132 5034 1152 5067 °
1195 5032 1336 5089 Luc.
1384 5051 1499 5098 χιχ,
1546 5039 1632 5092 10.
1713 5039 1758 5073 ⁸ο
1796 5037 1944 5097 ibid.

516 5158 631 5234 (7:2)
673 5155 840 5240 Regii
861 5156 983 5238 duo
1010 5175 1156 5240 mss.
1186 5176 1325 5240 cum
1347 5161 1514 5218 Colb.
1547 5166 1619 5235 μὴ
1654 5172 2105 5240 καταχρώμενοι..

448 5223 618 5311 Alius
651 5223 777 5311 ins:—
804 5230 1025 5311 ltegiiis
1057 5234 1113 5286 et
1143 5231 1440 5311 editiones
1472 5223 1703 5311 veteres
1747 5223 2102 5311 πὲξὸαέρώμέέ

444 5316 545 5384 νινε,
570 5301 628 5384 et
641 5298 735 5383 ita
754 5297 872 5368 legi
892 5292 1121 5384 debere
1136 5302 1418 5384 fatebitur
1442 5307 1549 5377 qui
1569 5292 2104 5384 sequentia’paulo

445 5371 730 5423 attentius
760 5371 1170 5428 cousiderarit.

519 5443 629 5527 (7:3)
675 5440 893 5527 focula
919 5445 1017 5517 γάρ
1046 5444 1213 5527 deest
1237 5445 1296 5527 in
1328 5446 1498 5503 Colb.
1526 5452 1597 5527 et
1622 5448 1681 5527 in
1706 5454 1845 5522 Reg.
1882 5454 2099 5527 primo.

449 5508 501 5590 is
535 5510 665 5590 eius
698 5509 813 5590 loci
845 5508 1056 5590 sensus
1086 5523 1175 5590 est
1198 5535 1225 5590 :4
1249 5520 1371 5573 Non
1400 5525 1540 5575 sunt
1572 5508 2102 5584 referta”horreat3

445 5580 599 5645 Qllzl
632 5588 756 5638 tum
776 5584 804 5639 ?
834 5584 982 5657 quid
1011 5586 1235 5644 refert?
1268 5590 1529 5646 Vivimus
1559 5591 1620 5648 in
1646 5592 1828 5655 diem.
1856 5580 2105 5670 Eoi/ficit

1132 5034 1152 5067 °
1195 5032 1336 5089 Luc.
1384 5051 1499 5106 χιχ,
1546 5039 1632 5092 10.

2229 4462 2519 4524 εὐπειθείας
2569 4464 2629 4516 τὸ
2684 4463 2925 4514 ταπεινὸν
2991 4461 3407 4534 κατορθώσομεν.
3472 4457 3667 4511 Πλείων
3735 4461 3843 4534 γὰρ

2228 4549 2287 4602 ἐκ
2332 4559 2429 4614 τῆς
2480 4549 2775 4622 ἀντιλογίας
2825 4551 2854 4608 ἡ
2905 4555 2997 4610 τῆς
3037 4547 3387 4625 ὑπερηφανίας
3417 4549 3663 4621 ἔμφασις,
3704 4547 3735 4607 ἦ
3786 4545 3847 4600 ἐκ

2227 4648 2322 4703 τῆς
2362 4640 2765 4715 πρωτοκλισίας,
2793 4639 2916 4692 ὅταν
2964 4637 3022 4691 ἐκ
3068 4639 3476 4712 προστάγματος
3520 4635 3683 4696 αὐτὴν
3733 4657 3841 4691 κα-

2229 4726 2584 4804 ταδεχώμεθα
2597 4768 2614 4788 .

2220 5170 2343 5227 diei
2369 5173 2611 5227 matztza
2634 5183 2767 5226 sua.
2798 5167 3039 5239 (Matth.
3067 5182 3144 5237 vr,
3175 5169 3288 5239 34).

2288 5243 2397 5312 (74)
2440 5243 2585 5311 Reg.
2620 5235 3366 5313 ρι’ίζηιὶεᾉάρίστωνκαὶξτῶν
3398 5235 3644 5313 δείπνων,

2288 5310 2405 5381 (75)
2447 5310 2680 5368 Veteres
2710 5310 2833 5367 duo
2858 5311 2996 5368 libri
3024 5317 3080 5367 et
3114 5310 3258 5367 editi
3289 5311 3822 5382 συγκατακλίνονται-

2214 5385 2325 5442 Alii
2350 5387 2475 5440 duo
2503 5402 2650 5440 mss.
2678 5383 3213 5455 συγκατακλίνωνται.

2285 5460 2401 5523 (79)
2442 5457 2589 5529 Reg,
2625 5453 2943 5529 primuset
2974 5454 3142 5510 Colb.
3174 5462 3343 5529 καιρῷ
3383 5453 3450 5516 εἰς
3476 5459 3662 5529 τήναν
3702 5454 3827 5529 ἐαυ-

2212 5532 2352 5590 τούς.
2391 5531 2513 5583 Vox
2538 5528 2749 5586 ἑαυτούς
2771 5526 2988 5592 legitur
3015 5526 3355 5598 quoque’in
3376 5526 3585 5598 codice
3613 5527 3830 5582 Vossii.

2285 5604 2398 5671 (Π)
2442 5598 2606 5670 Regii
2630 5598 2940 5656 secundus
2972 5597 3190 5656 et’tert.
3227 5602 3285 5656 et
3305 5597 3451 5656 edit.
3480 5602 3737 5656 veteres.
