4110 6414
334 388 442 443 977

899 517 1221 568 ΕΡΩΤΗΣΙΣ
1262 510 1374 569 κη’.

541 613 605 663 Τί
628 609 687 661 τὸ
716 610 910 681 πρέπον
940 602 1141 679 ἔνδυμα
1166 613 1239 677 τῷ
1270 611 1565 678 Χριστιανῷ
1594 603 1727 677 (78).

942 718 1315 769 ΔΠΟΚΡῙΣΙΣ.

406 813 457 864 1.
519 804 800 880 Προλαϐὼν
857 805 883 857 ό
942 803 1088 875 λόγος
1156 807 1251 861 τήν
1323 820 1379 855 τε
1455 804 1930 877 ταπεινοφροσύνην

331 894 621 968 ἀναγκαίαν
660 890 841 961 ἔδειξε,
867 896 956 946 καὶ
996 895 1090 951 τὴν
1127 890 1399 958 λιτότητα,
1430 895 1521 944 καὶ
1570 894 1630 943 τό
1669 890 1719 943 ἓν
1765 898 1927 945 πᾶσιν

330 984 545 1053 εύτελὶς,
577 988 668 1037 καὶ
706 979 1100 1054 ὀλιγοδάπανον,
1151 984 1221 1043 ὡς
1268 980 1448 1053 ὀλίγας
1487 979 1543 1033 ἔκ
1594 988 1695 1033 τῶν
1740 1001 1924 1054 σωμα-

327 1083 485 1128 τικῶν
536 1080 729 1147 χρειῶν
782 1069 871 1133 τάς
911 1068 1143 1145 ἀφορμὰς
1188 1078 1287 1123 τῶν
1342 1078 1723 1143 περισπασμῶν
1770 1068 1921 1143 ἐγγί-

236 1194 241 1201 -
328 1166 509 1218 νίσθαι
533 1164 674 1234 ἡμῖν.
719 1159 962 1222 Ἐκείνοις
986 1157 1076 1213 οὖν
1113 1166 1224 1222 τοῖς
1267 1168 1483 1223 σκοποῖς
1539 1160 1757 1213 ἕπεσθαι
1806 1165 1917 1236 χρή

327 1255 524 1305 καὶτὸν
553 1255 670 1323 περὶ
702 1247 988 1324 ἐνδύματος
1015 1249 1186 1322 λόγον.
1244 1249 1307 1303 Εἰ
1350 1250 1451 1322 γὰρ
1496 1252 1702 1302 πάντων
1746 1268 1920 1324 προσ-

322 1341 435 1399 ἣκει
481 1341 621 1401 ἡμᾶς
652 1342 769 1408 (79)
831 1335 1153 1399 σπουδάζειν
1207 1337 1473 1410 ἐσχάτους
1529 1336 1681 1410 εἶναι,
1735 1343 1826 1392 καὶ
1870 1337 1918 1391 ἄν

318 1431 506 1502 τούτῳ,
565 1425 828 1494 δηλονότι,
874 1432 933 1481 τὸ
988 1430 1216 1501 ἰσχατον
1266 1431 1669 1503 προτιμότατον.
1718 1426 1919 1502 Ὠσπερ

316 1521 420 1593 γὰρ
452 1521 501 1572 οἱ
532 1515 800 1591 φιλόδοξοι
842 1522 932 1571 καὶ
974 1516 1030 1571 ἐκ
1076 1526 1174 1580 τῆς
1214 1516 1493 1591 περιϐολῆς
1539 1526 1642 1571 τῶν
1689 1514 1923 1592 ἐνδυμά-

318 1630 419 1662 των
458 1613 553 1668 τήν
593 1605 752 1672 δόξαν
797 1607 997 1669 ἑαυτοῖς
1042 1609 1322 1682 θηρῶνται,
1383 1605 1770 1661 ἀποϐλέπεσθαι
1833 1614 1922 1663 καὶ

318 1698 614 1760 ζηλοῦσθαι
642 1696 726 1750 ἐπὶ
756 1705 818 1770 τῇ
862 1695 1163 1769 πολυτελείᾳ
1208 1704 1305 1757 τῆς
1352 1694 1572 1759 ἐσθῆτος
1615 1696 1923 1771 φιλοτιμού-

317 1807 500 1862 μενοι⁸
559 1787 719 1854 οὕτω,
769 1782 1034 1851 δηλονότι,
1081 1789 1170 1839 τόν
1227 1785 1301 1849 εἰς
1354 1788 1584 1858 ἔσχατον
1630 1787 1790 1840 αὑτοῦ
1828 1792 1923 1847 την

1507 388 1804 447 ΒΕϐυιιΕ
1842 390 2090 450 FUSIUS
2126 393 2563 451 TRACTATIE."

1965 518 2012 575 Δ

3594 393 3702 455 978

2513 521 3030 579 INTERROGATIO
3085 525 3239 580 XX".

2121 607 2437 676 Quodnam
2471 614 2883 668 vestimentum
2920 613 3236 668 conveniat
3267 611 3628 669 Christiano.

2654 717 3070 776 BESPONSIO.

2116 810 2169 861 ι.
2212 807 2498 879 Superius
2545 807 3028 864 demonstratum
3059 813 3153 864 est
3194 812 3252 865 et
3278 806 3701 877 humilitatem,

2036 897 2093 950 et
2154 894 2622 968 simplicitatem,
2683 902 2742 952 et
2796 896 2858 952 in
2928 897 3217 953 omnibus
3274 897 3601 964 vilitatem,
3648 900 3705 950 et

2034 988 2311 1057 sumptus
2341 986 2690 1042 tenuitatem
2712 987 3086 1042 necessarias
3117 992 3338 1055 esse,ut
3378 987 3494 1043 sint
3522 986 3701 1044 nobis

2029 1088 2230 1129 causa;
2276 1089 2505 1146 paucae,
2547 1076 2774 1148 quibus
2801 1077 2882 1132 ob
2934 1092 3263 1149 corporeas
3307 1076 3701 1132 necessitates

2029 1160 2465 1219 distrahamur.
2511 1167 2716 1236 Itaque
2758 1181 2830 1220 eo
2891 1166 3099 1221 animo
3142 1167 3272 1221 hinc
3318 1165 3500 1222 etiam
3542 1164 3698 1220 ratio

2031 1251 2192 1308 circa
2223 1252 2509 1308 vestitum
2557 1254 2943 1310 observanda
2982 1258 3092 1311 est.
3138 1255 3370 1311 Etenim
3399 1255 3450 1311 si
3489 1253 3700 1310 danda

2027 1339 2206 1397 nobis
2237 1346 2326 1397 est
2354 1347 2633 1415 opera,ut
2649 1342 2928 1402 omnium
2952 1343 3148 1399 simus
3172 1343 3698 1416 postremi,utique

2030 1431 2198 1503 quod
2220 1431 2400 1489 etiam
2425 1432 2486 1487 in
2512 1432 2626 1489 hoc
2649 1448 2868 1503 genere
2889 1433 3173 1489 inﬁmum
3200 1434 3396 1501 fuerit,
3421 1449 3697 1489 summo-

2028 1535 2171 1593 pere
2196 1521 2769 1594 estprteferendum.
2810 1523 3344 1589 Quemadmodum
3390 1523 3555 1579 enim
3584 1522 3696 1578 viri

2031 1608 2234 1682 gloriae
2277 1612 2498 1684 cupidi.
2534 1611 2648 1667 sibi
2697 1612 2811 1685 ipsi
2840 1628 2913 1668 ex
2949 1613 3454 1668 vestimentorum
3509 1612 3692 1668 etiam

2033 1700 2256 1757 amictu
2273 1701 2708 1773 gloriam367
2720 1706 3122 1775 aucupentur,
3146 1702 3314 1776 quod
3346 1702 3694 1775 spectari,et

2030 1791 2236 1861 magni
2267 1791 2551 1847 aestimari
2580 1793 2660 1848 ob
2685 1793 2975 1849 amictum
3025 1793 3415 1866 splendidum
3467 1797 3525 1849 et
3553 1807 3690 1864 pre-

318 1878 458 1939 ζωὴν
508 1877 623 1949 (80)
670 1872 764 1929 διὰ
814 1884 906 1937 τῆς
952 1880 1310 1937 ταπεινώσεως
1359 1875 1722 1931 καταϐαλόντα
1762 1880 1910 1954 αἱρεῖ

2030 1878 2253 1936 tiosum
2269 1879 2581 1936 ambiant:
2616 1879 2701 1935 sic
2732 1880 3008 1937 videlicet
3041 1882 3145 1954 qui
3174 1896 3352 1937 suam
3376 1880 3570 1953 ipsius
3597 1880 3688 1935 vi-

317 1970 443 2022 σθαι
492 1970 768 2041 ,προσήκει
821 1973 911 2020 καὶ
954 1965 1003 2019 ἐν
1054 1969 1256 2029 τούτοις
1301 1970 1361 2019 τό
1417 1969 1622 2021 πάντων
1669 1970 1916 2041 ἔσχατον.

312 2056 514 2131 Ὠσπερ
540 2059 645 2132 γὰρ
683 2056 733 2109 ἰν
777 2064 850 2128 τῷ
905 2053 1153 2130 δημοσίῳ
1201 2053 1394 2129 δείπνῳ
1431 2055 1772 2130 ἄγκαλοῦνται
1814 2065 1920 2112 Κο-

316 2149 528 2223 ρίνθιοι,
607 2150 683 2208 ὡς
740 2154 805 2219 τῇ
869 2145 1064 2199 ἑαυτῶν
1118 2145 1422 2220 πολυτελείᾳ
1475 2150 1921 2219 καταισχύνοντες

311 2240 431 2298 τοὺς
459 2240 532 2309 μὴ
565 2238 786 2308 ἵχοντας
810 2257 823 2271 ·
865 2237 1021 2305 οὕτω,
1056 2232 1324 2303 δηλονότι,
1356 2240 1445 2289 καὶ
1465 2235 1517 2288 ἕν
1541 2244 1604 2309 τῇ
1645 2245 1791 2310 κοινῇ
1828 2242 1919 2291 καὶ

310 2332 566 2401 προφανεῖ
592 2333 694 2378 τῶν
720 2321 1026 2399 ἐνδυμάτων
1052 2329 1254 2401 χρήσει
1294 2326 1322 2377 ό
1359 2327 1487 2400 ὑπὲρ
1526 2325 1645 2386 τούς
1696 2324 1917 2389 πολλοὺς

313 2418 701 2489 σχηματισμὸς
729 2416 885 2469 οἱονεὶ
923 2411 1019 2468 διὰ
1052 2423 1142 2476 τῆς
1192 2420 1522 2490 συγκρίσεως
1567 2420 1916 2488 καταισχύνει

310 2508 399 2558 τόν
449 2508 667 2562 πένητα.
728 2511 832 2557 Τοῦ
886 2499 946 2557 δέ
1000 2503 1317 2557 Ἀποστόλου
1372 2504 1606 2577 λέγοντος
1630 2525 1644 2540 ο
1704 2510 1790 2565 Μὴ
1848 2508 1915 2560 τὰ

309 2594 488 2666 ὑψηλὰ
584 2601 908 2668 φρονοῦντες,
1038 2592 1165 2647 ὄιῺὰ
1243 2601 1354 2657 τοῖς
1440 2602 1702 2657 ταπεινοῖς
1785 2615 1912 2648 συν-

309 2688 650 2757 απαγόμενοι,
702 2681 977 2747 ἐξεταζέτω
1021 2683 1240 2746 ἕκαστος
1288 2683 1490 2752 ἑαυτὸν,
1530 2686 1562 2743 ἠ
1619 2687 1750 2759 πρὸς
1797 2690 1915 2738 τίνα

310 2773 562 2848 ὁμοίωσις
587 2769 959 2847 ἁρμοδιωτέρα
987 2770 1098 2825 ἐστὶ
1136 2780 1498 2847 Χριστιανοῑς,
1536 2778 1662 2837 τοὺς
1706 2773 1754 2826 ἓν
1808 2782 1913 2837 τοῖς

310 2864 600 2939 βασιλείοις
645 2864 935 2932 οἰκοῦντας,
988 2868 1079 2916 καὶ
1132 2866 1200 2916 τὰ
1245 2863 1455 2937 μαλακὰ
1510 2865 1908 2938 ἠμφιεσμένους,

311 2955 343 3012 ἠ
371 2954 402 3012 ἡ
435 2957 568 3027 πρὸς
611 2956 697 3007 τὸν
750 2951 966 3025 ἄγγελον
1021 2957 1113 3005 καὶ
1160 2957 1369 3027 κήρυκα
1417 2962 1512 3016 τῆς
1570 2961 1663 3007 τοῦ
1714 2960 1909 3028 Κυρίου

313 3039 595 3116 ἐπιδημίας
637 3042 769 3114 (81L
841 3042 903 3094 οὗ
976 3042 1169 3114 μείζων
1234 3041 1284 3095 ἄν
1336 3050 1603 3115 γεννητοῖς
1648 3052 1909 3115 γυναικῶν

306 3130 401 3184 οὐκ
424 3130 725 3206 ἕγὴγερται.
759 3130 1000 3190 Ἰωάννην
1031 3130 1184 3203 λέγω,
1226 3135 1312 3184 τόν
1350 3139 1443 3185 τοῦ
1504 3137 1802 3207 Ζαχαρίου,
1848 3133 1909 3185 οὗ

2029 1972 2155 2025 tam
2205 1984 2312 2041 per
2355 1969 2751 2026 humilitatem
2780 1970 3011 2041 redegit
3051 1970 3133 2027 ad
3176 1969 3453 2026 inﬁmam
3483 1968 3688 2025 condi-

2028 2058 2274 2126 tionem,
2316 2058 2483 2131 quod
2525 2058 2587 2115 in
2628 2058 2723 2115 his
2772 2075 3018 2133 quoque
3066 2059 3347 2117 infimum
3390 2059 3581 2121 fuerit.
3623 2058 3687 2115 id

2028 2163 2269 2206 sumere
2288 2147 2488 2205 debet.
2521 2151 2590 2205 Ut
2617 2150 2782 2205 enim
2805 2149 2866 2206 in
2887 2149 3135 2223 publica
3160 2166 3338 2206 ccena
3367 2147 3685 2206 Corinthiis

2027 2226 2172 2293 vitio
2196 2237 2373 2295 datur
2396 2238 2463 2307 “,
2484 2238 2648 2310 quod
2683 2244 3048 2312 sumptuoso
3075 2255 3184 2295 suo
3232 2243 3535 2311 apparatu
3581 2254 3685 2293 eos

2025 2325 2131 2399 qui
2144 2342 2270 2383 non
2287 2327 3294 2400 habebamt,pudore§aiﬁcerent,ita
3320 2329 3502 2401 plane
3518 2344 3681 2383 com-

2023 2416 2196 2472 muni
2220 2432 2465 2490 quoque
2490 2422 2549 2473 et
2576 2417 2908 2491 conspicuo
2932 2417 3431 2474 vestimentorum
3457 2433 3591 2484 usus,
3632 2416 3684 2471 is

2022 2505 2128 2579 qui
2147 2505 2313 2575 vulgi
2339 2507 2842 2564 consuetudinem
2873 2512 3118 2580 superat
3139 2510 3412 2571 ornatus,
3434 2522 3507 2562 ex
3537 2521 3687 2579 qua-

2020 2594 2166 2651 dam
2179 2595 2361 2653 veluti
2377 2596 3117 2670 comparatione,pauperi
3133 2596 3432 2670 pudorem
3450 2594 3682 2652 incutit.

2025 2688 2172 2742 tium
2198 2690 2400 2742 autem
2426 2686 2752 2760 Apostolus
2797 2687 2958 2744 dicat
2985 2704 2999 2743 :
3028 2688 3164 2744 Non
3190 2688 3325 2743 alta
3362 2689 3682 2755 sapientes,

2018 2775 2125 2835 sed
2152 2776 2476 2833 humilibus
2514 2779 2951 2835 consentientes
2979 2779 3047 2843 ¹²,
3085 2782 3383 2833 scrutetur
3412 2776 3684 2847 seipsum

2019 2864 2301 2939 quisque,
2334 2866 2449 2922 utri
2479 2869 2679 2937 magis
2701 2867 2927 2923 similes
2972 2882 3104 2923 esse
3154 2865 3505 2923 Christianis
3536 2879 3681 2920 con-

2018 2956 2223 3013 veniat
2250 2956 2402 3014 iisne
2426 2957 2533 3030 qui
2559 2958 2620 3013 in
2650 2958 2832 3027 regiis
2860 2956 3017 3013 aulis
3048 2956 3344 3023 habitant,
3386 2960 3443 3012 et
3486 2953 3682 3012 molli-

2017 3043 2135 3101 bus
2174 3045 2443 3101 vestibus
2494 3045 2698 3102 amicti
2727 3049 2889 3111 sunt,
2935 3060 3013 3100 an
3054 3044 3266 3102 nuntio
3312 3048 3370 3101 et
3414 3042 3683 3116 praeconi

2017 3133 2315 3190 adventus
2356 3132 2615 3202 Domini,
2642 3149 2768 3207 quo
2793 3133 2992 3204 major
3017 3132 3173 3189 inter
3202 3131 3523 3207 mulierum
3576 3146 3680 3186 na-

302 3223 363 3274 τό
392 3204 595 3294 ἔνδυμα
625 3217 687 3279 ἦν
731 3218 786 3273 ἐκ
831 3228 1034 3296 τριχῶν
1078 3220 1340 3295 καμήλου.
1407 3226 1508 3275 Καὶ
1544 3204 1802 3275 οῖίπαλαι
1849 3219 1908 3277 δε

2028 3228 2109 3282 tos
2130 3239 2254 3280 non
2284 3224 2562 3281 surrexit.
2584 3204 2881 3281 Joannem
2911 3222 3048 3279 dico
3081 3222 3381 3279 Zachariae
3409 3204 3678 3287 ﬁlium“,

296 3311 450 3385 ἅγιοι
476 3309 755 3388 περιῆλθον
783 3308 833 3364 ἕν
862 3310 1146 3386 μηλωταῖς,
1188 3309 1236 3363 ἄν
1264 3311 1478 3385 αἰγείοις
1498 3307 1747 3388 δέρμασι.

372 3593 431 3648 2.
479 3592 579 3645 Τὸν
621 3586 681 3643 δι
730 3592 923 3643 σκοπόν
969 3598 1062 3651 τῆς
1101 3593 1350 3664 χρήσεως
1396 3585 1642 3641 ὑπέϐαλεν
1681 3587 1707 3639 ὁ
1751 3586 1904 3641 Ἀπό-

302 3681 506 3749 στολος,
537 3677 631 3735 διὰ
668 3687 793 3756 μιᾶς
830 3680 1010 3745 λέξεως
1052 3681 1207 3734 εἰπών
1231 3701 1245 3715 ·
1313 3679 1564 3751 Ἔχοντες
1616 3675 1903 3753 διατροφὰς

296 3776 388 3824 καὶ
500 3772 871 3845 σκεπάσματα,
970 3772 1176 3833 τούτοις
1247 3768 1687 3846 ἀρκεσθησόμεθα
1760 3769 1898 3838 (82),

297 3863 370 3922 ὡς
396 3868 493 3924 τῆς
548 3864 740 3923 σκέπης
795 3864 942 3936 ἡμῶν
997 3857 1395 3937 προσδεομένων
1470 3863 1671 3932 μόνης.
1726 3857 1900 3911 οὐκέτι

297 3955 473 4025 μέντοι
509 3956 719 4013 καὶτῆς
746 3950 1032 4021 ποικιλίας,
1080 3956 1171 4004 καὶ
1216 3956 1310 4003 τοῦ
1357 3948 1448 4002 ἀπ’
1492 3948 1651 4010 αὐτῆς
1706 3938 1905 4000 καλλωέ

296 4049 502 4114 πισμοῡ
555 4041 623 4103 εἰς
687 4046 784 4101 τήν
826 4040 1251 4116 ἀπηγορευμινην
1302 4043 1581 4114 περπερίαν
1627 4036 1901 4091 ἇκπιπτόν-

294 4149 424 4186 των.
484 4132 567 4183 ἶνα
611 4136 683 4205 μή
733 4150 787 4184 τι
842 4138 1024 4204 χεῖρον
1072 4130 1225 4201 λέγω.
1279 4136 1459 4183 Ταῦτα
1521 4130 1625 4204 γὰρ
1682 4127 1898 4202 ὕστερον

296 4217 597 4293 ἐπεισήχθη
631 4217 725 4274 διὰ
752 4227 845 4280 τῆς
870 4223 1146 4294 περιέργου
1198 4221 1604 4291 ματαιοτεχνίας
1654 4225 1727 4288 τῷ
1772 4214 1896 4289 βίῳ.

297 4309 437 4369 Δήλη
497 4308 558 4364 δὲ
603 4315 694 4363 καὶ
741 4311 770 4369 ἠ
812 4313 993 4385 πρώτη
1034 4317 1135 4360 τῶν
1168 4310 1552 4381 σκεπασμάτων
1581 4315 1806 4380 χρῆσις,
1838 4305 1899 4363 ἣν

295 4399 452 4462 αὐτὸς
480 4402 506 4451 ὀ
530 4404 661 4461 Θεὸς
691 4401 801 4470 (83)
848 4404 959 4458 τοῖς
1006 4394 1360 4455 ἐπιδεηθεῖσιν
1400 4393 1610 4453 ἔδωκεν.
1655 4396 1900 4454 Ἐποίησε

292 4492 400 4563 γὰρ
458 4488 652 4559 αὐτοῖς,
704 4492 883 4561 φησὶν,
946 4488 973 4539 ό
1039 4489 1163 4548 Θεὸς
1228 4494 1465 4558 χιτῶνας
1531 4481 1894 4557 δερματίνους.

2014 3313 2189 3384 cujus
2228 3312 2655 3370 indumentum
2688 3316 2816 3368 erat
2854 3326 2923 3368 ex
2949 3311 3090 3385 pilis
3122 3308 3340 3366 cameli
3371 3310 3439 3367 ιι.
3473 3308 3589 3367 Sed
3623 3310 3681 3364 et

2012 3407 2243 3461 veteres
2290 3402 2484 3460 sancti
2538 3402 2602 3460 in
2651 3401 2920 3470 melotis,
2972 3400 3063 3457 in'
3100 3399 3362 3474 pellibus
3412 3397 3677 3472 caprinis

2012 3492 2575 3551 obambulabant”.

2080 3582 2284 3649 2.0uis
2331 3586 2536 3639 autem
2567 3596 2793 3654 scopus
2844 3580 2907 3636 in
2950 3578 3181 3637 utendo
3222 3576 3548 3635 habendus
3579 3577 3676 3645 sit,

2012 3673 2331 3731 admonuit
2376 3670 2700 3744 Apostolus
2731 3672 2910 3727 unico
2935 3669 3119 3726 verbo
3165 3685 3305 3724 cum
3332 3667 3517 3724 dixit:
3552 3668 3677 3724 Ha-

2010 3763 2209 3821 bentes
2252 3763 2560 3829 alimenta,
2616 3765 2673 3818 et
2719 3760 2936 3834 quibus
2987 3756 3382 3829 tegamur,his
3412 3756 3678 3812 contenti

2009 3856 2230 3912 erimus
2256 3855 2320 3916 '°,
2351 3858 2647 3924 tanquam
2693 3851 2823 3906 solo
2858 3848 3035 3905 nobis
3056 3848 3469 3918 integumento
3513 3860 3672 3915 opus

2009 3944 2237 4001 sit:nec
2255 3942 2386 4014 jam
2404 3941 2467 3998 in
2500 3941 2744 3998 vetitam
2763 3938 3068 3995 varietatis
3092 3936 3470 4008 etjactantite
3497 3950 3572 3990 ex
3600 3949 3674 3989 ea

2007 4030 2441 4108 proﬁciscentis
2453 4030 2805 4096 vanitatem,
2833 4043 2908 4085 ne
2924 4027 3073 4101 quid
3098 4026 3272 4099 pejus
3293 4022 3673 4090 dicam,inci-

2007 4123 2250 4189 damus.
2275 4124 2411 4178 Haec
2430 4121 2593 4177 enim
2622 4118 2912 4191 deinceps
2936 4117 3015 4173 ab
3038 4114 3356 4173 inutilibus
3377 4113 3670 4185 vanisque

2009 4212 2241 4271 artibus
2265 4210 2612 4268 introducta
2635 4213 2777 4264 sunt
2800 4208 2865 4264 in
2886 4207 3069 4264 vitam
3085 4250 3098 4264 .
3139 4209 3334 4278 Atque
3356 4202 3539 4260 etiam
3566 4217 3675 4258 no.

2008 4307 2103 4360 tus
2137 4307 2228 4358 est
2271 4301 2508 4374 primus
2556 4302 3047 4369 tegumentorum
3079 4311 3246 4362 usus,
3278 4308 3460 4367 quem
3514 4293 3671 4348 Deus

2007 4392 2137 4465 ipse
2156 4389 2323 4446 dedit
2347 4387 2780 4459 indigentibus.
2810 4385 2903 4442 Ait
2922 4385 3083 4442 enim
3110 4401 3126 4440 :
3155 4385 3322 4440 Fecit
3347 4384 3490 4452 ipsis
3512 4382 3671 4438 Deus

2011 4484 2246 4538 tunicas
2264 4478 2601 4548 pellicem"
2616 4497 2630 4510 ο
2654 4477 2808 4533 Nam
2831 4474 2913 4532 ad
2934 4474 3222 4530 indecora
3243 4470 3506 4544 tegenda
3526 4470 3671 4526 satis

296 4581 434 4654 Πρὸς
469 4580 572 4653 γὰρ
633 4582 730 4637 τὴν
781 4584 881 4630 τῶν
939 4573 1261 4648 ἀσχημόνων
1314 4572 1628 4644 ἕπικάλυψιν
1694 4571 1899 4648 ἐξήρκει

2028 4575 2136 4628 :rat
2155 4568 2334 4626 etiam
2356 4566 2660 4639 ejusmodi
2680 4565 3024 4623 tunicarum
3043 4579 3212 4619 usus.
3240 4560 3355 4616 Sed
3376 4559 3668 4632 quoniam

295 4672 390 4723 καὶ
419 4671 451 4727 ἡ
491 4671 710 4726 τοιαύτη
748 4676 849 4721 τῶν
887 4671 1128 4739 χιτώνων
1169 4673 1388 4738 χρῆσις.
1433 4658 1650 4722 Ἐπειδὴ
1703 4659 1762 4715 δὲ
1808 4666 1899 4715 καὶ

297 4759 464 4833 ἕτερος
507 4761 704 4820 σκοπὸς
743 4760 1143 4830 συνεισέρχεται
1179 4754 1316 4824 (84),
1376 4755 1401 4805 ὁ
1457 4759 1548 4805 τοῦ
1610 4751 1899 4805 θάλπεσθαι

300 4844 396 4902 διά
426 4857 527 4901 τῶν
567 4848 974 4921 σκεπασμάτων,
1038 4843 1240 4917 ἀνάγκη
1298 4842 1597 4917 ἀμφοτέρων
1654 4839 1895 4914 ἐστοχα-

375 4967 418 5001 ¹¹
448 4968 469 5022 l
503 4967 634 5022 Cor.
665 4981 747 5034 xi,
779 4968 875 5021 22.
962 4964 1008 5000 ¹²
1039 4966 1210 5019 Rom.
1235 4976 1342 5028 xu,
1384 4961 1473 5017 16.

298 5072 379 5123 vi,
408 5058 462 5112 8.
541 5056 582 5090 '7
618 5054 762 5111 Gen.
797 5068 880 5117 ιιι,
913 5058 1003 5110 2t.

302 5151 694 5229 δημοκοπικῶς.
717 5151 921 5209 Codex
954 5150 1123 5209 Colb.
1151 5147 1616 5224 δημοκοπητικῶς.
1638 5151 1764 5220 Reg
1784 5148 1902 5274 ρι’τί-

302 5243 441 5274 nnu
468 5222 785 5274 δηιιοτικῶε.
818 5223 1027 5274 Statim
1058 5221 1252 5274 codex
1280 5222 1451 5274 Voss.
1488 5219 1739 5274 δόξωιιεν.
1845 5237 1902 5274 e-

300 5219 441 5299 mus
468 5222 785 5299 δημοτικῶς.
818 5223 1027 5299 Statim
1052 5219 1252 5299 pqdei
1280 5222 1451 5299 voss.
1488 5219 1747 5299 {dimicem
1787 5219 1904 5299 Ref

301 5299 380 5368 gii
400 5297 522 5353 duo
543 5291 708 5353 "mss.
745 5304 802 5351 et
832 5294 1004 5368 Colb.
1024 5291 1277 5368 δόξομεν.
1308 5293 1473 5349 Alius
1504 5291 1649 5363 Reg.
1676 5308 1799 5349 ms.
1849 5297 1908 5349 et

303 5363 570 5439 antiquae
602 5368 900 5439 editiones
936 5363 1188 5438 δείξομεν.

397 5434 491 5503 78)
522 5445 672 5496 Ante
693 5438 862 5512 illud,
894 5434 1483 5512 Xpmrimgi,_additus
1506 5438 1599 5491 est
1616 5434 1905 5512 articulus

302 5508 590 5571 extribus
615 5508 1084 5567 codicibusJMox
1107 5509 1399 5565 editiones
1420 5513 1647 5563 veteres
1668 5508 1909 5563 etCom-

299 5581 423 5641 bcf.
450 5584 635 5644 εὐτελὲς
667 5588 754 5652 καὶ
782 5577 1241 5652 ὀλιγοευδάπανον.
1265 5578 1385 5652 Alii
1423 5579 1544 5652 duo
1577 5594 1724 5652 mss.
1767 5593 1909 5634 cum

304 5657 480 5710 Voss.
510 5660 600 5708 καὶ
626 5646 939 5708 εὐδάπανον.
976 5655 1115 5723 Reg.
1146 5650 1353 5710 tertius
1382 5655 1472 5706 καὶ
1502 5646 1904 5724 ὀλιγοδάπᾳνον,

301 5728 483 5791 recte.

1552 4959 1599 4995 ¹³
1630 4959 1832 5017 Matth.
1856 4976 1941 5031 xi,
1976 4964 2030 5033 8,
2062 4963 2148 5016 tl.

2009 4666 2298 4735 praeterea
2344 4658 2498 4716 alius
2546 4655 2850 4713 concurrit
2889 4668 3134 4726 scopus,
3181 4654 3246 4706 ut
3300 4664 3519 4720 nempe
3561 4663 3671 4720 per

2007 4751 2368 4809 indumenta
2396 4749 2730 4816 foveamur,
2764 4759 3013 4801 necesse
3057 4740 3233 4797 fuerit
3262 4739 3539 4796 animum
3562 4750 3667 4810 ap-

2008 4840 2150 4916 pelli
2175 4840 2255 4897 ad
2285 4839 2599 4911 utriusque
2628 4834 2713 4893 rei
2738 4849 2943 4903 usum,
2970 4836 3037 4888 ut
3064 4835 3122 4888 et
3141 4827 3418 4887 membra
3458 4831 3669 4883 nostra

2230 4959 2276 4995 “
2309 4955 2616 5017 Matth.1u,
2641 4956 2695 5009 4.
2777 4952 2821 4989 ³⁵
2857 4947 3032 5008 Hebr.
3054 4963 3138 5013 x1,
3170 4947 3266 5002 37.
3354 4945 3398 4980 ’⁸
3450 4947 3470 5000 l
3516 4943 3667 5001 Tim.

2088 5147 2202 5220 ('79)
2232 5147 2379 5216 Reg.
2423 5144 2948 5220 primusfpearixav
2981 5139 3141 5220 ᾐμᾷς.

2088 5208 2202 5292 (80)
2231 5208 2465 5275 νεῑέτὲε
2488 5216 2616 5292 _duo
2645 5208 2781 5270 libri
2822 5208 3310 5292 ictui-Puriwﬁaiiv‘.

2412 5272 2642 5362 primus
2662 5294 2764 5362 rvi;
2788 5290 2880 5362 τοῦ
2914 5286 3149 5362 Χριστοῦ
3182 5272 3487 5362 ἐπιδημίας.

2234 5352 2555 5417 IdEm'ms.
2586 5360 2786 5416 τούτοις
2814 5352 3365 5433 ἀρῖιξζξθηῗῴμεθβοη,
3574 5418 3589 5433 ,
3610 5414 3668 5433 ι..

2093 5414 2802 5507 (eijii'e‘gisazqndusei
2831 5414 3154 5482 éditianiré';
3211 5422 3237 5472 ό
3297 5421 3501 5492 Κύριος.
3563 5414 3673 5471 Alii

2020 5504 2137 5562 tres
2168 5504 2315 5561 mss.
2348 5504 2502 5564 αὐτὸς
2529 5504 2553 5554 ὃ
2581 5505 2727 5561 Θεὸς·
2886 5567 2902 5570 _
3138 5567 3147 5570 ,

2091 5558 2387 5649 téiTlZditi
2418 5558 2648 5643 et'Reg.
2679 5558 2985 5632 secundus
3027 5567 3359 5647 συνέρχεται.
3420 5558 3529 5620 Alii
3559 5562 3675 5618 tres

2017 5666 2168 5710 mss.
2204 5650 2621 5720 συνεισέρχεται,
