4110 6428
390 400 496 462 079

1774 400 1830 457 S.
1874 398 2122 457 BASlLll
2152 396 2371 457 MAGNI

3653 403 3764 458 980

388 527 679 586 indecora
734 529 1134 596 contegantur
1195 530 1253 583 et
1305 524 1529 583 auxilio
1581 525 1699 582 sint
1757 524 2047 581 adversus

2190 530 2352 598 ’μένην
2409 522 2537 578 εἶναι
2587 530 2679 585 τὴν
2735 534 2959 601 χρῆσιν,
3017 535 3108 580 τοῦ
3164 544 3218 580 τε
3244 529 3358 600 (85)
3409 526 3767 606 περιστέλλειν

393 619 547 675 aeris
571 610 995 675 incommoda.
1027 617 1327 682 Quoniam
1358 622 1561 674 autem
1603 622 1660 673 et
1691 616 1750 672 in
1782 616 1930 690 ipsis
1963 620 2047 672 te-

391 710 694 783 gumentis
725 709 842 765 alia
874 714 1016 765 sunt
1061 709 1319 765 multum
1352 708 1540 774 utilia,
1572 708 1688 765 alia
1720 708 1943 777 minus,
1978 723 2051 762 ea

390 815 531 872 quas
552 805 633 856 ad
649 798 849 871 plures
868 815 1019 854 usus
1046 797 1497 855 accommodari
1534 801 1811 870 possunt,
1833 811 1944 867 par
1962 800 2054 852 est

391 888 682 963 praeferri,
716 888 801 945 sic
828 892 893 944 ut
929 905 1129 961 neque
1166 887 1422 944 laedatur
1464 886 1842 959 paupertatis
1876 885 2050 952 ratio,

392 992 593 1051 neque
620 976 740 1034 alia
764 977 842 1034 ad
874 978 1359 1045 ostentationem,
1384 976 1503 1035 alia
1532 977 1606 1034 ad
1651 975 2054 1033 domesticum

395 1084 583 1124 usum
624 1071 795 1140 parta
838 1067 1196 1135 habeamus,
1241 1081 1441 1140 neque
1466 1082 1680 1123 rursus
1720 1066 1838 1123 alia
1880 1064 2057 1122 vesti-

396 1161 605 1215 menta
634 1157 752 1214 sint
778 1156 1017 1223 diurna,
1049 1156 1168 1214 alia
1196 1163 1495 1214 nocturna
1527 1174 1540 1213 :
1576 1156 1684 1213 sed
1714 1157 2057 1225 excogitan-

401 1245 514 1303 dus
543 1250 634 1303 est
685 1252 868 1319 atque
897 1246 1352 1319 comparandus
1382 1262 1540 1303 unus
1574 1247 1791 1319 aliquis
1840 1247 2058 1318 hujus-

398 1336 568 1394 modi
586 1337 856 1405 vestitus,
879 1336 983 1410 qui
1003 1337 1082 1397 ad
1111 1339 1319 1395 omnia
1342 1337 1522 1394 nobis
1548 1337 1823 1394 suﬂicere
1846 1338 2059 1410 possit,

400 1430 532 1483 tum
556 1426 636 1484 ad
659 1426 950 1485 decorum
982 1444 1052 1485 ac
1085 1428 1411 1485 honestum
1439 1428 1701 1485 interdiu
1746 1428 2058 1495 amictum,

401 1520 532 1573 tum
562 1516 637 1573 ad
668 1517 1082 1574 necessarium
1111 1522 1294 1574 noctu
1324 1519 1789 1589 operimentum.
1843 1521 1926 1575 Ex
1947 1518 2063 1575 hoc

402 1609 608 1663 autem
627 1606 939 1678 contingit,
956 1611 1020 1664 ut
1038 1607 1195 1664 inter
1214 1623 1328 1664 nos
1352 1613 1410 1663 et
1428 1607 1657 1664 cultum
1670 1623 2062 1665 communem

401 1694 767 1769 habeamus,
797 1702 854 1754 et
883 1696 1255 1755 Christianus
1279 1698 1458 1770 quasi
1486 1697 1774 1770 peculiari
1793 1698 2066 1770 quodam

405 1786 753 1845 charactere
781 1787 879 1846 vel
922 1803 997 1846 ex
1039 1789 1175 1861 ipso
1231 1788 1590 1847 indumento
1620 1793 1881 1846 notetur.
1924 1791 2066 1856 Qum

2161 619 2305 690 ἡμῶν
2358 617 2425 669 τὰ
2472 614 2778 690 ἀσχήμονα,
2838 621 2927 671 καὶ
2973 624 3066 671 τοῦ
3120 617 3420 693 ἀλεξήματα
3466 615 3599 671 εἶναι
3636 623 3769 692 πρὸς

2162 713 2376 766 τὴντῶν
2408 706 2567 781 ἀέρων
2627 706 2850 781 βλάϐην.
2919 709 3058 764 Ἐπεὶ
3123 713 3298 783 μέντοι
3355 715 3445 763 καὶ
3488 709 3536 763 ἐν
3589 709 3771 771 αὐτοῖς

2161 800 2368 860 τούτοις
2403 801 2470 851 τὰ
2497 802 2587 870 μὲν
2617 801 2728 851 ἔστι
2754 799 3110 873 πολύχρηστα
3149 800 3281 872 (86),
3328 800 3395 853 τὰ
3437 796 3498 854 δὲ
3551 802 3767 867 ἥττονα,

2165 887 2445 942 ἀκόλουθον
2472 894 2734 963 προτιμῷ
2763 891 2865 942 ὅσα
2890 888 2977 943 ἐπὶ
3013 890 3246 952 πλείονας
3284 888 3527 945 ἕλκεσθαι
3577 895 3770 964 χρείας

2167 975 2409 1045 δύναται,
2459 987 2594 1032 ὥστε
2643 975 2812 1051 μηδὲν
2862 983 2949 1034 τὸν
2998 989 3095 1043 τῆς
3150 979 3522 1055 ἁκτημοσύνης
3586 999 3771 1054 παραο

2168 1067 2492 1121 ϐλάπτεσθαι
2531 1067 2680 1140 λόγον
2706 1089 2719 1103 ·
2770 1073 2861 1121 καὶ
2900 1074 2971 1143 μὴ
3017 1070 3149 1123 ἀλλα
3202 1073 3295 1144 μὶν
3350 1067 3480 1124 εἷναι
3530 1073 3599 1127 τὰ
3645 1073 3776 1146 πρὸς

2169 1155 2420 1221 ἕπίὸᾫξιν
2485 1160 2610 1232 ἡμῖν
2677 1165 3162 1234 παρεσκευασμένα,
3211 1160 3343 1215 ἄλλα
3394 1159 3455 1214 δι
3498 1166 3628 1235 πρὸς
3675 1164 3773 1220 τὴν

2169 1248 2282 1301 κατ’
2325 1244 2465 1301 οἶκον
2512 1253 2732 1322 χρείανο
2794 1254 2884 1301 καὶ
2949 1258 3119 1304 ταῦτα
3162 1250 3316 1304 πάλιν
3364 1252 3512 1325 ἕτερα
3707 1253 3779 1304 τὰ

2170 1341 2488 1413 μεθημερινὰ
2519 1338 2653 1411 (87),
2704 1340 2853 1414 ἕτερα
2890 1336 2949 1392 δὲ
2990 1340 3055 1394 τὰ
3120 1340 3169 1393 ἐν
3226 1349 3288 1415 τῇ
3356 1345 3507 1395 νυκτὶ
3550 1339 3776 1400 ἐπιϐλή-

2172 1448 2349 1504 ματα·
2408 1427 2535 1481 ἀλλὰ
2591 1427 2807 1483 ἐπινοεῖν
2861 1429 2962 1491 ἑνός
3011 1433 3251 1483 τοιούτου
3316 1435 3410 1491 τὴν
3477 1440 3687 1498 κτῆσιν,
3751 1429 3779 1482 ὃ

2171 1522 2304 1594 πρὸς
2333 1521 2503 1571 πάντα
2543 1520 2669 1591 ἡμῖν
2727 1517 2955 1593 ἐξαρκεῖν
3007 1517 3249 1589 δύναται,
3307 1525 3437 1595 πρὸς
3478 1540 3533 1573 τε
3562 1524 3658 1579 τὴν
3698 1519 3781 1573 se.

2178 1615 2432 1683 σχήμονα
2453 1609 2567 1682 μεθ’
2606 1612 2802 1684 ἡμέραν
2839 1608 3117 1685 περιϐολὴν
3156 1616 3247 1663 καὶ
3287 1614 3421 1687 πρὸς
3461 1615 3552 1669 τὴν
3610 1609 3783 1683 ὄινατδ

2176 1708 2330 1755 καίαν
2378 1700 2429 1754 ἂν
2482 1708 2544 1773 τῇ
2602 1706 2771 1755 νυκτί.
2829 1699 2915 1754 Ἐκ
2964 1698 3024 1754 δε
3089 1704 3276 1755 τούτου
3329 1700 3605 1775 συμϐαίνει
3643 1702 3783 1774 ἡμᾶς

2177 1796 2370 1862 καὶτῷ
2410 1794 2652 1863 σχήματι
2679 1798 2938 1843 κοινωνεῖν
2956 1788 3220 1853 ἀλληλοις,
3262 1795 3352 1843 καὶ
3391 1792 3545 1843 οἱονεὶ
3600 1809 3784 1863 χαρα-

405 1878 570 1934 enim
594 1876 677 1935 ad
704 1893 898 1935 unum
940 1881 999 1936 et
1028 1878 1313 1936 eumdem
1343 1878 1531 1935 ﬁnem
1564 1883 1861 1952 spectant,
1902 1894 1976 1936 ea
2004 1882 2071 1936 ut

2190 1883 2350 1955 κτῆροὶ
2374 1898 2491 1932 τινα
2519 1875 2797 1940 ἰδιάζοντα
2846 1883 2937 1932 καὶ
2963 1879 3019 1932 ἐκ
3064 1888 3157 1933 τοῦ
3205 1876 3507 1953 ἐνδύματος
3534 1889 3606 1951 τῷ
3654 1886 3788 1954 Χρι-

402 1958 741 2043 plurimum
762 1967 1047 2025 eamdem
1073 1968 1230 2026 inter
1254 1985 1318 2025 se
1347 1968 1610 2026 formam
1636 1974 1901 2027 servant.

485 2152 538 2206 3.
568 2152 761 2222 Atque
811 2149 992 2208 etiam
1034 2149 1098 2208 in
1141 2166 1214 2209 eo
1237 2152 1403 2209 utilis
1431 2155 1523 2209 est
1558 2151 1882 2225 peculiaris
1942 2152 2074 2209 haec

412 2238 671 2296 amictus
712 2239 886 2311 ratio,
933 2241 1102 2314 quod
1135 2243 1497 2315 prtenuntiet
1548 2258 2074 2317 unumquemque,

414 2343 487 2384 ac
530 2329 669 2385 vita
699 2331 1042 2388 secundum
1100 2335 1290 2390 Deum
1336 2339 1485 2390 actas
1530 2333 1972 2407 professionem
2013 2335 2075 2390 in

411 2423 797 2476 antecessum
832 2421 1143 2480 declaret:
1184 2439 1324 2497 qum
1349 2439 1448 2481 res
1468 2424 1608 2481 facit
1637 2424 1833 2499 utqui
1874 2424 2077 2481 nobis-

412 2523 557 2565 eum
602 2515 941 2578 versantur,
983 2514 1412 2570 convenientes
1459 2530 1531 2571 ac
1560 2529 1864 2585 congruas
1897 2514 2077 2586 368

415 2597 684 2655 actiones
712 2615 749 2656 a
776 2600 1241 2673 nobisgexigant.
1267 2604 1627 2661 lndecorum
1645 2607 1808 2662 enim
1830 2611 1888 2662 et
1912 2605 2078 2661 inho-

415 2692 657 2745 nestum
689 2704 815 2745 non
844 2706 1019 2763 asque
1062 2692 1125 2748 in
1163 2693 1517 2750 hominibus
1549 2695 1845 2767 obscuris,
1897 2703 2079 2771 atque

414 2778 479 2834 in
507 2778 581 2835 iis
611 2781 715 2853 qui
764 2797 993 2853 magna
1022 2782 1402 2855 proﬁtentur,
1454 2791 1733 2858 apparet.
1774 2787 2081 2846 Plebeium

415 2867 581 2924 enim
603 2873 710 2925 aut
726 2870 1060 2928 obscurum
1093 2873 1447 2946 quempiam
1477 2874 1788 2931 hominem
1812 2876 2084 2948 inﬂigen-

418 2962 540 3013 tem
583 2958 825 3031 plagas,
877 2965 980 3018 aut
1024 2961 1267 3034 publice
1317 2963 1739 3036 accipientem,
1790 2971 1848 3023 et
1904 2982 2085 3025 voces

418 3046 718 3105 obscenas
747 3051 1140 3120 emittentem,
1165 3051 1301 3108 etin
1334 3050 1597 3110 tabernis
1633 3061 1995 3125 versantem,
2031 3065 2088 3116 et

420 3136 542 3194 alia
567 3137 631 3193 id
660 3154 855 3210 genus
905 3141 1187 3199 indecore
1223 3148 1639 3216 peragentem,
1673 3160 1855 3202 nemo
1909 3147 2086 3205 facile

2185 1979 2377 2042 στιανῷ
2444 1969 2756 2024 ἐπικεῖσθαι.
2816 1972 2895 2024 Τὰ
2928 1972 3031 2045 ’γὰρ
3088 1973 3215 2043 πρὸς
3258 1971 3347 2023 ἕνα
3401 1973 3596 2023 σκοπὸν
3658 1988 3787 2023 συν-

2180 2065 2413 2115 τείνοντα
2436 2061 2501 2120 ὡς
2525 2062 2591 2112 τὰ
2620 2062 2732 2122 (88)
2761 2056 2925 2111 πολλὰ
2955 2061 3124 2112 ταυτοὶ
3151 2055 3293 2113 ἔστιν
3325 2057 3580 2122 ἀλλήλοις.

2256 2156 2307 2207 3.
2341 2154 2618 2225 Χρήσιμον
2653 2145 2712 2202 δί
2736 2153 2828 2202 καὶ
2856 2152 2914 2202 τὸ
2940 2148 2996 2202 ἐκ
3021 2156 3114 2211 τῆς
3143 2148 3366 2211 ἐσθῆτος
3404 2146 3606 2223 ἰδίωμα
3649 2168 3787 2224 προσ

2184 2243 2547 2315 κηρυττούσης
2624 2240 2863 2307 ἕκαστον,
2935 2240 3028 2292 καὶ
3086 2235 3687 2315 προδιαμαρτυρομένης
3728 2241 3789 2292 τὸ

2184 2330 2488 2404 ἐπάγγελμα
2537 2338 2631 2392 τῆς
2689 2332 2825 2381 κατὰ
2872 2332 3002 2383 Θεὸν
3070 2330 3208 2391 ζωῆς
3241 2350 3254 2364 ·
3308 2332 3448 2382 ὥστε
3506 2328 3791 2383 ἀκόλουθον

2183 2426 2276 2476 καὶ
2349 2426 2444 2481 τὴν
2509 2419 2697 2493 πρᾶξιν
2774 2420 2918 2495 παρὰ
2968 2428 3068 2472 τῶν
3128 2424 3598 2491 συντυγχανόντων
3663 2421 3791 2491 ὑμῖν

2188 2512 2546 2565 ἀπαιτεῖσθαι.
2581 2509 2657 2562 Οὐ
2696 2512 2798 2585 γὰρ
2851 2511 3043 2582 ὁμοίως
3085 2514 3143 2562 τὸ
3175 2504 3399 2583 ἀπρεπὲς
3462 2514 3554 2561 καὶ
3611 2510 3794 2581 ἄσχη-

2189 2623 2284 2678 μον
2315 2603 2363 2655 ὲν
2392 2586 2762 2672 τοῑξτυχοῦσι
2790 2598 2952 2653 καὶέν
2980 2607 3088 2661 τοῖς
3117 2599 3318 2673 μεγαλα
3340 2600 3454 2671 (89)
3484 2601 3790 2670 ὑπισχνου-

2191 2698 2357 2768 μένοις
2405 2689 2756 2764 διαφαίνεται.
2807 2694 3046 2763 Δημότην
3093 2694 3183 2763 μὶν
3237 2692 3360 2764 γὰρ,
3417 2693 3446 2749 ἦ
3522 2705 3635 2741 τινα
3686 2696 3788 2739 τῶν

2190 2789 2459 2857 τυχόντων
2510 2778 2733 2835 διδόντα
2796 2781 3002 2853 πληγὰς
3044 2781 3073 2840 ἣ
3142 2779 3465 2853 λαμϐάνοντα
3520 2774 3784 2851 δημοσίᾳ,

2192 2880 2283 2929 καὶ
2340 2875 2505 2947 φωνὰς
2561 2868 2807 2945 ἀπρεπεῖς
2886 2868 3118 2943 ἀφιέντα,
3197 2874 3288 2922 καὶ
3365 2867 3416 2921 ἄν
3492 2864 3795 2927 καπηλείοις

2194 2961 2558 3036 διαιτώμενον,
2620 2965 2711 3012 καὶ
2768 2960 2899 3012 ἄλλα
2956 2959 3302 3034 παραπλήσια
3353 2958 3553 3018 τούτοις
3607 2955 3797 3028 ιῖιιςνχη⁶

2196 3063 2470 3130 μονοῡντα,
2522 3049 2617 3102 οὐκ
2663 3053 2725 3105 ἄν
2773 3069 2855 3113 τις
2906 3046 3104 3125 ῥᾳδίως
3150 3046 3274 3104 οὐδὲ
3330 3051 3796 3123 παρατηρησιιεν,

2198 3148 2458 3201 ἀκόλουθα
2500 3142 2631 3200 εἶναι
2686 3150 2748 3216 τῇ
2796 3140 2885 3215 ὅλῃ
2914 3144 3231 3214 προαιρήσει
3256 3145 3352 3191 τοῦ
3384 3137 3508 3210 βίου
3564 3132 3802 3192 καταδεε-

419 3229 905 3299 attenderit,cum
934 3232 1095 3290 facta
1126 3232 1227 3290 illa
1256 3235 1542 3291 universo
1584 3235 1719 3291 vitae
1748 3237 1945 3310 ipsius
2000 3237 2078 3294 in-

2199 3244 2423 3312 χόμενος
2468 3239 2535 3289 τὰ
2591 3238 2863 3308 γινόμεναι
2915 3234 3002 3284 τὸν
3047 3226 3106 3283 6“:
3150 3228 3200 3283 ἐν
3253 3224 3608 3301 ἐπαγγελματι
3655 3224 3805 3301 ἀκρι-

420 3317 624 3376 stituto
671 3321 994 3379 convenire
1040 3323 1383 3395 intelligat:
1435 3324 1540 3381 sed
1592 3327 1698 3398 qui
1753 3326 2088 3399 perfectum

418 3407 556 3464 vitae
570 3423 759 3479 genus
771 3411 1105 3484 proﬁtetur,
1128 3414 1178 3470 si
1193 3413 1342 3487 quid
1356 3415 1449 3470 vel
1461 3415 1674 3471 minim
1686 3432 1787 3472 um
1815 3417 2091 3487 neglexe-

420 3496 496 3552 rit
515 3513 728 3555 eorum
754 3517 891 3574 quae
913 3502 1094 3559 ofﬁcii
1126 3505 1457 3574 sunt,huuc
1494 3520 1708 3561 omnes
1737 3506 2088 3579 observant,

422 3587 662 3662 ipsique
682 3589 745 3645 id
793 3592 1001 3664 probri
1029 3591 1163 3650 loco
1207 3594 1528 3666 objiciunt,
1561 3611 1633 3652 ac
1662 3595 1891 3653 faciunt
1919 3598 2090 3670 quod

422 3679 652 3737 dictum
681 3686 770 3736 est
802 3698 817 3737 :
849 3682 1141 3740 Conversi
1166 3684 1516 3755 dirumpent
1542 3702 1643 3743 vos
1656 3687 1730 3741 η.
1762 3688 1956 3753 Quare
1975 3688 2091 3745 hac

421 3770 618 3827 cultus
628 3771 995 3846 habitusque
1010 3774 1706 3850 professione,tanquam
1720 3777 2090 3834 documento

422 3860 694 3933 quodam
720 3877 756 3918 a
784 3863 944 3919 vitiis
970 3862 1338 3921 inﬁrmiores
1368 3871 1650 3923 arcentur
1675 3867 1771 3923 vel
1800 3867 1990 3924 inviti.
2018 3870 2091 3924 Ut

422 3951 602 4021 igitur
628 3951 692 4007 in
722 3953 936 4008 vestitu
956 3954 1277 4025 peculiaris
1299 3956 1551 4028 quidam
1584 3962 1674 4013 est
1710 3963 1959 4014 ornatus
1984 3959 2089 4014 mi-

421 4038 561 4109 litis,
591 4041 744 4098 a‘lius
787 4030 1102 4110 senatoris,
1152 4043 1306 4100 alius
1336 4044 1600 4114 alterius,
1633 4063 1705 4102 ex
1753 4048 1979 4119 quibus
2026 4052 2092 4105 ut

423 4131 759 4204 plurimum
804 4133 1223 4204 conjectantur
1259 4136 1535 4208 ipsorum
1575 4137 1900 4208 dignitates
1942 4158 1955 4208 ;
1988 4139 2092 4196 .ita

426 4237 676 4294 quoque
725 4221 1136 4279 Christianum
1184 4224 1412 4282 habere
1442 4226 1534 4281 vel
1561 4227 1624 4282 in
1656 4229 1869 4284 vestitu
1910 4244 2090 4302 pecu-

426 4308 571 4366 liare
592 4310 1050 4385 quiddam,quo
1070 4313 1327 4370 traditus
1360 4315 1440 4370 ab
1461 4316 1750 4388 Apostolo
1777 4318 2090 4375 modestus

429 4407 680 4458 ornatus
701 4407 1108 4475 conservetur,
1139 4420 1250 4476 par
1279 4410 1369 4461 est
1392 4409 1449 4460 et
1478 4405 1788 4463 decorum.
1824 4408 1938 4474 Qui
1958 4408 2089 4482 qui-

428 4491 569 4549 dem
626 4491 810 4549 modo
861 4494 1066 4550 statuit
1092 4495 1449 4568 episcopum
1494 4501 1780 4553 ornatum
1821 4514 1953 4554 esse
1992 4498 2093 4554 de-

2201 3328 2358 3395 ϐεἰας,
2389 3325 2485 3379 κᾶν
2512 3328 2569 3380 τό
2615 3326 2784 3395 τυχὸν
2829 3317 3032 3395 παρίδῃ
3076 3326 3178 3372 τῶν
3215 3320 3570 3384 καθηκόντων,
3612 3318 3805 3378 πάντες

2200 3417 2530 3492 ἐπιτηροῦσι,
2563 3419 2653 3467 καὶ
2686 3412 2792 3465 ἀντ’
2826 3407 3055 3471 ὀνείδους
3099 3409 3239 3480 αὐτῷ
3280 3412 3602 3484 προφέρουσι
3662 3406 3804 3475 (90),

2199 3515 2461 3567 ποιοῦντες
2535 3507 2593 3557 τὸ
2662 3502 2924 3578 εἰρημένον
2987 3501 3088 3566 ὅτι,
3160 3501 3470 3573 Στραφέντες
3544 3495 3804 3572 ῥήξουσιν

2199 3599 2355 3671 ὑμᾶς.
2412 3594 2573 3648 Ὥστε
2610 3594 2764 3647 οἱονεὶ
2801 3586 3145 3661 παιδαγωγία
3195 3593 3269 3648 τίς
3321 3586 3437 3640 ἑστι
3493 3593 3601 3646 τοῖς
3651 3583 3809 3641 ἀσθε-

2194 3691 2472 3762 νεστέροις,
2509 3687 2636 3760 πρὸς
2676 3685 2735 3736 τὸ
2766 3685 2853 3733 καὶ
2892 3681 3118 3742 ἄκοντας
3155 3678 3341 3739 αὐτοὺς
3385 3675 3486 3730 ἀπὸ
3530 3684 3629 3731 τῶν
3678 3676 3810 3747 φαύ-

2197 3778 2296 3833 λων
2322 3777 2607 3851 εἴργεσθαι,
2649 3774 2679 3832 ἡ
2724 3769 2820 3826 διὰ
2855 3778 2945 3823 τοῦ
2999 3774 3275 3843 σχήματος
3328 3766 3615 3840 ἐπαγγελία
3664 3768 3806 3833 (91),

2211 3878 2285 3929 Ως
2334 3863 2421 3919 οὖν
2467 3864 2581 3918 ἐστί
2636 3883 2687 3916 τι
2744 3866 3071 3937 στρατιώτου
3111 3855 3251 3912 ἴδιον
3301 3857 3348 3909 ἐν
3406 3865 3480 3928 τῷ
3524 3851 3807 3928 Momm,

2196 3929 2298 4012 ’καὶ
2325 3956 2447 4010 ἄλλο
2501 3961 2591 4007 τοῦ
2639 3929 3013 4024 συγκλητικοῦ,
3061 3954 3152 4003 καὶ
3207 3948 3328 4001 ἄλλο
3378 3946 3553 4013 ἄλλου,
3604 3944 3689 4018 ἀφ’
3738 3944 3807 3997 ὧν

2201 4047 2462 4108 εἰκάζεται
2510 4044 2697 4108 αὐτῶν,
2741 4044 2810 4104 ὡς
2840 4039 2925 4092 in":
2954 4043 3013 4091 τό
3052 4038 3313 4103 πλεῖστον,
3374 4039 3441 4089 τὰ
3506 4034 3808 4107 ἀξιώματα,

2200 4142 2358 4198 οὕτως
2416 4131 2543 4188 εἷναί
2586 4151 2703 4186 τινα
2752 4136 2843 4183 καὶ
2882 4136 3204 4204 Χριστιανοῦ
3261 4124 3503 4186 ἰδιότητα
3557 4130 3649 4179 καὶ
3703 4123 3807 4177 ἀπὸ

2196 4237 2287 4290 τῆς
2335 4226 2550 4285 ἐσθῆτος
2600 4223 2847 4296 εὐπρεπὲς
2900 4222 3009 4291 (92)
3058 4224 3148 4273 καὶ
3206 4218 3486 4272 ἀκόλουθον
3526 4216 3809 4277 σώζουσαν

2199 4324 2292 4378 τὴν
2323 4320 2424 4371 ὑπὸ
2474 4323 2564 4373 τοῦ
2604 4312 2922 4368 Ἀποστόλου
2952 4307 3386 4385 παραδεδομένην
3434 4311 3767 4380 κοσμιότητα
3791 4327 3806 4341 ’

2198 4412 2322 4463 ποτε
2351 4411 2439 4482 μὲν
2479 4410 2563 4459 τὸν
2617 4403 2899 4458 ἐπίσκοπον
2955 4405 3177 4475 κόσμιον
3230 4396 3360 4454 εἶναι
3415 4395 3807 4472 διοριζομένου,

2199 4501 2323 4552 ποτέ
2390 4494 2449 4551 δὲ
2499 4498 2595 4558 τὰς
2644 4500 2897 4567 γυναῖκας
2952 4490 3001 4544 ἐν
3063 4488 3354 4563 καταστολῇ
3422 4492 3629 4561 κοσμίῳ
3678 4484 3812 4543 εἶναι

426 4581 569 4639 bere
598 4584 663 4655 η,
705 4581 893 4640 modo
939 4599 1081 4640 vero
1127 4585 1408 4641 mulieres
1438 4586 1498 4641 in
1547 4586 1756 4644 habitu
1806 4588 2078 4663 cultuque

2202 4588 2237 4643 δ
2245 4592 2644 4662 ιατασσομένου,
2685 4577 2778 4638 τοῧ
2809 4586 3033 4657 κοσμίου
3066 4579 3310 4641 δηλονότι
3347 4582 3481 4633 κατά
3523 4582 3611 4633 τὸν
3667 4575 3811 4632 ἴδιον

428 4676 642 4730 ornato
654 4688 787 4729 esse
801 4672 1707 4745 jubet’°,itatamen,utornatus
1731 4693 1848 4735 vox
1872 4695 1945 4735 ex
1959 4694 2093 4752 pro-

428 4762 560 4836 prio
600 4762 1038 4820 Christianismi
1060 4765 1362 4837 proposito
1381 4766 1739 4840 accipiatur.
1776 4770 1895 4825 Hoc
1927 4769 2092 4825 idem

430 4857 487 4911 et
510 4854 1022 4912 decalceamentis
1054 4855 1212 4924 dico,
1241 4856 1395 4915 adeo
1411 4864 1476 4914 ut
1498 4860 1664 4931 quod
1696 4859 1946 4916 minime
1986 4875 2100 4935 ext

503 4982 551 5017 1⁸
577 4980 777 5038 Matth.
819 4996 920 5051 v11,
953 4985 1005 5038 9.
1088 4980 1176 5038 ‘91
1206 4982 1364 5039 Tim.
1404 5000 1490 5040 iu.
1524 4988 1583 5041 2.

504 5109 615 5181 (8‘5)
645 5110 880 5181 Veteres
904 5109 1170 5180 quatuor
1192 5106 1330 5164 libri
1358 5116 1450 5162 τοῦ
1480 5128 1553 5164 τε.
1609 5108 1838 5166 Vocula
1885 5128 1938 5163 τε
1975 5108 2081 5167 ab-

431 5186 559 5237 erat
586 5179 622 5236 a
651 5179 934 5248 vulgatis.

504 5252 801 5335 (3.6)"Reg.
842 5250 1222 5335 primussicn
1268 5252 1641 5335 πολύχρηστα.
1694 5252 1869 5335 Haud
1906 5252 2087 5323 longe

431 5321 578 5381 editi
602 5324 736 5398 ὥστε
764 5321 904 5398 μηδὲ
929 5327 1034 5377 τόν.
1071 5325 1145 5380 At
1173 5341 1317 5398 mss.
1354 5321 1620 5398 quatuor
1644 5321 1833 5398 μηδὲν.

508 5375 622 5471 (ἐξ)
654 5397 717 5449 ιη
747 5375 913 5471 ἀρἸῙ).
958 5375 1713 5471 praiam.erigas'
1734 5375 2082 5471 amp

432 5470 551 5525 Nec
578 5466 664 5521 ita
687 5465 878 5544 _mul_t_o
909 5465 1270 5544 posteditio
1312 5465 1459 5544 'Ven.
1517 5465 1571 5524 et
1616 5484 1767 5524 mss.
1826 5465 2089 5544 quatuor

433 5538 726 5613 XTﬁO‘t?,_§.
766 5537 1519 5613 Aliaa’editionesantiquze
1549 5549 1737 5600 κτῆσιν
1768 5548 1822 5613 ἡ.

507 5609 619 5678 (88)
649 5608 908 5664 Voculas
931 5611 997 5670 ὡς
1026 5612 1091 5662 τά
1133 5609 1343 5667 addidi
1387 5608 1458 5666 ex
1506 5628 1650 5668 mss.
1700 5612 1923 5668 multis.
1958 5614 2089 5669 Mox

436 5680 618 5754 editio
638 5682 780 5754 Ven.
810 5686 866 5736 et
904 5697 1046 5736 mss.
1073 5697 1197 5737 non
1228 5683 1429 5754 pauci.
1462 5688 1553 5736 καὶ
1584 5686 1639 5736 τὸ
1667 5684 1721 5736 ἐκ
1752 5693 1861 5744 τῆς.
1897 5684 2087 5740 Editio

438 5752 619 5812 Paris.
651 5753 873 5826 pariter
902 5768 973 5810 ac
1014 5754 1188 5813 Basil.
1222 5752 1311 5808 καὶ
1341 5755 1396 5808 ἐκ
1432 5762 1552 5829 τῇςι
1607 5756 1872 5815 Subinde
1923 5755 2088 5829 Regii

1669 4985 1717 5020 '0
1742 4984 1762 5038 Ι
1791 4984 1940 5040 Tim.
1972 5001 2035 5053 ιι,
2071 4983 2127 5042 9.

2199 4687 2290 4732 τοῦ
2321 4684 2745 4755 Χριστιανισμοῦ
2777 4676 2885 4744 (93)
2918 4676 3111 4726 σκοπὸν
3163 4675 3462 4746 νοουμένου.
3535 4670 3593 4722 ’0
3647 4669 3810 4732 αὐτὸς

2203 4766 2265 4822 δέ
2293 4789 2383 4842 μοι
2410 4767 2561 4839 λόγος
2589 4770 2680 4818 καὶ
2721 4770 2842 4838 περὶ
2893 4759 3249 4835 ὑποδημάτων
3303 4760 3447 4814 ἐστίν
3477 4780 3490 4794 ·
3552 4760 3690 4813 ὥστε
3746 4762 3809 4812 τὸ

2204 4857 2501 4934 ἀπερίεργον
2526 4861 2616 4909 καὶ
2642 4855 3079 4930 εὐποριστότερον,
3139 4856 3230 4904 καὶ
3282 4854 3410 4925 πρὸς
3456 4853 3543 4903 τὸν
3604 4850 3807 4902 σκοπὸν

2192 5108 2316 5165 duo
2343 5124 2488 5165 mss.
2516 5112 2606 5159 καὶ
2640 5103 3157 5180 διαμαρτυρομένης.

2268 5182 2379 5253 (89)
2406 5183 2545 5250 Reg.
2569 5170 2891 5253 prim'us'rrz
2903 5170 3118 5250 μεάάλα.
3139 5173 3462 5253 Aliquanto
3484 5175 3619 5247 post
3641 5170 3813 5229 idem

2196 5269 2312 5310 ms.
2343 5252 2391 5304 ἐν
2422 5251 2707 5322 καπηλείῳ.

2268 5325 2379 5394 (90)
2413 5323 2613 5380 Codex
2646 5320 2813 5377 Colb.
2846 5323 3226 5395 προσφέρουσι.

2204 5379 2219 5468 Ἴ
2265 5379 2550 5468 (91)Βθε.
2584 5394 2817 5468 primus
2848 5379 3112 5467 εἴργεσθαι
3137 5400 3199 5465 τῇ
3246 5387 3340 5443 διὰ
3366 5396 3459 5442 τοῦ
3519 5394 3808 5463 σχήματος

2197 5466 2497 5521 ἐπαιννελία.

2269 5491 3120 5613 Egit/iligﬁquiduolibricum
3171 5536 3340 5613 Voss.
3383 5532 3634 5613 εᾷπρεπῆ.
3693 5533 3813 5591 Alii

2195 5608 2319 5667 duo
2341 5627 2486 5667 mss.
2503 5608 2580 5683 et
2595 5610 2859 5683 antiquas
2890 5608 3183 5683 editiones
3202 5608 3487 5683 prgam-eg,
3511 5610 3690 5662 recte.

2269 5685 2380 5753 (93)
2410 5681 2561 5738 Editi
2591 5687 2647 5737 et
2673 5676 2823 5756 Reg.
2839 5680 3145 5756 secundus
3166 5676 3420 5732 ἴδιοντοῦ
3452 5684 3807 5756 Χριστιανοῦ.

2195 5754 2305 5813 Alii
2346 5760 2463 5814 tres
2484 5770 2634 5814 mss.
2671 5758 2728 5813 et
2756 5753 2899 5811 editi
2922 5758 3373 5827 Χριστιανισμοῦ.
3502 5753 3508 5763 π
