4110 6434
338 370 435 430 981

1495 365 1794 421 REGULE
1838 361 2085 420 FUSIUS
2123 361 2523 419 TBACTATAS.

3594 368 3701 423 982

337 507 436 560 τῆς
492 499 674 573 χρείας
739 492 951 571 ἀρκοῦν,
1004 498 1153 548 τοῦτο
1204 492 1403 568 αἱρετὸν
1461 486 1591 543 εἶναι
1656 488 1703 541 ἐν
1735 488 1931 560 Exue-ru

2062 485 2349 561 quisitum
2391 489 2496 553 est,
2549 486 2835 562 quodque
2884 490 3138 549 minimo
3186 499 3432 568 sumptu
3505 491 3707 568 parari

338 594 524 666 καιρῷ.

906 761 1219 812 ΕΡΩΤΗΣῙΣ
1248 754 1363 810 ΚΓ.

836 853 959 924 Περὶ
979 854 1074 910 τῆς
1104 847 1273 910 ζώνης
1303 846 1433 913 (94).

955 941 1327 992 ΔΠΟΚΡῙΣΙΣ.

407 1030 514 1090 Τήν
569 1025 630 1083 δὲ
688 1034 784 1091 τῆς
815 1030 980 1091 ζώνης
1014 1030 1202 1100 χρείαν
1233 1022 1488 1085 δηλοῦσιν
1528 1022 1812 1096 ἀναγκαίαν
1842 1020 1935 1075 οὖ-

339 1140 434 1174 σαν
484 1120 572 1173 καὶ
616 1119 664 1170 οἱ
722 1114 1068 1192 προλαϐόντες
1105 1116 1268 1188 ἅγιον
1325 1114 1561 1174 Ἰωάννης
1591 1116 1681 1188 μὲν
1734 1109 1936 1189 δερμα-

335 1213 445 1281 τίνη
506 1208 642 1281 ζώνῃ
676 1210 1034 1284 περισφίγγων
1067 1203 1251 1258 ἑαυτοῦ
1289 1208 1381 1263 τήν
1408 1202 1591 1277 ὀσφύν,
1631 1206 1719 1255 καὶ
1758 1200 1938 1265 Ἠλίας

330 1300 405 1349 ἔτι
456 1299 724 1373 πρότερον.
777 1298 1076 1371 Γέγραπται
1139 1298 1265 1369 γὰρ,
1312 1297 1485 1367 ὥσπερ
1539 1287 1734 1365 ἰδίωμα
1762 1311 1814 1344 τι
1843 1298 1933 1344 τοῦ

332 1380 538 1460 ἀνδρὸς,
619 1387 699 1450 τὸ,
779 1382 936 1457 Ἀνήρ
1003 1379 1195 1449 δασὺς,
1273 1387 1363 1435 καὶ
1445 1381 1581 1442 ζώνη
1644 1377 1930 1455 δερματίνη

328 1478 448 1552 περί
494 1479 589 1532 τήν
646 1473 808 1547 ὀσφύν
858 1473 1017 1526 αὐτοῦ
1086 1472 1220 1545 (95).
1277 1474 1378 1524 Καὶ
1438 1472 1626 1547 Πέτρος
1682 1466 1740 1523 δὲ
1793 1469 1930 1545 ζώνη

324 1565 648 1640 κεχρημένος
699 1559 986 1631 δείκνυται,
1046 1564 1115 1624 ὡς
1170 1557 1327 1621 δῆλον
1378 1559 1561 1614 ἐκτῶν
1591 1567 1682 1612 τοῦ
1712 1557 1930 1633 ἀγγέλου

319 1654 571 1732 ῥημάτων
632 1657 764 1729 πρὸς
817 1653 974 1705 αὐτὸν
1035 1651 1292 1725 λεγοντος·
1343 1656 1541 1718 Ζῶσαι,
1606 1653 1696 1702 καὶ
1725 1645 1927 1708 ὑπόδη-

323 1762 415 1797 σαι
470 1746 534 1797 τὰ
584 1740 846 1796 σανδάλιά
892 1762 1012 1797 σου.
1079 1746 1178 1794 Καὶ
1229 1742 1254 1792 ὁ
1304 1740 1558 1815 μακάριος
1620 1738 1824 1802 Παῦλος
1871 1738 1927 1791 ἐκ

2056 582 2275 649 potest,
2300 592 2369 632 ac
2392 577 2766 633 necessitatis
2788 596 2972 653 scopo
2996 580 3233 654 sufﬁcit,
3257 585 3704 658 omnitempore

2051 664 2422 739 praeferatur.

2507 756 3031 818 INTERROGATIO
3058 762 3241 833 xxm,

2721 848 2802 905 De
2852 864 3025 907 zona.

2676 937 3092 997 RESPONSIO.

2117 1025 2534 1083 Necessarium
2569 1043 2700 1084 esse
2741 1043 2908 1085 zonae
2941 1045 3122 1087 usum
3152 1028 3467 1089 declarant
3516 1030 3703 1091 etiam

2044 1115 2275 1190 priores
2301 1116 2513 1173 sancti.
2543 1119 2805 1174 Joannes
2835 1118 3083 1192 quidem
3107 1119 3360 1193 pellicea
3379 1137 3531 1178 zona
3549 1121 3704 1179 lum.

2043 1206 2155 1263 bos
2181 1222 2323 1263 suos
2344 1207 2827 1279 praecingebat“,
2856 1212 2912 1263 et
2932 1211 3069 1265 ante
3088 1208 3295 1283 ipsum
3316 1211 3496 1268 etiam
3519 1211 3702 1270 Elias.

2042 1296 2342 1370 Scriptum
2373 1299 2462 1352 est
2490 1296 2673 1364 enim,
2704 1297 3164 1370 quasihominis
3184 1301 3503 1373 proprium
3522 1301 3702 1376 quid-

2042 1384 2187 1443 dam
2200 1384 2566 1441 fuissetillud
2596 1403 2609 1442 :
2634 1385 2740 1441 Vir
2752 1386 3008 1456 pilosus,
3030 1392 3085 1444 et
3105 1391 3518 1459 zonapellicea
3535 1392 3700 1449 circa

2041 1492 2211 1534 renes
2228 1478 2355 1547 ejus
2373 1477 2413 1533 ³.
2439 1479 2506 1532 Et
2523 1479 2727 1533 Petrus
2749 1493 2995 1551 quoque
3014 1494 3167 1536 zona
3200 1496 3340 1535 usus
3358 1480 3542 1538 fuisse
3567 1498 3700 1557 per-

2039 1567 2304 1631 hibetur,
2333 1572 2397 1622 ut
2424 1565 2612 1640 liquet
2637 1582 2711 1622 ex
2739 1565 2937 1624 verbis
2976 1568 3177 1638 angeli
3221 1568 3305 1625 sic
3338 1569 3509 1627 illum
3553 1571 3699 1628 allo-

2040 1655 2279 1731 quentis
2296 1656 2723 1729 :Prazcingere,
2748 1661 2804 1713 et
2823 1673 2890 1712 su
2900 1658 3063 1728 bliga
3083 1659 3276 1715 soleas
3297 1663 3433 1717 tuas
3460 1661 3529 1716 ³³.
3548 1663 3700 1718 Pras-

2039 1752 2321 1821 tereaque
2350 1745 2598 1803 beatum
2640 1746 2915 1816 Paulum,
2943 1764 3017 1805 ex
3046 1764 3119 1805 eo
3150 1749 3318 1824 quod
3361 1749 3609 1821 Agabus
3634 1750 3700 1810 in

316 1842 406 1894 τῆς
450 1838 543 1886 τοῦ
605 1829 830 1905 Ἀγαϐου
886 1834 1201 1908 προφητείας
1253 1838 1349 1892 τῆς
1399 1829 1468 1892 εἰς
1509 1829 1665 1883 αὑτὸν
1692 1835 1926 1903 φαίνεται

2052 1848 2177 1888 sum
2209 1830 2621 1904 pronuntiavit
2644 1832 2948 1904 vaticinio,
2970 1849 3123 1891 zona
3151 1850 3333 1891 usum
3354 1834 3538 1893 fuisse
3560 1851 3700 1893 con-

320 1923 640 1999 κεχρημὲνος
700 1920 859 1999 ζώνη·
918 1924 1017 1975 Τόν
1078 1923 1178 1997 γὰρ
1229 1916 1401 1996 ἄνδρα
1454 1918 1514 1972 οὗ
1544 1918 1682 1973 ἑστιν
1722 1919 1750 1978 ἡ
1786 1919 1922 1980 ζώνη

320 2010 452 2073 αὕτη
510 2011 669 2075 οὕτως
734 2006 988 2077 δήσουσι,
1046 2014 1224 2085 φησὶν,
1282 2007 1329 2061 ἐν
1370 2007 1750 2086 Ἰεροσολύμοις
1798 2008 1923 2080 (96).

322 2106 423 2157 Καὶ
481 2103 507 2153 ὁ
539 2098 658 2155 Ἰὼϐ
697 2096 757 2154 δέ
802 2103 947 2174 παρὰ
1003 2107 1095 2154 τοῦ
1147 2106 1341 2175 Κυριου
1412 2098 1688 2159 ζώσασθαι
1754 2118 1926 2174 προσ-

320 2192 599 2248 τάσσεται.
662 2190 748 2252 Ὠς
804 2192 904 2267 γὰρ
953 2186 1197 2266 ἀνδρείας
1246 2193 1404 2257 τινὸς,
1452 2192 1542 2241 καί
1579 2197 1675 2251 τῆς
1704 2192 1833 2263 πρὸς
1862 2191 1930 2242 τὰ

324 2285 448 2359 ἔργα
498 2280 810 2355 ἐποιμασίας
878 2278 1155 2354 σύμϐολον,
1225 2285 1424 2347 Ζῶσαι,
1506 2281 1686 2351 φησὶν,
1755 2278 1927 2351 ὥσπερ

322 2370 451 2448 ἀνὴρ
505 2373 595 2430 τήν
650 2368 814 2445 ὀσφύν
864 2389 980 2425 σου.
1048 2375 1148 2423 Καὶ
1198 2364 1376 2437 δῆλον,
1464 2368 1546 2420 ὅτι
1614 2374 1750 2421 πᾶσι
1823 2373 1929 2428 τοῖς

322 2462 588 2537 μαθηταῖς
636 2467 728 2514 τοῦ
784 2464 980 2533 Κυρίου
1040 2460 1273 2521 συνήθης
1325 2461 1386 2517 ἠν
1412 2459 1442 2517 ή
1476 2466 1567 2518 τῆς
1599 2457 1763 2518 ζώνης
1790 2465 1929 2534 χρῆ-

325 2571 404 2614 σις
444 2552 581 2624 (97),
635 2552 719 2613 σῖς
771 2548 1099 2625 ἀπηγόρευτο
1142 2554 1214 2623 μή
1272 2550 1412 2621 ἔχειν
1451 2547 1651 2620 χαλκόν
1706 2547 1779 2611 εἰς
1834 2550 1931 2610 τὰς

320 2643 503 2705 ζώνας.
564 2639 765 2704 Ἀλλως
802 2659 857 2694 τε
901 2644 990 2693 καὶ
1052 2639 1165 2711 (98)
1218 2638 1469 2712 μέλλοντα
1547 2637 1928 2712 αύτουργήσειν

323 2729 522 2803 ἀνάγκη
580 2728 804 2789 εὐσταλῆ
860 2734 950 2782 καί
1016 2723 1402 2802 ἀνεμπόδιστον
1464 2734 1592 2780 εἶναι
1659 2730 1790 2802 πρὸς
1840 2728 1929 2788 τὰς

320 2824 572 2883 κινήσεις.
627 2819 787 2873 Ὠστε
833 2823 920 2872 καὶ
985 2816 1155 2880 ζώνης
1211 2818 1352 2889 αύτῷ
1393 2821 1573 2892 χρεία,
1606 2812 1677 2870 δι’
1709 2816 1768 2878 ἧς
1795 2835 1930 2891 προ-

326 2909 643 2969 σταλήσεται
679 2903 752 2982 τῷ
794 2914 1001 2983 σώματι
1055 2909 1081 2961 ὁ
1110 2912 1296 2981 χιτών·
1340 2910 1429 2959 καὶ
1458 2904 1653 2980 μᾶλλόν
1681 2925 1740 2978 γε
1778 2904 1930 2960 αὐτόν

333 2999 518 3072 θάλψει
572 3003 1047 3075 πιριπτυσσόμενος
1099 2998 1454 3070 πανταχόθεν,
1496 2998 1677 3048 καὶτὸ
1736 2994 1933 3048 ἀκώλυ-

329 3109 413 3143 τον
459 3089 597 3162 αύτῷ
662 3093 792 3166 πρὸς
856 3090 946 3151 τὰς
1001 3093 1238 3151 κινήσεις
1308 3087 1722 3160 παρασκευάσει.
1790 3084 1933 3139 Ἐπεί

2041 1925 2179 1978 stat.
2244 1922 2447 1979 Virum
2498 1921 2680 1985 enim,
2712 1921 2928 1997 inquit,
2952 1927 3126 1996 cujus
3158 1930 3241 1982 est
3262 1941 3415 1983 zona
3437 1926 3588 1998 ha'c,
3614 1927 3701 1984 sic

2038 2012 2392 2082 alligabunt
2413 2013 2476 2067 in
2495 2011 2831 2069 Jerusalem
2855 2014 2925 2070 ³⁸.
2959 2016 3026 2071 Et
3048 2013 3160 2071 Job
3191 2014 3371 2072 etiam
3413 2015 3704 2088 praecingi

2039 2103 2332 2160 Dominus
2380 2102 2672 2176 praecipit.
2725 2103 2959 2161 Etenim
3015 2105 3191 2179 quasi
3211 2104 3329 2162 hoc
3351 2105 3597 2177 signum
3629 2106 3704 2164 sit

2041 2193 2229 2250 animi
2242 2192 2335 2264 cuj
2350 2194 2566 2248 usdam
2578 2191 2789 2262 virilis,
2804 2200 2862 2250 et
2881 2193 2958 2251 ad
2980 2210 3108 2250 rem
3135 2194 3469 2265 gerendam
3486 2195 3700 2270 parati,

2041 2282 2198 2340 ait:A
2210 2284 2488 2353 ccingere
2509 2287 2800 2356 tanquam
2820 2286 2915 2340 vir
2928 2284 3197 2341 lumbum
3210 2286 3388 2341 tum”
3398 2325 3413 2341 .
3433 2288 3704 2359 Itemque

2035 2389 2203 2430 zonae
2228 2388 2407 2428 usum
2431 2371 2717 2429 omnibus
2743 2370 2980 2428 Domini
3008 2372 3322 2447 discipulis
3340 2373 3704 2433 familiarem

2037 2462 2222 2519 fuisse
2245 2478 2319 2517 ex
2339 2477 2411 2518 eo
2432 2460 2803 2532 intelligitur,
2828 2462 2993 2535 quod
3017 2462 3569 2537 interdictumipsis
3582 2463 3705 2521 tua.

2037 2551 2131 2622 rit,
2171 2569 2244 2607 ne
2295 2568 2376 2607 aes
2412 2551 2706 2607 haberent
2732 2551 2794 2607 in
2839 2551 3088 2607 zonis“.
3114 2555 3180 2608 Et
3200 2552 3429 2626 alioqui
3456 2568 3706 2612 necesse

2040 2647 2128 2698 est
2159 2641 2232 2710 ei,
2260 2640 2366 2715 qui
2396 2657 2502 2714 per
2532 2658 2596 2696 se
2624 2640 2755 2714 ipse
2789 2640 3038 2714 aliquod
3083 2641 3262 2715 369
3302 2658 3460 2714 opus
3493 2646 3708 2701 tracta-

2040 2735 2210 2788 turus
2232 2731 2323 2795 sit.
2350 2730 2725 2787 succinctum
2748 2746 2879 2787 esse
2910 2735 2965 2786 et
2994 2730 3073 2787 ad
3098 2736 3298 2788 motus
3316 2731 3600 2798 liberum,
3620 2733 3708 2789 sio

2040 2824 2105 2878 ut
2150 2836 2305 2877 zona
2342 2836 2591 2894 quoque
2630 2819 2685 2876 ei
2733 2820 2809 2877 sit
2831 2835 3011 2895 opus,
3042 2836 3152 2894 per
3176 2836 3367 2895 quam
3391 2821 3599 2879 tunica
3626 2821 3710 2879 ad

2046 2926 2269 2982 corpus
2294 2909 2725 2966 contrahatur:
2745 2913 2802 2965 et
2823 2909 3052 2981 ipsum,
3079 2911 3128 2966 si
3155 2909 3464 2967 undelibet
3490 2910 3565 2968 sit
3590 2911 3708 2968 cir-

2043 3000 2432 3071 cumplicata,
2471 2999 2668 3068 magis
2700 2998 2948 3067 fovebit,
2970 2999 3380 3073 eumdemque
3408 2999 3489 3058 ad
3507 3004 3710 3058 motus

2046 3088 2396 3163 expeditum
2427 3087 2756 3162 praestabit.
2790 3091 2938 3145 Nam
2964 3093 3022 3145 et
3047 3088 3340 3145 Dominus
3366 3106 3505 3147 cum
3532 3106 3712 3164 para-

325 3186 413 3236 καὶ
470 3182 496 3234 ὁ
554 3182 766 3257 Κύριος,
819 3179 902 3233 ὅτε
950 3178 1018 3241 εἰς
1060 3182 1156 3237 τήν
1211 3173 1481 3230 διακονίαν
1530 3183 1633 3228 τῶν
1685 3177 1931 3249 μαθητῶν

2052 3182 2133 3235 ret
2178 3195 2262 3243 se,
2315 3182 2379 3235 ut
2427 3177 2796 3234 ministraret
2833 3177 3163 3250 discipulis,
3225 3184 3476 3252 accepto
3523 3179 3709 3237 linteo

322 3272 741 3349 παρεσκέυάζετο
766 3313 781 3341 ,
852 3268 1021 3323 λαϐὼν
1102 3268 1294 3323 λέντιον
1374 3263 1626 3331 διέζωσεν
1720 3266 1932 3323 ἑαυτὸν.

327 3368 454 3440 Περί
477 3380 538 3435 γε
575 3364 667 3436 μιν
704 3367 796 3414 τού
827 3359 1056 3422 πλήθους
1109 3367 1208 3412 τῶν
1261 3355 1565 3432 ἐνδυμάτων
1614 3352 1764 3410 οὐδὲν
1811 3353 1932 3412 δεό-

329 3454 464 3527 μεθα
521 3450 706 3523 λέγειν,
756 3450 942 3513 ἱκανῶς
1000 3451 1126 3524 ἡμῖν
1190 3444 1238 3501 έν
1275 3468 1346 3521 τῳ
1382 3452 1503 3520 περὶ
1540 3444 1933 3520 ἀκτημοσύνης

324 3542 461 3616 λόγῳ
483 3539 937 3617 προεξητασμένου
959 3540 1165 3595 τούτου.
1198 3536 1258 3592 Εἰ
1281 3540 1381 3614 γὰρ
1414 3539 1439 3589 ὁ
1480 3539 1616 3610 ἔχων
1678 3532 1775 3590 δύο
1832 3556 1931 3609 χι-

322 3640 489 3696 τῶνας
565 3632 963 3711 προστάσσεται
1004 3625 1325 3704 μεταδοῦναι
1367 3635 1440 3702 τῷ
1466 3632 1538 3701 μὴ
1580 3630 1759 3700 ἔχοντι
1797 3624 1930 3699 (99),

325 3719 568 3783 δηλονότι
633 3723 662 3782 ἠ
692 3730 790 3775 τῶν
855 3720 1099 3775 πλειόνων
1148 3719 1333 3772 ἑαυτοῦ
1383 3718 1540 3771 ἕνεκεν
1579 3720 1771 3778 κτῆσις
1836 3713 1933 3768 ἁπ-

326 3816 649 3889 ηγορευμένη
693 3810 855 3880 ἐστὶν,
890 3811 985 3875 Οἷς
1010 3804 1098 3864 οὖν
1128 3815 1187 3865 τό
1217 3812 1359 3883 ἔχειν
1401 3804 1499 3861 δύο
1544 3816 1779 3881 χιτῶνας
1824 3805 1929 3860 ἀπ-

325 3906 649 3978 αγορεύεται,
708 3905 912 3967 τούτοις
970 3906 1087 3977 περὶ
1131 3909 1223 3963 τῆς
1279 3905 1524 3974 χρήσεως
1567 3902 1619 3952 τί
1674 3902 1932 3977 προσήκει

321 3995 633 4070 νομοθετεῖν.

886 4086 1203 4136 ΕΡΩΤΗΣΙΣ
1244 4075 1358 4136 KA'.

320 4178 529 4230 Τούτων
625 4174 806 4235 ἱκανῶς
898 4173 1023 4245 ἡμῖν
1113 4165 1593 4248 παραδεδομένων,

401 4266 486 4319 θον
561 4262 621 4316 ἂν
702 4267 778 4322 εἰη
832 4263 1014 4336 μαθεῖν
1071 4263 1210 4335 ἡμᾶς
1270 4264 1384 4335 περὶ
1440 4267 1532 4314 τοῦ
1586 4264 1781 4334 τρόπον
1834 4271 1931 4326 τῆς

400 4350 510 4428 μετ’
539 4351 768 4413 ἀλλήλων
791 4346 1086 4423 διαγωγῆς.

952 4443 1328 4493 ΔΠΟΚΡΙΣΙΣ.

401 4537 505 4587 Τοῦ
593 4528 914 4585 Ἀποστόλου
991 4527 1248 4600 λέγοντος,
1340 4529 1519 4581 Πάντα
1591 4529 1933 4604 εὐσχημόνως

329 4628 421 4677 καὶ
496 4624 630 4677 κατὰ
700 4619 847 4686 τάξιν
892 4620 1136 4694 γινέσθω,
1198 4617 1391 4678 ἐκείνην
1455 4618 1771 4693 λογιζόμεθα
1843 4622 1932 4677 εὐ-

1709 4168 1930 4224 ἀκόλου-

2044 3269 2228 3327 cinxit
2259 3285 2323 3325 se
2344 3270 2410 3325 ’7.
2448 3271 2739 3326 Caeterum
2761 3267 2836 3324 de
2855 3267 3357 3326 indumentorum
3374 3268 3708 3327 multitudi-

2042 3375 2119 3417 ne
2141 3358 2289 3415 nihil
2309 3375 2465 3432 opus
2487 3358 2803 3431 estdicere,
2822 3358 3036 3415 cumin
3056 3374 3126 3415 eo
3148 3375 3334 3432 quem
3351 3359 3426 3416 de
3447 3375 3709 3433 pauper.

2044 3454 2161 3506 tate
2200 3448 2530 3506 habuimus
2581 3465 2861 3505 sermone
2892 3464 2966 3505 ea
2979 3465 3075 3505 res
3097 3454 3278 3506 antea
3298 3466 3336 3507 a
3355 3448 3533 3507 nobis
3561 3451 3708 3508 satis

2042 3522 2320 3612 expensa,
2343 3539 2440 3595 sit.
2470 3538 2705 3594 Etenim
2725 3538 2774 3594 si
2822 3539 2871 3594 is
2898 3541 3005 3611 qui
3034 3539 3190 3595 duas
3226 3540 3460 3597 tunicas
3498 3539 3704 3610 habet,

2042 3645 2167 3685 non
2188 3626 2697 3699 habentijubetur
2708 3627 2962 3684 alteram
2978 3628 3199 3694 dare“,
3223 3628 3351 3685 sine
3373 3629 3560 3686 dubio
3572 3629 3709 3703 plu-

2041 3737 2138 3777 res
2162 3718 2476 3794 possidere
2507 3719 2602 3774 sui
2624 3718 2819 3791 ipsius
2849 3734 3041 3776 causa
3068 3718 3448 3791 prohibetur.
3477 3719 3707 3787 Quibus

2040 3811 2222 3882 igitur
2263 3809 2420 3866 duas
2468 3808 2705 3866 tunicas
2762 3808 2988 3866 habere
3042 3809 3295 3865 vetitum
3316 3813 3425 3880 est,
3454 3809 3528 3867 iis
3551 3808 3705 3883 quid

2043 3901 2251 3959 attinet
2279 3899 2354 3956 de
2380 3914 2593 3956 earum
2614 3914 2727 3956 usu
2756 3897 2956 3969 legem
2982 3896 3265 3956 sancire?

2499 4075 3023 4136 INTERROGATIO
3065 4078 3245 4136 XXIV.

2040 4173 2154 4229 His
2175 4168 2416 4229 abunde
2443 4168 2613 4226 nobis
2638 4168 2979 4239 explicatis,
3002 4168 3140 4239 jam
3169 4182 3533 4241 consequens
3563 4169 3703 4240 fue-

2112 4264 2214 4333 rit,
2240 4266 2306 4318 ut
2325 4260 2649 4330 discamus,
2670 4275 2793 4333 qua
2818 4259 3051 4318 ratione
3071 4260 3392 4319 debeamus
3417 4264 3577 4318 inter
3594 4275 3704 4320 nos

2111 4352 2331 4409 vivere.

2667 4438 3077 4496 RESPONSIO.

2118 4532 2268 4588 Cum
2284 4527 2608 4602 Apostolus
2637 4528 2835 4587 dicat:
2859 4528 3074 4586 Omnia
3127 4527 3369 4589 honeste
3404 4533 3462 4588 et
3495 4543 3706 4587 secun-

2045 4620 2189 4679 dum
2219 4619 2491 4677 ordinem
2504 4621 2661 4691 ﬁant
2682 4620 2753 4687 9°,
2774 4619 3097 4676 honestam
3115 4618 3285 4679 illam
3307 4635 3440 4678 esse
3462 4625 3522 4680 et
3543 4618 3706 4679 ordic

406 4804 447 4839 ²¹
486 4801 685 4861 Matth.
739 4817 825 4868 ιιι,
884 4801 937 4856 4.
1015 4800 1064 4834 ²²
1109 4796 1179 4855 ιν
1208 4800 1350 4870 Reg.
1409 4813 1450 4868 ι,
1491 4802 1544 4855 8.
1622 4799 1671 4834 ²³
1697 4802 1822 4856 Act.
1868 4816 1930 4857 xx

2118 4802 2167 4837 ²⁴
2222 4803 2350 4858 Act.
2399 4816 2525 4869 xxx,
2585 4803 2669 4857 ll.
2748 4799 2794 4836 ³⁵
2823 4796 2965 4857 Job.
2993 4812 3228 4867 xxxvm,
3257 4800 3310 4857 3.
3388 4798 3437 4834 ²⁶
3492 4799 3698 4860 Matth.

332 4891 387 4933 ι.
420 4878 473 4934 9.
551 4875 596 4911 ³⁷
629 4876 801 4931 Joan.
827 4887 960 4944 Ini,
986 4873 1040 4928 4.
1118 4870 1166 4907 ³⁸
1193 4872 1333 4928 Luc.
1375 4886 1460 4937 ιιι,
1496 4874 1582 4928 ll.
1661 4871 1709 4907 ²⁹
1744 4871 1786 4929 Ι.
1823 4870 1931 4930 Cor

2052 4889 2108 4944 ν,
2140 4875 2230 4930 40.

332 5055 367 5126 Β
406 5056 510 5124 (94)
543 5053 783 5126 Legitur
809 5053 870 5109 in
897 5066 1004 5126 ora
1027 5051 1196 5126 Regii
1216 5050 1398 5124 primi
1419 5066 1609 5126 manu
1630 5051 1816 5112 altera
1843 5057 1934 5107 καὶ

334 5121 453 5200 ἕτερι
478 5121 852 5200 ὑποδημάτων,
882 5122 1069 5195 deque
1098 5121 1539 5200 calceamentis.

408 5199 528 5272 (95)
553 5192 777 5272 Editiet
798 5192 1271 5272 Reg._secundus
1286 5195 1453 5272 ζώνην
1476 5192 1794 5272 δερματίνην
1814 5202 1935 5271 περὶ

334 5264 430 5328 τὴν
461 5264 622 5342 ὀὰφὺν
648 5268 830 5338 αὐτοῦ,
857 5264 1236 5342 ub_i_ve_rbum_
1262 5264 1374 5339 εἶχε
1393 5264 1657 5342 suppleri
1677 5264 1935 5342 oportet.

336 5345 477 5416 Reg.
506 5335 741 5416 primus
763 5335 1488 5416 etColszqu‘cpjia-t-tvi
1510 5335 1649 5416 περὶ,
1667 5335 1944 5416 βξελοιι-

338 5406 453 5470 tiu;
480 5406 531 5466 τὶ
560 5421 654 5467 τοῦ
686 5408 895 5487 ἀνδρὸς,
919 5414 1001 5480 τό,
1022 5409 1121 5487 ξΗν
1149 5406 1210 5463 δὲ
1230 5406 1535 5487 dilatatam;
1575 5406 1941 5487 ’ἂνδεδῦμίνος

336 5490 528 5561 τρίχας
573 5480 832 5561 καμήλου,
875 5487 967 5561 καὶ
1027 5482 1194 5543 ζώνην
1276 5480 1590 5560 δερματίνην
1661 5480 1800 5561 περὶ(
1844 5490 1940 5545 τήν

338 5557 516 5631 ὀσφὺν
534 5557 715 5610 αὐτόν·
745 5560 835 5631 καὶ
864 5557 1074 5631 Πέτρρς.

437 5625 1042 5710 96)‘l{eg.nprimius'ix
1057 5625 1440 5710 Ἱιερουσαλήμ.

409 5650 533 5701 (νο)
558 5650 697 5699 ηδε.
732 5650 964 5701 primus
989 5650 1038 5680 ιν
1071 5650 1375 5710 nupsi-mam
1427 5668 1440 5684 .
1470 5650 1702 5686 [niuem
1748 5650 1942 5687 oouex

337 5703 508 5776 Voss.
537 5697 742 5768 Ἰακώϐ,
775 5699 960 5776 male.
986 5698 1120 5776 ⁸Ηοό
1139 5714 1351 5773 ipsein
1377 5650 1513 5764 ﬁmo
1543 5704 1685 5773 Reg.
1709 5701 1942 5776 primus

338 5774 484 5848 παρὰ
501 5778 593 5827 τοῦ
621 5779 755 5829 Θεοῦ
786 5773 1088 5839 ζώσασθαι.
1710 5773 1723 5791 ἢ

2113 5054 2227 5125 (97)
2256 5055 2495 5127 Veteres
2525 5051 2650 5109 duo
2663 5051 2800 5109 libri
2825 5048 3069 5111 δηλονότι
3096 5058 3230 5107 πᾶσι
3279 5057 3385 5113 τοῖς
3424 5054 3702 5127 μαθηταῖς

2042 5133 2135 5179 τοῦ
2166 5124 2361 5200 Κύριον
2393 5126 2672 5187 ζώσασθαι
2699 5127 3114 5199 προστάσσεται,
3148 5127 3217 5186 ὡς
3276 5124 3508 5190 συνήθης
3557 5126 3694 5180 οὖσα

2043 5200 2393 5275 fidem?!
2433 5207 2658 5275 χρῆςιβ·
2986 5272 2991 5275 Α
3042 5270 3048 5275 .

2115 5271 2232 5341 (98)
2264 5264 2662 5343 Οοάθῑϐοη).
2713 5269 2899 5343 ζώνας.
2957 5270 3059 5322 Καὶ.
3117 5272 3439 5343 πρόσταγμα
3493 5264 3554 5323 δέ
3591 5266 3705 5324 itm

2046 5339 2138 5394 τοῦ
2203 5346 2398 5415 Κυρίου
2450 5341 2700 5415 λέγοντος·
2732 5339 3036 5415 (Ἔστωσαν
3085 5339 3227 5414 ὑμῶν
3268 5339 3704 5415 αὶηόσφύεςᾷπε-

2047 5410 2414 5488 ριεζωσμέναι,
2466 5410 2522 5466 εἴ
2559 5418 2650 5466 καὶ
2688 5414 2755 5466 τὰ
2804 5410 3039 5487 μάλιστα
3066 5410 3197 5490 πρός
3222 5431 3274 5467 τι
3299 5410 3504 5488 εἴρηται
3541 5411 3709 5476 ἄλλως

2048 5505 2103 5540 τε
2137 5491 2249 5542 καὶ.
2272 5492 2383 5542 etc.

2124 5527 2449 5625 (ξδ’)’έξιῖξὶο
2471 5557 2652 5630 Paris.
2675 5558 2854 5630 ἔχοντί
2879 5574 2951 5630 τι,
2976 5556 3079 5612 sed
3105 5556 3393 5630 voculam
3411 5576 3472 5630 τι
3491 5555 3704 5630 delevi,

1470 5628 1702 5686 Ibidem
1748 5627 1944 5704 codex
2051 5629 2167 5704 ﬁde
2185 5634 2468 5704 ivete_rum
2492 5627 2787 5704 librorum
2814 5629 3217 5704 innixus.Neo
3242 5628 3340 5704 ita
3354 5629 3548 5704 multo
3567 5627 3712 5704 post

2054 5701 2198 5759 editi
2220 5707 2287 5790 et,
2309 5702 2456 5790 Reg.
2488 5701 2796 5762 secundus
2824 5699 3224 5781 ἀπαγορεύιεαι.
3256 5701 3368 5763 Alii
3415 5699 3712 5773 mssfaoa

2054 5778 2237 5850 pauci
2265 5778 2645 5852 ἀπηγόρευται,
