4110 6378
388 280 490 331 983

1741 271 1799 327 S.
1849 268 2108 327 BASlLII
2148 270 2401 328 HAGNI.

3651 267 3763 323 985

384 405 593 457 natam
626 397 859 454 vivendi
889 412 948 453 1n
972 396 1281 453 communi
1312 395 1584 452 fidelium
1633 393 1919 452 societate
1949 410 2042 451 ra-

2170 399 2409 468 τχήμονα
2464 390 2592 447 εἶναι
2658 390 2931 467 διαγωγὴν
2986 396 3077 446 καὶ
3135 391 3381 446 εὔτακτον
3433 389 3481 443 ἓν
3523 398 3587 465 τῇ
3632 408 3754 442 συν-

386 491 611 545 tionem
634 487 912 555 arbitror,
933 486 1485 559 quamembrorum
1500 484 1908 557 corporalium
1928 500 2045 541 ser-

386 580 563 633 vatur
590 574 744 632 ratio
773 594 787 632 :
812 580 872 631 ut
907 574 1060 631 alius
1102 573 1351 648 quidem
1380 573 1538 629 oculi
1586 572 1707 630 vim
1751 572 2043 643 obtineat,

387 667 485 723 cui
512 664 739 721 scilicet
757 664 1103 722 concredita
1134 664 1208 721 sit
1253 662 1597 719 communis
1624 679 1830 718 rerum
1878 679 2046 728 cura,

389 756 620 831 quique
640 758 846 828 etquae
864 754 1020 809 facta
1037 753 1255 809 fuerint
1272 753 1503 824 probet,
1528 758 1585 807 et
1600 752 2050 825 facienda'praa-

390 846 594 902 videat
622 844 1079 917 consideretque
1112 861 1125 898 :
1162 843 1316 901 alius
1346 858 1489 898 vero
1514 843 1757 899 aurium
1788 846 1894 898 aut
1920 857 2051 897 ma-

395 951 531 1005 nus,
568 939 631 991 ut
669 939 726 989 et
750 933 1077 990 audiantur
1122 937 1455 1003 etagantur
1482 948 1620 1005 quae
1657 935 2002 1001 congruunt
2034 945 2049 985 :

396 1030 454 1080 et
483 1040 556 1080 ex
582 1023 791 1079 ordine
820 1022 1078 1096 quisque
1109 1023 1402 1094 cujusque
1426 1020 1560 1076 loco
1587 1022 1680 1077 sit.
1726 1020 2053 1077 Sciendum

398 1119 491 1171 est
518 1111 1402 1185 igiturquodquemadmodum
1426 1112 1485 1166 in
1512 1109 2056 1183 membrisipericu-

397 1204 599 1260 losum
627 1207 717 1258 est
745 1201 1228 1275 unumquodque
1252 1199 1596 1256 membrum
1625 1215 1848 1256 munus
1873 1216 2055 1255 suum

400 1292 975 1361 negligere,autnon
1004 1290 1119 1345 alio
1142 1290 1226 1345 uti
1250 1289 1329 1346 ad
1346 1305 1481 1345 eam
1495 1290 1841 1360 rem,jcujus
1874 1303 2059 1345 causa

403 1396 441 1438 a
462 1379 770 1436 conditore
800 1380 919 1434 Deo
950 1378 1173 1435 factum
1206 1382 1293 1434 est
1315 1379 1461 1441 (sive
1482 1379 1644 1435 enim
1676 1395 1913 1445 manus,
1937 1377 2058 1434 sive

403 1485 511 1543 pes
532 1485 655 1525 non
683 1467 1469 1540 obtemperetductuioculi,
1492 1467 1591 1524 illa
1611 1468 1857 1539 quidem
1875 1467 2061 1527 adito.

406 1559 520 1615 tius
549 1560 851 1614 interitum
881 1575 974 1614 res
995 1557 1276 1612 exitiosas
1306 1556 1665 1626 attrectabit,
1689 1556 1786 1612 hic
1806 1572 1944 1611 vero
1970 1555 2060 1611 of—

403 1648 628 1713 fendet,
665 1652 770 1703 aut
825 1647 1005 1702 etiam
1067 1662 1174 1719 per
1204 1646 1535 1718 praecipitia
1560 1644 1903 1701 deferetur:
1936 1644 2062 1700 sive

2156 490 2309 557 αφείᾳ
2371 493 2471 537 τῶν
2525 492 2749 553 πιστῶν,
2807 482 2856 535 εν
2909 479 2940 555 ᾖ
2987 484 3014 535 ό
3050 489 3148 535 τῶν
3178 482 3340 555 μελῶν
3378 489 3472 535 τοῦ
3513 486 3759 553 σώματος

2158 570 2475 636 διασώζεται
2519 573 2687 645 λόγος·
2747 575 2885 626 ὥστε
2930 574 3019 625 τὸν
3080 577 3170 645 μὶν
3226 591 3347 625 τινα
3374 569 3643 644 ὀφθαλμοῦ
3671 568 3768 622 ἰπ-

2158 661 2299 733 ὶχειν
2367 658 2591 735 δύναμιν
2642 664 2730 714 τόν
2772 659 3062 733 επιμίλειαν
3120 663 3214 719 τὴν
3262 663 3441 718 κοινὴν
3470 677 3764 712 πεπιστευ-

2157 756 2307 823 μένον
2363 754 2412 804 ἰν
2458 770 2514 804 τε
2564 758 2627 824 τῇ
2683 746 2978 823 δοκίμασίᾳ
3024 758 3127 802 τῶν
3173 753 3523 822 γεγενημένων
3580 752 3669 801 καὶ
3722 745 3771 800 ἓν

2160 848 2222 913 τῇ
2273 841 2565 915 προθεωρία
2623 844 2714 891 καὶ
2783 835 3064 911 διασκέψει
3122 846 3222 893 τῶν
3270 842 3627 911 γενησομένων
3680 840 3767 891 τόν

2163 925 2224 982 δὲ
2271 926 2433 989 ἀκοῆς
2485 929 2515 987 ἣ
2571 931 2758 1004 χειρός
2786 930 2834 981 ἓν
2860 948 2914 981 τε
2950 936 3011 1001 τῇ
3042 927 3294 1003 ἀκροάσει
3322 932 3413 981 καὶ
3443 926 3493 980 ἕν
3523 935 3587 1000 τῇ
3639 925 3773 999 ἐνερ-

2161 1023 2278 1091 γείᾳ
2323 1026 2423 1070 τῶν
2473 1016 2865 1086 ἐπιϐαλλόντων,
2927 1023 3017 1070 καὶ
3083 1017 3302 1082 καθεξῆς
3381 1017 3600 1070 ἕκαστον
3660 1016 3777 1070 ἐκά-

2166 1127 2315 1162 στου.
2374 1103 2585 1161 Εἰδέναι
2630 1104 2719 1159 οὖν
2774 1111 2911 1180 χρὴ,
2959 1108 3061 1175 ὅτι,
3116 1110 3291 1181 ὥσπερ
3339 1105 3388 1159 ἐν
3420 1114 3524 1167 τοῖς
3567 1106 3774 1179 με’λεσιν

2164 1197 2260 1249 οὐκ
2308 1193 2583 1249 ἀκίνδυνόν
2632 1196 2773 1250 ἐστιν
2827 1196 3032 1268 ἑκάστῳ
3085 1196 3225 1269 μέλει
3263 1200 3322 1249 τό
3349 1204 3451 1249 τῶν
3476 1194 3774 1249 ἐπιϐαλλόν-

2166 1306 2268 1338 των
2320 1285 2539 1359 ἀμελεῖν,
2582 1290 2612 1345 ἧ
2669 1290 2730 1339 τό
2781 1291 2854 1360 μὴ
2910 1288 3214 1362 κεχρῆσθαι
3264 1295 3337 1358 τῷ
3387 1290 3542 1360 ἑτέρῳ
3581 1289 3712 1359 πρὸς
3743 1285 3771 1338 ὃ

2166 1381 2370 1449 γέγονεν
2410 1377 2512 1429 ὑπό
2557 1384 2650 1429 τοῦ
2704 1372 3196 1449 δημιουργήσαντος
3236 1383 3369 1429 Θεοῦ
3432 1378 3555 1443 (εἴτε
3594 1377 3697 1450 γάρ
3737 1376 3768 1435 ἠ

2169 1472 2314 1540 χεὶρ,
2361 1467 2391 1525 ἦ
2448 1466 2476 1518 ό
2513 1473 2641 1526 ποῦς
2692 1470 2765 1539 μὴ
2816 1466 3050 1518 πείθοιτο
3105 1473 3168 1538 τῇ
3229 1461 3430 1538 όδηγίᾳ
3473 1470 3565 1517 τοῦ
3586 1463 3776 1537 ὀφθαλ-

2170 1563 2292 1628 μοῦ,
2352 1555 2383 1611 ἡ
2429 1555 2521 1626 μὶν
2578 1552 2819 1628 ὀλεθρίων
2872 1552 2956 1606 ἐπὶ
3010 1550 3276 1628 διαφθορᾷ
3333 1560 3426 1605 τοῦ
3479 1555 3674 1614 παντὸς
3722 1552 3776 1616 ἐξ

2171 1643 2403 1716 ἀνάγκης
2468 1641 2724 1715 ἐφάψεται
2776 1638 2934 1714 {1),6
2988 1638 3049 1697 δὲ
3074 1641 3391 1716 προσκόψει,
3442 1645 3473 1701 ἧ
3519 1646 3777 1695 καὶκατὰ

403 1737 616 1793 oculus
649 1737 731 1793 ita
762 1736 1045 1792 clauserit
1070 1751 1154 1805 se,
1189 1742 1253 1791 ut
1279 1751 1404 1791 non
1433 1735 1658 1801 videat,
1690 1750 1936 1790 necesse
1971 1738 2062 1790 est

2170 1736 2431 1808 κρημνοὺς
2485 1731 2847 1804 ὸεχθήσεται·
2919 1734 3018 1786 εἰτε
3076 1735 3102 1785 ό
3149 1731 3409 1806 ὀφθαλμὸς
3432 1735 3775 1806 καμμύσειεν,

405 1829 462 1883 et
488 1827 691 1899 ipsum
714 1826 905 1897 perire
921 1840 1044 1881 una
1062 1841 1199 1881 cum
1222 1824 1472 1898 reliquis
1501 1823 1790 1880 membris
1806 1840 1942 1896 quas
1959 1839 2064 1897 pa-

402 1917 635 1973 tiuntur
654 1932 790 1990 quae
812 1916 1099 1980 diximus)
1132 1933 1146 1970 :
1178 1916 1265 1971 ita
1299 1930 1499 1988 neque
1556 1914 1817 1988 praefecti
1868 1913 2063 1985 negli-

405 2007 607 2078 gentia
647 2004 918 2080 periculo
960 2008 1160 2071 vacat,
1204 2021 1342 2060 cum
1398 2003 1769 2075 judicandus
1822 2005 1896 2060 sit
1950 2019 2063 2077 pro

403 2095 690 2152 omnibus
710 2110 929 2168 neque,
953 2092 1178 2150 subditi
1198 2095 1579 2150 contumacia
1604 2093 1961 2149 detrimento
1992 2107 2064 2148 ac

403 2185 633 2243 damno
683 2189 866 2253 caret,
916 2184 1039 2239 imo
1091 2187 1181 2240 est
1210 2184 1406 2253 magis
1438 2183 1776 2257 periculosa
1802 2183 1850 2239 si
1881 2183 2062 2239 etiam

401 2275 532 2331 aliis
558 2272 925 2330 oﬂendiculo
969 2273 1059 2328 sit.
1096 2272 1383 2345 Quisquis
1414 2272 1593 2342 igitur
1622 2288 1683 2328 in
1715 2288 1828 2327 suo
1872 2271 2062 2344 ipsius

397 2363 534 2420 loco
560 2367 910 2420 accuratum
937 2377 1008 2417 ac
1035 2361 1291 2433 diligens
1322 2362 1577 2417 studium
1602 2360 1880 2427 ostendit,
1900 2376 2065 2416 exse-

397 2453 720 2526 quiturque
780 2456 1151 2523 praeceptum
1208 2450 1480 2523 Apostoli
1532 2451 1637 2523 qui
1681 2453 1807 2507 ait:
1843 2451 2062 2507 Studia

396 2558 520 2599 non
556 2542 794 2612 pigri",
828 2541 1151 2597 alacritatis
1172 2540 1418 2596 laudem
1440 2540 1706 2597 obtinet:
1732 2540 1777 2597 si
1801 2556 1942 2597 vero
1962 2556 2061 2596 ne-

397 2631 633 2702 gligens
654 2630 747 2702 sit,
782 2630 896 2686 sibi
923 2629 1227 2685 contraria
1259 2629 1533 2697 asciscet,
1560 2629 1835 2687 videlicet
1857 2630 2061 2685 miseri

394 2735 758 2791 cognomen,
790 2725 847 2776 et
873 2719 1175 2786 illud,vas.
1209 2719 1553 2776 Maletictus
1614 2718 1796 2785 enim,
1840 2719 2058 2793 inquit,

394 2812 586 2867 omnis
610 2812 716 2883 qui
736 2810 893 2881 facit
922 2824 1103 2880 opera
1132 2809 1380 2866 Domini
1409 2810 1859 2881 negligenter“.

775 2989 954 3061 370
978 2988 1491 3045 lNTERBOGATIO
1523 2989 1675 3045 XXV.

395 3077 567 3148 Quod
579 3079 907 3150 pra/actis,
937 3080 1042 3151 qui
1061 3083 1384 3147 peccantes
1406 3092 1525 3133 non
1555 3078 1896 3148 redarguit,
1923 3077 2057 3135 hor-
2085 3109 2128 3165 ο

680 3169 933 3226 randum
982 3168 1297 3224 subiturus
1326 3168 1404 3224 sit
1440 3168 1766 3238 judicium.

1026 3257 1440 3315 RESPONSIO.

469 3351 519 3404 1.
574 3347 986 3414 Quamobrem
1027 3346 1123 3401 cui
1178 3345 1553 3404 demandata
1597 3352 1688 3404 est
1714 3349 2061 3405 communis

394 3447 562 3501 cura,
595 3432 643 3487 is
673 3433 755 3488 ita
780 3430 1095 3497 afﬁciatur,
1128 3433 1304 3504 quasi
1325 3431 1429 3505 qui
1460 3432 1535 3489 de
1558 3432 1811 3503 singulis
1858 3434 2061 3491 reddi-

393 3520 651 3578 turussit
669 3522 990 3578 rationem.
1020 3521 1253 3593 Quippe
1278 3522 1328 3577 si
1356 3522 1632 3578 inciderit
1655 3524 1716 3579 in
1742 3528 2061 3597 peccatum

393 3608 577 3666 frater
625 3624 800 3675 unus,
822 3623 936 3664 nec
954 3613 1157 3668 tamen
1180 3614 1353 3666 antea
1368 3610 1862 3681 justiﬁcationem
1889 3613 1987 3670 Dei
2009 3614 2065 3671 ei

392 3700 733 3767 declararit,
773 3702 877 3757 aut
920 3698 970 3755 si
1015 3699 1246 3772 lapsus,
1300 3700 1363 3756 in
1395 3717 1469 3758 eo
1493 3703 1841 3774 perstiterit,
1897 3705 2065 3777 quod

397 3790 653 3847 modum
709 3789 1079 3846 emendandi
1120 3805 1183 3846 se
1236 3790 1315 3847 ab
1336 3807 1407 3847 eo
1428 3807 1552 3847 non
1574 3793 1826 3850 edoctus
1867 3794 2063 3864 fuerit,

397 3880 929 3950 sciatsanguinem
946 3878 1132 3951 ipsius
1153 3895 1227 3935 ex
1248 3881 1375 3936 suis
1399 3881 1687 3938 manibus
1700 3884 2065 3957 requisitum

397 3970 491 4042 iri,
539 3970 624 4026 uti
673 3969 963 4042 scriptum
1009 3974 1096 4026 est
1117 3970 1201 4025 ³²ε
1230 3973 1288 4025 et
1319 3969 1603 4045 maxime,
1654 3972 1702 4029 si
1725 3973 2067 4047 quidquam

402 4074 613 4116 eorum
633 4074 771 4131 quae
792 4057 1035 4131 placent
1067 4061 1206 4125 Deo,
1238 4073 1365 4116 non
1387 4075 1461 4116 ex
1495 4060 1738 4119 inscitia
1786 4063 2068 4133 neglexe-

402 4150 498 4217 rit,
550 4148 657 4205 sed
695 4149 897 4221 potius
933 4163 1007 4205 ex
1053 4164 1125 4205 eo
1156 4148 1325 4223 quod
1350 4149 1431 4206 ob
1477 4152 1956 4210 assentationem
1988 4153 2069 4211 ad

402 4239 889 4311 uniuscujusque
926 4239 1070 4295 vitia
1098 4255 1228 4295 sese
1258 4241 1699 4307 accommodet,
1732 4241 2069 4316 disciplinae

404 4327 806 4398 integritatem
829 4328 1225 4385 labefactarit.
1274 4331 1390 4398 Qui
1407 4331 1591 4394 enim,
1623 4331 1835 4405 inquit.
1870 4332 2069 4391 beatos

408 4434 510 4475 vos
529 4418 754 4489 dicunt,
778 4418 1086 4489 decipiunt
1102 4434 1223 4483 vos.
1246 4426 1302 4476 et
1316 4422 1587 4476 semitam
1606 4423 1822 4492 pedum
1841 4429 2069 4481 vestro-

409 4524 546 4564 rum
571 4507 889 4564 turbant”.
915 4509 1030 4576 Qui
1057 4514 1256 4565 autem
1290 4510 1616 4567 conturbat
1644 4526 1768 4578 vos,
1798 4513 2068 4583 portabit

402 4598 726 4668 judicium,
768 4599 1111 4671 quicunque
1151 4605 1235 4654 est
1260 4599 1369 4655 ille
1387 4600 1456 4656 ³⁸.
1477 4602 1874 4675 Quapropter,
1901 4618 1976 4659 ne
2005 4602 2069 4659 id

410 4686 590 4743 nobis
618 4687 949 4756 contingat,
976 4688 1037 4742 in
1060 4688 1133 4743 iis
1166 4704 1303 4761 quas
1334 4705 1472 4745 cum
1495 4690 1778 4746 fratribus
1815 4691 2069 4749 habebi-

413 4792 551 4832 mus
576 4776 895 4849 colloquiis
923 4778 1199 4846 regularn
1251 4777 1663 4851 Apostolicam
1690 4780 1859 4853 sequi
1883 4781 2069 4838 debe-

415 4881 573 4922 mus.
598 4866 804 4938 Neque
817 4867 996 4929 enim,
1021 4867 1237 4940 inquit,
1261 4867 1591 4940 aliquando
1606 4870 1842 4939 fuimus
1866 4873 1928 4928 in
1954 4888 2071 4931 ser-

438 5066 443 5071 τ
486 5043 537 5079 ⁸⁸
565 5046 736 5117 Rom,
778 5060 876 5119 xu,
908 5046 996 5102 tl.

1073 5045 1116 5082 ³⁸
1151 5047 1370 5103 Jerem.
1401 5062 1598 5117 XLVIII,
1634 5050 1720 5106 t0.
1795 5050 1843 5086 ⁸³
1868 5051 2073 5123 Ezech,

484 5226 584 5297 (ί)⁸
603 5225 742 5297 Reg.
771 5222 1002 5297 primus
1067 5223 1385 5297 ἰξάπψηται.
1436 5225 1599 5282 Alius
1639 5227 2073 5291 inLEEé‘n‘t‘ﬂat.

414 5293 590 5372 Haud
617 5293 796 5372 longe
823 5295 946 5372 duo
976 5312 1127 5352 mss.
1153 5293 1574 5372 xurdxpupvou.

486 5368 564 5438 (2}
632 5366 831 5438 Codex
868 5369 1050 5438 AVOSS.
1097 5366 1481 5432 σκανδαλίζείν.
1531 5368 1667 5423 Ἀλλ’
1718 5371 1938 5435 ἕκαστος
1984 5369 2073 5425 οὖν

416 5434 508 5511 μὶν
537 5443 610 5489 τῶ
633 5443 746 5505 Θεῷ
768 5434 1202 5494 ἕπιδεικνύαενον.
1234 5445 1300 5497 Et
1327 5443 1387 5498 iu
1438 5440 1783 5497 Colbertino
1828 5434 2072 5517 qucque

420 5489 787 5567 αανδαλίξεὶν
841 5508 1075 5568 legitur.
1132 5513 1362 5568 Ibidem
1390 5519 1654 5568 quatuor
1684 5530 1828 5568 mss.
1859 5523 1954 5568 τῆς
1981 5519 2069 5568 μιν

421 5518 787 5567 σκανδαλίςεῐν
841 5518 1075 5579 legitur.
1132 5518 1362 5570 Ibidem
1390 5519 1654 5586 quatuor
1684 5530 1828 5569 mss.
1859 5523 1954 5577 τῆς
1978 5519 2069 5589 μεν

421 5575 690 5668 familiis:
714 5581 944 5668 Yoch
962 5600 1053 5654 μεν
1078 5583 1290 5668 aberat
1318 5603 1354 5668 ιε
1383 5585 1659 5668 vulgatis:
1697 5588 1817 5668 {loc
1840 5587 1977 5668 ipso
1996 5589 2069 5668 in

421 5599 629 5638 σπουοη
643 5599 683 5639 ς.
722 5599 938 5639 vocula
962 5600 1053 5654 μιν
1078 5599 1290 5641 aberat
1318 5603 1354 5641 a
1383 5599 1481 5641 vui
1527 5599 1659 5641 aus.
1697 5599 1859 5644 HOC!
1908 5604 1977 5643 so
2006 5604 2069 5645 1n

417 5648 553 5713 loco
573 5649 698 5710 duo
728 5665 875 5708 mss.
906 5653 1092 5707 ἄοκνον
1114 5662 1189 5726 τῷ
1213 5663 1359 5728 Θεοῷ
1388 5599 1789 5726 ἄπιὲεικνύσθω,
1838 5603 2070 5733 πληρῶν.

2171 1825 2303 1875 ὥστε
2352 1825 2423 1895 μὴ
2484 1819 2712 1894 βλέπειν,
2771 1820 2971 1895 ἀνάγκη
3028 1827 3118 1875 καὶ
3170 1821 3324 1891 αὐτόν
3384 1817 3779 1897 συνδιαφθείρε·

2174 1914 2299 1964 σθαι
2327 1918 2438 1973 τοῖς
2473 1909 2648 1971 ἄλλοις
2685 1910 2864 1984 με’λεσι
2906 1913 3190 1984 πάσχουσι
3246 1912 3314 1963 τὰ
3359 1909 3651 1984 είρημένα)’
3694 1909 3779 1963 οὗ·

2170 2020 2267 2062 τως
2317 1996 2439 2054 οὐδε
2492 2008 2565 2071 τῷ
2614 1998 2861 2072 ἔφεστῶτι
2916 1996 3191 2062 ἀκίνδυνος
3237 2001 3268 2059 ἠ
3365 1998 3578 2075 ὰμᾶεια
3651 2002 3777 2076 ὑπερ

2170 2092 2374 2143 πάντων
2422 2094 2723 2165 κρινομένῳ,
2786 2092 2902 2144 οὔτε
2950 2099 3024 2163 τῷ
3065 2092 3387 2144 ὑπακούοντι
3445 2090 3505 2144 τό
3552 2086 3778 2143 δυσπει-

2172 2182 2249 2243 θὶς
2299 2178 2511 2241 ἀϐλαϐες
2553 2184 2644 2233 καὶ
2703 2178 2949 2253 ἀζήμιον·
3029 2181 3417 2256 περισσοτέρως
3469 2176 3530 2234 δε
3584 2178 3777 2233 ἐπικίν-

2170 2267 2325 2323 δυνον
2408 2275 2498 2323 καὶ
2571 2268 2772 2346 ἐτέρους
2852 2266 3274 2332 σκανδαλίζοντι.
3351 2268 3490 2324 Ἀλλ’
3560 2268 3776 2333 ἕκαστος

2169 2355 2276 2427 οὖν,
2324 2356 2373 2411 ἐν
2414 2366 2487 2429 τῷ
2542 2354 2663 2429 ἰδίῳ
2719 2362 2861 2431 τόπῳ
2916 2368 3013 2421 τῆς
3063 2362 3155 2433 μεν
3215 2355 3454 2420 σπουδῆς
3492 2360 3552 2411 τό
3594 2359 3775 2411 ἄοκνον

2169 2445 2581 2521 ἐπιδεινκύμενος
2609 2448 2707 2520 (2),
2760 2453 2851 2501 καὶ
2888 2447 3096 2524 πληρῶν
3159 2450 3218 2501 τό
3276 2455 3370 2501 τοῦ
3449 2447 3772 2502 ’Λποστόλου

2167 2537 2518 2613 παράγγελμα
2562 2537 2814 2609 λέγοντος·
2870 2544 2943 2597 Τῆ
3000 2534 3210 2611 σπουδῇ
3281 2541 3354 2612 μή
3392 2537 3623 2611 ὀκνηροί,
3681 2545 3774 2600 τῆς

2167 2629 2466 2701 προθυμίας
2516 2630 2630 2701 ἔχει
2700 2631 2787 2680 τόν
2837 2629 3042 2680 ἔπαινον
3086 2631 3181 2693 (3)·
3230 2626 3314 2681 ἐπὶ
3360 2624 3419 2682 δε
3471 2635 3530 2700 τῇ
3564 2625 3771 2700 ἀμελείᾳ

2167 2721 2235 2770 τὰ
2292 2716 2516 2791 ἐναντίᾳ,
2578 2713 2823 2777 δηλονότι
2862 2721 2948 2771 τόν
2978 2717 3297 2791 ταλανισμὸν
3348 2722 3435 2770 καὶ
3504 2720 3563 2769 τὸ
3628 2714 3765 2770 οὐαί.

2166 2807 2578 2881 Ἐπικατάρατος
2662 2808 2787 2884 γὰρ,
2848 2812 2999 2881 φησὶ,
3079 2814 3176 2869 πᾶς
3243 2809 3270 2860 ό
3325 2813 3483 2860 ποιῶν
3526 2806 3593 2858 τὰ
3645 2806 3773 2879 ἔργα

2169 2901 2365 2973 Κυρίου
2398 2894 2615 2970 ἀμελῶς.

2729 2992 3047 3042 ΕΡΩΤΗΣΙΣ
3087 2986 3181 3041 ΚΕ
3191 3029 3203 3042 .

2189 3084 2284 3129 Οτι
2357 3074 2572 3151 φοϐερόν
2628 3080 2688 3129 τὸ
2754 3084 2921 3150 κρῖμα
2992 3085 3067 3150 τῷ
3160 3083 3455 3151 προεστῶτι
3511 3079 3581 3151 μὴ
3645 3072 3779 3148 ἑλίγ-

2588 3186 2741 3239 χοντι
2795 3166 2918 3228 τούς
2948 3165 3360 3243 ἁμαρτάνοντας.

2790 3262 3165 3313 ΑΙΙΟΚΡῙΣΙΣ.

2247 3351 2298 3402 1.
2358 3350 2543 3421 Διόπερ
2609 3347 2635 3398 ό
2677 3351 2772 3405 τὴν
2825 3351 3003 3405 κοινὴν
3054 3342 3307 3422 φροντίδα
3375 3349 3780 3419 πεπιστευμένος

2172 3439 2240 3500 ὡς
2298 3435 2510 3509 ὀφειλων
2566 3435 2718 3509 λόγον
2768 3432 2954 3489 δοῦναι
2977 3440 3097 3512 περὶ
3129 3436 3375 3504 ἑκάστου,
3407 3434 3544 3489 οὕτω
3583 3432 3779 3488 διακεί-

2173 3527 2305 3579 σθω·
2352 3522 2500 3588 εἰδὼς
2575 3527 2676 3593 ὅτι,
2720 3524 2807 3578 ἐὰν
2865 3524 3065 3600 ἐμπέσῃ
3127 3525 3198 3589 εἰς
3243 3523 3499 3600 ἁμαρτίαν
3553 3520 3622 3587 εἷς
3680 3532 3779 3578 τῶν

2175 3612 2430 3688 ἀδελφῶν,
2489 3619 2563 3690 μὴ
2618 3618 2951 3691 προειπόντος
3017 3614 3158 3687 αὐτῷ
3226 3618 3286 3667 τό
3345 3610 3618 3687 δικαίωμα
3689 3620 3781 3667 τοῦ

2176 3712 2331 3772 Θεοῦ,
2386 3705 2415 3765 ἦ
2478 3703 2713 3778 ἐμπεσὼν
2761 3703 3002 3778 ἐπιμένῃ,
3049 3708 3120 3778 μη
3156 3700 3440 3777 διδαχθεὶς
3477 3707 3565 3756 τόν
3594 3707 3783 3778 τρόπον

2174 3804 2267 3856 τῆς
2316 3791 2645 3870 διορθώσεως
2706 3794 2804 3865 (4),
2852 3797 2911 3846 τὸ
2966 3796 3109 3874 αἷμα.
3155 3794 3318 3847 αὐτοῦ
3369 3795 3424 3847 ἑκ
3461 3801 3560 3846 τῶν
3589 3801 3784 3870 χειρῶν

2177 3883 2337 3938 αὐτοῦ
2393 3882 2768 3951 ἕκζηθήσεται,
2827 3885 2999 3946 καθὼς
3076 3888 3392 3959 γέγραπται·
3459 3886 3550 3937 καὶ
3626 3882 3786 3958 μάλι-

2180 3993 2299 4041 στα,
2360 3972 2444 4026 ἐὰν
2501 3978 2574 4046 μὴ
2629 3970 2703 4026 δι’
2747 3973 2963 4044 ἄγνοιαν
3008 3971 3212 4049 παριδῃ
3252 3981 3428 4027 τιτῶν
3462 3972 3783 4048 ἀρεσκόντων

2177 4071 2314 4134 Θεῷ,
2344 4060 2470 4115 ἀλλὰ
2497 4059 2592 4116 διὰ
2618 4061 2892 4115 κολακείαν
2952 4068 3458 4139 συμπεριφερόμενος
3506 4069 3617 4125 τοῖς
3671 4062 3785 4115 ἑκά-

2179 4172 2327 4223 στου,
2382 4159 2583 4219 κακοῖς,
2638 4157 2727 4211 τὴν
2749 4150 3017 4228 ἀκρίϐειαν
3045 4161 3138 4215 τῆς
3166 4152 3430 4215 πολιτείας
3457 4149 3673 4226 ἓκλύσῃ’
3720 4154 3786 4205 Οί

2175 4246 2278 4318 γὰρ
2339 4246 2717 4317 μακαρίζοντες
2765 4245 2919 4317 ὑμᾶς,
2980 4247 3130 4315 φησὶ,
3183 4242 3447 4296 πλανῶσιν
3504 4243 3661 4315 ὑμᾶς,
3694 4246 3784 4296 καὶ

2176 4338 2265 4391 τὴν
2340 4331 2530 4409 ,τρίϐον
2618 4342 2719 4385 τῶν
2794 4329 2970 4386 ποδῶν
3049 4335 3191 4406 ὑμῶν
3274 4334 3658 4409 ταράσσουσιν.
3725 4331 3783 4385 ’0

2179 4419 2238 4476 δι
2282 4425 2561 4498 ταράσσων
2609 4423 2761 4496 ὑμᾶς,
2818 4420 3084 4496 βαστάσει
3132 4426 3212 4491 (5)
3270 4425 3328 4475 τὸ
3391 4428 3575 4495 κρῖμα,
3646 4422 3785 4481 ὅστις

2177 4511 2238 4564 ἂν
2373 4517 2580 4587 Διόπερ,
2633 4514 2715 4565 ἵνα
2762 4516 2836 4585 μὴ
2886 4519 3041 4565 τοῦτο
3089 4514 3354 4585 πάθωμεν,
3407 4508 3780 4569 ἀκολουθητέον

2177 4604 2303 4676 ἡμῖν
2368 4602 2440 4673 τῷ
2503 4599 2834 4673 ἀποστολικῷ
2908 4605 3086 4654 κανόνι
3160 4598 3244 4653 ἰπὶ
3304 4609 3401 4664 τῆς
3463 4603 3595 4677 πρὸς
3659 4604 3783 4663 τοὺς

2180 4688 2435 4765 ἀδελφοὺς
2484 4691 2711 4765 ὁμιλίας.
2763 4694 2897 4744 Οὔτε
2948 4694 3050 4765 γὰρ
3094 4709 3234 4759 ποτε,
3299 4694 3481 4763 φησὶν,
3543 4688 3592 4743 ἕν
3645 4688 3781 4763 λόγῳ

2178 4782 2451 4844 κολακείας
2518 4781 2829 4856 ἐγενήθημεν
2907 4781 3005 4854 (ὃ),
3096 4782 3271 4844 καθὼς
3366 4777 3563 4834 οἴδατε·
3667 4781 3782 4833 οὔτε

2179 4872 2228 4925 ἐν
2313 4874 2574 4948 προφάσει
2649 4871 2961 4941 πλεονεξίας,
3029 4874 3161 4935 Θεὸς
3220 4873 3440 4945 μάρτυς·
3504 4872 3622 4924 οὔτε
3688 4869 3783 4931 ζη-

2100 4473 2143 4527 D

2104 5067 2185 5121 tu,
2215 5052 2306 5109 20.
2385 5052 2433 5086 ³⁸
2465 5054 2577 5109 lsa.
2620 5068 2705 5120 tu,
2736 5056 2822 5110 tt.
2898 5051 2948 5087 “
2979 5048 3171 5108 Galat.
3204 5065 3262 5107 v.
3299 5053 3385 5107 to.

2259 5231 2335 5302 (3)
2360 5230 2525 5303 Regii
2555 5231 2789 5303 primus
2821 5228 3110 5303 ettertius
3136 5242 3285 5283 cum
3334 5224 3503 5283 Colb.
3558 5228 3672 5299 ἔχει
3723 5228 3785 5279 τό

2182 5304 2388 5355 ἔπαινον
2444 5302 2593 5359 Editi
2615 5303 2733 5366 ἕξει.
2768 5302 2969 5360 Codex
2998 5302 3163 5357 Voss.
3192 5303 3353 5371 ἔχειν.

2253 5375 2598 5457 (ζιλΑηῑὶιιυὶ
2625 5376 2750 5457 duo
2776 5373 3154 5457 libriaprmt‘er
3173 5368 3340 5427 voss.
3366 5368 3783 5444 ἐπανορθώσεως.

2181 5442 2291 5502 Alii
2315 5442 2447 5501 duo
2468 5442 2617 5501 niss.
2648 5451 2712 5519 et
2731 5444 2874 5519 editi
2903 5442 3257 5519 διορθώσεως.

2253 5520 2329 5589 (5)
2361 5519 2563 5573 Codex
2593 5516 2759 5589 Colb.
2794 5512 3082 5589 βαστάζει.
3104 5518 3235 5589 Mox
3273 5513 3435 5570 idem
3457 5529 3577 5589 ως,
3614 5512 3699 5566 εὰν
3728 5516 3784 5589 ᾖ.

2249 5574 2329 5661 (6)
2359 5591 2585 5646 Rursus
2611 5588 2776 5648 idem
2794 5574 2957 5646 'liber
2984 5574 3299 5665 ἐγενήθημεν
3326 5589 3453 5667 πρὸς
3481 5587 3645 5659 ὑμᾶς.
3736 5574 3747 5593 ’
