4110 6380
230 340 336 395 985

1391 327 1692 386 REGULE
1735 326 1982 384 FUSIUS
2021 329 2446 387 TRACTATJE.

3498 338 3602 392 986

229 482 436 525 τουντες
462 459 514 526 ἐξ
544 459 822 535 ἀνθρώπων
854 455 1033 526 δόξαν,
1076 457 1209 523 οὔτε,
1246 453 1332 528 ἀφ’
1362 455 1525 528 ὑμῶν,
1575 456 1692 506 οὔτε
1741 452 1825 506 ἀτί

1942 470 2113 510 mone
2132 456 2523 525 adulationis,
2555 459 2711 515 sicut
2748 460 2907 516 scitis
2927 476 2950 516 .·
2976 475 3167 532 neque
3194 459 3258 516 in
3287 461 3600 518 occasione

235 551 422 606 ἄλλων.

301 735 355 788 2,
385 729 444 781 Ὀ
473 732 643 781 τοίνυν
675 731 869 780 τούτων
909 734 1008 779 τῶν
1045 727 1222 778 παθῶν
1253 725 1573 798 καθαρεύων,
1609 722 1736 794 τάχ’
1770 721 1830 773 ἂν

231 823 325 878 τὴν
392 816 614 891 όδηγίαν
675 817 894 884 ἀπλανῆ,
955 818 1118 886 ἔαυτῷ
1167 834 1221 867 τε
1279 816 1532 887 ἔμμισθον
1579 817 1668 864 καὶ
1726 818 1831 874 τοῖς

232 909 494 981 ἑπομένοις
549 913 800 982 σωτήριον
855 905 1178 959 ἐκτελέσειεν.
1240 903 1298 955 Ὀ
1335 907 1436 978 γὰρ
1482 907 1552 975 μὴ
1620 898 1713 954 διά
1757 921 1832 954 τι·

231 1018 322 1059 νας
384 1000 536 1071 τιμὰς
599 995 920 1070 ἀνθρωπίνας
960 999 1091 1067 μήτε
1137 998 1196 1046 τό
1245 992 1678 1066 ἀπρόσκρουστον
1724 997 1830 1051 τοῖς

235 1087 619 1162 ἁμαρτάνουσιν
653 1087 778 1157 ὑπὲρ
811 1092 902 1136 τοῦ
961 1080 1098 1144 ἡδὺς
1144 1083 1321 1144 αὐτοῖς
1361 1078 1490 1134 εἶναι
1524 1087 1614 1134 καὶ
1656 1100 1828 1152 κεχα-

231 1182 467 1251 ρισμένος
521 1170 860 1242 ἐπιτηδεύων,
923 1177 1081 1233 ὄντως
1138 1171 1186 1223 ἐν
1253 1170 1452 1243 ἀγάπη,
1509 1173 1640 1242 μετὰ
1699 1169 1833 1244 παρο

228 1265 420 1339 ῥησίας
483 1263 798 1336 πρεσϐεύσει
860 1267 947 1315 τὸν
997 1262 1148 1334 λόγον
1210 1260 1577 1321 ἀκαπηλεύτως
1625 1264 1713 1312 καὶ
1753 1259 1828 1312 εἰ-

227 1351 484 1426 λικρινῶς,
514 1355 586 1423 μὴ
645 1353 945 1426 αἱρούμενος
997 1347 1046 1401 ἐν
1107 1345 1298 1423 μηδενὶ
1338 1345 1522 1400 δολοῦν
1560 1351 1653 1406 τὴν
1703 1346 1828 1407 ἀλή-

228 1441 366 1492 θειαν
397 1460 410 1473 ο
466 1442 601 1492 ὥστε
654 1441 886 1515 ἁρμόσαι
939 1439 1079 1510 αὐτῷ
1126 1444 1215 1491 καὶ
1263 1441 1329 1490 τὰ
1380 1437 1494 1500 ἑξῆς
1536 1438 1780 1514 εἰρημένα
1810 1458 1825 1473 ο

225 1528 363 1582 Ἀλλ’
430 1528 744 1603 ἱγενήθημεν
821 1533 970 1588 ἤπιοι
1032 1528 1080 1581 ἐν
1155 1533 1298 1601 μέσῳ
1351 1530 1515 1602 ὑμῶν,
1583 1529 1666 1594 ὡς,
1743 1526 1828 1580 ἐὰν

217 1623 407 1692 τροφὸς
475 1618 642 1692 θάλπῃ
732 1621 798 1671 τὰ
872 1619 1061 1680 ἑαυτῆς
1142 1623 1332 1686 τέκνα,
1402 1618 1563 1678 οὕτως
1637 1620 1829 1693 ἱμειρό-

219 1727 365 1782 μενοι
422 1708 505 1770 (7)
577 1710 743 1780 ὑμῶν,
800 1705 1113 1780 εὐδοκοῦμεν
1188 1703 1505 1781 μεταδοῦναι
1577 1709 1696 1780 ὑμῖν
1767 1708 1826 1761 οὗ

218 1802 372 1872 μόνον
456 1801 514 1848 τὸ

219 1888 414 1940 ἑαυτῶν
465 1886 676 1958 ψυχάς·
725 1887 782 1939 Ὀ
832 1884 890 1940 δὲ
937 1892 1010 1961 μὴ
1071 1888 1235 1949 οὕτως
1292 1885 1667 1960 ἔχωνιόδηγός
1714 1886 1827 1941 ἔστι

219 1977 427 2050 τυφλὸς,
477 1977 657 2029 ἑαυτόν
723 1997 778 2030 τε
837 1979 1296 2052 κατακρημνίζων,
1353 1981 1598 2038 καὶτοὺς
1648 1977 1826 2049 ἑπομέο

217 2087 338 2129 νους
402 2071 812 2140 συνεπαγόμενος
860 2069 966 2132 (8).
1007 2066 1167 2119 Ὀσον
1220 2070 1310 2140 μὲν
1367 2064 1458 2119 οὖν
1510 2066 1622 2119 ἔστι
1664 2071 1825 2119 κακόν

220 2157 334 2210 ἀντὶ
397 2154 625 2230 ὁδηγίας
688 2157 887 2219 πλάνης
936 2161 1102 2210 α’ίτιον
1171 2165 1242 2228 τῷ
1297 2153 1501 2231 ἀδελφῷ
1558 2161 1822 2230 γενέσθαι,

217 2253 441 2323 συνορᾷν
501 2247 696 2310 ἔξεστιν
747 2245 801 2299 ἐκ
851 2256 950 2300 τῶν
1008 2247 1311 2320 εἰρημένων.
1377 2254 1592 2320 Σημεῖόν
1638 2250 1709 2309 (9)
1765 2245 1825 2300 δέ

215 2336 333 2390 ἐστι
364 2344 516 2388 τοῦτο
562 2344 652 2388 τοῦ
691 2342 781 2389 καὶ
831 2341 926 2395 τὴν
976 2336 1184 2395 ἐντολὴν
1214 2347 1308 2399 τῆς
1353 2335 1555 2409 ἀγάπης
1595 2335 1824 2410 ἀκατόρ-

219 2429 377 2480 θωτον
433 2433 598 2478 εἰναι·
652 2423 826 2488 οὐδεὶς
867 2429 968 2500 γὰρ
1020 2431 1194 2500 πατὴρ
1256 2433 1476 2503 περιορᾷ
1531 2430 1589 2478 τὸ
1639 2427 1824 2480 ἑαυτοῦ

218 2521 393 2570 τέκνον
451 2516 630 2590 μέλλον
679 2520 1024 2569 καταπίπτειν
1084 2516 1150 2578 εἰς
1205 2515 1446 2589 βόθυνον,
1506 2518 1535 2576 ἡ
1600 2515 1824 2588 ἐμπεσὸν

216 2606 455 2680 ὶναφίησι
500 2615 572 2677 τῷ
603 2612 866 2679 πτώματι.
910 2609 1079 2658 Πόσον
1106 2602 1166 2658 δὲ
1207 2602 1493 2679 δεινότερον
1521 2606 1706 2678 ψυχὴν
1753 2607 1824 2670 εἰς

219 2696 385 2770 βάθος
423 2697 538 2766 (10)
579 2703 750 2747 κακῶν
791 2698 1154 2768 ἐμπίπτουσαν
1204 2694 1508 2768 ἓναφεθῆναι
1559 2704 1622 2769 τῇ
1674 2695 1822 2748 ἀπωα

213 2784 343 2858 λείᾳ,
371 2790 423 2837 τί
454 2781 537 2837 δεῖ
563 2789 654 2836 καὶ
705 2783 867 2856 λέγειν
897 2801 910 2851 ;
944 2785 1235 2844 Υπεύθυνος
1266 2781 1354 2836 οὖν
1403 2784 1518 2837 ἐστι
1661 2782 1820 2837 ἀδελ-

218 2879 405 2947 φότητι
431 2872 708 2948 ἀγρυπνεῖν
739 2873 865 2947 ὑπερ
919 2882 1018 2926 τῶν
1065 2873 1258 2945 ψυχῶν
1308 2873 1497 2939 αὐτῶν,
1548 2879 1638 2926 καὶ
1677 2893 1822 2949 μερι-

221 2967 351 3034 μνᾷν
389 2964 458 3013 τὰ
497 2965 622 3036 πρὸς
673 2966 937 3035 σωτηρίαν
982 2961 1228 3028 ἑκάστου,
1294 2963 1358 3024 ὡς
1411 2961 1562 3034 λόγον
1613 2959 1823 3014 ἀποδώ-

225 3068 364 3102 σων·
404 3057 648 3124 μεριμνᾴν
697 3055 811 3118 (Η)
861 3047 920 3104 δί
968 3050 1052 3104 ἐπὶ
1093 3059 1361 3118 τοσοῦτον,
1423 3053 1493 3114 ὡς
1529 3056 1618 3103 καὶ
1656 3055 1817 3127 μεχρι

1942 546 2238 613 avaritias,
2270 548 2428 603 Deus
2453 550 2614 604 testis
2645 554 2766 604 est:
2799 565 2908 605 nec
2939 554 3272 620 quaerentes
3312 549 3386 605 ab
3417 551 3602 608 homi-

1943 633 2120 689 nibus
2155 635 2440 704 gloriam,
2468 653 2657 709 neque
2679 653 2716 694 a
2746 638 2928 704 vobis,
2962 652 3153 708 neque
3175 636 3252 692 ab
3283 639 3422 692 aliis
3440 639 3509 693 ³⁵.

2016 727 2067 778 2.
2125 725 2232 789 Qui
2278 741 2422 796 ergo
2477 726 2556 781 ab
2603 726 2697 782 his
2728 726 2885 782 vitiis
2918 729 3266 798 purusest,
3300 725 3450 782 forte
3497 726 3606 782 du-

1944 817 2106 869 ctum
2136 815 2453 870 errationis
2483 822 2816 889 expertem,
2849 817 3086 890 sibique
3117 817 3514 881 fructuosum,
3550 821 3608 874 et

1942 919 2005 958 se
2045 905 2440 976 sequentibus
2476 906 2801 962 salutarem
2835 913 3118 979 praestare
3158 907 3390 978 poterit.
3439 906 3604 970 Quis-

1939 993 2074 1066 quis
2105 994 2265 1049 enim
2285 1011 2425 1050 vere
2447 996 2506 1052 in
2529 982 2818 1052 charitate
2840 997 3114 1066 agit,non
3136 1002 3336 1051 autem
3361 1002 3605 1068 propter

1939 1083 2240 1140 humanos
2263 1085 2566 1156 quosdam
2581 1086 3068 1159 honores,neque
3093 1085 3172 1141 ad
3183 1084 3494 1141 vitandam
3509 1085 3605 1140 de-

1938 1173 2342 1246 linquentium
2382 1174 2804 1240 offensionem,
2838 1180 2902 1231 ut
2945 1175 3029 1230 eis
3064 1174 3377 1245 jucundus
3409 1173 3517 1230 ﬁat
3545 1179 3604 1231 et

1940 1268 2167 1333 gratus,
2215 1263 2263 1318 is
2295 1279 2433 1318 cum
2467 1263 2704 1319 dicendi
2754 1264 3028 1320 libertate
3062 1264 3294 1319 sincere
3336 1268 3395 1320 et
3450 1279 3601 1336 pure

1939 1352 2282 1424 prolaturus
2333 1357 2422 1409 est
2469 1370 2836 1424 sermonem,
2869 1354 3098 1428 quippe
3151 1354 3256 1426 qui
3299 1353 3358 1408 in
3391 1353 3516 1408 ulla
3537 1369 3601 1408 re

1937 1443 2251 1498 veritatem
2283 1443 2622 1500 adulterare
2665 1444 2834 1500 nolit.
2867 1443 3278 1510 Quamobrem
3331 1443 3385 1498 ei
3415 1441 3599 1499 etiam

1938 1532 2305 1589 conveniunt
2332 1549 2470 1606 quas
2502 1534 2760 1590 subinde
2787 1535 2950 1591 dicta
2977 1538 3152 1589 sunt:
3175 1534 3295 1589 Sed
3319 1533 3476 1601 facti
3506 1549 3603 1588 su-

1937 1639 2067 1678 mus
2093 1624 2345 1691 parvuli
2364 1625 2427 1678 in
2449 1625 2642 1679 medio
2674 1631 2958 1691 vestrum,
2980 1631 3288 1694 tamquam
3306 1623 3360 1678 si
3386 1621 3603 1676 nutrix

1934 1712 2137 1780 foveat
2158 1713 2318 1780 ﬁlios
2345 1729 2507 1768 suos:
2533 1716 2618 1769 ita
2640 1713 3043 1770 desiderantes
3071 1728 3174 1768 vos
3205 1710 3602 1780 cupide,vole-

607 1796 916 1869 Εὑαγγελιον
989 1805 1082 1849 τοῦ
1151 1805 1307 1861 Θεοῦ,
1379 1796 1505 1849 ἀλλά
1577 1803 1667 1850 καὶ
1739 1800 1825 1860 τὰς

1942 1803 2147 1859 bamus
2180 1804 2422 1860 tradere
2441 1803 2606 1858 vobis
2638 1819 2759 1858 non
2786 1805 2980 1859 solum
3030 1802 3439 1872 Evangelium
3470 1801 3600 1866 Dei,

1934 1893 2037 1949 sed
2079 1894 2255 1948 etiam
2287 1894 2522 1949 animas
2548 1892 2978 1958 nostras“.0ui
3007 1907 3152 1948 vero
3199 1906 3324 1946 non
3352 1889 3432 1945 ita
3471 1904 3600 1944 sese

1936 1983 2104 2054 gerit,
2128 1981 2255 2038 dux
2274 1987 2362 2038 est
2387 1999 2605 2051 caecus,
2629 1988 2685 2038 et
2715 1982 2986 2055 seipsum
3017 1981 3124 2037 dat
3142 1978 3602 2052 prmcipitem,et

1937 2076 2256 2144 sequentes
2285 2071 2465 2126 simul
2489 2071 2684 2128 trahit.
2709 2074 3013 2133 Quantum
3037 2070 3218 2140 igitur
3238 2067 3472 2124 malum
3501 2065 3600 2136 sit,

1935 2162 2103 2218 fratri
2133 2178 2265 2217 esse
2314 2168 2626 2219 auctorem
2659 2162 2900 2217 errandi
2927 2161 3060 2218 loco
3088 2159 3236 2215 recti
3262 2160 3500 2226 ductus,
3522 2171 3599 2212 ex

1933 2251 2110 2308 dictis
2129 2251 2380 2319 intelligi
2409 2255 2625 2324 potest.
2679 2254 2798 2307 Hoc
2825 2255 3112 2323 praeterea
3140 2246 3364 2304 indicio
3385 2250 3476 2301 est
3499 2260 3599 2300 ne-

1934 2358 2051 2415 que
2077 2341 2284 2414 perﬁci
2305 2340 2642 2396 dilectionis
2661 2340 3040 2398 mandatum:
3059 2336 3362 2411 siquidem
3388 2333 3596 2391 nullus

1933 2437 2106 2504 pater
2133 2431 2555 2502 ﬁliumﬁuum,
2591 2431 2639 2486 si
2665 2431 2729 2486 in
2750 2430 2990 2486 foveam
3012 2444 3268 2486 casurus
3302 2426 3396 2489 sit,
3427 2425 3601 2481 dese-

1934 2524 2029 2592 rit,
2056 2537 2252 2595 neque
2285 2525 2610 2594 postquam
2636 2521 2845 2593 lapsus
2875 2525 2984 2584 est,
3017 2535 3158 2575 eum
3181 2517 3241 2574 in
3291 2515 3468 2572 ruina
3497 2513 3602 2570 de-

1934 2611 2241 2684 relinquit.
2273 2612 2510 2676 Quanto
2565 2615 2770 2665 autem
2827 2608 3023 2679 magis
3075 2605 3451 2664 horrendum
3500 2603 3596 2673 sit,

1935 2702 2206 2758 animam
2235 2700 2296 2756 in
2322 2699 2628 2756 malorum
2661 2699 2950 2772 abyssum
2990 2696 3309 2770 delapsam
3340 2692 3598 2765 relinqui

1932 2791 1992 2846 in
2016 2789 2208 2860 exitio,
2234 2789 2381 2862 quid
2403 2789 2535 2860 jam
2563 2789 2773 2845 attinet
2792 2788 2990 2843 dicere
3011 2788 3038 2842 ‘2
3063 2786 3246 2842 Debet
3272 2785 3454 2855 igitur
3487 2796 3600 2854 pro

1931 2879 2187 2936 fratrum
2209 2877 2534 2934 animabus
2560 2877 2824 2947 vigilare,
2857 2883 2915 2933 et
2945 2881 3242 2950 tanquam
3272 2875 3378 2947 qui
3417 2876 3600 2932 ratio-

1929 2985 2072 3026 nem
2102 2967 2447 3024 redditurus
2469 2967 2563 3034 sit,
2597 2983 2671 3023 ea
2708 2983 2844 3039 qua:
2876 2965 2955 3022 ad
3003 2966 3301 3039 cujusque
3347 2966 3594 3023 salutem

1929 3057 2178 3122 faciunt,
2219 3070 2448 3110 curare.
2480 3054 2608 3111 lmo
2639 3053 2713 3110 de
2745 3055 2838 3109 his
2864 3053 2948 3109 ita
2977 3052 3266 3108 sollicitus
3301 3069 3438 3108 esse
3490 3054 3597 3110 de-

224 3140 441 3192 θανάτου
471 3145 563 3198 τὴν
616 3142 742 3214 ὑπὲρ
797 3140 966 3193 αὐτῶν
1011 3137 1251 3199 σπουδὴν
1292 3137 1708 3207 ἕπιδείκνυσθαι,
1760 3143 1819 3193 οὗ

1942 3147 2051 3214 bet,
2081 3151 2145 3201 ut
2164 3144 2344 3200 etiam
2368 3143 2444 3198 ad
2463 3147 2719 3222 mortem
2745 3158 2942 3214 usque
2969 3157 3150 3196 suum
3169 3157 3278 3213 pro
3300 3141 3450 3214 ipsis
3474 3147 3597 3198 stu-

216 3234 367 3303 μόνον
405 3232 538 3282 κατὰ
581 3234 667 3282 τὸν
697 3234 869 3282 κοινὸν
912 3234 1044 3306 πρὸς
1081 3232 1282 3292 πάντας
1318 3238 1409 3291 τῆς
1463 3229 1671 3302 ἀγάπης
1727 3238 1819 3283 τοῦ

218 3324 412 3395 Κυρίου
458 3319 631 3390 λόγον,
653 3317 763 3372 Ἵνα
799 3339 881 3380 τις
918 3325 1012 3377 τὴν
1056 3318 1238 3392 ψυχὴν
1268 3320 1429 3371 αὑτοῦ
1463 3321 1522 3392 θῇ
1555 3321 1680 3394 ὑπερ
1719 3339 1819 3371 των

216 3408 332 3461 ἰλων
373 3404 555 3476 αὖτοῦ,
608 3407 736 3460 ἀλλὰ
782 3410 919 3461 κατὰ
957 3412 1066 3476 (121
1111 3412 1197 3460 τὸν
1238 3405 1377 3460 ἴδιον
1421 3417 1512 3460 τοῦ
1555 3414 1816 3469 εἰπόντος·

215 3499 551 3573 Ἰμειρόμενοι
581 3499 721 3571 ὑμῶν
770 3495 1083 3571 εὐδοκοῦμεν
1112 3493 1432 3571 μεταδοῦναι
1478 3499 1600 3570 ὑμῖν
1632 3497 1690 3549 οὐ
1725 3500 1818 3569 μό-

210 3609 295 3642 νον
334 3594 394 3642 τό
444 3589 754 3662 Εὑαγγέλιον
806 3597 899 3643 τοῦ
950 3596 1104 3657 Θεοῦ,
1164 3586 1290 3641 ἀλλὰ
1338 3593 1428 3640 καὶ
1477 3590 1568 3650 τὰς
1628 3587 1820 3640 ἑαυτῶν

210 3679 416 3753 xlviii;-

789 3863 1103 3911 ΕΡΩΤΗΣΙΣ
1136 3854 1250 3921 Κς·’.

218 3953 348 4026 Περὶ
376 3956 468 4002 τοῦ
499 3951 670 4002 πάντα
693 3953 783 4001 καὶ
803 3951 869 4000 τὰ
888 3951 1096 4022 κρυπτὰ
1123 3955 1214 4008 τῆς
1234 3943 1824 4023 καρδὶαςίάνατίθεσθαι

781 4046 856 4110 τῷ
932 4049 1246 4112 προεστῶτι.

837 4133 1213 4184 ΑΠΟΚΡΙΣΙΣ.

290 4227 374 4274 Δεῖ
430 4216 488 4272 δὲ
514 4219 624 4290 (13)
657 4223 744 4271 καὶ
792 4226 892 4271 τῶν
937 4217 1362 4291 ὑποτεταγμένων
1401 4221 1640 4288 ἕκαστον,
1683 4223 1726 4272 εἶ
1767 4240 1824 4292 γε

208 4311 391 4387 μὲλλοι
448 4309 716 4383 ἀξιόλογον
808 4313 1076 4386 προκοπήν
1151 4307 1567 4376 ἐπιδείκνυσθαι,
1628 4315 1714 4363 καὶ
1774 4310 1822 4362 ἐν

209 4402 315 4466 ἔξει
371 4410 466 4462 τῆς
518 4402 654 4452 κατά
717 4401 782 4451 τὰ
833 4399 1218 4474 προστάγματα
1276 4407 1368 4451 τοῦ
1432 4405 1629 4474 Κυρίου
1676 4403 1823 4473 ἡμῶν

1929 3235 2098 3291 dium
2121 3232 2535 3304 ostendat,37
2555 3235 2598 3303 1
2625 3248 2749 3288 non
2775 3230 2961 3287 modo
2989 3230 3070 3287 ob
3091 3246 3164 3287 ea
3192 3245 3330 3303 quae
3351 3229 3426 3286 de
3453 3231 3594 3286 cha-

1927 3324 2104 3380 ritate
2135 3339 2171 3378 a
2202 3322 2451 3378 Domino
2502 3320 2838 3390 generatim
2888 3319 3177 3376 omnibus
3217 3313 3380 3374 dicta
3431 3324 3593 3387 sunt,

1928 3429 2170 3486 nempe,
2209 3413 2282 3468 Ut
2327 3412 2595 3467 animam
2643 3427 2815 3466 suam
2865 3416 3055 3480 ponat
3083 3410 3214 3481 quis
3241 3424 3358 3478 pro
3385 3410 3593 3466 amicis

1928 3505 2051 3559 suis
2073 3504 2142 3570 3",
2176 3501 2283 3557 sed
2330 3501 2503 3557 etiam
2530 3501 2610 3556 ob
2643 3499 3012 3572 peculiarem
3045 3497 3268 3569 agendi
3293 3499 3594 3557 rationem

1927 3592 2107 3660 illius,
2137 3591 2243 3664 qui
2271 3589 2456 3645 dixit:
2491 3590 2911 3646 Desiderantes
2968 3604 3067 3644 vos
3095 3587 3324 3657 cupide,
3358 3589 3596 3644 voleba-

1930 3697 2061 3738 mus
2083 3679 2324 3736 tradere
2345 3680 2504 3735 vobis
2534 3695 2655 3735 non
2681 3680 2875 3734 solum
2897 3678 3303 3748 Evangelium
3332 3677 3463 3743 Dei,
3490 3677 3596 3733 sed

1933 3772 2111 3828 etiam
2137 3773 2373 3826 animas
2405 3775 2649 3825 nostras
2666 3769 2734 3823 ³⁸.

2387 3857 2908 3914 INTERROGATIO
2952 3859 3128 3912 XXVI.

1936 3949 2104 4020 Quod
2150 3948 2352 4005 omnia
2399 3947 2579 4004 etiam
2628 3947 2822 4002 cordis
2861 3960 3094 4002 arcana
3123 3945 3242 4000 sint
3271 3945 3596 4014 praeposito

2584 4035 2938 4106 detegenda.

2555 4125 2970 4183 RESPONSIO.

2007 4219 2431 4292 Unusquisque
2463 4221 2668 4273 autem
2689 4232 2900 4272 eorum
2927 4215 3030 4288 qui
3077 4214 3301 4271 subditi
3334 4217 3497 4278 sunt,
3546 4213 3598 4269 si

1934 4311 2118 4368 modo
2145 4309 2481 4383 profectum
2511 4307 2801 4363 eximium
2847 4306 2989 4362 velit
3034 4306 3256 4370 facere,
3285 4309 3341 4361 et
3369 4305 3431 4360 in
3461 4303 3594 4375 ejus

1932 4403 2068 4457 vitae
2099 4416 2235 4472 quae
2268 4415 2339 4454 ex
2369 4398 2604 4454 Domini
2637 4397 2826 4452 nostri
2861 4398 3001 4451 Jesu
3033 4395 3249 4451 Christi
3275 4393 3593 4466 praeceptis

211 4494 398 4551 Ἰησοῦ
452 4497 686 4565 ’Χριστοῦ
743 4489 881 4551 ζωῆς
938 4490 1202 4560 γενέσθαι,
1263 4486 1430 4562 μηδὲν
1495 4494 1588 4562 μὲν
1634 4489 1824 4562 ψυχῆς

1942 4489 2302 4560 transigitur,
2332 4486 2510 4542 ﬁrmo
2560 4493 2618 4542 et
2647 4485 2844 4541 stabili
2896 4489 3056 4540 statu
3109 4483 3364 4549 versari,
3417 4482 3599 4538 debet

209 4588 417 4655 κίνημα
483 4578 780 4654 ἀπόκρυφον
838 4579 1122 4652 φυλάσσειν
1190 4578 1312 4652 παρ’
1367 4579 1552 4650 ἑαυτῷ,
1619 4577 1824 4652 μηδένα

214 4669 279 4725 δε
343 4670 496 4742 λόγον
550 4667 914 4730 ἀϐασανίστως
968 4669 1267 4743 προΐεσθαι,
1319 4665 1427 4719 ἀλλ’
1468 4667 1818 4741 ἀπογυμνοῦν,

211 4762 286 4813 τὰ
332 4761 538 4835 κρυπτὰ
576 4768 671 4821 τῆς
709 4755 938 4833 καρδίας
973 4764 1083 4820 τοῖς
1119 4761 1544 4831 πεπιστευμένοις
1567 4760 1682 4822 (14)
1722 4766 1822 4811 τῶν

291 4913 340 4948 ³⁵
368 4915 388 4968 ι
414 4913 628 4968 Thess.
651 4927 712 4970 lt.
743 4916 795 4983 5,
817 4916 873 4970 6.
949 4912 996 4947 ³⁸
1021 4910 1172 4968 ibid.
1204 4916 1259 4979 7,
1290 4915 1341 4967 8.

295 5056 374 5129 (7)
397 5055 596 5129 Qodex
628 5057 792 5129 Voss.
825 5070 945 5129 una
975 5069 1114 5111 cum
1148 5052 1314 5112 Colb.
1339 5053 1682 5129 ὀμειρόμενοι.

291 5125 370 5199 (8)
399 5127 543 5197 Reg.
580 5127 813 5199 primus
844 5125 1116 5199 ἑπομένους
1143 5125 1596 5198 συναπαγόμενος.
1633 5125 1834 5183 Codex

221 5198 709 5280 ϐολῇ-έπομένους
734 5198 895 5280 αὐτῷ.

297 5274 372 5342 (9)
400 5266 700 5326 Editiones
719 5266 942 5342 veteres
969 5270 1032 5342 et_
1043 5266 1501 5342 Begsecuudus
1531 5266 1829 5341 εἰρημένων.

220 5339 454 5415 mpsim
517 5349 751 5415 σημεῖον.
783 5344 854 5415 ,Δεῖ
888 5340 949 5415 in
974 5339 1112 5415 aliis
1143 5339 1336 5395 tribus
1385 5355 1529 5415 mss.
1577 5339 1696 5394 vox
1736 5357 1832 5396 ση-

219 5410 368 5488 μεῖον
399 5410 598 5488 ἀθοξιξ
618 5419 676 5468 et
703 5414 785 5488 ita
813 5411 927 5481 legi
953 5410 1175 5466 debere
1195 5416 1375 5488 puto:
1389 5412 1540 5488 Nam
1566 5425 1703 5488 eam
1734 5426 1834 5488 vg-

220 5482 359 5541 eem
388 5485 656 5557 παρέλκειν
687 5485 1014 5540 obscurum
1045 5498 1168 5538 non
1199 5486 1311 5537 est.
1344 5485 1484 5554 Reg.
1511 5482 1718 5538 tertius
1757 5482 1832 5544 ἓξ-

221 5576 368 5610 εστιν
401 5555 581 5629 ἐκτῶν
609 5559 875 5629 ὁρωμένων
903 5562 1136 5627 σημεῖον,

302 5630 416 5698 (10)
451 5623 651 5682 Codex'
675 5623 842 5684 Voss.
864 5633 928 5698 et
955 5623 1096 5696 Reg.
1128 5623 1362 5698 primus
1391 5625 1459 5698 εἰς
1490 5623 1655 5698 βάθη.

301 5693 420 5770 (11)
453 5699 683 5752 Veteres
712 5699 837 5757 duo
859 5697 997 5754 libri
1025 5693 1085 5754 et
1112 5693 1257 5752 editi
1283 5693 1595 5750 ἀποδώσων·
1627 5699 1717 5750 καὶ
1746 5715 1832 5768 με-

1421 4911 1464 4945 ³⁷
1495 4910 1668 4966 Joan.
1690 4927 1793 4983 xv,
1826 4914 1912 4968 t3.

1935 4594 2130 4652 neque
2142 4582 2375 4633 motum
2390 4576 2575 4631 ullum
2591 4575 2809 4630 animae
2824 4573 3128 4629 occultum
3143 4572 3308 4644 apud
3323 4571 3593 4643 seipsum

1934 4682 2194 4735 servare,
2234 4681 2432 4738 neque
2465 4664 2716 4720 verbum
2749 4662 2939 4717 ullum
2972 4661 3414 4716 inconsiderate
3455 4675 3593 4731 pro-

1937 4757 2110 4823 ferre,
2143 4754 2253 4812 sed
2280 4755 2446 4812 hisce
2472 4752 2778 4820 fratribus,
2810 4751 2914 4825 qui
2954 4749 3212 4807 inﬁrmis
3239 4749 3500 4820 benigne
3539 4752 3598 4805 et

2012 4910 2060 4945 ³⁸
2093 4909 2342 4965 IThess.
2372 4923 2446 4975 ll,
2483 4911 2534 4962 8.

1938 5059 2145 5128 ριμνᾷν.
2180 5055 2324 5128 Reg.
2366 5051 2692 5128 primus_et_
2716 5048 2884 5128 Colb.
2910 5048 3012 5128 ita,
3038 5051 3103 5128 u_t_
3122 5045 3446 5128 edidimus.

2010 5115 2124 5198 (ίὲ)
2155 5115 2542 5181 (Ζοᾶειῖὶοη).
2579 5122 2706 5174 ἀλλὰ
2735 5127 2826 5174 καὶ
2871 5122 3026 5175 κατά.
3061 5119 3296 5173 Ibidem
3331 5117 3494 5172 idem
3534 5115 3597 5171 li-

1937 5196 2046 5253 bei-
2084 5199 2433 5270 όμειρὸμεναι.

2011 5259 2126 5339 (13)
2158 5259 2440 5323 Voculam
2465 5263 2525 5319 δέ
2549 5265 2759 5339 addidi
2797 5280 2868 5319 ex
2900 5259 3594 5339 antiquisﬁtribuslibris.

1940 5334 2057 5395 Nec
2087 5341 2167 5395 ita
2205 5340 2394 5395 multo
2421 5339 2577 5394 infra
2628 5337 2750 5392 duo
2809 5352 2956 5390 mss.
2993 5349 3132 5388 cum
3159 5334 3330 5388 Voss.
3363 5335 3499 5383 κατὰ
3537 5335 3596 5383 τὸ

1938 5416 2277 5486 πρόσταγμα.
2330 5410 2594 5465 Subinde
2653 5409 2844 5463 codex
2899 5406 3080 5460 Voss.
3141 5404 3277 5464 ζωῆς
3333 5404 3591 5474 γίνεσθαι.

1939 5486 2082 5538 Reg.
2114 5483 2320 5538 tertius
2349 5484 2686 5538 ⁶γενησεσθαι.

2069 5525 2082 5540 ι
2114 5500 2320 5538 tertius
2349 5502 2470 5540 ’γενη
2481 5500 2686 5534 σεσυαι.

1988 5498 2082 5552 eg.
2114 5498 2320 5538 tertius
2349 5498 2686 5552 γενησεσθαι.

2012 5557 2126 5625 (14)
2160 5554 2310 5608 Edili
2339 5561 2394 5608 et
2424 5557 2565 5620 Reg.
2595 5551 2899 5609 secundus
2924 5556 3032 5613 τοῖς
3053 5551 3458 5618 πιστευομένοις.
3485 5546 3598 5604 Α]ίὶ

1939 5629 2059 5683 tres
2082 5642 2230 5685 mss.
2251 5627 2700 5697 πεπιστευμένοις,
