4110 6382
465 337 570 398 987
1833 332 1896 388 S.
1946 329 2203 387 BASILII
2242 328 2457 385 MAGNI
3727 335 3831 388 988

473 466 739 522 humane
761 461 1050 518 curandis
1077 457 1338 533 praefecti
1363 457 1730 527 sunt,cordis
1745 472 1964 512 arcana
1987 471 2122 528 ape-

2260 450 2466 527 εδελφῶν
2542 454 2885 531 εὖσπλάγχως
2952 462 3041 510 καὶ
3125 459 3411 530 συμπαθῶς
3476 456 3834 531 επιμε).εῖσθαι

467 556 603 612 rire.
638 555 724 610 Ita
746 555 902 610 enim
949 553 1116 625 quod
1138 551 1442 608 laudabile
1473 553 1580 618 est,
1608 548 1922 613 stabilitur,
1956 545 2120 620 quod

467 660 610 701 vero
637 643 992 717 reprobum,
1027 642 1383 713 congruenti
1437 640 1708 696 remedio
1762 637 2074 694 sanabitur
2105 652 2118 690 :

468 739 650 808 atque
671 749 778 807 per
796 737 1078 790 mutuum
1103 731 1455 803 hujusmodi
1476 729 1819 787 exercitium
1841 727 2124 802 perfectio

471 839 508 881 a
531 824 710 881 nobis
733 823 1207 898 comparabitur,
1241 823 1396 878 facta
1432 820 1726 894 paulatim
1757 818 2120 876 accessione.

2233 553 2331 596 τῶν
2391 544 2758 600 ἀσθενούντων.
2817 549 2969 600 οὕτω
3020 550 3120 623 γὰρ
3165 551 3221 598 τό
3283 551 3372 620 μεν
3431 546 3691 599 ἐπαινετὸν
3751 547 3836 621 βε-

2235 632 2498 705 ϐαιοῦται,
2530 639 2589 688 τό
2622 633 2681 689 δὲ
2712 634 2964 710 ἀδόκιμον
3020 647 3113 700 τῆς
3162 641 3538 712 προσηκούσης
3567 639 3836 711 θεραπείας

2239 722 2595 788 ἀξιωθήσεται
2629 741 2641 754 ⁸
2687 728 2742 779 ἔκ
2783 747 2838 782 τε
2884 735 2978 790 τῆς
3017 729 3263 790 τοιαύτης
3311 731 3680 788 συνασκήσεως
3725 731 3837 791 (15)

2237 811 2329 868 διὰ
2360 823 2454 876 τῆς
2474 817 2611 869 κατὰ
2629 821 2815 890 μικρὸν
2840 819 3151 891 προσθήκης
3181 820 3210 875 ἠ
3242 815 3506 879 τελείωσις
3527 818 3650 890 ἡμῖν
3675 835 3841 894 προσ-

2233 911 2352 979 γενή
2363 923 2526 961 σεται.

2797 1001 3111 1049 ΕΡΩΤΗΣῘΣ
3162 994 3279 1048 ΚΖ’.

2233 1085 2354 1138 Ὀτι
2412 1082 2497 1139 δεῖ
2539 1089 2628 1138 καὶ
2675 1089 2762 1138 τόν
2819 1095 3124 1162 προεστῶτα
3153 1087 3650 1160 ὑπομιμνήσκεσθαι
3698 1089 3846 1162 παρὰ

2306 1185 2405 1228 τῶν
2434 1181 2762 1249 προεχόντων
2793 1174 2841 1229 ἓν
2863 1183 2923 1250 τῇ
2951 1169 3284 1249 ἀδελφότητι,
3312 1178 3476 1229 εἴποτε
3510 1175 3676 1250 σφαλῇ
3704 1176 3844 1250 (16).

921 1002 1433 1060 ΙΝΤΕΒΒΟΘΑΤΙΟ
1475 1001 1675 1056 XXVII.

475 1094 645 1164 Quod
668 1096 794 1164 ipse
821 1107 1052 1165 quoque
1082 1093 1426 1162 praefectus,
1453 1088 1748 1161 siquando
1773 1089 2010 1145 aberret
2049 1085 2126 1142 ab

546 1185 634 1240 his
656 1185 763 1256 qui
780 1184 940 1239 inter
955 1183 1187 1252 fratres
1213 1183 1444 1251 primas
1474 1180 1764 1249 obtinent,
1799 1177 2124 1234 admonen-

545 1274 656 1330 dus
677 1273 774 1329 sit.

2850 1361 3222 1411 ΑΠΟΚΡΙΣῙΣ.

2261 1444 2266 1450 ’
2309 1444 2508 1521 Ὠσπερ
2560 1444 2620 1500 δὲ
2687 1447 2712 1498 ό
2765 1452 3027 1521 προεστὼς
3093 1447 3380 1506 ὑπεύθυνός
3447 1444 3584 1498 ἐστιν
3632 1441 3865 1520 ὁδηγεῖν-

1099 1361 1496 1417 ΒΕδΡΟΝΞΙΟ.

543 1455 736 1524 Atque
757 1451 934 1507 etiam
961 1450 1485 1523 quemadmodum
1507 1448 1822 1521 praefectus
1852 1448 1912 1504 in
1939 1448 2130 1504 omni-

471 1543 586 1598 bus
618 1541 869 1597 fratrum
898 1541 1022 1595 dux
1054 1557 1184 1596 esse
1211 1541 1407 1610 debet,
1441 1541 1522 1596 ita
1552 1556 1798 1612 quoque
1841 1539 2126 1608 vicissim,

473 1630 776 1704 siquando
803 1629 1120 1702 praafectus
1147 1631 1274 1703 ipse
1304 1630 1502 1686 delicti
1524 1630 1782 1700 alicujus
1809 1633 2130 1701 suspectus

471 1721 667 1788 fuerit,
699 1719 899 1792 ipsum
926 1720 1446 1776 commonefacere
1475 1736 1698 1775 munus
1739 1725 1828 1776 est
1866 1719 2129 1792 reliquo-

2242 1535 2312 1598 εἰς
2351 1539 2520 1589 πάντα
2571 1541 2664 1596 τὴν
2727 1533 3098 1608 ἀδελφότητα,
3159 1535 3293 1588 οὕτω
3369 1534 3524 1588 πάλιν
3590 1541 3679 1588 καὶ
3733 1533 3847 1598 τοῖς

2245 1625 2447 1689 λοιποῖς
2502 1623 2781 1691 ἐπιϐάλλει,
2817 1627 2876 1677 ἄν
2926 1644 3053 1677 ποτε
3110 1625 3408 1697 ὐποπτευθῇ
3472 1645 3524 1676 τι
3576 1630 3695 1701 περὶ
3759 1628 3845 1677 τόν

2244 1724 2554 1792 προεστῶτα
2656 1713 3032 1789 πλημμέλημα,
3155 1715 3572 1788 ὑπομιμνήσκειν
3667 1715 3846 1771 αὑτὸν.

472 1827 630 1868 rum.
685 1810 1094 1876 Quamobrem
1143 1825 1218 1866 ne
1266 1809 1611 1866 exsolvatur
1667 1808 2006 1881 disciplina,
2061 1809 2133 1865 iis

2260 1804 2406 1860 Ὠστε
2466 1802 2524 1859 δί
2582 1811 2652 1878 μὴ
2707 1806 2929 1865 λυθῆναι
2967 1809 3061 1863 τὴν
3103 1803 3361 1874 εὐταξίαν,
3399 1812 3504 1865 τοῖς
3550 1810 3851 1881 προέχουσι

471 1902 574 1975 qui
604 1917 743 1957 cum
765 1906 936 1957 astate
959 1906 1087 1957 tum
1113 1901 1436 1974 prudentia
1467 1905 1774 1974 praestant,
1813 1899 2018 1956 danda
2049 1904 2137 1955 est

471 1991 842 2047 admonendi
891 1994 1179 2062 potestas.
1223 1993 1282 2049 Si
1323 1992 1469 2065 quid
1522 1991 1703 2062 igitur
1732 1991 1928 2061 fuerit,
1970 1990 2136 2063 quod

471 2081 783 2137 emendari
827 2096 1026 2152 operas
1079 2081 1343 2153 pretium
1395 2081 1486 2146 sit,
1535 2081 1892 2152 juvabimus
1939 2086 1994 2135 ct
2023 2080 2137 2136 fra-

471 2175 645 2241 trem,
677 2175 732 2224 et
761 2184 868 2242 per
892 2169 1064 2226 illum
1092 2171 1522 2243 nosmetipsos,
1569 2171 1674 2243 qui
1718 2170 1881 2225 hunc
1933 2170 2136 2241 ipsum

471 2260 576 2332 qui
621 2258 804 2314 veluti
844 2260 976 2315 vitae
1008 2265 1228 2316 nostra
1255 2261 1466 2330 regula
1493 2265 1602 2327 est,
1639 2276 1872 2332 suaque
1904 2259 2136 2315 rectitu-

471 2349 611 2404 dine
639 2352 1097 2420 perversitatem
1129 2356 1404 2407 nostram
1425 2349 1786 2421 redarguere
1827 2349 2030 2417 debet,
2058 2347 2136 2405 ad

471 2442 702 2494 rectam
732 2438 891 2494 viam
922 2439 1340 2496 reduxerimus
1369 2458 1382 2496 :
1411 2441 1504 2496 sin
1527 2444 1727 2496 autem
1756 2445 1976 2495 temere
2019 2443 2141 2493 tur-

474 2526 602 2582 bati
653 2527 874 2582 fuerint
926 2529 1203 2585 nonnulli
1257 2530 1412 2585 illius
1466 2545 1670 2594 causa,
1725 2529 1844 2601 ipsi
1874 2528 1944 2584 iis
2003 2545 2138 2600 quae

475 2616 630 2672 falso
657 2621 945 2688 suspecta
978 2618 1217 2675 fuerant
1236 2620 1508 2690 cognitis,
1545 2619 1829 2674 certiores
1872 2615 2031 2684 facti,
2061 2617 2139 2674 ab

477 2722 549 2763 ea
605 2723 795 2781 quam
844 2709 918 2766 de
969 2711 1104 2782 ipso
1153 2715 1557 2784 conceperant
1602 2709 1946 2785 suspicione
1992 2707 2139 2764 libe-

479 2801 712 2855 rantur.

891 2889 1412 2948 INTERROGATIO
1478 2893 1707 2948 XXVlli.

480 2977 782 3046 Quomodo
804 2987 1076 3050 oporteat
1107 2982 1275 3051 afﬁci
1300 2997 1499 3039 omnes
1518 2997 1661 3054 erga
1688 2981 2140 3051 immorigerum

1009 3076 1064 3127 et
1103 3071 1604 3143 inobsequentem.

1101 3163 1511 3219 RESPONSIO.

551 3253 599 3305 i.
635 3251 951 3327 Sanefcum
993 3252 1130 3325 quis
1161 3253 1419 3324 segniter
1449 3253 1653 3309 obedit
1685 3251 1916 3308 Domini
1967 3265 2139 3306 man-

479 3339 655 3410 datis,
698 3342 964 3413 primum
992 3343 1240 3415 quidem
1279 3359 1478 3416 operae
1508 3344 1771 3416 pretium
1809 3348 1896 3399 est
1926 3357 2140 3398 omnes

486 3427 597 3501 37
613 3430 663 3499 2
684 3446 823 3485 eum
853 3437 1148 3504 tanquam
1171 3433 1514 3488 membrum
1536 3450 1767 3503 aegrum
1790 3433 2147 3497 miserari,et

484 3518 833 3591 prmiectum
879 3522 1001 3576 suis
1028 3521 1217 3594 ipsius
1266 3523 1664 3579 hortamentis
1693 3522 2054 3579 inﬁrmitatis
2084 3520 2148 3577 il-

483 3607 598 3663 lius
644 3611 1018 3667 curationem
1069 3619 1329 3670 tentare:
1373 3618 1859 3684 perseverantem
1891 3628 2030 3667 vero
2087 3612 2146 3666 in

483 3699 889 3766 contumacia,
919 3706 978 3758 et
1008 3701 1322 3758 emendari
1353 3703 1679 3768 nolentem,
1708 3704 1907 3759 acrius
1939 3717 2149 3757 coram

483 3791 606 3843 toto
638 3787 892 3845 fratrum
922 3796 1079 3846 caatu
1103 3793 1633 3866 coarguere,eique
1662 3807 1800 3847 cum
1821 3792 1987 3846 omni
2020 3791 2153 3846 hor-

483 3881 606 3934 tatu
647 3879 898 3938 mederi.
933 3881 1105 3946 Quod
1137 3883 1184 3937 si
1239 3883 1458 3956 smpius
1500 3882 1872 3950 admonitus,
1921 3881 2155 3956 pudore

482 3982 607 4022 non
639 3968 1126 4043 afﬁcitur,neque
1154 3973 1353 4045 reipsa
1377 3973 1773 4045 semetipsum
1802 3977 2156 4042 sanat,eum

481 4057 661 4114 veluti
690 4060 782 4114 sui
808 4059 999 4130 ipsius
1032 4066 1267 4132 pestem
1293 4067 1381 4133 (ut
1411 4068 1500 4118 est
1537 4063 1598 4117 iu
1630 4062 2001 4134 proverbio),
2034 4076 2157 4116 non

483 4147 730 4218 quidem
766 4149 897 4204 sine
930 4149 1129 4205 multis
1151 4150 1437 4222 lacrymis
1461 4167 1529 4208 ac
1562 4151 1908 4222 gemitibus,
1939 4150 2044 4205 sed
2080 4156 2163 4206 ta-

485 4252 627 4292 men
656 4241 720 4292 ut
747 4239 1090 4296 membrum
1122 4248 1474 4314 corruptum
1523 4247 1581 4298 et
1625 4241 1865 4314 penitus
1918 4242 2146 4307 inutile,

489 4327 864 4384 medicorum
893 4331 1235 4403 exemplo,a
1263 4333 1572 4388 communi
1599 4347 1850 4404 corpore
1880 4347 2160 4388 resecare

491 4415 808 4474 debemus.
829 4419 892 4475 Hi
916 4421 1078 4475 enim
1106 4422 1516 4496 quodcunque
1543 4422 1789 4478 tandem
1815 4421 2161 4478 membrum

491 4505 817 4564 insanabili
863 4510 1078 4566 morbo
1105 4516 1448 4584 correptum
1497 4513 1848 4586 repererint,
1881 4518 1946 4568 ut
1975 4529 2050 4568 ne
2080 4513 2161 4568 la-

495 4595 609 4652 tius
639 4597 769 4652 lues
809 4605 1033 4672 serpat,
1066 4601 1417 4674 vicinasque
1450 4609 1648 4674 partes
1696 4601 1776 4659 ob
1807 4603 2162 4659 continuita-

495 4692 614 4743 tem
664 4694 1033 4762 corrumpat,
1089 4692 1354 4747 secando
1398 4692 1706 4749 urendove
1761 4693 1909 4749 illud
1954 4693 2159 4749 tollere

494 4778 648 4834 soliti
697 4785 853 4835 sunt.
905 4780 1079 4846 Quod
1119 4787 1176 4838 et
1218 4797 1465 4838 necesse
1515 4789 1604 4840 est
1633 4800 1668 4840 a
1696 4784 1875 4839 nobis
1908 4782 2064 4839 eﬂici
2093 4783 2155 4839 in

493 4867 568 4924 iis
608 4869 712 4942 qui
746 4871 981 4926 Domini
1012 4871 1302 4929 mandata
1332 4873 1472 4929 odio
1525 4873 1774 4937 habent,
1820 4878 1926 4931 aut
1973 4873 2162 4945 impe-

492 4957 703 5024 diunt;
739 4960 992 5016 Domino
1018 4960 1150 5031 ipso
1171 4961 1420 5032 jubente
1444 4979 1514 5018 ac
1544 4963 1817 5019 dicente:
1850 4964 1921 5018 Si
1948 4965 2161 5018 oculus

498 5056 637 5105 tuus
656 5051 866 5106 dexter
884 5053 1264 5108 scandalizat
1297 5059 1524 5120 te,erue
1541 5069 1695 5119 eum,
1727 5059 1782 5110 et
1799 5055 2033 5124 projice
2057 5055 2166 5111 ab:

570 5164 684 5234 (15)
721 5163 955 5234 Veteres
1013 5161 1134 5217 duo
1191 5162 1326 5218 libri
1380 5168 1626 5225 τοιαύτης
1685 5163 1976 5226 ἀσκήσεως.
2037 5169 2162 5222 Mox

499 5230 642 5311 editi
669 5230 754 5311 vet.
783 5233 906 5290 duo
961 5252 1114 5311 mss,
1160 5242 1501 5310 περιγίνεται.
1535 5237 1700 5291 Alius
1739 5243 2154 5311 περιγενήσεται.

499 5304 639 5382 Reg,
666 5305 900 5382 primus
928 5313 983 5382 et
1014 5304 1648 5382 _\'oss_.__7':poo"ycvnasrat,
1677 5304 1855 5382 recte.

574 5379 684 5439 (to)
720 5378 964 5450 Antiqui
995 5377 1117 5433 duo
1147 5377 1284 5433 libri
1317 5377 1400 5432 ἐάν
1432 5399 1575 5438 ποτε.
1606 5377 1772 5435 Haud
1811 5380 1990 5450 longe
2019 5382 2161 5439 editi

501 5447 558 5499 el:
590 5463 746 5501 unus
779 5447 898 5503 ms:
939 5452 999 5501 οἷν
1043 5470 1168 5503 ποτε
1220 5453 1541 5509 ὑποπτευθη,
1594 5451 1702 5508 Alii
1736 5459 1851 5509 tres
1886 5447 2032 5509 uiss.
2075 5455 2159 5508 ἐάν

503 5537 646 5573 ποτε.

575 5593 687 5663 (17)
725 5591 942 5650 Vocula
963 5615 1014 5648 τε
1040 5594 1247 5652 addita
1278 5601 1460 5651 estex
1492 5597 1680 5653 tribus
1707 5597 2162 5655 codicibus.Ad-

503 5672 774 5743 didimus
808 5682 1054 5742 quoque
1087 5683 1207 5726 non
1236 5668 1414 5739 longe
1438 5685 1510 5726 ex
1542 5687 1668 5726 mss
1720 5670 1924 5727 multis
1949 5688 2159 5728 vocem

507 5771 647 5812 οντα,

2219 4802 2229 4806 ·
2269 4790 2547 4862 ρακείμενα

2248 1902 2341 1954 τήν
2389 1909 2442 1949 τε
2486 1895 2689 1954 ἠλικίαν
2732 1902 2821 1948 καὶ
2852 1899 2946 1956 τὴν
3005 1897 3214 1948 σύνεσιν
3263 1898 3550 1967 επιτρέπειν
3604 1899 3714 1970 χρὴ
3756 1899 3852 1953 τὴν

2250 1989 2564 2058 ὑπόμνησιν.
2626 1987 2742 2040 Ἐὰν
2808 1989 2898 2059 μὲν
2957 1985 3043 2038 οὖν
3187 2005 3238 2037 τι
3295 1981 3623 2059 διορθώσεως
3682 1984 3848 2053 ἄξιον,

2249 2079 2334 2130 τόν
2387 2093 2441 2130 τε
2481 2081 2594 2144 (17]
2651 2069 2870 2149 ἀδελφὸν
2933 2075 3285 2148 ὠφελησαμεν,
3355 2078 3442 2126 καὶ
3509 2075 3721 2136 ἑαυτούς
3778 2072 3852 2128 δι’

2249 2165 2462 2233 ἐκείνου,
2523 2170 2610 2218 τὸν
2664 2168 2816 2219 οἱονεὶ
2860 2171 3049 2217 κανόνα
3101 2174 3192 2217 τοῦ
3244 2161 3494 2238 ἡμετέρου
3544 2163 3666 2238 βίου
3712 2170 3849 2232 ὄντα,

2249 2261 2338 2308 καὶ
2389 2264 2451 2329 τῇ
2514 2256 2700 2309 ἑαυτοῦ
2741 2256 2986 2328 ὀρθότητι
3034 2258 3092 2307 τό
3142 2251 3514 2330 ἓνδιάστροφον
3571 2256 3714 2329 ἡμῶν
3774 2251 3857 2308 δι-

2251 2347 2482 2419 ελέγχειν
2543 2346 2808 2420 ὀφείλοντα
2846 2349 2972 2421 πρὸς
3017 2348 3074 2397 τὸ
3103 2345 3223 2398 εὐθὺ
3255 2350 3659 2420 καταρτίσαντες
3691 2348 3801 2408 (18)
3838 2366 3851 2378 ·

2250 2435 2334 2491 ἰὰν
2391 2433 2449 2490 δὲ
2489 2440 2658 2510 μάτην
2689 2441 2822 2500 τινες
2869 2434 2946 2489 ἐπ’
2985 2436 3123 2506 αὐτῷ
3164 2437 3480 2512 ταραχθῶσι
3519 2434 3853 2512 πληροφορη-

2253 2528 2419 2586 θέντες
2483 2523 2577 2578 διὰ
2636 2534 2726 2587 τῆς
2787 2531 3116 2600 φανερώσεως
3173 2532 3273 2576 τῶν
3331 2523 3387 2576 οὗ
3451 2524 3564 2597 μετ’
3610 2522 3858 2587 ἀληθείας

2251 2616 2689 2686 ὑποπτευθέντων,
2745 2624 2840 2678 τῆς
2905 2614 2979 2668 ἐπ’
3013 2615 3153 2685 αὐτῷ
3215 2611 3525 2692 διακρίσεως
3576 2612 3852 2666 ἀπαλλάσ-

2255 2723 2430 2758 σονται
2443 2749 2455 2761 .

2790 2889 3106 2939 ΕΡΩΤΗΣΙΣ
3158 2883 3281 2942 KH'.

2310 2982 2427 3040 Πῶς
2457 2981 2566 3053 χρὴ
2598 2971 2903 3030 διακεῖσθαι
2929 2977 3046 3038 τοὺς
3077 2977 3276 3039 πάντας
3312 2980 3430 3049 περὶ
3456 2978 3542 3028 τὸν
3573 2972 3788 3034 ἀπειθῆ.

2865 3159 3238 3210 ΑΠΟΚΡΙΣΙΣ.

2331 3248 2380 3302 1.
2405 3251 2487 3317 Τῷ
2516 3249 2694 3319 μέντοι
2735 3245 2962 3319 ὀκνηρῶς
2994 3241 3303 3320 διακειμένῳ
3337 3248 3469 3320 πρὸς
3493 3249 3587 3304 τὴν
3627 3245 3864 3306 ὑπακοὴν

2257 3343 2356 3387 τῶν
2417 3333 2625 3388 ἐντολῶν
2679 3345 2770 3388 τοῦ
2838 3341 3032 3412 Κυρίου
3096 3345 3296 3412 πρῶτον
3363 3338 3453 3410 μεν
3524 3339 3867 3409 συμπάσχειν

2257 3428 2454 3487 πάντας
2510 3431 2620 3498 χρὴ
2683 3429 2752 3488 ὡς
2798 3431 3099 3483 νενοσηκότι
3170 3425 3328 3499 μέλει,
3381 3429 3468 3477 καὶ
3525 3435 3641 3487 ταῖς
3703 3423 3870 3489 ἰδίαις

2258 3520 2597 3592 παραινέσεσι
2671 3519 2754 3568 τὸν
2832 3523 3140 3590 προεστῶτα
3197 3516 3480 3589 πειρᾶσθαι
3548 3515 3707 3569 αὑτοῦ
3775 3521 3868 3575 τὴν

2262 3604 2556 3680 ἀρρωστίαν
2621 3605 3039 3681 ἐπανορθοῦσθαι
3071 3627 3083 3639 ο
3145 3604 3446 3678 ἐπιμένοντα
3501 3603 3560 3658 δὲ
3611 3614 3672 3679 τῇ
3727 3604 3870 3659 ἀπει-

2265 3697 2376 3767 θείᾳ
2416 3701 2506 3747 καὶ
2556 3701 2648 3754 τὴν
2702 3692 2988 3770 διόρθωσιν
3033 3700 3103 3768 μὴ
3159 3691 3442 3767 δεχόμενον
3473 3693 3870 3771 ἐμϐριθέστερον

2265 3783 2496 3858 ἐλέγχειν
2549 3786 2630 3839 ἐπὶ
2679 3790 2851 3847 πάσης
2904 3794 3000 3849 τῆς
3054 3783 3424 3860 ἀδελφότητος,
3456 3792 3546 3838 καὶ
3594 3791 3724 3860 μετὰ
3763 3791 3872 3840 πά-

2270 3896 2368 3938 σης
2394 3877 2772 3950 παρακλήσεως
2810 3880 3095 3956 προσάγειν
3126 3879 3234 3936 (19)
3268 3877 3403 3950 αὐτῷ
3456 3880 3545 3938 τὰς
3595 3877 3828 3954 ἰατρείας
3857 3901 3870 3914 ο

2268 3972 2339 4041 μὴ
2407 3966 2763 4042 ἑντρεπόμενον
2818 3965 2876 4021 δὲ
2938 3969 3070 4041 μετὰ
3126 3966 3316 4026 πολλὴν
3373 3970 3666 4036 νουθεσίαν,
3732 3967 3877 4043 μηδὲ

2274 4057 2482 4129 ἰώμενον
2545 4057 2726 4110 ἑαυτὸν
2793 4057 2841 4110 ἐν
2913 4065 3017 4119 τοῖς
3066 4059 3257 4132 ἔργοις,
3323 4061 3390 4120 ὡς
3470 4058 3626 4111 αὐτὸν
3686 4059 3876 4114 ἑαυτοῦ

2270 4146 2504 4220 λυμεῶνα
2551 4153 2673 4200 ὄντα
2704 4151 2838 4215 κὲο),
2882 4150 3017 4200 κατὰ
3073 4152 3166 4205 τὴν
3213 4154 3520 4222 παροιμίαν,
3580 4153 3709 4222 μετὰ
3746 4151 3876 4204 πολ-

2270 4243 2369 4294 λῶν
2409 4245 2497 4315 μὲν
2555 4236 2795 4317 δακρύων
2844 4245 2934 4292 καὶ
2986 4241 3204 4314 θρήνων,
3259 4240 3393 4312 ὅμως
3445 4235 3494 4292 δ’
3535 4236 3622 4292 οὖν
3672 4243 3742 4304 ὡς
3794 4237 3878 4294 δι-

2273 4335 2582 4409 εφθαρμένον
2662 4330 2813 4406 μέλος
2885 4333 2973 4382 καὶ
3036 4327 3295 4391 παντελῶς
3366 4331 3664 4403 ἄχρηστον,
3738 4336 3881 4386 κατὰ

2271 4429 2366 4485 τὴν
2403 4432 2502 4476 τῶν
2564 4422 2750 4496 ἰατρῶν
2799 4425 3045 4496 μίμησιν,
3080 4427 3171 4472 τοῦ
3215 4427 3388 4473 κοινου
3447 4425 3689 4495 σώματος
3740 4421 3878 4476 ἀπο-

2271 4519 2498 4568 κόπτειν.
2559 4517 2660 4564 Καὶ
2713 4514 2814 4586 γὰρ
2871 4513 3119 4576 κὰκείνοι,
3202 4511 3323 4583 ὅπερ
3398 4509 3456 4561 ἂν
3525 4511 3718 4586 εὕρωσι
3775 4521 3879 4564 τῶν

2271 4603 2433 4678 μελῶν
2487 4603 2679 4674 ἀνιάτῳ
2729 4603 2844 4667 (21)
2894 4602 3047 4653 πάθει
3075 4598 3494 4676 τροειλημμένον,
3554 4603 3618 4663 ὡς
3674 4607 3744 4675 μὴ
3790 4603 3882 4656 ἐπὶ

2270 4695 2399 4748 πολὺ
2481 4695 2718 4766 χυθῆναι
2783 4690 2985 4766 βλάϐην
3044 4693 3178 4742 κατὰ
3235 4694 3291 4743 τὸ
3362 4694 3582 4764 συνεχὲς
3646 4693 3710 4743 τὰ
3777 4712 3881 4744 παι

2645 4779 3055 4857 διαφθείρουσαν
3091 4823 3104 4848 ,
3181 4788 3366 4854 τομαῖς
3453 4786 3544 4834 καὶ
3622 4785 3880 4835 καυσεσιν

2270 4875 2488 4950 ἕξαιρεῖν
2535 4875 2803 4931 εἰώθασιν.
2849 4873 3011 4947 Ὀπερ
3070 4877 3161 4924 καὶ
3217 4873 3340 4945 ἡμῖν
3383 4870 3463 4924 ἐπὶ
3501 4881 3601 4925 τῶν
3661 4873 3883 4945 ἔχθραι-

2268 4972 2454 5020 νόντων
2494 4968 2522 5026 ἡ
2586 4963 2973 5039 ἐμποδιζόντων
3023 4970 3140 5024 ταῖς
3185 4962 3413 5025 ἐντολαῖς
3451 4969 3543 5014 τοῦ
3584 4967 3779 5038 Κυρίου
3828 4963 3883 5027 ἐξ

2228 5057 2498 5131 .ἀνάγκης
2547 5058 2658 5110 ἐστὶ
2705 5063 2889 5123 ποιεῖν,
2945 5057 3080 5106 κατὰ
3113 5057 3171 5108 τὸ
3217 5058 3535 5129 πρόσταγμα
3578 5052 3740 5122 αὐτοῦ
3784 5061 3882 5106 τοῦ

2343 5169 2457 5232 (18)
2491 5165 2690 5237 Codex
2716 5163 2883 5220 Coll).
2910 5169 3350 5237 καταρτίσαντας.
3368 5161 3692 5233 Aliquanto
3719 5159 3884 5216 infra

2268 5240 2446 5318 idem
2462 5256 2574 5295 ms.
2612 5234 2931 5318 διακρίσεως
2945 5233 3228 5318 ιᾲπαλλαγη
3241 5255 3441 5288 σονται.

2341 5311 2454 5380 (19)
2488 5314 2711 5366 Rursus
2735 5307 2894 5381 idem
2916 5307 3069 5381 liber
3106 5314 3480 5381 προσαγαγεῖν.

2339 5376 2452 5452 ('20)
2486 5382 2731 5438 Codices
2763 5379 2885 5436 duo
2923 5376 3161 5453 λυμεῶνα
3183 5376 3322 5432 ὄντα.
3360 5376 3490 5453 von
3514 5377 3726 5453 63min
3756 5376 3887 5453 edi-

2272 5457 2344 5512 tis
2372 5449 2597 5510 deerat.
2632 5453 2854 5511 Suadet
2872 5449 3132 5518 Scottus,
3166 5458 3227 5507 ut
3250 5450 3416 5523 apud
3447 5449 3886 5508 Haerunium

2271 5529 2324 5584 le
2340 5533 2515 5597 gatur
2535 5542 2644 5599 pro
2654 5525 2927 5599 verbium
2953 5523 3123 5581 illud:
3147 5523 3274 5580 Sibi
3291 5526 3406 5594 ipsi
3425 5525 3623 5599 exitus
3640 5529 3886 5591 auctor,

2272 5607 2327 5658 et
2357 5615 2463 5656 suo
2493 5597 2704 5668 capiti.
2734 5597 3054 5669 Aliquanto
3090 5601 3227 5669 post
3258 5611 3369 5653 suo
3390 5611 3539 5652 mss.
3569 5597 3701 5668 ὅμως
3731 5601 3882 5669 γοῦν.

2344 5678 2459 5743 (2t)
2491 5667 2736 5745 Antiqui
2755 5667 2880 5729 duo
2911 5669 3049 5728 libri
3079 5667 3126 5723 iv
3159 5667 3373 5741 ἁνιάτῳ.
