4110 6388
272 392 375 456 989

1428 395 1722 453 REGULE
1778 387 2029 450 FUSIUS
2064 392 2472 451 TRACTATE.

3532 396 3641 455 990

274 528 469 599 Κυρίου
523 528 791 588 ειπόντος·
849 524 963 580 Ἐὰν
1020 526 1046 578 6
1109 523 1367 599 ὄφθαλμος
1437 541 1531 575 σου
1599 522 1624 572 6
1694 517 1867 582 δεξιὸς

1993 525 2034 575 re
2052 520 2121 571 ³ο.
2146 521 2289 586 Quae
2310 519 2473 577 enim
2504 520 2726 578 talibus
2749 522 3025 580 tribuitur
3054 524 3430 590 humanitas,
3456 524 3641 581 insul'

274 612 596 691 σκανδαλίζῃ
668 635 744 683 σε,
809 616 939 680 ἐξελε
1000 616 1173 685 αὐτὸν,
1241 618 1328 667 καὶ
1391 612 1518 687 βάλε
1578 609 1677 663 ἀπὸ
1748 616 1862 666 σού.

267 702 328 757 Ἦ
375 708 476 782 γὰρ
523 704 605 759 ἐπὶ
644 714 743 759 τῶν
805 708 1049 759 τοιούτων
1108 704 1466 780 φιλανθρωπία
1518 700 1868 776 παραπλησία

271 791 382 846 ιστὶ
432 801 494 867 τῇ
547 791 843 867 ἀπαιδεύτῳ
888 797 1223 871 χρηστότητι
1269 796 1360 846 τοῦ
1412 792 1569 857 Ἠλεὶ,
1616 787 1746 865 ᾗπερ
1780 788 1865 842 ἐπὶ

269 890 370 936 τῶν
432 886 557 936 υἱῶν
624 886 767 959 παρὰ
820 886 879 936 τὸ
944 883 1160 958 ἀρέσκον
1215 889 1289 953 τῷ
1347 889 1461 953 Θεῷ
1528 881 1869 953 χρησάμενος

270 970 560 1045 ἐλέγχεται.
611 969 880 1049 Προδοσία
930 969 1016 1026 οὖν
1061 971 1175 1026 ἐστι
1203 980 1296 1034 τῆς
1327 970 1590 1042 ἀληθείας,
1618 974 1709 1023 καὶ
1749 969 1867 1023 ἐπι-

160 1090 171 1111 .
272 1060 430 1123 6ουλή
476 1070 567 1117 τοῦ
622 1071 811 1131 κοινοῦ,
862 1067 953 1116 καὶ
1000 1062 1212 1137 ἐθισμός
1252 1064 1384 1138 πρὸς
1425 1058 1739 1135 ἀδιαφορίαν
1777 1079 1870 1113 κα⁸

272 1160 375 1205 κῶν
406 1196 421 1217 ,
471 1155 500 1212 ἡ
563 1155 692 1226 πρὸς
752 1155 869 1214 τοὺς
928 1155 1367 1229 πονηρευομένους
1429 1155 1868 1225 ἑσχηματισμὲνη

272 1244 593 1315 χρηστότης,
644 1246 833 1315 μηκέτι
884 1245 973 1317 μὲν
1019 1247 1292 1316 γινομένου
1346 1250 1439 1295 τοῦ
1485 1246 1867 1318 γεγραμμένου·

271 1331 365 1383 Διὰ
393 1333 445 1382 τί
482 1329 610 1406 οὐχὶ
660 1334 775 1403 (22)
825 1332 1014 1406 μᾶλλον
1064 1332 1392 1398 ἐπενθήσατε,
1448 1332 1530 1384 ἵνα
1570 1329 1757 1407 ἐξαρθῇ
1817 1330 1871 1384 ἐκ

268 1420 432 1492 μέσου
463 1419 607 1493 ὑμῶν
639 1422 663 1472 6
707 1426 765 1474 τὸ
814 1423 963 1495 ἔργον
1016 1430 1168 1475 τοῦτο
1198 1426 1464 1490 ποιήσαςς
1497 1420 1871 1495 συμϐαίνοντος

271 1502 331 1562 δὲ
361 1507 415 1573 ἐξ
444 1504 675 1582 ἀνάγκης
713 1519 806 1563 τοῦ
846 1508 1232 1586 ἐπιφερομένου,
1275 1512 1354 1565 ὅτι
1379 1514 1560 1586 Μικρὰ
1592 1511 1728 1584 ζύμη
1758 1510 1872 1564 ὅλον

266 1600 327 1650 τὸ
394 1601 608 1675 φύραμα
672 1598 851 1674 ζυμοῖ.
915 1604 1046 1661 Τοὺς
1109 1597 1168 1653 δι
1232 1599 1656 1676 ἁμαρτάνοντας,
1716 1606 1873 1676 φησὶν

266 1686 295 1739 6
355 1687 676 1752 ’Δπόστολος
706 1732 720 1756 ,
786 1691 999 1743 ἐνώπιον
1063 1691 1268 1743 πάντων
1335 1690 1554 1763 ἔλεγχε’
1624 1695 1714 1745 καὶ
1780 1695 1874 1750 τὴν

268 1775 441 1830 αἰτίαν
480 1777 629 1841 εὐθὺς
667 1777 864 1853 ἐπάγει,
896 1778 1055 1853 λέγων
1079 1794 1093 1810 ⁶
1137 1778 1250 1833 Ἲνα
1286 1784 1375 1834 καὶ
1423 1782 1472 1834 οἱ
1508 1780 1680 1834 λοιποὶ
1720 1779 1875 1855 φόϐον

268 1866 489 1940 ἔχωσιν.

339 1959 390 2011 2.
429 1955 597 2020 Ὅλως
624 1953 684 2011 δὲ
706 1958 733 2010 6
764 1962 836 2031 μὴ
887 1955 1312 2033 καταδεχόμενος
1335 1965 1430 2019 τὴν
1468 1961 1612 2036 παρὰ
1639 1968 1730 2013 τοῦ
1760 1959 1872 2033 (23)

266 2053 594 2121 προεστῶτος
664 2049 936 2123 θεραπείαν
1009 2055 1405 2123 προσαγομένην
1485 2050 1627 2121 αύτῷ
1696 2049 1874 2125 ἀσύμ-

269 2138 434 2210 φωνὸς
473 2133 584 2189 ἐστι
626 2138 743 2210 (24)
772 2141 863 2190 καὶ
894 2137 1054 2201 αὐτὸς
1094 2138 1281 2211 ἐαυτῷ.
1317 2139 1376 2192 Εἰ
1405 2142 1505 2216 γὰρ
1546 2141 1874 2213 ὑποταγῆναι

269 2223 328 2278 ού
374 2222 755 2299 καταδέχεται,
806 2232 897 2281 καὶ
943 2231 1003 2280 τὸ
1059 2227 1245 2282 ἐαυτοῦ
1306 2228 1503 2303 θέλημα
1550 2225 1766 2298 ἐκδικεῖ,
1821 2233 1875 2283 τί

266 2319 358 2370 καὶ
402 2315 515 2370 ἐστι
568 2318 681 2391 μετ’
729 2318 929 2385 αύτοῡ;
980 2323 1032 2371 τί
1087 2324 1175 2372 καὶ
1222 2323 1525 2396 προστάτην
1572 2320 1727 2374 αὐτὸν
1779 2329 1842 2381 τε
1855 2343 1875 2385 ς

268 2407 453 2465 ἐαυτοῦ
517 2409 658 2470 ζωῆς
722 2407 1064 2485 ἐπιγράφεται
1126 2410 1279 2483 (25);
1328 2409 1749 2486 Καταδεξιὶμενος
1816 2409 1875 2467 δι

267 2497 409 2562 ἅπαξ
473 2498 884 2571 ἑγκαταλεγῆναι
943 2508 1016 2571 τῷ
1083 2504 1289 2574 σώματι
1340 2511 1437 2565 τῆς
1503 2499 1870 2576 ἀδελφότητος,

269 2586 353 2641 ἐὰν
408 2588 565 2663 κριθῇ
637 2598 820 2651 σκεῦος
885 2591 1128 2663 γενέσθαι
1193 2592 1512 2666 ύπουργικὸν
1577 2592 1737 2665 (26),
1780 2592 1874 2646 κᾶν

266 2676 395 2753 ὑπὲρ
451 2672 675 2751 δύναμιν
724 2682 783 2732 τὸ
830 2676 1095 2752 ἐπίταγμα
1146 2677 1456 2755 εἷναιδοκῇ,
1497 2679 1779 2757 ἐπιῤῥίψας
1818 2685 1875 2735 τὸ

266 2774 434 2841 κρῖμα
481 2775 555 2839 τῷ
583 2770 729 2843 παρὰ
769 2763 992 2842 δύναμιν
1040 2770 1151 2839 (27)
1199 2767 1555 2839 ἐπιτάσσοντι,
1594 2774 1650 2825 τὸ
1712 2773 1877 2827 εύπει-

269 2857 349 2917 θὶς
385 2860 477 2910 καὶ
527 2858 759 2917 ὑπήκοον
808 2857 943 2933 ἄχρι
989 2859 1211 2912 θανάτου
1252 2855 1651 2930 ἐπιδεικνύσθω,
1688 2880 1881 2935 μεμνη-

272 2944 418 3019 μένος
480 2953 570 2997 τοῦ
637 2951 830 3022 Κυρίου
866 2991 878 3015 ,
952 2948 1033 3001 ὅτι
1109 2948 1303 3020 ἐγένετο
1388 2956 1627 3014 Υπὴκοος
1714 2954 1880 3029 μέχρι

276 3034 535 3105 θανάτου,
586 3036 807 3090 θανάτου
866 3032 925 3090 δὲ
984 3045 1236 3114 σταυροῦ.
1289 3042 1361 3093 Τὸ
1432 3037 1491 3095 δὲ
1548 3040 1879 3118 ἁφηνιοὶζειν,

270 3127 359 3176 καὶ
424 3120 719 3197 ἀντιλέγειν,
774 3123 972 3180 πολλῶν
1023 3135 1196 3181 κακῶν
1262 3125 1531 3194 ἀπόδειξιν
1597 3131 1729 3203 ἐχει,
1785 3137 1879 3185 πί-

1978 625 2059 665 sua
2085 609 2167 666 illi
2197 610 2322 665 Heli
2350 610 2706 681 benignitati
2751 616 2843 669 est
2874 613 3178 684 assimilis,
3205 628 3331 686 qua
3376 628 3523 684 erga
3570 614 3640 669 ﬁ-

1976 700 2089 757 lios
2110 717 2251 757 suos
2273 706 2489 774 praeter
2515 701 2617 758 Dei
2638 703 3013 760 voluntatem
3033 704 3637 774 usus,coarguitur‘°.

1980 792 2307 848 Ostendere
2340 792 2545 866 itaque
2578 794 2928 850 ementitam
2957 808 3101 865 erga
3131 793 3433 863 malignos
3475 793 3642 849 beni-

1982 882 2292 952 gnitatem,
2318 887 2408 939 est
2429 883 2740 940 veritatem
2761 883 3040 957 prodere,
3063 883 3336 939 insidiari
3365 898 3645 939 commu-

1979 972 2174 1040 nitati,
2204 975 2262 1028 et
2292 972 2370 1028 ad
2396 972 2560 1029 mala
2587 972 2999 1031 indiﬂ‘erenter
3028 973 3329 1047 patranda
3368 972 3641 1031 assuefa-

1983 1077 2137 1125 cere,
2170 1078 2309 1118 cum
2349 1063 2479 1134 jam
2508 1078 2632 1118 non
2669 1063 2777 1120 ﬂat
2812 1064 2982 1137 quod
3022 1064 3314 1137 scriptum
3345 1067 3475 1119 est:
3511 1062 3642 1119 Cur

1983 1166 2103 1208 non
2121 1153 2317 1223 magis
2350 1153 2575 1208 luctum
2603 1150 2918 1222 habuistis,
2936 1159 3003 1209 ut
3026 1155 3344 1211 tolleretur
3363 1154 3436 1210 de
3450 1153 3642 1210 medio

1982 1249 2264 1311 vestrum,
2298 1243 2403 1316 qui
2432 1243 2543 1301 hoc
2567 1258 2715 1313 opus
2739 1245 2884 1313 fecit
2905 1244 2994 1301 ‘t?
3032 1243 3137 1300 sed
3170 1244 3509 1301 necessario
3536 1259 3643 1299 ac-

1985 1331 2131 1388 cidit
2154 1332 2320 1407 quod
2352 1332 2630 1389 subditur
2659 1351 2672 1389 :
2705 1332 3008 1390 Modicum
3049 1335 3420 1405 fermentum
3455 1336 3642 1390 totum

1982 1439 2241 1481 massam
2265 1426 2671 1495 corrumpit“.
2695 1426 3020 1483 Peccantes
3036 1431 3257 1493 autem,
3273 1425 3469 1499 inquit
3489 1428 3645 1499 Apoc

1986 1514 2266 1582 stolus“,
2316 1530 2517 1571 coram
2568 1514 2838 1571 omnibus
2870 1527 3102 1586 argue;
3142 1516 3466 1588 statimque
3508 1515 3641 1585 ejus

1983 1604 2068 1661 rei
2095 1620 2348 1660 causam
2392 1602 2585 1670 affert,
2629 1604 2721 1661 his
2766 1604 2965 1661 verbis
2999 1623 3011 1662 :
3049 1604 3118 1663 Ut
3160 1611 3217 1662 et
3247 1605 3450 1662 caeteri
3473 1607 3643 1660 timo-

1985 1709 2107 1751 rem
2142 1693 2427 1752 habeant.
3079 1682 3092 1697 ’

2056 1986 2108 2053 2.
2152 1982 2217 2037 In
2266 1997 2509 2039 summa
2559 1984 2761 2039 autem
2803 1981 3085 2056 quisquis
3134 1981 3435 2038 medelam
3464 1981 3642 2040 sibia

1984 2070 2310 2146 praeposito
2333 2069 2669 2129 adhibitam
2699 2074 2959 2143 recusat,
2992 2087 3197 2129 secum
3227 2071 3355 2143 ipse
3384 2076 3638 2148 pugnat.

1984 2162 2212 2218 Etenim
2238 2162 2286 2219 si
2312 2177 2522 2237 Parere
2548 2177 2673 2218 non
2702 2161 2850 2232 vult,
2869 2161 2978 2218 sed
2998 2178 3173 2218 suam
3201 2165 3401 2218 tuetur
3429 2161 3641 2218 volun-

1987 2256 2191 2323 tatem,
2227 2268 2333 2307 cur
2362 2250 2610 2308 tandem
2641 2268 2781 2307 cum
2810 2268 2882 2308 eo
2913 2251 3165 2308 manet?
3195 2268 3300 2308 cur
3331 2252 3511 2308 etiam
3543 2251 3640 2323 ip-

1986 2358 2120 2397 sum
2152 2340 2411 2398 assumit
2433 2342 2566 2397 vitae
2596 2358 2720 2397 suae
2746 2340 3195 2398 moderatorem
3217 2340 3245 2397 ‘I
3297 2339 3405 2397 Ubi
3436 2345 3639 2398 autem

1985 2430 2123 2505 quis
2157 2429 2344 2486 semel
2382 2431 2442 2487 in
2470 2429 2717 2487 fratrum
2758 2446 3011 2503 corpore
3042 2430 3351 2487 numerari
3379 2445 3640 2486 consenc

1987 2520 2080 2591 sit,
2115 2520 2163 2575 si
2197 2518 2501 2592 judicetur
2531 2537 2638 2576 vus
2669 2536 2805 2575 esse
2846 2518 3177 2577 ministerio
3213 2519 3523 2589 idoneum,
3557 2524 3642 2576 ta-

1987 2611 2160 2667 metsi
2193 2610 2554 2668 mandatum
2596 2610 2752 2667 vires
2797 2627 3085 2684 superare
3130 2609 3385 2682 videtur,
3410 2610 3642 2682 judicio

1986 2699 2047 2757 in
2092 2718 2231 2758 eum
2276 2701 2383 2777 qui
2429 2698 2586 2757 ultra
2624 2701 2778 2757 vires
2824 2704 3132 2775 praecepit,
3162 2701 3406 2774 rejecto,
3433 2699 3643 2758 docili-

1984 2794 2172 2848 tatem
2210 2795 2267 2848 et
2290 2790 2702 2848 obedientiam
2752 2791 2831 2848 ad
2878 2792 3183 2848 interitum
3220 2808 3418 2865 usque
3447 2795 3646 2848 osten-

1986 2880 2110 2952 dat,
2140 2896 2378 2938 mcmor
2418 2881 2675 2949 Domini,
2708 2880 2812 2957 qui
2840 2882 3065 2940 Factus
3105 2887 3189 2939 est
3228 2881 3504 2940 obediens
3548 2896 3643 2936 us-

1986 2986 2099 3047 que
2124 2970 2207 3027 ad
2233 2975 2505 3039 mortem,
2538 2977 2788 3028 mortem
2818 2979 3020 3028 autem
3056 2974 3254 3028 crucis
3280 2971 3348 3027 “.
3378 2969 3642 3028 Rebellio

1987 3065 2190 3117 autem
2239 3065 2297 3117 et
2347 3059 2746 3118 contradictio
2799 3058 2974 3133 plura
3026 3059 3193 3131 mala
3240 3064 3455 3132 arguit,
3498 3058 3641 3117 ﬁdei

1987 3149 2293 3217 morbum,
2323 3148 2763 3207 dubitationem
2800 3149 2876 3206 de
2920 3166 3044 3222 spe,
3079 3147 3302 3206 fastum
3332 3165 3404 3207 ac
3436 3164 3643 3222 super-

270 3230 427 3276 στεως
489 3219 642 3268 νόσον
677 3258 691 3285 ,
773 3211 985 3279 ἐλπίδος
1050 3213 1416 3292 ἐνδοιασμὸν,
1472 3224 1622 3294 ὄγκον
1679 3241 1734 3274 τε
1788 3227 1873 3275 καὶ

1993 3239 2152 3298 biam
2201 3255 2462 3296 morum.
2514 3241 2715 3312 Neque
2762 3211 3306 3313 enim.quisquam
3355 3211 3644 3296 detrectat

266 3303 620 3379 ὑπερηφανίαν
676 3307 852 3368 ἤθους,
897 3309 1031 3360 Οὔτε
1084 3310 1185 3384 γὰρ
1254 3306 1454 3363 ἀπειθεῖ
1505 3329 1580 3372 τις
1629 3316 1699 3385 μὴ
1744 3316 1876 3389 πρό-

266 3408 410 3468 τερον
479 3398 767 3467 καταγνούς
827 3404 920 3449 τοῦ
985 3394 1482 3469 συμϐουλεύσαντος,
1527 3403 1640 3455 οὔτε
1696 3406 1798 3474 μὴν
1851 3402 1877 3454 6

266 3484 528 3536 πιστεύων
584 3490 699 3548 ταῖς
755 3484 1087 3559 ἐπαγγελίαις
1143 3496 1235 3540 τοῦ
1293 3484 1440 3556 Θεοῦ,
1510 3494 1600 3543 καὶ
1662 3488 1876 3563 βεϐαίαν

268 3572 311 3626 ἶ⁸
460 3573 471 3584 ο
515 3573 527 3593 ο
608 3574 620 3591 υ
697 3582 717 3592 ..
1205 3576 1223 3593 ί
1302 3578 1314 3593 ο
1542 3576 1565 3597 9
1650 3581 1662 3599 ι

292 3594 409 3646 ,ζων
451 3592 512 3626 επ
560 3592 744 3637 αυταις
790 3579 884 3634 τὴν
924 3573 1130 3644 ἐλπίδα,
1164 3597 1260 3629 καν
1292 3584 1508 3632 επίπονα
1536 3600 1565 3653 η
1609 3599 1675 3633 τα
1704 3600 1875 3655 προσ-

266 3666 594 3737 τεταγμένα,
642 3662 928 3726 ἀποκνήσει
980 3671 1103 3720 ποτε
1146 3671 1277 3742 πρὸς
1322 3669 1456 3723 αὐτά
1496 3673 1644 3737 (28).
1703 3668 1871 3738 εἰδὼς,

262 3753 384 3809 Ὀτι
414 3754 509 3809 ούκ
556 3755 681 3821 ἄξια
722 3759 785 3810 τὰ
831 3760 1122 3833 παθήματα
1155 3768 1247 3813 τοῦ
1274 3768 1362 3812 νῦν
1393 3770 1578 3838 καιροῦ
1622 3766 1749 3837 πρὸς
1779 3766 1874 3822 τὴν

266 3844 553 3920 μελλουσαν
611 3843 769 3911 δόξαν
827 3847 1311 3907 ἀποκαλύπτεσθαι.
1371 3857 1472 3905 Καὶ
1525 3853 1550 3904 ὁ
1598 3857 1876 3926 πεπεισμέ-

263 3955 369 4003 νος,
434 3939 515 3989 ὄτι
579 3938 604 3989 ὁ
675 3948 924 3993 ταπεινῶν
993 3939 1173 3994 ἐαυτὸν
1240 3940 1598 4013 ὑψωθήσεται,
1666 3941 1874 3996 πλείονα

266 4027 563 4099 προθυμίαν
608 4023 964 4081 ἐπιδείκνυται
993 4037 1089 4091 τῆς
1118 4037 1210 4084 τοῦ
1250 4029 1587 4096 ἐπιτάξαντος
1631 4028 1872 4108 προσδο-

267 4119 401 4183 κίας,
444 4113 599 4179 εἰδὼς
639 4120 740 4184 ὅτι,
787 4122 855 4172 T6
904 4126 1206 4195 παραυτίκα
1254 4122 1469 4195 ἑξαφρόν
1508 4130 1599 4184 τῆς
1659 4122 1875 4195 θλίψεως

266 4206 383 4259 καθ’
412 4206 697 4280 ὑπερϐολὴν
729 4208 794 4272 εἰς
825 4208 1111 4285 ὑπερϐολὴν
1144 4210 1257 4284 (29)
1288 4212 1492 4266 αἰώνιον
1520 4212 1687 4292 βάρος
1718 4211 1876 4277 δόξης

264 4296 669 4371 κατεργάζεται.

822 4394 1137 4444 ΕΡΩΤΗΣῙΣ
1179 4386 1302 4444 ΚΘ’.

328 4475 452 4552 Περί
478 4484 568 4530 τοῦ
597 4480 729 4554 μετὰ
759 4476 1023 4554 ἐπάρσεως
1053 4477 1081 4537 ἦ
1110 4487 1424 4555 γογγυσμοῦ
1457 4480 1826 4558 ἐργαζομένου.

896 4662 1268 4714 ΑΠΟΚΡΙΣΙΣ.

341 4754 445 4801 Του
493 4752 667 4821 μέντοι
712 4751 1073 4821 γογγύσαντος
1112 4752 1141 4809 ἣ
1192 4748 1275 4802 ἐπὶ
1322 4748 1542 4824 ἀπάρσει
1580 4752 1689 4824 (30)
1732 4751 1877 4826 ἐφευ-

358 4855 406 4889 ³⁹
458 4855 657 4912 Matth.
695 4873 747 4921 v,
782 4861 869 4914 29.
969 4858 1017 4892 ‘0
1054 4861 1069 4913 l
1102 4860 1243 4927 Reg.
1269 4874 1349 4924 ιιι,
1377 4861 1460 4915 13.

268 4928 319 4963 ⁶δ
350 4929 522 4985 Rom.
556 4943 673 4995 vin,
708 4932 800 4985 18.
922 4930 968 4966 ⁸⁸
996 4929 1194 4988 Matth.
1222 4946 1365 4998 nu,
1406 4935 1492 4987 i2.

341 5034 455 5148 (22)
470 5033 619 5091 Edili
640 5040 695 5093 et
714 5035 836 5093 duo
849 5053 996 5093 mss.
1012 5038 1091 5092 ὅτι
1113 5040 1261 5111 οὐχί.
1282 5038 1392 5096 Alii
1410 5038 1534 5096 duo
1553 5034 1872 5115 διὰτίούχέ.

365 5111 453 5148 9TH
491 5107 756 5148 Antinnm
804 5108 1092 5148 Aditinnnc
1141 5117 1195 5148 at
1248 5128 1367 5148 meo
1423 5112 1693 5148 nninnnn
1732 5115 1872 5148 an“).

344 5107 464 5189 (-2.31
485 5107 773 5189 ᾼηιιιιιιεε,
804 5108 1104 5189 mitiores.
1141 5107 1391 5189 e't'_mss-
1423 5112 1693 5189 ειυίιλίιιιε
1732 5107 1876 5189 πέεἓά

268 5188 363 5232 τοῦ
392 5178 710 5253 ἀδελφοῦ,ἀ
732 5180 955 5260 fratre.
985 5182 1185 5260 Codex
1208 5178 1552 5260 C01b._1rupr2
1573 5178 1663 5236 τοῦ
1690 5178 1875 5260 προέσ-

268 5260 449 5329 τῶτος,
470 5252 893 5329 apro-reposito,
937 5252 1167 5329 melius,
1198 5261 1260 5311 ut
1280 5252 1535 5329 Aopino'r,
1565 5262 1622 5311 et
1651 5252 1874 5315 verius.

269 5326 357 5380 lta
386 5324 547 5378 enim
571 5324 858 5397 orationis
891 5326 1075 5379 series
1096 5324 1402 5397 postulare
1425 5327 1677 5385 videtur.

343 5399 460 5473 (24)
490 5398 631 5473 Reiz.
664 5396 899 5473 primus
930 5401 987 5473 et
1015 5396 1171 5473 unus
1202 5398 1708 5473 ϐοίδιασύμφορός
1738 5398 1871 5470 ἐστι,

266 5468 385 5544 sibi
404 5470 528 5544 ipse
548 5469 803 5544 inutilis.
840 5468 1032 5544 Lectio
1055 5468 1116 5524 in
1143 5485 1206 5524 se
1230 5486 1353 5544 non
1381 5468 1605 5544 inepta.

344 5540 724 5613 (25)_Veteres
751 5538 874 5595 duo
899 5538 1033 5596 libri
1064 5555 1205 5596 cum
1239 5540 1406 5613 Voss.
1438 5538 1578 5606 ζωῆς
1609 5542 1874 5613 ὀνομάζει,

268 5596 413 5688 uita;
433 5596 644 5688 ducem
678 5612 1215 5688 app_etlat._Statim
1246 5596 1311 5671 in
1329 5596 1486 5688 fligi.
1530 5596 1735 5672 multis
1763 5596 1873 5688 pro

268 5682 413 5746 ἅπαξ
457 5681 771 5769 ειοςξριιιαξ
798 5685 1097 5769 invenitur
1125 5681 1271 5750 ὅλως.
1304 5686 1535 5755 ibidem
1576 5692 1715 5759 Reg.
1758 5681 1876 5769 pri-

267 5771 412 5813 mus
442 5758 500 5812 et
525 5755 697 5814 V038.
724 5755 1162 5831 ἐγκαταταγῆναι.

1569 4860 1611 4895 ⁴¹
1652 4862 1667 4914 1
1702 4863 1832 4917 Cor.
1868 4880 1921 4932 ν,
1954 4868 2008 4920 2.

1602 4933 1646 4967 ⁴⁷
1683 4935 1726 4988 ll
1757 4932 1891 4992 Cor.
1923 4953 2001 5007 iv,
2041 4939 2127 4991 17.

1985 3330 2332 3404 imperium,
2359 3329 2464 3403 qui
2492 3345 2615 3386 non
2636 3328 2803 3402 prius
2830 3329 3260 3403 contempserit
3279 3327 3510 3385 consilii
3539 3343 3645 3384 au-

1985 3426 2211 3478 ctorem
2245 3437 2257 3476 :
2292 3435 2488 3492 neque
2520 3418 2626 3492 qui
2648 3418 2836 3474 credit
2862 3418 2963 3475 Dei
2988 3418 3326 3493 promissis,
3346 3432 3644 3492 spemque

1983 3509 2223 3566 ﬁrmam
2275 3509 2337 3565 in
2390 3507 2477 3563 uis
2527 3508 2783 3583 reponit,
2826 3506 3064 3564 etiamsi
3112 3513 3411 3581 praecepta
3451 3507 3645 3564 ardua

1985 3601 2103 3656 sint
2160 3604 2215 3656 et
2272 3597 2557 3668 difﬁcilia,
2602 3614 2876 3673 unquam
2923 3598 2985 3654 in
3029 3597 3182 3669 ipsis
3241 3595 3644 3654 observandis

1984 3688 2262 3762 torpebit,
2298 3705 2435 3744 cum
2460 3688 2609 3744 sciat
2631 3703 2753 3745 non
2784 3702 2920 3743 esse
2960 3686 3295 3758 condignas
3327 3685 3643 3759 passiones

1982 3778 2166 3852 hujus
2196 3776 2480 3851 temporis
2513 3768 2589 3833 ad
2619 3777 2883 3833 futuram
2933 3792 3068 3849 quae
3110 3774 3474 3832 revelabitur
3513 3773 3643 3845 glo-

1983 3869 2137 3926 riam
2156 3868 2222 3918 ‘3.
2261 3869 2326 3923 Et
2355 3866 2449 3922 cui
2475 3881 2839 3939 persuasum
2862 3868 2971 3935 est,
2997 3881 3137 3921 eum
3158 3866 3262 3937 qui
3294 3879 3425 3919 sese
3446 3862 3641 3919 humi-

1984 3958 2110 4029 liat,
2146 3955 2476 4026 exaltatum
2508 3955 2578 4011 iri
2600 3958 2669 4026 ‘5,
2698 3955 2995 4027 majorem
3028 3952 3421 4023 alacritatem,
3450 3968 3643 4026 quam

1983 4064 2122 4123 quae
2166 4064 2202 4104 a
2248 4045 2638 4122 praecipiente
2687 4047 3093 4119 exspectatur,
3137 4043 3313 4117 373
3362 4042 3641 4113 ostendit,

1985 4139 2212 4213 quippe
2236 4138 2341 4211 qui
2371 4135 2518 4193 illud
2557 4151 2681 4193 non
2710 4135 2970 4207 ignoret.
3001 4132 3173 4207 quod
3218 4136 3647 4189 momentanea

1986 4228 2325 4286 afﬂictionis
2370 4225 2584 4283 levitas
2629 4224 2784 4283 mira
2828 4240 3015 4300 supra
3056 4222 3313 4281 modum
3354 4228 3646 4279 aeternum

1985 4316 2228 4393 pondus
2251 4315 2454 4388 gloriie
2481 4314 2680 4389 pariat
2701 4317 2767 4372 ‘7.

2450 4406 2972 4463 INTERROGATIO
3010 4407 3188 4463 XXIX.

1998 4483 2108 4556 'De
2131 4514 2196 4557 eo
2220 4498 2479 4571 quicum
2509 4498 2702 4575 animi
2718 4498 2976 4623 elatione
2993 4499 3102 4551 aut
3127 4493 3612 4551 murmuratione

2742 4584 2843 4623 aa:
2879 4608 2891 4622 .

2742 4584 2891 4638 agu.

2616 4655 3026 4715 RESPONSIO.

2061 4751 2213 4808 Sane
2256 4764 2414 4823 opus
2466 4749 2617 4821 ejus,
2648 4746 2754 4819 qui
2791 4744 3196 4802 murmuravit
3227 4747 3331 4800 aut
3358 4741 3643 4798 extulisse

2116 4863 2161 4896 ⁴²
2193 4859 2339 4916 ibid.
2375 4864 2427 4916 6.
2545 4860 2592 4893 ‘3
2626 4857 2818 4914 ITim.
2851 4873 2912 4927 v,
2940 4858 3033 4913 20.
3138 4856 3184 4889 “
3216 4852 3473 4926 Philipp.
3511 4866 3570 4919 ιι,
3610 4853 3642 4905 8

2054 5042 2168 5112 (26)
2210 5037 2363 5096 Editi
2407 5041 2463 5096 et
2492 5036 2614 5094 duo
2645 5052 2790 5112 mss.
2819 5033 2967 5112 μέλος
3018 5036 3261 5112 γενέσθαι
3299 5032 3641 5112 ὑπουργικόν,

1983 5107 2312 5171 membrum
2342 5115 2553 5180 aptum
2592 5109 2673 5164 ad
2702 5107 3196 5164 mim'slrandum.
3228 5108 3368 5176 Reg.
3404 5107 3643 5176 primus

1983 5191 2042 5243 et
2065 5186 2232 5240 Voss.
2265 5190 2323 5239 et
2352 5181 2520 5238 Colb.
2551 5184 2614 5236 ut
2639 5181 2700 5236 in
2729 5184 3038 5235 contextu.

2056 5257 2170 5327 (27)
2203 5257 2341 5323 Reg.
2394 5254 2726 5327 primus__et
2766 5253 2936 5327 Voss.
2970 5260 3049 5327 τῷΔ
3089 5252 3215 5327 ὑπερ
3262 5246 3507 5327 δύναμιν.
3535 5244 3648 5302 Ali-

2056 5267 2170 5327 (27)
2203 5267 2341 5323 Heg.
2394 5270 2627 5326 primus
2670 5267 2726 5306 et
2772 5267 2936 5306 γοδς.
2970 5269 3040 5321 τῳ
3089 5268 3215 5324 υπερ
3262 5267 3435 5373 at“?

1983 5333 2221 5403 quanto
2244 5332 2383 5399 post
2408 5325 2603 5403 codex
2624 5323 2799 5403 Voss.
2830 5323 3251 5403 μέχρι-θανάτου
3285 5340 3369 5374 επι
3413 5361 3427 5375 .

2054 5403 2168 5471 ('28)
2197 5385 2335 5467 ﬂag.
2362 5399 2601 5471 primus
2616 5398 2744 5470 πρὸς
2772 5385 3124 5471 maritimi:
3152 5393 3315 5471 idem
3345 5385 3646 5471 (113.66%.

1982 5462 2437 5544 ἀποκαλυφθῆναι,
2467 5462 2710 5544 ibidem
2750 5465 2941 5522 codex
2967 5464 3143 5521 Voss.
3173 5468 3231 5520 et
3272 5463 3397 5521 duo
3430 5462 3531 5519 alii
3557 5467 3648 5517 καὶ

1984 5545 2010 5596 ὁ
2040 5542 2419 5607 πεπιστευκὼς,
2449 5542 2549 5595 ὅτι.

2056 5616 2166 5686 (29)
2197 5613 2365 5684 Illud,
2396 5606 2806 5687 εἰςύπερϐολήν,
2860 5626 2941 5687 eg
2980 5608 3243 5687 editione
3285 5610 3505 5667 Veneta
3539 5606 3647 5669 ad-

1982 5681 2231 5761 didi.'ct
2256 5681 2626 5761 eg'autiquis
2658 5683 2846 5761 tribus
2882 5681 3073 5761 libris.

2052 5761 2165 5832 (30)
2195 5756 2448 5818 Codices
2468 5754 2591 5825 duo
2622 5772 2763 5814 cum
2792 5756 2960 5815 Voss.
2994 5754 3064 5821 εἰς
3095 5754 3333 5832 ἔπαρσιν.
