4110 6396
453 372 551 425 991

455 509 516 550 se
550 493 900 565 compertus
928 496 1038 556 est,
1068 509 1206 549 cum
1238 491 1527 566 operibus
1561 508 1772 549 eorum
1801 491 1905 566 qui
1937 492 2118 548 corde

452 584 718 641 humiles
749 588 914 647 sunt,
943 588 1000 639 et
1021 585 1236 657 spiritu
1259 584 1515 650 contriti,
1541 599 1929 656 nequaquam
1957 599 2118 638 com-

451 673 836 730 miscendum
861 678 948 729 est
973 690 986 728 :
1017 675 1141 730 imo
1161 675 1253 730 his
1275 674 1356 748 pii
1372 674 1542 730 nullo
1561 674 1740 730 modo
1766 673 1846 728 uti
1873 673 2115 730 debent.

451 763 610 818 Nam
633 763 790 834 quod
815 763 1155 819 hominibus
1177 765 1370 819 altum
1391 763 1863 829 est,abominatio
1876 769 1959 818 est
1978 766 2120 817 ante

452 854 643 909 Deum
659 854 725 904 ‘9.
747 852 899 916 Quin
925 853 1104 908 etiam
1130 853 1292 909 aliud
1319 859 1408 908 est
1433 858 1799 924 praeceptum
1825 851 2117 924 Apostoli,

453 941 709 998 dicentis
753 959 764 997 :
819 943 1026 1014 Neque
1077 943 1628 1009 murmuraveritis,
1668 943 1818 996 sicut
1871 941 2116 1012 quidam

453 1047 659 1087 eorum
682 1038 1245 1097 murmuraverunt,
1265 1038 1317 1088 et
1333 1033 1645 1101 perierunt
1667 1031 1744 1087 ab
1761 1031 2121 1086 extermina-

455 1127 586 1176 tore
600 1121 664 1169 ‘9.
702 1120 843 1175 Item
868 1120 1015 1175 illud
1041 1137 1054 1176 :
1085 1122 1222 1176 Non
1251 1137 1326 1176 ea:
1353 1122 1622 1190 tristitia,
1650 1126 1755 1175 aut
1778 1135 1853 1176 ex
1873 1119 2116 1176 necessi—

457 1209 664 1264 tate".
711 1209 905 1274 Quare
949 1225 1070 1264 non
1099 1214 1188 1264 est
1215 1209 1662 1265 admittendum
1690 1207 1900 1264 talium
1941 1223 2118 1280 opus,

456 1313 630 1370 aeque
651 1313 722 1353 ac
741 1297 1138 1370 vituperabile
1161 1299 1554 1354 sacriﬁcium:
1577 1297 1744 1371 quod
1768 1303 1926 1352 certe
1947 1297 2117 1352 nefas

455 1386 634 1442 fuerit
662 1392 1015 1442 creterorum
1040 1387 1210 1460 operi
1241 1387 1586 1444 admisceri.
1617 1387 1675 1443 Si
1707 1387 1868 1443 enim
1889 1387 1995 1458 qui
2014 1386 2120 1442 ob-

453 1476 718 1534 tulerunt
743 1477 801 1530 in
837 1476 1017 1532 altari
1044 1477 1246 1547 ignem
1272 1478 1561 1544 alienum,
1592 1483 1828 1533 tantam
1849 1477 2003 1532 iram
2024 1493 2120 1532 ex-

454 1566 606 1638 perti
660 1570 800 1621 sunt
821 1566 890 1631 5*,
934 1567 1060 1639 qui,
1113 1584 1344 1640 quaeso,
1394 1567 1810 1640 periculosum
1858 1583 1981 1622 non
2011 1571 2119 1635 est,

453 1669 613 1726 opus
643 1655 811 1726 quod
841 1655 918 1710 ab
947 1656 1136 1712 animi
1182 1657 1501 1714 affectione
1554 1659 1671 1711 Deo
1713 1657 1907 1712 invisa
1937 1656 2122 1730 proﬁ-

453 1742 825 1813 ciscatur,ad
851 1745 1139 1801 mandata
1164 1747 1356 1818 ipsius
1378 1746 1772 1819 exsequenda
1793 1745 2122 1802 adhibere?

459 1834 600 1900 Qua:
627 1835 806 1902 enim,
831 1835 1048 1908 inquit,
1073 1843 1157 1892 est
1182 1839 1432 1894 societas
1444 1839 1752 1906 justitiam
1779 1839 1940 1892 inter
1961 1842 2014 1892 et
2036 1837 2122 1890 in-
2151 1852 2194 1908 Β
2231 1839 2433 1907 μετοχὴ
2466 1877 2478 1902 ,

446 1925 798 1992 justitiam?
820 1929 926 1979 aut
957 1940 1089 1996 quae
1112 1941 1260 1994 pars
1291 1926 1462 1994 fideli
1490 1941 1623 1981 cum
1654 1925 1890 1994 inﬁdeli
1909 1926 1956 1959 ⁵³
1979 1925 2006 1980 ?
2037 1923 2124 1979 ld-

455 2012 616 2066 circo
649 2011 764 2068 ait:
800 2013 1051 2084 Iniquus
1079 2016 1186 2086 qui
1210 2017 1479 2071 immolat
1504 2016 1655 2071 mihi
1677 2016 2124 2081 vitulum,velut

456 2101 565 2172 qui
592 2102 810 2156 occidit
841 2119 1048 2158 canem
1069 2119 1094 2160 .·
1113 2111 1166 2160 et
1191 2107 1297 2177 qui
1316 2105 1485 2174 offert
1506 2106 1931 2176 similaginem,
1960 2105 2121 2160 velut

454 2193 810 2260 sanguinem
835 2194 1087 2248 suillum
1110 2195 1177 2246 ⁵³.
1210 2194 1379 2250 Unde
1406 2195 1558 2266 pigri
1592 2200 1649 2250 et
1677 2195 1914 2250 rebellis
1940 2210 2124 2267 opera

454 2295 493 2334 a
523 2279 775 2336 fratrum
816 2289 1121 2337 conventu
1164 2289 1303 2339 sunt
1332 2285 1678 2341 necessario
1723 2284 2119 2340 removenda.

457 2372 649 2440 Atque
682 2385 752 2424 ea
780 2370 841 2425 in
872 2378 1042 2444 parte
1073 2372 1422 2443 diligentem
1447 2389 1695 2446 operam
1722 2389 1946 2446 ponere
1973 2390 2122 2446 prae-

456 2454 642 2512 fectos
674 2474 786 2530 par
811 2465 918 2521 est,
953 2465 1017 2517 ut
1065 2478 1262 2534 neque
1295 2463 1408 2534 ipsi
1454 2463 1679 2519 violent
1720 2463 2027 2519 decretum
2059 2462 2123 2518 il-

453 2544 573 2600 lius
604 2547 708 2619 qui
735 2547 886 2604 dixit
921 2567 932 2604 :
961 2551 1298 2607 Ambulans
1337 2556 1399 2607 in
1442 2554 1540 2609 via
1575 2554 1995 2618 immaculata,
2023 2554 2120 2609 hic

456 2637 612 2692 mihi
634 2640 1024 2697 ministrabat
1055 2658 1076 2697 .·
1100 2659 1219 2698 non
1245 2643 1557 2700 habitabat
1589 2647 1650 2700 in
1691 2645 1882 2700 medio
1911 2645 2121 2700 domus

455 2731 732 2798 mez,qui
748 2731 1450 2802 faciebatsuperbiam“;
1471 2751 1668 2808 neque
1691 2739 1965 2792 auctores
1980 2735 2118 2804 sint,

455 2822 520 2872 ut
547 2818 654 2889 qui
698 2826 1002 2892 praecepto
1053 2821 1348 2879 admiscet
1392 2830 1733 2896 peccatum,
1775 2824 2122 2897 laborisque

454 2907 733 2976 segnitie,
758 2913 863 2964 aut
909 2911 1098 2965 animi
1129 2916 1382 2981 tumore,
1417 2914 1520 2986 qui
1569 2929 1640 2969 ex
1681 2915 1899 2985 majori
1946 2914 2122 2970 indu-

453 2995 600 3051 stria
628 2997 879 3068 oriatur,
928 3016 1084 3072 opus
1141 3002 1513 3075 coinquinat,
1557 3003 1619 3060 in
1669 3021 1778 3060 sua
1829 3004 2120 3076 pravitate

450 3091 829 3155 permaneat,
863 3088 969 3160 qui
995 3088 1162 3160 quod
1191 3105 1261 3146 eo
1292 3096 1556 3160 utantur,
1590 3093 1758 3148 illum
1791 3109 1901 3149 sua
1931 3093 2119 3166 ipsius

1845 367 1906 424 S.
1938 368 2182 424 BASILII
2223 369 2442 424 MAGNI

3727 367 3836 419 992

2223 493 2452 567 ρεθὲντος
2491 487 2575 543 δεῖ
2619 495 2711 549 τὴν
2762 490 3012 564 ἐργασίαν
3041 494 3113 564 μὴ
3147 488 3568 562 καταμίγνυσθαι
3691 489 3838 561 παρά

2225 589 2325 632 τῶν
2391 589 2643 634 ταπεινῶν
2708 588 2771 653 τῇ
2837 577 3039 656 καρδίᾳ
3101 584 3192 632 καὶ
3260 580 3703 650 συντετριμμένων
3762 584 3836 648 τῷ

2226 672 2479 742 πνεύματι
2531 673 2771 743 γινομένη
2830 669 3070 745 ἐργασία,
3126 673 3215 720 καί
3267 667 3390 728 ὅλως
3439 671 3511 740 μὴ
3569 664 3840 718 ἀναλίσκε-

2836 757 3097 813 εύ).αϐἐσι.
3163 761 3305 811 Διότι
3388 758 3447 808 τό
3522 754 3724 826 ὑψηλόν
3791 753 3839 807 ἐν

3204 846 3418 898 ἐνώπιον
3513 852 3604 897 1'06
3681 852 3837 900 Θεοῦ.

2229 760 2354 811 σθαι
2421 761 2565 831 παρά
2641 766 2751 820 τοῖς

2228 844 2520 922 ἀνθρώποις
2609 844 2884 921 βδέλυγμα
2968 846 3108 900 ἐστιν

2232 941 2333 990 Καὶ
2383 936 2506 988 ἄλλο
2561 936 2907 1010 παράγγελμα
2956 938 3068 1008 (31)
3121 944 3213 990 τοῦ
3267 933 3606 1000 ’Λποστό).ου,
3657 932 3840 1004 λέγον-

2227 1045 2348 1087 τοςο
2412 1023 2565 1084 Μηδὲ
2616 1027 2924 1098 γογγύζετε,
2981 1029 3211 1102 καθάπερ
3271 1029 3404 1086 τινες
3467 1024 3636 1077 αύτῶν
3693 1021 3842 1095 ἐγόγ-

2227 1135 2396 1188 γυσαν
2431 1157 2444 1182 ,
2531 1120 2620 1168 καὶ
2677 1114 2939 1168 ἀπώλοντο
3015 1118 3116 1169 ύπό
3181 1123 3274 1168 1'06
3340 1114 3684 1188 ὀλοθρευτοῦ·
3749 1116 3840 1166 καὶ

2227 1209 2285 1257 1'6
2319 1247 2332 1272 ,
2401 1209 2486 1264 Μὴ
2557 1204 2611 1258 ἐκ
2676 1205 2892 1276 λύπης,
2949 1207 2978 1266 ἦ
3041 1206 3092 1269 ἐξ
3149 1204 3400 1278 ἀνάγκης.
3453 1199 3839 1280 Ἀπρόσδεκτον

2229 1290 2316 1346 οὖν
2346 1297 2404 1347 τό
2437 1295 2546 1360 (32)
2593 1303 2692 1348 τῶν
2740 1298 2986 1348 τοιούτων
3035 1299 3202 1369 ἔργον,
3237 1297 3307 1357 ὡς
3345 1296 3507 1348 θυσία
3550 1292 3840 1366 ἐπίμωμος·

2230 1385 2351 1458 ὅπερ
2421 1383 2836 1458 ἐγκαταμιγῆναι
2892 1394 2954 1459 τῇ
3023 1394 3124 1438 τῶν
3196 1385 3388 1438 λοιπῶν
3456 1383 3680 1458 ἐργασίᾳ
3746 1383 3841 1436 οὐκ

2233 1473 2428 1546 εὐαγές.
2484 1475 2545 1526 Εἰ
2595 1477 2696 1550 γὰρ
2760 1477 2808 1528 οὶ
2859 1483 2964 1549 πῦρ
3019 1475 3284 1550 ἀλλότριον
3350 1476 3702 1547 προσάγοντες
3765 1481 3838 1544 τῷ

2235 1565 2602 1638 θυσιαστηρίῳ
2659 1568 2917 1628 τοσαύτης
2966 1565 3129 1641 ὀργῆς
3177 1564 3548 1640 ἐπειράθησαν,
3584 1571 3695 1626 πῶς
3747 1563 3840 1616 ούκ

2233 1651 2558 1707 ἐπικίνδυνον
2602 1653 2702 1708 ἀπὸ
2753 1655 2947 1730 ἐχθρᾶς
2999 1665 3070 1708 τῶ
3120 1664 3234 1726 Θεῷ
3283 1653 3566 1715 διαθέσεως
3596 1657 3744 1729 ἔργον
3776 1654 3841 1714 εἰς

2232 1748 2325 1802 την
2357 1745 2652 1818 οἰκονομίαν
2691 1754 2790 1797 τῶν
2834 1745 3047 1798 ἐντολῶν
3097 1742 3541 1822 παραδέχεσθαις
3593 1750 3682 1806 Τίς
3738 1747 3839 1820 γὰρ

2569 1840 2741 1908 φησὶ,
2831 1833 3143 1909 δικαιοσύνῃ
3208 1841 3298 1887 καὶ
3369 1833 3605 1908 ἀνομίας
3675 1835 3704 1894 ᾖ
3765 1839 3842 1895 τίς

2231 1927 2370 1996 μερὶς
2417 1931 2590 1996 πιστῷ
2645 1927 2775 1997 μετὰ
2828 1923 3094 1992 ἀπίστους
3147 1929 3331 1998 Διόπερ
3378 1929 3540 1997 φησίν
3579 1925 3735 1994 (33)·
3783 1923 3842 1976 Ὁ

2231 2015 2463 2086 ἄνομος,
2523 2016 2550 2066 6
2619 2016 2751 2067 θύων
2823 2035 2914 2088 μοι
2979 2019 3228 2088 μόσχον,

2491 2109 2582 2156 καὶ
2657 2105 2683 2156 6
2757 2109 3061 2179 προσφέρων
3154 2101 3430 2179 σεμίδαλιν
3462 2147 3477 2172 ,

3300 2017 3369 2077 ὡς
3434 2016 3460 2066 ό
3529 2013 3841 2067 ἀποκτείνων

2231 2106 2395 2156 κύναο
2491 2109 2582 2156 καὶ
2657 2105 2683 2156 6
2757 2109 3061 2178 προσφέρων
3154 2105 3430 2178 σεμίδαλιν
3462 2147 3477 2172 ,
3556 2105 3621 2166 ὡς
3709 2106 3841 2178 αἷμα

2230 2193 2385 2251 ὕειον,
2439 2193 2592 2246 Ὀθεν
2633 2192 2926 2266 ἀναγκαίως
2984 2197 3050 2248 τὰ
3108 2203 3201 2246 τού
3252 2194 3474 2269 ὀκνηροῦ
3539 2199 3630 2247 καὶ
3696 2192 3840 2246 ἀντι-

2229 2283 2386 2356 λόγου
2429 2285 2540 2356 (34)
2595 2287 2723 2358 ἔργα
2775 2283 3140 2360 ἀλλοτριωτὲον
3189 2294 3283 2347 τῆς
3331 2281 3693 2358 ἀδελφότητος.
3739 2289 3840 2338 Καὶ

2230 2376 2415 2426 τούτου
2471 2381 2563 2426 1'06
2619 2378 2804 2448 μέρους
2870 2374 3098 2451 ἀκριϐῶς
3158 2373 3514 2448 ἐπιμελεῖσθαι
3581 2371 3666 2427 δεῖ
3725 2378 3839 2435 τούς

2227 2471 2581 2536 προεστῶτας,
2613 2465 2696 2515 ἶνα
2749 2469 2882 2536 μήτε
2935 2463 3082 2516 αύτοὶ
3128 2465 3527 2538 παραφθείρωσι
3555 2467 3616 2516 τὸ
3665 2460 3840 2536 δόγμα

2229 2560 2322 2605 1'06
2385 2553 2652 2616 εἰπόντος·
2714 2558 3062 2627 Πορευόμενος
3116 2552 3164 2605 ἐν
3214 2549 3322 2625 ὀδῷ
3387 2552 3617 2626 ἀμώμῳ,
3687 2554 3837 2614 οὗτος

2229 2663 2321 2718 μοι
2394 2642 2742 2718 ἐλειτούργειο
2815 2643 2875 2696 ού
2937 2651 3162 2716 κατῴκει
3219 2641 3268 2695 ἐν
3325 2648 3468 2717 μέσῳ
3529 2652 3618 2702 τῆς
3670 2643 3836 2701 οἰκίας

2230 2751 2351 2804 μου,
2408 2739 2568 2785 ποιῶν
2624 2733 2978 2807 ὑπερηφανίαν
3008 2753 3021 2765 ·
3081 2737 3212 2804 μήτε
3265 2735 3351 2784 τὸν
3403 2739 3464 2804 τῇ
3517 2729 3687 2802 ἐντολῇ
3738 2734 3830 2786 την

2230 2821 2490 2897 ἁμαρτίαν
2545 2820 2905 2894 ἔπιμιγνύντα,
2955 2826 3046 2874 καὶ
3098 2822 3381 2894 μολύνοντα
3433 2825 3526 2878 τήν
3582 2818 3832 2892 ἐργασίαν

2227 2912 2464 2986 ῥᾳθυμίᾳ
2500 2919 2592 2964 1'06
2635 2916 2822 2983 κόπου,
2877 2912 2907 2971 ἦ
2969 2911 3186 2986 ἐπαρσει
3224 2919 3317 2964 106
3370 2909 3834 2982 πλεονεκτήματος,

2230 2997 2714 3073 οὶκοὸομῶσινι35)
2753 2999 3006 3073 ἐπιμένειν
3045 3009 3105 3074 τῇ
3140 2997 3436 3075 διαστροφῇ
3473 2996 3561 3052 δι’
3590 2999 3657 3049 ὧν
3689 2997 3839 3050 αύτοι

2228 3087 2664 3164 προσδέχονται,
2732 3090 2824 3142 ούκ
2894 3089 3066 3151 ἐῶντες
3129 3091 3284 3142 αύτόν
3354 3096 3421 3151 εὶς
3481 3089 3838 3145 συναίσθησιν

447 3170 616 3226 mala
648 3174 868 3230 sentire
895 3192 1018 3231 non
1044 3177 1272 3234 sinunt.
1311 3184 1516 3254 itaque
1548 3186 1605 3236 et
1635 3182 1961 3255 praeposito
1989 3199 2114 3254 per-

2231 3188 2329 3231 τῶν
2386 3180 2584 3231 οἰκείων
2651 3187 2823 3231 κακῶν
2893 3179 3229 3251 ἐφικνεῖσθαι.
3287 3183 3400 3254 Χρή
3462 3174 3550 3230 οὖν
3607 3182 3698 3230 καὶ
3753 3179 3840 3229 τόν

449 3274 707 3316 suasum
736 3262 812 3319 sit
856 3271 1114 3336 oportet,
1157 3284 1242 3334 se,
1275 3269 1388 3325 nisi
1440 3286 1552 3324 suo
1601 3270 1786 3341 fratri,
1818 3275 1881 3327 ut
1924 3269 2118 3336 decet,

446 3350 674 3419 praesit,
703 3350 821 3407 sibi
855 3369 1102 3423 gravem
1137 3362 1318 3429 atque
1346 3358 1752 3416 inevitabilem
1784 3361 1934 3416 iram
1968 3362 2120 3417 asci-

446 3451 635 3492 scere.
670 3442 817 3496 Nam
851 3445 1104 3513 sanguis
1149 3445 1310 3501 illius
1340 3449 1680 3521 requiretur
1729 3450 1803 3505 de
1833 3450 2117 3506 manibus

449 3523 664 3597 ipsius,
694 3528 846 3586 sicut
891 3533 1180 3605 scriptum
1228 3542 1316 3590 est
1337 3538 1406 3593 ⁵⁵.
1436 3543 1516 3594 Ac
1548 3539 1723 3594 etiam
1759 3540 1841 3595 ita
1871 3557 2117 3613 compa-

446 3621 616 3670 ratus
643 3617 715 3673 sit
738 3620 1038 3692 subditus,
1064 3629 1127 3680 ut
1156 3625 1390 3682 nullum
1433 3628 1816 3697 mandatum,
1858 3646 1932 3685 ne
1963 3630 2117 3685 difﬁ-

444 3701 738 3762 cillimum
771 3710 1046 3782 quidem,
1079 3713 1360 3771 conﬁciat
1397 3716 1567 3788 pigre
1601 3734 1672 3772 ac
1701 3720 1983 3786 segniter,
2019 3719 2117 3776 cui

444 3793 670 3851 scilicet
702 3812 1064 3868 persuasum
1117 3818 1250 3858 esse
1300 3804 1538 3872 debeat,
1573 3807 1958 3863 tribuendam
2000 3809 2114 3864 sibi

442 3896 579 3938 esse
621 3884 682 3940 in
727 3888 893 3944 caelis
922 3891 1177 3947 multam
1207 3896 1570 3951 mercedem.
1605 3897 1904 3953 Exhilaret
1936 3898 2117 3968 igitur

441 3970 758 4031 subditum
805 3995 946 4051 spes
994 3981 1218 4054 gloriae,
1249 3988 1315 4040 ut
1358 3985 1418 4039 in
1455 3987 1621 4041 omni
1663 3986 1888 4056 gaudio
1919 3993 1976 4044 et
2003 4003 2114 4060 pa-

449 4062 661 4118 tientia
686 4080 841 4138 Opus
873 4071 1111 4126 Domini
1141 4073 1268 4128 ﬁat.

824 4155 935 4228 37
948 4155 1003 4229 4
1037 4163 1560 4220 INTERROGATIO
1588 4167 1737 4221 XXX.

446 4235 627 4304 Quali
662 4244 857 4299 animi
893 4247 1212 4315 a/fectione
1245 4251 1500 4324 debeant
1529 4253 1809 4323 praefecti
1834 4255 2108 4324 fratrum

1029 4335 1241 4376 curam
1271 4323 1510 4379 habere.

575 4491 641 4501 Η
719 4493 729 4501 _
978 4497 994 4501 Δ
1071 4413 1484 4469 RESPONSIO.

524 4492 797 4550 Vicissim
839 4497 1192 4568 praefectum
1240 4515 1362 4555 non
1413 4502 1658 4559 extollat
1705 4505 1988 4575 dignitas,
2033 4523 2109 4563 ne

441 4585 575 4658 ipse
605 4599 849 4657 quoque
876 4586 955 4642 ab
985 4604 1058 4644 ea
1087 4604 1224 4661 qua;
1257 4589 1592 4647 humilibus
1625 4598 1930 4666 promissa
1951 4603 2039 4652 est
2061 4599 2108 4632 ⁵⁸

516 4712 562 4745 ⁸³
596 4713 738 4764 Luc.
779 4727 904 4783 ;v1,
939 4717 1021 4766 15.
1116 4715 1162 4747 ‘9
1197 4715 1216 4766 Ι
1249 4717 1382 4770 Cor.
1407 4733 1466 4783 x,
1499 4722 1581 4772 10.

444 4798 590 4848 LxVI,
623 4785 677 4836 3.
782 4781 829 4816 ⁵⁸
858 4783 1013 4838 Psal.
1038 4800 1086 4851 (τ,
1114 4789 1164 4851 6,
1200 4791 1251 4840 7.
1346 4788 1392 4821 ³⁵
1423 4781 1627 4844 Ezech.
1653 4807 1732 4858 ιη,
1770 4795 1853 4846 18.

657 4908 818 4986 linus
843 4924 954 4986 ms.
987 4909 1239 4986 Καὶ-ἄλλο
1272 4907 1330 4986 ᾇὶῑ
1361 4913 1738 4986 ἓστιᾼπαροίγγ.

662 4977 807 5056 Reg.
835 4979 1067 5056 primus
1088 4979 1446 5056 ἀπρόσᾷεκτον
1471 4982 1528 5038 δὲ
1555 4970 1636 5036 καὶ
1655 4970 1741 5042 ’τό
1769 4989 1896 5044 Mox
1919 4989 2100 5047 editio

443 5048 621 5130 Basil.
657 5048 881 5121 pariter
919 5067 996 5130 ac
1034 5048 1216 5108 Paris.
1251 5054 1698 5130 _éyxarauiyﬁum.
1736 5059 1927 5115 Editio
1953 5064 2096 5117 Ven.

436 5124 498 5196 gi
538 5121 854 5196 du0_mss.
907 5121 1370 5196 ἐγκαταμιγνύνω,
1427 5121 1538 5184 Ᾰὶίί
1589 5129 1712 5184 duo
1764 5147 1907 5185 mss,
1959 5150 2100 5189 cum

438 5194 608 5273 Xoss.
643 5192 1185 5273 _ggamngwa‘u.‘
1219 5198 1486 5254 Subinde
1548 5203 1688 5270 Reg.
1755 5204 1987 5273 primus
2045 5213 2103 5260 et

437 5265 604 5339 Voss.
635 5263 897 5339 ἀλλότριον
926 5263 1366 5339 προσαγαγόντες.

511 5337 975 5415 (33)_Editioues'
1003 5337 1234 5415 veteres
1275 5347 1332 5395 et
1382 5342 1541 5410 Regii
1563 5347 1704 5415 gtres
1737 5361 1883 5400 mss.
1915 5351 2100 5415 Διόπερ

438 5413 596 5486 φησιν
625 5409 648 5458 ό
675 5412 831 5486 νόμος
860 5425 871 5461 :
906 5411 1070 5479 quod
1118 5411 1215 5486 ita
1252 5405 1512 5468 verterat
1560 5413 1855 5486 interpres
1906 5405 2098 5485 vetus,

435 5481 661 5554 idcirca
682 5480 975 5554 scriptum
999 5488 1080 5535 est
1107 5482 1168 5536 in
1195 5483 1336 5552 lege,
1365 5487 1469 5554 qui
1490 5480 1760 5541 immolat
1784 5491 1954 5547 mihi.
1986 5480 2096 5545 etc;

439 5549 554 5604 Sed
605 5548 706 5602 ubi
750 5552 934 5632 itania.
957 5552 1086 5632 lege
1121 5548 1413 5632 scriptum
1448 5557 1823 5632 si}.__frustra,
1860 5563 2097 5632 opinor,

435 5633 698 5704 quaeras.
736 5626 808 5676 At
836 5620 1360 5704 Coislfsecundus
1389 5633 1445 5683 et
1476 5627 1642 5683 Colb.
1678 5620 1857 5704 Διόπερ
1902 5620 2058 5704 tum
2085 5620 2098 5667 ξ

450 5698 492 5740 0
522 5691 709 5761 ἄνομος
741 5708 754 5746 :
789 5707 978 5769 quam
1006 5695 1368 5766 scripturam
1390 5714 1599 5762 veram
1626 5714 1759 5761 esse
1789 5691 1847 5758 et
1867 5691 2101 5773 germa-

1675 4720 1723 4753 ⁵ο
1757 4722 1799 4774 ll
1833 4723 1967 4777 Cor.
2004 4738 2081 4788 Ix,
2113 4725 2169 4780 7.

2231 3277 2532 3341 προεστῶτα
2583 3271 2904 3336 πεπεῖσθαι,
2955 3271 3037 3322 ὅτι
3083 3273 3140 3322 τό
3185 3275 3256 3343 μη
3300 3271 3438 3322 κατά
3488 3267 3637 3340 λόγον
3704 3286 3839 3343 προ-

2230 3366 2418 3416 στῆναι
2465 3367 2556 3411 τοῦ
2612 3355 2836 3432 ἀδελφοῦ
2894 3358 3112 3432 βαρεῖαν
3153 3359 3294 3431 αύτῷ
3338 3363 3430 3412 καὶ
3481 3357 3840 3433 ἀπαραίτητον

2225 3453 2318 3506 τὴν
2350 3448 2510 3524 ὀργὴν
2541 3449 2721 3520 ἐπάγει
2746 3491 2759 3504 .
2802 3453 2861 3500 τὸ
2901 3451 3003 3523 γὰρ
3056 3451 3188 3523 αἷμα
3217 3452 3378 3503 αύτοῦ
3421 3449 3475 3502 ἐκ
3513 3458 3615 3502 τῶν
3644 3455 3840 3524 χειρῶν

2227 3538 2385 3590 αύτοῦ
2433 3539 2856 3600 ἐκζητηθήσεται
2890 3584 2906 3609 ,
2959 3542 3133 3602 καθὼς
3184 3546 3479 3615 γέγραπται
3533 3544 3690 3612 (36).
3749 3544 3841 3592 καὶ

2225 3631 2312 3680 τὸν
2367 3630 2598 3686 ύπήκοον
2645 3630 2781 3680 ούτω
2837 3633 3270 3705 παρεσκευάσθαι
3303 3673 3316 3698 ,
3377 3635 3441 3692 ὡς
3483 3634 3616 3704 πρός
3671 3626 3841 3703 μηδὲν

2227 3719 2490 3791 ἐπίταγμα
2521 3761 2534 3786 ,
2600 3715 2741 3792 μηδε
2792 3723 2850 3772 τό
2907 3720 3283 3792 χαλεπώτατον
3317 3763 3331 3789 ,
3393 3719 3672 3791 ἀποκνειν,
3740 3739 3842 3773 πε-

2224 3813 2500 3882 πεισμένον
2529 3853 2542 3876 ,
2595 3814 2674 3862 ὅτι
2728 3811 2754 3861 6
2807 3813 2995 3884 μισθός
3023 3811 3180 3872 πολύς
3215 3812 3264 3864 ἐν
3291 3819 3397 3872 τοῖς
3441 3811 3698 3887 οὐρανοῖς.
3741 3815 3842 3864 Τόν

2225 3903 2314 3972 μὲν
2364 3895 2450 3950 οὖν
2495 3901 2826 3952 ὑπακούοντα
2879 3901 3186 3975 εὐφραινέτω
3241 3904 3270 3961 ἠ
3327 3901 3466 3963 ἐλπὶς
3508 3911 3604 3965 τῆς
3654 3898 3838 3974 δόξης,

2228 3989 2310 4039 ἵνα
2345 3987 2392 4040 ἐν
2443 3991 2588 4062 πάσῃ
2633 3991 2788 4064 χαρᾷ
2822 3989 2911 4042 καί
2951 3992 3182 4065 ὑπομονῇ
3234 3995 3292 4044 τό
3339 3994 3486 4068 ἔργον
3518 3998 3610 4045 τοῦ
3644 3996 3842 4067 Κυρίου

2223 4082 2439 4150 γένηται
2469 4080 2602 4152 (37).

2821 4177 3136 4225 ΕΡΩΤΗΣΙΣ
3167 4171 3247 4228 Λ’.

2226 4264 2440 4332 Ποταπῇ
2477 4255 2713 4313 διαθέσει
2742 4265 2852 4334 χρὴ
2895 4269 2994 4312 τῶν
3037 4258 3270 4334 ἀδελφῶν
3315 4260 3673 4334 ἐπιμελεῖσθαι
3719 4265 3840 4322 τούς

2791 4342 3123 4408 προεστῶτας
3153 4338 3283 4404 (38).

2847 4428 3220 4478 ΑῘΙΟΚΡΙΣΙΣ.

2291 4513 2390 4562 Τὸν
2437 4507 2496 4563 δὲ
2547 4519 2852 4583 προεστῶτα
2902 4516 2974 4584 μὴ
3037 4512 3288 4587 ἑπαιρέτω
3335 4515 3392 4564 τό
3449 4509 3691 4586 ἀξίωμα,
3749 4512 3837 4564 ἵνα

2220 4604 2292 4672 μὴ
2341 4605 2431 4652 καὶ
2474 4600 2628 4661 αύτὸς
2682 4601 2873 4674 ἐκπέσῃ
2935 4610 3026 4654 τού
3074 4610 3418 4678 μακαρισμοῦ
3465 4610 3557 4662 τῆς
3586 4621 3832 4655 ταπεινο-

2269 4726 2312 4761 ⁵¹
2343 4726 2522 4782 Levit.
2558 4743 2616 4792 x,
2655 4727 2702 4794 1,
2737 4731 2788 4782 2.
2890 4729 2936 4762 ⁵³
2965 4731 3008 4782 ll
3046 4731 3176 4784 Cor.
3209 4745 3288 4798 v1,
3328 4731 3413 4797 14,
3445 4728 3530 4784 15.
3624 4729 3822 4784 5318a.

1961 4794 2009 4828 ⁵⁸
2041 4797 2242 4853 Matth.
2277 4814 2335 4865 v,
2370 4802 2421 4853 3.

2207 4938 2356 4998 nam
2378 4938 2543 4998 _no_r_1_
2564 4921 2952 4998 inﬁciabitur,
2986 4925 3092 4998 qui
3133 4925 3415 4981 ultimum
3437 4925 3615 4998 lsaiaa
3647 4931 3836 4998 caput

2209 4993 2438 5072 legerit.
2463 4993 2692 5072 Ibidem
2716 4995 2926 5072 Codex
2954 4993 3323 5072 V'éss._cﬁq_mp
3351 4999 3398 5050 6.
3428 4997 3657 5054 Ibidem
3680 4993 3830 5054 niss.

2211 5065 2380 5121 multi
2402 5065 2744 5122 ἀποκτίννων.
2781 5068 2971 5123 Editio
3004 5069 3192 5124 Paris.
3220 5065 3555 5124 ἀποκτείνων.

2420 5139 2654 5215 Yeteres
2677 5139 2806 5215 duo
2837 5139 2970 5194 libri
3001 5140 3226 5215 όκνηροῡ
3257 5147 3347 5215 καὶ
3377 5139 3727 5215 ἀντιξογικοῦ.

2285 5207 2393 5278 (35)
2423 5211 2564 5284 Reg.
2600 5209 2833 5281 primus
2865 5228 3052 5284 manu
3096 5207 3425 5284 recentiore
3461 5207 3828 5284 οἰκονομώσιν,

2210 5281 2341 5335 Mox
2371 5280 2514 5357 editi
2541 5280 2772 5357 et_’_mss.
2805 5283 3081 5357 nonnulli
3111 5281 3200 5336 δι’
3233 5286 3299 5335 ὧν
3327 5284 3498 5339 αὐτοί.
3528 5280 3669 5353 Reg.
3705 5287 3832 5357 pri-

2213 5367 2356 5432 mus
2381 5351 2555 5407 αύτόν.
2591 5355 2704 5430 Nec
2735 5353 3036 5432 itaqmulto
3060 5361 3200 5429 post
3222 5357 3415 5412 codex
3447 5351 3830 5417 Voss.‘et'alii

2211 5421 2462 5493 quidam
2495 5440 2643 5496 meS.
2680 5423 2980 5496 ἀφικέσθαι,

2283 5497 2398 5564 (36')
2428 5497 2508 5549 Ex
2549 5495 2737 5550 Vossii
2771 5499 2978 5553 codice
3013 5505 3070 5552 et
3099 5515 3172 5554 ex
3213 5498 3343 5554 aliis
3374 5499 3617 5563 duobus
3659 5500 3836 5566 ᾃίίάίπ

2211 5567 2462 5643 milites}
2488 5566 2852 5643 illud,_xn96:;
2882 5575 3197 5643 γέγραπται.

2281 5641 2394 5713 (37)
2426 5640 2567 5713 Reg.
2593 5639 3088 5713 primusjtvia'mc.

2281 5712 2396 5780 (38)
2422 5710 2666 5780 Antiqui
2687 5710 2811 5768 duo
2839 5710 2983 5776 libri
3006 5717 3096 5776 τόν
3123 5724 3452 5790 προεστῶτα.
