4110 6384
476 251 585 311 995

1844 246 1902 302 S.
1942 243 2194 302 BASlLll
2238 243 2481 302 MAGNI.

3745 246 3853 303 996

477 384 623 446 tres,
644 377 991 452 permittere
1015 391 1137 432 non
1159 372 1340 430 debet
1361 372 1679 446 praefectus
1729 373 1795 427 ut
1840 369 1920 426 ad
1966 368 2119 441 quid

2254 364 2588 441 ἀδελφότητα
2645 371 2717 441 μὴ
2778 365 3145 442 ἐπιτρέπεσθαι
3202 368 3345 442 παρὰ
3396 373 3486 420 τοῦ
3524 374 3853 441 προεστῶτος

473 485 665 543 quam
690 468 1125 533 distrahantur,
1152 469 1255 521 aut
1278 479 1388 536 per
1406 462 1672 536 speciem
1695 460 2138 517 visitandorum

474 562 878 629 cognatorum
899 553 1186 611 secedant
1201 568 1237 609 a
1252 551 1558 614 fratribus,
1582 551 1889 622 vitamque
1918 548 2141 618 degant

475 663 513 705 a
535 648 796 705 testibus
824 649 1145 712 remotam,
1178 648 1282 700 aut
1312 641 1473 698 curis
1502 640 1877 710 incumbant,
1898 637 2020 694 suis
2051 653 2137 694 se-

473 738 745 795 cundum
766 751 1012 793 carnem
1038 732 1398 807 propinquis
1417 730 1870 804 patrocinaturi.
1894 732 2044 785 Nam
2074 728 2138 784 in

474 843 740 890 summa,
773 842 978 882 meum
999 829 1239 881 ettuum
1264 824 1325 879 in
1352 821 1638 878 fratribus
1660 820 1777 876 dici
1799 824 1961 875 vetat
1977 820 2136 890 Scip-

472 922 612 975 tura
644 936 656 973 :
686 918 838 973 Erat
865 917 1046 983 enim,
1072 913 1286 986 inquit,
1317 913 1583 968 omnium
1617 910 1987 966 credentium
2037 924 2137 965 cor

473 1025 663 1065 unum
677 1007 953 1064 etanima
964 1020 1089 1061 una
1116 1021 1130 1059 :
1159 1017 1269 1059 nec
1285 1004 1597 1074 quisquam
1621 1014 1986 1071 eorumque:
2004 1014 2136 1069 pos-

476 1100 732 1163 sidebat,
760 1096 995 1169 aliquid
1015 1111 1145 1150 sum
1166 1108 1289 1151 esse
1307 1092 1619 1148 dicebat“.
1670 1094 1875 1162 Itaque
1918 1104 2135 1162 paren-

475 1195 565 1245 tes
593 1189 849 1260 alicujus
864 1187 952 1242 vel
965 1187 1176 1242 fratres
1194 1182 1530 1239 secundum
1555 1179 2133 1252 carnem,siquidem

473 1278 812 1336 secundum
844 1280 1028 1332 Deum
1048 1274 1280 1340 vivunt,
1299 1272 1378 1327 ab
1394 1271 1684 1327 omnibus
1705 1270 1989 1326 fratribus
2008 1275 2134 1325 tan-

471 1384 653 1441 quam
685 1380 1041 1422 communes
1061 1367 1265 1435 patre-s
1294 1364 1399 1417 aut
1427 1360 1670 1431 cognati
1692 1358 1968 1414 colantur
1997 1358 2134 1425 Qui-

472 1472 705 1528 cunque
726 1456 881 1513 enim
908 1454 1144 1524 fecerit,
1178 1450 1376 1523 inquit
1411 1450 1724 1518 Dominus,
1756 1449 2131 1505 voluntatem

472 1547 678 1603 Patris
698 1547 815 1602 mei
831 1546 939 1617 qui
968 1559 1030 1599 in
1048 1543 1206 1599 caelis
1235 1548 1342 1607 est,
1372 1540 1464 1598 hic
1483 1542 1684 1610 frater
1699 1554 1865 1596 meus
1882 1544 1941 1595 et
1959 1554 2133 1595 soror

468 1642 524 1692 et
554 1641 750 1693 mater
779 1640 861 1691 est
886 1635 956 1688 εί.
983 1631 1098 1689 Sed
1127 1636 1331 1688 tamen
1363 1630 1550 1686 satius
1580 1628 1865 1685 ducimus
1907 1628 2129 1684 horum

2254 461 2387 531 πρός
2433 454 2599 530 μηδὲν
2656 455 3166 533 ἁπομετιωρίζεσθαι
3221 458 3358 528 (εἴη’
3400 453 3541 530 μηδὲ
3591 460 3854 530 προφάσει

2250 546 2453 601 οἰκείων
2531 546 2852 618 ἐπισκέψεως
2927 546 3216 619 ἀναχωρεῖν
3278 550 3378 599 τὼν
3455 543 3706 620 ἀδελφῶν,
3761 552 3854 601 καὶ

2251 634 2548 711 ἀμάρτυρον
2611 637 2751 699 ζωὴν
2801 634 3027 710 διάγειν,
3077 643 3208 711 μήτε
3262 633 3544 711 φροντίδας
3627 657 3852 710 συγχω-

2244 728 2453 801 ρεῖσθαι
2508 729 2648 798 ἔχειν
2705 726 2757 779 ἐν
2813 734 2876 800 τῇ
2931 732 3236 803 προστασίᾳ
3277 736 3377 780 τῶν
3423 735 3685 799 συγγενῶν
3715 730 3854 781 κατά

2248 818 2442 890 σάρκα.
2511 814 2679 878 ’Ὀλως
2752 820 2843 888 μὶν
2889 819 2992 891 γὰρ
3041 813 3430 890 ἀποδοκιμάζει
3485 818 3512 869 ὀ
3564 816 3711 888 λόγος
3791 820 3852 870 τό

2245 902 2365 978 ἐμόν
2441 911 2528 958 καὶ
2585 910 2642 959 τό
2703 910 2793 959 σόν
2851 905 2900 959 ἓν
2945 903 3258 980 ἀδελγότητι
3295 906 3558 979 λέγεσθαι·
3589 905 3684 961 Ἦν
3723 910 3851 983 γὰρ,

2246 999 2397 1067 φησι,
2501 997 2705 1049 πάντων
2789 1004 2889 1049 τῶν
2973 1000 3365 1050 πιστευσάντων
3451 993 3652 1071 καρδία
3761 1003 3853 1050 καὶ

2244 1084 2399 1157 ψυχὴ
2449 1090 2565 1159 μία·
2616 1090 2708 1138 καὶ
2757 1082 2880 1139 οὐδὲ
2928 1082 2997 1148 εἷς
3046 1098 3101 1139 τι¹
3147 1095 3244 1141 τῶν
3296 1087 3641 1161 ὑπαρχόντων
3707 1086 3851 1158 αὐτῷ

2244 1173 2409 1245 ἔλεγεν
2464 1172 2600 1228 ἴδιον
2647 1173 2795 1231 εἶναι.
2856 1176 2921 1227 Οί
2973 1172 3061 1227 οὖν
3114 1178 3252 1228 κατὰ
3284 1177 3457 1250 σάρκα
3486 1179 3625 1238 τινός
3655 1179 3848 1247 γονεῖς.

2246 1263 2274 1323 ἢ
2330 1260 2565 1336 ἀδελφοὶ,
2625 1264 2665 1316 εἱ
2709 1267 2799 1336 μὲν
2825 1266 2961 1317 κατὰ
3000 1268 3129 1317 Θεόν
3160 1266 3344 1331 ζῶσιν,
3377 1267 3477 1317 ύπό
3516 1266 3719 1319 πάντων
3750 1274 3851 1318 τῶν

2243 1352 2291 1406 ἐν
2349 1350 2410 1425 τῇ
2481 1350 2796 1426 ἀδελφότητι
2834 1355 2904 1414 ὡς
2955 1359 3120 1408 κοινοὶ
3166 1356 3434 1430 πατέρεςῆ
3479 1355 3661 1408 οἰκεῖοι
3694 1357 3852 1429 θερα-

2242 1445 2601 1499 πευὲσθωσαν.
2649 1450 2833 1504 Ὅστις
2875 1447 2974 1518 γὰρ
3042 1442 3103 1496 ἂν
3145 1452 3294 1517 ποιῇ,
3363 1446 3579 1517 φησὶνό
3636 1445 3849 1520 Κύριος,

2241 1537 2301 1588 τό
2357 1533 2556 1607 θέλημα
2605 1542 2696 1586 τοῦ
2750 1538 2956 1610 Πατρός
3005 1554 3105 1608 μου
3159 1542 3248 1588 τοῦ
3303 1533 3352 1588 ἐν
3436 1534 3693 1611 οὐρανοῖς,
3756 1537 3850 1589 οὗ·

2240 1642 2328 1685 τος
2389 1620 2610 1699 ἀδελρός
2656 1627 2775 1697 (48)
2838 1644 2938 1697 μου
2987 1625 3079 1678 καὶ
3115 1621 3312 1697 ἀδελφὴ
3354 1629 3443 1676 καὶ
3496 1630 3671 1699 μήτηρ
3713 1623 3848 1680 ἐστί.

466 1741 674 1782 curam
705 1725 955 1780 attinere
974 1723 1053 1778 ad
1082 1721 1334 1777 fratrum
1358 1719 1730 1793 praefectum.
1762 1717 1931 1784 Quod
1952 1719 2000 1773 si
2021 1718 2119 1772 im-

2245 1718 2347 1765 Καὶ
2377 1716 2570 1765 τούτων
2606 1710 2673 1766 δέ
2701 1719 2795 1772 τὴν
2827 1713 3115 1788 ἐπιμέλειαν
3175 1710 3437 1789 διαφέρειν
3494 1710 3850 1787 δοκιμάζομεν

465 1813 670 1887 plicati
697 1818 837 1869 sunt
856 1812 978 1868 vita
1007 1810 1339 1877 communi,
1362 1808 1534 1867 nulla
1563 1825 1658 1864 res
1681 1824 1821 1863 cum
1843 1807 1925 1862 eis
1949 1808 2127 1863 nobis

466 1902 813 1960 communis
839 1906 946 1971 est,
979 1900 1083 1973 qui
1105 1901 1429 1956 honestum
1453 1898 1868 1970 decorumque
1889 1913 2128 1954 servare

465 1996 525 2049 et
585 1991 831 2049 assidue
881 1992 1002 2046 Deo
1050 1989 1353 2046 coharere
1385 1975 1726 2055 studemus,
1756 1987 1908 2042 citra
1938 1986 2126 2043 ullam

467 2082 686 2139 mentis
704 2081 1174 2137 aberrationem.
1197 2081 1348 2134 Nam
1369 2082 1775 2150 praeterquam
1793 2078 1960 2149 quod
1979 2075 2129 2132 nihil

461 2170 611 2244 ipsis
636 2170 945 2226 aﬂ'erimus
976 2167 1273 2236 utilitatis,
1300 2166 1662 2223 tumultibus
1705 2165 1887 2221 etiam
1945 2170 2125 2238 atque

460 2260 883 2332 pertubatione
939 2263 1211 2315 nostram
1258 2256 1534 2329 ipsorum
1582 2255 1762 2312 vitam
1796 2255 2123 2328 replemus,

459 2355 973 2422 peccatorumque
998 2347 1357 2404 occasiones
1376 2345 1767 2403 accersimus.
1793 2344 1908 2402 Sed
1926 2361 2003 2401 ne
2019 2360 2124 2401 eos

458 2439 708 2512 quidem
734 2438 839 2511 qui
862 2438 1007 2494 olim
1035 2437 1258 2493 fuerint
1299 2434 1645 2509 propinqui,
1701 2434 2123 2508 acceduntque

461 2529 540 2585 ad
569 2528 906 2585 visitandos
921 2544 1056 2595 nos,
1080 2526 1129 2582 si
1144 2526 1243 2582 Dei
1265 2525 2018 2599 aspernantur,mandata,
2051 2540 2124 2581 ac

460 2619 702 2693 pietatis
729 2618 1000 2675 ofﬁcium
1028 2618 1254 2674 ducant
1277 2632 1389 2689 pro
1415 2616 1627 2683 nihilo,
1652 2631 1763 2688 par
1805 2621 1894 2671 est
1940 2615 2124 2672 susci-

456 2725 620 2783 pere,
652 2713 719 2765 ut
747 2709 851 2782 qui
872 2708 1195 2765 Dominum
1240 2723 1363 2763 non
1396 2705 1672 2776 diligant,
1701 2706 1807 2779 qui
1834 2704 2126 2773 dixit:0ui

456 2814 580 2856 non
609 2799 810 2870 diligit
838 2813 950 2866 me,
974 2813 1271 2855 sermones
1299 2811 1457 2853 meos
1486 2811 1606 2852 non
1646 2802 1847 2852 servat
1868 2798 1937 2851 ⁸³.
1976 2796 2122 2864 Quae

456 2893 544 2946 est
585 2894 789 2946 autem
815 2889 1067 2945 societas
1076 2888 1340 2958 justitiae
1378 2892 1435 2943 et
1462 2887 1778 2958 iniquitati
1805 2886 1957 2943 ‘Iaut
1989 2900 2122 2958 quae

452 2978 793 3049 parsiadeli
819 2994 955 3035 cum
975 2977 1212 3047 inﬁdeli
1227 2978 1298 3032 ⁸³.

524 3074 579 3126 2.
604 3071 669 3125 Et
693 3069 755 3124 in
776 3068 988 3141 primis
1016 3083 1264 3140 prorsus
1300 3066 1639 3123 curandum
1677 3070 1789 3138 est,
1814 3071 1882 3122 ut
1903 3066 1976 3122 iis
2013 3070 2118 3139 qui
2150 3092 2195 3150 ο

453 3160 657 3217 adhuc
715 3158 776 3214 in
816 3158 1106 3214 virtutum
1156 3156 1437 3213 exercitio
1474 3155 1726 3226 degunt,
1771 3157 2122 3214 adimantur

452 3247 752 3324 peccandi
797 3247 1174 3314 occasiones,
1232 3261 1497 3319 quarum
1539 3245 1669 3302 haec
1713 3250 1803 3302 est
1830 3247 2116 3317 maxima,

448 3336 790 3395 recordatio
834 3339 1124 3393 anteactae
1149 3336 1306 3407 vitea,
1353 3336 1685 3408 nequando
1707 3334 1862 3409 ipsis
1889 3337 2120 3393 contin-

450 3431 554 3499 gat
580 3426 751 3500 quod
781 3425 1013 3483 dictum
1043 3429 1135 3483 est
1167 3441 1182 3493 ;
1215 3426 1493 3483 Conversi
1516 3430 1656 3482 sunt
1680 3424 1968 3483 cordibus
1991 3427 2116 3483 suis

448 3515 511 3572 in
543 3516 923 3589 Egyptum“
948 3531 963 3571 :
986 3515 1153 3589 quod
1167 3515 1529 3589 plerumque
1544 3532 1660 3572 usu
1669 3516 2112 3589 venit,quando

447 3621 586 3663 cum
610 3606 680 3662 iis
708 3607 816 3679 qui
846 3605 1189 3663 secundum
1209 3620 1457 3663 carnem
1478 3606 1806 3680 propinqui
1821 3612 2114 3675 sunt,cre-

443 3695 625 3752 brum
647 3711 716 3752 ac
731 3696 1015 3769 frequens
1029 3694 1399 3768 colloquium
1421 3695 1656 3751 seritur.
1674 3699 1739 3751 lu
1755 3696 2112 3755 universum

443 3789 647 3841 autem
672 3785 933 3858 permitti
963 3799 1090 3841 non
1115 3782 1317 3850 debet,
1368 3788 1434 3840 ut
1461 3784 1584 3840 sive
1613 3789 1932 3858 cognatus,
1983 3787 2110 3843 sive

442 3879 725 3931 externus
755 3873 993 3947 aliquos
1017 3888 1328 3930 sermones
1357 3872 1582 3930 habeat
1632 3890 1772 3931 cum
1818 3874 2111 3932 fratribus

440 3963 556 4021 nisi
580 3964 656 4021 de
675 3963 791 4020 illis
815 3964 879 4020 id
906 3962 1082 4021 nobis
1108 3979 1473 4037 persuasum
1505 3964 1603 4025 sit.
1625 3964 1793 4038 ipsos
1840 3966 1920 4022 ad
1956 3965 2106 4023 sedi-

438 4054 787 4111 ﬁcationem
805 4058 863 4111 et
893 4054 1241 4110 animarum
1266 4055 1700 4127 perfectionem
1747 4056 1809 4111 in
1846 4056 2109 4113 collocu-

437 4144 667 4201 tionem
697 4143 924 4200 venire.
948 4144 1175 4209 Quodsi
1203 4159 1362 4217 opus
1390 4150 1481 4203 est
1510 4161 1614 4203 eos
1639 4147 1746 4219 qui
1787 4148 1977 4205 semel
2005 4165 2099 4205 ac-

437 4231 745 4305 cesserint,
780 4231 1028 4306 alloqui,
1050 4233 1384 4304 fungantur
1401 4233 1518 4291 hoc
1548 4249 1800 4292 munere
1817 4235 1858 4291 ii
1878 4237 2102 4310 quibus

433 4322 846 4381 concreditum
872 4329 961 4380 est
983 4323 1215 4380 donum
1237 4323 1553 4397 loquendi,
1584 4329 1882 4399 tanquam
1903 4328 1974 4384 iis
1995 4330 2101 4402 qui

2240 1808 2312 1875 τῲ
2352 1813 2645 1879 προεστῶτι
2691 1814 2783 1865 τῆς
2836 1801 3203 1877 ἀδελφότητος.
3260 1804 3320 1859 Εἰ
3383 1801 3442 1857 δὲ
3496 1803 3851 1878 ἐμπεπλεγμέ-

2237 1913 2317 1948 νοι
2391 1894 2495 1949 εἰσὶ
2539 1902 2614 1965 τῷ
2666 1902 2824 1966 κοινῷ
2855 1893 2979 1969 βίῳ,
3012 1891 3187 1956 οὐδεὶς
3217 1896 3344 1967 ἡμῖν
3381 1898 3548 1956 κοινός
3584 1898 3717 1969 πρός
3740 1894 3849 1947 αύ-

2237 1986 2357 2045 τούς
2380 1982 2553 2055 λόγος,
2594 1980 2703 2046 τοῖς
2732 1989 2790 2037 τό
2818 1986 3090 2057 εὔσχημον
3121 1988 3207 2037 καὶ
3236 1980 3556 2059 εὐπάρεδρον
3605 1993 3677 2055 τῷ
3735 1991 3843 2038 Κυ-

2235 2078 2332 2147 ρίῳ
2407 2071 2815 2147 ἀπερισπάστως
2892 2075 3179 2149 κατορθοῦν
3252 2069 3633 2126 ἐσπουδακόσι*
3713 2076 3847 2149 Πρός

2235 2162 2337 2237 γὰρ
2385 2172 2457 2235 τῷ
2506 2162 2717 2225 ἐκείνοις
2763 2160 2931 2236 μηδὲν
2984 2168 3235 2239 παρέχειν
3284 2162 3480 2235 ὄφελος,
3528 2165 3606 2216 ἔτι
3630 2168 3721 2217 καὶ
3748 2168 3843 2222 τὴν

2236 2252 2429 2308 έαυτών
2478 2253 2618 2314 ζωήν
2673 2253 2903 2329 θορύϐων
2977 2254 3206 2325 καὶ(49)
3247 2260 3495 2326 ταραχῆς
3523 2252 3839 2329 πληρούμεν,

2233 2349 2323 2397 καὶ
2396 2342 2665 2419 ἁμαρτιῶν
2733 2342 2969 2418 ἀφορμὰς
3050 2341 3411 2416 ἑπισπὼμεθα.
3498 2342 3652 2397 Ἀλλὰ
3717 2338 3842 2397 οὐδὲ

2234 2437 2549 2507 ὶρχομένους
2606 2433 2676 2496 εἰς
2732 2432 3010 2504 ἐπίσκεψιν
3071 2441 3172 2486 τῶν
3249 2434 3364 2505 (50)
3420 2435 3545 2487 ποτε
3615 2431 3837 2501 οἰκείων,

2231 2528 2350 2586 τοὺς
2378 2529 2829 2596 καταφρονοῦντας
2859 2531 2959 2575 τῶν
3008 2521 3221 2576 ἐντολῶν
3272 2529 3364 2575 τοῦ
3423 2530 3577 2590 Θεοῦ,
3637 2528 3727 2576 καὶ
3774 2526 3834 2575 τό

2232 2616 2381 2689 ἔργον
2409 2621 2506 2675 τῆς
2553 2613 2809 2674 εὐσεϐείας
2863 2611 3276 2679 ἔξουθενοῦντας,
3326 2609 3606 2667 ἀκόλουθον
3658 2632 3834 2685 παρα·-

2234 2704 2513 2775 δέχεσθαι,
2544 2706 2607 2763 ὡς
2638 2702 2731 2756 οὐκ
2789 2701 3093 2778 ἀγαπῶντας
3129 2704 3215 2754 τόν
3244 2704 3432 2777 Κύριον
3468 2705 3554 2753 τόν
3601 2700 3827 2757 εἰπόντα⁹

2228 2794 2287 2846 Ὀ
2345 2798 2416 2866 μὴ
2457 2792 2672 2866 ἀγαπῶν
2728 2812 2793 2866 με
2829 2796 2945 2856 τοὺς
2995 2792 3182 2865 λόγους
3249 2811 3345 2853 μου
3396 2790 3455 2845 ού
3516 2798 3681 2867 τηρεῖ.
3738 2796 3833 2855 Τίς

2233 2879 2292 2936 δε
2356 2888 2558 2956 μετοχὴ
2620 2880 2936 2956 δικαιοσύνῃ
2998 2887 3089 2938 καὶ
3154 2881 3345 2956 ἀνομίᾳ
3398 2898 3413 2949 ;
3464 2882 3493 2941 ἣ
3547 2886 3624 2942 τίς
3687 2886 3836 2957 μερὶς

2230 2981 2402 3044 πιστῷ
2431 2976 2562 3047 μετά
2591 2972 2817 3028 ἀπίστου
2846 2990 2863 3042 ;

2301 3068 2358 3120 2.
2420 3068 2522 3118 Καὶ
2578 3065 2659 3117 ότι
2711 3063 2944 3137 μάλιστα
2985 3059 3072 3116 δεῖ
3114 3066 3275 3118 παντὶ
3304 3066 3489 3138 πρόπῳ
3514 3057 3839 3122 σπουδάζειν

2231 3173 2517 3230 περιαιρειν
2576 3163 2677 3207 τῶν
2733 3157 2810 3208 ἔτι
2860 3153 2913 3207 ἐν
2936 3226 2942 3232 Α
2966 3158 3241 3227 γυμνασίᾳ
3290 3161 3391 3209 τῶν
3418 3154 3837 3226 κατορθωμάτων

2229 3248 2320 3306 τὰς
2356 3248 2490 3320 πρός
2552 3247 2613 3296 τὸ
2652 3244 2967 3319 ἁμαρτάνειν
3019 3242 3278 3317 ἀφορμὰς,
3310 3240 3377 3296 ὧν
3424 3246 3653 3317 μεγίστη
3694 3240 3838 3297 ἐστὶν

2227 3339 2259 3396 ἡ
2314 3340 2493 3410 μνήμη
2541 3334 2635 3389 τοῦ
2685 3337 2942 3409 προτέρου
2990 3332 3135 3407 βίου,
3214 3338 3419 3406 μήποτε
3483 3333 3698 3387 πάθωσι
3772 3335 3835 3385 τό

2226 3427 2492 3504 εἰρημένον
2537 3429 2640 3480 ὅτι.
2679 3424 3050 3500 Ἐστράφησαν
3095 3431 3215 3487 ταῖς
3270 3421 3521 3501 καρδίαις
3548 3423 3721 3478 αὐτῶν
3758 3427 3833 3487 εἰς

2228 3519 2513 3589 Αἴγυπτον·
2596 3516 2717 3591 ὅπερ
2789 3513 2837 3567 ἄν
2920 3522 2984 3588 τῇ
3048 3520 3265 3587 συνεχεῖ
3318 3512 3498 3586 ὁμιλίᾳ
3538 3521 3640 3566 τῶν
3696 3514 3834 3565 κατᾶ

2226 3609 2400 3681 σάρκα
2447 3606 2649 3660 οἱκείων
2692 3608 2763 3668 ὡς
2826 3607 2895 3658 τὰ
2944 3603 3111 3658 πολλὰ
3160 3608 3379 3677 γίνεται.
3461 3602 3699 3657 Καθόλου
3770 3598 3833 3655 δε

2222 3700 2339 3751 οὔτε
2394 3697 2581 3750 οἰκεῖον
2647 3699 2764 3749 οὔτε
2807 3695 2944 3759 ξενον
3001 3694 3292 3770 ἐπιτρέπειν
3320 3697 3431 3767 χρὴ
3469 3692 3655 3767 λόγους
3689 3692 3834 3754 τινὰς

2219 3791 2505 3863 προσάγειν
2569 3794 2681 3848 τοῖς
2733 3783 2976 3860 ἀδελφοῖς
3041 3787 3176 3853 (51),
3247 3783 3332 3839 ἐὰν
3389 3789 3462 3859 μὴ
3532 3784 3831 3856 πεισθῶμεν

2217 3882 2338 3951 περὶ
2402 3879 2593 3945 αὐτῶν,
2662 3878 2745 3930 ὅτι
2804 3879 2935 3949 πρὸς
2992 3871 3283 3949 οἰκοδομὴν
3318 3880 3412 3929 καὶ
3468 3875 3831 3947 καταρτισμὸν

2217 3976 2318 4022 τῶν
2365 3966 2559 4040 ψυχῶν
2613 3974 2890 4022 ποιοῦνται
2942 3967 3039 4028 τὰς
3090 3961 3365 4029 διαλέξεὶς.
3431 3964 3494 4017 Εἰ
3545 3960 3605 4017 δὲ
3666 3967 3833 4035 χρεία

2214 4061 2413 4130 γένοιτό
2466 4056 2621 4129 λόγου
2678 4059 2812 4131 πρὸς
2839 4059 2963 4116 τοὺς
3010 4054 3154 4119 ἅπαξ
3212 4057 3651 4128 συνεμπεσόντας,
3681 4055 3832 4127 παρὰ

2214 4156 2317 4201 τῶν
2372 4150 2792 4221 πεπιστευμένων
2830 4150 2890 4199 τό
2927 4151 3022 4200 τοῦ
3070 4145 3229 4218 λόγου
3272 4147 3527 4221 χάρισμα
3576 4144 3827 4215 γινέσθω,

2214 4241 2281 4300 ὡς
2363 4236 2591 4310 ἑχόντων
2673 4233 2901 4310 δύναμιν
2981 4235 3090 4309 μετ’
3169 4234 3477 4309 ἑπιστώμης
3528 4234 3688 4288 εἰπεῖν
3735 4237 3828 4287 καὶ

2214 4327 2441 4382 ἀκοῦσαι
2503 4333 2636 4405 πρὸς
2705 4325 2988 4401 οἰκοδομὴν
3041 4334 3139 4390 τῆς
3200 4331 3442 4388 πίστεως·
3500 4332 3675 4399 σαφῶς
3733 4332 3825 4377 τοῦ

434 4412 693 4469 scienter
711 4412 950 4485 possint
968 4412 1134 4487 loqui
1163 4417 1222 4469 et
1249 4413 1480 4482 audire,
1510 4430 1646 4487 quae
1679 4416 1759 4473 ad
1788 4416 1929 4474 ﬁdei
1960 4419 2099 4475 aedi-

2230 4418 2531 4473 Αποστόλου
2581 4415 2935 4479 διδάσκοντος
2986 4422 3058 4491 μὴ
3121 4422 3258 4471 πᾶσι
3306 4423 3549 4493 παρεῖναι
3595 4420 3692 4474 τὴν
3730 4421 3826 4469 τσῦ

429 4502 777 4560 ﬁcationem
804 4502 1148 4576 pertineant
1177 4521 1191 4572 ;
1235 4519 1374 4561 cum
1400 4504 1724 4578 Apostolus
1746 4521 1874 4565 non
1896 4509 2097 4566 omni-

428 4592 547 4650 bus
583 4593 789 4651 inesse
815 4593 999 4666 376
1024 4593 1316 4666 loquendi
1344 4593 1714 4663 facultatem,
1747 4596 1856 4654 sed
1897 4598 1961 4655 id
1991 4599 2100 4656 do-

430 4698 582 4740 num
610 4683 818 4755 paucis
849 4698 1211 4740 concessum
1265 4683 1448 4741 fuisse
1496 4685 1816 4744 manifeste
1855 4688 2091 4759 doceat,

430 4788 573 4829 cum
601 4772 796 4830 dixit:
816 4773 951 4831 Alii
969 4775 1250 4845 enimper
1275 4774 1575 4845 Spiritum
1600 4776 2094 4836 datursermosa-

2207 4509 2366 4582 λόγου
2394 4506 2640 4584 δύναμιν,
2674 4508 2782 4562 ἀλλ’
2813 4508 3011 4582 ὀλίγοις
3037 4509 3297 4584 ὑπάρχειν
3320 4511 3377 4560 τὸ
3403 4508 3657 4583 χάρισμα
3685 4505 3822 4576 (52),

2209 4597 2280 4655 δι’
2309 4598 2379 4653 ὧν
2418 4618 2600 4673 φησιν·
2643 4600 2715 4673 ’ῼ
2741 4601 2832 4673 μὶν
2860 4601 2962 4675 γὰρ
3029 4594 3127 4652 διὰ
3178 4604 3274 4650 τοῦ
3318 4599 3644 4670 Πνεύματος,
3675 4590 3830 4651 δίδου

2206 4710 2297 4745 ται
2341 4690 2492 4763 λόγος
2550 4694 2757 4763 σοφίας,
2818 4687 2954 4762 ἄλλῳ
3044 4683 3106 4742 δε
3176 4686 3332 4761 λόγος
3390 4691 3650 4760 γνώσεως·
3733 4688 3825 4738 καὶ

2209 4778 2469 4853 ἆλλαχοῦι
2524 4778 2638 4837 Ἵνα
2695 4776 2923 4841 δυνατός
2981 4774 3013 4852 ᾖ
3058 4776 3378 4855 παρακαλεῖν
3441 4777 3557 4847 (53)
3630 4773 3679 4828 ἐν
3754 4781 3821 4847 τῇ

501 4899 550 4935 ⁸ο
579 4902 708 4956 Act.
733 4915 809 4967 nr,
833 4901 923 4957 32.
1001 4900 1046 4936 ⁶¹
1100 4900 1302 4958 Matth.
1338 4917 1438 4970 xu,
1472 4904 1564 4957 50.
1649 4902 1698 4937 ⁶²
1748 4904 1920 4961 Joan.
1970 4919 2093 4978 xw,

2287 4906 2336 4995 ξ’
2362 4905 2412 4963 II
2439 4908 2573 4964 Cor.
2606 4921 2685 4976 vr,
2732 4906 2818 4979 ιι,
2872 4908 2959 4962 l5.
3036 4903 3085 4942 ⁵⁸
3124 4906 3300 4963 Num.
3333 4919 3444 4973 xw,
3473 4904 3529 4959 4.

426 5026 718 5151 γέρροὲοο
758 5024 843 5084 ita
888 5024 1083 5083 multo
1126 5025 1286 5085 infra
1334 5042 1482 5084 mss.
1501 5026 1628 5085 duo
1662 5032 1883 5100 prater
1912 5033 2086 5091 Voss.

438 5115 1211 5253 7‘24:)J._R‘eg._prim‘usnet
1271 5173 1440 5253 voss.
1502 5175 1560 5227 et
1590 5170 1757 5253 golb.
1805 5178 2097 5253 «pbg‘rtva

429 5238 599 5325 ἀπομζ
649 5238 937 5325 alii—nuo
981 5240 1147 5325 Regii
1187 5241 1413 5325 pariter
1440 5259 1525 5325 ac
1540 5238 2095 5325 editiones'veteres

773 5310 941 5385 ἁπομ.
971 5307 1295 5385 Aliquanto
1316 5321 1458 5387 post
1487 5317 1631 5385 Reg.
1686 5316 1918 5388 primus
1960 5323 2094 5392 μήτε

428 5402 709 5456 φροντιοα.
1886 5440 1889 5441 ,

644 5453 848 5533 deex
877 5455 1045 5533 Colb.
1064 5457 1217 5533 οὗτός
1242 5477 1353 5532 μομ
1380 5455 1734 5533 καιίίιδελφός.

499 5527 619 5666 (ιοί
646 5525 815 5584 idem
843 5544 958 5585 ms.
993 5528 1217 5604 θορύϐου
1242 5525 1357 5586 καί.
1632 5525 1643 5533 ’

500 5600 593 5658 (50
644 5600 873 5658 Rursus
899 5599 1063 5659 idem
1086 5600 1206 5666 ille,
1227 5618 1414 5666 quem
1442 5619 1588 5663 mox
1615 5602 1760 5666 dixi,
1801 5603 1954 5665 liber
1982 5605 2005 5659 ἑ

500 5600 619 5666 (50)
644 5600 873 5658 Rursus
899 5600 1063 5659 idem
1086 5600 1206 5674 ille,
1227 5618 1414 5675 quem
1442 5619 1588 5663 mox
1615 5602 1760 5668 dixi.
1801 5603 1954 5665 liber
1982 5605 2093 5661 im:

2209 5031 2342 5105 σκεψ
2351 5036 2395 5086 ίν
2426 5051 2570 5093 τινας
2597 5039 2719 5088 τῶν.

2278 5096 2390 5171 (Si)
2435 5106 2600 5161 Unus
2627 5119 2748 5159 ms.
2777 5101 2825 5156 ίν
2849 5108 2960 5174 τοῖς
2986 5096 3250 5174 ἀδελφοῖς.
3280 5098 3452 5158 Haud
3472 5098 3640 5169 long.
3665 5114 3825 5174 mss.

2202 5168 2328 5249 duo
2371 5168 2616 5249 prietes
2645 5177 2814 5232 Voss.
2838 5173 2906 5230 Εἰ
2932 5168 2992 5227 ci“:
3021 5168 3304 5249 καιξχρεία
3331 5175 3566 5249 γενηται.
3595 5168 3714 5249 Nec
3737 5170 3824 5229 ita

2201 5241 2397 5305 multé
2417 5253 2556 5321 post
2581 5247 2707 5305 duo
2737 5262 2885 5303 mss.
2917 5261 3061 5304 cum
3088 5241 3269 5303 voss.
3307 5241 3452 5321 τίαρά
3504 5250 3606 5299 τῶν
3666 5241 3827 5314 ἐμπι-

2200 5324 2576 5394 πιστευμένων.

2210 5464 2223 5479 '
2271 5383 2405 5479 (52f
2447 5394 2533 5448 lta
2589 5390 2953 5479 in‘Yossqe‘t
2979 5388 3149 5476 Colb.
3179 5387 3473 5462 scriptum
3504 5383 3815 5445 invenitur

2200 5461 2461 5539 ὑπάρχειν
2528 5470 2619 5515 τοῦ
2664 5461 2824 5543 λόγου
2866 5461 2950 5535 ςτό
3005 5463 3276 5591 ᾗάρεσμα.
3583 5537 3603 5547 α

2267 5537 2392 5611 (53)
2421 5539 2563 5609 Reg.
2585 5550 2820 5608 prunus
2839 5538 2900 5593 et
2921 5533 3001 5591 Co
3076 5574 3089 5590 .
3123 5555 3152 5608 ᾳ
3181 5537 3272 5589 καὶ
3308 5529 3649 5606 παρακαλειν.
