4110 6410
142 1666 153 1675 ·
240 1645 371 1704 Θεὸς
430 1640 826 1719 όιεσκόρπισεν
915 1647 1050 1699 ὀστᾶ
1131 1645 1597 1723 ἁνθρωπαρέσκων.

239 309 337 369 997

237 432 543 503 υγιαινοὺσῃ
640 425 987 502 διδασκαλίᾳ,

240 517 348 591 ἐλέγ
354 539 421 591 χι
427 539 471 571 ιν
478 559 492 574 .

797 738 1108 787 ΕΡΩΤΗΣΙΣ
1160 730 1279 787 ΛΓ.

348 863 443 922 Τίς
472 860 497 912 ὁ
524 862 715 935 τρόπος
743 869 836 922 τῆς
874 862 1002 934 πρὸς
1029 861 1120 921 τὰς
1159 854 1386 931 ἀδελφὰς
1416 863 1729 930 συντυχίας.

854 990 1226 1039 ΑΠΟΚΡῙΣῙΣ.

320 1112 368 1166 1.
398 1107 459 1165 ὀ
495 1108 635 1172 ἅπαξ
655 1110 822 1182 γάμον
852 1105 1282 1186 ἆπαρνησάμενος
1324 1108 1703 1182 ἀπαρνήσεται,
1737 1104 1842 1169 δη·-

243 1196 428 1265 λονότι,
486 1198 613 1252 πολύ
658 1202 907 1274 πρότερον
963 1204 1059 1267 τὰς
1126 1204 1393 1275 μερίμνας,
1471 1198 1533 1262 οἷς
1604 1218 1761 1271 φησιν
1818 1200 1844 1251 ό

246 1282 555 1348 Ἀπόστολος
624 1294 873 1362 μεριμνᾷν
934 1290 1021 1340 τὸν
1077 1292 1433 1361 γεγαμηκότα,
1503 1298 1615 1351 πῶς
1671 1287 1845 1364 ἆρέσιι

240 1380 298 1446 τῇ
347 1380 558 1445 γυναικὶ
598 1379 758 1429 αὑτοῦ
789 1378 924 1449 (54),
975 1382 1064 1430 καὶ
1102 1380 1380 1451 καθαρίσει
1427 1378 1606 1431 ἑαυτὸν
1652 1378 1847 1431 παντά-

239 1482 371 1515 πασι
426 1467 602 1527 πάσης
655 1471 910 1541 μερίμνης
966 1476 1056 1529 τῆς
1107 1472 1238 1541 πρὸς
1284 1466 1554 1543 ἀρέσκειαν
1597 1472 1846 1540 γυναικός

237 1555 525 1626 γινομένης,
578 1553 886 1628 φοϐούμενος
926 1559 984 1609 τό
1027 1564 1191 1629 κρῖμα
1242 1564 1334 1608 τοῦ
1388 1557 1617 1618 εἰπόντος
1660 1559 1760 1625 ὅτι,
1787 1556 1845 1610 Ὀ

1683 1646 1846 1700 "ﬂore

238 1736 371 1807 πρὸς
399 1731 672 1807 ἀρέσκειαν
728 1737 819 1808 μὲν
877 1731 1001 1787 οὐδὲ
1048 1731 1202 1811 ἀνδρὶ
1256 1744 1535 1810 συντυχεῖν
1597 1735 1842 1800 ἀνέξεται·

241 1821 399 1874 ἕνεκεν
459 1819 518 1875 δε
574 1831 669 1886 τῆς
716 1824 829 1876 κατ’
886 1822 1087 1884 ἐντολὴν
1146 1833 1280 1879 Θεοῦ
1333 1826 1657 1900 ὀφειλομένης
1724 1826 1848 1881 ἐκά-

243 1929 348 1983 στῳ
374 1914 520 1986 παρὰ
546 1920 638 1965 τοῦ
668 1911 892 1971 πλησίον
922 1910 1159 1976 σπουδῆς
1202 1923 1298 1977 τῆς
1326 1920 1509 1990 χρείας
1540 1917 1656 1988 (55)
1698 1915 1853 1970 ἀπαι-

241 2002 437 2063 τούσης
488 2000 573 2054 ἐπὶ
615 2006 710 2061 τὴν
761 2009 1052 2075 συντυχίαν
1106 2003 1386 2059 ἐλεύσεται.
1440 2005 1516 2058 Οὐ
1575 2010 1678 2080 μὴν
1728 2002 1853 2059 οὐδέ

242 2095 350 2152 τοῖς
403 2088 739 2163 βουλομένοις
794 2091 968 2154 ἁπλῶς
1034 2089 1269 2165 ἐφίεσθαι
1326 2098 1435 2172 χρὴ
1513 2099 1609 2154 την
1658 2114 1853 2148 συντυ-

241 2184 387 2252 χίαν.
425 2177 550 2233 οὐδὲ
594 2184 779 2255 καιρὸς
821 2185 953 2258 πρός
988 2185 1205 2253 ταύτην,
1248 2180 1372 2237 οὐδέ
1413 2189 1569 2247 τόπος
1594 2186 1709 2257 (56)
1754 2192 1857 2248 πᾶς

244 2267 553 2331 ἐπιτήδειος.
588 2270 721 2325 Ἀλλ’
763 2275 807 2324 εἰ
852 2290 912 2344 γε
959 2272 1226 2347 μέλλοιμεν
1284 2277 1420 2327 κατὰ
1469 2278 1529 2328 τὸ
1576 2279 1854 2351 πρόσταγ-

243 2379 318 2434 μα
362 2366 455 2413 τοῦ
509 2361 830 2414 Ἀποστόλου
884 2360 1216 2438 ἀπρόσκοποι
1274 2366 1518 2437 γίνεσθαι
1568 2369 1658 2417 καὶ
1718 2365 1853 2417 Ἰου-

245 2448 437 2517 δαίοις,
480 2454 571 2503 καὶ
633 2448 872 2519 Ἕλλησι,
929 2457 1020 2504 καί
1075 2461 1136 2526 τῇ
1196 2452 1487 2528 Ἐκκλησία
1555 2461 1647 2507 τοῦ
1697 2462 1851 2523 Θεοῦ,

243 2542 412 2594 πάντα
470 2536 530 2593 δὲ
586 2539 932 2614 εὐσχημόνως
977 2546 1067 2595 καὶ
1119 2545 1257 2596 κατὰ
1316 2543 1483 2612 τάξιν,
1543 2548 1633 2596 καὶ
1684 2546 1857 2597 πάντα

243 2634 368 2705 πρὸς
422 2626 709 2704 οἰκοδομὴν
762 2639 946 2701 ποιεῖν,
1009 2631 1210 2705 ἀνάγκη
1268 2638 1357 2687 καὶ
1415 2638 1716 2709 πρόσωπον,
1765 2636 1856 2687 καὶ

244 2723 445 2797 καιρόν,
503 2725 594 2774 καὶ
645 2726 855 2797 χρείαν,
914 2727 1004 2776 καὶ
1082 2729 1236 2777 τόπον
1306 2724 1423 2777 κατ’
1489 2722 1702 2798 ἐκλογὴν
1756 2722 1854 2799 ἀφ-

246 2812 471 2887 ωρίσθαι
501 2811 617 2882 (57)
680 2814 997 2885 πρεπόντως
1056 2808 1130 2866 δι’
1188 2814 1256 2865 ὧν
1305 2813 1544 2867 ἁπάντων
1612 2816 1855 2876 ὑπονοίας

248 2903 338 2974 μὶν
384 2905 608 2976 πονηρᾶς
653 2905 744 2953 καὶ
794 2903 917 2954 σκιὰ
959 2908 1108 2955 πᾶσα
1159 2901 1544 2972 ἕξελαθὴσεται,
1608 2908 1858 2977 σεμνότη-

251 3007 342 3051 τος
394 2985 452 3041 δὲ
499 2993 588 3041 καὶ
643 2995 983 3066 σωφροσύνης
1041 2988 1307 3056 ἀπόδειξις
1364 2991 1413 3046 ἓν
1470 2998 1626 3046 παντὶ
1684 2997 1857 3068 τρόπῳ

257 3076 618 3151 ἄπιφανήσεται
646 3087 756 3143 τοῖς
811 3077 1214 3155 δοκιμασθεῖσιν
1259 3084 1382 3159 όρᾴν
1440 3081 1693 3146 ἀλλήλους
1717 3084 1855 3156 (58),

1401 300 1698 357 REGULE
1736 299 1980 357 FUSIUS
2017 303 2416 359 'I‘RAGTATIE.

1082 432 1174 481 xui
1263 429 1385 487 τοὺς
1477 426 1834 499 itm-imos“;

1970 428 2222 484 vicatim:
2275 430 2388 484 alii
2430 436 2627 487 autem
2675 447 2867 488 sermo
2896 434 3161 491 scientia:
3179 434 3249 489 ⁸⁵.
3297 435 3362 488 Et
3390 426 3518 487 alio'
3542 429 3603 486 in

1879 1793 1929 1851 Β

3495 305 3600 361 998

1949 519 2112 575 loco:
2148 520 2218 576 Ut
2235 523 2447 589 potens
2475 520 2551 576 sit
2582 522 2902 579 exhortari
2928 524 2990 580 in
3030 523 3303 580 doctrina
3327 536 3505 592 sana,
3547 524 3605 577 et

1946 623 2063 679 eos,
2085 610 2191 681 qui
2208 610 2659 681 contradicunt,
2689 627 2949 684 arguere
2967 615 3016 650 ⁵⁸
3030 657 3043 670 .

2390 739 2905 798 INTERROGATIO
2943 741 3167 797 XXXIII.

2060 860 2200 928 Quis
2227 860 2321 929 sit,
2342 861 2552 921 modus
2581 863 2968 936 colloquendi
3002 878 3137 920 cum
3171 860 3500 919 sororibus.

2572 990 2986 1047 RESPONSIO.

2029 1118 2078 1169 1.
2120 1112 2231 1181 Qui
2261 1113 2447 1171 semel
2474 1115 2718 1187 nuptias
2760 1114 3105 1185 abnegavit,
3138 1112 3468 1184 abnegabit
3496 1111 3610 1169 uti-

1953 1219 2073 1277 que
2101 1202 2288 1260 multo
2318 1204 2515 1274 magis
2552 1220 2657 1260 eas
2685 1220 2882 1273 curas,
2909 1204 3133 1277 quibus
3162 1205 3245 1261 ait
3281 1201 3612 1276 Apostolus

1955 1292 2171 1349 conﬁci
2184 1292 2808 1366 maritum,quomodo
2823 1294 3045 1351 scilicet
3055 1293 3384 1366 placiturus
3401 1292 3474 1349 sit
3489 1307 3613 1351 sua

1955 1383 2130 1439 uxori
2149 1383 2217 1448 ⁸⁵⁷,
2244 1382 2615 1454 omninoque
2640 1383 2719 1439 ab
2739 1383 2907 1441 omni
2941 1382 3343 1441 sollicitudine
3372 1398 3510 1454 quae
3534 1379 3617 1439 ad

1955 1469 2285 1528 iucundam
2318 1486 2353 1527 a
2384 1471 2632 1529 muliere
2662 1471 2920 1542 gratiam
2952 1470 3299 1542 suscipitur,
3329 1467 3617 1541 purgabit

1957 1560 2603 1632 semetipsum,veritus
2624 1560 2922 1632 judicium
2944 1561 3095 1632 ejus,
3113 1560 3219 1632 qui
3244 1560 3426 1617 dixit:
3460 1561 3615 1617 Deus

1957 1651 2276 1720 dissipavit
2315 1666 2450 1708 ossa
2486 1666 2689 1708 eorum
2730 1651 2834 1723 qui
2876 1651 3216 1709 hominibus
3264 1650 3510 1720 placent
3541 1649 3613 1705 ⁸⁸.

1959 1742 2153 1807 Quare
2174 1755 2249 1796 ne
2269 1756 2409 1796 cum
2424 1739 2550 1796 viro
2572 1739 2821 1813 quidem
2843 1738 3131 1811 congredi
3151 1738 3425 1795 animum
3444 1736 3619 1794 induo

1958 1835 2067 1892 cet,
2085 1830 2161 1885 ad
2175 1830 2305 1901 ejus
2316 1829 2432 1886 sibi
2448 1829 2896 1887 conciliandam
2911 1830 3193 1901 gratiam;
3215 1828 3323 1885 sed
3333 1827 3415 1885 ob
3431 1827 3492 1885 id
3503 1832 3621 1884 stu.

1959 1919 2128 1975 dium
2149 1919 2317 1991 quod
2335 1920 2556 1992 cuique
2575 1935 2613 1976 a
2637 1920 2916 1993 proximo
2930 1920 3105 1991 juxta
3122 1919 3222 1976 Dei
3249 1922 3622 1992 praeceptum

1960 2008 2234 2077 debetur,
2247 2007 2603 2064 necessitate
2619 2007 2912 2079 exigente,
2929 2024 3067 2065 cum
3084 2024 3156 2066 eo
3172 2007 3235 2065 in
3251 2006 3624 2080 colloquium

1961 2096 2176 2154 veniet.
2201 2099 2403 2170 Neque
2424 2113 2567 2154 vero
2590 2096 2717 2154 sine
2742 2096 2865 2154 ullo
2886 2097 3124 2155 delectu
3145 2096 3387 2152 cuilibet
3404 2093 3630 2151 volenti

1961 2186 2352 2243 concedenda
2371 2190 2461 2242 est
2487 2185 2776 2259 loquendi
2803 2190 3110 2259 potestas:
3159 2201 3357 2257 neque
3387 2185 3467 2241 ad
3492 2199 3629 2239 eam

1961 2292 2090 2331 rem
2121 2281 2359 2348 tempus
2392 2291 2591 2346 omne,
2628 2280 2730 2332 aut
2770 2275 2968 2333 omnis
3015 2274 3184 2332 locus
3228 2273 3484 2331 idoneus
3512 2276 3627 2329 est.

1966 2363 2082 2422 Sed
2097 2365 2146 2419 si
2157 2364 2332 2436 juxta
2348 2363 2618 2436 Apostoli
2635 2368 3005 2437 praeceptum
3027 2363 3314 2421 nolumus
3336 2362 3626 2435 cuiquam

1963 2440 2334 2510 offendicqu
2367 2469 2498 2509 esse
2520 2455 2591 2524 ‘9,
2643 2469 2845 2527 neque
2884 2453 3124 2521 Judaeis,
3157 2468 3352 2525 neque
3383 2450 3624 2523 Graecis,

1962 2558 2161 2616 neque
2183 2540 2460 2598 Ecclesiae
2482 2541 2603 2608 Dei,
2633 2541 2740 2598 sed
2769 2542 2978 2599 omnia
2997 2541 3213 2598 decore
3234 2556 3305 2597 ac
3324 2540 3623 2609 ordinate,

1964 2631 2294 2704 omniaque
2315 2630 2395 2687 ad
2414 2629 2878 2689 aediﬁcationem
2904 2631 3214 2704 perﬁcere,
3237 2645 3486 2687 necesse
3500 2628 3624 2685 fue—

1962 2720 2037 2778 rit
2064 2726 2122 2777 et
2145 2736 2442 2795 personae,
2469 2725 2528 2777 et
2547 2722 2862 2793 temporis,
2880 2725 2936 2778 et
2957 2720 3241 2788 utilitatis,
3264 2723 3322 2775 et
3338 2718 3455 2775 loci
3471 2717 3627 2775 dele-

1965 2815 2130 2868 ctum
2159 2809 2443 2867 decenter
2463 2825 2535 2866 ac
2560 2809 2667 2867 rite
2692 2808 2901 2867 haberi
2925 2826 2938 2866 :
2972 2809 3198 2883 quibus
3218 2807 3506 2865 omnibus
3531 2804 3630 2863 vel

1965 2898 2185 2956 umbra
2201 2899 2434 2972 quaevis
2453 2898 2811 2972 suspicionis
2829 2915 3031 2973 pravae
3047 2896 3448 2969 fugabitur.1n
3460 2894 3628 2954 omni

1966 2993 2168 3046 autem
2191 2988 2410 3059 agendi
2430 2987 2661 3047 ratione
2686 2987 3010 3062 apparebit
3026 2987 3335 3057 gravitatis
3363 3002 3436 3043 ac
3459 2986 3632 3043 casti-

1964 3079 2183 3136 moniae
2206 3079 2516 3151 specimen
2532 3078 2595 3135 in
2616 3078 2709 3145 iis,
2733 3078 2841 3150 qui
2867 3077 3119 3136 admissi
3149 3081 3292 3134 sunt
3310 3080 3370 3133 et
3391 3074 3630 3144 adlecti,

252 3172 339 3220 xui
382 3165 727 3241 βουλεύεσθαι
774 3175 894 3244 περὶ
952 3180 1052 3224 τῶν
1106 3170 1426 3247 ἀρεσκόντων
1486 3180 1600 3245 Θεῷ
1640 3174 1774 3227 κατὰ
1802 3191 1855 3225 τε

1970 3184 2107 3226 cum
2155 3167 2376 3225 scilicet
2404 3166 2631 3224 mutuis
2665 3167 2937 3224 fruentur
2977 3165 3426 3239 conspectibus,
3456 3168 3514 3222 et
3554 3163 3631 3221 de

249 3261 343 3316 τὴν
391 3263 695 3331 σωματικὴν
747 3264 935 3335 χρείαν
992 3264 1084 3314 καὶ
1138 3265 1232 3320 τήν
1284 3269 1385 3314 τῶν
1440 3260 1634 3334 ψυχῶν
1687 3261 1858 3336 ἐπιμέ-

247 3348 405 3403 λειαν.
450 3348 730 3404 Ἔστωσαν
786 3347 845 3405 δί
887 3355 959 3425 μὴ
1003 3351 1247 3416 ἐλάττους
1296 3361 1396 3407 τῶν
1448 3350 1545 3407 δύο
1598 3351 1650 3417 ἐξ
1689 3352 1861 3407 ἑκατέ-

248 3458 341 3514 ρου
385 3444 573 3517 μέρους
602 3442 735 3514 (59)·
795 3445 853 3495 τό
909 3445 1008 3517 γὰρ
1064 3442 1112 3497 ἓν
1159 3449 1438 3519 πρόσωπον
1482 3444 1858 3521 εὐιπηρέαστον

250 3529 319 3593 εἰς
363 3530 615 3602 ὑποψίαν,
668 3532 750 3584 ἵνα
799 3536 870 3605 μὴ
903 3531 1053 3586 πλέον
1091 3552 1144 3586 τι
1186 3533 1315 3608 λέγω
1363 3537 1454 3588 καὶ
1496 3533 1859 3610 ἀσθενέστερον

249 3622 379 3697 πρὸς
443 3624 537 3679 τήν
616 3629 715 3673 τῶν
776 3619 1059 3699 λεγομένων
1118 3621 1442 3696 βεϐαίωσιν,
1513 3633 1686 3698 σαφῶς
1764 3633 1860 3688 τῆς

251 3714 461 3785 Γραφῆς
527 3704 940 3786 διαγοριυούσης
1007 3711 1092 3766 ἐπὶ
1155 3708 1253 3767 δύο
1318 3719 1408 3769 καὶ
1483 3723 1637 3789 τριῶν
1702 3715 1860 3768 ἱστα-

252 3800 378 3851 σθαι
406 3798 519 3871 (60)
564 3805 666 3851 πᾶν
703 3799 867 3875 ῥῆμα·
910 3806 1042 3874 μήτε
1088 3810 1188 3855 τῶν
1239 3812 1396 3880 τριῶν
1443 3802 1671 3871 πλείους,
1730 3806 1861 3858 ὥστε

249 3891 322 3961 μὴ
356 3892 450 3947 τὴν
501 3885 740 3949 σπουδὴν
779 3899 876 3953 τῆς
915 3890 1185 3970 φιλεργίας
1221 3903 1319 3957 τῆς
1367 3891 1461 3949 διὰ
1511 3899 1601 3955 τὴν
1655 3892 1861 3954 ἓντολὴν

250 3983 344 4030 τοῦ
403 3981 597 4053 Κυρίου
655 3981 801 4052 ἡμῶν
851 3979 1029 4039 Ἰησοῦ
1086 3990 1324 4059 Χριστοῦ
1372 3989 1640 4060 γινομένης
1697 3983 1861 4059 ἔμπο-

252 4063 526 4128 δίζεσθαι.

320 4160 377 4214 2.
431 4153 579 4211 Εἰδέ
605 4177 746 4222 τινας
775 4159 892 4231 (61)
933 4168 1033 4213 τῶν
1081 4161 1245 4215 ἄλλων
1297 4171 1397 4216 τῶν
1424 4162 1471 4217 ἓν
1518 4171 1581 4237 τῇ
1636 4158 1861 4237 ἁδελφό-

249 4264 372 4306 τητι
422 4251 584 4324 χρεία
633 4252 831 4322 γένοιτο
875 4249 1031 4302 εἰπεῖν
1078 4250 1107 4310 ἢ
1159 4256 1250 4305 καὶ
1282 4251 1509 4307 ἀκοῦσαί
1536 4272 1586 4306 τι
1622 4249 1737 4326 ἰδίᾳ
1762 4256 1863 4307 τινὶ

252 4333 520 4411 διαφέρον,
570 4341 643 4412 μή
694 4337 842 4392 αὐτοὶ
895 4336 1078 4392 ἐκεῖνοι
1136 4340 1202 4402 εἰς
1258 4342 1464 4415 ὁμιλίαν
1521 4341 1863 4420 ἒρχέσθωσαν

252 4426 509 4488 ἀλλήλοις·
557 4427 606 4479 οἱ
667 4424 726 4480 δέ
799 4425 1112 4499 ἕπιλιγέντις
1177 4429 1524 4506 πρεσϐύτεροι
1582 4438 1698 4495 ταῖς
1754 4430 1864 4485 ἐπι-

1965 3258 2148 3315 rebus
2169 3259 2288 3315 Deo
2317 3257 2720 3331 placentibus,
2752 3257 2875 3314 sive
2905 3256 2985 3314 ad
3013 3255 3282 3330 corporis
3312 3253 3633 3312 necessita-

1966 3352 2107 3420 tem,
2143 3347 2269 3404 sive
2290 3347 2369 3405 ad
2392 3347 2738 3404 animarum
2778 3362 2989 3404 curam
3011 3345 3369 3419 pertineant,
3402 3342 3631 3401 delibe-

1965 3437 2210 3495 rabunt.
2261 3437 2389 3494 Sint
2429 3441 2633 3495 autem
2672 3453 2796 3494 non
2836 3436 3152 3509 pauciores
3181 3451 3371 3509 quam
3400 3434 3524 3492 duo
3559 3448 3633 3490 ex

1967 3530 2224 3599 utraque
2254 3529 2442 3599 parte.
2477 3529 2627 3583 Nam
2649 3542 2913 3598 persona
2933 3541 3056 3583 una
3082 3523 3257 3583 facile
3280 3524 3348 3581 ﬁt
3366 3523 3635 3582 obnoxia

1970 3615 2320 3690 suspicioni,
2342 3620 2407 3673 ut
2426 3632 2501 3672 ne
2521 3615 2672 3689 quid
2693 3615 2954 3689 amplius
2975 3614 3201 3685 dicam,
3224 3619 3282 3671 et
3301 3613 3379 3672 ad
3399 3629 3474 3671 ea
3491 3627 3631 3687 quin

1968 3706 2271 3774 dicuntur,
2294 3704 2739 3775 conﬁrmanda,
2768 3705 2971 3763 minus
2998 3703 3184 3762 habet
3210 3703 3467 3770 roboris,
3489 3718 3635 3759 cum

1969 3800 2173 3870 aperte
2197 3794 2460 3854 declaret
2500 3796 2806 3871 Scriptura
2832 3796 2903 3865 7°,
2944 3795 3007 3852 in
3037 3793 3279 3851 duobus
3310 3798 3416 3851 aut
3437 3792 3635 3851 tribus

1971 3891 2126 3945 stare
2155 3901 2335 3943 omne
2364 3885 2643 3943 verbum.
2672 3889 2872 3960 Neque
2903 3901 3042 3942 vero
3063 3884 3265 3959 plures
3284 3899 3473 3959 quam
3491 3887 3635 3952 tres,

1969 3992 2045 4033 ne
2067 3975 2334 4035 studium
2357 3975 2690 4033 sedulitatis
2711 3975 2843 4047 ejus
2866 3991 3003 4048 quas
3017 3973 3513 4048 propterDomini
3529 3988 3637 4030 no-

1971 4067 2075 4124 stri
2094 4066 2235 4123 Jesu
2261 4066 2476 4124 Christi
2496 4070 2870 4140 prteceptum
2886 4064 3231 4136 adhibetur,
3244 4063 3636 4138 impediatur.

2040 4161 2093 4212 2.
2124 4155 2298 4223 Quod
2327 4156 2376 4211 si
2401 4155 2814 4213 necessarium
2844 4154 3254 4228 estquosdam
3274 4170 3349 4211 ex
3372 4153 3503 4210 aliis
3522 4152 3639 4211 fra-

1970 4246 2163 4305 tribus
2184 4245 2545 4320 quidquam,
2559 4244 2726 4320 quod
2747 4244 2828 4302 ad
2843 4244 3195 4318 quempiam
3211 4243 3494 4317 privatim
3514 4258 3641 4317 per-

1970 4336 2180 4404 tineat,
2208 4334 2379 4408 loqui
2425 4338 2532 4392 aut
2559 4334 2789 4404 audire,
2828 4350 2955 4392 non
3001 4333 3066 4391 hi
3101 4334 3220 4407 ipsi
3247 4333 3311 4391 in
3354 4339 3641 4392 mutuum

1971 4427 2216 4484 veniant
2246 4442 2641 4498 congressum
2670 4432 2729 4486 et
2748 4426 3116 4500 colloquium
3142 4443 3156 4482 :
3188 4426 3298 4483 sed
3326 4442 3466 4483 cum
3487 4426 3639 4485 sele-

250 4517 515 4590 λιγείσαις
568 4519 950 4592 πρεσϐυτέραις
1008 4518 1077 4570 τὰ
1128 4518 1258 4595 παρ’
1310 4518 1476 4573 αὐτῶν
1535 4516 1855 4575 διακονείτω-

1972 4519 2084 4574 etis
2103 4514 2414 4575 sororibus
2428 4523 2601 4574 aetate
2622 4515 3098 4591 provectioribus
3116 4532 3212 4572 res
3229 4515 3504 4588 ipsorum
3518 4522 3636 4574 tra-

255 4625 376 4679 σαν,
417 4610 508 4660 καὶ
555 4606 691 4661 οὕτω
739 4602 835 4661 διὰ
877 4616 975 4675 τῆς
1031 4609 1224 4665 τούτων
1252 4613 1518 4685 μισιτιίας
1551 4611 1584 4670 ἠ
1629 4618 1723 4666 τοῦ
1774 4608 1868 4667 164-

328 4786 377 4824 ⁸⁸
416 4786 438 4841 Ι
477 4788 608 4845 Cor.
638 4803 743 4859 xu,
770 4790 823 4846 8.
901 4788 949 4825 ⁶⁶
987 4787 1093 4848 Tit.
1125 4807 1165 4862 ι,
1194 4793 1249 4848 9.
1327 4790 1373 4828 ⁸⁷
1414 4788 1438 4845 Ι
1465 4791 1600 4849 Cor.
1630 4790 1734 4863 νὴ,
1765 4791 1855 4848 33.

1970 4789 1982 4827 ⁵
2023 4788 2182 4848 Psal.
2206 4804 2305 4863 ιιι,
2344 4792 2400 4850 6.

252 4876 461 4937 ιιιιιι.
490 4892 646 4948 mi,
678 4882 763 4936 to.

254 5005 477 5133 lenit"
490 5005 616 5062 Vox
637 5001 794 5058 αὐτοῦ
818 5003 882 5063 in
908 5004 1214 5064 veteribus
1242 5007 1511 5082 quatuor
1535 5005 1706 5065 libris
1731 5021 1861 5066 non

357 5091 497 5133 ιιιιτ.

279 5090 636 5226 θειὲζέεξ.
663 5146 898 5226 prima
924 5152 993 5226 et.
1011 5148 1179 5226 solb-
1209 5146 1455 5213 σπουδῆς
1478 5150 1515 5226 ἢ
1547 5155 1753 5226 κρείαε·

379 5223 448 5297 56
490 5217 694 5297 Οοᾷθιὶ
722 5217 1062 5297 Ἶροιρύδὲ
1084 5227 1183 5283 πᾶς
1202 5226 1405 5297 καιρός.
1442 5217 1664 5280 Μοίῖῐι
1692 5224 1860 5282 Colb.

258 5290 553 5364 scriptum
582 5291 885 5350 invenitur
905 5290 1235 5367 ἀπρόσκοποι
1255 5290 1531 5367 γενέσθαι.

376 5363 442 5420 57
489 5367 649 5441 unus
691 5381 818 5441 ms.
849 5363 992 5421 cum
1020 5366 1197 5441 V938.
1245 5363 1514 5441 ἆφορίσαι.
1547 5369 1679 5425 Mox
1719 5369 1862 5440 Reg.

256 5434 497 5508 primus
525 5438 744 5511 ὑπόνρια
770 5437 860 5510 μὶν
884 5438 1206 5511 πονηρὰῗκαὶ
1238 5434 1363 5511 σοιιᾶ
1390 5446 1557 5495 πᾶσα.

384 5511 453 5584 58
490 5516 610 5584 Τοῖς
640 5504 1044 5584 οκιμασθιίσιν
1078 5510 1210 5583 όρᾷν
1240 5507 1510 5584 ᾆιλλήλους.
1562 5511 1636 5584 In
1665 5511 1740 5567 iis
1763 5511 1869 5584 qui

249 5578 507 5651 probati
526 5586 582 5637 et
605 5578 783 5639 electi
797 5582 1034 5651 fuerint
1058 5578 1127 5638 ut
1148 5578 1210 5637 se
1226 5581 1480 5642 invicem
1504 5578 1869 5641 invisant'ac

260 5650 616 5719 deliberent,
643 5656 753 5727 etc.
785 5650 1010 5713 Mum.

1973 4611 2136 4669 ctent
2159 4606 2361 4667 selecti
2406 4608 2698 4675 seniores,
2727 4612 2787 4667 et
2808 4608 2895 4666 ita
2937 4620 3152 4664 eorum
3181 4620 3371 4679 opera
3407 4622 3635 4677 sermo,

2483 4789 2533 4829 σο
2572 4788 2758 4848 IGor.
2789 4803 2848 4856 ι,
2880 4790 2969 4846 32.
3064 4785 3115 4823 ⁷ο
3154 4788 3325 4847 Deut.
3356 4802 3481 4860 xxx,
3530 4790 3637 4862 15;

2016 5006 2158 5097 ,(59)
2196 5003 2350 5095 βάίῆ
2377 5004 2614 5079 ξέκάστου
2652 5008 2857 5081 μέρους.
2910 5004 3148 5063 Veteres
3180 5003 3303 5062 duo
3347 5003 3487 5065 libri
3523 5004 3642 5064 ἕκαο

1971 5096 2122 5157 τιρου
2150 5098 2215 5153 με
2252 5097 2358 5140 ους.

2041 5151 2158 5222 (60)
2197 5097 2403 5207 {gods}:
2431 5152 2603 5222 Voss.
2640 5158 2699 5207 et
2728 5147 2828 5222 alii
2856 5148 2978 5205 duo
3009 5148 3352 5222 σταθήσεται.
3592 5183 3599 5189 ι

2047 5152 2161 5222 [60⁷
2197 5152 2403 5207 Codex
2431 5152 2603 5209 Voss.
2640 5158 2699 5207 et
2728 5152 2828 5207 alii
2856 5152 2978 5205 duo
3009 5152 3352 5209 σταθήσεται.
3592 5183 3599 5189 ι

2047 5152 2160 5294 (61)
2197 5221 2391 5280 Editio
2419 5220 2594 5280 Basil.
2620 5221 2800 5278 simul
2825 5226 2881 5294 et
2903 5220 3104 5294 Paris.
3143 5221 3205 5275 Εἰ
3236 5217 3297 5274 δέ
3316 5240 3482 5294 τινος.
3510 5222 3643 5280 Edi-

1972 5289 2062 5368 tio'
2082 5289 2226 5368 Ven.
2256 5299 2476 5368 e_t_mss.
2509 5298 2775 5368 quatuor
2805 5291 2867 5368 Ei
2891 5289 3135 5368 dign/ac.
3162 5293 3335 5368 Haud
3359 5293 3538 5368 longe
3566 5310 3643 5352 ex

1974 5365 2168 5448 Vossii
2187 5361 2700 5448 codice‘vochlarn
2720 5385 2782 5448 τι.
2792 5361 3167 5448 addidimus.
3179 5365 3393 5448 Statim
3412 5361 3636 5448 in"R_eg.

1974 5436 2175 5520 primo
2202 5442 2260 5494 et
2284 5437 2452 5495 Colb.
2626 5433 2869 5520 dionysipov
2911 5434 3127 5518 legitur
3166 5433 3484 5519 διαφέροντι.
3523 5433 3643 5495 Nec

1974 5512 2060 5566 ita
2088 5508 2278 5583 multo
2299 5514 2438 5583 post
2464 5508 2528 5567 hl
2555 5525 2672 5583 IPSI
2697 5510 2820 5566 duo
2847 5506 3087 5583 codices
3113 5508 3353 5583 habent
3374 5510 3642 5583 ερχέσθωο

1974 5525 2060 5566 tta
2088 5525 2278 5566 multo
2299 5525 2438 5583 post
2465 5525 2528 5567 n1
2555 5525 2672 5583 1pm
2697 5525 2820 5566 auo
2847 5525 3087 5566 coalces
3113 5525 3346 5566 habent
3374 5525 3639 5585 ερχεσυω-

1979 5599 2076 5635 σαν
2116 5579 2365 5656 αλλήλων.
2433 5584 2565 5642 Mox
2616 5583 2758 5655 Reg.
2812 5578 3047 5655 primus
3098 5587 3209 5643 ταῖς
3258 5580 3639 5656 ἑπιλεγομέναις

1978 5652 2379 5729 πρεσϐυτέραια
