4110 6390
478 287 589 343 999

469 406 575 481 qui
592 404 972 463 necessarius
1001 403 1196 475 fuerit,
1228 404 1354 462 ﬁat.
1388 401 1492 459 Hic
1519 405 1725 458 autem
1741 399 1892 457 ordo
1921 415 2046 456 non
2073 399 2135 455 in

470 495 828 554 mulieribus
854 494 1051 550 solum
1085 509 1228 563 erga
1252 493 1431 559 viros,
1458 496 1563 548 aut
1589 492 1650 546 in
1680 490 1824 547 viris
1845 505 1987 559 erga
2004 504 2136 545 mu-

466 585 665 652 lieres,
698 584 806 640 sed
838 584 899 639 in
941 582 1216 655 personis
1250 583 1432 639 etiam
1459 579 1736 652 ejusdem
1766 596 1946 636 sexus
1990 593 2136 647 erga

471 691 650 731 sexus
681 672 953 743 ejusdem
974 687 1274 745 personas
1304 676 1591 727 servetur.
1618 668 1686 724 Hi
1716 667 1895 739 igitur
1923 674 2137 741 praeter

468 763 767 836 reliquam
794 762 856 817 in
871 762 1156 818 omnibus
1178 762 1457 834 pietatem
1477 760 1647 832 377
1668 776 1738 815 ac
1756 758 2131 829 gravitatem,

472 853 589 909 sint
614 851 799 908 etiam
837 851 1167 924 prudentes
1197 858 1251 907 et
1280 851 1339 907 in
1371 848 1827 919 interrogando,
1856 852 1914 903 et
1954 847 2017 902 in
2047 862 2137 903 re-

470 940 853 1016 spondendo,
875 940 1206 1012 ﬁdelesque
1229 946 1283 995 et
1303 938 1540 1012 providi
1559 937 1636 993 ad
1661 951 2003 993 sermonem
2027 934 2134 991 ad-

471 1029 969 1099 ministrandum,
988 1045 1059 1085 ac
1089 1027 1379 1101 impleant
1402 1026 1578 1083 illud:
1608 1027 1893 1095 Disponel
1918 1038 2136 1081 sermo-

472 1136 577 1177 nes
606 1134 742 1176 suos
762 1121 826 1175 in
847 1119 1083 1189 judicio
1103 1119 1174 1185 τι,
1213 1117 1368 1173 sicut
1394 1122 1455 1172 ut
1481 1114 1662 1171 simul
1691 1120 1747 1170 et
1777 1113 2019 1183 negotia
2039 1128 2135 1169 eo-

470 1224 609 1266 rum
628 1208 733 1281 qui
762 1224 893 1264 sese
914 1207 1185 1281 ipsorum
1203 1206 1343 1262 ﬁdei
1366 1205 1796 1268 commiserint,
1814 1203 2136 1260 conﬁcian-

472 1303 590 1366 tur,
616 1303 675 1354 et
714 1297 790 1353 de
833 1296 906 1353 iis
933 1312 1088 1370 quas
1132 1295 1521 1352 tractaverint
1576 1293 1762 1350 rebus
1810 1292 1960 1349 nihil
2003 1293 2134 1365 jam

471 1386 740 1444 habeant
767 1385 1180 1442 dubitationis.
1206 1384 1542 1441 Inserviant
1562 1388 1764 1440 autem
1793 1387 1846 1438 et
1867 1382 2134 1456 corporis

471 1473 928 1532 necessitatibus
953 1473 1055 1529 alii
1081 1473 1358 1546 quidam,
1381 1470 1565 1545 etipsi
1584 1486 1829 1545 quoque
1859 1486 1999 1526 cum
2025 1485 2133 1542 ap-

469 1564 852 1639 probatione,
895 1565 1002 1638 qui
1041 1565 1161 1620 sint
1207 1572 1264 1622 et
1310 1568 1483 1621 aetate
1524 1567 1805 1636 provecta
1833 1568 1890 1619 et
1925 1561 2136 1618 habitu

470 1670 543 1711 ac
570 1654 844 1711 moribus
875 1669 1114 1725 graves,
1145 1659 1212 1711 ut
1233 1670 1309 1711 ne
1339 1653 1680 1727 percutiant
1706 1651 1962 1723 alicujus
1993 1666 2136 1707 con-

469 1744 784 1801 scientiam
804 1759 916 1817 per
933 1744 1160 1800 malam
1193 1743 1621 1817 suspicionem.
1642 1741 1864 1815 thuid
1884 1743 2041 1798 enim
2066 1742 2134 1797 li-
2165 1772 2205 1827 Β

473 1834 669 1890 bertas
689 1848 821 1889 mea
839 1833 1163 1901 judicatur
1190 1833 1267 1889 ab
1293 1833 1495 1889 aliena
1527 1830 1955 1888 conscientia"
1976 1829 2005 1885 ?

914 1939 1440 1997 lNTERROGATIO
1473 1940 1691 1996 XXXIV.

473 2029 822 2101 Cujusmodi
847 2045 968 2088 esse
985 2030 1240 2088 debeant
1267 2031 1311 2087 ii
1336 2032 1439 2103 qui
1457 2029 1758 2101 fratribus
1789 2029 2137 2100 dispensant

1044 2135 1139 2176 res
1165 2120 1563 2176 necessarias.

1100 2210 1510 2266 RESPONSIO.

550 2300 600 2356 l.
631 2301 822 2372 Atque
854 2297 1028 2356 etiam
1065 2315 1137 2355 ex
1178 2298 1268 2371 iis,
1305 2297 1407 2371 qni
1452 2296 1611 2354 intus
1641 2315 1736 2355 res
1766 2295 2138 2355 necessarias

473 2384 860 2451 distribuunt,
886 2388 1137 2445 omnino
1158 2404 1407 2444 necesse
1433 2392 1522 2443 est
1545 2386 1604 2443 in
1638 2386 1891 2458 singulis
1918 2386 2139 2444 ordini-

474 2473 593 2530 bus
625 2473 862 2548 aliquos
891 2491 1045 2545 esse,
1071 2476 1175 2548 qui
1207 2491 1311 2531 eos
1340 2475 1562 2531 imitari
1590 2476 1827 2549 possint
1855 2492 1890 2531 a
1915 2475 2137 2549 quibus

476 2562 852 2619 adiciebatur
868 2563 1037 2637 quod
1063 2564 1288 2620 dictum
1316 2569 1405 2620 est
1432 2563 1494 2619 in
1527 2564 1712 2619 Actis:
1742 2565 2141 2621 Dividebatur

474 2653 734 2723 singulis
760 2656 943 2723 prout
972 2656 1185 2725 cuique
1208 2669 1356 2723 opus
1380 2660 1511 2709 erat
1528 2655 1609 2708 13:
1642 2653 1748 2726 qui
1777 2657 1985 2709 curent
2012 2669 2140 2709 ma-

474 2756 763 2814 gnopere,
787 2748 850 2798 ut
874 2742 1295 2799 misericordes
1324 2742 1443 2798 sint
1468 2759 1539 2799 ac
1559 2742 1723 2799 lenes
1746 2758 1891 2814 erga
1914 2741 2138 2816 quosli-

473 2830 597 2901 bet,
639 2847 837 2904 neque
868 2831 972 2887 ulli
1016 2832 1422 2905 suspicionem
1462 2832 1773 2905 praebeant
1814 2831 2137 2902 singularis

476 2919 658 2976 studii
684 2926 784 2976 aut
812 2921 1241 2993 propensionis
1262 2936 1406 2992 erga
1434 2921 1761 2993 quosdam,
1772 2922 1946 2993 juxta
1964 2938 2138 2978 man-

475 3007 689 3065 datum
714 3009 1006 3082 Apostoli,
1038 3009 1146 3083 qui
1190 3009 1376 3066 dixit:
1408 3009 1587 3066 Nihil
1618 3012 1855 3081 faciens
1891 3012 1957 3066 in
1985 2998 2137 3067 alte-

473 3113 604 3155 ram
623 3106 861 3169 partem
886 3099 1250 3156 declinando
1269 3100 1342 3171 ⁷⁸,
1383 3115 1580 3173 neque
1609 3100 1874 3156 vicissim
1905 3104 2135 3169 contra,
2169 3131 2211 3188 ο

467 3187 652 3261 jurgii
680 3192 739 3245 et
767 3188 1193 3254 contentionis,
1210 3206 1396 3262 quam
1415 3189 1578 3246 idem
1600 3194 1895 3263 tanquam
1917 3205 1952 3247 a
1975 3189 2135 3247 Chri-

474 3277 686 3334 stianis
719 3276 981 3335 alienam
1000 3278 1190 3350 rejicit
1214 3278 1449 3335 dicens:
1482 3280 1551 3337 Si
1575 3281 1707 3352 quis
1739 3279 1979 3336 videtur
2002 3295 2139 3336 con-

476 3368 767 3423 tentiosus
786 3382 927 3435 esse,
954 3383 1062 3425 nos
1093 3368 1275 3426 talem
1298 3369 1784 3425 consuetudinem
1806 3384 1926 3425 non
1957 3369 2138 3426 habe-

476 3471 631 3525 mus,
664 3473 854 3530 neque
878 3457 1162 3514 Ecclesia:
1190 3458 1408 3515 Dei“:
1460 3464 1526 3514 ut
1563 3458 1782 3515 horum
1826 3474 2032 3528 causa,
2082 3462 2138 3514 et

475 3544 570 3615 iis,
597 3545 963 3619 quibuscum
992 3546 1139 3620 ipsis
1169 3548 1473 3604 contentio
1503 3551 1610 3618 est,
1641 3547 2014 3605 necessarias
2042 3564 2139 3604 res

476 3636 856 3704 subtrahant,
888 3642 946 3693 et
969 3637 1062 3704 iis,
1092 3638 1153 3694 in
1181 3653 1339 3712 quos
1364 3637 1552 3695 animi
1582 3637 1971 3697 inclinatione
2003 3655 2140 3712 pro-

473 3725 763 3798 pendent,
784 3725 924 3800 plus
954 3743 1133 3801 tequo
1162 3727 1520 3799 largiantur.
1547 3726 1699 3784 Illud
1730 3733 1931 3785 autem
1959 3728 2142 3800 signi-

473 3814 819 3872 ﬁcationem
867 3815 1053 3873 habet
1098 3816 1222 3873 odii
1261 3817 1524 3890 fraterni,
1565 3817 1682 3874 hoc
1724 3834 1868 3875 vero
1914 3818 2139 3876 amoris

472 3902 814 3975 singularis,
839 3906 942 3979 qui
973 3906 1109 3962 hinc
1133 3907 1395 3963 maxime
1415 3900 1807 3980 vituperatur,
1837 3907 2005 3981 quod
2032 3923 2141 3981 per

472 4006 613 4049 eum
639 4010 713 4050 ea
741 4011 877 4068 quae
904 4011 936 4051 e
967 3996 1257 4053 charitate
1286 3997 1474 4053 oritur
1498 3996 1823 4053 concordia
1845 3995 2083 4067 fugetur
2108 4013 2139 4053 e

1846 278 1903 332 S.
1947 274 2201 332 BASILII
2241 271 2485 330 MAGNI.

3710 274 3850 329 i000

2241 417 2339 470 γον
2390 399 2552 471 χρεία
2605 393 2922 471 πληρούσθω
2949 395 3088 466 (62).
3144 395 3204 449 Ἦ
3249 392 3309 449 ἃ
3358 394 3491 454 αὑτὴ
3535 394 3744 458 εύταξία
3788 395 3851 448 ού

2244 490 2397 558 μόνον
2428 483 2476 536 ἐν
2525 482 2735 554 γυναιξὶ
2773 486 2904 557 πρός
2950 480 3169 560 ἄνδρας,
3217 485 3246 543 ᾖ
3300 480 3530 559 ἀνδράσι
3575 486 3708 558 πρὸς
3745 505 3851 556 ’γυ-

2243 582 2445 641 ναῖκας,
2476 572 2605 626 ἀλλὰ
2646 578 2736 625 καὶ
2784 571 2831 625 ἓν
2878 580 2988 636 τοῖς
3043 573 3314 647 όμογενέσι
3365 577 3496 647 πρὸς
3551 576 3674 636 τοὺς
3731 574 3852 647 όμο-

2241 671 2407 737 γενεῖς
2458 662 2843 736 φυλασσίσθω.
2916 663 3076 715 Οὗτοι
3144 666 3235 737 μὶν
3296 660 3384 715 οὖν
3430 665 3664 716 ἔστωσαν
3720 664 3853 736 μετὰ

2241 762 2339 817 τῆς
2389 753 2547 815 illa;
2603 751 2652 805 ἐν
2713 759 2865 814 πᾶςιν
2922 752 3189 814 εὐλαϐείας
3250 772 3304 806 τε
3359 757 3450 805 καὶ
3513 757 3848 826 σεμνότητος,

2241 848 2332 896 καὶ
2391 846 2593 896 συνετοὶ
2670 845 2802 916 πρὸς
2882 861 2937 894 τε
3011 841 3333 918 ἕπερὼτησιν
3397 846 3488 895 καὶ
3545 840 3848 917 ἀπόκρισιν,

2241 937 2425 986 πιστοί
2480 951 2535 985 τε
2599 935 2687 984 καὶ
2752 936 2993 1005 φρόνιμοι
3056 936 3183 1006 πρὸς
3245 936 3338 990 τὴν
3402 940 3503 984 τῶν
3569 931 3852 1005 λεγομένων

2241 1023 2571 1095 οἰκονομίαν,
2638 1025 2728 1073 καὶ
2796 1019 3105 1095 πληροῦντες
3166 1025 3225 1075 τό
3283 1012 3437 1093 (63)"
3503 1020 3855 1093 Οὰονομήσει

2241 1116 2364 1175 τοὺς
2419 1110 2602 1183 λόγους
2657 1110 2817 1163 αὐτοῦ
2869 1108 2917 1162 ἐν
2978 1116 3169 1187 κρίσει,
3236 1112 3371 1172 ὥστε
3436 1116 3527 1164 καὶ
3579 1110 3691 1172 τοίς
3755 1109 3852 1184 ἔμ-

2241 1204 2583 1257 πιστεύουσιν
2628 1200 2806 1263 αὐτοῖς
2854 1201 2984 1273 ὁμοῦ
3027 1206 3121 1260 τήν
3163 1220 3215 1254 τε
3252 1204 3441 1275 χρείαν
3494 1199 3852 1276 πληροῦσθαι,

2241 1297 2333 1345 καὶ
2356 1296 2445 1351 τὴν
2469 1290 2828 1367 πληροφορίαν
2858 1292 3118 1366 ὑπάρχειν
3160 1294 3281 1367 περὶ
3327 1299 3427 1343 τῶν
3471 1289 3519 1342 ἐν
3562 1290 3741 1352 αὐτοῖς
3771 1310 3853 1343 κι-

2241 1386 2517 1456 νουμένων.
2571 1380 3013 1453 ’Υπηρετείτωσαν
3062 1376 3122 1433 δε
3169 1385 3260 1433 καὶ
3310 1388 3427 1443 ταῖς
3475 1387 3566 1433 τοῦ
3614 1386 3853 1454 σώματος
3940 1376 3953 1387 ’

2242 1476 2455 1546 χρείαις
2519 1469 2666 1523 ἄλλοι
2722 1472 2870 1537 τινες,
2937 1474 3028 1521 καὶ
3105 1469 3255 1522 αύτοὶ
3312 1471 3443 1544 μετὰ
3513 1464 3849 1543 δοκιμασίας,

2241 1566 2334 1620 τήν
2392 1579 2447 1613 τε
2501 1559 2707 1619 ἠλικίαν
2756 1564 3068 1633 προήκοντες
3123 1564 3215 1611 καὶ
3278 1560 3336 1611 τὸ
3400 1565 3593 1632 σχῆμα
3645 1562 3737 1611 καὶ
3792 1560 3852 1611 τὸ

2244 1647 2371 1714 ἦθος
2404 1655 2605 1725 σεμνοὶ,
2636 1653 2766 1727 πρός
2818 1645 3001 1724 τὸλμή
3048 1649 3244 1714 πλῆξαί
3295 1669 3433 1712 τινος
3485 1645 3724 1712 συνειδὸς
3780 1648 3855 1711 εἰς

2244 1740 2474 1813 ὑποψίαν
2522 1743 2709 1799 κακήν.
2761 1745 2874 1794 Ἰνα
2926 1744 2979 1793 τί
3025 1742 3124 1816 γὰρ
3174 1740 3205 1798 ἡ
3268 1737 3530 1815 ἐλευθερία
3582 1759 3684 1814 μου
3742 1743 3857 1815 κρί-

2243 1851 2382 1885 νεται
2411 1833 2511 1884 ύπό
2541 1829 2702 1892 ἄλλης
2733 1826 3116 1897 συνειδήσεωςῖ

2816 1942 3131 1990 ΕΡΩΤΗΣΙΣ
3162 1935 3280 1993 ΛΔ’.

2247 2030 2519 2088 Ποταποὺς
2555 2031 2666 2101 χρὴ
2710 2022 2839 2079 εἶναι
2877 2029 3000 2090 τοὺς
3029 2029 3097 2081 τὰ
3126 2045 3256 2101 προς
3304 2029 3400 2084 τὴν
3438 2031 3623 2100 χρείαν
3662 2025 3859 2080 οἰκονοο

2665 2123 2895 2190 μοῦντας
2924 2114 2972 2167 ἐν
3002 2124 3064 2189 τῇ
3098 2111 3435 2188 ἀδελφότητι.

2853 2209 3211 2261 ΑΠΟΚΡῙΣΙΣ
3227 2246 3241 2260 .

2324 2299 2371 2351 1.
2410 2300 2510 2349 Καὶ
2539 2304 2639 2348 τῶν
2683 2297 2785 2347 ἔσω
2820 2291 2880 2347 6":
2914 2296 2980 2346 τὰ
3026 2298 3157 2371 πρὸς
3208 2298 3303 2353 τήν
3354 2298 3543 2370 χρείαν
3596 2292 3857 2368 ἐπινεμόν-

2246 2405 2346 2437 των
2378 2384 2426 2437 iv
2467 2385 2669 2457 ἑκάστῳ
2707 2386 2939 2457 τάγματι
2962 2386 3074 2456 (64)
3117 2386 3322 2445 πάντως
3376 2386 3583 2437 ἔσονταί
3630 2403 3758 2445 τινες
3805 2386 3856 2437 οἱ

2250 2471 2529 2548 δυνάμενοι
2581 2476 2862 2548 μιμεῖσθαι
2890 2477 3011 2535 τοῦς
3052 2471 3099 2525 ἐν
3138 2481 3256 2537 ταῖς
3301 2472 3533 2549 Πράξεσι
3574 2481 3856 2536 ποιοῦντας

2245 2567 2303 2618 τὸ
2357 2563 2621 2640 εἰρημένον
2675 2564 2775 2635 ὅτι,
2834 2559 3108 2616 Διεδίὸοτο
3166 2562 3368 2635 ἑκάστῳ
3438 2565 3623 2617 καθότι
3668 2565 3730 2616 ἄν
3777 2583 3855 2624 τις

2247 2658 2434 2727 ’χρείαν
2501 2654 2632 2726 εἶχε·
2696 2657 2941 2729 πρόνοιαν
3007 2655 3305 2727 ποιούμενοι
3371 2652 3559 2712 πολλὴν
3622 2660 3716 2705 τοῦ
3795 2670 3852 2704 τε

2249 2742 2619 2815 εύσπλάγχνου
2664 2747 2755 2795 καὶ
2797 2745 3141 2816 μακροθύμου
3190 2746 3320 2819 πρὸς
3360 2743 3572 2809 πάντας,
3622 2745 3711 2794 καὶ
3752 2747 3846 2794 τοῦ

2246 2838 2379 2907 μήτε
2435 2831 2660 2903 όποψίαν
2707 2828 2892 2884 δοῦναί
2933 2852 3036 2884 τινι
3087 2834 3465 2907 προσμαθείας,
3526 2832 3554 2890 ἢ
3601 2829 3853 2904 προσκλί-

2252 2941 2381 2984 σεως
2550 2925 2682 2997 πρὸς
2710 2941 2876 2991 τινας,
2924 2924 3061 2974 κατὰ
3092 2925 3148 2974 τό
3179 2920 3529 2997 παράγγελμα
3569 2928 3658 2973 τοῦ
3689 2918 3856 2972 Ἀπο-

2252 3011 2438 3064 στό).οῦ
2501 3011 2752 3074 εἰπόντος·
2830 3006 3012 3070 Μηδὲν
3077 3019 3237 3064 ποιῶν
3318 3012 3456 3063 κατὰ
3518 3008 3856 3084 πρόσκλισιν,

2248 3103 2279 3161 ἣ
2322 3100 2477 3154 πάλιν
2518 3099 2829 3174 φιλονεικίας
2857 3100 2970 3173 (66)
3014 3101 3077 3159 ἣν
3107 3103 3175 3163 ὡς
3224 3098 3475 3153 ἀνοίκειον
3515 3105 3861 3174 Χριστιανοῖς

2248 3191 2275 3243 ό
2316 3189 2466 3252 αὐτὸς
2505 3187 2866 3264 ἀποπέμπεται
2927 3189 3102 3243 εείποὶιν⁸
3172 3192 3234 3244 Εἴ
3291 3209 3371 3252 τις
3430 3186 3579 3243 δοκεῖ
3641 3188 3861 3263 φιλόνειο

2247 3300 2333 3341 κος
2400 3276 2549 3347 εἶναι,
2617 3281 2771 3353 ἡμεῖς
2826 3282 3070 3339 τοιαύτην
3140 3281 3417 3339 συνήθειαν
3482 3278 3577 3332 ούκ
3641 3281 3858 3352 ἔχομεν,

2248 3366 2372 3422 οὐδὲ
2420 3370 2475 3421 αἱ
2521 3366 2827 3427 Ἐκκλησίαι
2886 3376 2979 3421 τοῦ
3033 3375 3186 3423 Θεοῦ·
3246 3371 3311 3430 ὡς
3355 3364 3449 3421 διὰ
3504 3370 3701 3422 τούτων
3752 3375 3858 3419 τῶν

2245 3462 2338 3534 μεν
2362 3460 2700 3533 ὑφαιρεῖσθαι
2740 3463 2837 3518 την
2891 3462 3100 3534 χρείαν,
3148 3462 3278 3532 πρὸς
3316 3458 3403 3520 οῦς
3441 3456 3501 3509 ἃν
3560 3457 3858 3531 φιλονείκως

2248 3551 2439 3623 ἔχωσι,
2483 3556 2584 3602 τῶν
2633 3544 2693 3602 6":
2742 3546 3045 3625 ὑπερϐαλεῖν
3068 3549 3203 3621 (67),
3255 3544 3330 3612 οἷς
3370 3547 3430 3600 ἆν
3477 3548 3858 3623 προσκεκλιμέ-

2246 3638 2706 3710 νοιτυγχάνωσιν.
2738 3636 2892 3691 Ἐστι
2920 3633 2978 3691 δε
3024 3640 3083 3691 τό
3126 3640 3217 3711 μὶν
3264 3633 3635 3711 μισαδελφίας,
3684 3640 3745 3691 τό
3794 3633 3858 3690 δί

2246 3729 2623 3805 προσπαθείας,
2673 3734 2768 3791 τῆς
2824 3725 3059 3801 μάλιστα
3112 3723 3545 3801 διαϐεϐλημένης,
3600 3726 3653 3791 ἓξ
3698 3728 3766 3780 ὧν
3819 3727 3853 3786 ἦ

2249 3820 2338 3891 μὶν
2361 3817 2476 3891 (68)
2531 3814 2832 3889 ἑξὰγοξπης
2882 3818 3147 3890 σύμπνοια
3197 3825 3288 3879 τῆς
3336 3813 3684 3892 ἀδελφότητος
3737 3813 3860 3872 δια-

2252 3913 2470 3977 σπᾶται,
2514 3906 2739 3979 ύποψίαι
2788 3904 2847 3961 δε
2891 3912 3139 3983 πονηραὶ,
3178 3913 3268 3962 καὶ
3314 3908 3484 3975 ζῆλοι,
3525 3913 3616 3963 καὶ
3666 3905 3859 3985 ἔριδες,

2249 4000 2342 4051 καὶ
2373 4000 2513 4050 ὄκνοι
2536 4000 2666 4072 πρὸς
2691 4000 2780 4059 τὰς
2811 3995 3057 4074 ἐργασίας
3087 3995 3533 4073 ἁντεισέρχονται.

470 4081 727 4140 fratrum
758 4090 937 4152 coetu,
969 4091 1026 4142 et
1051 4085 1113 4142 in
1138 4086 1331 4160 ipsius
1354 4087 1557 4143 locum
1580 4086 1955 4160 suspiciones
1985 4102 2214 4161 pravas,
2236 4086 2783 4161 aemulationesque
2812 4091 2871 4143 et
2892 4088 3334 4160 contentiones,
3364 4104 3436 4146 ac
3470 4088 3759 4163 quaedam
3779 4089 3865 4148 ad

474 4173 786 4243 agendum
818 4174 1101 4245 segnities
1134 4176 1486 4236 succedant.

547 4265 603 4319 2.
630 4262 1040 4329 Quamobrem
1078 4265 1185 4338 qui
1215 4266 1503 4323 fratribus
1531 4266 1900 4325 distribuunt
1927 4283 2136 4325 neces-

2313 4272 2368 4325 2.
2413 4268 2776 4345 Προσπαθείας
2832 4264 2922 4343 μεν
2966 4266 3054 4323 οὖν
3102 4275 3193 4324 καὶ
3223 4270 3529 4345 φιλονεικίας
3571 4268 3666 4325 διαί
3702 4292 3757 4326 τε
3792 4274 3865 4326 τὰ

477 4352 661 4419 saria,
689 4358 813 4411 tum
838 4354 918 4411 ob
948 4370 1019 4412 ea
1050 4371 1185 4428 quae
1216 4356 1375 4414 dicta
1394 4362 1708 4423 sunt,tum
1738 4358 1817 4415 ob
1838 4357 1956 4417 alia
1981 4358 2135 4432 ejus-

476 4442 617 4500 dem
665 4444 901 4516 gcneris
929 4445 1141 4518 multa,
1172 4463 1308 4519 quae
1339 4446 1612 4505 accidere
1642 4447 1854 4521 solent,
1899 4465 2004 4507 eos
2032 4466 2135 4507 ne-

2244 4360 2489 4436 εἰρημένα
2542 4364 2633 4413 καὶ
2698 4358 2828 4413 ἀλλα
2900 4358 3065 4415 πολλὰ
3132 4370 3351 4416 τοιαῦτα
3416 4360 3868 4436 ἑπισυμϐαίνοντα

2242 4451 2544 4527 καθαρεύειν
2601 4448 2668 4512 εἰς
2724 4451 2883 4526 ἄκρον
2946 4449 3223 4525 ἀναγκαῖον
3280 4455 3410 4515 ποῦς
3460 4454 3528 4506 τὰ
3589 4456 3711 4530 τρός
3764 4457 3863 4513 τήν

548 4594 595 4634 τι
637 4596 794 4654 Psal.
823 4602 1009 4667 ωε.
1074 4566 1136 4635 ’τι
1175 4602 1547 4669 lCor.x,29.
1626 4601 1675 4636 τι
1713 4602 1948 4674 Act.rv,
1979 4606 2069 4659 ss.
2142 4603 2193 4639 τι
2241 4600 2645 4670 lTim.v.2l.
2722 4603 2770 4640 τε
2810 4605 3212 4678 lCor.x1,16.

548 4749 662 4818 (62)
704 4746 795 4806 Sic
821 4747 966 4819 Reg.
990 4748 1224 4822 primus
1249 4748 1443 4807 codex
1462 4750 1708 4822 optimae
1732 4755 1912 4822 notae,
1928 4750 2146 4809 Editio-

475 4832 600 4898 nes_
628 4824 860 4898 veteres
892 4824 949 4898 e_t
993 4820 1228 4898 aliquot
1254 4838 1410 4898 mss.
1461 4820 1796 4898 πληρούσθω.
1831 4820 1994 4877 Οὗτοι
2029 4826 2142 4897 μέν,

477 4889 720 4965 omissis
750 4907 886 4963 qua:
905 4890 1032 4965 legi
1062 4889 1326 4965 possunt
1353 4894 1416 4950 in
1448 4889 1752 4951 contextu.

550 4962 668 5048 (ῳ).
694 4962 787 5018 Sic
819 4962 985 5048 Qolb.
1031 4962 1226 5048 codex
1272 4971 1433 5048 nota».
1479 4966 1747 5048 optimas.
1777 4967 1902 5048 "Hic
1941 4969 2145 5048 autem

481 5033 803 5113 §cripturaa
830 5034 1015 5113 locus
1058 5040 1122 5113 et
1148 5035 1207 5091 in
1235 5036 1409 5113 editis
1439 5033 1581 5094 etin
1606 5037 1911 5113 veteribus
1939 5037 2147 5113 multis

478 5102 649 5182 libris
675 5105 863 5182 deest,
907 5106 1017 5161 etsi
1046 5108 1127 5162 ad
1160 5109 1423 5182 auctoris
1454 5109 1837 5182 propositum
1881 5108 2147 5166 maxime

480 5174 636 5250 facit.
673 5176 1009 5250 Aliquanto,
1026 5184 1168 5250 post
1188 5179 1312 5235 duo
1339 5174 1480 5236 mss'.
1512 5174 1602 5233 κοῐὶ
1628 5180 1794 5237 ἄλλοι.

697 5248 1100 5327 ⁵λέὶιξιὶςιμίρίιο
1141 5248 1278 5327 libri
1325 5250 1528 5327 ἐκείστῳ
1577 5254 1891 5327 πράγματα
1924 5250 2042 5309 Nec
2063 5254 2147 5311 ita

482 5316 673 5395 multo
694 5316 1039 5395 infra—Colb.
1073 5317 1346 5395 Διεὸίδοτο
1378 5319 1450 5395 δὲ,
1469 5316 1672 5395 eum.
1695 5316 1826 5378 Ξιάθὸ
1856 5325 1939 5379 οἷν.

554 5389 1160 5467 (6A5j_l_£diti__e_t_ms_s.
1203 5394 1232 5452 ἢ
1266 5389 1659 5467 προσκλήσεως,
1694 5412 1803 5467 nec
1843 5396 1927 5452 ita
1955 5395 2146 5454 multo

525 5463 630 5540 ost
651 5459 834 5541 iidem
864 5461 1113 5541 illi‘libri
1139 5459 1351 5541 O‘mllés
1378 5468 1512 5519 κατὰ
1532 5459 1859 5541 πρόσκλησιν
1882 5486 1895 5523 :
1924 5467 1987 5523 in
2016 5469 2147 5541 qui-

529 5546 597 5610 us
616 5531 779 5610 idem
801 5540 892 5589 est
911 5534 1145 5591 vitium.
1165 5535 1281 5610 Sed
1304 5531 1627 5610 utrumque
1656 5537 1860 5597 locum
1875 5556 1950 5595 ex
1972 5531 2147 5596 sacro

480 5606 647 5660 textu
670 5602 916 5678 vulgato
950 5608 1347 5667 correximus.
1389 5602 1550 5682 Reg:
1577 5610 1809 5685 primus
1838 5627 1950 5687 pro
1985 5621 2147 5667 ποιῶν

2252 4754 2442 4814 habet
2467 4764 2650 4815 ποιεῖν.

2351 4830 2447 4905 66,
2484 4828 2639 4905 Εᾲἰῐὶ
2667 4828 2889 4905 et‘duo
2932 4846 3079 4905 mss,
3122 4829 3277 4884 πάλιν
3316 4830 3642 4905 φιλονεικίαν,
3673 4831 3866 4905 male.

2251 4898 2402 4970 Reg.
2418 4901 2641 4977 _tert_ius
2684 4901 3012 4975 φιλονεικίας,
3038 4900 3262 4977 bene:
3312 4898 3419 4960 ilbi
3465 4920 3582 4960 vox
3628 4898 3865 4977 ύποψίαν

2252 4970 2599 5046 supplenda
2620 4970 2719 5046 est
2745 4985 2821 5046 ex
2845 4970 3286 5046 superioribus.

2348 5046 2420 5127 δῖ
2443 5043 3226 5127 Αῌάὶῐίιζπερβαλεῖνκᾼειῑίῳιὶ
3244 5052 3363 5127 tres
3379 5046 3517 5103 libri
3533 5063 3672 5104 cum
3688 5049 3865 5127 Yoss.

2255 5112 2620 5197 ὑπερϐάλλειν..
2658 5112 2890 5173 Ibidem
2917 5112 3211 5199 edition—es
3239 5124 3472 5174 veteres
3500 5119 3868 5244 προκεκληςὲ-

2253 5205 2352 5240 vos.
2377 5188 2626 5246 Antiqui
2648 5192 2912 5246 quatuor
2932 5187 3071 5244 libri
3102 5194 3318 5246 praeter
3342 5189 3514 5246 Voss.
3537 5210 3773 5246 ποοσκεκ
3806 5212 3868 5246 n-

2254 5205 2352 5240 νοι.
2377 5202 2912 5260 antiquiquatuor
2932 5202 3071 5244 11an
3102 5202 3318 5261 praeter
3349 5202 3514 5246 voss.
3537 5211 3578 5244 π
3614 5202 3868 5251 οσκεκλη-

2254 5261 2420 5330 μένοι.
2453 5260 2594 5387 Regi.
2627 5259 2837 5316 tertius
2874 5259 3308 5334 προκεκλιμένοιε
3366 5278 3524 5387 ρυᾱε
3572 5210 3868 5345 rectiones

2254 5343 2472 5385 omnes
2498 5345 2534 5386 a
2606 5346 2812 5387 veram
2833 5347 3024 5387 nrone
3050 5332 3338 5387 accedere
3390 5339 3559 5387 ateor
3587 5336 3865 5387 Ollldem.

2254 5343 2476 5408 omnes
2498 5332 2581 5387 ad
2606 5346 2812 5408 ueram
2833 5332 3024 5404 prope
3050 5332 3338 5408 accedere
3367 5332 3559 5391 fateor
3577 5335 3865 5408 quidem,

2255 5398 2362 5477 sed
2374 5406 2522 5477 puto
2538 5401 2757 5459 nullam
2773 5398 2884 5477 pr'o
2898 5398 3041 5460 véra
3052 5403 3260 5477 haberi
3274 5408 3504 5477 posse.)
3514 5406 3593 5461 ud
3601 5398 3693 5462 fco
3709 5398 3868 5463 enim

2252 5470 2587 5549 lege—udum
2617 5470 3159 5549 προσκεκλιμένοιερς
3183 5470 3595 5533 ἥδ’θάεηὰυω
3629 5484 3866 5537 curavi.

2467 5543 2787 5635 ~Eﬂill§ll¢8
2806 5543 3036 5635 veteres
3125 5548 3359 5635 ὧννὴειῑν,
3374 5556 3678 5635 corrupte.
3700 5552 3869 5635 Regii

2255 5617 2489 5688 primus
2514 5620 2572 5674 et
2596 5617 2803 5677 tertius
2823 5634 2963 5677 cum
2983 5617 3308 5684 (301αέξῶ
3331 5621 3360 5680 ἡ
3388 5617 3865 5696 mammae.
