4110 6378
274 345 394 396 1001

1444 338 1752 394 HEGUL/E
1785 337 2031 393 FUSIUS
2059 336 2450 393 THACTATA'J

3496 344 3632 396 1002

268 471 454 538 χρείαν
506 463 832 537 ἐπινέμοντας
875 473 933 537 τῇ
989 460 1326 536 ἀδελφότητι.
1384 464 1624 514 Διάοεσίν
1669 482 1728 532 γε
1767 467 1868 534 μὴν

1989 478 2144 516 eesse
2177 467 2263 516 est
2295 477 2530 515 summe
2563 461 2642 516 ab
2669 477 2874 516 amore
2907 461 3196 531 singulari
3227 467 3283 518 et
3314 480 3342 517 δ
3378 470 3630 520 conten-

267 556 512 610 τοιαύτην
565 553 768 616 ἑαυτοῖς
823 551 1113 606 συνειδέναι
1161 553 1441 625 ὀφείλουσι,
1500 557 1588 603 καὶ
1630 548 1869 607 σπουδὴν

272 645 534 700 τοσαύτην
583 641 975 696 ἐπιδείκνυσθαι
1019 643 1168 694 αύτοί
1213 661 1266 694 τε
1313 647 1402 693 καὶ
1449 644 1498 693 οὶ
1562 646 1654 698 τὴν
1711 640 1868 697 ἄλλην

275 732 522 808 ἐργασίαν
588 740 717 808 πρὸς
783 741 876 792 τὴν
926 744 1026 790 τῶν
1087 731 1316 805 ἀδελφῶν
1375 735 1662 806 ὑπηρεσίαν
1725 731 1867 782 ἐκτε-

273 821 491 890 λοῦντες,
543 828 609 886 ὡς
659 824 752 878 ούκ
782 823 1087 898 ἀνθρώποις,
1131 822 1234 878 ἀλλ’
1269 823 1410 893 αὐτῷ
1459 831 1530 892 τῷ
1579 827 1751 895 Κυρίῳ
1783 821 1867 884 ἰξ-

275 916 702 988 υπηρετούμενοι,
747 922 818 984 τῷ
869 910 962 964 διά
997 911 1190 970 πολλὴν
1229 910 1534 984 ἀγαθοτητα
1573 912 1639 972 εἰς
1688 912 1866 966 ἑαυτὸν

272 1000 588 1074 λογιζομένῳ
653 1006 746 1058 τὴν
811 1001 882 1060 εἰς
947 1005 1063 1061 τοὺς
1129 999 1492 1072 ἀνακειμένους
1560 1002 1669 1071 (69)
1729 999 1867 1071 αύτῴ

274 1095 431 1162 τιμήν
479 1109 532 1142 τε
580 1093 668 1142 καὶ
718 1085 978 1158 σπουδὴν,
1021 1095 1108 1142 καὶ
1155 1088 1427 1162 βασιλείας
1479 1089 1708 1162 ούρανὼν
1747 1088 1868 1148 κλη-

275 1182 514 1251 ρονομίαν
572 1177 696 1249 ύπερ
756 1180 950 1230 τούτων
1018 1177 1457 1250 ἐπαγγελλομένῳ.
1527 1187 1677 1232 Δεῦτε
1741 1181 1863 1253 γὰρ,

275 1272 449 1338 φησιν,
509 1268 556 1317 οἱ
624 1266 958 1340 εὐλογημένοι
1020 1276 1111 1320 τοῦ
1181 1274 1383 1344 Πατρός
1440 1288 1561 1340 μου,
1621 1268 1866 1342 κληρονο-

270 1359 473 1426 μήσατε
553 1359 648 1414 τήν
733 1358 1121 1429 ἡτοιμασμένην
1206 1355 1327 1429 ύμῖν
1405 1356 1682 1428 βασίλειαν
1768 1357 1867 1411 ἀπὸ

269 1443 564 1506 καταϐολῆς
602 1450 826 1518 κόσμου.
867 1443 988 1497 Ὀτι
1014 1444 1088 1518 ἐφ’
1121 1448 1240 1498 ὅσον
1273 1444 1552 1503 ἐποιήσατε
1581 1446 1651 1500 ἐνὶ
1677 1450 1868 1500 τούτῶν

269 1541 369 1584 τῶν
415 1529 645 1606 ἀδελφῶν
673 1553 774 1607 μου
805 1544 903 1586 τῶν
935 1532 1244 1605 ἐλαχίστων,
1277 1533 1390 1608 ἐμοὶ
1437 1534 1580 1593 ἐποιή
1595 1556 1735 1590 σατε.
1772 1542 1870 1590 Καὶ

269 1619 326 1674 ἐκ
376 1631 466 1675 τοῦ
506 1621 731 1676 ἐναντίου
762 1632 852 1683 τῆς
893 1622 1128 1696 ἀμελείας
1171 1625 1436 1697 γνωρίζειν
1483 1630 1568 1678 τόν
1608 1623 1868 1698 κίνδυνον,

268 1718 621 1784 μεμνημένους
650 1720 741 1764 τοῦ
772 1712 1020 1773 εἰπόντος·
1066 1712 1474 1786 Ἐπικατάρατος
1518 1723 1616 1778 πᾶς
1657 1717 1682 1766 ό
1711 1725 1870 1768 ποιῶν

1981 551 2136 605 tione
2154 566 2336 622 puros
2352 567 2482 606 esse
2499 556 2680 622 atque
2701 555 3094 622 expurgatos.
3114 553 3392 624 Senaque
3408 552 3634 610 debent

1978 639 2159 708 hujus
2190 641 2440 694 aileetus
2491 640 2602 694 sibi
2648 640 2767 712 ipsi
2815 639 3039 694 conscii
3067 655 3221 703 esse,
3255 657 3325 695 ac
3363 642 3631 698 studium

1977 729 2131 782 adeo
2161 746 2454 798 magnum
2497 730 2836 800 ostendere,
2891 735 3014 786 tam
3063 728 3202 800 ipsi,
3244 746 3430 801 quam
3460 730 3500 786 ii
3529 731 3634 803 qui

1979 817 2096 874 alio
2136 835 2385 874 munere
2416 818 2753 889 funguntur
2802 818 2879 874 ad
2929 818 3182 872 fratrum
3212 819 3632 887 ministerium,

1977 911 2270 978 tanquam
2303 909 2350 962 si
2383 925 2504 964 non
2547 907 2920 972 hominibus,
2972 906 3078 961 sed
3112 907 3365 963 Domino
3398 908 3514 980 ipsi
3541 909 3632 964 in-

1976 997 2256 1059 serviant,
2299 997 2400 1070 qui
2423 997 2502 1054 ob
2547 997 2798 1054 multam
2827 997 3164 1052 bonitatem
3195 995 3488 1054 delataiis
3527 998 3635 1071 qui

1975 1103 2035 1144 se
2057 1087 2168 1157 ipsi
2191 1093 2642 1155 consecrarunt,
2667 1087 2958 1142 honorem
2983 1091 3038 1140 et
3061 1085 3350 1156 studium,
3386 1088 3633 1158 perinde

1975 1177 2178 1242 habet,
2207 1178 2383 1250 quasi
2405 1195 2476 1234 ea
2506 1178 2635 1250 ipse
2659 1178 3010 1248 accepisset,
3035 1182 3090 1231 et
3118 1193 3225 1246 pro
3249 1177 3343 1232 his
3372 1178 3633 1234 mercdi-

1977 1272 2157 1321 tatem
2191 1267 2356 1334 regni
2389 1267 2680 1322 etelorum
2725 1265 3056 1336 poslieetur.
3122 1265 3320 1322 Venite
3348 1267 3510 1323 enim
3542 1269 3635 1326 in-

1977 1355 2126 1427 quit,
2161 1356 2456 1410 benedicti
2505 1356 2708 1411 Patris
2757 1353 2935 1424 3‘78
2968 1355 3100 1424 mei,
3133 1355 3426 1422 possidete
3453 1374 3637 1426 para-

1981 1450 2104 1500 tum
2157 1444 2317 1500 vobis
2367 1458 2621 1512 regnum
2672 1457 2708 1497 a
2756 1443 3182 1497 constitutione
3219 1444 3448 1498 mundi.
3488 1446 3635 1503 Nam

1981 1540 2268 1605 quatenus
2281 1534 2509 1602 fecistis
2534 1534 2640 1588 uni
2659 1548 2732 1588 ετ
2755 1531 2841 1586 his
2863 1531 3164 1601 fratribus
3188 1534 3328 1588 meis
3349 1534 3632 1608 minimis,

1979 1623 2375 1692 mihifecistis
2396 1623 2465 1674 7°.
2497 1625 2834 1694 Contraque
2865 1625 3105 1691 oportet
3136 1621 3408 1690 segnitiei
3449 1628 3506 1679 et
3543 1623 3634 1680 in-

1980 1729 2160 1768 curiae
2183 1728 2510 1781 agnoscere
2530 1709 2885 1783 perieulum,
2909 1726 2978 1765 ac
3003 1709 3351 1766 meminisse
3373 1711 3422 1783 ej
3434 1713 3638 1788 us,qui

267 1802 338 1852 τὰ
366 1802 494 1873 ἔργα
543 1806 732 1874 Κυρίου
781 1800 998 1874 ἀμελῶς.
1031 1801 1151 1854 Ὀτι
1201 1801 1258 1854 οῦ
1290 1808 1442 1875 μόνον
1471 1813 1564 1868 τῆς
1597 1804 1870 1877 βασιλείας

1989 1799 2126 1856 dixit
2157 1817 2168 1854 :
2199 1801 2554 1858 Matedictus
2593 1801 2782 1855 omnis
2829 1801 2936 1870 qui
2979 1799 3132 1868 facit
3181 1814 3366 1869 opera
3395 1802 3642 1858 Domini

267 1887 617 1961 ἐκϐάλλονται,
671 1889 800 1943 ἀλλά
846 1897 934 1944 καὶ
981 1896 1069 1950 τὴν
1098 1895 1212 1964 (Ἱο)
1256 1900 1346 1945 τοῦ
1389 1901 1583 1968 Κυριου
1631 1891 1868 1968 φρικώδη

268 1983 359 2039 καὶ
400 1978 617 2054 φοϐερὰν
665 1978 860 2038 ἐκείνην
923 1977 1234 2053 ἐκδέχονται
1287 1987 1421 2035 κατά
1473 1992 1572 2036 τὼν
1625 1987 1870 2038 τοιούτων

269 2065 556 2140 ἀπόφασιν·
587 2071 875 2142 Πορεύεσθε
915 2067 1002 2122 ἀπ’
1035 2068 1186 2143 ἐμοῦ,
1227 2072 1275 2123 οἱ
1311 2076 1682 2146 κατηραμένοι,
1716 2073 1782 2134 εἰς
1811 2078 1869 2126 τό

264 2167 372 2232 πῦρ
404 2161 462 2210 τὸ
503 2157 729 2228 αἰώνιον,
769 2162 826 2210 τὸ
859 2160 1243 2232 ἡτοιμασμένον
1283 2170 1354 2231 τῷ
1387 2158 1420 2216 δ
1426 2161 1613 2234 ιαϐόλῳ
1644 2168 1734 2222 καὶ
1763 2171 1871 2226 τοῖς

265 2247 510 2321 ἀγγέλοις
565 2247 744 2300 αὐτοῦ.
801 2248 863 2301 Εἰ
919 2245 978 2302 δὲ
1029 2249 1078 2300 οἱ
1137 2253 1231 2307 τὴν
1289 2248 1578 2324 ἐπιμέλειαν
1637 2257 1726 2306 καὶ
1778 2258 1872 2312 τὴν

269 2339 565 2411 ὑπηρεσίαν
614 2340 969 2412 προσάγοντες
1029 2347 1278 2394 τοσοῦτον
1331 2344 1421 2413 μεν
1479 2350 1574 2404 τῆς
1632 2339 1874 2410 σπουδῆς

271 2431 331 2481 τό
372 2424 560 2500 κέρδος
607 2429 936 2502 εὑρίσκουσι,
985 2437 1234 2483 τοσοῦτον
1283 2425 1344 2483 δὲ
1379 2439 1473 2494 τῆς
1527 2429 1764 2504 ἀμελείας
1817 2437 1873 2488 τὸ

271 2524 441 2589 κρῖμα
485 2513 816 2589 ἐκδέχονται·
879 2522 1045 2574 πόσου
1093 2517 1288 2590 ἀγῶνος
1333 2525 1492 2594 χρεία
1539 2529 1645 2584 τοῖς
1688 2520 1876 2576 ύποδε-

271 2610 518 2679 χομένοις
565 2611 658 2666 τὴν
697 2607 985 2681 ὑπηρεσίαν
1025 2612 1153 2681 πρὸς
1190 2611 1248 2658 τὸ
1290 2606 1465 2672 ἀξίους
1506 2609 1720 2675 ἑαυτούς
1750 2609 1876 2668 ἀπο-

275 2692 445 2758 δεῖξαι
491 2703 582 2756 τῆς
637 2704 736 2749 τῶν
783 2692 1013 2767 ἀδελφὺν
1067 2719 1152 2751 τοο
1212 2704 1402 2770 tiu-Ivi?)
1454 2706 1814 2776 προσηγορίας
1857 2718 1872 2769 ;

275 2781 370 2840 διὰ
419 2794 514 2847 τῆς
565 2793 658 2846 τοῦ
711 2791 903 2859 Κυρίου
958 2783 1331 2855 διδασκαλίας,
1407 2790 1654 2851 sinuata,"
1710 2803 1873 2855 ‹,,);⁴..ς

273 2875 373 2949 γάρ
443 2872 500 2928 ἂν
562 2878 755 2947 ποιήσῃ
813 2875 926 2946 (71)
980 2878 1036 2926 τό
1096 2876 1292 2949 θέλημα
1357 2885 1446 2930 τοῦ
1505 2883 1709 2954 Πατρός
1770 2901 1871 2952 μου

271 2970 362 3013 τοῦ
493 2963 745 3037 ούρανοῐς,
792 2960 941 3026 οὗτος
987 2983 1088 3037 μου
1129 2971 1218 3018 καὶ
1264 2963 1485 3040 ἀδελφός
1533 2976 1622 3022 καί
1673 2965 1867 3044 ἀδελφὴ

282 3054 369 3103 καὶ
403 3055 474 3122 μή
484 3070 576 3126 τηρ
604 3050 763 3112 ἐστίν.

345 3142 394 3195 3.
440 3139 577 3195 Ἐπεὶ
624 3141 648 3194 ὅ
699 3160 758 3212 γε
803 3146 874 3214 μὴ
928 3145 986 3196 τό
1035 3142 1234 3215 θέλημα
1286 3151 1374 3195 τοῦ
1430 3152 1562 3197 Θεοῦ
1617 3148 1728 3218 (72)
1779 3145 1942 3224 tuac

272 3232 462 3294 παντὸς
523 3238 615 3282 τοῦ
665 3229 788 3305 βίου
835 3235 1028 3286 σκοπόν
1085 3235 1414 3308 προθέμενος,
1477 3237 1611 3288 ὥστε
1669 3244 1757 3289 καὶ
1823 3238 1870 3290 ἐν

270 3320 422 3391 ῦγείᾳ
470 3324 560 3372 τόν
607 3325 763 3378 κόπον
817 3328 907 3381 τῆς
954 3320 1161 3392 ἀγάπης
1210 3320 1304 3376 διὰ
1350 3333 1444 3386 τῆς
1487 3323 1726 3389 σπουδῆς
1773 3339 1873 3380 τῶν

271 3417 364 3460 τοῦ
419 3414 616 3483 Κυριου
681 3412 840 3488 ἔργων
912 3407 1294 3480 ἐνδείκνυσθαι,
1357 3419 1446 3466 καὶ
1503 3413 1550 3465 ἐν
1606 3413 1877 3492 ἀρρωστία

269 3503 450 3550 πᾶσαν
509 3499 771 3572 ὑπομονὴν
814 3506 904 3555 καὶ
950 3503 1316 3575 μακροθυμίαν
1373 3506 1503 3576 μετὰ
1553 3511 1731 3580 χαρᾶς
1771 3504 1877 3558 ἔπι-

273 3585 609 3655 δείκνυσθαι,
653 3585 893 3643 κίνδυνον
935 3593 1067 3662 ἔχει·
1108 3600 1311 3666 πρῶτον
1354 3595 1444 3665 μὶν
1476 3598 1564 3644 καὶ
1605 3597 1871 3666 μέγιστον,

268 3679 356 3731 ὅτι
384 3685 478 3730 τοῦ
529 3681 721 3752 Κύρίου
767 3676 1206 3756 ἀπηλλοτρίωται,
1238 3685 1328 3736 καὶ
1362 3689 1458 3743 τῆς
1503 3691 1603 3734 τῶν
1644 3681 1875 3757 ἀδελφῶν

268 3767 436 3820 αὐτοῦ
485 3764 722 3843 μερίδος,
757 3765 850 3820 διὰ
875 3773 932 3822 τὸ
971 3774 1042 3843 μὴ
1088 3779 1252 3824 ποιεῖν
1283 3774 1339 3826 τὸ
1373 3772 1570 3845 θέλημα
1602 3782 1691 3826 τοῦ
1720 3782 1874 3842 Θεοῦ,

265 3857 458 3911 ἑαυτὸν
508 3856 836 3930 ἀποσχίσας·
885 3855 1124 3934 δεύτερον
1157 3856 1237 3927 δε,
1279 3862 1358 3916 ὅτι
1388 3862 1610 3925 αναξίως
1638 3869 1876 3938 μετέχειν

265 3947 446 4020 τολμᾲ
486 3955 587 4000 τῶν
625 3953 734 4009 τοῖς
783 3945 950 4010 ἀξίοις
998 3949 1414 4024 ἡτοιμασμένων.
1475 3956 1658 4027 Διόπερ
1713 3952 1875 4026 ἀναγ-

260 4043 422 4090 καῖον
451 4041 540 4087 καὶ
583 4034 632 4088 ἐν
674 4039 841 4108 τούτῳ
873 4039 1171 4110 μεμνῆσθαι
1217 4047 1308 4090 τοῦ
1345 4037 1661 4100 Ἀποστόλου
1703 4042 1876 4094 εἰπόν-

259 4145 376 4186 τος’
466 4132 834 4199 Συνεργοῦντες
909 4123 967 4179 δὴ
1035 4133 1124 4179 καὶ
1196 4129 1595 4202 παρακαλοῦμεν
1659 4137 1731 4204 μὴ
1807 4133 1878 4196 εἰς

259 4219 418 4271 κενὸν
465 4219 560 4273 την
596 4217 760 4290 χάριν
803 4223 898 4269 τοῦ
945 4223 1079 4270 Θεοῦ
1121 4213 1378 4280 δέξασθαι
1421 4221 1576 4294 ὑμᾶς·
1630 4227 1719 4274 καὶ
1757 4227 1878 4286 τούς

261 4307 341 4368 εἰς
403 4309 561 4358 τόπον
602 4303 835 4378 ἀδελφῶν
891 4312 983 4358 τοῦ
1044 4312 1238 4384 Κυρίου
1290 4307 1570 4372 κληθέντας
1629 4315 1701 4383 μὴ
1743 4315 1878 4365 καθ-

261 4394 498 4470 υϐρίσαι
521 4399 608 4453 τὴν
639 4398 887 4453 τοιαύτην
913 4403 1005 4448 τοῦ
1037 4403 1170 4450 Θεοῦ
1199 4399 1382 4472 χάριν,
1411 4395 1551 4470 μηδὲ
1590 4398 1880 4476 προδοῦναι

1982 1891 2440 1960 negligenter".
2470 1889 2693 1944 Etenim
2725 1903 2848 1943 non
2893 1904 2923 1941 e
2953 1903 3141 1957 regno
3165 1887 3363 1944 solum
3393 1890 3638 1962 ejiciun-

1984 1978 2211 2049 tur,sed
2236 1977 2469 2034 Domini
2489 1978 2671 2034 etiam
2693 1980 3048 2049 exspectant
3068 1979 3424 2034 sententiam
3447 1979 3635 2054 illam,

1981 2086 2118 2143 qua:
2141 2068 2428 2125 adversus
2451 2067 2792 2122 istiusmodi
2812 2066 3090 2122 homines
3110 2065 3231 2123 lata
3261 2071 3373 2136 est,
3395 2068 3640 2128 horren-

1981 2159 2124 2220 dam
2142 2157 2389 2230 quidem
2407 2163 2462 2213 et
2488 2155 2816 2212 terribilem
2841 2172 2854 2210 :
2880 2155 3178 2212 Discedite
3198 2171 3233 2212 a
3251 2173 3363 2226 me,
3390 2161 3639 2216 maledi-

1983 2251 2082 2316 cti,
2115 2249 2177 2304 in
2224 2250 2412 2318 ignem
2443 2253 2754 2314 azternum,
2784 2245 2886 2318 qui
2914 2250 3170 2315 paratus
3199 2251 3282 2301 est
3304 2247 3543 2305 diabolo
3582 2255 3640 2308 et

1985 2338 2216 2408 augebis
2243 2339 2369 2406 ejus
2392 2336 2459 2388 ⁷⁸.
2497 2335 2669 2400 Quod
2695 2335 2744 2389 si
2773 2335 2812 2389 ii
2831 2334 2937 2406 qui
2969 2333 3029 2388 in
3049 2350 3261 2389 curam
3293 2339 3349 2390 et
3369 2336 3638 2395 ministe-

1983 2425 2139 2480 rium
2169 2422 2784 2480 ineumbuntluerum
2816 2427 3050 2478 tantum
3074 2439 3146 2477 ex
3177 2439 3290 2478 suo
3323 2423 3521 2482 studio
3552 2443 3640 2483 re-

1989 2516 2200 2583 ferunt,
2235 2520 2289 2576 et
2308 2514 2609 2586 judicium
2642 2519 2761 2569 tam
2793 2527 2974 2582 grave
2998 2529 3071 2567 ex
3098 2509 3466 2584 negligentia
3491 2532 3645 2588 pree-

1985 2605 2298 2678 stolantur,
2325 2603 2636 2677 quantaiis
2666 2603 2771 2676 qui
2795 2602 3177 2658 ministrandi
3199 2619 3424 2668 munus
3457 2605 3646 2663 susci-

1983 2697 2176 2770 piunt,
2209 2712 2365 2767 opus
2386 2700 2474 2752 est
2493 2691 2915 2762 sollicitudine,
2938 2696 3002 2748 ut
3024 2708 3085 2747 se
3107 2691 3366 2749 reddant
3395 2693 3637 2765 dignos,

1983 2787 2088 2868 qui
2134 2791 2419 2842 vocentur
2472 2783 2704 2840 Domini
2744 2782 3006 2838 fratres?
3050 2781 3111 2837 id
3152 2782 3320 2855 quod
3352 2785 3642 2841 Dominus

1983 2877 2178 2942 docet,
2207 2893 2344 2936 cum
2376 2873 2554 2930 dicit:
2615 2873 2966 2944 Quicunque
2998 2873 3154 2928 enim
3177 2873 3392 2943 fecerit
3425 2874 3637 2932 volun-

1983 2972 2165 3026 tatem
2190 2965 2394 3024 l’atris
2419 2964 2551 3028 mei,
2576 2966 2679 3032 qui
2708 2963 2768 3020 in
2800 2962 2964 3016 cretis
2989 2967 3095 3030 est,
3120 2960 3212 3017 hic
3230 2977 3391 3017 meus
3423 2969 3478 3020 et
3497 2965 3634 3036 fra-

1983 3059 2073 3110 ter
2103 3059 2156 3110 et
2187 3069 2360 3110 soror
2391 3056 2444 3106 et
2479 3057 2671 3106 mater
2701 3055 2781 3106 est
2809 3051 2880 3103 το.

2055 3148 2105 3202 3,
2159 3139 2439 3212 Quisquis
2489 3138 2651 3196 enim
2714 3138 2811 3193 Dei
2862 3137 3234 3192 Voluntatem
3289 3155 3393 3210 per
3448 3144 3635 3198 totam

1985 3249 2162 3291 suam
2194 3231 2379 3286 vitam
2412 3245 2664 3300 scopum
2698 3227 2810 3282 sibi
2844 3243 2962 3281 non
2997 3228 3330 3300 proposuit,
3366 3229 3449 3284 sic
3487 3235 3547 3286 ut
3589 3238 3646 3288 et

1982 3322 2042 3378 in
2077 3321 2328 3380 sanitate
2363 3336 2467 3390 per
2498 3317 2767 3372 studium
2800 3333 3050 3389 eperuin
3101 3317 3335 3372 Domini
3369 3318 3646 3377 ostendat

1987 3411 2320 3472 dilectionis
2350 3407 2644 3473 laborem,
2677 3413 2734 3461 et
2774 3407 2834 3460 in
2881 3406 3228 3462 infirmitate
3264 3406 3643 3466 tolerantiam

1986 3517 2231 3570 omnem
2255 3504 2435 3569 atque
2454 3497 2756 3552 lenitatem
2787 3513 2922 3550 eum
2948 3495 3173 3564 gaudio
3191 3505 3648 3568 commonstret,

1987 3593 2036 3646 is
2070 3592 2128 3646 in
2166 3587 2428 3662 periculo
2464 3592 2752 3640 Versatur.
2793 3586 3053 3640 Primum
3085 3585 3332 3655 quidem
3362 3593 3417 3641 et
3449 3591 3646 3644 maxi—

1987 3698 2154 3738 mum
2179 3685 2288 3744 est,
2322 3675 2488 3749 quod
2511 3693 2545 3732 a
2580 3675 2832 3730 Domino
2856 3681 2910 3729 et
2943 3691 2976 3730 a
3008 3675 3260 3729 fratrum
3289 3676 3472 3752 ipsius
3505 3695 3648 3734 eon-

1987 3770 2168 3828 sortio
2201 3768 2274 3824 sit
2302 3765 2695 3822 abalienatus.
2733 3764 3028 3836 quoniam
3062 3765 3369 3834 separavit
3399 3782 3463 3820 se
3494 3765 3646 3840 ipse,

1989 3878 2126 3916 cum
2165 3858 2260 3914 Dei
2307 3855 2677 3911 voluntatem
2729 3871 2849 3908 non
2899 3854 3029 3908 fecit
3065 3870 3075 3906 :
3111 3852 3447 3909 secundum
3483 3872 3645 3926 vero,

1985 3949 2152 4024 quod
2174 3948 2356 4004 audet
2386 3944 2629 4013 indigne
2662 3944 2965 4016 particeps
3003 3941 3126 3996 fieri
3157 3958 3366 3997 eorum
3399 3961 3534 4016 quae
3566 3946 3652 4003 di-

1988 4039 2123 4111 gnis
2155 4043 2372 4112 parata
2405 4041 2562 4090 sunt.
2590 4035 2976 4104 Quapropter
3005 4030 3271 4086 etiamin
3303 4032 3417 4104 hoc
3451 4051 3650 4107 operae

1993 4130 2246 4203 pretium
2279 4133 2369 4183 est
2401 4123 2754 4182 meminisse
2787 4120 3076 4196 Apostoli,
3111 4121 3215 4193 qui
3250 4121 3396 4178 dixit
3422 4140 3434 4178 :
3462 4127 3653 4196 Adju-

1988 4224 2191 4277 vantes
2213 4223 2412 4274 autem
2436 4216 2612 4272 etiam
2636 4215 3132 4284 exhortamurnte
3151 4219 3210 4272 in
3241 4231 3494 4271 vacuum
3517 4232 3657 4287 gra-

1991 4313 2138 4368 tiam
2165 4309 2275 4368 Dei
2290 4306 2657 4375 recipiatistm
2689 4321 2701 4359 :
2729 4310 2786 4362 et
2810 4306 3099 4376 jubemus
3122 4325 3225 4364 eos
3249 4307 3350 4381 qui
3372 4309 3430 4362 in
3451 4306 3654 4362 locum

1991 4403 2242 4460 fratrum
2294 4395 2527 4452 Domini
2579 4395 2774 4450 vocati
2823 4404 2981 4468 sunt,
3037 4397 3217 4454 talem
3273 4400 3369 4453 Dei
3397 4397 3656 4469 gratiam

261 4490 330 4539 τὸ
367 4492 622 4537 τοσοῦτον
667 4483 872 4558 ἀξίωμα
919 4482 1013 4537 διὰ
1056 4494 1152 4548 τῆς
1193 4485 1430 4559 ἀμελείας
1476 4497 1574 4540 τῶν
1614 4498 1706 4542 τοῦ
1745 4499 1875 4545 Θεοῦ

1994 4487 2361 4547 contumelia
2395 4501 2516 4540 non
2548 4484 3011 4556 afﬁcere,neqne
3044 4487 3398 4555 dignitatem
3429 4492 3656 4542 tantam

267 4574 609 4648 θελημάτων,
669 4575 972 4629 ὑπακοῦσαι
1018 4572 1076 4629 δε
1136 4575 1326 4648 μᾶλλον
1382 4585 1455 4648 τῷ
1507 4577 1648 4650 αύτῲ
1716 4581 1878 4636 Ἀπο-

266 4665 458 4736 στόλῳ
507 4663 729 4737 λέγοντι.
795 4665 1088 4744 Παρακαλῶ
1137 4665 1272 4738 ὑμᾶς
1323 4663 1423 4738 ἐγὼ
1479 4668 1504 4719 ὁ
1564 4665 1778 4743 δέσμιος
1835 4671 1884 4724 ἐν

267 4756 486 4830 κυρίῳ,
539 4752 695 4817 ἀξίως
745 4763 1107 4828 περιπατῆσαι
1151 4763 1249 4820 τῆς
1302 4754 1560 4824 κλήσεως,
1617 4755 1678 4822 ἧς
1730 4758 1887 4821 bona-

268 4847 434 4903 θητε.

347 4987 407 5060 1f
440 4985 642 5060 Matth.
671 5001 814 5054 xxv,
847 4989 936 5059 34,
968 4989 1061 5044 ιο.
1134 4986 1179 5024 ⁷⁷
1221 4989 1439 5045 larem.
1471 5005 1673 5060 nvm,
1710 4998 1793 5051 to.

265 5059 321 5097 ³⁸
363 5057 594 5130 Ephcs.
624 5072 700 5130 ιγ,
748 5062 802 5113 1.

347 5183 475 5262 (Q9)
511 5185 652 5262 Reg.
680 5181 916 5254 primus
947 5182 1020 5262 ιίς
1040 5185 1178 5262 ’τοῦς
1216 5182 1289 5246 εἰς
1310 5183 1898 5262 Δαύτὸνλίινακείμένους.

270 5253 532 5336 Ibidem
562 5253 736 5336 idem
765 5269 914 5336 mss.
943 5260 1004 5336 et
1029 5254 1194 5336 qub.
1238 5253 1895 5336 mi‘ﬁadtlsiasobpavéw

270 5326 654 5408 κληρονομεῖν,
687 5325 1053 5408 ete._Codex
1092 5328 1256 5408 Yoss.
1314 5325 1386 5388 εἰς
1430 5327 1587 5381 αὐτὸν
1633 5325 1900 5408 ἀνακειμέ-

272 5396 491 5458 νους...
520 5396 859 5471 κληρονομεῖν
889 5396 1330 5469 ἐπαγγειλαμένῳ.

363 5472 492 5541 (70)
524 5468 673 5525 Editi
705 5468 833 5522 ἀλλά
878 5475 968 5521 καὶ
1000 5468 1095 5522 τοῦ
1130 5473 1326 5541 Κυρίου
1355 5475 1464 5528 τήν.
1499 5476 1568 5526 At
1597 5491 1742 5530 mss.
1775 5476 1900 5532 duo

279 5548 360 5598 ut
397 5540 466 5594 in
494 5548 799 5598 contextu.

361 5613 490 5682 (71)
521 5613 763 5686 Antiqui
801 5613 927 5670 duo
976 5611 1114 5668 libri
1161 5613 1306 5673 ὅστις
1343 5618 1569 5672 ποιήσει.
1611 5619 1738 5675 Mox
1781 5619 1904 5676 duo

704 5703 953 5759 PATROL.
988 5703 1088 5757 Gn.
1121 5703 1298 5758 XXXI.

1874 4998 1919 5032 ⁷⁸
1969 4993 2171 5052 Matth.
2204 5005 2342 5056 xxv,
2370 4987 2463 5041 41.

1995 4579 2267 4642 amittere
2297 4576 2377 4632 ob
2407 4574 2744 4644 neglectam
2774 4575 2873 4629 Dei
2904 4575 3300 4643 voluntatem,
3331 4576 3435 4630 sed
3459 4576 3658 4646 potius

1997 4671 2420 4740 obtemperare
2442 4665 2638 4720 eidem
2664 4664 2976 4736 Apostolo,
3001 4665 3222 4721 dicenti
3250 4682 3262 4718 :
3290 4665 3656 4743 Obsecrevos

1999 4776 2105 4832 ego
2145 4759 2378 4816 vinctus
2425 4756 2489 4810 in
2519 4755 2774 4809 Domino
2808 4759 2868 4808 ut
2913 4754 3093 4826 digne
3124 4754 3442 4814 ambuletis
3483 4769 3658 4810 voca-

2005 4855 2186 4917 tione,
2215 4861 2335 4918 qua
2367 4846 2565 4900 vocati
2585 4844 2722 4898 estis
2741 4843 2810 4898 δι.

2539 4986 2586 5020 ⁷³
2621 4983 2824 5041 Matth.
2859 5000 2951 5054 xu,
2995 4988 3082 5040 50.
3161 4986 3208 5019 ⁸ο
3239 4988 3278 5039 ll
3320 4987 3452 5041 Cor.
3486 5000 3566 5053 vr,
3616 4989 3662 5040 ί.

2015 5205 2158 5246 mss.
2194 5181 2344 5245 οὗτός
2375 5179 2714 5255 μου.Ει1Πὶο
2741 5179 2922 5255 Puris.
2948 5180 3089 5251 ἐμοῦ,

2079 5263 2196 5327 (72)
2238 5249 2397 5327 Reg;
2430 5253 2667 5327 prtinus
2709 5256 2764 5306 et
2816 5249 2978 5327 voss;
3024 5257 3090 5327 _et
3123 5249 3289 5304 Coll).
3341 5250 3537 5327 (θέλημα
3577 5259 3667 5327 τοῦ

2012 5320 2229 5403 Κυρίου.
2275 5320 2767 5403 ιΗὶιίῥωροιΙωχ,
2794 5322 2981 5403 Colb.‘
3012 5320 3359 5403 διαπαντός,
3576 5320 3670 5403 διά

2009 5392 2220 5459 aberat
2250 5415 2285 5452 a
2316 5395 2599 5463 vulgatis.
2630 5395 2833 5449 Statim
2873 5392 3063 5448 codex
3099 5395 3259 5448 Voss.
3302 5402 3358 5448 et
3391 5394 3556 5450 Coll).
3585 5398 3670 5446 τὸν

2015 5477 2208 5525 σκοπὸν
2257 5476 2372 5530 τῆς.
2420 5467 2528 5521 Alli
2573 5484 2722 5520 mss.
2775 5471 2832 5519 et
2888 5463 3030 5518 editi
3082 5469 3166 5516 τὸν
3206 5471 3384 5518 κόπον.
3435 5470 3548 5520 Nec
3593 5468 3674 5521 ita.

2016 5544 2204 5601 multo
2245 5545 2381 5612 post
2412 5543 2550 5606 [ἷκε.
2606 5539 2836 5607 primus
2871 5542 3063 5608 Κυρίου
3094 5539 3253 5607 ἔργων
3295 5534 3452 5595 δήλων
3486 5547 3668 5590 ποιεῖν.

3209 5702 3274 5750 32
