4110 6400
440 305 581 362 1003

875 427 1395 486 INTERROGATIO
1436 427 1650 484 XXXV.
1711 453 1716 458 -

433 538 533 596 An
561 539 627 596 in
657 537 856 596 eodem
884 552 1043 609 pago
1073 538 1346 593 construi
1375 536 1696 594 conveniat
1720 536 1934 606 plures
1955 536 2092 606 fra-

998 635 1162 685 trum
1183 633 1528 684 conventus.

1049 734 1475 792 RESPONSIO.

510 851 558 904 l.
600 849 766 904 Hanc
795 843 975 902 nobis
999 843 1402 918 quaestionem
1442 840 1859 899 membrorum
1889 856 2094 898 exem-

432 937 626 1009 plum,
652 935 819 1008 quod
847 935 926 990 ad
956 934 1178 990 multas
1211 947 1303 990 res
1333 948 1730 1005 usurpamus,
1762 930 2092 988 commode

431 1026 735 1100 explanat.
768 1024 1069 1092 Quoniam
1099 1023 1278 1094 igitur
1309 1022 1587 1095 superius
1627 1026 1938 1078 ostensum
1978 1027 2087 1091 est,

433 1115 691 1190 corpori,
723 1114 888 1190 quod
911 1115 988 1170 ad
1015 1129 1259 1168 omnem
1291 1111 1589 1168 actionem
1618 1111 1867 1183 pulchre
1887 1127 1958 1166 ac
1979 1109 2089 1165 rite

431 1211 644 1278 aptum
675 1205 945 1260 futurum
977 1203 1052 1258 sit
1081 1207 1137 1258 et
1163 1201 1722 1267 accommodatum,
1763 1216 1920 1273 opus
1957 1215 2088 1255 esse

430 1295 642 1362 oculis,
671 1298 728 1350 et
757 1293 986 1363 lingua,
1020 1297 1076 1347 et
1105 1291 1372 1364 reliquis,
1403 1306 1785 1363 quaecunque
1814 1305 2088 1346 necessa-

426 1384 519 1441 ria
550 1387 688 1440 sunt
716 1387 773 1438 et
798 1381 1130 1455 potissima,
1154 1379 1397 1436 difﬁcile
1421 1395 1588 1447 sane,
1612 1395 1723 1435 nec
1745 1379 1872 1435 sine
1895 1379 2086 1434 multo

426 1473 668 1543 negotio
695 1472 1001 1528 invenitur
1031 1471 1236 1527 anima
1257 1487 1392 1543 quae
1421 1469 1684 1542 plurium
1715 1469 1927 1525 oculus
1948 1485 2086 1526 esse

426 1563 641 1637 possit.
663 1561 896 1618 Etenim
926 1560 973 1615 si
997 1560 1247 1616 fratrum
1267 1559 1622 1631 praefectum
1639 1557 1972 1630 disciplinae
1994 1573 2088 1614 ra-

425 1653 508 1709 tio
538 1650 799 1726 postulet
823 1655 880 1707 et
911 1649 1260 1722 providum,
1292 1652 1349 1705 et
1373 1648 1666 1722 loquendi
1706 1647 1988 1721 peritum,
2029 1651 2087 1704 et

424 1741 722 1810 sobrium,
763 1746 820 1796 et
869 1739 1345 1808 misericordem,
1384 1743 1442 1794 et
1488 1739 1549 1794 in
1597 1737 1864 1812 perfecto
1903 1738 2086 1794 corde

415 1831 877 1904 justilicationes
911 1830 1010 1886 Dei
1036 1829 1468 1902 requirentem,
1493 1829 1671 1900 379
1695 1828 1821 1901 qui,
1849 1844 2084 1901 quasso,

422 1921 555 1977 ﬁeri
585 1924 804 1994 potest,
839 1924 905 1975 ut
942 1917 1302 1988 huiusmodi
1348 1917 1553 1990 plures
1578 1917 1639 1972 in
1671 1916 1887 1974 eodem
1925 1933 2086 1990 pago

422 2009 852 2083 reperiantur?
884 2008 1057 2074 Quod
1088 2008 1138 2063 si
1169 2012 1371 2064 tamen
1403 2006 1901 2064 adinvenirentur
1937 2007 2088 2064 forte

423 2099 757 2173 aliquando
778 2097 902 2154 duo
929 2103 1033 2153 aut
1055 2095 1366 2170 tres,quod
1383 2096 1635 2170 quidem
1657 2111 1782 2153 non
1805 2101 1894 2153 est
1912 2096 2087 2153 facile

420 2189 603 2256 factu,
626 2204 737 2245 nec
755 2203 1028 2261 unquam
1049 2186 1274 2242 factum
1291 2185 1713 2256 cognovimus,
1736 2185 1915 2256 longe
1937 2201 2084 2259 prte-

419 2277 694 2334 stabilius
736 2281 844 2342 est,
878 2275 926 2330 si
955 2274 1016 2330 hi
1063 2273 1219 2330 inter
1249 2290 1313 2330 se
1345 2290 1555 2330 curam
1586 2273 2085 2332 sollicitudinem-

417 2383 536 2440 que
553 2365 913 2440 partiantur,
939 2363 1208 2437 alterque
1226 2363 1472 2420 alterius
1491 2362 1763 2420 laborem
1787 2362 2081 2433 sublevet,

417 2453 697 2511 videlicet
723 2459 784 2509 ut
815 2468 1065 2526 peregre
1116 2452 1384 2526 profecto
1438 2452 1646 2518 altero,
1683 2457 1786 2509 aut
1815 2468 2085 2526 occupa-

418 2544 579 2600 tione
611 2542 818 2615 aliqua
839 2542 1122 2608 distento,
1147 2546 1250 2597 aut
1275 2540 1408 2596 aliis
1433 2541 1808 2614 quibusdam
1833 2543 2082 2600 casibus

419 2632 734 2706 impedito,
769 2629 1294 2705 quemadmodum
1327 2648 1445 2686 usu
1475 2631 1653 2699 venit,
1681 2636 1747 2687 ut
1783 2648 1946 2688 unus
1976 2632 2081 2689 ali-

415 2722 552 2796 quis
584 2722 951 2795 praepositus
993 2719 1240 2776 secedat
1276 2735 1724 2794 nonnunquam
1755 2737 1793 2777 a
1824 2721 2082 2779 fratrum

416 2816 737 2882 conventu,
772 2814 994 2882 praesto
1027 2809 1106 2864 sit
1147 2807 1338 2880 aliter,
1384 2808 1490 2881 qui
1529 2808 1603 2864 de
1634 2807 1766 2880 ejus
1804 2809 2083 2869 absentia

413 2900 582 2974 ipsos
610 2899 990 2968 consoletur;
1025 2902 1129 2954 aut
1160 2898 1208 2954 si
1233 2915 1328 2953 res
1357 2914 1482 2953 non
1513 2898 1595 2954 ita
1624 2914 1685 2955 se
1713 2899 1958 2969 habeat,
2001 2899 2080 2956 ad

413 2995 780 3046 conventum
811 2989 998 3045 alium
1032 3005 1097 3044 se
1137 2987 1430 3059 conferat,
1457 2989 1553 3043 cui
1583 3003 1740 3062 opus
1767 2989 1842 3046 sit
1865 2990 2079 3047 mode-

411 3086 630 3137 ratore.
659 3085 851 3152 Atque
872 3078 1055 3135 etiam
1075 3079 1155 3134 ad
1171 3094 1431 3151 scopum
1453 3094 1636 3151 quem
1660 3078 1840 3135 nobis
1861 3096 2080 3154 propo-

409 3169 935 3240 suimus,multum
957 3168 1135 3224 nobis
1162 3168 1452 3240 prodesse
1473 3172 1672 3241 potest
1688 3174 2077 3228 externorum

409 3260 792 3330 negotiorum
813 3258 1205 3330 experientia.
1231 3257 1763 3323 Quemadmodum
1780 3259 1963 3328 igitur
1983 3276 2077 3317 ar-

409 3349 558 3406 tium
571 3348 990 3406 communium
1005 3347 1465 3420 peritiinvident
1478 3348 1701 3404 artium
1717 3350 2074 3408 earumdem

409 3438 661 3506 aemulis,
690 3438 822 3512 ipsa
850 3454 912 3493 re
939 3437 1193 3493 latenter
1223 3435 1678 3494 aemulationem
1706 3438 1889 3510 vulgo
1909 3440 2074 3511 inge-

407 3533 659 3584 nerante
679 3544 701 3585 .'
730 3528 813 3583 ita
834 3527 1016 3583 etiam
1047 3526 1164 3582 hoc
1185 3531 1246 3583 ut
1267 3526 1598 3599 plurimum
1628 3527 1846 3585 accidit
1873 3529 1934 3585 in
1955 3531 2073 3587 hac

404 3618 543 3674 vita.
579 3618 750 3674 Initio
781 3617 945 3673 enim
975 3616 1052 3673 de
1078 3617 1295 3672 virtute
1320 3616 1782 3689 contendentes,
1815 3619 2068 3676 studen-

405 3713 617 3781 tesque
649 3723 936 3781 superare
985 3723 1048 3762 se
1095 3705 1379 3770 invicem,
1432 3706 1557 3763 sive
1610 3707 1670 3764 in
1705 3707 2068 3781 recipiendis

401 3797 764 3871 hospitibus,
791 3796 916 3853 sive
938 3795 1000 3852 in
1020 3795 1305 3866 augendo
1324 3797 1769 3854 monachorum
1786 3813 2062 3867 numero,

400 3888 524 3944 sive
548 3889 608 3944 in
639 3887 773 3944 aliis
805 3885 1181 3959 quibusdam
1205 3886 1510 3955 ejusmodi
1532 3887 1817 3959 operibus
1846 3887 2068 3946 facien-

399 3977 515 4050 dis,
551 3983 678 4034 tum
703 3975 952 4032 demum
993 3974 1445 4048 progrediendo
1493 3976 1554 4031 in
1595 3977 1757 4034 rixas
1788 3983 1845 4034 et
1859 3978 2065 4050 jurgia

397 4066 784 4124 delabuntur.
834 4065 1059 4120 Deinde
1092 4065 1408 4135 contingit,
1441 4071 1507 4122 ut
1535 4083 1785 4138 peregre
1815 4069 2062 4141 quidem

395 4155 860 4214 advenientibus
887 4153 1178 4210 fratribus
1209 4153 1526 4212 oboriatur
1545 4155 1840 4214 dubitatio
1871 4159 2063 4218 multa

393 4244 919 4318 ditﬁcultasque,ej
933 4261 998 4299 us
1018 4260 1205 4316 quam
1233 4245 1672 4317 exspectabant
1689 4248 1917 4320 requiei
1933 4250 2060 4307 vice

390 4351 462 4392 ac
481 4333 637 4400 loco,
665 4333 815 4389 dum
861 4332 1084 4388 scilicet
1131 4332 1218 4388 ita
1265 4332 1474 4388 animo
1522 4334 1960 4407 distrahuntur,
1994 4345 2059 4397 ut

387 4423 660 4480 nesciant
679 4423 756 4480 ad
780 4429 945 4478 utros
969 4421 1258 4478 accedere
1281 4427 1575 4495 oporteat,
1597 4426 1846 4497 quando
1867 4428 2055 4486 ethos

1813 302 1869 356 S.
1912 299 2163 357 BASlLll
2200 301 2419 358 MAGNI

3671 309 3811 364 1004

2779 435 3093 486 ΕΡΩΤΗΣῙΣ
3123 430 3242 486 ΛΗ.

2208 535 2269 589 Εἰ
2326 541 2436 611 χρὴ
2497 536 2545 590 έν
2603 546 2664 611 τῇ
2735 539 2864 612 αὐτῇ
2921 545 3070 613 κώμη
3139 539 3374 602 πλείονας
3447 537 3806 614 ἀδελφότητας

2795 631 3225 703 συγκροτήσθαι.

2823 743 3196 792 ΑΠΟΚΡΙΣΙΣ.

2272 843 2328 900 1.
2371 845 2441 895 Τὸ
2484 839 2786 918 ὑπόδειγμα
2840 853 2941 897 τῶν
2983 845 3146 919 μελῶν
3186 844 3269 899 έπὶ
3325 845 3490 898 πολλά
3543 844 3806 920 ἀγομένων

2202 937 2489 1006 χρησίμως
2535 935 2660 1006 ἡμῖν
2718 931 2966 1009 διαρθροί
3010 939 3068 988 τό
3109 940 3460 1010 προκείμενον.
3517 936 3659 989 Ἐπεὶ
3711 933 3802 988 οὖν

2203 1017 2392 1084 ἔδειξεν
2440 1023 2466 1073 ὁ
2509 1022 2680 1095 λόγος,
2727 1026 2808 1076 ὃτι
2855 1032 2926 1094 τῷ
2970 1025 3204 1098 μᾶλοντι
3253 1031 3458 1099 σώματι
3505 1025 3674 1088 καλῶς
3713 1031 3807 1078 καὶ

2200 1112 2336 1162 κατά
2381 1110 2532 1182 λόγον
2569 1115 2694 1185 πρὸς
2732 1119 2906 1164 πᾶσαν
2945 1111 3197 1188 ἐνέργειαν
3239 1117 3604 1190 συνηρμόσθαι
3641 1119 3807 1188 χρεία

2199 1199 2493 1273 ὀφθαλμῶν,
2541 1206 2631 1253 καὶ
2674 1201 2887 1274 γλώσσῃ
2903 1222 2940 1268 ς,
2974 1207 3066 1254 καὶ
3094 1210 3195 1255 τῶν
3236 1203 3448 1271 λοιπῶν,
3492 1205 3594 1256 ὅσα
3632 1203 3803 1276 ἀναγ-

2198 1297 2324 1342 καῖα
2362 1296 2450 1342 καὶ
2480 1297 2797 1366 κυριώτατα,
2825 1291 3057 1363 χαλεπὸν
3089 1289 3148 1346 δὲ
3178 1297 3268 1345 καὶ
3301 1290 3612 1368 δυσεύρετον
3641 1293 3800 1367 ψυχὴ

2199 1375 2458 1452 δυναμένη
2510 1388 2640 1433 εἰναι
2683 1381 2944 1454 ὀφθαλμὸς
2980 1381 3224 1434 πλειόνων
3271 1384 3404 1454 (73).
3455 1383 3514 1436 Εἰ
3559 1385 3660 1457 γὰρ
3707 1389 3800 1436 καὶ

2196 1473 2562 1544 προορατικόν,
2617 1475 2706 1522 καὶ
2755 1469 2802 1522 έν
2841 1470 2977 1543 λόγῳ
3025 1475 3082 1523 τὸ
3133 1471 3383 1547 αὔταρκες
3435 1475 3648 1545 ἔχοντα,
3709 1479 3800 1526 καὶ

2195 1558 2464 1629 νηφαλέον,
2513 1564 2603 1613 καὶ
2665 1559 3049 1632 εὖσπλαγχνον,
3113 1565 3204 1614 καὶ
3265 1559 3312 1613 έν
3369 1560 3538 1635 τελεία
3601 1560 3802 1638 καρδία

2129 428 2178 482 Α

2197 1646 2518 1710 έκξητοῦντα
2552 1651 2615 1702 τὰ
2665 1645 3002 1722 δικαιώματα
3039 1657 3132 1702 τοῦ
3172 1657 3326 1716 Θεοῦ,
3373 1655 3460 1704 τὸν
3490 1659 3800 1725 προεστῶτα

2116 1783 2157 1838 Β
2197 1746 2287 1799 τῆς
2335 1736 2682 1811 ἀδελφότητος
2735 1738 2974 1800 ἐπιζητεῖ
3023 1741 3054 1798 ἠ
3107 1737 3365 1815 ἀκρίϐεια,
3415 1750 3520 1802 πῶς
3574 1737 3798 1795 δυνατὸν

2197 1828 2246 1881 έν
2294 1837 2356 1900 τῇ
2419 1829 2549 1901 αύτῇ
2611 1834 2758 1902 κώμῃ
2812 1831 3059 1882 τοιούτων
3097 1829 3342 1882 πλειόνων
3374 1829 3692 1903 ἐπιτυχεῖν;
3740 1831 3801 1885 Εἰ

2199 1915 2259 1970 δὲ
2287 1923 2376 1970 καὶ
2417 1917 2652 1991 συμϐαίη
2683 1919 2805 1970 ποτὲ
2837 1917 3106 1991 εὑρεθῆναι
3138 1916 3236 1972 δύο
3269 1919 3298 1978 ἣ
3338 1928 3497 1994 τρεῖς,
3538 1921 3660 1995 ὅπερ
3706 1921 3800 1974 ούκ

2198 2007 2402 2060 εὔκολον
2457 2004 2581 2060 οὐδε
2636 2010 2856 2080 ἔγνωμέν
2913 2027 3058 2060 ποτε·
3126 2007 3296 2080 πολλῷ
3363 2007 3567 2082 βᾶτιον
3619 2030 3798 2064 κοινω-

2195 2103 2294 2149 νεῖν
2343 2095 2582 2156 ἀλλήλοις
2627 2102 2720 2148 τοῦ
2767 2100 3150 2171 φροντίσματος
3195 2099 3412 2161 τούτους
3450 2103 3540 2152 καὶ
3583 2097 3798 2153 έπικου-

2196 2187 2362 2258 φίζειν
2409 2190 2496 2238 τὸν
2547 2189 2720 2238 πόνον·
2767 2188 2836 2248 ὡς
2881 2185 2930 2239 έν
2977 2195 3040 2260 τῇ
3091 2195 3183 2240 τοῦ
3223 2187 3379 2240 ὁῦιλου
3423 2186 3721 2264 ἀποδημίᾳ,
3762 2192 3793 2251 ἣ

2197 2274 2448 2349 ἀσχολία,
2495 2275 2524 2335 ἦ
2573 2275 2623 2328 έν
2673 2275 2852 2338 ἄλλαις
2886 2281 2998 2330 τισὶ
3045 2279 3411 2352 περιστάσεσι,
3461 2281 3634 2341 καθὼς
3684 2281 3797 2352 (74)

2193 2369 2528 2443 χωρίζεσθαι
2581 2366 2855 2441 συμϐαίνει
2909 2374 3000 2427 τῆς
3048 2365 3394 2440 ἀδελφότητος
3445 2374 3532 2422 τὸν
3571 2372 3658 2423 ἕνα
3709 2376 3795 2424 τὸν

2194 2467 2520 2533 προεστῶτα,
2586 2459 2714 2510 εἶναι
2769 2461 2856 2510 τὸν
2924 2459 3092 2532 ἕτερον
3159 2465 3229 2520 εἰς
3294 2461 3633 2534 παραμυθίαν
3697 2470 3793 2526 τῆς

2195 2547 2524 2621 ἀπολείψεως
2574 2553 2602 2609 ἤ
2644 2549 2686 2602 εἰ
2731 2553 2804 2622 μὴ
2845 2557 3018 2617 τοῦτο,
3066 2547 3274 2602 ἀπιέναι
3319 2551 3390 2614 εἰς
3437 2551 3595 2611 ἄλλην
3635 2549 3793 2607 ἀδελ-

2193 2644 2394 2712 φότῆτα
2442 2636 2689 2712 δεομένην
2734 2647 2825 2691 τοῦ
2883 2635 3261 2710 ὁδηγήσοντος.
3305 2640 3476 2694 Πολλὰ
3518 2638 3578 2694 δὲ
3623 2646 3712 2694 καὶ
3757 2645 3786 2701 ἡ

2189 2738 2290 2781 τῶν
2338 2729 2518 2791 ἔξωθεν
2583 2731 2906 2802 πραγμάτων
2973 2736 3128 2801 πεῖρα
3183 2728 3256 2792 εἰς
3316 2733 3401 2782 τόν
3456 2736 3784 2804 προκείμενον

2191 2821 2386 2870 σκοπὸν
2596 2817 2801 2890 ὠφελεῖν
2845 2819 2986 2891 ἡμᾶς
3034 2813 3274 2870 δύναται.
3323 2819 3408 2882 Ὠς
3455 2815 3542 2871 οὖν
3593 2825 3684 2872 καὶ
3733 2822 3783 2873 οἱ

2187 2915 2290 2958 τῶν
2336 2915 2518 2958 κοινῶν
2558 2915 2756 2977 τεχνῶν
2800 2907 3037 2979 ἔμπειροι
3081 2905 3384 2972 ζηλοτύπως
3432 2910 3621 2980 ἔχουσι
3658 2911 3788 2982 πρὸς

2187 3000 2306 3058 τοὺς
2351 2994 2703 3068 ἀντιτεχνονς,
2738 2994 2898 3048 αὐτοῦ
2924 3002 3014 3048 τοῦ
3044 2997 3370 3071 πράγματος,
3412 2997 3547 3047 κατὰ
3577 2998 3635 3047 τὸ
3663 2994 3790 3048 λαν-

2189 3087 2358 3154 θάνον,
2409 3087 2499 3147 τὰς
2538 3085 2847 3158 φιλονεικίας
2889 3084 3116 3158 ἐμποιεῖν
3163 3088 3469 3158 πεφυκότοςι
3513 3084 3646 3138 οὕτω
3699 3090 3788 3138 καὶ

2107 3146 2149 3203 C'
2186 3175 2272 3228 ἐπὶ
2302 3184 2399 3239 τῆς
2436 3179 2680 3236 τοιαύτης
2721 3175 2826 3236 ζωῇ
2841 3195 2879 3242 ς,
2915 3177 2984 3236 ὡς
3027 3177 3091 3227 τὰ
3128 3174 3312 3242 πολλὰ,
3358 3174 3632 3248 συμϐαίνει
3660 3179 3790 3248 γίνε-

2187 3268 2331 3320 σθαι.
2382 3265 2694 3339 Ἀρχόμενοι
2742 3263 2845 3338 γὰρ
2889 3262 2991 3318 ἀπὸ
3033 3272 3124 3317 τοῦ
3177 3261 3565 3338 διαμιλλᾶσθαι
3615 3265 3686 3326 εἰς
3732 3269 3789 3319 τὸ

2183 3356 2339 3409 καλὸν
2393 3361 2480 3409 καὶ
2535 3352 2859 3416 σπουδάζειν
2903 3353 3152 3416 ἀλλήλους
3208 3353 3592 3430 ὑπερϐαλέσθαι
3655 3355 3787 3428 (76),

2181 3448 2211 3506 ἦ
2269 3446 2317 3500 έν
2356 3453 2466 3507 ταῖς
2505 3442 2857 3519 ξενοδοχίαις,
2911 3445 2940 3504 ἦ
2985 3444 3033 3497 ἐν
3073 3452 3134 3518 τῇ
3171 3444 3390 3508 αὐξήσει
3429 3452 3520 3498 τοῦ
3562 3444 3787 3521 ἀριθμοῦ

2179 3545 2280 3588 τῶν
2329 3539 2780 3609 συνασκουμένων,
2827 3536 2856 3594 ἦ
2915 3533 2963 3586 ἐν
3011 3533 3188 3597 ἄλλοις
3233 3539 3347 3587 τισὶ
3394 3537 3652 3596 τοιούτοις
3693 3537 3785 3611 ἔρ-

2177 3646 2307 3698 γοις,
2349 3630 2614 3700 προϊόντες
2669 3625 2741 3687 εἰς
2789 3623 3013 3700 ἐριθείας
3071 3623 3432 3678 ἐκπίπτουσιν.
3490 3620 3619 3677 Εἶτα
3674 3632 3785 3686 τοῖς

2175 3719 2266 3788 μὲν
2332 3711 2658 3788 ἐπιδημοῦσι
2730 3721 2828 3765 τῶν
2905 3708 3138 3786 ἀδελφῶν
3215 3711 3399 3771 πολλὴν
3471 3709 3783 3785 ἀμφιϐολίαν

2177 3803 2478 3878 συμϐαίνειν
2507 3805 2748 3875 γίνεσθαι
2777 3805 2869 3854 καὶ
2921 3798 3206 3855 δυσκολίαν
3257 3800 3370 3854 ἀντὶ
3415 3800 3778 3871 ἀναπαύσεως,

2173 3895 2531 3969 μεριζομένοις
2558 3897 2646 3946 τὸν
2675 3893 2946 3966 λογισμὸν,
2986 3895 3117 3967 πρὸς
3164 3895 3310 3954 τίνας
3347 3896 3456 3966 χρὴ
3490 3894 3784 3966 καταχθῆ-

2171 4004 2275 4036 ναι·
2327 3986 2357 4044 ἦ
2405 4003 2458 4037 τε
2501 3985 2604 4058 γὰρ
2662 3986 2986 4056 προτίμησις
3032 3980 3263 4056 λυπηρὰ,
3316 3987 3406 4034 καὶ
3451 3985 3508 4035 τὸ
3562 3980 3784 4056 ἀμφοτέ-

2170 4093 2293 4151 ρους
2332 4074 2631 4149 πληροφορῆ
2646 4091 2734 4124 σαι
2775 4067 3053 4137 ἀδύνατον,
3087 4076 3177 4124 καὶ
3214 4071 3448 4144 μάλιστα
3477 4074 3596 4126 ὅταν
3631 4071 3776 4126 ἕπει-

2169 4169 2378 4238 γόμενοι
2419 4164 2752 4236 τυγχάνωσι·
2793 4169 2905 4224 τοῖς
2950 4157 3008 4215 δι
3045 4163 3156 4234 (77)
3203 4160 3256 4224 ἐξ
3296 4160 3472 4238 ἀρχῆς
3513 4171 3775 4239 προσιοῦ-

2173 4271 2254 4305 σιν
2293 4253 2409 4323 (78)
2459 4253 2530 4314 εἰς
2573 4255 2630 4304 τό
2668 4251 2835 4323 συξῇν
2873 4250 3066 4308 πολλὴν
3113 4246 3407 4323 ἀδημονίαν
3461 4251 3776 4324 παρέξουσι,

2169 4348 2312 4406 τίνας
2349 4339 2434 4396 δεῖ
2476 4350 2810 4417 προεστῶτας
2856 4349 2948 4402 τῆς
2997 4339 3191 4393 ἑαυτῶν
3232 4339 3372 4402 ζωῆς
3415 4339 3643 4409 ἑλέσθαι,
3685 4346 3780 4393 καὶ

2169 4436 2372 4495 παντως
2425 4431 2478 4484 ἐκ
2533 4439 2626 4484 τοῦ
2681 4450 2826 4492 τινας
2879 4432 3166 4505 αἱρεῖσθαι,
3215 4433 3337 4490 τούς
3383 4429 3597 4494 λοιπούς
3654 4428 3780 4483 ἀπο-

383 4513 498 4570 illis
538 4517 908 4586 anteponere
938 4527 1120 4582 grave
1153 4515 1264 4575 est,
1297 4517 1352 4568 et
1383 4515 1586 4569 tamen
1618 4514 1745 4570 fieri
1774 4532 1897 4574 non
1945 4534 2052 4592 po-

2177 4523 2497 4597 θοκιμαζειν.

382 4607 497 4660 test
526 4609 590 4658 ut
618 4602 909 4675 utrisque,
944 4601 1210 4658 maxime
1237 4601 1286 4657 si
1313 4600 1618 4672 festinent,
1651 4604 1758 4662 fiat
1778 4609 1922 4664 satis
1951 4625 1964 4664 :
1993 4609 2067 4672 iis

2119 4631 2283 4678 vero.
2333 4613 2442 4687 qui
2489 4610 2568 4669 ab
2590 4611 2760 4668 initio
2786 4613 3173 4668 accesserunt
3201 4608 3280 4666 ad
3311 4608 3596 4667 eamdem
3628 4626 3770 4667 cum

375 4691 522 4765 ipsis
552 4693 737 4749 vitam
765 4690 1092 4764 agendam,
1125 4707 1249 4747 non
1277 4691 1646 4750 mediocrem
1673 4695 1924 4754 afferent
1968 4703 2156 4761 animi
2188 4704 2577 4772 anxietatem,
2623 4715 2782 4776 quas
2814 4715 2940 4758 sua;
2969 4699 3100 4756 vita:
3132 4697 3553 4757 moderatores
3595 4714 3777 4774 opor-

376 4788 497 4839 teat
520 4781 709 4852 seligi,
743 4798 883 4838 cum
915 4782 1168 4838 omnino
1197 4797 1447 4838 necesse
1480 4783 1554 4840 sit
1583 4783 1633 4840 si
1663 4785 1768 4858 qui
1798 4786 2163 4863 deligantur,
2198 4794 2465 4868 reliquos
2492 4791 2851 4868 improbari.

449 4910 564 4988 (73)
612 4906 913 4988 Editiones
956 4911 1186 4988 veteres
1231 4905 1418 4988 ψυχὴν
1453 4903 1749 4988 δυναμένην
1783 4930 1915 4965 ειναι
1947 4913 2034 4988 ὀφ-

375 4983 580 5052 θαλμών
631 4980 892 5032 πλειονων·
940 4995 1013 5034 ex
1059 4980 1298 5052 quibus
1328 4980 1633 5052 (idoneam
1670 4981 1859 5039 ullam
1903 4980 2034 5044 sen-

371 5050 621 5111 ten‘tiam
650 5051 808 5108 efﬁci
849 5066 1030 5123 posse
1075 5050 1194 5105 non
1247 5050 1442 5107 video.
1485 5057 1557 5107 At
1597 5053 1768 5123 Regii
1820 5057 1946 5114 duo
1975 5064 2035 5117 et

367 5130 534 5182 Voss.
571 5129 626 5179 et
661 5123 826 5180 Coll).
864 5130 925 5177 ut
956 5123 1015 5176 in
1044 5129 1349 5192 contextu,
1379 5129 1562 5178 recte.

440 5199 551 5265 (7-3)
585 5194 732 5250 Editi
785 5201 843 5250 et
888 5197 1026 5263 Reg.
1063 5195 1270 5248 tertius
1315 5196 1509 5255 καθώς·
1563 5194 1672 5251 Αιὶἰ
1719 5196 1843 5254 duo
1875 5216 2022 5257 mss.

363 5267 478 5324 καθ’
508 5266 826 5340 aT;_._CAodex
871 5267 1037 5321 Colb.
1086 5266 1202 5316 καθ’
1249 5267 1302 5318 οἶ.
1351 5267 1476 5321 ΜΟ(
1519 5269 1661 5335 Reg.
1696 5269 1937 5340 primus
1969 5280 2030 5330 et

361 5341 531 5398 Colb.
566 5335 913 5410 ᾁᾷελρότητος
944 5341 1030 5388 τὸν
1061 5345 1384 5410 προεστῶτα,
1419 5341 1504 5388 τὸν
1545 5335 1715 5410 ἕτερον
1760 5338 1892 5394 εἶναι
1927 5350 2019 5408 είς.

365 5412 518 5469 Editi
560 5387 909 5481 ἀδελξδότητος
958 5412 1042 5460 τὸν
1090 5387 1199 5474 ένα,
1234 5405 1392 5485 ,εἶναι
1441 5412 1527 5460 τὸν
1575 5395 1764 5485 ἕτερον.
1818 5387 2026 5474 Codex

361 5488 531 5540 Voss.
565 5481 648 5535 ita
679 5478 833 5553 utin
867 5485 1152 5553 contextu
1190 5478 1394 5553 videre
1423 5478 1836 5553 cuique'licct.

433 5559 542 5627 (73;)
580 5556 639 5606 In
670 5552 835 5628 colli.
860 5552 1162 5628 scriptum
1194 5551 1498 5606 invenitur
1523 5551 1853 5628 προκείμενον
1895 5560 2022 5628 ἡμῖν

357 5615 448 5681 τδεέ
468 5628 680 5678 σκοπόν.
707 5623 878 5680 Haud
901 5615 1080 5694 longe
1102 5621 1224 5679 duo
1248 5639 1391 5678 mss.
1417 5615 1664 5677 λανθοῖνον
1686 5615 1779 5686 τὴν
1802 5615 2024 5701 evniat-

356 5722 494 5754 κιαν.

2217 4920 2333 4992 (76)
2369 4921 2673 4992 Unusims.
2707 4915 3147 4992 ὑπερϐάλλεσθαι.

2218 4986 2334 5060 (77)
2363 4997 2420 5047 tn
2450 4991 2666 5048 eodem
2689 4986 2850 5063 pago
2877 4989 3054 5063 plura
3075 4986 3774 5063 construi_monaster_ia

2141 5059 2264 5119 non
2295 5063 2512 5135 probat
2543 5059 2799 5135 sanctus
2821 5059 3098 5135 Basilius,
3140 5076 3281 5135 cum
3323 5059 3602 5135 pluribus
3637 5060 3774 5117 aliis

2140 5135 2214 5191 de
2260 5131 2479 5204 causis,
2529 5140 2657 5190 tum
2696 5133 2843 5206 quia
2872 5137 2936 5206 et
2973 5131 3338 5206 hospitibus
3361 5131 3677 5206 fratribus,
3715 5136 3776 5190 et

2137 5207 2208 5262 iis
2241 5207 2344 5278 qui
2387 5211 2515 5262 tum
2556 5203 2825 5279 primum
2864 5203 3221 5279 adveniunt,
3256 5207 3321 5258 ut
3354 5203 3772 5279 monasticam

2135 5272 2325 5334 vitain
2353 5272 2818 5350 amplectantur,
2851 5284 2960 5350 τοῖς
2987 5272 3047 5328 δε
3068 5275 3318 5350 έξ-ἀρχῆς
3341 5282 3669 5350 προσιούσιν
3701 5275 3773 5336 εἰς

2136 5353 2194 5401 τὸ
2233 5354 2420 5421 συζῇν,
2456 5346 2718 5406 difficilis
2749 5356 2805 5404 et
2837 5347 3094 5404 molesta
3123 5346 3422 5421 incideret
3461 5346 3771 5404 delibera-

2135 5422 2237 5490 tio,
2283 5417 2487 5477 utrum
2528 5421 2757 5489 eligant
2805 5417 3273 5490 monasterium.

2207 5489 2324 5560 (78)
2356 5496 2496 5560 lteg.
2539 5494 2775 5565 primus
2829 5491 2883 5554 ίΞ
2931 5491 3109 5565 ἀρχῆς
3149 5489 3410 5565 ἐπιοῦσιν,
3457 5491 3592 5544 Mox
3640 5489 3768 5546 duo

2136 5564 2300 5638 Regii
2323 5569 2378 5620 et
2402 5561 2563 5638 Voss.
2596 5561 2890 5636 ἀδημονίαν
2918 5561 3226 5638 παρέξουσι,
3256 5561 3408 5638 Egiti
3431 5565 3764 5638 παρέξον-σι.

2135 5632 2251 5709 Nec
2280 5636 2363 5693 ita
2391 5636 2582 5693 multo
2611 5632 2751 5709 poSt
2778 5639 2920 5708 Reg.
2952 5632 3186 5708 primus
3211 5642 3270 5690 et
3299 5633 3474 5690 Voss.
3501 5632 3560 5690 et
3587 5632 3762 5690 Colb.

2133 5726 2180 5758 εν
2213 5716 2284 5778 τῷ
2320 5715 2492 5770 τίνας.
