4110 6374
353 291 487 346 10οὸ

355 500 628 573 συμϐαίνει
686 499 1044 574 βλάπτεσθαι,
1105 499 1230 570 οὐχὶ
1278 504 1569 557 τυποῦντας
1617 493 1828 554 ἑαυτούς
1879 494 1951 554 εἰς

352 593 605 664 μάθησιν,
661 590 768 643 ἀλλ’
842 587 1170 662 ἐθιζομένους
1241 587 1420 660 κριτάς
1475 589 1564 636 καὶ
1626 579 1950 656 δοκιμαστὰς

353 690 443 742 τῆς
480 679 832 754 ἀδελφότητος
871 682 1126 753 γίνεσθαι.
1171 678 1356 730 Ὀποτε
1398 680 1569 727 τοίνυν
1612 677 1808 745 ἀγαθὸν
1859 677 1950 746 μὲν

355 767 505 824 οὐδὲν
562 770 965 844 ὁμολογούμενον
1005 769 1144 822 ἐστιν
1193 787 1240 820 εν
1286 774 1346 838 τῇ
1389 761 1647 839 διαιρέσει
1671 772 1769 815 τῶν
1809 763 1952 820 οἰκή-

359 880 510 927 σεων,
568 863 633 912 τά
680 857 739 913 δε
793 861 1069 911 ὑπεναντία
1120 863 1372 921 τοσαῦτα,
1407 858 1463 906 τὸ
1500 854 1832 928 χωρίζεσθαι
1861 851 1951 903 ἀπ’

357 952 590 1009 ἀλλήλων
646 949 899 1010 παντελῶς
974 951 1299 1022 ἀσύμφορον.
1369 951 1430 1000 Εἰ
1505 942 1564 996 δι
1612 944 1953 1016 προειλῆφοαί

357 1059 476 1093 τινα
517 1041 620 1102 (79)
675 1038 924 1110 συμλαίη,
987 1038 1286 1110 ἐπειγεσοαι
1315 1040 1424 1108 χρὴ
1449 1038 1577 1109 πρὸς
1607 1038 1700 1092 τὴν
1728 1030 1954 1106 διορθω-

362 1148 464 1196 σιν,
505 1133 593 1180 καὶ
642 1127 874 1200 μάλιστα
916 1130 1047 1200 μετά
1093 1131 1185 1184 τήν
1227 1133 1410 1197 πεῖραν
1436 1133 1534 1175 τῶν
1565 1121 1853 1198 βλαϐερῶν.
1885 1126 1954 1174 T6

358 1214 417 1270 δε
464 1217 712 1289 ἐπιμένειν
763 1225 825 1290 τῇ
881 1222 1054 1290 κρίσει
1103 1215 1390 1287 φιλονεικία
1438 1216 1628 1284 σαφής.
1696 1211 1757 1263 Εἰ
1788 1208 1848 1264 δέ
1877 1231 1956 1274 τις

356 1301 502 1357 δοκεῖ
559 1305 846 1379 φιλόνεικος
903 1303 1051 1371 εἶναι,
1105 1307 1262 1376 φησὶν
1322 1304 1347 1356 ὁ
1414 1300 1749 1367 Ἀπὸστολος,
1807 1302 1960 1374 ἡμεῖς

1736 1389 1958 1449 Ἐκκλη-

357 1489 467 1536 σίαι
519 1491 612 1537 τοῦ
661 1491 816 1538 Θεοῦ.
870 1487 1020 1544 Τίνος
1080 1484 1181 1556 γάρ
1227 1482 1386 1533 ἕνεκεν
1437 1485 1697 1553 φήσουσιν
1747 1479 1817 1540 εἰς
1864 1485 1958 1538 τὴν

351 1397 599 1452 τοιαύτην
668 1397 946 1452 συνήθειαν
1009 1393 1104 1445 ούκ
1161 1391 1372 1464 ἔχομεν,
1415 1388 1539 1444 ούῖε
1597 1393 1651 1442 αἱ

359 1577 638 1646 σννοίφειαν
667 1572 963 1625 κωλύεσθαι
996 1588 1010 1638 ;
1038 1575 1252 1645 Πότερον
1311 1578 1543 1644 χρειῶνς
1578 1568 1736 1622 Ἀλλά
1791 1568 1960 1640 πολλῷ

358 1663 707 1738 εύπορὼτεραί
762 1662 892 1714 εἰσιν
945 1659 992 1712 ἐν
1035 1669 1098 1733 τῇ
1163 1665 1423 1731 κοινωνίᾳ,
1476 1658 1584 1720 ἐνὸς
1607 1658 1828 1730 λύχνου,
1871 1663 1960 1710 καὶ

1536 283 1831 339 REGL’LAS
1873 281 2116 339 FUSIUS
2145 280 2538 338 TRACTATE

419 416 476 470 2.
531 413 698 474 Εύούς
755 409 844 465 οὖν
887 411 1077 473 αύτούς
1127 409 1225 462 ἀπὸ
1254 417 1346 468 τῆς
1373 412 1584 481 πρώτης
1629 405 1697 466 εἰς
1730 407 1948 478 ἔπαρσιν
1978 408 2024 460 Α

3580 287 3719 345 1006

2131 409 2186 459 2.
2210 404 2516 475 Contingit
2543 405 2726 476 igitur
2754 405 2956 463 statim
2977 423 3014 464 a
3034 409 3232 481 prima
3251 409 3367 482 die,
3392 414 3459 468 ut
3498 410 3615 485 ipsi
3643 428 3718 469 ex

2057 494 2329 566 quadam
2353 493 2542 550 animi
2562 493 3144 565 elationeleedantur,
3163 499 3465 571 quodnon
3487 502 3719 575 seipsos

2057 582 2322 640 forment
2367 583 2445 641 ad
2492 582 2898 657 disciplinam,
2945 586 3049 642 sed
3081 595 3430 647 assuescant
3465 591 3721 648 fratrum

2055 671 2294 743 judiccs
2321 673 2452 730 ﬁeri
2483 678 2666 746 atque
2693 691 2994 732 censores.
3017 679 3166 734 Cum
3193 694 3330 749 ergo
3360 680 3596 738 nullum
3615 683 3723 738 bo-

2057 777 2211 818 num
2232 767 2464 818 certum
2492 769 2548 820 et
2575 764 2925 821 confessum
2948 767 3283 838 reperiatur
3320 768 3383 825 in
3415 769 3620 827 divisis
3651 788 3723 828 ac

2060 850 2358 908 distinctis
2388 852 2886 926 habitationibus,
2933 854 3058 912 imo
3085 872 3232 913 vero
3277 874 3418 914 cum
3473 861 3592 917 sint
3631 860 3724 917 in-

2062 941 2388 996 commoda
2415 947 2501 997 tot
2527 947 2584 998 et
2611 946 2801 1010 tanta,
2831 959 3081 1016 prorsus
3105 944 3216 1002 abs
3259 962 3322 1002 re
3365 947 3540 1005 fuerit
3575 950 3726 1006 alias

2064 1027 2143 1083 ab
2170 1027 2304 1084 aliis
2329 1029 2620 1102 separari.
2648 1031 2821 1097 Quod
2845 1033 2894 1088 si
2913 1033 3063 1090 forte
3079 1034 3451 1094 domicilium
3478 1039 3730 1111 aliquod

2062 1117 2146 1174 ita
2167 1118 2297 1190 jam
2329 1125 2746 1178 constructum
2779 1123 2877 1191 sit,
2908 1125 3028 1180 cito
3059 1127 3515 1184 emendandum
3536 1133 3628 1184 est
3657 1145 3731 1186 ac

2063 1206 2524 1266 reformandum
2549 1214 2608 1266 et
2630 1211 2900 1268 maxime
2926 1219 3064 1285 post
3091 1214 3591 1275 detrimentorum
3628 1235 3732 1276 ex-

2063 1296 2440 1370 perientiam.
2475 1302 2624 1356 Nam
2652 1300 2716 1356 in
2747 1303 3044 1358 sententia
3069 1320 3180 1362 sua
3198 1321 3584 1378 perseverare
3603 1325 3736 1366 ma-

2065 1387 2284 1444 nifesta
2314 1389 2617 1446 contentio
2640 1394 2744 1446 est.
2776 1393 2847 1447 Si
2863 1394 2994 1464 quis
3017 1399 3215 1450 autem
3238 1396 3480 1452 videtur
3497 1405 3738 1457 conten-

2067 1484 2253 1534 tiosus
2279 1494 2420 1549 esse,
2442 1478 2637 1552 inquit
2668 1480 3019 1553 Apostolus,
3049 1500 3156 1538 nos
3207 1487 3389 1542 talem
3429 1496 3738 1546 consuetu-

2067 1567 2269 1623 dinem
2290 1584 2411 1624 non
2445 1567 2756 1638 habemus,
2787 1586 2979 1642 neque
2997 1571 3282 1630 Ecclesia:
3324 1576 3518 1631 Dei”.
3548 1579 3742 1643 Quam

2067 1657 2231 1715 enim
2261 1673 2516 1714 causam
2542 1658 2759 1715 dicturi
2786 1665 2934 1716 sunt
2961 1660 3405 1734 impedimento
3441 1666 3556 1722 sibi
3582 1683 3746 1738 esse,

359 1758 482 1825 μιᾶς
529 1751 724 1817 ἑστίας,
783 1755 874 1802 καὶ
937 1751 1142 1802 πάντων
1197 1757 1296 1801 τῶν
1345 1751 1592 1801 τοιούτων
1649 1756 1760 1810 τοῖς
1797 1755 1959 1799 πᾶσιν

2091 1762 2146 1802 ie
2175 1747 2628 1817 conjungantur
2649 1749 2676 1804 ?
2694 1751 2850 1804 Num
2879 1748 2960 1806 ob
2987 1765 3082 1805 res
3108 1754 3485 1810 necessarias
3503 1771 3746 1830 compa-

360 1840 646 1914 ἕπαρκέσαι
687 1835 1004 1912 δυναμένων.
1033 1843 1147 1913 Χρὴ
1189 1840 1313 1913 γὰρ,
1359 1841 1498 1912 εἰπερ
1539 1857 1591 1890 τι
1634 1838 1818 1912 ἕτερον,
1873 1843 1962 1890 καὶ

363 1935 458 1990 τὴν
517 1929 565 1982 ἓν
621 1932 827 1992 τούτοις
882 1929 1149 2002 εὐχέρειαν
1180 1924 1520 2000 μεταδιώκειν
1553 1926 1606 1979 ἐκ
1639 1931 1830 1988 παντὸς
1851 1931 1965 2001 τρό-

364 2041 486 2088 που,
516 2018 600 2072 ἐπὶ
628 2022 686 2071 τὸ
708 2018 948 2072 ἓλατττον
979 2019 1070 2078 τὰς
1098 2023 1314 2077 κτήσεις
1338 2025 1438 2068 τῶν
1493 2016 1784 2088 ἀναγκαίων
1847 2018 1966 2088 (80)

367 2108 760 2171 συστέλλοντας.
804 2107 1023 2162 Ἔπειτα
1083 2111 1173 2160 καὶ
1220 2115 1319 2158 τῶν
1366 2106 1546 2169 ἔξωθεν
1630 2109 1724 2168 τὰς
1777 2111 1964 2180 χρείας

365 2197 740 2271 ἕπεισαγόντων
787 2206 850 2271 τῇ
902 2193 1234 2268 ἀδελφότητι,
1288 2194 1335 2247 ἐν
1404 2199 1494 2268 μεν
1575 2203 1636 2268 τῇ
1707 2192 1966 2268 διαιρέσει

363 2288 608 2341 πλειόνων
674 2291 855 2362 χρεία,
913 2285 960 2337 ἐν
1020 2282 1078 2337 δὲ
1127 2293 1189 2358 τῇ
1226 2290 1531 2342 συνοικήσει
1585 2292 1684 2336 τῶν
1711 2285 1963 2356 ἡμίσεων.

362 2375 542 2440 Ὀπως
581 2374 641 2430 δε
673 2373 931 2430 δύσκολόν
963 2375 1104 2428 ἐστιν
1125 2375 1397 2450 εὑρεθῆναι
1435 2371 1606 2447 ἄνδρα
1634 2379 1706 2446 μὴ
1778 2393 1967 2426 καται-

370 2470 638 2541 σχύνοντα
681 2469 739 2518 τὸ
790 2470 953 2538 ὄνομα
997 2471 1090 2516 τοῦ
1120 2472 1358 2539 Χριστοῦ
1392 2464 1530 2535 (81),
1561 2462 1668 2516 ἀλλ’
1697 2462 1846 2526 ἀξίαν
1875 2470 1968 2516 τοῦ

370 2557 758 2631 ἐπαγγέλματος
832 2560 928 2614 τὴν
984 2563 1083 2607 τῶν
1153 2555 1333 2616 ἔξωθεν
1409 2558 1700 2625 συντυχίαν
1751 2552 1798 2604 ἐν
1855 2561 1971 2615 ταῖς

371 2644 700 2720 αποδημίαις
741 2647 1068 2717 ποιούμενον,
1113 2648 1372 2716 γνώριμον
1420 2643 1541 2715 ὑμῖν
1571 2646 1670 2712 πρὸ
1700 2650 1800 2695 τῶν
1840 2641 1972 2715 ὶμῶν

369 2736 552 2809 λόγων.
586 2734 717 2788 Εἶτα
735 2737 786 2787 οἱ
815 2733 1137 2806 ἐπιμένοντες
1174 2740 1236 2805 τῇ
1301 2729 1584 2784 διαστάσει
1631 2740 1744 2793 πῶς
1791 2728 1975 2784 δύναν-

373 2847 462 2879 ται
511 2824 627 2897 (82)
675 2827 793 2884 τοὺς
845 2822 894 2874 ἐν
941 2830 1014 2893 τῷ
1063 2829 1218 2893 κοινῷ
1260 2819 1364 2894 βίῳ
1401 2817 1716 2894 οἰκοδομεῖν,
1751 2823 1779 2881 ἦ
1847 2825 1976 2896 πρὸς

380 2915 588 2988 εἰρήνην
637 2913 1050 2978 συνελαύνοντες,
1108 2914 1152 2963 εἴ
1211 2929 1338 2964 ποτε
1405 2907 1538 2975 δέοι,
1605 2911 1635 2970 ᾖ
1697 2914 1827 2983 πρὸς
1883 2913 1977 2971 τὰς

383 3001 538 3064 ἄλλας
612 3000 808 3063 ὶντολάς
895 2999 1340 3076 παρακαλοῦντες,
1416 3003 1655 3060 ὒπονοίας

1746 3002 1978 3074 πονηρὰς

2069 1834 2299 1892 randas
2320 1835 2347 1889 ‘l
2368 1839 2441 1891 At
2463 1840 2686 1907 paratu
2716 1836 3059 1908 suntlonge
3106 1839 3402 1897 faciliores
3456 1842 3519 1898 in
3577 1861 3746 1902 com-

2072 1923 2245 1981 muni
2293 1923 2625 1995 domicilio,
2670 1942 2811 1982 cum
2860 1943 2984 1984 una
3011 1927 3260 1986 lucerna
3291 1937 3522 1989 etunus
3547 1934 3741 2008 focus,

2075 2019 2132 2071 et
2155 2014 2364 2072 omnia
2391 2014 2530 2072 talia
2567 2017 2856 2073 omnibus
2887 2018 3161 2076 sufﬁcere
3193 2022 3443 2093 possint.
3501 2026 3746 2097 Oportet

2075 2102 2260 2172 enim,
2285 2103 2336 2159 si
2355 2104 2508 2177 quid
2530 2104 2718 2174 aliud,
2749 2107 2936 2163 etiam
2959 2107 3023 2164 in
3045 2107 3141 2164 his
3173 2109 3524 2169 facilitatem
3554 2114 3750 2171 omni-

2075 2192 2264 2250 modo
2286 2193 2466 2264 380
2488 2193 2736 2266 requiri,
2769 2196 2854 2252 sic
2885 2200 2950 2252 ut
2972 2212 3186 2253 earum
3225 2215 3364 2271 quae
3405 2204 3751 2260 necessario

2074 2281 2462 2355 possidenda
2494 2288 2634 2339 sunt
2656 2300 2858 2340 rerum
2874 2286 3052 2358 copia
3075 2286 3491 2346 imminuatur.
3509 2285 3754 2348 Accedit

2077 2370 2282 2435 etiam,
2323 2369 2492 2442 quod
2520 2370 2584 2427 in
2606 2371 2810 2428 divisis
2839 2373 3315 2432 habitationibus
3334 2378 3532 2449 major
3548 2395 3758 2436 nume-

2077 2475 2183 2516 rus
2238 2475 2372 2516 esse
2421 2459 2642 2517 debeat
2671 2477 2882 2518 eorum
2923 2463 3030 2535 qui
3059 2466 3408 2523 necessaria
3470 2468 3756 2526 fratribus

2080 2548 2453 2605 extrinsecus
2471 2550 2734 2606 afferunt
2757 2568 2771 2606 :
2797 2556 3032 2624 contra,
3053 2553 3312 2612 dimidio
3333 2556 3532 2613 minor
3547 2558 3611 2614 in
3631 2575 3758 2616 uno

2081 2641 2140 2694 et
2168 2636 2384 2693 eodem
2414 2637 2833 2696 contubernio.
2863 2642 3058 2706 Quam
3081 2647 3286 2700 autem
3307 2644 3548 2702 difﬁcile
3577 2647 3650 2704 sit
3672 2648 3760 2706 in-

2082 2725 2508 2794 venirivirum,
2533 2727 2639 2800 qui
2669 2727 2886 2785 Christi
2942 2746 3168 2788 nomen
3229 2749 3354 2790 non
3411 2733 3757 2802 dedecoret,

2085 2815 2189 2869 sed
2209 2812 2313 2886 qui
2343 2831 2525 2870 suum
2546 2831 2687 2872 cum
2708 2817 2971 2874 externis
2994 2835 3390 2889 congressum
3412 2823 3475 2878 in
3502 2826 3764 2896 peregri-

2084 2901 2438 2960 nationibus
2458 2903 2677 2960 efﬁciat
2701 2922 2816 2962 sua
2835 2907 3215 2979 professione
3240 2909 3518 2981 dignum,
3562 2912 3759 2980 vobis,

2086 3008 2184 3048 me
2240 2991 2339 3048 vel
2387 2996 2641 3065 tacente,
2693 2999 2909 3051 notum
2948 3000 3061 3052 est.
3122 2997 3213 3054 Ad
3242 2999 3371 3055 haec
3391 3000 3500 3073 qui
3528 3001 3610 3056 sic
3638 3001 3763 3058 dis-

380 3090 433 3144 ἕκ
471 3099 562 3145 τοῦ
615 3096 685 3165 μὴ
736 3092 972 3150 ἡνῶσθαι
1020 3089 1136 3143 καθ’
1207 3089 1400 3142 ίαντων
1435 3093 1787 3165 παρεχόμενοι
1827 3106 1841 3156 ;
1877 3094 1972 3142 Καὶ

2091 3079 2274 3152 iuncti
2298 3087 2819 3156 permanent,qua
2844 3085 3077 3142 ratione
3098 3094 3382 3158 possunt,
3411 3105 3515 3146 eos
3540 3091 3648 3162 qui
3700 3090 3764 3146 in

376 3185 502 3258 πρὸς
531 3184 736 3243 τούτοις
763 3179 1014 3253 ἀκούομεν
1053 3188 1146 3232 τοῦ
1171 3179 1488 3232 Ἀποστὸλου
1529 3181 1815 3253 γράφοντος
1864 3180 1977 3250 (83)

377 3270 772 3336 Φιλιππησίοις,
827 3270 908 3322 ὅτι
960 3269 1278 3344 Ιιλπρὼσατὲ
1342 3287 1442 3340 μου
1510 3272 1597 3325 τὴν
1655 3269 1850 3343 χαρὰν,
1898 3269 1981 3320 ἵνα

379 3364 438 3413 τὸ
533 3360 662 3413 αὐτὸ
751 3368 994 3435 φρονῆτε,

377 3631 658 3704 ἡγούμενοι
741 3629 1090 3704 ὑπερέχοντας
1159 3626 1372 3680 ἑαυτῶν·
1468 3629 1539 3698 μὴ

379 3727 698 3782 σκοποῦντες
776 3719 909 3790 (84),

1079 3362 1173 3416 τὴν
1254 3356 1412 3416 αὐτὴν
1487 3355 1698 3428 ἀγάπην
1748 3359 1976 3430 ἔχοντες,

381 3448 687 3523 σύμψυχοι,
729 3452 790 3500 τὸ
851 3448 901 3502 ἓν
961 3455 1280 3523 φρονοῦντες,
1339 3443 1508 3520 μηδεν
1575 3445 1689 3498 κατ’
1758 3445 1980 3522 ἐριθείαν

377 3542 410 3602 ἦ
489 3535 809 3607 κενοδοξίαν,
885 3536 1014 3590 ἀλλά
1080 3544 1144 3611 τῇ
1211 3538 1654 3612 ταπεινοφροσύνῃ
1735 3534 1983 3598 ἀλλήλους

1637 3644 1702 3677 τα
1791 3645 1983 3678 εαυτων

1008 3717 1139 3770 ἀλλά
1221 3721 1310 3769 καὶ
1391 3717 1461 3768 τά
1527 3714 1706 3788 ἐτέρων
1739 3715 1980 3771 ἔκαστοι.

2089 3170 2360 3227 commni
2398 3170 2626 3241 vivunt,
2671 3172 3000 3244 aedificare,
3052 3175 3179 3232 sive
3234 3179 3661 3251 compellando
3685 3180 3766 3236 ad

2085 3275 2325 3334 pacem,
2355 3259 2400 3315 si
2433 3262 2686 3333 quando
2708 3277 2866 3334 opus
2887 3262 3086 3335 fuerit,
3129 3265 3250 3321 sive
3279 3267 3658 3325 exhortando
3683 3269 3764 3326 ad

2088 3354 2394 3424 praecepta
2439 3349 2559 3407 alia
2603 3351 2632 3408 ‘I
2669 3353 2778 3426 qui
2807 3353 2977 3425 quod
3025 3355 3178 3412 inter
3198 3373 3262 3414 se
3291 3358 3426 3430 conj
3440 3359 3599 3416 uncti
3628 3377 3754 3418 non

2101 3444 2263 3506 sunt,
2316 3456 2542 3512 pravas
2585 3440 2975 3516 sibimetipsis
3049 3446 3433 3518 suspiciones
3464 3453 3755 3508 moveant

2089 3531 2503 3602 Praetereaque
2535 3529 2822 3587 audimus
2839 3531 3197 3603 Apostolum
3231 3535 3312 3591 ad
3339 3536 3759 3610 Philippenses

2093 3617 2458 3675 scribentem
2481 3634 2496 3674 :
2516 3620 2771 3688 Implete
2797 3622 3092 3691 gaudium
3119 3639 3335 3692 meum,
3359 3632 3423 3681 ut
3471 3627 3627 3684 idem
3670 3644 3762 3684 sa-

2089 3718 2296 3789 piatis,
2347 3717 2610 3774 eamdem
2661 3717 3022 3777 charitatem
3071 3720 3375 3792 habentes,
3425 3727 3758 3794 unanimes,

374 3811 532 3867 idem
550 3811 896 3868 sentientes:
917 3806 1877 3877 nihitpercontentionem,neque
1894 3823 2008 3878 per
2027 3809 2269 3865 inanem
2295 3808 2580 3878 gloriam,
2629 3809 2734 3864 sed
2773 3810 2840 3865 in
2885 3810 3235 3870 humilitate
3284 3815 3621 3882 superiores
3647 3817 3766 3873 sibi

372 3897 632 3958 invicem
670 3899 1038 3957 arbitrantes
1062 3913 1186 3954 non
1214 3911 1346 3969 qua
1373 3911 1486 3952 sua
1509 3901 1652 3951 sunt
1680 3895 1916 3964 singuli
1945 3897 2393 3955 considerantes
2423 3897 2527 3953 sed
2555 3897 2735 3954 etiam
2763 3913 2832 3956 ea
2859 3915 2992 3972 qua:
3018 3902 3360 3959 aliorum”.

455 3994 506 4046 3.
548 3993 636 4050 Τίς
673 3985 761 4042 οὖν
821 3988 1015 4062 μείζων
1069 3983 1334 4050 ἀπόδειξις
1370 3987 1845 4061 ταπεινοφροσύνης
1892 3994 1984 4039 τοῦ

377 4078 618 4140 ἀλλήλοις
672 4080 1000 4150 ὑποταγῆναι
1049 4077 1158 4148 (85)
1200 4079 1320 4138 τοὺς
1348 4084 1682 4151 προεστῶτας
1719 4083 1814 4136 τῆς
1839 4073 1988 4129 ἀδελ-

377 4173 608 4244 φότητος
651 4185 666 4236 ;
734 4171 849 4222 Εἴτε
895 4168 996 4241 γὰρ
1045 4169 1155 4219 ἶσοι
1204 4166 1333 4220 εἰσὶν
1389 4166 1439 4218 ἐν
1478 4171 1588 4226 τοῖς
1616 4173 1986 4239 πνευματικοῖς

373 4264 718 4337 χαρίσμασι,
760 4256 968 4311 κάλλιόν
1018 4257 1157 4310 ἔστιν
1188 4257 1218 4315 ἡ
1275 4255 1598 4316 συνείθλησις
1627 4256 1760 4326 (86).
1784 4253 1986 4329 Ὠσπερ

374 4346 476 4404 οὖν
531 4345 795 4412 ὑπέδειξεν
839 4349 964 4406 ἡμῖν
993 4348 1148 4406 αὐτὸς
1185 4344 1210 4397 ὁ
1253 4347 1461 4420 Κύριος,
1492 4343 1589 4396 ἀνά
1619 4340 1717 4397 δύο
1739 4339 1837 4397 δύο
1864 4342 1992 4397 ἀπο-

379 4438 614 4500 στείλας·
671 4442 761 4491 καὶ
816 4438 845 4492 ὁ
888 4440 1053 4513 ἕτερος
1103 4435 1270 4489 αὐτῶν
1329 4437 1604 4506 αἱρήσεται
1631 4435 1838 4498 πάντως
1860 4436 1992 4508 μετά

381 4550 566 4608 χαρας
610 4531 967 4604 ύπονετοίχθαι
1017 4537 1090 4601 τῷ
1145 4527 1315 4603 ἑτέρῳ,
1366 4529 1686 4601 μεμνημένος
1728 4534 1822 4579 τοῦ
1892 4534 1994 4580 Κυ-

383 4639 506 4699 ριου
560 4618 809 4692 λέγοντος,
867 4620 946 4672 ὄτί
1005 4617 1064 4670 Ὀ
1133 4623 1384 4670 ταπεινῶν
1465 4614 1645 4669 ἕαντὸν
1715 4612 1996 4686 ὑψωθήσε-

385 4731 480 4766 ται
507 4709 641 4783 (87).
692 4709 752 4764 Εἰ
812 4705 872 4762 δέ
926 4711 1014 4762 τὸν
1068 4711 1158 4781 μεν
1212 4707 1578 4773 ίλαττοῦσθαι,
1632 4705 1720 4757 τὸν
1749 4700 1807 4757 δε
1833 4705 1996 4780 ὑπερ-

465 4852 556 4907 ⁶³1
587 4850 722 4909 Cor.
745 4867 821 4922 ιι,
858 4855 942 4908 to.
1022 4850 1071 4886 ”
1107 4847 1365 4922 Philipp.
1399 4865 1457 4920 υ,
1494 4851 1546 4920 2,
1582 4849 1636 4904 3.

493 4981 585 5052 79)
615 4977 860 5052 Antiqui
884 4978 1009 5036 duo
1045 4976 1185 5035 libri
1207 4980 1422 5051 praeter
1451 4977 1622 5032 Voss.
1656 4971 2005 5050 προειλῆφθαι

389 5069 557 5111 τινας.

469 5122 589 5193 (80)
617 5119 822 5178 Codex
849 5121 1024 5179 Voss.
1054 5125 1145 5174 καὶ
1164 5128 1264 5174 τῶν
1295 5117 1620 5193 ἀναγκαίων.
1655 5115 1886 5174 Ibidem
1940 5115 2006 5174 in

393 5188 749 5252 Colbertino
767 5193 985 5264 legitur
1012 5193 1230 5246 Ἔπειτα
1281 5188 1340 5245 δὲ
1360 5188 1470 5246 κάλ.

471 5269 586 5336 (8t)
609 5268 752 5334 Reg.
783 5258 1020 5338 primus
1043 5267 1211 5338 ὄνομα
1227 5270 1568 5338 τοῦῗκυριου.
1613 5260 1825 5318 Statim
1868 5258 2006 5318 libri

392 5336 923 5411 veteresjveaplpov
963 5338 1105 5411 ὑμῖν.
1132 5336 1283 5392 Editi
1314 5336 1459 5411 ἡμῖν.

477 5409 589 5481 (82)
615 5404 1010 5465 Gode'x'VossL
1046 5404 1583 5481 ﬂuensauulbidem
1601 5404 1744 5461 editi
1780 5409 1837 5481 et
1861 5407 2002 5481 ἦρε.

399 5475 616 5538 tertius
647 5496 774 5538 una
799 5495 944 5538 voce
975 5478 1235 5549 κοινοϐίῳ.
1271 5477 1384 5534 Alli
1411 5482 1528 5534 tres
1571 5494 1713 5532 mss.
1764 5475 2006 5532 duabus

400 5551 826 5638 VOgiRu‘gxowcp
853 5551 976 5635 βίῳ.
1054 5622 1065 5637 ³
1155 5624 1164 5636 ¹
1367 5626 1481 5638 Nn
1535 5621 1573 5638 Α
1767 5622 1778 5636 Ι

479 5623 592 5696 (85)
613 5626 754 5696 Reg.
780 5621 1018 5698 primus
1044 5622 1295 5696 ἀκούομεν
1325 5626 1415 5676 τοῦ
1439 5621 1646 5677 Παύλου
1675 5622 1798 5696 γρά.

1714 4846 1763 4882 ⁸⁸
1795 4844 1979 4902 Marc.
2015 4859 2090 4915 Vl,
2119 4849 2176 4902 7.

2170 3991 2220 4044 3.
2253 3987 2397 4052 Quae
2436 3985 2830 4059 igiturmajor
2857 3993 2949 4044 est
2976 3988 3328 4048 humilitatis
3380 3993 3760 4063 significatio,

2095 4092 2284 4150 quam
2310 4075 2362 4132 si
2381 4075 2632 4132 fratrum
2664 4075 2926 4149 praefecti
2948 4077 3049 4134 alii
3068 4079 3326 4136 aliorum
3341 4081 3594 4156 imperio
3619 4084 3758 4142 sub-

2092 4164 2407 4238 jiciantur?
2427 4164 2484 4222 Si
2508 4164 2667 4221 enim
2681 4180 2859 4238 pares
2883 4172 3024 4224 sunt
3043 4167 3104 4224 in
3127 4169 3420 4242 spirituali
3430 4172 3541 4229 bus
3561 4173 3760 4243 donis,

2096 4271 2200 4312 eos
2223 4253 2405 4311 simul
2427 4253 2734 4311 decertare
2757 4255 2950 4312 satius
2971 4260 3619 4324 est.Quemadmodum
3648 4263 3760 4334 igi-

2095 4347 2194 4400 tur
2238 4343 2505 4400 ostendit
2546 4343 2726 4400 nobis
2769 4346 3062 4403 Dominus
3081 4348 3234 4421 ipse,
3266 4365 3408 4408 cum
3429 4352 3760 4425 discipulos

2096 4431 2278 4489 binos
2305 4437 2364 4488 et
2391 4431 2572 4489 binos
2603 4432 2766 4490 misit
2785 4435 2833 4469 ³⁸
2857 4451 2872 4490 :
2896 4435 3068 4492 itaex
3086 4436 3235 4509 ipsis
3261 4439 3411 4496 alter
3429 4441 3596 4498 alteri
3620 4443 3760 4499 sub-

2099 4521 2252 4578 mitti
2272 4537 2522 4594 prorsus
2542 4539 2683 4579 cum
2701 4523 2926 4593 gaudio
2946 4525 3295 4593 volet,haud
3312 4528 3632 4588 immemor
3652 4536 3762 4589 Do-

2101 4611 2250 4669 mini
2269 4611 2524 4670 dicentis
2549 4628 2563 4672 :
2591 4613 2705 4680 Qui
2722 4629 2784 4671 se
2802 4614 3097 4688 humiliat,
3117 4619 3564 4676 exaltabitur”.
3585 4623 3762 4688 Quod

2103 4701 2154 4759 si
2181 4701 2332 4759 forte
2353 4701 2451 4758 hic
2469 4702 2760 4776 pauciora
2789 4703 3088 4775 habuerit,
3108 4705 3204 4764 ille
3226 4708 3425 4782 plura,
3445 4712 3760 4784 praestabi-

2253 4845 2301 4880 ³⁵
2335 4846 2476 4902 Luc.
2511 4859 2674 4911 xvm.
2711 4849 2795 4903 l6.

2182 4972 2294 5044 (84)
2325 4971 2492 5030 Idem
2521 4989 2688 5049 mss,
2724 4977 2796 5047 μὴ
2850 4991 2917 5028 τα
2971 4973 3165 5030 ἑαυτῶν
3223 4975 3442 5043 ἕκαστος
3509 5000 3761 5037 σκοπουνο

2111 5063 2220 5108 τες.

2184 5117 2300 5193 (85)
2347 5117 2434 5174 ita
2480 5117 2571 5193 in_
2600 5116 2766 5174 Colb.
2815 5117 3104 5193 scriptum
3158 5120 3478 5193 invenitur,
3519 5145 3760 5182 ταπεινοί

2113 5188 2604 5264 ﬂecti-merit;
2651 5197 2742 5264 τοῦ
2814 5188 3042 5264 ἀλλήλοις
3115 5188 3495 5253 ὑποτάσσεοαί.
3573 5199 3766 5258 liabet

2111 5260 2356 5334 quoque
2380 5260 2570 5316 Vossii
2597 5261 2788 5334 codex
2804 5263 3224 5334 ύποτάσσεσοαι.

2181 5332 2292 5405 (86}
2349 5334 2585 5389 Veteres
2635 5332 2760 5388 duo
2801 5332 2940 5389 libri
2996 5351 3136 5392 cum
3193 5341 3362 5394 Voss.
3422 5341 3451 5398 ἡ
3501 5344 3765 5402 συνάσκη-

2115 5423 2214 5470 σις,
2229 5405 2474 5474 pietatis
2501 5405 2854 5460 exercitatio
2880 5421 3226 5464 communis.
3255 5409 3364 5466 Alii
3393 5411 3516 5467 duo
3539 5430 3686 5472 mss.
3709 5422 3767 5472 et

2112 5475 2256 5531 editi
2277 5477 2307 5532 ἡ
2341 5475 2677 5556 «vadebam.
2723 5477 2862 5556 Utro
2887 5479 3024 5556 quis
3053 5481 3237 5536 modo
3257 5482 3434 5553 legat,
3461 5484 3627 5556 nihil,
3662 5493 3767 5544 aut

2112 5563 2332 5620 parum
2363 5548 2442 5604 ad
2471 5563 2720 5603 sensum
2744 5547 2978 5620 referet.

2185 5620 2296 5692 (87)
2321 5619 2456 5676 Post
2482 5620 2737 5676 verbum
2787 5619 3128 5693 ὑψωθήσεται
3177 5622 3259 5681 ita
3313 5624 3376 5681 in
3428 5627 3766 5687 Colbertino
