4110 6406
337 351 466 405 1011

1676 345 1733 401 S.
1798 339 2052 400 BASILH
2113 341 2356 398 MAGNI.

3563 333 3702 391 1012

332 475 443 529 tris
463 473 578 529 mei
596 471 885 543 possidete
907 474 1198 543 paratum
1230 469 1392 528 vobis
1414 485 1668 540 regnum
1707 483 1745 525 a
1776 466 1994 524 consti-

2108 469 2284 540 χρείαν
2323 465 2501 536 ἔχοντι
2525 483 2538 497 ·
2580 463 2718 524 ὅπως
2766 460 3170 534 καταξιωθῶμεν
3214 457 3441 513 ἀκοῦσαι
3469 479 3484 493 ο
3525 463 3698 517 Δεῦτε.

331 564 560 620 tutione
581 563 1074 618 mundi.Esurivi
1091 563 1271 627 enim,
1298 566 1353 617 et
1374 561 1620 616 dedistis
1651 559 1810 616 mihi
1827 572 2002 614 man-

329 653 581 710 ducare:
614 654 798 720 sitivi,
831 659 884 709 et
915 653 1162 709 dedistis
1198 651 1350 708 mihi
1375 651 1586 707 bibere
1615 651 1688 705 97.

2095 556 2145 608 οἱ
2203 553 2534 625 εὐλογημένοι
2583 559 2678 604 τοῦ
2728 554 2928 625 Πατρός
2974 569 3096 624 μου,
3139 547 3566 625 κληρονομήσατε
3609 551 3703 608 τὴν

2095 646 2486 716 ἡτοιμασμένην
2556 644 2678 715 ὑμῖν
2729 640 3003 715 βασιλείαν
3063 637 3164 694 ἀπὸ
3226 637 3521 702 καταϐολῆς
3571 641 3703 693 κόσ-

329 762 453 818 μου.
483 742 765 804 ῙΕπείνασα
790 744 910 816 γὰρ,
944 746 1034 794 καὶ
1065 737 1295 794 ἐδώκατέ
1339 761 1430 816 μοι
1457 747 1639 813 φαγεῖν
1667 735 1929 810 ἐδίψησα,
1961 739 2051 790 καὶ
2082 731 2308 788 ἐδώκατέ
2335 751 2426 805 μοι
2450 735 2617 785 πίνειν
2645 731 2773 803 (99).

403 870 457 922 2.
487 867 554 921 Et
582 864 831 938 quidem
851 868 1153 937 quantum
1184 865 1258 921 sit
1277 865 1378 922 otii
1402 866 1653 934 malum,
1688 863 1837 939 quid
1861 862 1994 921 atti-

331 961 436 1012 net
489 969 871 1020 memorare,
925 970 1067 1010 cum
1127 954 1456 1028 Apostolus
1517 959 1723 1028 aperte
1778 953 1992 1028 praeci-

331 1043 542 1117 piat“,
561 1047 625 1098 ut
644 1041 750 1115 qui
771 1057 894 1098 non
921 1041 1182 1111 laborat,
1199 1057 1399 1114 neque
1421 1044 1602 1100 etiam
1629 1043 1994 1100 manducet?

336 1131 868 1198 Quemadmodum
897 1131 1078 1200 igitur
1104 1131 1520 1188 necessarium
1551 1136 1640 1188 est
1669 1132 1995 1205 unicuique

334 1219 761 1292 quotidianum
803 1218 1195 1275 alimentum:
1244 1218 1327 1274 ita
1363 1235 1607 1292 quoque
1648 1218 1823 1274 labor
1885 1232 1996 1289 pro

334 1308 569 1364 viribus
619 1309 1002 1364 necessarius
1035 1313 1140 1364 est.
1161 1311 1366 1380 Neque
1390 1308 1550 1364 enim
1578 1313 1799 1364 temere
1830 1306 1996 1363 Salo-

336 1413 482 1454 mon
508 1397 706 1453 laudis
732 1397 868 1454 loco
898 1396 1138 1469 scripsit
1175 1395 1324 1452 illud
1353 1414 1368 1453 :
1397 1398 1624 1454 Panem
1652 1398 1845 1454 otiosa
1874 1411 1994 1451 non

338 1487 593 1544 comedit
614 1488 682 1542 9’.
718 1488 784 1541 Et
815 1502 1028 1542 rursus
1056 1485 1385 1559 Apostolus
1405 1485 1480 1542 de
1510 1487 1710 1558 seipso
1741 1486 1854 1542 ait:
1881 1487 1994 1542 Ne-
2027 1508 2067 1563 Β

337 1592 451 1648 que
475 1577 670 1646 gratis
684 1590 903 1645 panem
934 1576 1437 1632 manducavimus
1460 1575 1536 1632 ab
1562 1577 1790 1648 aliqua,
1811 1576 1914 1632 sed
1933 1579 1994 1632 in

341 1666 545 1722 labore
585 1671 639 1722 et
682 1667 1067 1736 fatigatione,
1123 1670 1296 1722 nocte
1343 1673 1398 1722 et
1428 1665 1524 1722 die
1569 1666 1992 1735 laborantes';

338 1771 697 1828 quanquam
719 1755 852 1822 sibi,
882 1761 1087 1828 utpote
1111 1755 1500 1825 Evangelium
1521 1755 1894 1829 praedicanti,
1923 1773 1998 1812 ex

335 1844 661 1915 Evangelio
682 1845 878 1902 vivere
897 1845 1285 1911 liceret.Quin
1309 1850 1366 1901 et
1390 1845 1679 1902 Dominus
1707 1861 1845 1902 cum
1870 1862 1998 1902 ma-

334 1933 464 1990 litia
485 1935 800 2004 conjunxit
820 1933 1146 2007 pigritiam,
1172 1933 1412 1992 dicens:
1435 1935 1615 1991 Serve
1633 1936 1793 1992 male
1812 1942 1868 1991 et
1901 1935 1994 2006 pi-

337 2025 500 2092 ger’.
516 2023 631 2079 Sed
653 2029 710 2080 et
733 2023 978 2096 sapiens
1003 2023 1286 2081 Salomon
1311 2040 1431 2080 non
1459 2041 1527 2081 ex
1552 2025 1624 2080 iis
1646 2024 1841 2081 solum
1860 2041 1996 2097 quas

332 2111 463 2182 jam
489 2118 829 2170 memorata
850 2117 1378 2186 sunt,operantem
1408 2113 1642 2184 laudat,
1658 2115 1764 2170 sed
1794 2113 1998 2170 redar-

336 2200 465 2271 guit
512 2200 693 2258 etiam
717 2203 960 2275 pigrum
993 2202 1452 2275 comparatione
1494 2203 1995 2259 tenuissimorum

336 2290 717 2360 animalium,
740 2309 880 2348 cum
905 2291 1016 2348 ait:
1054 2291 1214 2348 Vade
1239 2293 1317 2347 ad
1333 2294 1676 2363 formicam,
1706 2293 1934 2364 opiger
1948 2293 1993 2350 ³.

335 2381 529 2446 Quare
557 2381 955 2437 metuendum
986 2387 1075 2438 est
1100 2398 1175 2437 ne
1195 2381 1347 2438 forte
1379 2383 1575 2439 ethoc
1605 2381 1782 2438 nobis
1804 2381 1994 2439 facul-

332 2472 518 2525 tatem
549 2470 842 2542 operandi
882 2470 1067 2541 dedit,
1095 2487 1285 2542 opera
1314 2471 1456 2528 huic
1485 2471 1756 2528 facultati
1780 2488 1994 2528 conve-

331 2557 558 2614 nientia
579 2575 615 2614 a
635 2559 811 2615 nobis
829 2559 1042 2630 exiget.
1065 2561 1296 2616 Etenim
1323 2560 1454 2627 Cui,
1474 2561 1687 2634 inquit,
1705 2577 1991 2618 commeno

327 2649 625 2705 daverunt
647 2651 1076 2719 multum,plus
1092 2657 1298 2720 petent
1315 2652 1390 2707 ab
1414 2667 1479 2707 eo
1499 2653 1539 2707 ⁸.
1566 2653 1866 2718 Quoniam
1891 2669 1996 2709 au-

325 2744 447 2796 tem
469 2756 716 2812 precum
741 2747 798 2798 et
830 2742 1188 2814 psalmodim
1220 2742 1476 2799 obtentu
1505 2744 1781 2800 nonnulli
1807 2760 1995 2817 opera

323 2828 1076 2899 refugiunt,scicndumest
1101 2831 1161 2887 in
1189 2830 1324 2888 aliis
1346 2831 1596 2905 quidem
1620 2833 1993 2906 quibusdam

323 2917 508 2974 rebus
554 2921 871 2992 proprium
911 2937 1043 2976 esse
1075 2921 1374 2994 cujusque
1404 2922 1488 2978 rei
1523 2927 1789 2995 tempus,
1816 2923 1994 2995 juxta

326 3002 767 3074 Ecclesiasten],
791 3005 896 3078 qui
925 3004 1100 3062 dixit:
1119 3006 1300 3062 Omni
1318 3009 1555 3076 negotio
1574 3013 1805 3078 tempus
1831 3015 1917 3064 est
1934 3011 1989 3067 ἐ

325 3093 432 3148 sed
462 3095 795 3166 precationi
817 3101 873 3152 et
894 3095 1278 3168 psalmodiis,
1303 3097 1454 3153 sicut
1473 3101 1529 3153 et
1557 3097 1836 3171 pluribus
1861 3099 1993 3156 aliis

321 3183 530 3250 rebus,
571 3185 805 3242 nullum
850 3202 973 3242 non
1024 3190 1266 3260 tempus
1312 3186 1601 3243 idoneum
1629 3204 1782 3256 esse,
1815 3187 1895 3246 ita
1931 3193 1996 3246 ut

323 3272 706 3330 intereadum
739 3275 1147 3332 admovemus
1192 3291 1415 3331 manus
1455 3275 1536 3332 ad
1566 3293 1777 3348 opera,
1806 3278 1994 3336 modo

323 3361 575 3433 quidem
595 3363 730 3434 ipsa
755 3363 1252 3437 lingua(quando
1275 3364 1336 3422 id
1361 3364 1492 3420 ﬁeri
1508 3371 1837 3439 potest,aut
1855 3383 1996 3424 con-

325 3447 491 3505 ducit
537 3451 736 3523 potius
781 3451 861 3507 ad
900 3451 1045 3507 ﬁdei
1095 3451 1604 3525 aediﬁcationem),
1659 3454 1750 3509 sin
1793 3455 1996 3511 minus

327 3537 510 3596 corde
528 3539 588 3595 in
607 3541 860 3613 psalmis
887 3549 945 3598 et
964 3541 1213 3614 hymnis
1231 3546 1286 3598 et
1303 3542 1553 3598 canticis
1576 3544 1997 3616 spiritualibus

328 3628 528 3691 Deum
559 3631 997 3696 collaudemus,
1028 3630 1112 3687 uti
1143 3630 1433 3704 scriptum
1465 3637 1553 3688 est
1575 3634 1616 3698 ⁸,
1644 3638 1702 3689 et
1730 3634 1814 3690 ita
1843 3635 1998 3692 inter

327 3722 706 3796 operandam
729 3721 1139 3794 precationem
1161 3721 1738 3796 expleamus,383
1770 3728 1997 3795 gratias

330 3814 574 3890 quidem
605 3817 853 3883 agentes
884 3812 958 3882 ei,
1001 3812 1109 3884 qui
1153 3817 1212 3867 et
1242 3827 1538 3868 manuum
1573 3813 1727 3869 vires
1753 3814 1831 3869 ad
1859 3831 1999 3872 con-

330 3903 591 3960 ﬁcienda
609 3906 887 3974 opera,et
906 3901 1125 3956 mentis
1149 3901 1456 3958 solertiam
1479 3900 1560 3957 ad
1590 3903 1998 3971 cognitionem

332 3991 814 4066 comparandam
867 3989 1316 4063 suppeditavit,
1371 3992 1602 4064 quique
1679 3993 1998 4050 materiam

331 4083 580 4156 largitus
609 4086 718 4151 est,
750 4085 874 4137 tam
903 4097 1038 4137 eam
1070 4096 1206 4153 quae
1247 4080 1309 4136 in
1337 4080 1780 4152 instrumentis,
1807 4097 1999 4155 quam

335 4191 471 4231 eam
501 4188 639 4246 quae
670 4173 731 4228 in
769 4171 1021 4228 excultis
1052 4187 1090 4226 a
1131 4170 1313 4226 nobis
1365 4171 1601 4227 artibus
1652 4170 1996 4243 adhibetur,

335 4256 654 4338 precantes
687 4278 853 4327 vero,
898 4264 963 4317 ut
990 4261 1110 4317 huc
1140 4265 1414 4333 spectent
1441 4277 1740 4318 manuum
1763 4265 2000 4320 nostra-
2031 4239 2077 4293 Β

334 4370 476 4414 rum
505 4368 712 4427 opera.
746 4357 808 4408 ut
837 4355 958 4408 Deo
987 4351 1366 4424 placeamus.

413 4539 467 4594 3.
500 4534 621 4590 Hoc
651 4532 836 4590 modo
860 4532 1039 4590 etiam
1068 4537 1332 4590 mentem
1358 4548 1394 4590 ο.
1415 4531 1588 4590 vanis
1618 4533 1996 4606 cogitationi-

1217 4677 1265 4712 ”
1298 4679 1343 4732 ll
1380 4677 1589 4733 Thess.
1620 4694 1701 4745 IlI,
1735 4679 1819 4735 10.

835 4751 856 4786 ⁴
890 4751 1026 4807 an.
1061 4765 1159 4817 xu,
1192 4752 1285 4808 48.
1362 4751 1383 4784 ⁵
1414 4749 1602 4806 Ecclc.
1637 4766 1724 4817 ut,
1762 4755 1811 4808 1.

328 4682 334 4688 ’
411 4679 456 4713 ³⁷
492 4676 696 4736 Matth.
739 4693 874 4745 xxv,
907 4679 995 4744 34,
1039 4681 1132 4733 35.

340 4752 363 4786 ³
393 4752 565 4807 Prov.
599 4766 674 4818 v1,
703 4753 758 4808 ϐ.

408 4893 523 4964 (99)
561 4893 770 4950 Fusius
797 4893 860 4950 in
898 4891 1238 4965 Colbertino
1280 4890 1539 4965 ἐδίψησα,
1563 4898 1671 4965 καὶ
1719 4892 1996 4948 ἐποτίσατέ

341 4985 405 5053 με
427 4986 442 4999 ο
495 4968 702 5053 γυμνός
733 4969 894 5038 ἤμην,
926 4970 1018 5053 xui
1046 4964 1386 5039 περιεϐάλετέ
1405 4985 1468 5038 με
1496 4987 1509 5000 ·
1553 4964 1601 5018 ἐν
1659 4965 1859 5039 φυλακῇ
1903 4971 1993 5020 καὶ

342 5037 702 5110 ἒπρσκέψασθέ
725 5056 824 5110 με·
861 5041 962 5110 Καὶ
991 5037 1133 5110 ὅσον.

414 5109 491 5191 (1)
540 5105 799 5191 Antiqui
825 5108 976 5191 _duo
1003 5108 1171 5191 ‘iibt‘i
1219 5112 1290 5191 e_t_
1325 5111 1512 5191 γρεεᾷ
1544 5129 1595 5161 τι
1658 5105 1740 5190 dii
1787 5107 1987 5191 λέγειν;

343 5177 508 5236 Alius
540 5197 651 5236 ms.
681 5177 733 5233 τῐ
760 5177 844 5252 δεῖ
885 5184 974 5232 καὶ
1003 5179 1199 5252 λέγειν;
1238 5181 1448 5251 Statim
1475 5183 1618 5249 Reg.
1649 5177 1886 5252 primus
1935 5189 1993 5239 et

341 5254 533 5328 VO§S._
556 5257 615 5328 et
647 5251 814 5328 Coll).
867 5251 1092 5328 pugnaui;
1144 5251 1376 5323 λέγοντος
1405 5275 1416 5286 ι
1458 5251 1516 5304 Ὀ
1547 5253 1617 5326 μὴ
1654 5251 1990 5328 ἓργαζὸμενος

341 5322 481 5398 μηδε
512 5323 744 5398 ἐσθιέτω.
774 5321 1306 5398 ᾨςόἧνξὰηγκοίία.
1415 5390 1418 5392 _

412 5398 493 5464 (2)
527 5395 1068 5470 Feteresduolibri
1091 5401 1209 5470 περὶ
1247 5396 1428 5470 αὑτοῦ.

410 5472 487 5530 (3)
526 5465 708 5521 Paulo
728 5466 899 5522 aliter
913 5467 974 5522 in
1006 5465 1172 5523 Colb'.
1201 5468 1499 5531 συνέζευξεν
1530 5467 1701 5523 εἰπών.

413 5539 487 5627 (4)
527 5540 667 5607 Reg.
688 5539 933 5665 (primus
962 5544 1020 5595 et
1049 5541 1214 5595 Voss.
1244 5544 1300 5596 et
1329 5539 1501 5596 Colb.
1535 5539 1785 5612 ἐργασίαν
1826 5538 1988 5593 ἁπαι-

413 5627 566 5665 δντος.
595 5609 684 5664 Ad
732 5611 954 5665 ldimus
969 5626 1092 5665 non
1112 5611 1292 5665 lonue
1321 5612 1579 5665 verbum
1617 5617 1749 5665 φησι
1778 5627 1810 5665 e
1829 5617 1988 5665 vete-

340 5619 567 5687 τοῦντοςε
595 5609 954 5687 addidimus
969 5626 1092 5668 non
1112 5611 1292 5684 longe
1321 5609 1579 5670 verbum
1600 5609 1684 5687 οη
1695 5617 1749 5665 σί
1778 5627 1810 5669 e
1829 5617 1988 5670 vete-

339 5682 510 5740 ribus
532 5679 773 5739 duobus
790 5681 962 5741 libris
977 5723 993 5740 .

1899 4680 1948 4714 9’
1979 4682 2151 4736 Prov.
2182 4696 2340 4743 χχιιι,
2373 4682 2466 4738 27.

1891 4752 1912 4786 ⁸
1936 4751 2168 4808 Coloss.
2201 4767 2285 4821 ιιι,
2325 4757 2410 4809 16.

2177 862 2231 914 2.
2275 862 2377 912 Καὶ
2407 859 2528 911 ὅσον
2575 861 2665 932 μεν
2695 861 2854 912 κακόν
2885 857 2999 912 ἔστι
3035 860 3094 911 τὸ
3125 865 3218 921 τῆς
3263 855 3464 932 ἀργίας,
3501 859 3555 910 τί
3589 862 3703 932 χρὴ

2106 947 2270 1021 λέγειν
2327 948 2425 1020 (1),
2494 955 2588 1001 τοῦ
2665 947 2983 1000 Ἀποστόλου
3047 955 3270 1022 φανερῶς
3329 946 3710 1021 παραγγέλλον·

2107 1057 2228 1105 τος,
2293 1041 2380 1090 τὸν
2445 1041 2519 1110 μὴ
2598 1035 2942 1113 ἔργαζόμενον
2997 1033 3138 1110 μηδε
3199 1026 3435 1104 έσθίειν;
3489 1036 3573 1098 Ὠς
3618 1033 3708 1090 οὖν

2109 1125 2390 1200 ἀναγκαῖον
2430 1127 2634 1199 ἑκάστῳ
2665 1127 2693 1185 ἠ
2728 1129 3048 1200 καθημερινὴ
3089 1129 3285 1201 προφὴ,
3331 1125 3495 1188 οὕτως
3544 1124 3710 1200 ἀναγ-

2109 1225 2255 1270 καῖον
2303 1221 2393 1268 καὶ
2445 1220 2504 1269 τὸ
2556 1219 2690 1268 κατὰ
2739 1213 2963 1289 δύναμιν
3003 1218 3170 1292 ἔργον.
3223 1214 3299 1268 Οῦ
3349 1217 3451 1290 γὰρ
3483 1217 3654 1289 μάτην
3684 1217 3711 1269 ὁ

2109 1305 2344 1380 Σολομὼν
2393 1304 2442 1358 έν
2491 1304 2682 1378 ἐπαίνῳ
2730 1304 2926 1379 ἔγραψε
2971 1309 3066 1357 τό·
3109 1311 3234 1359 Σῖτα
3281 1301 3340 1358 δε
3385 1306 3582 1381 ὁκνηρὰ
3617 1306 3714 1359 οῦκ

2367 1400 2467 1449 Καὶ
2521 1395 2677 1448 πάλιν
2732 1400 2851 1469 περὶ
2917 1395 3096 1448 έουτοῦ
3152 1395 3230 1465 (ἰ)
3285 1395 3312 1446 ὁ
3370 1393 3712 1463 ’Λπόστολος,

2111 1487 2191 1538 ὅτι
2239 1487 2374 1538 Οὔτε
2431 1481 2630 1559 δωρεὰν
2683 1486 2837 1558 ἄρτον
2895 1483 3147 1558 ἐφάγομεν
3205 1486 3348 1557 παρὰ
3403 1503 3562 1551 τινος,
3602 1483 3714 1537 ἀλλ’

2109 1398 2264 1469 ἔφαγε
2276 1439 2289 1451 .

2110 1573 2159 1628 ἕν
2218 1579 2361 1646 κόπῳ
2423 1579 2511 1626 καὶ
2567 1575 2780 1648 μόχθῳ,
2829 1577 3016 1636 νυκτός
3079 1579 3168 1626 xui
3234 1577 3428 1648 ἡμέρας
3493 1572 3716 1650 ἐργαζό-

2108 1684 2252 1739 μενοι
2281 1686 2294 1699 ο
2347 1670 2522 1718 καίτοι
2569 1667 2705 1737 έχων
2753 1664 3014 1733 ἐξουσίαν,
3042 1667 3101 1717 τὸ
3149 1663 3464 1737 Εὐαγγέλιον
3509 1683 3716 1739 καταγ-

2109 1754 2316 1828 γῦ.λων,
2352 1753 2402 1808 ἓν
2445 1762 2537 1807 τοῦ
2576 1753 2894 1828 Εὑαγγελίου
2941 1756 3058 1829 ζῇν.
3095 1760 3195 1808 Καὶ
3227 1756 3252 1807 ὁ
3286 1753 3479 1831 Κύριος
3529 1753 3588 1808 δε
3619 1759 3715 1816 τήν

2110 1843 2356 1919 ὁκνηρίαν
2415 1852 2477 1917 τῇ
2533 1848 2758 1920 πονηρίᾳ
2811 1843 3080 1915 συνῆψεν,
3134 1843 3287 1896 εἰπών
3334 1842 3460 1914 (3)·
3516 1849 3715 1919 Πονηρε

2112 1930 2265 1988 δοῦλε
2324 1940 2414 1987 καὶ
2472 1934 2678 2010 ὀκνηρέ.
2746 1933 2904 1988 Ἀλλὰ
2953 1940 3042 1988 καὶ
3091 1936 3117 1988 ὁ
3160 1937 3318 2008 σοφὸς
3366 1933 3600 2009 Σολομὼν
3651 1935 3712 1989 οῦ

2110 2028 2263 2098 μόνον
2322 2023 2518 2076 ἐπαινεῖ
2573 2029 2660 2076 τὸν
2727 2023 3069 2100 ἐργαζόμενον
3125 2021 3218 2077 διὰ
3268 2033 3369 2077 τῶν
3420 2045 3714 2099 μνημονευ-

2113 2116 2316 2181 θέντων,
2364 2113 2493 2165 ἀλλὰ
2529 2119 2620 2166 καὶ
2660 2112 2864 2186 ἇλέγχει
2911 2101 3255 2189 τὸίὸκνηρόν
3301 2120 3580 2190 συγκρίσει
3617 2123 3717 2169 τῶν

2109 2205 2434 2277 μικροτάτων
2489 2202 2655 2269 ζώων,
2709 2202 2906 2274 λέγων·
2965 2202 3068 2256 Ἴθι
3115 2207 3245 2278 πρὸς
3300 2205 3389 2254 τὸν
3441 2206 3715 2280 μύρμηκα,

2108 2292 2148 2341 ὦ
2193 2291 2396 2365 ὀκνηρέ.
2438 2289 2599 2344 Ὠστε
2638 2291 2912 2364 φοϐεῖσθαι
2961 2296 3097 2367 χρὴ,
3146 2297 3350 2366 μήποτε
3401 2293 3529 2366 ἡμῖν
3565 2301 3720 2347 τοῦτο

2109 2380 2200 2432 καί
2251 2378 2300 2432 έν
2353 2382 2524 2455 ἡμέρᾳ
2586 2386 2808 2454 κρίσεως
2871 2383 3162 2455 προενεχθῇ
3196 2421 3210 2448 ,
3277 2389 3371 2434 τοῦ
3425 2378 3719 2447 δεδωκότος

2109 2472 2234 2544 ἡμῖν
2286 2475 2378 2530 τὴν
2425 2475 2555 2545 πρὸς
2599 2475 2658 2523 τὸ
2709 2471 3027 2545 έργάζεσθαι
3076 2468 3323 2544 δύναμιν,
3363 2469 3720 2545 ἀναλογοῦσαν

2109 2568 2171 2632 τῇ
2240 2557 2460 2633 δυνάμει
2517 2565 2611 2619 τὴν
2669 2560 2920 2636 ἐργασίαν
2988 2559 3360 2622 ἐπιζητοῦντος
3411 2565 3505 2632 (4).
3569 2566 3721 2616 Διόπε

2109 2649 2179 2721 ’ῼ
2230 2651 2546 2725 παρέθεντο,
2603 2656 2774 2723 φησὶ,
2835 2649 3004 2718 πολὺ,
3054 2654 3428 2726 περισσότερον
3482 2648 3716 2708 ἁπαιτή-

2113 2757 2299 2791 σουσιν
2347 2739 2509 2792 αὐτόν
2551 2740 2644 2809 (5).
2699 2739 2837 2793 Ἐπεὶ
2893 2735 2953 2792 δέ
3003 2759 3133 2800 ⁴τινες
3183 2741 3440 2814 προφάσει
3477 2747 3577 2791 τῶν
3629 2738 3716 2791 εὖ-

2107 2835 2223 2900 χῶν
2281 2833 2370 2880 καὶ
2442 2837 2537 2890 τῆς
2593 2825 2910 2902 ψαλμῳδίας
2974 2835 3352 2903 παραιτοῦνται
3416 2830 3483 2880 τὰ
3547 2829 3710 2904 ἔργα,

2110 2913 2303 2970 εἰδέναι
2352 2914 2453 2986 δεῖ,
2488 2919 2567 2972 ὅτι
2617 2917 2700 2972 ἐπὶ
2741 2922 2833 2992 μεν
2881 2917 3045 2972 ἄλλων
3091 2927 3242 2972 τινῶν
3281 2917 3506 2971 ἕκάστου
3535 2922 3716 2994 καιρός

2105 3003 2248 3058 έστιν
2289 3003 2448 3075 ἴδιος,
2479 3010 2614 3060 κατὰ
2657 3011 2744 3060 τὸν
2777 3007 3200 3066 Ἐκκλησιαστὴν
3231 3007 3443 3060 εἰπόντα
3470 3028 3483 3041 ·
3522 3009 3716 3083 Καιρός

2103 3104 2178 3167 τῷ
2217 3102 2373 3150 παντὶ
2419 3099 2693 3174 πράγματι
2723 3119 2736 3132 ο
2777 3107 3086 3174 προσευχῆς
3133 3095 3192 3151 δε
3245 3102 3335 3152 xui
3377 3093 3712 3172 ψαλμῳδίας,

2106 3189 2280 3262 ὥσπερ
2325 3184 2414 3240 οὖν
2461 3193 2550 3240 καὶ
2610 3188 2790 3262 ἑτέρων
2838 3187 3104 3256 πλειόνων,
3149 3193 3252 3250 πᾶς
3303 3191 3484 3263 καιρὸς
3529 3187 3715 3247 ἑπιτή-

2108 3271 2282 3343 δειος,
2348 3278 2483 3330 ὥστε
2543 3277 2736 3350 μεταξὺ
2792 3279 2888 3340 τὰς
2947 3285 3120 3352 χεῖρας
3175 3284 3420 3330 κινοῦντα
3473 3281 3604 3352 πρὸς
3650 3279 3718 3329 τὰ

2107 3367 2250 3441 ἔργα,
2285 3369 2408 3420 ποτε
2450 3371 2541 3440 μεν
2585 3373 2674 3420 xui
2718 3377 2780 3442 τῇ
2822 3368 3063 3442 γλώσσῃ,
3099 3370 3219 3421 ὅταν
3262 3375 3416 3420 τοῦτο
3549 3365 3716 3420 δυνα-

2106 3459 2215 3524 τὸν,
2274 3456 2464 3530 μᾶλλον
2518 3453 2578 3511 δε
2631 3463 2906 3534 χρήσιμον
2961 3461 3090 3531 πρὸς
3145 3459 3221 3530 (6)
3274 3454 3560 3530 οἰκοδομὴν
3622 3466 3718 3521 τῆς

2104 3550 2368 3609 πίστεως·
2423 3548 2466 3600 εἰ
2521 3544 2581 3600 δε
2628 3553 2698 3622 μή
2741 3568 2820 3620 γε,
2865 3557 2928 3620 τῇ
2991 3545 3212 3624 καρδίᾳ,
3256 3547 3304 3600 ἐν
3347 3546 3574 3622 ψαλμοῖς
3623 3552 3716 3600 καὶ

2106 3635 2289 3709 ὕμνοις
2339 3642 2428 3690 xui
2481 3634 2648 3709 ᾠδαῖς
2693 3645 3071 3711 πνευματικαῖς
3127 3641 3215 3690 τὸν
3268 3641 3398 3691 Θεὸν
3452 3636 3713 3712 ἆνυμνεῖν,

2105 3727 2280 3788 καθὼς
2328 3731 2643 3801 γέγραπται,
2706 3732 2797 3779 xui
2862 3732 2957 3785 τὴν
3010 3731 3319 3802 προσευχὴν
3376 3727 3570 3800 μεταξύ
3624 3735 3718 3779 τοῦ

2107 3816 2259 3889 ἔργου
2299 3815 2530 3889 πληροῦν
2556 3838 2568 3850 ·
2603 3817 3039 3891 εὐχαριστοῦντες
3073 3821 3164 3890 μεν
3207 3825 3279 3888 τῷ
3324 3812 3583 3869 δεδωκότι
3627 3821 3719 3870 καὶ

2108 3900 2333 3977 δύναμιν
2389 3913 2583 3982 χειρῶν
2657 3911 2786 3980 πρὸς
2851 3909 3015 3981 ξογα,
3074 3911 3164 3958 καὶ
3229 3911 3414 3979 σοφίαν
3478 3902 3719 3969 διανοίας

2107 3997 2233 4068 πρὸς
2278 3992 2535 4066 ἀνάληψιν
2582 4003 2676 4058 τῆς
2725 3994 3050 4068 ἐπιστήμης,
3100 4000 3191 4048 xui
3231 4000 3326 4054 τὴν
3378 3995 3504 4055 ὕλην
3551 4015 3717 4069 χαρι-

2111 4089 2336 4158 σαμένῳ,
2367 4091 2462 4144 τήν
2510 4105 2564 4138 τε
2593 4083 2642 4137 ἐν
2672 4093 2782 4147 τοῖς
2812 4085 3117 4160 ἐργαλείοις,
3163 4092 3254 4138 καὶ
3300 4090 3394 4144 τήν
3435 4087 3718 4161 ὑποκειμέ-

2105 4194 2198 4232 νην
2248 4184 2363 4238 ταίς
2407 4180 2638 4247 τέχναις,
2686 4175 2853 4250 ἇσπερ
2897 4174 2958 4228 ἂν
3001 4177 3082 4249 (7)
3130 4179 3373 4250 τύχωμεν
3423 4174 3717 4252 ἔργαξόμε-

2106 4283 2222 4318 νοιο
2277 4271 2694 4341 προσευχόμενοι
2755 4263 2813 4319 δε
2866 4269 3278 4327 κατευθυνθῆναι
3320 4269 3388 4320 τὰ
3441 4271 3568 4342 ἔργα
3615 4275 3717 4320 τῶν

2106 4364 2302 4430 χειρῶν
2353 4357 2495 4429 ὑμῶν
2543 4359 2672 4433 πρὸς
2722 4361 2808 4409 τὸν
2864 4362 3057 4411 σκοπὸν
3113 4366 3210 4421 τῆς
3261 4359 3393 4433 πρὸς
3450 4359 3581 4412 Θεὸν
3639 4356 3720 4412 εὖ·

2108 4447 2455 4521 αρεστάσεως.

2176 4539 2230 4592 3.
2273 4537 2424 4589 Οὕτω
2471 4541 2562 4590 καὶ
2589 4538 2665 4610 (8)
2726 4541 2784 4591 τὸ
2836 4536 3224 4613 ἀμετεὼρεστον
3270 4545 3332 4611 τῇ
3391 4536 3546 4610 ψυχῇ
3595 4555 3720 4590 κατ-

2547 4683 2564 4718 ι
2595 4683 2640 4736 ll
2666 4682 2872 4739 Thess.
2903 4697 2981 4749 ιιι,
3009 4685 3062 4739 8.
3147 4683 3169 4716 ³
3201 4679 3404 4738 Matth.
3443 4696 3578 4749 xxv,
3621 4683 3716 4738 26.

2172 4896 2253 4968 (5)
2293 4895 2505 4952 Fusius
2532 4897 2592 4952 in
2625 4895 2968 4954 Colbertino
2995 4897 3309 4950 ἀπαιτοῦσιν
3341 4896 3522 4953 αὐτόν.
3546 4897 3708 4958 Δῆλον

2104 4963 2140 5020 δ
2142 4971 2164 5020 ι
2184 4963 2345 5020 ’τοῦτο
2370 4973 2461 5021 καὶ
2483 4975 2536 5021 ἐκ
2558 4976 2648 5020 τοῦ
2670 4973 3079 5042 πεπιστευμένου
3101 4972 3159 5042 τὸ
3189 4968 3456 5042 τάλαντον,
3491 4969 3542 5030 ὃς
3580 4989 3714 5042 μετα

2101 5047 2197 5101 τῆς
2244 5059 2497 5114 πονηριας
2549 5045 2650 5114 τὴν(
2696 5039 2957 5114 ὀκνηρίαν-
2991 5039 3265 5099 ἐνεκλήθη.
3313 5041 3514 5114 quue,
3541 5039 3715 5111 patet

2100 5113 2282 5168 etiam
2313 5112 2390 5168 ea:
2431 5129 2515 5180 eo,
2553 5113 2653 5167 cui
2699 5112 3111 5168 concreditum
3153 5115 3448 5168 talentum
3479 5113 3710 5180 fuerat,

2101 5184 2225 5256 qui
2241 5189 2467 5256 praeter
2507 5185 3256 5256 nequitiam-insimulatus
3285 5191 3372 5240 est
3409 5186 3707 5254 segnitiae,

2102 5252 2328 5310 ibidem
2357 5255 2480 5310 duo
2525 5252 2677 5310 mss.
2717 5252 2898 5314 ἐπειδὴ
2935 5253 3014 5311 δέ.
3049 5258 3178 5313 Mox
3218 5256 3343 5312 duo
3369 5252 3518 5312 mss.
3565 5271 3708 5313 cum

2100 5327 2268 5383 Voss.
2297 5329 2555 5402 προφάσει
2583 5335 2681 5380 τῶν
2707 5337 3038 5402 προσευχῶν.

2462 5398 2695 5481 primus
2727 5398 3000 5481 χρήσιμον
3025 5403 3115 5451 xui
3145 5403 3305 5481 πρός.

2169 5472 2246 5545 (7)
2509 5472 2682 5545 οξσπερ
2716 5470 2820 5525 ἐάν,
2854 5470 2925 5527 At
2962 5489 3105 5545 mss.
3141 5470 3260 5545 tres
3301 5471 3480 5544 ὥσπερ
3507 5471 3594 5545 ᾆδε.

2166 5542 2240 5618 (8)
2283 5541 2433 5597 Editi
2479 5541 2770 5618 οὔτ-ω’γόφ
2821 5542 3279 5618 xut._Voculam
3331 5541 3458 5616 γαρ
3487 5542 3702 5611 delevi,

2095 5611 2283 5670 ﬁdem
2309 5618 2582 5671 veterum
2607 5611 2872 5688 quatuor
2895 5614 3192 5674 librorum
3221 5611 3488 5674 secutus.
