4110 6374
413 290 546 349 1013

1580 292 1883 350 REGULE
1918 291 2166 352 FUSIUS
2199 292 2586 351 TRACTATE

3630 296 3774 351 10H

417 416 688 492 ορθοῦμιν,
745 416 866 470 ὅταν
910 415 982 492 ἔφ’
1030 415 1223 495 ἑκάστη
1278 415 1503 496 ἕνεργείᾳ
1555 422 1651 478 τήν
1698 434 1753 469 τε
1804 410 1993 470 εὖοδία

2121 414 2239 473 bus
2260 432 2613 485 avocamus,
2630 433 2767 474 cum
2789 418 2849 475 in
2866 419 3134 493 qualibet
3152 421 3383 478 actione
3402 434 3439 477 α
3456 419 3578 476 Deo
3599 420 3783 491 expo‘

414 513 508 567 τῆς
566 504 818 583 ὶργασίας
858 508 1004 581 παρὰ
1049 513 1183 561 Θεοῦ
1227 506 1468 583 αἰτῶμεν,
1517 511 1608 562 καὶ
1654 512 1749 567 τὴν
1802 505 2017 585 εὔχαρι-

419 600 567 647 στίαν
633 604 707 668 τῷ
759 592 1020 650 δεδωκότι
1073 600 1132 650 τὸ
1189 596 1405 673 ἐνεργεῖν
1463 594 1871 671 ἀποπληρῶμεν,
1926 599 2017 650 καὶ

413 686 502 737 τὸν
552 688 748 738 σκοπὸν
787 693 883 747 τῆς
928 689 1054 761 πρὸς
1109 686 1263 739 αὐτόν
1306 686 1686 764 εὐαρεστήσεως
1711 686 1787 757 (9)
1811 685 2015 759 φυλάσ-

417 792 604 849 σωμεν,
645 777 785 829 καθὰ
829 781 1156 851 προείρηται.
1217 774 1380 845 Ἐπεὶ,
1416 776 1460 830 εἰ
1495 780 1568 850 μὴ
1617 784 1787 830 ταῦτα
1832 782 2014 830 τοῦτον

412 864 526 937 ἵχει
582 868 672 918 τὸν
723 869 930 943 τρόπον,
982 874 1091 928 πῶς
1139 861 1362 919 δύναται
1420 864 1724 939 συμϐαίνειν
1772 863 2015 929 ἀλλήλοις

409 955 477 1008 τὰ
504 954 605 1008 ὖπὸ
634 962 727 1011 τοῦ
760 954 1087 1008 ,Ἀποστόλου
1128 954 1388 1031 εἰρημένα,
1440 959 1499 1009 τό
1536 976 1592 1009 τε
1634 952 2013 1016 Ἀδιαλείπτως

408 1045 786 1117 προσεύχεσθε,
844 1048 934 1095 καὶ
993 1046 1075 1112 τὸ,
1134 1047 1315 1099 Νύκτα
1378 1049 1469 1098 καὶ
1526 1047 1722 1119 ἡμέραν
1794 1043 2011 1118 ὶργαζό-

406 1151 549 1206 μενοι
575 1149 589 1200 ς
649 1131 723 1184 Οὔ
748 1135 851 1206 μὴν
882 1129 1062 1192 ἔπειδή
1095 1134 1125 1192 ἡ
1157 1134 1269 1208 (10)
1313 1132 1363 1187 ἓν
1408 1139 1565 1188 παντὶ
1593 1143 1759 1213 καιρῷ
1786 1134 2010 1211 εὔχαρι·-

406 1224 528 1273 στία
555 1224 643 1273 καὶ
683 1224 823 1295 νόμῳ
866 1226 1270 1297 προστέτακται,
1315 1227 1406 1276 καὶ
1452 1221 1707 1298 ἀναγκαία
1754 1225 1900 1298 ἡμῶν
1942 1233 2006 1300 τῇ

401 1307 507 1383 ζωῇ
542 1306 813 1365 δέδεικται
859 1314 996 1365 κατά
1034 1331 1089 1366 τε
1139 1316 1294 1386 φύσιν
1324 1317 1414 1366 καὶ
1446 1312 1617 1387 λόγον,
1672 1316 2009 1391 παρορᾶσθαι

399 1393 485 1452 δεῖ
542 1402 662 1462 τοὺς
715 1397 1198 1475 διατετυπωμένους
1261 1407 1472 1478 καιροὺς
1529 1412 1631 1456 τῶν
1692 1413 2007 1481 προσευχῶν

398 1485 447 1539 ἕν
512 1495 629 1552 ταῖς
697 1487 1063 1564 ἀδελφότησιν,
1133 1492 1223 1555 οὕς
1293 1490 1587 1566 ἀναγκαίως
1651 1491 2003 1567 έξελεξάμεθα,

398 1575 620 1631 ἑκάστου
686 1575 827 1633 ἰδίαν
887 1583 1005 1634 τινὰ
1056 1581 1350 1654 ὑπόμνησιν
1401 1589 1501 1634 τῶν
1547 1583 1691 1656 παρὰ
1737 1590 1826 1636 τοῦ
1870 1590 2005 1637 Θεοῦ

397 1665 605 1741 ἀγαθῶν
636 1671 869 1743 ἔχοντος·
916 1674 1004 1725 τόν
1044 1674 1135 1747 μεν
1165 1672 1279 1745 (il)
1322 1675 1526 1749 ὄρθρον,
1568 1676 1702 1727 ὥστε
1731 1676 1796 1727 τὰ
1823 1682 2006 1751 πρῶτα

2126 505 2358 564 scimus
2388 510 2446 563 et
2473 505 2709 564 felicem
2740 509 2939 582 operis
2970 525 3339 575 successum,
3373 514 3430 566 et
3458 509 3511 566 ei
3530 507 3635 580 qui
3656 507 3778 563 vim

2123 595 2347 667 agendi
2366 595 3108 670 impertivit,rependimus
3131 598 3379 668 gratias,
3394 595 3781 670 cumque,uti

2122 690 2302 744 antea
2323 685 2573 757 dictum,
2590 687 2972 760 propositum
2993 687 3046 743 ei
3072 687 3355 760 placendi
3377 685 3777 742 custodimus.

2122 775 2354 833 Etenim
2383 776 2501 834 nisi
2529 777 2659 833 haec
2681 776 2760 833 ita
2784 792 2849 833 se
2872 776 3160 849 habeant,
3190 778 3296 850 qui
3316 775 3445 832 fieri
3474 779 3691 850 potest,
3712 780 3781 832 ut

2121 866 2460 923 cohaereant
2484 866 2639 923 inter
2669 883 2731 923 se
2752 883 2890 941 quae
2915 866 2996 922 ab
3026 866 3315 940 Apostolo
3341 858 3501 922 dicta
3531 868 3691 934 sunt,
3722 869 3780 922 et

2119 952 2266 1010 illud
2295 953 2593 1025 videlicet,
2624 955 2772 1012 Sine
2795 956 3241 1012 intermissione
3260 954 3501 1013 orate":
3531 957 3587 1010 et
3605 952 3776 1020 illud,

2115 1042 2305 1101 Nocte
2323 1049 2380 1101 et
2398 1045 2495 1101 die
2514 1050 2830 1115 operantes
2843 1046 2864 1079 ⁸
2878 1046 2907 1103 ?
2929 1043 3132 1117 Neque
3152 1060 3316 1113 vero,
3332 1043 3624 1117 quoniam
3648 1056 3782 1112 gra-

2116 1132 2337 1190 tiarum
2376 1134 2532 1190 actio
2574 1132 2707 1203 lege
2736 1134 2917 1190 etiam
2959 1138 3262 1207 praecepta
3290 1138 3383 1189 est
3428 1132 3596 1189 omni
3624 1136 3777 1188 tem-

2115 1237 2282 1296 pore,
2307 1238 2568 1296 eamque
2593 1223 2731 1279 vita:
2761 1229 2983 1279 nostrae
3015 1223 3425 1280 necessariam
3456 1237 3587 1277 esse
3617 1226 3674 1278 et
3702 1235 3779 1277 ex

2115 1317 2333 1369 natura
2371 1316 2429 1369 et
2471 1327 2541 1369 ex
2567 1312 2803 1369 ratione
2841 1317 3388 1369 commonstratum
3410 1315 3517 1378 est,
3550 1310 3777 1367 idcirco

2114 1406 2353 1477 oportet
2381 1402 2804 1475 precationum
2826 1407 3104 1475 tempora
3141 1406 3200 1459 et
3227 1401 3478 1458 fratrum
3510 1414 3776 1457 conven-

2113 1492 2274 1549 tibus
2299 1492 2624 1549 constituta
2650 1491 2977 1563 negligere,
3007 1507 3147 1565 quas
3172 1490 3523 1547 necessario
3548 1489 3773 1560 delegi-

2112 1598 2269 1654 mus,
2287 1582 2453 1656 quod
2479 1597 2691 1639 eorum
2720 1581 3039 1656 quodlibet
3067 1586 3318 1654 accepta
3343 1596 3380 1637 a
3401 1583 3522 1637 Deo
3546 1578 3773 1635 beneﬁ-

2112 1673 2205 1732 cia
2229 1672 2518 1744 singulari
2540 1674 2812 1747 quodam
2836 1672 3020 1730 modo
3045 1672 3108 1729 in
3129 1672 3488 1729 memoriam
3509 1675 3769 1727 revocet.

393 1764 659 1834 κινήματα
695 1769 791 1825 τῆς
837 1760 1043 1835 ψυχῆς,
1076 1767 1166 1815 καὶ
1208 1771 1301 1816 τοῦ
1344 1771 1453 1835 νοῦ,
1507 1762 1817 1839 ἀναθήματα
1873 1761 1993 1819 εἶναι

2110 1764 2460 1822 Matutinum
2511 1763 2783 1837 quidem,
2823 1767 2890 1819 ut
2926 1761 3113 1819 animi
3160 1778 3232 1819 ac
3279 1761 3497 1818 mentis
3549 1764 3769 1816 nostras

395 1857 551 1921 Θεοῦ,
604 1853 696 1904 καὶ
739 1848 910 1926 μηδεν
952 1852 1119 1927 ἕτερον
1167 1850 1544 1927 ἀναλαμϐάνειν
1601 1854 1673 1917 εἰς
1724 1851 1996 1932 φροντίδα,

390 1944 513 2018 πρὶν
566 1940 596 2002 ἦ
642 1947 706 2015 τῇ
765 1943 908 2012 παρὰ
946 1948 1081 1995 Θεοῦ
1138 1939 1303 2017 ἐννοίᾳ
1355 1942 1778 2017 ένευφρανθῆναι,
1829 1946 1999 2007 καθὼς

387 2033 683 2107 γέγραπται
716 2030 847 2103 (12)·
902 2029 1199 2105 Ἐμνήσθην
1254 2038 1347 2085 τοῦ
1406 2040 1559 2102 Θεοῦ,
1621 2036 1710 2086 καὶ
1772 2033 1998 2108 ηὐφράν-

392 2122 505 2179 θην·
550 2116 691 2194 μηδὶ
734 2127 887 2193 σῶμα
927 2126 1145 2179 κινῆσαι
1190 2122 1320 2196 πρός
1359 2119 1626 2197 ίργασίαν,
1674 2126 1797 2198 πρὶν
1834 2132 1995 2184 ποιῆ-

390 2228 481 2262 σαι
536 2211 593 2262 τό
660 2208 947 2284 εἰρημένον,
1014 2209 1096 2262 ὅτι
1159 2213 1293 2286 Πρὸς
1337 2212 1395 2263 σε
1446 2210 1821 2287 προσεύξομαι,
1883 2215 1993 2267 Κύ-

383 2319 483 2375 ριε’
535 2303 625 2352 καὶ
682 2302 739 2352 τό
796 2303 934 2375 πρωὶ
988 2298 1273 2373 εἰσακούση
1343 2307 1440 2363 τῆς
1504 2309 1676 2374 φωνῆς
1740 2320 1864 2374 μου·
1931 2304 1991 2355 τὸ

384 2392 520 2464 πρωὶ
594 2393 1011 2465 παραστήσομαί
1064 2407 1168 2458 σοι,
1232 2392 1323 2441 καὶ
1383 2387 1648 2463 ίπόψομαι
1688 2391 1815 2461 (l3)°
1882 2392 1991 2443 πά-

382 2479 461 2532 λιν
493 2474 553 2532 δε
598 2480 734 2532 κατά
761 2482 856 2538 τὴν
898 2481 1080 2553 τρίτην
1129 2481 1265 2554 ὥραν
1313 2478 1384 2542 εἰς
1431 2484 1525 2539 τὴν
1567 2484 1874 2555 προσευχὴν
1906 2477 1989 2532 ἀν·

388 2569 656 2641 ίστασθαι,
698 2572 790 2621 καὶ
839 2567 1166 2643 ἕπισυνάγειν
1214 2575 1308 2631 τὴν
1354 2566 1704 2645 ἀδελφότητα,
1765 2568 1859 2622 κᾶν
1902 2573 1988 2624 τύ-

382 2677 557 2731 χωσιν
600 2657 746 2711 ἁλλοι
776 2661 908 2731 πρὸς
945 2657 1074 2711 ἄλλα
1117 2661 1244 2736 ἔργα
1287 2662 1675 2737 μεμερισμένοι·
1723 2662 1812 2712 καὶ
1849 2660 1985 2712 ὑπο-

382 2749 706 2821 μνησθέντας
765 2754 863 2810 τῆς
918 2755 1011 2802 τοῦ
1070 2751 1371 2822 Πνεύματος
1432 2746 1647 2826 δωρεάς,
1701 2759 1793 2814 τῆς
1849 2751 1987 2804 κατά

382 2840 477 2894 την
519 2840 699 2912 τρίτην
729 2837 866 2911 ὤραν
896 2844 1004 2899 τοῖς
1059 2834 1366 2900 ἀποστόλοις
1414 2834 1721 2912 δεδομένης.
1752 2857 1984 2915 προσκυο

383 2932 543 2983 νῆσαι
596 2926 792 2988 πάντας
842 2923 1200 3001 ὁμοθυμαδὸν,
1265 2926 1338 2991 εἰς
1396 2930 1455 2980 τὸ
1510 2925 1686 2991 ἀξίους
1741 2930 1985 3000 γενέσθαι

381 3018 470 3066 καὶ
509 3013 699 3077 αὐτοὺς
745 3023 841 3077 τῆς
883 3012 1165 3089 ὑποδοχῆς
1192 3024 1285 3069 τοῦ
1324 3016 1613 3091 ἀγιασμοῦ,
1644 3022 1734 3069 καὶ
1771 3017 1982 3071 αἰτοῦν-

374 3122 461 3166 τας
489 3109 583 3165 τὴν
612 3106 737 3183 παρ’
777 3104 936 3159 αὐτοῦ
981 3102 1206 3179 όδηγίαν
1235 3111 1325 3159 καὶ
1375 3103 1732 3160 διδασκαλίαν
1769 3110 1896 3183 πρὸς
1923 3110 1982 3160 τό
2014 3136 2055 3193 C

1442 3193 1679 3273 Καρδίαν
1747 3198 1982 3271 καθαρὰν

374 3198 635 3269 συμφέρον
667 3237 682 3263 ,
758 3199 895 3248 κατά
954 3200 1042 3249 τόν
1118 3196 1358 3250 εἰπόντα·

370 3286 551 3337 κτίσον
577 3282 625 3336 έν
656 3282 788 3357 ἐμοὶ,
831 3286 856 3337 ὁ
901 3288 1049 3358 Θεὸς,
1075 3290 1165 3339 καὶ
1192 3294 1396 3360 πνεῦμα
1426 3287 1567 3349 εὐθες
1610 3284 1902 3359 ἕγκαίνισον
1933 3284 1982 3339 ἓν

369 3379 478 3435 τοῖς
503 3371 745 3447 ἱγκάτοις
774 3394 895 3448 μουα
919 3379 991 3450 μὴ
1026 3372 1327 3452 ἀπορρίψης
1349 3395 1415 3449 με
1442 3374 1542 3428 ἀπό
1572 3382 1665 3429 τοῦ
1694 3381 1981 3451 προσώπου

372 3482 492 3531 σου,
524 3467 614 3516 καὶ
662 3467 722 3518 τὸ
772 3468 980 3540 Πνεῦμά
1018 3484 1112 3519 σου
1159 3468 1216 3519 τὸ
1264 3464 1414 3538 ἅγιον
1459 3470 1531 3540 μὴ
1574 3464 1852 3541 ἀντανίλης
1898 3463 1984 3519 ἀπ’

372 3551 520 3607 iam}
563 3549 762 3617 ἀπόδος
797 3573 889 3629 μοι
931 3558 1027 3615 τὴν
1067 3553 1375 3628 ἀγαλλίασιν
1421 3563 1513 3610 τοῦ
1554 3560 1811 3631 σωτηρίου
1862 3574 1979 3622 σου,

368 3648 459 3695 καὶ
488 3646 744 3718 πνεύματι
783 3644 1077 3718 ἡγεμονικῷ
1110 3644 1357 3718 στήριξόν
1386 3664 1470 3719 με’
1503 3649 1592 3697 καὶ
1623 3642 1877 3718 ἀλλαχοῦ·
1910 3647 1980 3699 Τὸ

369 3735 578 3807 Πνεῠμά
610 3752 706 3787 σου
749 3736 807 3787 τὸ
838 3732 1031 3807 ἀγαθόν
1070 3731 1332 3807 ὁδηγήσει
1361 3754 1425 3809 με
1468 3733 1519 3788 έν
1560 3742 1628 3809 γῇ
1662 3735 1855 3810 εὐθείᾳ·
1888 3739 1981 3789 καὶ

365 3825 475 3895 (Hi)
507 3821 643 3876 οὕτω
670 3822 825 3876 πάλιν
854 3832 953 3878 τῶν
984 3825 1143 3899 ἔργων
1170 3826 1412 3899 ἔχεσθαι.

436 3932 493 3989 4.
544 3928 652 3985 Κᾶν
676 3929 989 4008 πορρωτέρω
1029 3928 1089 3986 δέ
1135 3952 1237 3986 που
1298 3929 1394 3987 διὰ
1438 3938 1534 3993 τὴν
1592 3942 1692 3987 τῶν
1740 3936 1898 4009 ἔργων
1945 3934 1976 3995 ἦ

363 4028 464 4072 τῶν
516 4023 686 4075 τόπων
738 4023 895 4095 φύσιν
977 4017 1249 4095 διάγοντες
1305 4021 1692 4098 ἀποληφθῶσι,
1749 4023 1981 4102 πληροῦν

366 4104 664 4180 ἀναγκαίως
710 4107 1005 4182 ὀφείλουσιν
1072 4112 1177 4164 ἑκεί
1231 4110 1429 4165 ἕκαστα
1474 4115 1539 4166 τά
1586 4121 1732 4187 κοινῇ
1785 4109 1979 4176 δόξαν-

364 4216 453 4265 τα,
494 4193 664 4271 μηδεν
709 4195 1119 4273 διακρινόμενοι.
1172 4200 1252 4252 ὅτι
1307 4198 1477 4254 Ὅπου
1529 4200 1590 4254 an.
1649 4202 1752 4255 ὦσι
1797 4199 1896 4256 δύο
1944 4203 1974 4265 ἣ

365 4292 506 4360 τρεῖς
572 4290 890 4359 συνηγμένοι
923 4328 937 4354 ,
1007 4292 1166 4360 φησὶν
1234 4289 1261 4339 ὁ
1330 4292 1543 4362 Κύριος,
1614 4290 1681 4352 εἰς
1736 4294 1794 4344 τό
1858 4291 1978 4365 ἐμὸν

368 4376 551 4449 ὄνομα,
601 4373 706 4429 έκεί
772 4376 879 4448 εἰμι
936 4375 988 4429 ἐν
1034 4380 1178 4449 μέσῳ
1232 4377 1438 4434 αὐτῶν.
1494 4379 1576 4433 Ἐν
1624 4376 1684 4434 δε
1730 4385 1792 4441 ri;
1853 4383 1974 4457 ἕκτῃ

2107 1852 2289 1928 primi
2313 1857 2513 1911 motus
2544 1855 2664 1909 Deo
2690 1855 3140 1920 consecrantur,
3157 1855 3216 1908 et
3236 1850 3385 1907 nihil
3408 1849 3572 1907 aliud
3603 1849 3770 1923 prius

2108 1940 2447 1998 curandum
2479 1939 2905 2014 suscipiamus,
2928 1955 3118 2012 quam
3134 1936 3447 1995 exhilarati
3473 1936 3768 1993 fuerimus

2105 2031 2209 2089 Dei
2228 2032 2610 2102 cogitatione,
2628 2030 2782 2087 sicut
2801 2028 3093 2102 scriptum
3113 2032 3232 2084 est:
3254 2027 3487 2085 Memor
3510 2028 3613 2099 fui
3632 2027 3761 2097 Dei,

2104 2127 2160 2180 et
2185 2122 2515 2179 delectatus
2535 2136 2665 2177 sum
2682 2123 2705 2156 ⁹
2734 2137 2749 2176 :
2789 2135 2990 2193 neque
3018 2134 3242 2192 corpus
3272 2122 3411 2175 ante
3437 2117 3766 2175 admovea-

2101 2214 2199 2268 tur
2218 2210 2405 2285 operi,
2430 2226 2619 2284 quam
2644 2208 3023 2266 effecerimus
3048 2207 3215 2282 quod
3244 2205 3476 2262 dictum
3503 2212 3631 2262 est:
3664 2204 3766 2262 Ad

2102 2307 2157 2359 te
2166 2316 2274 2358 ora
2282 2301 2525 2369 bo,Dom
2533 2302 2654 2371 ine;
2665 2314 2844 2356 mane
2858 2298 3141 2355 exaudis:
3153 2311 3348 2353 vocem
3362 2311 3551 2352 meam
3561 2295 3765 2352 .Mane

2099 2391 2302 2448 astabo
2350 2391 2462 2448 tibi
2502 2396 2557 2448 et
2602 2389 2809 2447 videbo
2833 2390 2900 2445 ιο.
2949 2390 3176 2444 Rursus
3216 2402 3359 2443 vero
3388 2385 3563 2443 tertia
3606 2383 3763 2443 hora

2098 2484 2380 2552 surgatur
2407 2479 2488 2536 ad
2524 2478 2922 2553 precandum,
2967 2477 3300 2550 fratresque
3330 2477 3758 2544 convocentur,

2096 2566 2331 2626 etiamsi
2362 2570 2541 2625 divisi
2579 2568 2678 2625 alii
2716 2567 2848 2624 aliis
2875 2565 3161 2640 operibus
3190 2565 3407 2621 fuerint
3440 2563 3759 2637 occupati;

2095 2664 2155 2715 et
2182 2659 2264 2716 ita
2295 2658 2550 2733 Spiritus
2572 2658 2806 2716 donum
2829 2656 3239 2714 circatertiam
3266 2656 3480 2712 horam
3511 2657 3759 2727 aposto-

2093 2748 2168 2806 lis
2199 2748 2486 2806 eollatum
2513 2748 2574 2805 in
2603 2746 2963 2805 memoriam
2993 2746 3359 2817 redigentes,
3390 2760 3602 2801 omnes
3631 2758 3757 2800 uno

2094 2838 2431 2913 eodemque
2457 2838 2664 2895 animo
2688 2837 2860 2894 illum
2889 2841 3271 2902 venerentur,
3300 2838 3358 2891 ut
3377 2833 3492 2908 ipsi
3511 2848 3755 2907 quoque

2093 2929 2244 2987 ﬁant
2267 2929 2459 2999 digni,
2480 2929 2706 3002 quibus
2737 2929 3023 2985 sanctitas
3066 2924 3430 2992 conferatur,
3453 2922 3756 2997 simulque

2092 3023 2322 3093 petant,
2355 3023 2420 3075 ut
2449 3018 2571 3074 dux
2604 3018 2679 3074 sit
2725 3016 2975 3084 itineris,
3021 3031 3093 3072 ac
3122 3031 3195 3072 ea
3222 3031 3360 3088 qum
3391 3013 3554 3070 utilia
3589 3018 3753 3083 sunt,

2093 3106 2363 3174 edoceat,
2393 3106 2567 3177 juxta
2596 3121 2758 3175 eum,
2788 3104 2895 3179 qui
2922 3103 3110 3159 dixit:
3144 3103 3267 3161 Cor
3292 3102 3584 3158 mundum
3616 3115 3757 3157 crea

2093 3198 2157 3253 in
2186 3212 2297 3263 me,
2322 3198 2501 3265 Deus,
2537 3200 2592 3253 et
2612 3196 2895 3266 spiritum
2915 3199 3144 3250 rectum
3177 3193 3399 3248 innova
3420 3194 3484 3248 in
3514 3191 3756 3247 visceri-

2093 3286 2203 3343 bus
2227 3289 2391 3344 meis.
2423 3287 2515 3343 Ne
2538 3287 2833 3357 projicias
2862 3299 2954 3341 me
2974 3298 3008 3340 α
3026 3284 3190 3354 facie
3220 3287 3346 3352 tua,
3372 3286 3424 3338 et
3454 3281 3754 3351 Spiritum

2092 3382 2370 3433 sanctum
2393 3382 2560 3431 tuum
2594 3390 2668 3431 ne
2688 3373 2936 3444 auferas
2965 3388 3002 3429 a
3032 3387 3144 3431 me.
3174 3370 3377 3429 Redde
3412 3370 3565 3426 mihi
3609 3370 3754 3426 laeti-

2096 3467 2242 3522 tiam
2270 3466 2565 3523 salutaris
2605 3464 2715 3533 tui,
2754 3469 2809 3521 et
2835 3464 3059 3534 spiritu
3089 3461 3425 3532 principali
3461 3460 3756 3529 conﬁrma

2091 3571 2185 3614 me
2199 3558 2214 3591 ¹
2227 3558 2240 3591 ¹
2253 3557 2340 3612 .Et
2356 3553 2529 3612 alibi:
2549 3554 2813 3626 Spiritus
2837 3559 2974 3609 tuus
2987 3551 3174 3608 bonus
3196 3550 3446 3607 deducet
3459 3550 3621 3607 mein
3640 3554 3754 3606 ter-

2092 3661 2225 3702 ram
2256 3652 2483 3703 rectam
2504 3646 2571 3704 ¹².
2615 3641 2830 3717 Sicque
2850 3657 3060 3700 rursus
3091 3639 3525 3697 incumbamus
3554 3637 3754 3712 operi-

2089 3733 2230 3793 bus.

2160 3935 2215 3991 4.
2257 3933 2429 4001 Quod
2478 3932 2530 3991 si
2559 3932 2711 3990 forte
2753 3930 2941 4005 aliqui
2969 3933 3219 4005 propter
3246 3943 3500 4002 operum
3531 3929 3637 3983 aut
3662 3924 3751 3982 lo-

2090 4039 2303 4082 corum
2340 4028 2623 4080 naturam
2674 4020 2912 4094 longius
2943 4018 3265 4086 abiuerint,
3305 4016 3423 4076 illic
3462 4016 3589 4073 sine
3627 4015 3751 4073 ulla

2088 4113 2463 4172 haesitatione
2493 4114 2738 4185 singula
2757 4128 2895 4186 quae
2917 4108 3318 4166 communiter
3344 4111 3568 4163 statuta
3588 4109 3748 4174 sunt,

2090 4204 2339 4278 exsequi
2369 4201 2711 4260 necessario
2742 4201 2964 4257 debent
2989 4218 3002 4256 :
3036 4215 3181 4269 nam
3213 4198 3297 4265 Si,
3328 4196 3524 4270 inquit
3551 4195 3749 4253 Domi-

2088 4309 2228 4360 nus,
2256 4293 2376 4349 duo
2411 4293 2506 4349 vet
2534 4298 2654 4349 tres
2682 4295 2823 4347 sunt
2854 4289 3208 4361 congregati
3233 4305 3295 4344 in
3331 4286 3571 4343 nomine
3598 4300 3748 4349 meo,

2089 4383 2176 4439 ibi
2196 4398 2328 4439 sum
2353 4383 2418 4437 in
2441 4382 2634 4438 medio
2660 4396 2864 4438 eorum
2882 4380 2951 4437 ¹³.
2982 4380 3159 4437 Sexta
3187 4390 3434 4450 quoque
3461 4374 3615 4432 hora
3640 4390 3749 4430 ne-

370 4467 482 4539 ὥρᾳ
536 4466 674 4519 κατά
718 4469 948 4539 μίμησιν
991 4474 1091 4519 τῶν
1138 4466 1303 4539 ἁγίων
1357 4464 1644 4539 ἀναγκαίαν
1703 4470 1831 4523 εἶναι
1884 4476 1979 4531 τὴν

2102 4470 2417 4528 3essm‘ium
2446 4487 2581 4528 esse
2609 4468 3044 4544 precationem,
3078 4472 3429 4524 sanctorum
3469 4462 3749 4536 exemplo

367 4558 677 4630 προσευχὴν
730 4553 1030 4630 ἐκρίναμεν,
1093 4565 1195 4609 τῶν
1241 4554 1510 4628 λεγόντωνο
1561 4556 1812 4633 Ἐσπέρας
1889 4566 1980 4614 καὶ

368 4649 508 4718 πρωὶ
573 4648 663 4696 καὶ
722 4645 1050 4720 μεσημϐρίας
1108 4642 1445 4719 διηγήσομαι
1513 4651 1602 4700 καὶ
1669 4646 1976 4721 ἀπαγγελῶ,

368 4739 460 4790 καὶ
502 4734 869 4789 εἰσακούσεται
914 4743 1006 4797 τῆς
1049 4742 1221 4809 φωνῆς
1269 4755 1394 4810 μουο
1447 4741 1537 4790 καὶ
1585 4740 1721 4792 ὥστε
1768 4740 1979 4814 ῥυσθῆ-

436 4913 457 4948 ⁷
499 4915 522 4970 ι
554 4914 758 4972 Thess.
786 4931 843 4985 ι’,
878 4920 964 4973 17.
1060 4915 1081 4951 ⁸
1120 4914 1169 4973 ΙΙ
1193 4914 1397 4974 Thess.
1429 4931 1514 4986 ιιι,
1543 4919 1598 4975 8.

359 5018 535 5073 anu,
565 5009 652 5062 10.
730 5004 778 5043 ⁸⁸
816 5006 1018 5064 Matth.
1049 5011 1314 5075 xvm,20.
1392 5008 1440 5043 “
1478 5007 1630 5066 Psal.
1657 5024 1770 5082 Liv,
1798 5013 1889 5067 18.

1526 5128 1546 5169 ι

431 5184 509 5262 (9)
550 5183 752 5262 Codex
781 5183 951 5262 Coib.
999 5193 1090 5247 τῆς
1129 5188 1261 5262 πρὸς
1305 5189 1434 5240 Θεὸν
1476 5186 1618 5262 εὐαρ.
1665 5190 1796 5245 Mox
1828 5190 1969 5261 Reg.

354 5257 597 5331 primus
618 5258 734 5331 ἔχει
760 5259 846 5309 τόν
867 5261 1077 5331 τρόπον.

429 5328 541 5400 (10)
571 5327 827 5400 Additus
865 5327 956 5384 est
983 5327 1269 5384 articulus
1300 5343 1373 5385 ex
1402 5329 1607 5386 multis
1633 5331 1970 5390 codicibus.

432 5398 552 5478 (11)
592 5398 747 5478 ξςάίιί
777 5402 979 5478 rapi».
1012 5401 1247 5478 Veteres
1288 5407 1552 5478 quatuor
1578 5402 1717 5459 libri
1742 5406 1829 5456 τὸν
1860 5409 1975 5478 μέν.

439 5473 737 5549 (12))188.
761 5472 1008 5549 primus
1033 5475 1092 5528 et
1121 5472 1387 5549 voss.‘et
1430 5473 1596 5531 Coll).
1633 5479 1772 5549 κατά
1800 5472 1976 5549 τό’γι-

366 5546 684 5624 γραμμένξν.
710 5542 1036 5624 Aliquanto
1060 5547 1194 5617 post
1215 5542 1340 5624 duo
1356 5560 1503 5624 mss.
1532 5550 1654 5621 πρὶν
1676 5547 1705 5607 ἦ
1728 5555 1851 5624 ποιῆ
1863 5542 1976 5624 σαι,

440 5614 559 5685 (13)
591 5615 737 5685 Reg.
783 5614 1018 5690 primus
1062 5614 1481 5691 Ῑειιιιροιοντιόσοριαί
1523 5614 1608 5672 σοι
1644 5623 1735 5674 καὶ
1786 5617 1981 5693 έπόψοο

2084 4561 2520 4634 judicavimus,
2555 4560 2661 4635 qui
2686 4560 2922 4616 dicunt:
2975 4558 3224 4627 Vespere
3260 4562 3314 4612 et
3344 4570 3519 4611 mane
3543 4558 3596 4609 et
3622 4567 3747 4609 me-

2089 4650 2244 4708 ridie
2272 4650 2541 4708 narrabo
2580 4657 2635 4707 et
2665 4646 3082 4706 annuntiabo:
3121 4651 3177 4702 et
3225 4643 3506 4701 exaudiet
3545 4656 3746 4698 vocem

2087 4742 2364 4800 meam“.
2396 4743 2460 4800 Et
2489 4746 2554 4799 ut
2592 4739 2920 4798 liberemur
2949 4736 3029 4795 ab
3057 4735 3307 4794 incursu
3336 4737 3395 4794 et
3442 4730 3747 4791 daemonio

1694 4919 1715 4954 ’
1756 4918 1914 4976 Psal.
1938 4936 1993 4978 ιι

2102 4938 2128 4994 1,
2152 4922 2207 4978 4.
2286 4921 2334 4959 ¹⁰
2370 4918 2526 4980 Psal.
2556 4936 2615 4981 v.
2638 4921 2694 4993 4,
2720 4923 2776 4983 5.
2852 4918 2897 4956 "
2937 4915 3091 4976 Psal.
3122 4929 3178 4987 ι,
3211 4916 3298 4986 12,
3323 4916 3413 4972 t3.
3504 4913 3552 4950 "
3589 4910 3744 4971 Psal.

2082 5212 2204 5266 μαι,
2228 5196 2292 5266 et
2321 5191 2552 5249 videbo.
2596 5189 2798 5248 Codex
2840 5191 3008 5266 Yoss.
3039 5184 3303 5266 et_Coib.
3334 5187 3425 5237 καὶ
3455 5181 3626 5266 ίπόψη
3660 5202 3742 5266 με,

2086 5255 2140 5320 'et
2176 5255 2395 5321 uideris
2427 5276 2536 5320 me.
2570 5267 2712 5332 Reg.
2746 5261 2956 5319 tertius
2982 5265 3072 5314 καὶ
3106 5256 3287 5330 imbui
3320 5275 3404 5331 μι,
3437 5262 3493 5312 et
3521 5255 3749 5313 videbis

2084 5350 2198 5393 me.
2224 5336 2377 5410 Edtti
2404 5338 2825 5410 παραστήσομαι
2849 5332 3139 5410 σοι-πάλιν.

2158 5410 2273 5479 (14)
2314 5396 2680 5463 Particulam
2721 5396 2816 5479 ,καὶ
2845 5404 3054 5479 addidi
3085 5418 3156 5461 ex
3200 5399 3461 5479 an_tiquis
3506 5396 3751 5454 duobus

2085 5471 2276 5535 usus;
2330 5479 2542 5537 Statim
2592 5477 2735 5535 editi
2774 5482 2832 5534 et
2877 5476 3003 5533 duo
3057 5491 3209 5532 mss.
3255 5471 3526 5544 διάγοντες
3592 5488 3753 5522 κατα-

2086 5548 2357 5681 ἒῖξξξῶσι·
2411 5550 2577 5623 Regii
2612 5548 2853 5639 prima
2895 5553 2954 5619 et
2988 5547 3198 5616 tertius
3242 5543 3617 5616 ἀπολειφθῶσι,
3663 5555 3753 5598 re-
