4110 6384
484 330 624 388 1019

1842 321 1900 378 S.
1953 311 2203 377 BASlLll
2251 317 2493 376 MAGNI.

3709 318 3849 373 1020

478 453 632 514 lucri
659 450 852 523 gratia
882 453 1052 507 extra
1080 447 1371 506 terminos
1398 445 1587 503 abire.
1615 442 1790 512 Quod
1815 443 1866 500 si
1908 443 1970 500 id
2009 442 2138 500 ﬁeri

2261 447 2422 516 κοίους
2441 437 2762 516 ἀποδημεῖν.
2820 439 2940 494 Ἐὰν
2997 435 3057 494 δὲ
3103 446 3257 493 τοῦτο
3303 436 3562 493 ἀδύνατον
3608 439 3639 499 ἠ
3693 446 3853 516 πεῖρα

477 559 604 602 non
659 555 844 614 posse
883 537 1158 594 docuerit
1197 535 1590 610 eXperientia,
1640 549 1840 608 operae
1877 532 2138 606 pretium

478 637 590 701 est,
620 646 695 687 ne
721 629 1128 703 peregrinatio
1159 626 1236 683 sit
1276 625 1452 682 nobis
1482 624 1878 690 infructuosa,
1912 626 1969 679 et
2005 622 2141 679 loca

481 729 540 779 et
561 720 834 777 civitates
852 717 1094 791 piorum
1116 716 1388 773 virorum
1415 715 1690 784 seligere,
1718 719 1898 786 atque
1915 711 2141 770 multos

481 812 717 876 fratres,
749 823 1014 881 quorum
1047 805 1270 876 singuli
1296 822 1407 862 sua
1436 805 1703 878 ipsorum
1721 819 1905 876 opera
1931 818 2142 875 expor-

481 903 628 970 tent,
653 898 732 954 ad
760 913 864 953 eos
896 897 1003 970 qui
1052 895 1540 966 designabantur
1585 897 1919 949 conventus
1964 890 2145 948 simul

483 1003 845 1046 concurrere
873 1005 887 1056 ;
913 984 1218 1058 simulque
1247 983 1572 1057 proﬁcisci,
1605 986 1670 1039 ut
1701 999 1838 1038 cum
1868 981 2139 1056 psalmis,

483 1077 908 1153 precibusque,
943 1079 1000 1131 et
1027 1073 1646 1130 mutuaaediticatione
1676 1073 1785 1128 iter
1798 1071 2142 1129 conﬁciant.

485 1172 633 1226 Cum
665 1173 865 1223 autem
898 1164 1281 1238 pervenerint
1308 1163 1386 1220 ad
1419 1162 1643 1233 locum,
1675 1161 1900 1231 eligant
1929 1161 2145 1218 eadem

485 1256 840 1320 diversoria,
872 1259 1003 1310 tum
1033 1259 1258 1309 mutuae
1313 1251 1599 1308 custodite
1631 1251 1846 1322 gratia,
1903 1255 2035 1308 tum
2082 1255 2149 1308 ut

484 1347 719 1404 nullum
743 1343 1030 1418 precandi
1057 1349 1318 1416 tempus,
1353 1358 1553 1414 neque
1602 1341 1905 1406 diurnum,
1946 1356 2147 1413 neque

489 1437 667 1509 386
708 1439 1096 1497 nocturnum,
1126 1448 1238 1488 nos
1259 1431 1528 1502 effugiat,
1563 1436 1694 1488 tum
1711 1436 1776 1487 ut
1821 1430 2150 1504 unusquis.

482 1542 602 1600 que
623 1543 694 1582 ex
723 1525 1045 1581 hominum
1067 1523 1542 1580 intractabilium
1575 1528 1973 1579 etavarorum
2005 1536 2149 1577 con-

485 1631 695 1687 gressu
749 1613 950 1670 minus
1007 1613 1441 1670 detrimentum
1491 1611 1774 1686 accipiat,
1807 1611 1856 1667 si
1888 1611 1962 1668 sit
2010 1627 2150 1668 cum

483 1703 762 1778 pluribus
782 1718 970 1775 quam
1002 1702 1050 1758 si
1082 1701 1250 1757 solus
1272 1706 1450 1757 esset.
1487 1704 1636 1758 Nam
1672 1699 1765 1756 vel
1807 1699 2150 1772 injuriosis-

2251 529 2422 605 δείξῃ,
2458 531 2756 604 ἄκλέγεσθαι
2793 536 2883 584 καὶ
2927 535 3119 593 τόπους
3165 535 3254 585 καὶ
3301 530 3474 593 πόλεις
3523 525 3726 605 ἀνδρῶν
3769 529 3853 582 ευ-

2248 620 2438 687 λαϐῶν,
2482 624 2546 684 ὡς
2583 625 2656 695 μὴ
2707 623 2942 697 ἄκαρπον
3006 623 3135 694 ἡμῖν
3187 624 3275 678 τήν
3342 616 3646 694 ἀποδημίαν
3716 625 3828 692 γίνε

2255 713 2399 779 σθαι,
2431 718 2522 764 καὶ
2551 709 2597 764 iv
2625 719 2742 773 ταῖς
2794 707 3257 784 ἀποδεδειγμέναις
3307 713 3633 784 πανηγύρεσι
3684 708 3856 762 πλείου

2250 821 2340 864 νας
2389 802 2518 874 ὁμοῦ
2570 798 2887 876 συνδραμεῖν
2941 809 3041 853 τῶν
3086 797 3336 875 ἀδελφῶν,
3405 801 3623 853 ἕκαστον
3679 801 3748 852 τὰ
3797 799 3855 853 ἔκ

2251 899 2348 952 τῆς
2388 891 2584 952 οἰκείας
2637 889 2887 966 ίργασίας
2943 890 3321 964 ἐπιφερόμενον.
3377 894 3480 943 Καὶ
3529 892 3706 947 κοινὴν
3763 892 3854 962 μὶν

2252 987 2347 1040 τὴν
2389 977 2696 1055 ἀποδημίαν
2748 981 3070 1049 στέλλεσθαι,
3133 983 3201 1042 ὡς
3257 983 3348 1033 καὶ
3403 984 3498 1039 τὴν
3545 975 3668 1032 ὁδόν
3724 981 3858 1052 μετὰ

2253 1071 2474 1146 ψαλμῶν
2529 1076 2631 1126 καὶ·
2671 1079 2987 1146 προσευχῶν
3035 1074 3126 1124 καὶ
3181 1079 3276 1132 τῆς
3327 1068 3375 1122 iv
3433 1066 3676 1130 ἀλλήλοις
3737 1073 3854 1140 (30)

2257 1157 2542 1233 οἰκοδομῆς
2569 1159 2784 1213 ἐκτελεῖν
2807 1181 2821 1194 ·
2864 1164 2954 1212 καὶ
2984 1158 3068 1212 ἐπὶ
3096 1162 3184 1212 τὸν
3241 1162 3398 1211 τόπον
3429 1159 3537 1228 (3t)
3591 1154 3650 1210 δὲ
3706 1176 3856 1230 γενο-

2257 1253 2578 1326 μένους,τὰς
2617 1249 2775 1311 αὐτὰς
2828 1251 3093 1326 αἱρεῖσθαι
3156 1250 3466 1320 καταγωγὰς
3523 1256 3618 1309 τῆς
3659 1266 3715 1300 τε
3773 1246 3860 1300 ἁλ-

2255 1341 2420 1400 λή).ων
2457 1339 2688 1414 φυλακῆς
2739 1339 2918 1408 ἕνεκεν,
2974 1344 3064 1391 καὶ
3101 1346 3193 1391 τοῦ
3241 1335 3447 1411 μηδένα
3481 1341 3663 1412 καιρόν
3698 1356 3861 1413 προσ·-

2260 1439 2444 1503 ευχῆς,
2498 1435 2630 1502 μήτε
2681 1431 2922 1504 ἡμερινὸν
2978 1434 3112 1503 μήτε
3161 1430 3472 1502 νυκτερινὸν,
3539 1427 3681 1499 ἡμᾶς
3743 1423 3862 1479 δια-

2260 1525 2478 1594 φεύγειν,
2511 1525 2600 1574 καὶ
2637 1521 2725 1581 τὰς
2754 1529 2854 1573 τῶν
2887 1516 3360 1574 δυσσυναλλοίκτων
3386 1518 3502 1584 (32)
3549 1521 3640 1569 καὶ
3677 1516 3860 1570 πλεον-

3385 1604 3636 1666 διαϐῆναι

2261 1619 2473 1665 εκτικῶν
2545 1615 2836 1682 συντυχίας
2909 1608 3280 1682 ἀϐλαϐέστερον
3385 1608 3636 1666 διαϐῆναι
3730 1609 3865 1680 μετὰ

2260 1701 2504 1755 πλειόνων
2561 1703 2680 1752 ὄντα
2736 1699 2766 1758 ἢ
2825 1698 2942 1752 καθ’
3006 1698 3206 1752 ἑαυτόν.
3290 1703 3678 1770 Παραιτοῦνταε
3758 1697 3861 1772 γὰρ

487 1792 627 1850 simi
673 1793 888 1849 nolunt
917 1807 1040 1847 suae
1071 1790 1386 1862 injustitiae
1406 1794 1583 1846 testes
1610 1790 1835 1846 multos
1865 1789 2113 1846 habere.

2261 1791 2476 1852 πολλοὺς
2540 1793 2680 1863 ῖχεεν
2743 1791 2838 1852 τὰς
2888 1785 3106 1852 ἀδικίας
3151 1790 3419 1862 μάρτυρας
3463 1790 3554 1838 καὶ
3592 1787 3642 1838 oi
3690 1784 3865 1859 βιαιό·

988 1989 1520 2050 lNTERROGATlO
1541 1991 1647 2048 XL.

665 2084 754 2140 De
775 2081 1069 2139 nundinis
1097 2097 1231 2153 qua
1257 2082 1418 2150 ﬁunt
1445 2082 1508 2136 in
1541 2080 1950 2138 conventibus.

1108 2189 1525 2246 RESPONSIO.

557 2277 1096 2335 Verumenimvero
1119 2293 1198 2334 ne
1248 2294 1352 2334 eas
1394 2276 1643 2351 quidem
1674 2277 2152 2334 nundinationes

483 2385 622 2444 qum
653 2369 716 2425 in
736 2367 900 2435 locis,
919 2367 1024 2425 ubi
1053 2371 1356 2440 martyres
1404 2367 1701 2438 coluntur,
1745 2366 1916 2434 tiunt,
1971 2367 2150 2423 nobis

486 2459 806 2521 convenire
832 2459 1096 2516 ostendit
1133 2459 1467 2532 Scriptura.
1501 2462 1627 2516 Non
1658 2458 1816 2514 enim
1860 2457 2014 2514 alius
2046 2475 2148 2514 cu-

482 2550 773 2624 jusquam
827 2547 914 2604 rei
943 2549 1138 2618 gratia
1190 2546 1253 2604 in
1301 2547 1608 2620 martyriis
1661 2551 1764 2604 aut
1799 2547 1947 2603 locis
1977 2547 2149 2618 adja-

487 2638 763 2696 centibus
791 2638 964 2695 decet
994 2637 1365 2694 Christianos
1411 2637 1680 2710 reperiri,
1713 2653 1902 2710 quam
1933 2637 2152 2693 orandi

487 2743 698 2792 causa,
725 2732 784 2784 et
810 2733 875 2784 ut
905 2731 1259 2783 sanctorum
1289 2725 1719 2791 constantiam,
1741 2725 1848 2798 qui
1886 2742 1997 2799 pro
2028 2725 2151 2798 pie-

487 2823 605 2876 tate
625 2817 706 2874 ad
734 2822 992 2874 mortem
1027 2832 1220 2890 usque
1243 2815 1644 2882 decertarunt,
1693 2815 1754 2872 in
1787 2816 2149 2872 memoriam

484 2905 965 2973 revocantes,ad
994 2905 1254 2962 similem
1286 2904 1742 2960 aemulationem
1800 2904 2146 2976 incitentur,

485 2996 992 3068 meminerintque
1024 3010 1322 3068 perquam
1369 2993 1690 3050 horrenda:
1737 2993 1838 3050 ira:
1883 2994 2146 3064 Domini,

483 3089 591 3159 qui
610 3102 751 3143 cum
773 3090 830 3142 et
849 3100 1091 3158 semper
1112 3089 1169 3140 et
1191 3084 1417 3156 ubique
1443 3083 1601 3140 mitis
1623 3088 1785 3140 esset
1814 3089 1872 3140 et
1900 3083 2146 3140 humilis

483 3175 689 3243 corde,
719 3174 806 3231 uti
835 3174 1127 3247 scriptum
1155 3177 1245 3229 est
1265 3177 1335 3240 ἰ,
1369 3174 1431 3229 in
1451 3189 1555 3230 eos
1585 3173 1747 3230 solos
1779 3172 1886 3247 qui
1916 3173 2144 3230 circum
2173 3173 2215 3225 C

481 3263 779 3338 templum
832 3263 1176 3319 vendebant
1235 3261 1643 3336 emebantque
1691 3262 2000 3333 ﬂagellum
2046 3263 2144 3318 in-

481 3354 675 3410 tendit
701 3355 770 3424 ”,
804 3358 1100 3425 tanquam
1140 3353 1189 3408 si
1227 3357 1570 3408 mercatura
1626 3353 1988 3424 precationis
2035 3352 2145 3408 do-

482 3458 654 3499 mum
669 3442 730 3498 in
749 3441 1056 3499 latronum
1079 3441 1436 3514 speluncam
1458 3446 2143 3514 transmutasset.Neque

482 3546 626 3587 vero
687 3531 982 3605 quoniam
1005 3531 1107 3587 alii
1139 3531 1265 3602 jam
1333 3547 1469 3588 eam
1517 3547 1654 3605 quae
1697 3531 1863 3604 apud
1902 3537 2145 3588 sanctos

479 3619 794 3678 obtinebat
819 3619 1324 3678 consuetudinem
1349 3619 1671 3692 violavere,
1703 3623 1810 3694 qui
1840 3637 1978 3678 cum
2029 3637 2144 3694 pro

480 3727 544 3768 se
572 3711 830 3768 invicem
874 3727 1048 3768 orare
1089 3710 1462 3782 debuissent,
1486 3717 1544 3768 et
1565 3727 1686 3769 una
1705 3728 1844 3768 cum
1871 3710 2146 3784 pluribus

478 3799 668 3856 Deum
700 3799 1046 3868 adorare,et
1075 3816 1216 3855 cum
1246 3798 1536 3872 lacrymis
1566 3799 2148 3873 implorare,ipsum—

476 3903 596 3960 que
625 3903 738 3961 pro
778 3889 1044 3960 peccatis
1073 3888 1404 3962 propitium
1449 3888 1722 3956 reddere,
1766 3889 1994 3960 gratias
2030 3904 2147 3962 pro

476 3979 787 4035 beneficiis
819 3979 1251 4053 rependere,ac
1285 3979 1817 4036 verbishortativis
1847 3996 1981 4035 sese
2006 3979 2149 4035 sedi-

478 4067 661 4123 ﬁcare
676 4067 864 4141 (quod
878 4067 1081 4124 adhuc
1102 4073 1310 4125 nostra
1333 4068 1509 4124 etiam
1535 4069 1832 4126 memoria
1856 4070 2146 4126 usitatum

481 4161 538 4213 et
564 4156 960 4213 observatum
985 4157 1168 4214 fuisse
1195 4158 1529 4228 novimus),
1563 4174 1675 4230 pro
1725 4159 1819 4215 his
1859 4160 2146 4214 omnibus

479 4245 701 4315 forum,
725 4246 1174 4320 nundinasque,
1211 4264 1282 4303 ac
1331 4265 1657 4304 commune
1697 4248 2041 4322 emporium
2089 4253 2148 4305 et

479 4339 720 4407 tempus
751 4333 896 4390 illud
911 4341 968 4392 et
992 4335 1196 4393 locum
1219 4334 1507 4403 efﬁciunt,
1537 4337 1825 4392 continuo
1840 4338 2146 4394 nosetiam

479 4425 592 4482 hos
621 4424 843 4481 imitari
874 4441 985 4498 par
1005 4432 1114 4488 est,
1157 4427 1411 4499 ejusque
1437 4425 1518 4482 rei
1551 4426 2011 4500 participatione
2041 4428 2145 4484 ab-

2258 1900 2428 1938 τατοι.

2847 1991 3162 2042 ΕΡΩΤΗΣΙΣ
3190 1984 3276 2042 Μ’.

2549 2080 2678 2154 Περὶ
2700 2085 2800 2132 τῶν
2830 2075 2878 2130 iv
2903 2073 3144 2137 συνόδοις
3172 2081 3570 2150 πραγματειῶν.

2869 2191 3223 2242 ΑΠΟΚΡῙΣΙΣ
3236 2229 3250 2242 .

2333 2278 2468 2333 Ἀλλ’
2517 2274 2641 2331 οὐδε
2685 2279 2779 2338 τὰς
2822 2275 2871 2330 iv
2918 2283 3025 2338 τοῖς
3062 2280 3375 2352 μαρτυρίοις
3419 2279 3688 2349 γινομένας
3741 2273 3866 2348 ἁγο-

2257 2375 2448 2446 ρασίας
2475 2369 2668 2428 οἰκείας
2698 2369 2822 2426 ἡμῖν
2880 2369 2906 2420 ὁ
2947 2365 3096 2439 λόγος
3149 2363 3435 2421 δείκνυσιν.
3487 2366 3565 2418 Οὐ
3620 2366 3724 2440 γὰρ
3779 2363 3868 2417 ἆλ-

2258 2459 2349 2512 λου
2401 2461 2540 2520 τινός
2591 2458 2750 2510 ἕνεκεν
2807 2455 2855 2508 ἓν
2892 2464 3000 2518 τοῖς
3055 2460 3362 2531 μαρτυρίοις
3403 2456 3434 2514 ᾖ
3488 2454 3536 2508 iv
3587 2463 3699 2517 τοίς
3749 2459 3868 2529 περὶ

2260 2549 2397 2601 αὐτὰ
2437 2553 2614 2608 τόποις
2639 2549 2750 2618 (33)
2792 2547 3067 2620 φαίνεσθαι
3105 2545 3367 2599 ἐπιϐάλλει
3420 2551 3779 2621 Χριστιανοῖς,
3832 2545 3862 2604 ἣ

2260 2645 2569 2712 προσευχῆς
2638 2637 2799 2690 ἕνεκεν
2859 2641 2948 2688 καὶ
3003 2642 3096 2689 τοῦ
3149 2636 3221 2698 εἰς
3277 2637 3572 2708 ὑπόμνησιν
3624 2633 3865 2695 ἐλθόντας

2261 2735 2353 2788 τῆς
2391 2736 2490 2779 τῶν
2519 2727 2682 2799 ἁγίων
2721 2727 2849 2800 ὑπερ
2895 2725 3152 2786 εὐσεϐείας
3194 2729 3359 2800 μέχρι
3407 2725 3626 2778 θανάτου
3679 2723 3862 2776 ἐνστά-

2265 2836 2394 2878 σεως
2422 2819 2552 2892 πρὸς
2603 2819 2690 2868 τὸν
2741 2815 2896 2877 ζῆλον
2951 2818 3040 2868 τὸν
3093 2817 3273 2888 ὅριοιον
3318 2821 3717 2889 προτραπῆναι·
3763 2831 3861 2886 με-

2259 2910 2552 2981 μνημένους
2627 2914 2719 2966 τῆς
2791 2907 3149 2978 φοϐερωτάτης
3232 2905 3392 2980 ὀργῆς
3468 2911 3560 2956 τοῦ
3641 2907 3863 2975 Κυρίου,

2259 2998 2364 3066 ὅτι,
2422 3000 2607 3072 καίπερ
2675 2997 2890 3049 πάντοτε
2940 2999 3032 3048 καὶ
3091 3001 3369 3067 πανταχοῦ
3417 2995 3585 3068 πραῢς
3633 2992 3722 3060 ὢν,
3775 2996 3867 3044 καὶ

2258 3089 2495 3146 ταπεινός
2543 3094 2605 3158 τῇ
2671 3081 2891 3159 καρδία,
2949 3087 3122 3148 καθὼς
3177 3089 3487 3158 γέγραπται,
3541 3086 3718 3156 μόνοις
3756 3087 3868 3142 τοῖς

2257 3179 2379 3252 περὶ
2430 3179 2489 3228 τὸ
2541 3177 2672 3250 ἱερὸν
2711 3173 2946 3227 πωλοῦσι
3000 3179 3091 3227 καὶ
3143 3173 3470 3248 ἀγοράζουσι
3505 3176 3599 3231 τὴν
3628 3173 3870 3245 μάστιγα

2257 3263 2613 3318 ἐπανετείνατο
2677 3264 2813 3336 (34),
2861 3266 2933 3327 ὡς
2979 3272 3076 3327 τῆς
3129 3263 3381 3339 ἐμπορίας
3432 3266 3519 3316 τόν
3579 3260 3718 3314 οἷκον
3771 3269 3866 3322 τῆς

2255 3362 2568 3429 προσευχῆς
2617 3355 3010 3427 μεταποιούσης
3057 3354 3123 3414 εἰς
3173 3353 3428 3412 σπήλαιον
3482 3351 3716 3424 λῃστῶν.
3789 3349 3864 3403 Οὐ

2256 3449 2383 3518 μὴν,
2445 3440 2625 3502 ἐπειδὴ
2710 3445 2873 3518 ἕτεροι
2938 3442 3281 3518 προλαϐόντες
3358 3444 3706 3518 παρέφθειραν
3769 3446 3864 3499 τὴν

2258 3541 2644 3609 κεκρατηκυῖαν
2711 3531 2795 3586 ἐπὶ
2850 3541 2950 3586 τῶν
3005 3533 3164 3605 ἁγίων
3220 3534 3517 3600 συνήθειαν,
3589 3536 3680 3584 καὶ
3749 3528 3863 3583 ἀντὶ

2256 3631 2348 3676 τοῦ
2397 3624 2794 3697 προσεύχεσθαι
2845 3625 2970 3699 ὑπερ
3038 3621 3284 3691 ὶιλλήλων,
3357 3626 3446 3675 καὶ
3510 3624 3642 3696 μετὰ
3701 3620 3865 3674 πλειόο

2258 3735 2358 3766 νων
2428 3720 2740 3787 προσκυνεῖν
2791 3717 2882 3765 καὶ
2935 3711 3274 3787 προσκλαίειν
3335 3719 3410 3783 τῷ
3478 3720 3612 3783 Θεῷ,
3663 3716 3752 3763 καὶ
3787 3709 3864 3773 ἆξ-

2261 3803 2571 3857 ιλοίσκεσθαι
2622 3806 2712 3876 μεν
2773 3801 2928 3854 αὐτὸν
2977 3802 3104 3877 ὑπερ
3162 3810 3263 3855 τῶν
3317 3801 3603 3877 ἁμαρτιῶν,
3650 3800 3867 3876 εὐχαρι-

2261 3899 2399 3946 στεῖν
2458 3889 2517 3945 δε
2570 3894 2696 3967 ὑπὲρ
2750 3900 2850 3943 τῶν
2899 3892 3222 3966 εὐεργεσιῶν,
3281 3887 3577 3964 οἰκοδομεῖν
3653 3887 3712 3944 δε
3774 3886 3870 3942 διὰ

2257 3980 2547 4052 τοῦλόγου
2587 3989 2679 4042 τῆς
2729 3980 3132 4056 παρακλήσεως,
3184 3982 3308 4057 ὅπερ
3358 3983 3434 4034 ἔτι
3489 3985 3580 4033 καὶ
3639 3979 3722 4033 ini
3773 3987 3871 4042 τῆς

2260 4073 2507 4144 ἡμετερας
2584 4074 2792 4144 μνήμης
2863 4073 3176 4145 τηρούμενον
3257 4073 3501 4144 ἔγνωμεν,
3575 4068 3686 4124 ἀντὶ
3755 4073 3872 4122 τού-

2259 4179 2361 4212 των
2439 4159 2656 4233 ἁγορὰν,
2743 4165 2834 4212 καὶ
2895 4166 3208 4236 πανήγυριν,
3261 4167 3352 4214 καὶ
3399 4163 3570 4214 κοινὸν
3624 4159 3872 4235 ἐμπόριον

2259 4255 2347 4303 τόν
2400 4269 2454 4304 τε
2513 4253 2694 4326 καιρὸν
2739 4255 2829 4302 καὶ
2881 4253 2970 4302 τὸν
3025 4255 3185 4303 τόπον
3247 4259 3540 4315 ποιοῦνται,
3605 4248 3713 4310 ἤδη
3781 4254 3874 4302 καὶ

2259 4341 2398 4412 ἡμᾶς
2436 4338 2734 4394 ἀκολουθεῖν
2789 4341 2962 4402 αὐτοῖς
3015 4349 3274 4415 προσῆκε,
3334 4345 3424 4393 καὶ
3492 4339 3740 4414 βεϐαιοῦν
3807 4342 3876 4392 τὰ

2259 4431 2432 4483 ἄτοπα
2521 4439 2582 4504 τῇ
2659 4435 2901 4504 κοινωνίᾳ
2969 4439 3062 4484 τοῦ
3119 4433 3466 4506 πράγματος·
3523 4429 3651 4483 ἀλλὰ
3701 4438 3877 4505 μιμεί-

479 4516 666 4572 surda
695 4521 753 4572 et
803 4515 1010 4590 inepta
1068 4516 1432 4573 confirmare
1465 4535 1479 4573 :
1529 4516 1634 4572 sed
1666 4516 1842 4573 nobis
1872 4533 1976 4573 eos
2003 4535 2146 4574 con-

2263 4522 2391 4572 σθαι
2423 4523 2534 4589 (35)
2561 4523 2655 4582 τὰς
2695 4519 2778 4574 ini
2807 4529 2900 4573 τοῦ
2956 4525 3152 4595 Κυρίου
3206 4523 3353 4594 ἡμῶν
3408 4521 3587 4580 Ἰησοῦ
3637 4527 3874 4595 Χριστοῦ

475 4610 692 4663 ventus
723 4605 804 4663 ad
832 4606 1201 4664 imitandum
1224 4623 1568 4681 proponere
1593 4607 1912 4676 debemus,
1931 4608 2039 4681 qui
2068 4609 2144 4665 de

479 4698 737 4754 Domino
769 4703 975 4754 nostro
1005 4700 1067 4756 in
1100 4699 1436 4769 Evangeliis
1485 4704 1828 4767 narrantur,
1889 4704 2145 4772 Aposto-

475 4785 638 4858 lique
685 4785 1000 4850 mandata,
1050 4793 1347 4860 tanquam
1404 4803 1542 4861 quae
1576 4786 1657 4843 ad
1705 4788 1866 4843 hanc
1924 4789 2148 4859 agendi

473 4874 775 4932 rationem
806 4875 1174 4944 conducant,
1196 4876 1505 4950 perﬁcere.
1537 4880 1622 4933 Ita
1641 4881 1846 4933 autem
1896 4877 2102 4935 scribit
2129 4897 2144 4934 :

549 4983 595 5020 ³⁸
626 4983 827 5040 Matth.
855 4999 940 5054 χι,
971 4988 1061 5040 29.
1140 4985 1189 5020 ³³
1215 4986 1385 5041 Joan.
1417 4999 1480 5054 ιι,
1515 4985 1604 5042 15.

551 5085 662 5148 (30)
697 5083 860 5152 Regii
886 5082 1010 5138 duo
1040 5099 1181 5138 cum
1213 5084 1384 5138 Voss.
1414 5092 1510 5144 τῆς
1532 5081 1580 5134 ἐν
1603 5080 1858 5152 ἀλλήλοις.
1905 5083 2055 5141 Editi
2094 5085 2146 5139 ίν

480 5151 674 5275 οῖ’)ὁλοις.
717 5153 898 5211 Paulo
925 5162 1062 5210 ante
1092 5155 1154 5211 in
1176 5153 1344 5212 Colb.
1377 5153 1594 5228 legitur
1624 5151 1925 5228 ἀποδημίαν
1975 5166 2146 5210 ποιεῖ-

486 5243 518 5275 σ
558 5243 630 5275 αι.

486 5243 630 5278 συαι.

553 5296 668 5366 (31)
701 5296 940 5352 Veteres
978 5297 1103 5354 duo
1133 5297 1269 5353 libri
1290 5297 1374 5351 ἐπὶ
1395 5306 1494 5351 τῶν
1525 5301 1715 5353 τόπων.

555 5367 847 5437 (32)Unus
880 5385 993 5425 ms.
1022 5379 1122 5422 τῶν
1155 5367 1548 5427 δυσαλλάκτων.
1584 5369 1812 5426 ibidem
1843 5369 1996 5427 alius
2028 5388 2145 5427 ms.

482 5444 574 5491 καὶ
596 5437 926 5495 πλεονεκτῶν.

551 5512 669 5578 (33)
726 5510 892 5588 Regii
933 5513 1056 5570 duo
1106 5530 1246 5588 cum
1285 5516 1476 5588 _Voss.
1538 5513 1587 5570 iv
1627 5519 1897 5588 τοῖςπερὶ
1959 5515 2150 5576 αὐτοὺς

482 5584 741 5662 εὑρεθῶ-
772 5583 975 5662 codex
1021 5584 1222 5662 LColb.
1264 5584 1329 5662 έν
1383 5593 1490 5662 τοῖς
1539 5591 1660 5662 περὶ
1709 5583 1921 5662 αὐτους,
1952 5591 2147 5647 τόποις.

484 5651 678 5710 Editio
707 5655 1129 5740 Parispariter
1158 5672 1229 5723 ac
1260 5657 1440 5720 Basil.
1459 5657 1508 5713 iv
1533 5651 1642 5722 τοὶς
1662 5663 1781 5732 περὶ
1803 5658 1937 5722 αὐτὰ
1951 5663 2148 5728 τόποις,

2261 4609 2311 4664 iv
2342 4618 2450 4673 τοῖς
2485 4610 2818 4683 Εὐαγγελίοις
2855 4613 3224 4684 ἱστορουμένας
3279 4608 3551 4679 συνόδους,
3607 4616 3697 4664 καὶ
3743 4610 3873 4668 πλη-

2259 4709 2384 4776 ροῦν
2434 4703 2500 4754 τὰ
2551 4702 2650 4755 ὑπό
2699 4710 2790 4754 τοῦ
2818 4700 3144 4754 Ἀποστόλου
3177 4704 3243 4762 ὡς
3286 4701 3629 4755 συντελοῦντα
3667 4709 3738 4772 τῷ
3768 4720 3878 4753 τοι-

2261 4793 2398 4862 ούτῳ
2427 4793 2574 4863 τύπῳ
2641 4787 3040 4864 διατεταγμένα.
3093 4794 3284 4866 Γράφει
3334 4789 3394 4845 δε
3449 4793 3650 4855 οὕτως·
3712 4790 3878 4843 Ὀταν

2264 4883 2620 4956 συνέρχησθε,
2675 4885 2897 4946 ἕκαστος
2953 4884 3095 4957 ὑμῶν
3187 4882 3394 4957 ψαλμὸν
3486 4886 3619 4956 ἔχει,
3717 4878 3878 4936 διδα-

2259 5086 2584 5162 Aliquanto
2608 5093 2939 5162 post_unus
2968 5089 3418 5162 ms,_$x§amaiv
3439 5086 3878 5151 ἕξελθόνταςΝθθ

2261 5159 2345 5215 ita
2367 5159 2556 5234 multo
2587 5159 2726 5234 post
2755 5159 3033 5234 impressi
3063 5159 3200 5216 libri
3217 5159 3321 5213 καί
3346 5161 3585 5215 πάντοτε.
3635 5163 3877 5216 Veteres

2261 5237 2383 5287 tres
2415 5230 2551 5305 libri
2570 5230 2798 5305 prieter
2827 5230 3028 5305 Vosss.
3062 5237 3247 5305 καίπερ
3275 5235 3514 5286 πάντοτε.

2335 5305 2446 5374 (34)
2469 5303 2627 5386 ,Εὸὶίὶ
2657 5309 2714 5386 et
2741 5306 2882 5374 Reg.
2911 5303 3144 5376 primus
3180 5303 3542 5358 ἐπανετείνετο.
3604 5303 3714 5360 Alii
3751 5303 3880 5360 duo

2263 5391 2392 5430 mss
2409 5419 2420 5432 .
2461 5380 2834 5429 ἐπανετείνατο.

2338 5446 2865 5524 (35)_Paulo_aliter
2894 5449 3064 5524 Voss.
3096 5453 3188 5506 τὴν
3219 5452 3488 5524 κοινωνίαν
3514 5456 3606 5504 τοῦ
3634 5451 3880 5524 πράγμα-

2263 5537 2350 5579 τος
2374 5539 2386 5551 -
2423 5515 2549 5600 ἀλλὰ
2578 5518 2767 5592 μᾶλλον
2791 5515 2997 5600 ρῳ,
3030 5523 3174 5600 Reg.
3226 5521 3461 5600 primus
3516 5529 3578 5600 τῇ
3631 5515 3880 5600 κοινωνίᾳ

2262 5598 2354 5641 τοῦ
2386 5589 2716 5664 πράγματος,
2743 5589 3042 5664 μᾶλλονδέ.
3074 5589 3248 5664 Haud
3276 5591 3458 5664 longe
3487 5589 3665 5652 vocas
3696 5589 3884 5652 Ἰησοῦ

2264 5660 2508 5734 Χριστοῦ
2532 5660 2886 5722 addidimus
2915 5678 2984 5722 ex
3007 5662 3278 5736 antiquis
3305 5660 3549 5739 ᾱαόὴιιξ
3573 5664 3766 5740 libris.
