4110 6374
223 334 353 388 1021

1382 331 1685 388 REGULE
1727 330 1977 389 FUSIUS
2007 333 2414 392 ΤΗᾹΟΤΑΤΕ.

3451 341 3588 397 1022

214 460 325 528 χὴν
354 459 486 529 ἔχει,
519 456 844 530 ἀποκάλυψιν
875 460 1006 532 ἔχει,
1061 458 1308 531 γλῶσσαν
1350 460 1482 530 ἔχει,
1535 460 1811 534 ἑρμηνείαν

1931 458 2078 516 Cum
2111 462 2462 529 convenitis,
2503 465 2912 536 unusquisque
2963 469 3224 521 vestrum
3277 465 3581 535 psalmum

218 548 351 619 ἔχει·
384 549 551 601 πάντα
579 552 705 623 πρὸς
735 546 1019 624 οἰκοδομὴν
1048 550 1298 621 γινέσθω.

789 762 1101 810 ΕΡΩΤΠΣΙΣ
1141 763 1187 809 Μ
1198 753 1249 808 ,λ’

595 849 723 923 Περὶ
763 847 1028 909 αὐθεντίας
1058 850 1148 898 καὶ
1178 847 1430 906 ὑπακοςῆ.

829 961 1200 1010 ΑΠΟΚΡΙΣΙΣ.

299 1097 352 1151 1.
393 1095 474 1150 Ἐν
521 1095 696 1157 αὐταῖς
757 1101 932 1170 μέντοι
997 1106 1111 1160 ταῖς
1181 1098 1678 1168 συγκεχωρημένας
1725 1099 1814 1148 τέ·-

222 1203 378 1254 χναις
427 1184 530 1256 οὐχ
581 1186 797 1249 ἕκαστος
851 1190 912 1245 ἦν
961 1188 1092 1259 ἔχει,
1126 1187 1156 1246 ἡ
1201 1184 1446 1259 βούλεται
1466 1186 1668 1257 μαθεῖν,
1698 1186 1814 1237 ἔπι-

219 1275 497 1346 τρίπεσθαι
527 1273 711 1346 ὀφείλει
753 1277 892 1348 (36),
927 1275 1033 1328 ἀλλ’
1065 1276 1136 1338 εἰς
1167 1276 1229 1334 ἣν
1260 1275 1320 1326 ἀν
1352 1271 1652 1347 δοκιμασθῇ
1697 1273 1816 1327 ἔπι-

214 1357 424 1423 ⁴ττέδειος
479 1359 626 1418 εἶναι.
680 1364 739 1415 Ὀ
767 1368 868 1439 γὰρ
901 1363 1252 1439 ἀρνησάμενος
1302 1364 1500 1431 ἑαυτὸν,
1530 1369 1618 1416 καὶ
1648 1366 1816 1416 πάντα

211 1448 280 1498 τὰ
322 1445 506 1499 ἑαυτοῦ
551 1447 817 1520 θελήματα
859 1447 1188 1523 ἀποθέμενος,
1218 1449 1345 1520 οὖχὶ
1372 1451 1397 1501 ὃ
1425 1447 1671 1521 βούλεται
1700 1449 1817 1520 (37)

211 1543 372 1601 ποιεῖ,
421 1535 586 1590 ἀλλ⁹ὁ
641 1534 979 1594 διδάσκεται.
1041 1539 1117 1592 05
1170 1544 1273 1612 μὴν
1333 1536 1457 1592 οὐδὲ
1497 1537 1580 1612 ἀφ’
1631 1538 1816 1591 ἑαυτοῦ

211 1622 518 1697 ἐκλέγεσθαι
556 1631 612 1680 τὸ
673 1632 932 1701 συμφέρον
983 1635 1257 1704 συγχωρεῖ
1303 1629 1329 1679 ὁ
1380 1627 1534 1700 λόγος
1561 1637 1632 1699 τῷ
1679 1626 1819 1690 ἅπαξ

210 1718 305 1772 τὴν
362 1714 545 1767 ἑαυτοῦ
603 1720 900 1788 οἰκονομίαν
965 1717 1304 1791 ἐπιτρέψαντι
1354 1717 1563 1792 ἑτέροις,
1616 1716 1663 1769 οἱ
1695 1721 1820 1792 πρὸς

1927 551 2126 618 habet,
2157 551 2493 609 doctrinam
2533 553 2731 621 habet,
2771 555 3188 624 apocatypsim
3241 555 3440 623 habet,
3473 557 3588 612 tin-

1917 655 2101 712 guam
2150 641 2344 710 habet,
2377 643 2936 714 interpretationem
2977 645 3155 701 habet
3194 662 3207 700 :
3259 645 3460 702 omnia
3503 644 3586 703 ad

1925 730 2377 800 mdiﬁcationem
2406 734 2561 802 ﬁant
2592 734 2660 789 ³³.

2407 821 2931 879 INTERROGATIO
2971 824 3103 879 XLI.

2281 913 2367 969 De
2393 914 2758 970 auctoritate
2786 920 2842 970 et
2871 913 3228 970 obedientia.

2550 1004 2962 1059 RESPONSIO.

2001 1095 2049 1146 1.
2085 1092 2240 1148 Sane
2266 1091 2326 1148 in
2355 1091 2448 1148 bis
2479 1091 2629 1165 ipsis
2660 1107 2795 1166 quae
2817 1107 3126 1148 concessae
3159 1096 3300 1150 sunt
3330 1091 3589 1160 artibus,

1925 1195 2317 1254 nequaquam
2347 1182 2819 1255 permittendum
2843 1187 2934 1238 est
2960 1182 3310 1255 unicuique,
3337 1187 3400 1238 ut
3428 1197 3590 1245 eam,

1924 1287 2111 1344 quam
2138 1271 2329 1337 callet,
2363 1276 2466 1328 aut
2497 1271 2726 1328 discere
2758 1272 2907 1339 vult,
2941 1278 3254 1329 exerceat:
3289 1271 3398 1327 sed
3427 1287 3588 1341 eam,

1925 1359 2005 1417 ad
2050 1377 2238 1433 quam
2282 1361 2655 1432 judicabitur
2695 1362 2971 1420 idoneus.
3024 1365 3171 1418 Nam
3204 1361 3310 1436 qui
3355 1377 3416 1416 se
3461 1360 3590 1432 ipse

1926 1450 2270 1522 abnegavit,
2302 1467 2488 1524 seque
2528 1451 2807 1524 spoliavit
2837 1452 3126 1508 omnibus
3158 1452 3284 1506 suis
3312 1450 3592 1506 volunta-

1924 1540 2236 1604 tibus,non
2259 1540 2428 1614 quod
2451 1541 2595 1610 vult,
2615 1541 2772 1609 facit,
2799 1541 2904 1598 sed
2921 1541 3088 1614 quod
3112 1541 3284 1612 387
3315 1539 3588 1594 docetur.

1928 1633 2129 1702 Neque
2162 1645 2302 1685 vero
2333 1631 2486 1685 ratio
2518 1630 2656 1686 sinit
2677 1647 2816 1686 eum
2849 1647 2884 1686 a
2912 1630 3238 1703 semetipso
3259 1627 3428 1702 quod
3449 1626 3590 1683 utile

1928 1725 2017 1775 est
2035 1719 2316 1791 deligere,
2343 1721 2446 1794 qui
2469 1721 2653 1777 semel
2673 1721 3066 1794 semetipsum
3089 1719 3222 1776 aliis
3245 1719 3591 1790 gubernan-

166 1864 184 1880 ε
213 1805 339 1879 ὅπερ
393 1803 453 1854 ἃν
502 1807 882 1877 καταμάθωσιν
931 1804 978 1858 ἓν
1006 1807 1222 1879 ὀνόματι
1272 1811 1468 1883 Κυρίου
1499 1803 1815 1874 ἐπιτήδειον,

1931 1808 2078 1864 dum
2101 1808 2544 1882 tradiderit,qui
2567 1809 2642 1865 ad
2667 1810 3082 1882 quodcunque
3105 1824 3244 1863 eum
3262 1807 3322 1862 in
3344 1807 3591 1863 nomine

217 1895 290 1957 εἰς
316 1893 475 1948 έκεῖνο
523 1895 676 1948 αὑτὸν
707 1897 975 1960 τάξουτινο
1017 1896 1124 1950 imi.
1154 1899 1181 1950 ὃ
1232 1917 1292 1970 γε
1337 1898 1456 1950 κατ’
1514 1894 1656 1950 ἰδίαν
1703 1896 1820 1950 επι-

218 1986 407 2058 θυμίαν
464 1983 790 2058 ἐκλεγόμενος
869 1988 1016 2061 ἔργον
1054 1991 1376 2061 κατηγορίαν
1434 1986 1620 2040 ἑαυτοῦ
1669 1986 1820 2060 ἐκφέ-

215 2094 314 2148 ρει,
379 2083 584 2150 πρῶτον
648 2079 740 2149 μεν
807 2075 1198 2151 αὐταρεσκείας,
1263 2078 1568 2143 ἔπειτα,ὄτι
1626 2078 1655 2136 ἡ
1727 2073 1821 2128 διὰ

216 2159 377 2227 δόξαν
406 2166 741 2238 mantnt-4,6,-
791 2161 886 2217 διὰ
913 2163 1136 2241 κέρδους
1165 2162 1374 2233 ἕλπίδα,
1417 2169 1446 2224 ἧ
1484 2162 1577 2218 διά
1615 2186 1667 2218 τι
1715 2185 1820 2218 τοι-

216 2261 367 2307 οῦτον
420 2255 780 2330 προσπίπονθε
836 2263 909 2326 τῷ
987 2251 1392 2328 ὶπιτηδεύματι,
1447 2255 1477 2313 ἣ
1541 2252 1614 2308 δι’
1673 2259 1818 2308 ὄκνον

214 2347 306 2396 καὶ
379 2343 644 2419 ῥᾳθυμίαν
681 2350 913 2419 προτιμᾷ
950 2348 1008 2398 :6
1057 2349 1384 2418 κουφότερον.
1425 2347 1494 2398 T6
1525 2341 1584 2396 δι
1615 2343 1663 2396 ἓν
1695 2348 1818 2397 τοὺ·-

213 2454 324 2496 τοις
369 2435 497 2486 εἶναι
546 2430 816 2496 ἀπόδειξίς
859 2433 969 2486 ἔστι
1001 2438 1092 2487 :65
1134 2439 1288 2508 μήπω
1319 2436 1434 2503 (38)
1475 2432 1817 2506 ἀπηλλάχθαι

211 2532 308 2584 τῆς
362 2531 460 2576 τῶν
502 2525 682 2576 παθῶν
720 2528 926 2585 κακίας,
983 2523 1117 2576 Οῦτε
1171 2520 1230 2576 δε
1270 2525 1532 2597 ἠρνήσατο
1577 2523 1758 2576 ἑαυτὸν
1791 2525 1816 2576 ό

219 2609 358 2674 ἰδίας
403 2615 566 2689 ὁρμὰς
613 2613 827 2666 ἐκτελεῖν
879 2613 1051 2681 θίλων,
1094 2613 1210 2666 οὒτε
1254 2611 1546 2676 ἀπετάξατο
1576 2613 1686 2674 τοῖς
1724 2620 1816 2666 :65

213 2707 416 2777 κόσμου
453 2705 775 2778 πράγμασιν,
803 2706 939 2778 εἰπερ
972 2706 1046 2756 ἔτι
1089 2706 1218 2778 πρός
1249 2699 1434 2776 κέρδος
1455 2709 1544 2756 καὶ
1569 2706 1695 2778 πρὸς
1722 2699 1810 2756 δό-

213 2793 307 2856 ξαν
337 2791 582 2851 ἓπτόηται
619 2794 750 2852 (39).
785 2789 926 2845 Οὐδὲ
963 2797 1068 2865 μὴν
1100 2791 1377 2868 ἕνέκρωσεν
1409 2793 1568 2845 αὑτοῦ
1593 2795 1656 2845 :6:
1686 2792 1812 2866 με’λη

213 2885 285 2936 τὰ
331 2881 419 2936 ἰπὶ
468 2891 562 2944 τῆς
581 2891 678 2954 γῆς
725 2883 750 2934 6
789 2886 876 2935 τὸν
925 2881 974 2935 6v
1003 2889 1112 2944 τοῖς
1166 2885 1335 2956 ἔργοις
1384 2886 1543 2935 κόπον
1568 2887 1640 2956 μὴ
1683 2884 1816 2935 υπο-

217 2975 404 3045 μένωνι
456 2969 582 3024 ἀλλὰ
633 2977 721 3025 καὶ
771 2969 1058 3034 αὐθαδείας
1113 2969 1310 3044 δεῖγμα
1360 2973 1478 3025 καθ’
1508 2972 1694 3025 ἑαυτοῦ
1728 2970 1816 3024 ἕκ-

229 3064 420 3134 φέκρει,
457 3057 820 3137 ἀκρὶϐεστέραν
848 3064 962 3134 (40)
989 3062 1217 3135 οἰόμενος
1248 3058 1377 3114 εἶναι
1404 3066 1499 3120 τὴν
1526 3059 1668 3114 ιδίαν
1701 3061 1818 3114 66w-

1931 1899 2166 1954 Domini
2211 1898 2502 1955 idoneum
2537 1898 2953 1968 cognoverint,
2989 1897 3064 1953 ad
3097 1897 3160 1953 id
3202 1895 3594 1953 destinabunt

1925 1987 2444 2062 ipsum.0uisquis
2463 1988 2625 2045 enim
2645 1988 2705 2044 in
2729 2004 2910 2061 opere
2929 1986 3252 2057 deligendo
3275 1984 3594 2058 cupiditati

1930 2093 2056 2132 sum
2109 2077 2485 2151 obsequitur,
2521 2077 2836 2134 insimulat
2885 2078 3128 2149 seipse.
3158 2075 3424 2132 Primum
3462 2073 3593 2148 qui-

1929 2166 2090 2233 dem,
2119 2166 2288 2239 quod
2344 2166 2580 2240 placeat
2631 2166 2747 2222 sibi
2790 2165 2942 2239 ipsi:
2999 2165 3240 2230 deinde,
3268 2163 3436 2237 quod
3487 2167 3593 2220 aut

1929 2261 2173 2329 propter
2203 2255 2455 2326 gloriam
2480 2256 2882 2318 mundanam,
2910 2260 3014 2312 aut
3041 2259 3286 2328 propter
3306 2269 3474 2325 spem
3498 2251 3588 2307 lu-

1927 2345 2032 2412 cri,
2055 2351 2158 2401 aut
2186 2350 2433 2418 propter
2463 2344 2693 2419 aliquid
2721 2344 3094 2415 hujusmodi,
3122 2343 3197 2399 ad
3219 2341 3376 2398 hanc
3397 2346 3587 2397 artem

1928 2434 2437 2508 propendeat,aut
2457 2434 2621 2508 quod
2643 2433 2916 2490 laborem
2952 2434 3238 2490 leviorem
3262 2434 3589 2506 anteponat

1927 2525 2008 2580 ob
2031 2525 2348 2595 segnitiam
2370 2530 2550 2597 atque
2574 2523 2938 2580 socordiam.
2966 2527 3112 2580 Cum
3137 2527 3341 2579 autem
3367 2519 3504 2594 quis
3524 2519 3586 2578 in

1925 2613 2021 2670 bis
2050 2613 2208 2670 vitiis
2233 2618 2527 2682 versatur,
2547 2619 2975 2684 argumentum
3005 2619 3094 2669 est
3112 2611 3388 2669 nondum
3426 2610 3590 2666 hunc

1927 2718 1964 2759 a
2009 2703 2410 2775 cupiditatum
2455 2704 2830 2774 malignitate
2877 2702 3134 2758 liberum
3189 2717 3340 2757 esse.
3387 2703 3589 2772 Neque

1925 2807 2069 2848 vero
2101 2809 2162 2847 se
2196 2791 2543 2861 abnegavit,
2576 2793 2682 2866 qui
2723 2792 2847 2848 suis
2877 2791 3169 2847 inservire
3216 2789 3341 2846 vult
3371 2787 3594 2844 affecti.

1924 2880 2067 2945 bus,
2097 2897 2296 2954 neque
2317 2881 2548 2937 remisit
2571 2880 2850 2937 nuntium
2884 2879 3099 2936 mundi
3147 2879 3422 2949 negotiis,
3448 2892 3589 2932 cum

1925 2970 2127 3027 adhuc
2179 2970 2326 3026 lucri
2383 2975 2438 3026 et
2487 2970 2691 3040 glorias
2715 2969 3016 3026 desiderio
3059 2973 3358 3025 teneatur.
3384 2970 3589 3040 Neque

1927 3059 2105 3116 etiam
2139 3059 2524 3116 mortiﬁcavit
2550 3059 2826 3115 membra
2847 3075 2958 3114 sua
2990 3059 3309 3125 terrestria,
3331 3057 3436 3130 qui
3465 3073 3591 3114 non

213 3156 310 3202 τοῦ
333 3154 506 3223 κρίσιν
531 3159 626 3214 τῆς
652 3159 751 3205 τῶν
775 3151 1018 3205 πλειόνων
1049 3147 1388 3225 δοκιμασίας.
1413 3155 1529 3204 Εἴτε
1569 3147 1681 3205 οὖνε
1705 3153 1815 3224 ἔχει

1931 3148 2182 3204 sustinet
2211 3164 2463 3221 operum
2494 3147 2766 3204 laborem
2804 3165 2817 3203 :
2853 3145 2962 3202 sed
2993 3146 3195 3220 potius
3229 3161 3352 3218 prce
3383 3161 3447 3200 se
3481 3145 3594 3201 fert

209 3257 294 3301 τις
339 3241 530 3311 τεχνην
576 3245 648 3312 μὴ
705 3244 1132 3314 κατεγνωσμένην
1186 3242 1286 3293 ὑπὸ
1327 3240 1420 3294 r65
1462 3248 1657 3303 κοινοῦ,
1691 3239 1816 3293 ἀπο-

210 3324 394 3399 πηδᾷν
451 3328 618 3388 αὐτῆς
665 3327 760 3379 65::
820 3327 1027 3399 ὀφείλει·
1117 3327 1347 3382 ἀστάτου
1400 3333 1502 3403 γὰρ
1579 3337 1812 3403 γνώμης,

210 3423 304 3471 καὶ
340 3420 687 3492 προαιρέσεως
718 3414 986 3483 ἀϐεϐαίου,
1017 3415 1290 3479 ἕξουθενεῑν
1321 3419 1436 3489 (Ili)
1468 3421 1534 3472 :6:
1562 3425 1815 3494 παρόντα.

211 3511 315 3562 εἴτε
359 3513 430 3581 μή
475 3510 608 3580 ἕχει,
659 3510 731 3580 μὴ
785 3506 954 3575 ἐαυτῷ
1001 3505 1322 3579 λαμϐανέτω·
1376 3506 1504 3560 ἀλλά
1549 3511 1607 3560 :6
1674 3510 1818 3582 παρὰ

211 3607 315 3650 τῶν
355 3597 604 3671 μειζόνων
659 3593 980 3669 δοκιμασθεν
1020 3593 1392 3668 ὑποδεχίσθω,
1434 3599 1518 3649 ἶνα
1565 3600 1613 3650 ἐν
1661 3602 1817 3650 παντὶ

209 3691 273 3740 :6
327 3687 551 3749 s51:s:9'¢;
605 3683 848 3759 διασὼζῃ
879 3689 1018 3758 (42).
1075 3685 1163 3750 Ὠς
1216 3682 1274 3739 δι
1315 3689 1374 3738 τὸ
1425 3686 1586 3758 ἐαυτῷ
1620 3687 1816 3761 ἐπιτρέ-

213 3796 332 3830 πειν
377 3775 595 3852 ἀπρεπὶς
647 3773 967 3848 ἀπεδείχθη,
1029 3777 1161 3829 οὕτω
1207 3781 1297 3829 καὶ
1353 3780 1410 3829 τὸ
1463 3776 1585 3850 παρ’
1636 3777 1818 3852 ἑτέρων

210 3865 446 3941 ἔγκριθὶν
527 3870 598 3940 μὴ
670 3862 1086 3937 καταδέχεσθαι,
1169 3870 1588 3938 κατεγνωσμένον
1656 3865 1812 3922 ἐστίν.

210 3955 371 4009 Ἀλλὰ
420 3961 510 4008 καὶ
549 3956 634 4008 ἐὰν
681 3959 778 4028 ἔχη
835 3975 916 4016 τις
945 3959 1156 4027 τέχνην,
1198 3959 1271 4028 μὴ
1319 3954 1514 4030 ἀρέσκῃ
1549 3953 1608 4008 δί
1657 3955 1816 4018 αὐτῆς

209 4047 243 4104 ἠ
277 4054 476 4120 χρῆσις
503 4053 564 4118 τῇ
610 4042 948 4118 ἀδελφότητι,
980 4045 1196 4118 ἑτοίμως
1243 4045 1402 4104 αὐτὴν
1433 4044 1812 4120 ἀπορῥιπτέτω,

211 4131 440 4201 δεικνὺς,
471 4135 551 4187 ὅτι
601 4138 727 4210 πρὸς
767 4131 916 4186 οὖδὶν
970 4142 1070 4187 τῶν
1121 4133 1170 4186 ἓν
1219 4142 1290 4205 τῷ
1342 4138 1524 4207 κόσμῳ
1573 4133 1818 4208 ἐμπαθῶς

210 4221 496 4279 διάκειται.
548 4228 687 4277 Διότι
732 4226 790 4277 :6
838 4227 928 4297 μὲν
971 4229 1134 4276 ποιεῖν
1166 4225 1231 4276 τά
1275 4223 1541 4296 θελήματα
1567 4234 1665 4278 τῶν
1699 4221 1816 4276 δια-

205 4323 360 4367 νοιῶν
401 4321 491 4367 1'65
523 4318 594 4387 μὴ
639 4317 853 4385 ἔχοντός
907 4311 1049 4365 ἔστιν
1106 4309 1314 4381 ἐλπίδα,
1347 4316 1484 4366 κατά
1535 4317 1621 4366 τὸν
1663 4313 1815 4386 λόγον

206 4412 304 4458 :65
358 4402 700 4457 Ἀποστὸλον·
747 4406 806 4454 τὸ
857 4399 917 4454 δε
965 4402 1013 4455 ἐν
1061 4407 1215 4454 παντὶ
1257 4402 1485 4463 εὐπειθὲς
1531 4400 1815 4476 ἀποδοχῆς

206 4495 356 4558 ἄξιον
447 4500 539 4547 τοῦ
623 4491 779 4545 αὐτοῦ
853 4491 1174 4545 Ἀποστόλου
1259 4490 1584 4556 ίπαινοὺντὸς
1649 4513 1812 4563 τινας,

205 4587 288 4638 ὅτι
319 4587 434 4656 (43)
466 4583 672 4644 ἑαυτοὺς
703 4580 902 4635 ἔδωκαν
941 4589 1142 4656 πρῶτον
1174 4589 1244 4653 τῷ
1279 4586 1472 4656 Κυρίῳ,
1509 4583 1688 4635 ἔπειτα
1724 4588 1813 4637 καὶ

207 4678 337 4748 ἡμῖν
377 4671 472 4728 διὰ
501 4673 788 4748 θελήματος
819 4681 972 4728 Θεοῦ.

1927 3243 2310 3308 arrogantem
2347 3253 2479 3294 esse
2529 3253 2593 3293 se
2624 3242 2680 3293 et
2708 3241 3156 3301 contumacem,
3181 3239 3238 3290 et
3275 3235 3377 3307 qui
3410 3250 3590 3293 suum

1926 3331 2106 3384 unius
2143 3327 2443 3399 judicium
2477 3327 2691 3384 melius
2739 3342 2867 3382 esse
2899 3325 3084 3381 ducat
3121 3329 3177 3380 et
3206 3324 3592 3397 praestantius

1926 3416 2192 3490 plurium
2241 3417 2554 3472 sententia.
2583 3417 2717 3472 Sive
2764 3415 2947 3486 igitur
2975 3419 3136 3470 tenet
3164 3415 3302 3487 quis
3333 3419 3522 3469 artem
3555 3429 3593 3470 a

1927 3507 2360 3562 communitate
2383 3505 2547 3561 haud
2567 3506 2648 3561 im
2657 3505 2997 3578 probatam,
3015 3520 3150 3560 eam
3171 3506 3444 3560 deserere
3465 3518 3591 3561 non

1927 3595 2106 3651 debet
2137 3599 2248 3661 (est
2269 3595 2430 3650 enim
2463 3595 2651 3650 animi
2679 3593 3100 3659 inconstantis,
3133 3599 3189 3648 et
3232 3592 3447 3648 mentis
3499 3592 3592 3648 in-

1928 3689 2121 3751 certae,
2181 3682 2351 3739 nihili
2407 3682 2602 3738 facere
2646 3682 2990 3755 praesentia)
3022 3699 3036 3737 ε
3073 3681 3196 3736 sive
3235 3697 3359 3737 non
3383 3679 3586 3748 habet,

1928 3772 2044 3829 sibi
2064 3772 2176 3846 ipsi
2194 3789 2268 3828 ne
2290 3776 2509 3840 sumat,
2527 3772 2634 3827 sed
2657 3771 2825 3844 quod
2846 3788 2882 3827 a
2899 3769 3234 3841 majoribus
3263 3769 3589 3841 probatum

1928 3868 2036 3930 est,
2068 3863 2374 3936 suscipiat,
2407 3868 2472 3918 ut
2511 3862 2572 3919 in
2603 3861 2892 3918 omnibus
2925 3860 3270 3917 obedientia
3296 3863 3588 3918 servetur.

1927 3952 2457 4016 Quemadmodum
2487 3957 2690 4008 autem
2721 3949 2834 4007 sibi
2872 3951 2986 4024 ipsi
3017 3949 3314 4006 delectum
3345 3947 3590 4022 permit-

1926 4049 2070 4113 tere,
2101 4043 2455 4099 indecorum
2484 4059 2618 4099 esse
2648 4046 3052 4097 monstratum
3081 4045 3207 4096 est:
3237 4042 3320 4096 ita
3345 4054 3591 4112 quoque

1927 4149 2052 4190 rem
2095 4133 2174 4190 ab
2217 4132 2348 4188 aliis
2387 4132 2793 4206 approbatam
2821 4147 2947 4187 non
2999 4131 3324 4203 suscipere,
3363 4128 3592 4202 probro

1925 4224 2194 4280 vertitur.
2219 4227 2344 4278 lmo
2374 4223 2554 4277 etiam
2587 4221 2635 4276 si
2665 4221 2803 4293 quis
2833 4219 3054 4277 habeat
3074 4226 3286 4288 artem,
3310 4234 3433 4274 non
3463 4217 3589 4290 pla-

1926 4316 2059 4368 ceat
2103 4317 2306 4368 autem
2363 4311 2494 4382 ejus
2520 4327 2664 4365 usus
2711 4308 3090 4372 fraternitati,
3119 4308 3365 4379 abjiciat
3391 4307 3590 4380 ipsam

1925 4407 2210 4475 prompto
2258 4401 2485 4467 animo,
2519 4415 2702 4472 seque
2744 4399 2969 4454 nullius
2993 4400 3076 4454 rei
3105 4397 3430 4453 mundanas
3462 4402 3588 4453 stu-

1922 4491 2164 4548 diosum
2192 4505 2322 4546 esse
2355 4488 2652 4546 ostendat.
2680 4490 2830 4544 Nam
2861 4487 3056 4544 facere
3087 4485 3336 4558 quidem
3366 4486 3590 4556 cogita-

1921 4582 2156 4639 tionum
2197 4581 2561 4648 voluntates,
2601 4579 2732 4649 ejus
2764 4582 2856 4634 est
2896 4577 3000 4650 qui
3023 4591 3193 4648 spem
3225 4591 3347 4630 non
3378 4574 3584 4641 habet,

1847 4668 1890 4722 Ι)
1915 4672 2088 4743 juxta
2115 4671 2384 4744 Apostoli
2417 4669 2778 4725 sententiam
2797 4669 2883 4722 ²⁴ε
2920 4665 3026 4720 sed
3058 4664 3322 4720 exhibita
3363 4663 3424 4719 in
3457 4680 3586 4719 om-

207 4764 394 4822 nibus
423 4763 790 4829 obedientia,
820 4761 1120 4836 quiddam
1151 4765 1240 4818 est
1267 4760 1449 4817 laude
1480 4760 1754 4833 dignum,
1789 4778 1928 4818 cum
1959 4761 2122 4818 idem
2153 4759 2473 4834 Apostolus
2503 4758 2738 4832 aliquos
2767 4754 2993 4822 laudet,
3021 4754 3189 4827 quod
3223 4753 3454 4826 seipsos
3483 4752 3586 4809 de-

207 4853 408 4911 derint
425 4853 695 4928 primum
725 4851 1001 4924 Domino,
1029 4850 1251 4908 deinde
1273 4850 1455 4907 etiam
1481 4849 1658 4908 nobis
1690 4867 1798 4925 per
1828 4850 2197 4909 voluntatem
2225 4850 2325 4908 Dei
2357 4852 2432 4907 ³⁵.

283 5019 332 5054 ³³
371 5021 390 5074 ι
423 5020 557 5075 Cor.
588 5031 712 5084 xw,
745 5019 838 5072 26.
918 5017 966 5051 ²⁴
1007 5017 1027 5071 1
1058 5014 1271 5071 Thess.
1299 5029 1376 5079 iV,
1415 5016 1503 5071 t2.

279 5171 391 5241 (36)
432 5168 578 5226 Ediii
626 5171 684 5224 et
730 5169 871 5241 Reg.
923 5165 1128 5241 tertius
1157 5165 1285 5239 οὐχὶ
1310 5167 1530 5220 ἕκαστον
1561 5165 1622 5241 ᾖν
1653 5165 1807 5228 αὑτός

203 5237 452 5318 βουλεται
492 5242 698 5318 μαθεῖν,
725 5237 1110 5318 ἐπιτρέπεσθαι
1139 5237 1274 5314 χρη.
1308 5241 1447 5309 Reg.
1483 5237 1716 5310 primus
1748 5244 1806 5295 et

205 5311 374 5373 Colb.
405 5311 576 5370 ita'ut
604 5311 932 5368 edidimus.

275 5387 392 5457 (37)
412 5387 548 5456 Reg.
585 5383 818 5458 primus
843 5383 948 5455 οὐχ
979 5384 1060 5444 ὅτι
1091 5381 1354 5458 βούλεται..

276 5453 394 5526 (38}
433 5453 841 5528 Re'gfprimus
866 5453 957 5507 τοῦ
987 5453 1165 5528 μήπω.
1193 5453 1344 5528 Egisti
1371 5460 1462 5506 :65
1487 5458 1584 5527 μὴ.

275 5519 391 5596 (39)
442 5519 627 5601 idem-
651 5543 766 5584 ms.
805 5530 959 5601 _:':'1r:9
987 5519 1125 5601 ’πρὸς
1168 5521 1340 5601 ,δόξαν
1370 5519 1579 5601 ἔτι-καὶ
1616 5519 1803 5601 κέρδος

201 5601 471 5676 ἐπτόηται.
496 5596 637 5676 Οὐδᾷ
664 5603 767 5672 μὴν
797 5595 1043 5676 ὶνέκρωσά
1063 5599 1129 5652 :6:
1159 5595 1363 5653 ἑαυτοῦ.
1389 5596 1619 5656 Ibidem
1649 5595 1802 5654 alius

203 5687 323 5744 ms.
352 5673 524 5745 ἔργοις
558 5674 732 5730 πόνον.

1579 5013 1626 5048 ³⁸
1668 5017 1714 5070 ιι
1744 5013 1874 5071 Cor.
1905 5028 2029 5083 vtu,
2063 5017 2112 5067 5.

1985 5165 2100 5237 (40)
2143 5165 2295 5237 Edili
2344 5168 2403 5222 et
2448 5167 2586 5236 Reg.
2635 5159 2842 5219 tertius
2897 5156 3281 5231 ἀκριϐέστερον.
3314 5153 3426 5211 Alii
3463 5152 3588 5211 duo

1915 5235 2070 5295 mes.
2100 5235 2280 5312 ἀκριϐε
2290 5241 2494 5312 στέραν.

1989 5311 2104 5373 (Η)
2148 5297 2385 5378 Legitur"
2405 5308 2466 5364 in
2497 5305 2663 5364 Colb.
2699 5303 2944 5378 ἀβεϐαίου
2985 5297 3292 5378 ἐξόν-δενεῖν.

1985 5369 2100 5450 (42)
2143 5369 2301 5436 Unus
2333 5397 2442 5435 ms.
2472 5378 2696 5437 εὐπειθὲς
2728 5375 3003 5451 ἀποσὼζῃ.
3032 5373 3258 5451 [bidem
3279 5369 3402 5451 duo
3427 5386 3578 5451 mss.

1913 5442 2196 5510 etivuss.
2241 5456 2298 5504 τὸ
2334 5454 2523 5521 ἔαυτῷ.
2567 5453 2706 5518 Reg.
2744 5442 3045 5521 tertius-et
3085 5442 3312 5521 editiro
3347 5442 3576 5521 ἑαυτοῖς.

1912 5527 2137 5581 Rursus
2177 5525 2292 5594 hoc
2343 5513 2480 5594 ipso
2506 5522 2572 5594 in
2603 5513 2738 5594 loco
2767 5517 2999 5594 antiqui
3031 5523 3146 5572 tres
3175 5513 3313 5570 libri
3354 5518 3574 5586 printer

1913 5600 2080 5657 Voss.
2115 5589 2434 5668 ἀπεδείχθη.
2472 5592 2622 5649 Editi
2645 5589 2885 5668 ἐδείχθη.

1981 5669 2094 5742 (43)
2137 5657 2568 5747 Reg."primus
2615 5667 2672 5725 et
2721 5657 2892 5722 V683.
2931 5659 3257 5720 ἐπαινοῦντός
3283 5675 3446 5723 τινας,
3479 5657 3574 5709 καί
