4110 6382
520 301 652 360 1023

515 517 746 570 tantum
769 529 924 582 esse,
947 514 1123 586 eique
1147 514 1351 569 animo
1374 511 1559 570 alacri
1583 518 1640 566 et
1666 511 1931 566 studioso
1952 510 2180 566 incum-

515 602 677 670 bere,
711 607 767 659 et
816 602 978 658 velut
1027 604 1147 662 Deo
1189 603 1553 674 inspectore,
1604 600 1866 672 impigro
1898 599 2094 654 studio
2127 601 2182 654 et

517 692 833 748 attentiore
869 691 1183 761 diligentia
1243 691 1391 747 illud
1439 689 1742 762 inculpate
1793 691 2184 754 exercere,ut

521 797 758 854 semper
797 781 995 837 dicere
1028 782 1255 858 possit:
1289 783 1444 838 Ecce
1493 782 1645 836 sicut
1685 780 1848 834 oculi
1871 793 2179 834 servorum

518 873 583 926 in
615 873 895 927 manibus
927 872 1302 928 dominorum
1351 870 1730 935 suorum,ila
1779 869 1943 924 oculi
1987 867 2184 922 nostri

519 961 602 1016 ad
618 962 943 1016 Dominum
967 963 1156 1018 Deum
1177 967 1450 1016 nostrum
1473 961 1518 993 εδ
1545 976 1557 1013 ;
1592 973 1715 1013 non
1737 963 1940 1012 autem
1963 956 2041 1011 ab
2062 955 2180 1012 alio

519 1049 598 1105 ad
631 1049 794 1106 aliud
825 1050 1102 1106 transire.
1127 1053 1243 1107 Nec
1273 1049 1431 1104 enim
1451 1052 1669 1102 natura
1683 1051 1891 1103 nostra
1905 1045 2180 1118 pluribus

517 1139 699 1194 simul
733 1139 1085 1195 muneribus
1130 1139 1301 1208 fungi
1339 1143 1555 1209 potest,
1586 1136 1847 1208 ideoque
1868 1152 2054 1192 unam
2084 1151 2178 1191 ar-

519 1233 635 1283 tem
688 1234 965 1284 accurate
1018 1229 1299 1293 factitare,
1333 1244 1519 1299 quam
1566 1225 1788 1282 multas
1831 1224 2180 1297 imperfecte

519 1317 831 1388 attingere,
864 1317 1064 1372 utilius
1112 1321 1224 1375 est.
1255 1318 1486 1372 Etenim
1536 1316 1586 1371 si
1617 1315 1959 1372 distrahant
1983 1313 2180 1387 plura,

517 1409 573 1461 et
602 1421 676 1460 ex
705 1405 820 1461 alio
861 1404 939 1460 ad
974 1405 1137 1461 aliud
1172 1411 1576 1474 transeamus,
1607 1399 2182 1478 praeterquamquod

519 1493 752 1550 nullum
779 1511 934 1568 opus
967 1494 1321 1562 absolvitur,
1349 1495 1490 1552 inde
1523 1498 1702 1551 etiam
1736 1495 1923 1549 animi
1951 1492 2180 1562 levitas,

516 1584 564 1640 si
607 1584 736 1654 jam
766 1584 942 1654 inest,
975 1585 1381 1664 redarguitur,
1415 1590 1518 1640 aut
1571 1585 1620 1639 si
1662 1583 1937 1640 nondum
1985 1581 2178 1654 fuerit,

513 1664 922 1744 ingeneratur.
950 1673 1121 1740 Quod
1155 1676 1205 1734 si
1236 1675 1315 1730 ita
1341 1673 1670 1747 aliquando
1701 1671 2027 1728 necessitas
2049 1687 2182 1744 pos-

514 1761 682 1829 tulet,
715 1779 825 1836 par
872 1769 960 1819 est
991 1781 1126 1820 cum
1156 1763 1261 1836 qui
1300 1762 1551 1819 idoneus
1572 1768 1680 1824 est,
1712 1762 1843 1818 aliis
1875 1763 2057 1818 etiam
2087 1777 2180 1817 ar-

515 1850 678 1907 tibus
712 1852 1022 1926 suppetias
1052 1853 1291 1908 venire:
1325 1852 1603 1926 nequeid
1630 1868 1666 1908 a
1705 1852 2055 1924 semetipso,
2078 1850 2184 1934 sed

517 1939 568 1996 si
596 1941 846 2014 quando
864 1941 1155 2000 invitatus
1177 1943 1269 2008 sit,
1303 1943 1385 1998 sic
1412 1949 1476 1999 ut
1495 1941 1551 1998 id
1578 1933 1971 2016 nequaquam
2003 1939 2182 2012 388

517 2028 812 2086 faciamus
831 2037 1037 2088 nostro
1066 2031 1257 2104 primo
1285 2031 1554 2099 consilio,
1584 2031 1688 2087 sed
1721 2047 1868 2088 casu
1910 2030 2179 2105 quodam

517 2126 787 2190 urgente,
821 2121 1344 2192 quemadmodum
1369 2127 1426 2177 et
1471 2121 1533 2178 in
1573 2121 1842 2194 corporis
1893 2113 2182 2176 membris

514 2208 600 2276 ﬁt,
634 2211 905 2283 quando,
940 2211 1238 2267 titubante
1269 2211 1442 2284 pede,
1494 2227 1683 2268 manu
1729 2210 2062 2266 innitimur.
2116 2211 2183 2265 Et

513 2315 746 2364 rursus,
792 2299 1317 2372 quemadmodum
1358 2317 1392 2357 a
1437 2301 1639 2374 seipso
1692 2305 1883 2356 artem
1932 2297 2180 2370 aggredi

514 2385 1011 2445 detrimentosum
1038 2395 1128 2447 est
1159 2407 1172 2446 :
1229 2391 1312 2446 sic
1370 2389 1702 2446 detrectare
1747 2389 2067 2463 imperata,
2094 2387 2179 2445 di-

520 2492 709 2548 gnum
745 2482 832 2533 est
853 2477 1343 2550 reprehensione:
1376 2479 1542 2552 quod
1571 2480 1780 2551 ﬁat,ne
1801 2480 1998 2536 alatur
2021 2495 2181 2536 arro-

515 2567 737 2638 gantiae
781 2568 1032 2624 vitium:
1077 2585 1230 2628 neve
1272 2568 1632 2625 obedientise
1663 2567 2059 2626 etdocilitatis
2087 2586 2180 2625 re-

514 2655 659 2726 gula
708 2655 1096 2714 dissolvatur.
1145 2660 1438 2714 Caeterum
1463 2657 2005 2722 instrumentorum
2038 2675 2182 2716 cura

514 2744 820 2818 praecipue
852 2745 931 2801 ad
954 2746 1254 2818 cujusque
1280 2747 1421 2803 artis
1446 2746 1728 2820 opificem
1749 2747 1972 2804 attinet.
2009 2747 2181 2814 Quod

517 2835 565 2890 si
597 2833 748 2890 forte
781 2833 1113 2906 aliquando
1144 2837 1479 2906 contigerit,
1509 2840 1575 2891 ut
1625 2835 1869 2910 aliquod
1913 2838 2180 2909 negliga-

513 2929 630 2993 tur,
660 2939 730 2979 ea
778 2941 873 2980 res
906 2930 1202 2998 tanquam
1232 2942 1371 2998 quae
1401 2927 1678 2982 omnium
1707 2929 2049 2983 communis
2081 2927 2178 2997 sit,

515 3015 598 3071 ita
632 3015 1013 3070 convenienti
1041 3017 1229 3072 modo
1259 3016 1337 3072 ab
1382 3017 1453 3071 iis
1500 3017 1696 3074 curari
1745 3017 1924 3074 debet
1968 3017 2073 3091 qui
2118 3016 2178 3074 id

1901 301 1959 355 S.
2005 301 2254 356 BASILI!
2291 302 2528 358 MAGNI.

586 429 639 483 2.
685 426 978 482 Caeterum
1005 438 1504 498 unumquemque
1526 426 1759 496 oportet
1779 422 1942 493 operi
1963 437 2072 475 suo
2093 420 2179 475 in-
2219 426 2264 476 Α

3758 302 3897 357 1024

2367 426 2420 477 2.
2460 420 2716 473 Ἐκαστον
2774 425 2946 493 μέντοι
2996 440 3124 495 χρη,
3157 428 3217 492 τῇ
3281 417 3394 494 ἰδία
3447 419 3672 496 ἐργασίᾳ
3716 441 3897 494 προσ-

2292 514 2453 582 έχειν,
2510 516 2600 562 καὶ
2650 514 2842 572 ταύτης
2894 510 3282 584 ἐπιθυμητικῶς
3330 515 3637 584 φροντίζειν,
3680 517 3773 564 καὶ
3826 515 3899 576 ὡς

2293 608 2427 652 Θεοῦ
2499 598 2804 675 ἐφορῶντος,
2875 601 2924 652 ἐν
2984 597 3192 673 σπουδῇ
3254 603 3421 672 ἀόκνῳ
3488 605 3579 652 καὶ
3630 601 3900 674 ἐπιμελείᾳ

2290 694 2690 763 προσεχεστέρᾳ
2721 689 2998 764 ἀμέμπτως
3034 693 3226 748 ταύτην
3258 692 3372 760 (44)
3419 689 3777 767 ἀποπληροῦν,
3813 694 3900 745 ῖνα

2290 781 2390 852 ἔχῃ
2441 779 2743 855 παρρησίαν
2799 780 2962 852 λέγειν
3019 781 3100 833 ἀεὶ
3171 785 3247 832 τό·
3311 777 3451 832 Ἰδοὺ
3508 783 3576 842 ὡς
3634 781 3899 854 οφθαλμοὶ

2291 864 2492 920 δούλων
2550 869 2623 930 εἰς
2687 876 2874 942 χεῖρας
2931 875 3032 921 τῶν
3102 874 3294 944 κυρίων
3357 869 3544 932 αὐτῶν,
3600 871 3768 933 οὕτως
3848 875 3900 924 οἰ

2292 958 2546 1031 ὀφθαλμοὶ
2598 961 2744 1032 ἡμῶν
2801 963 2935 1032 πρὸς
3007 961 3196 1032 Κύριον
3251 964 3339 1012 τόν
3399 963 3528 1012 Θεὸν
3579 963 3748 1033 ἡμῶν·
3805 966 3900 1015 καὶ

2289 1053 2361 1122 μὴ
2414 1048 2592 1101 ἄλλοτε
2623 1049 2694 1112 εἰς
2737 1048 2860 1101 ἀλλο
2891 1046 3173 1119 ἁποπηδᾴν
3206 1050 3337 1118 (45).
3368 1046 3508 1102 Οὐδὲ
3536 1053 3638 1124 γὰρ
3670 1053 3698 1109 ἡ
3736 1054 3900 1124 φύσις

2291 1140 2436 1210 ἡμῶν
2495 1137 2658 1190 πολλά
2711 1140 2841 1210 ὁμοῦ
2872 1139 3156 1214 κατορθοῦν
3212 1137 3605 1213 ἐπιτηδεύματα
3645 1135 3893 1195 δύναται·

2291 1232 2380 1279 καὶ
2427 1230 2484 1279 τὸ
2533 1232 2656 1300 μίαν
2709 1227 2993 1300 φιλοπόνως
3046 1225 3260 1280 ἐκτελεῖν
3307 1237 3397 1282 τοῦ
3453 1230 3650 1282 πολλῶν
3709 1229 3900 1295 ἀτελῶς

2293 1317 2614 1390 ἐφάπτεσθαι
2633 1323 3060 1393 χρησιμώτερον.
3094 1317 3151 1370 Ὀ
3172 1321 3272 1393 γὰρ
3324 1318 3395 1381 εἰς
3447 1320 3554 1390 (46)
3577 1319 3790 1372 πλείονα
3808 1341 3899 1394 με-

2290 1411 2502 1483 ρισμὸς,
2529 1411 2618 1458 καὶ
2641 1410 2670 1467 η
2705 1407 2884 1460 ὀᾶλοτε
2915 1407 2993 1461 ἐπ’
3019 1407 3142 1462 ἄλλο
3162 1407 3447 1482 μετάϐασις
3476 1413 3605 1485 πρὸς
3629 1413 3688 1464 τὸ
3727 1407 3901 1484 μηδὲν

2292 1497 2513 1550 τελειοῦν
2565 1504 2663 1549 τῶν
2714 1500 2894 1572 ἔργων,
2945 1501 3022 1550 ἔτι
3068 1504 3158 1550 καὶ
3203 1501 3364 1561 ἤθους
3421 1499 3665 1573 ἐλαφρίαν
3696 1504 3725 1558 ἦ
3763 1521 3902 1578 προ-

2293 1588 2646 1660 ϋπάρχουσαν
2695 1585 2918 1660 ἐλέγχει,
2952 1588 2981 1646 ἦ
3047 1591 3236 1660 καὶμὴ
3294 1583 3454 1640 οὖσαν
3503 1588 3724 1662 ἐμποιεῖ.
3782 1592 3902 1644 Ἐὰν

2295 1673 2354 1729 δέ
2413 1696 2534 1729 ποτε
2609 1681 2771 1752 χρεία
2828 1664 3121 1750 καταλάϐῃ,
3203 1676 3496 1736 ἐπιϐοηθεῖν
3561 1685 3652 1732 καὶ
3716 1679 3904 1744 ἄλλαις

2224 1784 2262 1838 Β
2291 1771 2498 1839 τέχναις
2550 1771 2636 1818 τὸν
2687 1763 2991 1827 ἐπιτηδείως
3039 1769 3230 1838 ἔχοντα
3271 1767 3572 1823 ἀκόλουθον,
3627 1773 3723 1822 Καὶ
3772 1768 3901 1824 οὐδὲ

2291 1864 2444 1908 τοῦτο
2502 1856 2588 1930 ἀφ’
2660 1856 2864 1909 ἑαυτοῦ·
2926 1854 3037 1908 ἀλλ’
3096 1860 3138 1908 εἰ
3204 1876 3328 1908 ποτε
3393 1857 3776 1931 προσκληθείη,
3836 1861 3899 1912 οὐ

2290 1949 2691 2020 προηγουμένως
2762 1949 2905 2019 ἡμῶν
2971 1948 3254 1998 ποιούντων
3324 1954 3498 2014 τοῦτο,
3575 1945 3706 1999 ἀλλὰ
3760 1952 3902 2004 κατὰ

2291 2040 2622 2109 περίστασιν·
2680 2040 2748 2100 ὡς
2796 2040 2885 2087 καὶ
2940 2035 3022 2088 ἐπὶ
3065 2043 3166 2086 τῶν
3232 2035 3395 2108 μελῶν
3466 2044 3560 2088 τοῦ
3629 2044 3895 2112 σώματος,

2292 2125 2434 2195 ὅταν,
2490 2124 2808 2188 όκλάσαντος
2843 2132 2932 2177 τοῦ
2970 2125 3157 2193 ποδὸς,
3193 2125 3658 2200 ἑπιστηριζώμεθα
3686 2137 3746 2202 τῇ
3781 2149 3901 2201 χει-

2287 2217 2361 2288 ρί.
2421 2219 2520 2266 Καὶ
2567 2214 2740 2281 πάλιν,
2788 2217 2961 2288 ὥσπερ
3003 2219 3060 2267 τὸ
3101 2214 3186 2286 ἀφ’
3243 2215 3424 2268 ἑαυτοῦ
3469 2218 3582 2288 (4³7)
3631 2216 3898 2291 ἐπιπηδᾴν

2291 2300 2612 2377 ἀσύμφορον,
2673 2304 2808 2356 οὕτω
2861 2307 2919 2356 τό
2987 2307 3322 2380 προσταχθὲν
3368 2309 3441 2378 μὴ
3494 2305 3901 2380 καταδέχεσθαι

2288 2398 2612 2470 κατηγορίας
2643 2393 2808 2459 ἄξιον,
2860 2396 2942 2445 ἱνα
2989 2399 3118 2467 μήτε
3180 2397 3343 2456 πάθος
3413 2393 3703 2460 αύθαδεὶας
3778 2403 3898 2472 τρέ-

2289 2503 2449 2556 φηται
2481 2484 2615 2555 (48),
2656 2488 2788 2556 μήτε
2837 2485 2861 2535 ό
2901 2490 2996 2546 τῆς
3051 2485 3291 2547 ὑπακοῆς
3319 2490 3410 2537 καὶ
3452 2487 3739 2552 εὐπειθείας
3784 2489 3901 2563 ὄρος

2291 2569 2594 2630 διαλύηται.
2643 2577 2743 2625 Καὶ
2797 2575 2828 2632 ἠ
2876 2581 2975 2624 τῶν
3028 2573 3301 2647 ἐργαλείων
3355 2571 3414 2628 δὲ
3460 2582 3667 2650 φροντὶς
3718 2573 3901 2650 διαφέ-

2287 2680 2366 2734 ρει
2414 2663 2503 2734 μὶν
2547 2665 2946 2735 προηγουμένως
2993 2669 3066 2734 τῷ
3134 2661 3360 2727 ἑκάστης
3416 2664 3660 2740 ἐργασίας
3717 2685 3898 2736 τεχνι-

2287 2772 2374 2825 τῃ·
2440 2749 2523 2804 ἐὰν
2566 2748 2624 2804 δι
2682 2753 2786 2826 ἄρα
2849 2754 2974 2804 ποτε
3013 2755 3346 2826 παροφθῆναι
3402 2753 3634 2826 συμϐαίη
3696 2774 3769 2824 τι,
3820 2761 3894 2818 ὡς

2287 2843 2457 2893 κοινόν
2496 2844 2698 2894 πάντων
2751 2851 2950 2916 κτῆμα,
3007 2842 3140 2894 ούτω
3191 2851 3286 2906 τῆς
3340 2846 3719 2916 προσηκούσης
3765 2865 3870 2919 προ

2287 2937 2428 2993 νοίας
2488 2929 2752 2995 ἀξιούσθω
2813 2933 2915 2983 ὑπὸ
2979 2940 3076 2983 τῶν
3143 2939 3361 3006 πρώτοις
3429 2935 3779 3007 θεασαμένων.
3833 2936 3899 2989 Εἰ

2286 3023 2387 3094 γὰρ
2427 3025 2518 3072 καὶ
2563 3022 2592 3078 ἠ
2644 3029 2848 3095 χρῆσις
2897 3020 3066 3073 αὐτῶν
3115 3018 3421 3090 ἰδιάζουσαι,
3463 3020 3591 3074 ἀλλὰ
3625 3027 3684 3075 τὸ
3717 3023 3769 3086 ἐξ
3799 3024 3896 3076 αύ-

513 3105 696 3178 primi
752 3107 1310 3164 animadverterint.
1371 3107 1487 3164 Etsi
1526 3107 1688 3164 enim
1726 3108 1997 3182 ipsorum
2030 3125 2178 3164 usus

2290 3119 2387 3161 τῶν
2437 3115 2705 3184 χρήσιμον
2762 3115 2952 3166 κοινόν.
2998 3113 3068 3164 Τὸ
3106 3114 3207 3186 γὰρ
3243 3114 3312 3174 ὡς
3342 3108 3494 3164 οὐδὲν
3520 3118 3896 3188 προσηκόντων

514 3195 926 3267 quorumdam
971 3195 1047 3251 sit
1077 3196 1359 3269 proprius
1385 3214 1397 3252 :
1433 3203 1635 3253 tamen
1662 3214 1797 3270 quae
1829 3214 1903 3253 ex
1931 3199 2023 3254 his
2052 3214 2181 3271 per-

514 3284 734 3356 cipitur
760 3283 1006 3355 utilitas,
1042 3286 1383 3342 communis
1415 3292 1523 3342 est.
1577 3287 1972 3343 Contemnere
2019 3288 2180 3344 enim

516 3372 760 3428 alterius
791 3375 935 3429 artis
965 3377 1388 3444 instrumenta,
1413 3376 1599 3432 veluti
1636 3377 1782 3432 nihil
1816 3377 1893 3432 ad
1919 3394 1980 3433 se
2014 3395 2182 3450 spec-

515 3461 726 3530 tantia,
775 3464 907 3534 ejus
957 3469 1070 3531 est,
1095 3465 1200 3537 qui
1245 3481 1315 3520 ea
1359 3481 1469 3537 pro
1513 3465 1723 3521 alienis
1747 3467 1949 3522 habet.
1980 3470 2182 3539 Neque

513 3566 658 3606 vero
680 3568 782 3607 eos
803 3553 910 3625 qui
932 3559 1088 3608 artes
1115 3559 1388 3623 tractant,
1413 3555 1585 3611 decet
1603 3555 1718 3611 sibi
1737 3556 2046 3612 vindicare
2064 3557 2156 3612 ins
2176 3590 2182 3595 -

514 3644 956 3698 trumentorum
987 3643 1350 3710 dominium,
1383 3646 1465 3700 ita
1498 3657 1560 3700 ut
1591 3651 1694 3700 aut
1741 3645 1992 3702 fratrum
2035 3662 2182 3719 prae-

512 3729 668 3786 fecto
696 3737 1056 3803 potestatem
1106 3749 1228 3789 non
1274 3732 1502 3790 faciant
1530 3733 1626 3790 his
1654 3735 1861 3790 utendi
1887 3737 1964 3791 ad
1995 3752 2183 3808 quam

513 3818 642 3892 ipse
674 3837 922 3893 cunque
969 3839 1096 3878 rem
1144 3823 1304 3890 velit,
1336 3829 1438 3880 aut
1487 3823 1602 3879 sibi
1655 3825 1804 3898 ipsis
1843 3826 2183 3882 libertatem

513 3909 660 3966 dent
697 3926 768 3966 ea
805 3911 1132 3983 vendendi,
1158 3919 1263 3968 aut
1306 3913 1717 3986 permutandi,
1751 3920 1858 3972 aut
1890 3916 2006 3972 alio
2037 3933 2183 3989 quo-

513 3998 602 4053 vis
622 3999 810 4054 modo
835 3999 1141 4071 tradendi,
1167 4007 1271 4058 aut
1295 4001 1434 4068 alia,
1450 4008 1664 4074 praeter
1687 4021 1757 4060 ea
1779 4021 1914 4078 quae
1937 4006 2182 4081 habent,

513 4091 938 4160 comparandi.
997 4091 1108 4157 Qui
1163 4093 1323 4148 enim
1378 4093 1565 4148 semel
1613 4095 1696 4150 ita
1746 4097 1968 4164 statuit,
2003 4113 2064 4152 se
2109 4114 2184 4154 ne

516 4193 767 4233 suarum
796 4179 1044 4250 quidem
1075 4197 1370 4237 manuum
1403 4183 1718 4240 dominum
1763 4201 1915 4253 esse,
1947 4187 2054 4241 sed
2080 4186 2184 4260 qui

2287 3206 2388 3251 τῶν
2442 3201 2496 3251 ἐκ
2549 3209 2644 3262 τῆς
2674 3197 2832 3262 ἄλλης
2883 3202 3078 3272 τέχνης
3138 3210 3476 3276 καταφρονεῖν
3508 3201 3895 3278 ἀλλοτριώσεως

2290 3286 2558 3353 ἀπόδειξιν
2598 3291 2730 3362 ἔχει.
2773 3290 2850 3341 Ού
2889 3295 2992 3362 μὴν
3033 3287 3156 3343 οὐδὲ
3203 3295 3325 3354 τοὺς
3361 3293 3895 3369 μεταχειριζομένους

2288 3382 2377 3440 τὰς
2406 3383 2597 3450 τέχνας
2643 3376 2950 3431 δεσποτείαν
3001 3376 3226 3433 ἐκδικεῖν
3269 3390 3369 3434 τῶν
3410 3381 3684 3456 ἐργαλείων
3728 3403 3898 3458 προσ-

2291 3477 2425 3537 ἠκει,
2450 3473 2517 3533 ὡς
2573 3469 2602 3527 ἢ
2659 3477 2730 3540 τῷ
2784 3478 3081 3545 προεστῶτι
3127 3479 3218 3532 τῆς
3259 3467 3610 3544 ἁδελφότητος
3654 3477 3727 3544 μὴ
3765 3492 3899 3546 συγ-

2288 3567 2482 3634 χωρεῖν
2527 3559 2701 3619 αύτοῖς
2755 3561 3057 3634 κεχρῆσθαι
3096 3563 3226 3635 πρὸς
3275 3562 3396 3635 ὅπερ
3429 3559 3488 3612 ἆν
3524 3560 3665 3636 θέλῃ,
3700 3564 3729 3624 ἣ
3776 3563 3899 3616 ἐαυ-

2290 3659 2400 3712 τοῖς
2452 3649 2738 3726 ἐπιτρέπειν
2791 3650 2975 3702 πωλεῖν
3033 3651 3168 3703 αὐτὰ
3223 3653 3250 3711 ἢ
3306 3649 3617 3725 διαμείϐειν,
3679 3655 3708 3714 ἦ
3760 3659 3902 3708 κατὰ

2293 3740 2443 3792 ἄλλον
2509 3740 2624 3790 τινὰ
2683 3742 2871 3812 τρόπον
2934 3742 3235 3814 προῖεσθαι·
3271 3742 3299 3800 ἡ
3366 3747 3455 3794 καὶ
3521 3746 3902 3818 προσκτᾶσθαι

2290 3836 2398 3891 τοῖς
2453 3825 2600 3880 οὖσιν
2633 3828 2799 3902 ἓτερω
2862 3829 2887 3879 ό
2935 3832 3036 3904 γὰρ
3069 3831 3211 3894 ἅπαξ
3253 3835 3434 3904 κρίνας
3472 3829 3610 3904 μηδὲ
3640 3841 3740 3884 τῶν
3771 3853 3900 3906 χει-

2290 3929 2393 3996 ρῶν
2448 3916 2576 3970 εἶναι
2630 3926 2729 3969 τῶν
2785 3917 2968 3970 ἑαυτοῦ
3013 3921 3210 3994 κύριος,
3260 3919 3365 3971 ἀλλ’
3417 3921 3569 3996 ἑτέρῳ
3627 3927 3722 3981 τὴν
3768 3923 3904 3997 ἐνέρ-

2290 4030 2435 4084 γειαν
2465 4009 2632 4061 αὐτῶν
2705 4009 2987 4081 οἰκονομεῖν
3047 4008 3343 4087 ἐπιτρέψας,
3389 4021 3498 4074 πῶς
3545 4011 3605 4064 ἆν
3654 4013 3678 4065 ὀ
3727 4024 3904 4068 τοιοῦ-

2291 4120 2374 4161 τος
2433 4099 2692 4150 ἀκόλουθα
2746 4100 3001 4172 πράσσοι,
3057 4108 3162 4161 τοῖς
3215 4101 3498 4176 ἐργαλείοις
3553 4111 3644 4163 τῆς
3702 4108 3904 4176 τέχνης

2293 4191 2624 4256 ἑναυθεντῶν,
2716 4192 2806 4239 καὶ
2884 4184 3186 4252 δεσποτείας
3243 4190 3502 4264 ἀξιώματι
3576 4192 3656 4244 ἐπ’
3723 4195 3900 4247 αὐτῶν

516 4268 717 4340 potius
757 4284 944 4341 opera
986 4270 1155 4327 alteri
1212 4273 1479 4342 regenda
1520 4276 1841 4345 commisit,
1869 4279 2182 4349 quomodo

2291 4282 2615 4354 κεχρημένος
2637 4294 2651 4345 ;

517 4358 946 4415 convenienter
973 4376 1086 4416 suo
1116 4361 1384 4418 instituto
1418 4363 1590 4419 faciet
1621 4366 1724 4436 qui
1780 4366 2082 4438 ejusmodi
2106 4374 2212 4438 est,
2248 4370 2299 4427 si
2344 4386 2654 4426 summum
2679 4368 2775 4440 jus
2809 4367 3082 4426 obtineat
3108 4371 3170 4425 in
3207 4371 3354 4428 artis
3381 4371 3806 4440 instrumenta,
3843 4380 3905 4432 et

516 4448 576 4503 in
607 4447 701 4504 his
739 4448 992 4506 dominii
1016 4450 1372 4520 dignitatem
1402 4461 1654 4526 usurpet
1682 4455 1710 4510 ?

999 4543 1514 4598 INTERROGATIO
1556 4544 1689 4599 XLII

627 4627 752 4694 Quo
783 4631 1029 4686 consilio
1060 4639 1115 4687 et
1146 4647 1261 4702 quo
1293 4635 1496 4689 animo
1535 4635 1581 4688 ii
1618 4635 1725 4705 qui
1763 4635 2069 4703 laborant,

1047 4721 1328 4778 laborare
1357 4724 1636 4780 debeant.

1144 4812 1553 4868 RESPONSIO.

591 4901 638 4952 1.
682 4900 872 4970 Atque
914 4897 1061 4954 illud
1089 4904 1270 4955 etiam
1310 4916 1489 4956 nosse
1529 4917 1729 4974 operae
1762 4903 2022 4974 pretium
2071 4909 2179 4985 est,

587 5048 635 5082 ²⁶
678 5047 835 5103 Psal.
866 5063 1043 5115 cxxn,
1070 5052 1124 5104 2.

506 5181 898 5268 1&70vr0;,6n.
961 5179 1073 5236 Alii
1123 5199 1270 5238 mss.
1341 5187 1399 5240 et
1455 5184 1598 5240 editi
1655 5185 1984 5251 ἐπαινοῦντός
2015 5208 2180 5260 τινας,

518 5272 858 5393 θτξίιγνοχ
884 5326 1080 5380 ταύτην
1115 5324 1321 5380 addita
1349 5331 1438 5382 est
1469 5343 1536 5381 ex
1570 5327 1933 5386 Colbertino.

588 5395 702 5469 (451
739 5393 902 5469 Idem
933 5411 1048 5469 tius.
1080 5397 1202 5469 ἄλλο
1233 5395 1563 5469 μεταπηδᾲν.

525 5535 545 5588 ἐ
592 5464 905 5586 ςίιξὶιιιεω
936 5465 1089 5522 liber
1136 5467 1194 5519 '0
1225 5464 1326 5545 γὰρ
1369 5470 1470 5525 ἐπί.
1497 5464 1641 5527 ’Μοχ
1685 5471 1782 5527 hic
1831 5473 1958 5546 ipse
1991 5476 2183 5531 codex

549 5554 586 5588 π
632 5555 666 5587 α
728 5558 787 5588 ω.

595 5579 938 5680 (.iw‘i‘lw'léditio
970 5610 1144 5666 Basd.
1175 5611 1425 5684 perinde
1448 5618 1512 5671 ut
1542 5615 1726 5688 Paris.
1760 5619 1817 5669 τό
1846 5617 1931 5691 ἀφ’
1974 5619 2181 5696 ἑαυτοῦ.

2850 4553 3165 4601 ΕΡΩΤΗΣΙΣ
3205 4547 3330 4604 ΜΗ.

2289 4641 2429 4709 Ποίῳ
2472 4645 2649 4708 σκοπῷ
2701 4642 2790 4689 καὶ
2837 4643 2963 4709 ποίᾳ
3007 4633 3244 4691 διαθέσει
3303 4639 3620 4715 ἐργάζεσθαι
3665 4639 3750 4695 δεῖ
3776 4648 3900 4707 τοὺς

2901 4726 3296 4801 ἐργαζομένους.

2909 4823 3282 4874 ΛΙΙΟΚΡΙΣΙΣ.

2365 4911 2414 4961 1.
2457 4905 2647 4959 Ἐκεῖνο
2696 4910 2871 4979 μέντοι
2921 4903 3114 4958 εἰδέναι
3152 4913 3286 4984 χρὴ,
3329 4910 3410 4961 ὅτι
3447 4911 3472 4962 ὁ
3532 4910 3898 4986 ἐργαζόμενος,

2291 5189 2481 5272 Editio
2510 5191 2739 5272 Yen.‘et
2771 5193 2912 5272 Reg.
2951 5191 3442 5272 tertius_ré__s'augq7i,
3473 5197 3688 5272 eadem
3717 5197 3905 5272 plane

2292 5263 2618 5344 sententia.
2651 5265 2774 5333 Reg
2807 5264 3041 5336 primus
3063 5271 3120 5320 et
3147 5263 3511 5344 coibas-75:9
3541 5263 3902 5344 τόέπιῐτηδᾴν

2292 5333 2457 5408 ἑαυτῷ
2491 5333 3020 5408 ἀσύμφορονξεεηειι
3044 5353 3168 5392 non
3200 5333 3493 5394 dissimili:
3532 5341 3764 5399 Ibidem
3797 5333 3907 5399 an-

2293 5407 2442 5483 tiqui
2462 5413 2582 5483 tres
2613 5407 2745 5461 libri
2779 5413 2994 5479 printer
3024 5409 3188 5464 Voss.
3219 5413 3644 5483 προσταχθέντα,

2364 5481 2476 5554 (48)
2512 5480 2651 5548 Reg.
2688 5483 2920 5554 primus
2968 5484 3024 5534 et
3062 5480 3267 5554 _\'oss._
3293 5489 3348 5538 et
3389 5480 3554 5538 C'olb.
3617 5482 3906 5554 αὐθαδείας

2295 5549 2541 5619 αὔξηται,
2572 5566 2646 5623 ne
2677 5549 2982 5628 augeatur
3010 5552 3222 5611 vitium
3249 5557 3642 5628 arrogantiae,
