4110 6374
289 316 424 370 1029

285 436 679 512 ἁμαρτήμασιν,
721 437 849 491 ἀλλά
898 439 1076 513 πράως
1123 436 1432 510 ἀνεχόμενον
1494 447 1592 490 τῶν
1651 436 1875 510 ἀφηνια-
1908 441 1953 493 Α

287 527 479 586 ζοντων
532 530 650 592 (62)
695 533 784 580 καὶ
835 530 924 588 τάς
982 528 1206 604 ἰατρείας
1245 528 1422 590 αὐτοῖς
1482 527 1531 580 ἐν
1588 530 1734 601 πείσῃ
1799 529 1881 580 εὖ·

288 616 596 690 σπλαγχνίᾳ
657 621 748 670 καὶ
815 621 1112 692 συμμετρίᾳ
1163 619 1518 693 προσάγοντα.
1578 616 1770 670 Ἱκανὸν
1820 614 1880 670 δὲ

285 709 475 778 τρόπον
513 715 603 767 τῆς
654 708 921 780 θεραπείας
973 716 1046 778 τῷ
1097 709 1251 760 πάθει
1294 707 1480 760 οἰκεῖον
1530 703 1768 781 ἐξευρεῖν,
1820 707 1879 759 οὐ

285 797 418 867 μετά
463 792 746 857 αὐθαδείας
783 795 1118 870 ἐπιτιμῶντα,
1168 795 1276 848 ἀλλ’
1315 797 1364 850 ἐν
1401 802 1660 873 πραότητι
1704 799 1880 851 νουθε-

285 891 476 937 τοῦντα
521 891 610 938 καὶ
656 883 990 953 παιδεύοντα,
1041 887 1210 946 καθὼς
1255 889 1570 962 γέγραπται,
1637 887 1882 960 νηφάλιον

287 971 338 1024 ἐν
384 981 495 1035 τοῖς
532 984 780 1048 παροῦσι,
833 979 1175 1050 προορατικόν
1224 985 1322 1028 τῶν
1360 976 1664 1049 μελλόντων,
1709 979 1881 1029 ἰκανὸν

287 1065 380 1135 μὶν
419 1071 524 1125 τοῖς
551 1065 796 1138 ἰσχυροῖς
827 1065 1115 1132 συναθλεῐν,
1138 1074 1238 1117 τῶν
1266 1061 1324 1118 δε
1355 1063 1627 1120 ἀδυνάτων
1669 1066 1881 1140 βαστά-

291 1153 398 1213 ζειν
462 1157 527 1206 τὰ
587 1152 936 1226 ἀσθενήματα,
999 1161 1090 1208 καὶ
1138 1157 1309 1207 πάντα
1346 1163 1510 1208 ποιεῖν
1563 1163 1652 1210 καὶ
1719 1157 1882 1230 λέγειν

291 1237 569 1312 δυνάμενον
604 1245 737 1314 πρὸς
765 1246 1124 1318 καταρτισμὸν
1150 1252 1252 1295 τῶν
1295 1248 1569 1297 συνόντων·
1611 1249 1682 1317 μὴ
1718 1244 1882 1317 ἐαυτῷ

286 1327 612 1400 λαμϐάνοντα
679 1334 768 1383 τὸν
822 1338 1172 1407 προστασίαν,
1247 1331 1353 1384 ἀλλ’
1420 1332 1722 1410 ἐγκριθέντα
1785 1343 1884 1386 τῶν

286 1414 335 1468 ἐν
366 1425 482 1480 ταῖς
528 1422 640 1490 (63)
686 1420 868 1483 ἄλλαις
899 1419 1220 1495 ἀδελφότησι
1249 1427 1600 1496 προεχόντων,
1632 1429 1722 1476 καὶ
1765 1426 1884 1476 ἱκα-

283 1510 376 1565 νὴν
428 1516 612 1582 πεῖραν
659 1518 754 1562 τοῦ
785 1516 979 1585 τρόπον
1025 1511 1072 1564 ἐν
1111 1520 1184 1583 τῷ
1223 1511 1531 1586 παρελθόντι
1580 1511 1682 1585 βίῳ
1721 1509 1886 1566 δεδω-

285 1599 435 1651 κότα.
490 1603 590 1651 Καὶ
641 1594 786 1652 οὗτοι
835 1602 959 1674 γὰρ,
1001 1606 1152 1673 φησὶ,
1223 1598 1696 1674 δομικαζέσθωσαν
1749 1610 1888 1678 πρῶ-

285 1704 393 1753 τον,
459 1683 570 1739 εἶτα
634 1684 1063 1758 διακονείτωσαν,
1134 1688 1438 1762 ἀνέγκλητοι

1516 1695 1535 1708 ι.

1503 1695 1664 1752 ὄντες.
1733 1693 1887 1744 Οὕτω

286 1779 378 1828 καὶ
429 1776 454 1826 ὁ
511 1785 742 1838 τοιοῦτος
809 1777 1163 1853 ἐπιτρεπέσθω
1219 1785 1312 1839 τὴν
1377 1785 1729 1854 προστασίαν,
1797 1786 1888 1835 καὶ
1919 1794 1959 1848 Β

285 1869 382 1924 τὴν
435 1865 672 1930 εὐταξίαν
711 1869 926 1942 ὀριζέτω
976 1877 1040 1942 τῇ
1088 1865 1422 1942 ἀδελφότητι,
1483 1875 1576 1930 τὴν
1628 1867 1886 1944 διανομὴν

285 1962 384 2007 τῶν
445 1957 626 2030 ἰργων,
681 1957 798 2010 καθ’
857 1958 882 2010 ὃ
940 1960 1154 2020 ἕκαστος
1208 1961 1324 2033 (64)
1375 1958 1682 2022 ἐπιτηδείως
1749 1963 1882 2034 ἔχει,

286 2046 608 2118 ποιούμενος.

855 2255 1171 2304 ΕΡΩΤΗΣΙΣ
1215 2249 1318 2305 ΜΔ’

286 2358 437 2409 Τίσιν
502 2352 792 2431 ἐπιτρέπειν
865 2361 975 2431 χρὴ
1043 2359 1139 2420 τὰς
1215 2354 1542 2432 ἀποδημίας·

645 2445 949 2507 ἐπανιόντας
979 2446 1167 2509 αὐτοὺς
1201 2445 1512 2525 ἀνακρίνειν.

895 2569 1270 2620 ΛΙΙΟΚΡΙΣΙΣ.

1628 2361 1715 2411 καὶ
1780 2364 1888 2422 πῶς

364 2676 418 2733 ι.
473 2675 578 2730 Τὴν
625 2673 716 2744 μὶν
774 2666 1080 2744 ἀποδημίαν
1133 2673 1449 2749 ἐπιτρεπέτω
1507 2683 1580 2747 τῷ
1620 2670 1890 2748 δυναμένῳ

291 2759 526 2823 ἀϐλαϐῶς
582 2757 645 2833 τῇ
697 2759 882 2812 ἑαυτοῦ
927 2761 1082 2836 ψυχῇ
1144 2768 1233 2816 καὶ
1290 2763 1558 2836 ὠφελίμως
1609 2771 1719 2828 τοῖς
1772 2784 1892 2818 συν-

288 2851 647 2923 τυγχάνουσιν
691 2850 855 2909 αὐτὴν
897 2856 1016 2920 {65)
1062 2851 1297 2906 ἐκτελεῖν.
1349 2853 1432 2915 Ὠς
1488 2853 1573 2906 ἐὰν
1623 2860 1695 2927 μή
1746 2865 1886 2930 παρῇ

291 2940 319 2991 ὁ
363 2936 678 3006 ἐπιτήδειος,
731 2939 934 3013 βέλτιον
991 2941 1040 2993 ἐν
1098 2938 1270 3016 ἐνδείᾳ
1305 2951 1406 2994 τῶν
1452 2941 1746 3016 ἀναγκαίων
1793 2951 1892 2997 πᾶ-

297 3047 394 3080 σαν
463 3027 632 3100 θλίψιν
695 3035 786 3082 καὶ
856 3036 1210 3105 στενοχωρίαν
1276 3035 1443 3105 μέχρι
1507 3037 1597 3086 καὶ
1667 3035 1890 3088 θανάτου

292 3117 601 3188 ὑπενεγκεῖν,
669 3119 698 3178 ἣ
758 3122 1090 3195 παραμυθίας
1152 3120 1312 3173 ἕνεκεν
1383 3130 1689 3195 σωματικῆς
1751 3121 1888 3196 βλοί-
1921 3151 1960 3207 C

288 3204 385 3264 ϐην
423 3205 606 3279 ψυχῆς
657 3208 1070 3282 ὁμολογουμένην
1109 3216 1372 3285 περιορᾷν.
1428 3210 1594 3264 Καλόν
1632 3215 1734 3289 γάρ
1775 3233 1885 3285 μοι,

288 3299 446 3369 φησὶν
508 3298 533 3348 ὁ
586 3295 926 3366 ’Λπὸστολος,
970 3299 1160 3371 μᾶλλον
1215 3298 1508 3368 ἀποθανεῖν,
1567 3303 1597 3361 ἣ
1655 3306 1714 3354 τὸ
1754 3306 1890 3355 καύ-

287 3386 446 3458 χημοί
493 3403 596 3458 μου
651 3386 734 3436 ’ίνα
781 3405 859 3447 τις
900 3393 1122 3460 κενὼσηο
1183 3394 1273 3442 καὶ
1327 3397 1482 3444 τοῦτο
1538 3390 1588 3443 ἐν
1640 3400 1751 3454 τοῖς
1811 3391 1891 3445 ἐπ’

291 3473 552 3537 ἐξουσίας
607 3477 756 3547 πόσῳ
814 3471 900 3527 οὖν
952 3476 1142 3548 μᾶλλον
1200 3478 1248 3530 ἐν
1300 3486 1409 3541 τοῖς
1461 3479 1576 3533 κατ’
1630 3479 1832 3541 ἐντολήν
1875 3499 1889 3550 ;

294 3569 538 3636 Καίτοιγε
585 3560 708 3617 οὐδε
761 3572 917 3618 τοῦτο
981 3563 1388 3640 ἀπαραμύθητον
1441 3571 1468 3621 ὁ
1527 3578 1625 3632 τῆς
1687 3569 1893 3644 ἀγάπης

291 3656 441 3726 νόμος
498 3650 737 3725 ἀφίησιν.
793 3651 911 3706 Ἐἀν
951 3655 1048 3728 γὰρ
1121 3653 1295 3727 συμϐῇ
1357 3659 1427 3728 μὴ
1492 3665 1732 3732 παρεῖναι
1795 3665 1895 3732 μιᾷ

294 3739 612 3816 ἀδελφότητι
657 3746 744 3795 τὸν
801 3739 1107 3804 ἐπιτηδείως
1160 3742 1615 3818 ἀποστελλόμενον,
1665 3749 1715 3800 οἱ
1773 3751 1894 3800 σύν-

293 3852 450 3904 εγγυς
499 3835 558 3885 τὸ
621 3831 796 3885 λεῖπον
859 3830 1301 3908 ἀναπληρώσωσι
1365 3839 1491 3904 (66),
1573 3838 1745 3898 κοινὰς
1801 3839 1896 3900 τάς

293 3919 595 3995 ἀποδημίας
649 3927 739 3976 καὶ
787 3920 1123 3998 ἀχωρίστους
1182 3921 1409 3984 ἀλλήλων
1465 3927 1783 3998 ποιούμενοι,
1831 3929 1895 3988 ὡς

289 4013 410 4074 τούς
455 4031 510 4065 τε
557 4015 693 4065 κατά
740 4012 926 4085 ψυχὴν
977 4011 1230 4085 ἀσθενεῖς,
1270 4015 1299 4074 ἦ
1348 4018 1439 4067 καὶ
1479 4019 1615 4068 κατὰ
1642 4019 1698 4068 τὸ
1743 4025 1898 4089 σῶμα

292 4103 518 4175 σαθροὺς
570 4099 618 4153 ἐν
673 4109 735 4175 τῇ
796 4105 1012 4176 τοιαύτη
1076 4107 1319 4176 κοινωνίᾳ
1354 4112 1466 4168 τοῖς
1528 4105 1898 4182 ἰσχυροτέροις

294 4187 780 4254 συνδιασώζεσθαι,
829 4189 1092 4268 «eapse.»
1145 4197 1236 4246 καὶ
1282 4201 1434 4247 τοῦτο
1490 4203 1580 4249 τοῦ
1619 4214 1899 4250 πεπιστευ-

292 4285 447 4355 μένου
513 4283 990 4356 προκαθιστῶντος,
1049 4283 1115 4344 ὡς
1166 4286 1238 4356 μὴ
1298 4283 1422 4356 παρ’
1476 4284 1612 4338 αὐτά
1665 4283 1749 4340 ἰπὶ
1800 4295 1896 4349 τῆς

291 4375 482 4444 χρείας
525 4372 718 4446 ἄπορον
776 4368 831 4423 ἐκ
868 4379 961 4424 τοῦ
1001 4378 1186 4447 καιροῦ
1246 4380 1340 4434 τῆς
1390 4379 1746 4450 στενοχωρίας
1801 4381 1894 4436 τὴν

292 4463 636 4537 παραμυθίαν
665 4461 1021 4533 εὑρίσκεσθαι.
1068 4463 1215 4514 Μετά
1253 4457 1311 4514 δὲ
1342 4467 1436 4522 τὴν
1468 4460 1721 4517 ἐπάνοδον
1766 4464 1894 4519 ἀνα-

293 4554 509 4626 κρινίτω
563 4555 648 4604 τὸν
706 4548 1002 4625 ἀπόδημον,
1071 4557 1199 4614 τίνες
1257 4554 1311 4606 αἱ
1356 4554 1592 4628 πράξεις,
1648 4565 1894 4610 ποταπῶν

295 4639 497 4718 ἀνδρῶν
540 4643 597 4694 αἱ
641 4647 928 4715 συντυχίαι
975 4642 1116 4715 αὕτῷ
1158 4648 1454 4717 γεγόνασιν·
1493 4647 1543 4698 οἱ
1574 4645 1720 4718 λόγοι
1747 4652 1894 4718 τίνες,

370 4752 410 4788 ⁸⁸
437 4751 480 4808 ll
501 4751 648 4808 Tim.
671 4765 729 4823 ιι,
753 4755 842 4807 25.
920 4752 969 4788 ⁸³
992 4752 1013 4807 Ι
1036 4750 1172 4808 Tim
1197 4769 1277 4820 ιιι,
1310 4757 1397 4810 10.
1475 4753 1523 4790 ⁸³
1543 4752 1674 4811 Cor.
1700 4770 1782 4826 rx,
1809 4759 1896 4814 l5.

367 4859 800 4945 (62)Editior_1_es
827 4863 1134 4945 vetereset
1155 4861 1294 4945 lle-3.
1319 4861 1529 4945 tertius
1556 4870 1658 4945 ἰῶν
1679 4882 1896 4945 agnua-

295 4933 514 5008 ζὸντων,
549 4933 797 5008 rebelles
836 4932 1143 5008 patienter
1163 4933 1534 4990 toierentem.
1564 4932 1732 5006 Regii
1763 4936 1893 5008 pri-

294 5021 434 5062 mus
465 5006 522 5060 et
546 5004 752 5077 tertius
783 5018 923 5059 cum
955 5003 1121 5061 Colb.
1144 5012 1245 5057 τῶν
1269 5003 1896 5077 νηπιαζόντωνξρεεὲνω

291 5077 593 5151 patienter
641 5076 999 5151 tolerantem
1049 5091 1073 5131 :
1128 5091 1319 5150 quam
1373 5076 1757 5151 scripturam
1784 5094 1897 5151 pro

293 5145 436 5223 ’vera
463 5147 648 5223 habet
668 5145 1110 5223 Combetisius:
1133 5145 1334 5223 neque
1360 5164 1473 5223 ego
1495 5145 1891 5223 contendam,

295 5221 344 5276 si
373 5219 557 5276 futuri
583 5220 700 5275 sint
728 5217 834 5290 qui
859 5217 943 5274 ita
971 5217 1171 5290 velint.
1208 5217 1323 5276 Sed
1352 5217 1652 5278 rationem
1677 5237 1786 5278 cur
1813 5217 1898 5280 ita

291 5290 622 5420 legendum
651 5288 838 5362 putet,
870 5288 1130 5370 probare
1159 5303 1285 5347 non
1314 5305 1586 5364 possum.
1620 5292 1897 5351 Aitenim

293 5379 360 5420 re
407 5363 548 5420 elles
593 5363 765 5420 dure.
817 5376 944 5417 non
989 5360 1202 5417 leniter
1243 5363 1608 5420 tractandos.
1662 5381 1805 5420 cum
1841 5370 1897 5420 et

293 5360 548 5436 rebelles
593 5360 765 5431 dure,
806 5360 944 5436 non
989 5360 1202 5417 leniter
1243 5360 1608 5436 tractandos,
1662 5381 1805 5422 cum
1841 5370 1900 5424 et

297 5435 464 5515 ipsos
493 5449 740 5515 quoque
770 5431 821 5515 si
858 5447 983 5515 non
1019 5447 1288 5515 semper,
1328 5439 1401 5515 ‘at
1447 5431 1899 5515 nunnunquam

294 5503 533 5580 tamen'
553 5503 766 5562 leniter
793 5503 1034 5561 tractari
1062 5503 1281 5560 debere
1309 5504 1523 5564 doceat
1551 5503 1898 5580 Apostolus,

300 5581 347 5634 ll
389 5577 541 5633 Tim.
573 5593 632 5646 ιι,
667 5581 759 5632 25.

373 5649 482 5723 (63)
517 5647 666 5705 Editi
694 5653 787 5709 τὴν
836 5653 1166 5726 προστασίαν
1213 5655 1313 5702 τῶν
1361 5648 1410 5704 ίν
1446 5657 1584 5718 ταῖς,
1624 5655 1764 5722 etc.,
1794 5651 1900 5710 ubi

1923 4509 1968 4563 D

1431 309 1738 369 REGULE
1777 307 2025 368 FUSlUS
2065 303 2484 369 ΤΒΛΟΤΑΤΛΕ.

3512 322 3648 377 1030

1987 437 2394 508 sufferentem,
2431 453 2556 494 non
2594 443 3053 512 praetereuntem
3094 442 3328 500 silentio
3371 449 3646 516 peccata,

1988 526 2096 582 sed
2123 527 2372 583 rebelles
2405 527 2759 585 tolerantem
2787 529 3020 602 leniter,
3052 531 3475 605 medolamque
3507 550 3647 591 cum

1990 617 2156 673 omni
2177 616 2492 674 clementia
2503 622 2684 692 atque
2697 620 3110 678 moderatione
3125 622 3209 679 eis
3229 623 3644 680 adhibentem.

1991 711 2137 763 Item
2183 706 2474 764 idoneum
2513 725 2664 776 esse,
2695 709 2800 782 qui
2847 711 3098 768 remedii
3129 712 3382 769 modum
3430 713 3648 770 morbo

1992 797 2454 856 convenientem
2485 801 2800 870 excogitet,
2824 818 2949 858 non
2978 808 3183 860 autem
3208 820 3422 877 aspere
3458 804 3650 862 incre-

1991 893 2259 960 pantem,
2302 887 2409 944 sed
2430 905 2570 945 cum
2596 891 3066 949 mansuetudine
3097 894 3650 951 commonefacien-

1993 983 2133 1048 tem,
2153 983 2333 1049 atque
2350 978 2745 1047 erudientem,
2780 981 2864 1036 uti
2881 983 3176 1056 scriptum
3195 987 3284 1040 est
3307 985 3374 1052 t',
3396 984 3651 1058 pervigi-

1991 1066 2108 1123 lem
2122 1067 2181 1122 in
2197 1066 2690 1124 administrandis
2707 1070 2887 1126 rebus
2900 1071 3652 1145 praesentibus,providum

1992 1156 2352 1226 futurorum,
2393 1157 2650 1229 peritum
2690 1157 3038 1216 decertandi
3085 1177 3225 1217 cum
3262 1160 3540 1233 fortibus,
3597 1167 3654 1220 et

1992 1245 2282 1302 debilium
2310 1246 2688 1303 inﬁrmitates
2710 1248 3068 1320 perferendi,
3095 1249 3412 1324 talem,qui
3448 1253 3656 1310 omnia

1994 1338 2264 1394 etfacere
2287 1341 2343 1392 et
2385 1337 2583 1393 dicere
2613 1339 2802 1410 possit
2831 1338 2907 1395 ad
2933 1356 3143 1397 eorum
3179 1342 3284 1414 qui
3310 1359 3515 1400 secum
3555 1343 3655 1401 de-

1997 1430 2164 1496 gunt,
2187 1425 3072 1499 perfectionem.Przefecturam
3103 1446 3226 1486 non
3258 1431 3372 1488 sibi
3403 1449 3654 1490 sumen-

1996 1519 2139 1582 tcm,
2180 1514 2287 1571 sed
2342 1515 2446 1588 qui
2473 1515 2740 1572 delectus
2773 1518 2847 1574 sit
2873 1518 2952 1574 ab
2981 1518 3054 1574 iis
3075 1520 3182 1593 qui
3237 1521 3465 1592 primas
3507 1520 3655 1579 obti-

1996 1608 2143 1660 nent
2191 1603 2255 1660 in
2281 1603 2412 1660 aliis
2451 1604 2709 1662 fratrum
2737 1607 3163 1676 conventibus,
3204 1614 3261 1665 et
3287 1609 3392 1682 qui
3433 1609 3494 1666 in
3540 1609 3658 1667 vita

1997 1699 2134 1750 ante
2157 1699 2290 1750 acta
2313 1711 2553 1752 morum
2585 1711 2835 1752 suorum
2861 1698 3171 1771 specimen
3197 1699 3508 1757 sufficiens
3537 1701 3660 1757 edi-

1997 1784 2168 1841 derit.
2205 1786 2277 1840 Et
2300 1785 2365 1840 hi
2387 1786 2566 1852 enim,
2590 1785 2806 1859 inquit,
2831 1789 3462 1860 probenturprimum,
3494 1791 3658 1848 dein-

1994 1876 2068 1932 de
2095 1875 2457 1944 ministrent,
2492 1877 2732 1932 nullum
2756 1882 2982 1934 crimen
3017 1879 3304 1936 habentes
3321 1882 3388 1930 δ’.
3438 1880 3531 1937 Sic
3550 1879 3658 1954 qui

1993 1964 2295 2037 ejusmodi
2325 1970 2430 2036 est,
2466 1965 2726 2038 accipiat
2768 1967 3213 2039 praefecturam,
3262 1969 3658 2042 instituatque

1995 2057 2149 2114 inter
2167 2056 2379 2112 fratres
2404 2055 2810 2128 disciplinam,
2843 2062 2900 2114 et
2921 2064 3316 2132 opera,prout
3335 2061 3662 2133 unusquis-

1994 2162 2116 2220 que
2146 2144 2405 2202 idoneus
2429 2148 2540 2212 est,
2581 2144 2992 2218 dispertiatur.

2460 2253 2978 2310 INTERROGATIO
3014 2254 3195 2321 XLIV,

2001 2359 2214 2429 Quibus
2244 2359 2658 2430 permittenda
2681 2360 2802 2416 sint
2836 2362 3374 2432 peregrinationes,
3416 2369 3472 2419 et
3508 2378 3657 2434 quo-

2171 2448 2372 2519 modo,
2407 2450 2510 2506 ubi
2529 2450 2839 2519 redierint,
2862 2452 2983 2508 sint
3007 2453 3452 2523 interrogandi.

2625 2567 3039 2624 RESPONSIO.

2073 2678 2120 2730 1.
2147 2671 2574 2745 Peregrinandi
2605 2673 2780 2730 detur
2810 2674 3066 2731 facultas
3098 2673 3173 2743 ei,
3218 2674 3324 2748 qui
3346 2675 3494 2732 citra
3531 2675 3662 2732 ani-

2000 2781 2116 2821 mae
2135 2781 2258 2821 suae
2284 2763 2734 2836 detrimentum,
2771 2770 2826 2820 et
2849 2781 2989 2821 cum
3012 2764 3260 2822 utilitate
3281 2781 3515 2833 eorum,
3534 2765 3665 2839 qui-

1999 2852 2256 2910 buscum
2306 2851 2600 2924 graditur,
2644 2853 2755 2910 iter
2803 2853 3092 2926 perficere
3152 2855 3366 2927 possit.
3408 2857 3558 2912 Nam
3612 2853 3664 2910 si

1997 2957 2181 2998 nemo
2204 2941 2454 2998 ideneus
2480 2941 2736 3009 affuerit,
2761 2947 3008 3014 praestat
3035 2943 3097 2998 in
3127 2959 3331 3000 rerum
3379 2957 3663 3000 necessa-

1996 3031 2226 3088 riarum
2255 3030 2514 3103 penuria
2559 3031 2948 3088 aftlictionem
2973 3048 3221 3089 omnem
3259 3039 3442 3106 atque
3483 3033 3656 3104 391

2000 3121 2344 3190 angustiam
2359 3119 2452 3176 vel
2475 3120 2553 3177 ad
2575 3125 2832 3177 mortem
2854 3135 3048 3193 usque
3073 3121 3521 3194 perpeti,quam
3544 3137 3670 3177 cor-

1999 3209 2222 3283 poralis
2251 3209 2582 3266 levamenti
2603 3225 2789 3266 causa
2811 3211 3216 3267 certissimum
3246 3211 3464 3268 animas
3493 3209 3671 3266 detri-

1997 3303 2272 3355 mentum
2296 3298 2622 3368 negligere.
2664 3300 2904 3356 Bonum
2933 3306 3017 3356 est
3061 3300 3220 3357 enim
3257 3299 3432 3369 mihi,
3473 3299 3671 3372 inquit

1998 3388 2346 3462 Apostolus,
2399 3389 2593 3459 magis
2640 3389 2817 3459 mori,
2844 3405 3024 3462 quam
3056 3395 3124 3445 ut
3162 3391 3426 3461 gloriam
3471 3404 3666 3447 meam

1999 3479 2133 3551 quis
2179 3478 2516 3535 cvacuet‘“:
2575 3482 2631 3534 et
2680 3477 2798 3534 hoc
2853 3478 2917 3534 in
2950 3479 3042 3544 iis,
3093 3494 3233 3552 quae
3287 3478 3547 3536 liberum
3578 3482 3670 3535 est

2002 3565 2734 3640 omittere,quantoigitur
2763 3567 2959 3638 magis
2985 3568 3047 3624 in
3073 3567 3331 3641 his,qum
3363 3571 3674 3642 prmeepta

2003 3657 2539 3729 sunt?Quanquam
2576 3657 2759 3714 etiam
2799 3655 2942 3712 huic
2970 3656 3084 3730 ipsi
3122 3656 3516 3714 incommodo
3543 3672 3674 3714 me-

2001 3747 2179 3802 detur
2219 3746 2316 3802 lex
2362 3745 2690 3802 charitatis.
2724 3746 2780 3803 Si
2809 3745 2972 3803 enim
3006 3745 3341 3816 contigerit,
3366 3752 3432 3803 ut
3454 3746 3515 3802 in
3547 3762 3673 3802 uno

2001 3834 2254 3892 fratrum
2285 3839 2586 3892 conventu
2606 3835 2781 3907 desit,
2813 3835 2919 3908 qui
2941 3835 3260 3892 commode
3283 3836 3433 3892 mitti
3463 3838 3674 3910 possit,

2002 3925 2042 3981 ii
2071 3927 2174 3998 qui
2205 3926 2534 3999 propinqui
2563 3931 2727 3996 sunt,
2751 3926 3126 3999 supplebunt
3147 3926 3316 3999 quod
3346 3926 3675 3988 deerit,iter

2004 4013 2293 4071 facientes
2325 4015 2526 4087 simul,
2560 4031 2672 4072 nec
2693 4031 2969 4088 unquam
2997 4033 3032 4071 a
3064 4031 3126 4071 se
3150 4016 3413 4073 invicem
3441 4015 3677 4087 disjun-

2005 4108 2242 4175 geritur,
2270 4109 2334 4159 ut
2363 4109 2489 4161 tam
2518 4103 2626 4177 qui
2655 4103 2882 4160 inﬁrmi
2905 4108 3043 4160 sunt
3071 4105 3300 4172 anima,
3335 4119 3528 4177 quam
3568 4102 3679 4177 qui

2004 4209 2259 4267 corpore
2288 4194 2472 4250 etiam
2501 4194 2737 4251 debiles
2770 4200 2934 4266 sunt,
2961 4194 3001 4252 ii
3021 4195 3108 4252 sic
3139 4211 3279 4251 cum
3322 4195 3674 4252 fortioribus

2004 4282 2336 4355 conjuncti,
2364 4283 2702 4341 incolumes
2734 4288 3073 4342 serventur.
3105 4289 3300 4358 Atque
3341 4284 3460 4342 hoc
3489 4285 3673 4355 longe

2007 4378 2186 4431 antea
2223 4389 2259 4430 a
2301 4373 2627 4447 praeposito
2665 4374 3060 4431 constitutum
3113 4373 3206 4442 sit,
3253 4389 3329 4430 ne
3371 4378 3584 4447 postea
3613 4373 3677 4430 in

2005 4462 2142 4537 ipso
2172 4462 2548 4520 necessitatis
2570 4461 2824 4519 articulo
2864 4461 3207 4518 remedium
3241 4463 3458 4533 ullum,
3508 4462 3677 4536 quod

2005 4569 2115 4627 per
2167 4553 2460 4628 temporis
2517 4552 2830 4626 angustias
2895 4551 3187 4609 adhibere
3257 4552 3451 4622 liceat,
3527 4568 3679 4610 nano

2006 4642 2294 4701 ciscatur.
2361 4646 2654 4701 Caeterum
2711 4640 3030 4716 praefectus
3067 4645 3207 4714 post
3259 4641 3520 4700 reditum
3547 4641 3678 4698 via-

2007 4858 2418 4942 supplendum
2446 4859 2713 4942 quod‘ex
2739 4857 3334 4942 veteribusquatuor
3362 4854 3676 4942 librisad-

2007 4875 2418 4986 susplendum
2446 4875 2614 4988 qluoa
2639 4875 2713 4917 ex
2739 4875 3334 4942 veteribusquatuor
3362 4875 3671 4943 “buseq-

2005 4929 2066 5018 di
2113 4949 2295 5018 imus.
2319 4938 2416 5018 ulta
2505 4949 2576 5018 oc
2610 4932 2746 5017 loco
2787 4928 3003 5016 legitur
3026 4945 3103 5018 gn
3133 4946 3242 4987 ora
3273 4933 3671 5018 Reguprimr,

2004 5005 2136 5066 τίνες
2181 5005 2430 5080 ἐγκρίνειν
2470 5008 2556 5056 τὸν
2600 5006 2886 5076 ἡγούμενον
2925 5005 3239 5076 ὀφείλουσιν,
3275 5005 3528 5075 quinam
3568 5005 3676 5060 ειί·

2004 5089 2146 5144 gere
2164 5077 2418 5134 debeant
2442 5080 2842 5146 propositum.

2077 5147 2194 5211 (64)
2229 5149 2390 5204 Unus
2415 5143 2528 5202 ms.
2555 5143 2735 5210 ααθὼς
2774 5143 3018 5208 ἕκαστος.

2090 5219 2205 5287 (65)
2234 5221 2357 5275 Vox
2379 5219 2538 5277 αὐτήν
2560 5219 2732 5275 deest
2754 5218 2818 5274 in
2849 5218 3110 5289 vulgatis
3134 5234 3148 5272 :
3177 5217 3285 5275 sed
3309 5222 3367 5274 et
3391 5218 3451 5275 in
3482 5217 3675 5275 Vossii

2007 5293 2214 5352 codice
2234 5295 2293 5348 et
2311 5291 2372 5346 in
2397 5289 2530 5346 aliis
2550 5289 2793 5346 duobus
2816 5289 3054 5359 legitur.
3078 5293 3196 5348 Nec
3216 5290 3296 5362 ita
3323 5289 3514 5346 multo
3537 5293 3676 5362 post

2006 5366 2130 5422 duo
2158 5379 2301 5419 mss.
2335 5366 2498 5435 μέχρι
2532 5363 2754 5435 θανάτου
2785 5361 3366 5435 ὑπομένειναγβτὺιιω
3398 5361 3676 5434 ὑπομίνειν

2007 5436 2310 5495 invenitur
2331 5433 2576 5506 quoque
2600 5434 2663 5506 in
2695 5433 2895 5506 Vossii
2913 5433 3101 5506 veteri
3129 5433 3303 5489 libro.

2080 5510 2192 5580 (66)
2214 5498 2616 5580 Begfpriinus
2643 5505 2814 5557 λεῖπον
2847 5502 3314 5580 ἀποπληρώσουσι,
3343 5498 3478 5580 Aliq
3491 5507 3679 5580 uanto

2007 5572 2146 5664 post
2375 5572 2490 5633 ins.
2546 5576 2907 5664 ἰσχμροτίροιις
2961 5572 3350 5664 διασώζεσθαι.
3395 5572 3530 5633 Μόι
3580 5577 3679 5634 hic

2009 5650 2144 5729 ipse
2167 5650 2320 5709 liber
2344 5651 2754 5723 πεπιστευμένου
2773 5650 3063 5706 καθιστῶν.
