4110 6388
453 355 576 407 1031

1832 333 1888 387 S.
1935 330 2182 386 BASlLll
2215 329 2428 384 MAGNI

3690 329 3824 380 {032

453 481 644 532 torem
680 472 1083 544 percontetur,
1133 462 1281 537 quid
1320 460 1526 533 egerit,
1584 457 1643 512 in
1684 471 1947 529 quorum
1999 453 2104 508 ho-

2220 452 2308 514 οὒς
2372 454 2498 526 πρὸς
2555 450 2743 511 αὐτοὺς
2808 448 3114 505 ἐποιήσατο·
3181 454 3309 499 ποῖα
3371 448 3439 498 τὰ
3499 455 3590 507 τῆς
3643 447 3827 518 ψυχῆς

449 565 684 621 minum
705 557 934 615 venerit
963 569 1381 624 congressum,
1405 566 1561 622 quos
1603 563 1743 600 cum
1767 546 1849 600 eis
1877 560 2105 598 sermo-

449 672 558 712 nes
608 649 906 712 habuerit,
939 645 1086 719 quid
1110 641 1439 699 versaverit
1487 639 1715 702 animo,
1759 651 1904 690 num
1945 632 2105 687 diem

447 749 634 800 totam
666 746 974 809 totamque
996 739 1232 790 noctem
1264 723 1528 799 exegerit
1553 728 1612 782 in
1641 727 1852 781 timore
1882 723 2004 792 Dei,
2029 737 2108 777 an

448 829 880 907 praevaricatus
914 825 1006 893 sit,
1032 831 1089 879 et
1121 820 1350 894 aliquid
1381 816 1698 874 violaverit
1729 828 1940 868 eorum
1970 827 2107 885 quae

447 903 673 979 statuta
694 925 853 984 sunt,
886 920 991 972 aut
1019 914 1279 970 externis
1309 905 1718 966 incommodis
1758 903 1969 971 victus,
2004 905 2108 958 aut

449 1028 561 1068 sua
586 1010 778 1083 ipsius
804 1005 1054 1076 segnitie
1089 1001 1387 1074 dilapsus.

513 1106 567 1158 2.
609 1081 676 1154 Et
721 1096 888 1170 quod
929 1093 1178 1166 quidem
1206 1095 1364 1146 recte
1394 1092 1630 1158 gestum
1660 1081 2108 1149 est,laudando

441 1169 760 1246 conﬁrmet
795 1205 807 1241 :
842 1181 902 1240 in
942 1199 1065 1256 quo
1087 1196 1230 1236 vero
1287 1176 1555 1248 deliquit,
1582 1173 1640 1229 id
1672 1173 1930 1241 corrigat
1975 1169 2108 1226 dili-

443 1279 606 1350 genti
629 1293 699 1333 ac
716 1275 906 1348 perita
949 1268 1392 1327 adhortatione.
1453 1269 1536 1321 lta
1577 1263 1738 1320 enim
1771 1268 1828 1317 et
1857 1260 1960 1333 qui
2009 1275 2108 1332 pe-

440 1349 612 1438 regre
643 1363 1120 1438 proﬁciscentur,
1143 1355 1554 1426 vigilantiores
1588 1357 1782 1417 erunt,
1807 1352 1855 1405 si
1878 1349 2103 1406 itineris

458 1456 754 1514 rationem
776 1451 1028 1508 reddere
1053 1450 1431 1518 cogantur,et
1456 1459 1570 1499 nos
1588 1458 1662 1497 ne
1685 1441 1746 1496 in
1775 1439 2104 1512 separatio-

439 1546 534 1603 nis
552 1542 802 1618 quidem
828 1545 1104 1610 tempore
1131 1537 1319 1591 vitam
1360 1535 1633 1605 ipsorum
1664 1530 1966 1600 negligere
2013 1528 2100 1584 vi-

440 1635 744 1692 debimur.
769 1629 891 1685 Hoc
936 1633 1140 1684 autem
1198 1631 1255 1680 et
1303 1622 1528 1679 sanctis
1571 1619 1866 1676 familiare
1895 1618 2096 1685 fuisse,

438 1728 724 1782 Actorum
743 1719 994 1776 historia
1015 1715 1210 1779 tradit,
1235 1713 1336 1769 ubi
1359 1713 1554 1779 docet,
1579 1708 2102 1782 quemadmodum

440 1819 645 1871 Petrus
673 1808 1152 1879 Hierosolymam
1206 1818 1499 1867 reversus,
1531 1799 1661 1856 aliis
1691 1799 1808 1854 illic
1839 1814 2104 1853 commo-
2140 1814 2177 1866 Β

439 1901 716 1960 rantibus
747 1898 1042 1954 rationem
1072 1892 1403 1949 reddiderit
1439 1889 1744 1945 societatis
1794 1887 1945 1958 ejus,
1971 1902 2107 1958 qua:

444 1991 558 2049 sibi
573 1991 788 2046 fuisset
806 2003 945 2042 cum
971 1983 1253 2055 gentibus
1272 1983 1355 2048 “;
1383 1978 1796 2050 similiterque,
1817 1975 2108 2048 quemad-

446 2080 701 2138 modum
739 2075 960 2133 Paulus
993 2079 1051 2128 et
1072 2071 1385 2128 Barnabas
1408 2066 1658 2129 reversi,
1682 2071 1890 2121 coacta
1919 2065 2112 2120 Eccle-

447 2171 559 2240 sia,
583 2163 1080 2225 annuntiaverint
1100 2177 1237 2232 chB
1261 2175 1398 2214 cum
1426 2157 1571 2230 ipsis
1597 2155 1833 2211 fecisset
1862 2157 2017 2209 Deus
2039 2155 2108 2223 ‘5;

444 2265 501 2316 et
545 2273 776 2324 rursus,
825 2250 995 2326 quod
1050 2248 1280 2304 siluerit
1317 2247 1600 2301 universa
1650 2242 1994 2313 multitudo,
2055 2247 2112 2298 et

442 2346 698 2406 audierit
719 2341 1059 2402 Barnabam
1084 2337 1426 2402 etPanlum,
1454 2333 1560 2406 qui
1587 2333 1924 2390 narrabant
1946 2347 2112 2404 quae-

442 2451 685 2508 cunque
712 2435 868 2490 Deus
896 2429 1132 2487 teeisset
1161 2442 1267 2498 per
1302 2426 1496 2498 ipsos.
1544 2423 1692 2479 Illud
1715 2428 2110 2480 autemnosse

443 2529 700 2598 oportet,
771 2521 1010 2589 itiones,
1087 2515 1650 2587 negotiationesque
1731 2517 1788 2566 et
1837 2514 2110 2583 quaestus

443 2613 784 2688 cauponios
826 2609 1113 2665 fratribus
1143 2605 1310 2661 omni
1343 2602 1527 2658 modo
1558 2601 1884 2672 fugiendos
1917 2616 2069 2656 esse.

909 2702 1424 2763 INTERROGATIO
1487 2702 1643 2758 XLV.

449 2811 620 2882 Quod
681 2812 914 2879 oportet
980 2809 1112 2874 post
1155 2802 1507 2873 praefectum
1545 2799 1723 2854 etiam
1765 2797 1956 2854 alium
1998 2795 2111 2852 ati-

513 2917 686 2973 quem
743 2911 884 2967 esse,
918 2895 1023 2968 qui
1058 2893 1267 2962 possit,
1303 2906 1367 2947 eo
1391 2889 1654 2954 absente,
1714 2886 2111 2956 occupatione

517 2992 729 3063 aliqua
751 2987 1039 3052 distento,
1052 2983 1333 3054 fratrum
1373 2994 1583 3036 curam
1600 2980 1923 3048 suscipere,

1071 3088 1481 3148 RESPONSIO.

519 3197 571 3254 1.
613 3189 1123 3264 Quandoquidem
1171 3203 1288 3242 usu
1330 3185 1492 3242 venit
1519 3199 1646 3240 non
1701 3198 1864 3251 raro,
1918 3186 1984 3238 ut
2011 3179 2108 3236 vel

441 3291 689 3361 propter
731 3281 1002 3354 corporis
1044 3277 1477 3344 inﬁrmitatem,
1519 3272 1609 3330 vel
1680 3269 2108 3344 peregrinandi

438 3358 992 3439 necessitatem,vel
1013 3368 1092 3424 ob
1113 3366 1300 3423 alium
1351 3363 1630 3436 quemvis
1661 3358 2106 3439 casum,pra=.te-

441 3433 574 3523 etus
596 3462 755 3520 absit
781 3433 1093 3517 ari-atrum
1132 3433 1458 3520 conventu,
1492 3451 1675 3508 etiam
1704 3448 1924 3521 aliquis
1953 3433 2107 3504 alius

442 3570 583 3612 eum
605 3549 1048 3625 approbatione
1078 3551 1203 3602 tam
1239 3542 1453 3616 ipsius,
1483 3557 1671 3614 quam
1715 3539 1976 3596 aliorum
2001 3535 2109 3612 qui

441 3640 828 3717 approbandi
845 3637 1020 3712 periti
1051 3636 1192 3698 sint,
1239 3631 1319 3690 ad
1349 3632 1464 3690 hoc
1502 3629 1772 3688 delectus
1819 3629 1912 3697 sit,
1944 3633 2008 3683 ut
2035 3643 2108 3684 eo

441 3734 693 3792 absente
754 3728 1054 3801 suscipiat
1105 3725 1360 3781 fratrum
1409 3737 1644 3790 curam,
1672 3719 1756 3775 sic
1808 3723 1870 3774 ut
1923 3717 2109 3773 etiam

441 3826 768 3897 pressantes
793 3835 952 3876 unus
983 3814 1206 3887 aliquis
1241 3827 1518 3868 sermone
1545 3810 1723 3882 392
1757 3807 2109 3864 adhortatur

440 3912 808 3983 solaturque,
832 3922 957 3964 non
1005 3909 1211 3962 autem
1237 3899 1729 3970 fratres,absente
1760 3897 2108 3970 praeposito,

439 4002 702 4060 formam
725 4001 920 4054 status
953 3991 1272 4067 popularis
1299 3993 1640 4058 assumant,
1670 3987 1751 4044 ad
1794 3985 2018 4057 regulas
2052 3989 2111 4042 et

440 4089 674 4150 traditas
696 4084 1031 4157 disciplinae
1085 4078 1574 4145 dissolutionem,
1615 4083 1672 4134 et
1724 4090 2108 4150 quaecunque

441 4178 786 4252 approbata
817 4176 960 4230 sunt
979 4176 1037 4228 et
1066 4175 1332 4242 recepta,
1362 4166 1444 4224 ad
1480 4166 1586 4222 Dei
1608 4165 1869 4235 gloriam
1895 4164 2108 4222 obser-

437 4278 693 4328 ventur:
724 4267 787 4320 ut
812 4262 997 4320 etiam
1029 4259 1186 4316 adsit
1222 4258 1328 4331 qui
1359 4255 1829 4315 advenientibus
1856 4253 2108 4328 hospiti-

436 4359 557 4418 bus
585 4353 908 4428 prudenter
957 4348 1347 4422 respondeat,
1396 4351 1462 4404 ut
1507 4355 1563 4402 et
1605 4345 1714 4419 qui
1760 4359 2107 4401 sermonem

435 4440 1161 4518 requirunt,adiﬁcentur
1183 4454 1294 4511 pro
1305 4437 1654 4508 argumenti
1672 4435 2106 4507 dignitate,nec

2222 542 2388 594 αὐτοῦ
2465 537 2817 611 διανοήματα⁹
2889 538 2932 589 εὶ
3001 543 3176 590 πᾶσαν
3242 538 3441 609 ἡμέραν
3507 541 3598 587 καὶ
3652 543 3825 589 πᾶσαν

2223 633 2383 682 νύκτα
2411 637 2484 699 τῷ
2517 629 2654 701 sese
2684 636 2775 680 τοῦ
2802 633 2935 680 Θεοῦ
2971 626 3144 686 συζῶν
3176 623 3473 691 ἐξετέλεσεν,
3507 626 3535 684 ἦ
3577 643 3678 678 που
3710 626 3824 697 (67)

2223 723 2556 794 παρετράπη,
2602 722 2692 770 καὶ
2743 721 3060 792 παρεκίνησέ
3115 734 3168 766 τι
3219 722 3323 766 τῶν
3391 711 3739 787 δεδογμένων,
3788 717 3818 774 ἦ

2220 817 2340 870 ταῖς
2395 808 2576 870 ἔξωθεν
2606 811 2981 881 περιστάσεσιν
3021 800 3198 864 ἐνδοὺς
3237 805 3266 862 ἣ
3300 812 3362 876 τῇ
3397 803 3562 875 οἰκείᾳ
3587 802 3826 878 ῥαθυμίᾳ

2222 918 2326 973 παρ
2335 897 2552 974 αρρυείς.

2289 1083 2342 1132 2.
2393 1082 2495 1130 Καὶ
2531 1079 2590 1128 τὸ
2639 1079 2727 1148 μὲν
2759 1075 2921 1148 ὀρθῶς
2951 1071 3270 1126 ἐπιτελεσθεν
3298 1069 3546 1144 ἀποδοχῇ
3583 1069 3823 1144 βεϐαιού-

2218 1185 2311 1219 τω·
2371 1169 2429 1218 τὸ
2499 1161 2558 1218 δι
2615 1163 2927 1236 ἐσφαλμένον
2982 1170 3045 1234 τῇ
3115 1161 3320 1234 ἐμμελεῖ
3383 1167 3473 1214 καὶ
3538 1160 3824 1234 ἐπιστημο-

2220 1263 2336 1328 νικῇ
2389 1255 2501 1326 (68)
2552 1251 2881 1326 διδασκαλίᾳ
2943 1238 3295 1326 διορθοῦσθω.
3345 1252 3495 1304 Οὕτω
3524 1254 3622 1324 γὰρ
3662 1270 3824 1322 νηφα-

2223 1345 2458 1420 λιώτεροί
2509 1363 2566 1396 τε
2622 1346 2670 1396 οἱ
2723 1338 2991 1403 ὁδεύοντες
3043 1344 3248 1392 ἔσονται
3295 1348 3358 1412 τῇ
3427 1337 3668 1414 φροντίδι
3726 1347 3825 1401 τῆς

2224 1431 2526 1494 ἀποδόσεως
2575 1440 2668 1484 τοῦ
2721 1431 2898 1502 λόγου,
2952 1435 3043 1482 καὶ
3091 1431 3240 1501 ἡμεῖς
3297 1425 3514 1500 δόξομεν
3576 1434 3708 1500 μήτε
3772 1427 3822 1480 ἐν

2223 1532 2394 1596 καιιρῷ
2443 1530 2536 1575 τοῦ
2585 1527 2872 1595 χωρισμοῦ
2914 1517 3114 1592 ἀμελεῖν
3161 1517 3330 1569 αὐτῶν
3377 1525 3474 1579 τῆς
3515 1517 3674 1578 ζωῆς.
3721 1519 3822 1569 Καὶ

2219 1621 2330 1675 τοῖς
2384 1612 2551 1684 ἁγίοις
2604 1608 2662 1662 δι
2713 1617 2867 1661 τοῦτο
2916 1609 3044 1663 εἶναι
3103 1607 3215 1679 (69)
3275 1606 3494 1666 σύνηθες
3537 1606 3568 1662 ἡ
3614 1605 3825 1676 ἱστορία

2219 1711 2319 1755 τῶν
2377 1701 2617 1776 Πράξεων
2667 1694 3036 1772 παραδίδωσι,
3103 1693 3447 1748 διδάσκουσα
3501 1695 3640 1766 ἡμᾶς
3685 1696 3824 1755 ὅπως

2219 1795 2309 1865 μεν
2379 1795 2568 1865 Πέτρος
2621 1793 2707 1842 τὸν
2772 1788 2919 1860 λόγον
2985 1795 3078 1846 τῆς
3149 1793 3252 1837 τῶν
3309 1783 3463 1837 ἐθνῶν
3517 1788 3828 1848 κοινωνίας,-

2219 1881 2504 1934 ἐπανελθὼν
2559 1899 2630 1940 εις
2656 1881 2720 1930 τὰ
2747 1876 3104 1952 Ἱεροσόλυμα,
3160 1883 3268 1936 τοῖς
3314 1872 3418 1927 ἐκεῖ
3465 1869 3820 1926 ἀποδίδωσιν·

2219 1973 2357 2031 ὅπως
2415 1967 2474 2022 δι
2530 1969 2732 2030 Παῦλος
2789 1974 2877 2020 καὶ
2931 1964 3198 2040 Βαρνάϐας
3251 1967 3682 2040 παρα-γενόμενοι,
3734 1967 3825 2014 καὶ

2224 2064 2605 2132 συναγαγόντες
2647 2064 2741 2115 τὴν
2794 2055 3126 2121 Ἐκκλησίαν,
3172 2053 3478 2126 ἀνήγγειλαν
3509 2055 3610 2105 ὃσα
3639 2054 3666 2103 ὁ
3697 2055 3824 2112 Θεὸς

2221 2151 2434 2208 ἐποίησε
2482 2149 2590 2222 μετ’
2633 2149 2821 2200 αὐτῶν·
2873 2152 2962 2199 καὶ
3004 2146 3180 2212 πάλιν,
3227 2146 3308 2196 ὅτι
3356 2143 3646 2201 ἐσιώπησεν
3685 2143 3822 2194 οἰπαν

2223 2245 2279 2293 τό
2347 2240 2561 2305 πλῆθος,
2618 2243 2708 2290 καὶ
2779 2241 2970 2296 ἤκουον
3035 2233 3277 2308 Βαρνάϐα
3331 2237 3421 2284 καὶ
3479 2231 3684 2284 Παύλου
3746 2230 3823 2293 ἐξ·

2222 2334 2520 2402 ηγονμίνων
2565 2329 2667 2380 ὅσα
2711 2325 2952 2384 ἐποίησεν
2993 2327 3018 2376 ό
3065 2328 3213 2386 Θεὸς.
3258 2322 3450 2376 Ἐκεῖνο
3489 2324 3664 2394 μέντοι
3694 2315 3824 2374 εὶδέο

2219 2439 2304 2471 ναι
2355 2423 2489 2492 χρὴ,
2548 2420 2627 2469 ὃτι
2675 2418 2768 2478 τὰς
2817 2410 3139 2490 περιδρομὰς
3187 2416 3278 2464 καὶ
3326 2413 3687 2488 πραγματείας
3734 2413 3823 2459 καὶ

2221 2510 2286 2561 τὰ
2315 2507 2585 2565 καπηλικά
2628 2507 2741 2576 (70)
2800 2500 2962 2577 κέρδη
3013 2505 3166 2555 παντὶ
3211 2504 3386 2575 τρόπῳ
3430 2501 3671 2571 φευκτέον
3709 2503 3822 2556 ταὶς

2220 2594 2562 2670 ἀδελφότησι.

2798 2695 3113 2744 ΕΡΩΤΗΣῙΣ
3152 2686 3259 2741 ME'

2217 2794 2339 2848 Ὀτι
2420 2798 2529 2868 χρὴ
2608 2794 2738 2864 μετὰ
2803 2794 2889 2842 τὸν
2946 2794 3256 2862 προεστῶτα
3309 2788 3398 2837 καὶ
3467 2782 3615 2836 ἄλλον
3691 2779 3821 2835 εἶναί

2290 2903 2406 2936 τινα
2459 2886 2547 2934 τόν
2598 2877 2882 2951 δυνάμενον
2949 2875 2997 2928 ἐν
3059 2875 3293 2947 ἀπουσίᾳ
3341 2873 3452 2946 (71)
3507 2875 3535 2930 ἦ
3591 2868 3825 2944 ἀσχολίᾳ

2295 2973 2490 3027 ἐκείνου
2517 2979 2617 3023 τῶν
2645 2966 2878 3042 ἀδελφῶν
2904 2964 3279 3039 ἐπιμελεῖσθαι.

2843 3078 3216 3128 ΑΠΟΚΡῙΣΙΣ.

2300 3187 2348 3238 1.
2417 3173 2631 3237 Ἐπειδὴ
2689 3173 2966 3248 συμϐαίνει
3021 3170 3270 3235 πολλάκις
3336 3169 3365 3227 ἣ
3429 3163 3501 3221 δι’
3561 3165 3820 3220 ἀσθένειαν

2227 3277 2488 3344 σώματος,
2539 3268 2567 3326 ᾖ
2618 3260 2924 3336 ἀποδημίας
2968 3259 3218 3333 ἀνάγκην,
3267 3259 3294 3318 ἦ
3340 3259 3474 3338 κατά
3512 3276 3629 3309 τινα
3664 3253 3820 3312 ἄλλην

2221 3365 2556 3437 περίστασιν,
2620 3355 2953 3430 χωρίζεσθαι
3005 3360 3112 3424 τῆς.
3161 3345 3505 3422 ἀδελφότητος
3555 3348 3640 3398 τόν
3701 3363 3825 3418 προ·

2219 3459 2442 3518 εστῶτα,
2493 3450 2626 3500 ἔστω
2672 3464 2750 3506 τις
2792 3448 2881 3495 καὶ
2929 3442 3099 3515 ἕτερος
3145 3442 3275 3512 μετά
3307 3434 3626 3509 δοκιμασίας
3665 3433 3824 3485 αὐτοῦ

2217 3559 2270 3593 τε
2335 3543 2427 3592 καὶ
2482 3536 2646 3590 ἄλλων
2713 3543 2812 3586 τῶν
2873 3534 3060 3584 ἱκανῶν
3129 3525 3459 3600 δοκιμάζειν,
3542 3529 3608 3586 εἱς
3673 3530 3824 3576 τοῦτο

2220 3627 2582 3702 ἐξειλεγμένος,
2639 3624 2710 3686 εἰς
2767 3629 2843 3691 τό,
2909 3619 3128 3680 ἀπόντος
3188 3616 3404 3681 ἐκείνου,
3467 3608 3826 3683 διαδέχεσθαι

2218 3723 2312 3777 τὴν
2353 3715 2642 3790 ἐπιμέλειαν
2693 3720 2791 3765 τῶν
2849 3707 3104 3782 ἀδελφῶν,
3139 3708 3274 3758 ὥστε
3311 3708 3402 3755 καὶ
3443 3709 3549 3763 τοῖς
3596 3708 3829 3774 παροῦσι

2217 3807 2342 3882 παρ’
2394 3789 2500 3870 ἑνὸς
2539 3805 2782 3877 γίνεσθαι
2833 3802 2924 3860 τὰς
2976 3795 3336 3870 παρακλήσεις
3371 3799 3462 3845 τοῦ
3499 3789 3657 3864 λόγου
3689 3791 3824 3861 (72)·

2396 3900 2469 3969 μὴ
2612 3900 2672 3965 τῇ
2710 3885 2990 3960 ἀποδημίᾳ
3031 3893 3123 3937 τοῦ
3169 3890 3501 3956 προεστῶτος
3549 3875 3828 3952 δημοκρα-

2221 3991 2366 4042 τικόν
2420 4005 2473 4038 τι
2527 3991 2723 4056 σχῆμα
2769 3973 3182 4051 μεταλαμϐάνειν
3230 3976 3325 4031 τὴν
3375 3967 3707 4043 ἀδελφότητα
3745 3965 3829 4020 ἐπὶ

2221 4073 2463 4132 διαλύσει
2518 4055 2612 4124 τοι)
2671 4073 2885 4130 κανόνος
2937 4069 3027 4118 καὶ
3084 4072 3177 4125 τῆς
3241 4056 3675 4136 παραδεδομένης
3741 4055 3829 4110 εὑ-

2221 4165 2422 4230 ταξίας·
2494 4159 2862 4236 φυλάσσεσθαι
2930 4151 2988 4208 δε
3053 4157 3119 4206 τὰ
3173 4155 3305 4227 μετά
3358 4148 3676 4224 δοκιμασίας
3738 4145 3828 4219 ἐγ-

2220 4257 2464 4332 κρίθέντα
2506 4252 2579 4312 εἰς
2617 4246 2777 4312 δόξαν
2825 4253 2980 4313 Θεοῦ,
3013 4248 3244 4305 καὶτοῖς
3272 4237 3600 4314 ἐπιδημοῦσι
3640 4233 3698 4290 δὲ
3727 4244 3826 4288 τῶν

2223 4346 2374 4410 ξένων
2431 4350 2562 4396 εἰναι
2613 4343 2702 4394 τόν
2763 4336 3165 4412 ἀποκρινόμενον
3228 4340 3470 4396 συνετῶς,
3529 4331 3610 4381 ἵνα
3659 4327 3710 4379 οἱ
3773 4343 3828 4377 τε

2219 4437 2306 4488 τὸν
2355 4431 2508 4505 λόγον
2556 4428 2928 4492 ἐπίζητοῦντες
2974 4419 3358 4495 οἰκοδομῶνται
3403 4426 3494 4480 τῆς
3533 4416 3827 4475 ὑποθέσεως

437 4508 647 4596 tamen
682 4508 941 4592 fratrum
961 4508 1371 4597 communitas
1409 4527 1840 4585 confundatur.
1873 4528 2106 4583 Etenim

2223 4522 2467 4591 ἐπαξίως,
2522 4525 2615 4574 καὶ
2657 4521 2715 4574 τὸ
2758 4518 2929 4570 κοινὸν
2976 4523 3071 4575 τῆς
3126 4508 3475 4583 ἀδελφότητος
3522 4511 3592 4580 μὴ
3648 4523 3828 4556 καται-

439 4627 492 4687 si
518 4641 738 4684 omnes
763 4621 1079 4696 mqualiter
1099 4623 1423 4678 accurrant
1442 4618 1522 4678 ad
1545 4617 1901 4686 dicendum,
1930 4617 2105 4689 idtu-

437 4715 666 4774 multus
687 4729 876 4770 causa
896 4716 1066 4782 est,et
1089 4709 1454 4783 perturbatae
1476 4707 1810 4781 disciplinae
1835 4709 2102 4779 signum;

439 4821 580 4862 cum
601 4801 929 4878 Apostolus
949 4816 1025 4856 ne
1043 4811 1147 4856 eos
1168 4798 1420 4872 quidem
1442 4798 1550 4872 qui
1571 4796 1835 4854 docendi
1856 4811 2107 4852 munere

437 4896 651 4954 donati
708 4896 866 4958 sunt,
914 4891 1121 4964 plures
1171 4889 1352 4945 simul
1385 4886 1557 4962 loqui
1577 4887 1756 4954 sinat,
1779 4886 1886 4942 ubi
1921 4885 2100 4944 dieit:

442 4984 611 5054 Quod
646 4985 703 5042 εί
723 4982 840 5042 atii
877 4979 1217 5038 revelatum
1250 4977 1467 5048 fuerit,
1507 4978 1686 5048 prior
1715 4980 1913 5036 taceat
1936 4977 2004 5032 ιθ.
2037 4979 2108 5036 Ει

512 5110 562 5145 δι
589 5111 717 5164 Act.
758 5122 834 5177 x1,
863 5109 893 5160 5
925 5118 1098 5177 seqq.
1178 5103 1226 5137 “
1263 5105 1390 5158 Act.
1422 5116 1520 5173 xv,
1557 5101 1644 5158 t2.

539 5232 630 5304 ετ)
665 5233 820 5304 nes,
840 5228 1050 5287 tertius
1078 5231 1128 5304 ιζ
1156 5246 1280 5304 που.

539 5296 629 5376 68)
662 5296 1047 5376 Sie'Voss._et
1093 5300 1259 5376 (ζου).
1289 5303 1348 5376 et
1375 5299 1518 5376 Beg.
1553 5296 1807 5369 primus.
1850 5296 2004 5354 Editi
2049 5301 2108 5353 et

444 5367 588 5446 Be‘g.
609 5367 834 5446 tertius
864 5381 927 5446 τῆ
961 5370 1229 5446 ἐπιμελείᾳ
1257 5375 1347 5446 ita}
1377 5367 1782 5446 ἐπιστημονικῇο

443 5439 639 5573 litigii).
663 5444 813 5502 “Ind
844 5441 974 5498 dm
1007 5439 1283 5498 “dum
1310 5440 1422 5498 fuit
1445 5455 1519 5496 οι
1566 5439 1833 5512 £1ntiquis
1861 5439 2106 5496 duobu

466 5533 639 5573 lDI‘lS.

515 5589 630 5660 (70)
664 5587 927 5660 Εάἱιίηθς
954 5587 1095 5657 Heg.
1130 5585 1553 5660 tertiusque-ra:
1582 5583 1870 5660 καπηλικά.
1903 5582 2109 5660 Codex

443 5655 625 5717 Voss;
658 5664 717 5716 et
754 5657 856 5714 alii
893 5658 1018 5714 duo
1047 5655 1482 5714 consueti-libri
1505 5659 1574 5711 ut
1597 5656 1660 5712 in
1685 5658 1990 5726 contextu,
2017 5655 2109 5717 tu-

2223 4616 2515 4688 σχύνηται.
2557 4613 2628 4666 Τὸ
2673 4609 2776 4684 γὰρ
2824 4606 3023 4668 πάντας
3055 4604 3244 4676 ὁμοίως
3275 4593 3538 4666 ἐπιπηδᾴν
3566 4602 3640 4665 τῷ
3667 4592 3824 4668 λόγῳ,

2225 4702 2452 4781 θορύϐου
2504 4703 2691 4766 αἴτιον,
2737 4700 2829 4749 καὶ
2874 4693 3090 4756 ἀταξίας
3145 4695 3379 4762 σημεῖον·
3434 4693 3528 4738 τοῦ
3572 4682 3825 4735 Ἀποστό-

2218 4778 2310 4848 λου
2361 4788 2501 4866 μηδὲ
2548 4793 2673 4849 τοὺς
2718 4783 3140 4856 κατηξιωμένους
3190 4779 3304 4850 (73)
3353 4783 3447 4829 τοῦ
3485 4778 3826 4848 χαρίσματος

2218 4894 2316 4946 τῆς
2365 4864 2728 4939 ’διδασκαλίας
2764 4874 2974 4934 πλείους
3017 4869 3102 4923 ἐπὶ
3143 4871 3204 4922 τὸ
3249 4869 3378 4920 αὐτὸ
3407 4864 3578 4918 λαλεῖν
3611 4883 3829 4936 συγχω-

2217 4980 2502 5052 ρήσαντος,
2556 4965 2629 5026 δι’
2678 4966 2747 5024 ὧν
2797 4981 2977 5048 φησιν·
3030 4958 3151 5014 Ἐὰν
3193 4955 3252 5014 δι
3291 4955 3428 5032 ἄλλῳ
3460 4952 3825 5028 ἀποκαλυφθῇ,

1719 5101 1768 5136 ⁴⁶
1796 5103 1817 5156 l
1847 5102 1981 5159 Cor.
2011 5116 2137 5172 xw,
2168 5103 2259 5159 30.

2219 5223 2347 5281 sius
2370 5223 2430 5277 et
2454 5217 2693 5275 melius.

2289 5270 2430 5366 δεῖ
2455 5270 2744 5366 ἦέ
2777 5284 2984 5366 habet,
3003 5281 3062 5366 25y
3093 5284 3386 5366 παρουσία
3411 5270 3825 5366 afﬁrmatis!

2213 5344 2654 5436 prliiénti'act
2793 5344 3102 5436 absentia.
3164 5344 3282 5412 Nec
3318 5344 3403 5407 ita
3449 5344 3640 5403 multo
3689 5344 3826 5414 post

2215 5429 2380 5495 idem
2410 5451 2529 5492 ms.
2561 5429 2744 5491 ἐπειδὴ
2781 5429 2860 5484 δὶ.

2313 5485 2668 5581 ἦῆᾏάέέ,
2698 5485 2870 5581 Voss.
2919 5505 2992 5581 et
3025 5498 3173 5581 Reg:
3191 5492 3436 5576 primus
3466 5485 3827 5545 emendatus

2216 5567 2579 5657 παρακλήσεις
2607 5577 2772 5630 αὐτοῦ
2798 5576 2901 5657 τὰςΔ
2913 5569 3006 5624 διὰ
3031 5576 3121 5657 τοῦ
3147 5567 3324 5657 λόγου.

2289 5635 2405 5727 (72)
2437 5635 2604 5708 Until
2631 5663 2750 5704 ms.
2784 5642 2926 5721 μηδε
2959 5643 3082 5701 τοὺς
3118 5635 3571 5708 καταξιουμὸσονς·
