4110 6388
300 307 434 362 i033

1466 301 1762 358 REGULA‘J
1806 301 2055 360 FUSIUS
2090 301 2496 357 ΤΒΑΩΤΑΤΑΞ.

3528 306 3668 361 1034

297 430 324 481 ό
354 437 557 502 πρῶτος
616 431 815 501 σιγάτω
841 445 853 459 ⁸
895 433 985 482 καὶ
1021 427 1176 482 πάλιν
1207 429 1264 480 τὸ
1296 429 1487 479 ἄτοπον
1524 436 1612 488 τῆς
1648 429 1893 488 τοιαύτης

2012 441 2219 481 rursus
2246 424 2500 496 hujusce
2543 424 3014 497 perturbationis
3042 425 3330 500 ineptiam
3369 427 3667 497 coarguit,

299 516 510 581 ἀταξίας
549 515 584 571 δ
591 518 904 590 ιελέγχοντος
935 518 981 570 ἐν
1021 528 1092 589 τῷ
1112 518 1272 588 λέγειν
1301 534 1313 545 ·
1348 517 1466 575 Ἐην
1497 513 1584 568 οὖν
1619 516 1832 588 συνέλθῃ
1861 518 1889 574 ἡ

305 608 592 666 Ἐκκλησία
621 608 708 666 ὅλη
743 607 830 660 ἐπὶ
859 613 916 660 τό
950 608 1099 674 αύτό,
1131 613 1220 660 καὶ
1269 609 1450 667 πάντες
1496 606 1692 658 λαλῶσι
1720 606 1896 676 γλωσ-

304 715 444 762 σαις,
479 696 752 750 εἰσέλθωσι
782 693 842 750 δὲ
875 694 1086 749 ἰδιῶται
1112 698 1139 756 ἦ
1175 699 1412 762 ἄπιστοι,
1435 695 1529 747 οὐκ
1559 694 1783 770 ἐροῦσιν,
1817 697 1897 746 ὁτι

297 788 544 858 μαίνεσθε
567 804 582 853 ;

371 914 424 965 2.
470 915 572 962 Kal.
609 909 698 963 ἐὰν
751 913 850 963 ύπό
901 909 1110 982 ἀγνοίας
1159 906 1218 962 δὲ
1265 909 1401 980 me.
1447 912 1760 982 προσαγάγῃ
1810 912 1898 970 τὰς

309 997 652 1072 ἐπερωτήσας
726 1002 751 1052 ό
818 1000 986 1064 ξένος,
1053 1000 1148 1050 κᾶν
1215 1001 1314 1071 ἔχη
1372 997 1746 1074 ἀποκρίνεσθαι
1782 1002 1897 1067 (74)

301 1085 553 1150 ἀνενδεῶς
607 1091 632 1140 ὁ
679 1091 820 1162 παρά
871 1094 1150 1162 πρόσωπον
1205 1088 1543 1162 ἐπερωτηθεὶς
1609 1090 1747 1160 ὅμως
1802 1098 1899 1149 τῆς

302 1177 539 1240 εὐταξίας
581 1178 740 1229 ἕνεκεν
795 1178 948 1238 αὐτὸς
1001 1181 1090 1251 μὲν
1131 1180 1399 1244 σιωπάτω,
1440 1174 1794 1230 ύποδεικνύτω
1838 1174 1898 1230 δι

299 1267 386 1314 τὸν
436 1267 494 1314 τό
541 1266 696 1338 μέρος
739 1273 893 1318 τοῦτο
941 1271 1344 1338 πεπιστευμένον
1373 1269 1505 1337 (75),
1539 1269 1607 1328 ὡς
1646 1265 1896 1324 ἐποίησαν

295 1352 345 1402 οἱ
379 1349 661 1405 ἀπόστολοι
710 1353 793 1407 ἐπὶ
836 1363 928 1407 τοῦ
980 1361 1194 1429 Κυρίου,
1227 1357 1362 1408 ὥστε
1405 1360 1649 1408 εὔτακτον
1687 1361 1777 1409 καὶ
1807 1357 1894 1409 εύ-

297 1444 549 1512 σχὴμονα
577 1447 670 1500 τὴν
714 1453 917 1517 χρῆσιν
960 1453 1051 1496 τοῦ
1081 1444 1236 1516 λόγου
1274 1447 1511 1516 γίνεσθαι
1540 1447 1671 1516 (76).
1705 1446 1764 1498 Εἰ
1791 1449 1892 1520 γὰρ

293 1526 377 1582 ἐπὶ
433 1538 524 1591 τῆς
597 1535 852 1604 σωμάτων
921 1536 1190 1606 θεραπείας
1245 1535 1363 1586 οὔτε
1430 1531 1638 1610 σιδήρῳ
1703 1541 1895 1597 πκντός

292 1617 406 1671 έστι
467 1624 786 1693 χρήσασθαι
852 1622 938 1675 έπί
1000 1633 1097 1675 τῶν
1164 1622 1546 1691 ἀσθενούντων,
1616 1623 1746 1677 ἀλλὰ
1800 1634 1892 1678 τοῦ

292 1713 485 1781 τέχνην
539 1710 882 1784 ἀνειληφότος,
938 1718 1028 1764 καὶ
1082 1718 1258 1788 χρόνῳ
1315 1722 1520 1787 μακρῷ,
1570 1720 1660 1766 καὶ
1716 1720 1886 1789 πείρα,

2009 515 2104 571 bis
2137 515 2333 570 verbis
2369 533 2380 571 :
2415 515 2480 570 Si
2523 532 2664 586 ergo
2695 518 3035 573 convenerit
3068 519 3351 574 universa
3395 519 3668 574 Ecclesia

2008 606 2072 661 in
2104 621 2315 668 unum,
2354 611 2409 660 et
2439 621 2640 661 omnes
2681 606 2903 675 linguis
2929 605 3278 676 loquantur,
3305 607 3668 663 intraverint

2007 700 2210 751 autem
2238 695 2464 762 idiotce,
2510 701 2619 751 aut
2666 695 2957 765 inﬁdeles,
3009 711 3210 751 nonne
3247 696 3465 763 dicent,
3509 697 3670 768 quod

2008 785 2289 841 insanitis
2312 785 2353 818 ‘7
2378 785 2406 839 ?

2079 915 2138 966 2.
2183 909 2354 972 Quod
2389 909 2439 965 si
2469 925 2541 967 ex
2589 910 2934 979 ignorantia
2987 909 3175 966 alium
3202 909 3528 981 interroget
3558 909 3668 966 ho-

2008 1014 2148 1072 spes
2185 1013 2544 1072 quanquam
2576 999 2682 1071 qui
2707 999 2954 1056 alterius
2975 999 3108 1056 loco
3129 999 3535 1069 interrogatus
3557 1003 3667 1066 est,

2007 1091 2255 1162 copiose
2292 1089 2660 1162 respondere
2689 1090 2904 1162 possit,
2946 1089 3122 1146 sileat
3148 1094 3349 1146 tamen
3379 1091 3508 1162 ipse
3546 1090 3671 1147 dis-

2008 1178 2246 1250 ciplinas
2273 1177 2590 1234 servanda
2612 1195 2820 1245 causa,
2845 1193 3109 1250 eumque
3141 1179 3236 1234 cui
3269 1178 3398 1234 haec
3429 1181 3672 1252 provin-

2007 1270 2101 1325 cia
2115 1269 2260 1326 data
2276 1274 2391 1339 est,
2405 1268 2796 1335 ostendat,uti
2817 1285 3023 1325 coram
3042 1269 3294 1325 Domino
3312 1269 3504 1326 fecere
3527 1285 3674 1344 apo-

2007 1358 2159 1426 stoli,
2185 1358 2390 1432 idque,
2407 1364 2473 1414 ut
2491 1363 2650 1414 recte
2672 1358 3072 1431 decenterque
3101 1374 3380 1414 sermone
3402 1363 3667 1418 utamur.

2006 1447 2236 1504 Etenim
2275 1448 2323 1503 si
2353 1448 2413 1504 in
2437 1446 2728 1504 sanandis
2749 1447 3108 1519 corporibus
3135 1462 3258 1504 non
3282 1452 3373 1504 est
3400 1449 3671 1520 cujusvis

2006 1540 2112 1592 aut
2144 1536 2592 1592 medicamento
2620 1541 2726 1592 aut
2750 1536 2906 1592 ferro
2935 1537 3018 1592 uti
3042 1536 3121 1592 ad
3156 1536 3433 1592 inﬁrmos
3455 1553 3672 1594 curan-

2003 1620 2140 1688 dos,
2157 1621 2263 1678 sed
2286 1621 2580 1694 illius,qul
2604 1626 2661 1677 et
2681 1621 2866 1691 longo
2898 1627 3172 1694 tempore
3197 1625 3254 1677 et
3279 1621 3668 1695 experientia.

2003 1717 2062 1768 et
2105 1712 2490 1770 curationum
2532 1712 2916 1778 exercitio,et
2962 1713 3297 1785 peritorum
3341 1712 3671 1768 documen-

293 1804 383 1852 καὶ
420 1799 601 1874 μελέτη
662 1811 763 1852 τῶν
803 1805 978 1876 ἔργων,
1027 1806 1112 1854 κκί
1169 1799 1497 1856 διδασκαλία
1535 1813 1634 1855 τῶν
1678 1803 1890 1863 ἐπιστη-

2012 1802 2077 1859 tis
2102 1805 2294 1858 artem
2341 1801 2500 1858 hanc
2541 1805 2854 1858 assecutus
2891 1801 2994 1866 sit;
3020 1800 3335 1874 quomodo
3356 1817 3467 1874 par
3495 1801 3673 1858 fuerit

294 1892 497 1961 μόνων⁹
546 1895 663 1942 τίνα
708 1893 821 1964 ἔχει
857 1891 1006 1963 λόγον
1053 1900 1114 1964 τῇ
1159 1888 1254 1945 δια
1300 1901 1394 1945 τοῦ
1449 1891 1606 1965 λόγου
1649 1896 1894 1969 θεραπείᾳ

293 1982 414 2041 τοὺς
460 1984 718 2052 τυχόντας
767 1978 1069 2053 έπιπηδᾴνς
1116 1982 1196 2035 Ἐν
1331 1987 1422 2036 καὶ
1482 1986 1541 2035 τὸ
1579 1988 1892 2057 μικρότατον

293 2071 552 2143 παροφθὲν
604 2075 861 2143 μεγίστην
911 2076 1049 2147 φέρει
1105 2076 1199 2130 τὴν
1241 2073 1455 2145 ζημίαν.
1500 2074 1632 2147 ῐΙαρ’
1679 2077 1752 2134 οἷς
1790 2077 1891 2148 γὰρ

294 2155 417 2210 οὐδὲ
456 2160 617 2233 ἄρτου
665 2157 951 2233 μετάδοσις
979 2168 1090 2222 τοῖς
1125 2169 1386 2233 τυχοῦσιν
1417 2161 1630 2235 ἐφίεται,
1666 2163 1774 2216 ἀλλ’
1819 2165 1891 2217 ἑνὶ

293 2252 550 2322 προσήκει
601 2251 631 2308 ἡ
692 2252 907 2308 τοιαύτη
970 2247 1232 2318 διακονία,
1274 2260 1346 2322 τῷ
1393 2255 1524 2324 μετὰ
1573 2249 1894 2326 δοκιμασίας

294 2342 700 2412 πεπιστευμένῳ,
754 2343 896 2413 παρά
951 2342 1157 2402 τούτοις
1206 2348 1314 2400 πῶς
1366 2341 1495 2413 ούχὶ
1561 2341 1691 2394 πολύ
1743 2343 1892 2395 πλέον

294 2432 387 2486 τὴν
443 2434 797 2502 πνευματικὴν
854 2435 1047 2505 τροφὴν
1096 2430 1458 2503 ἐξειλεγμένως
1487 2433 1601 2502 (77)
1650 2437 1740 2484 καὶ
1795 2453 1894 2485 πα-

292 2521 721 2593 ρατετηρημένως
788 2519 870 2593 ὑφ’
939 2519 1048 2582 ένός
1111 2527 1211 2572 τῶν
1279 2515 1644 2594 δυνατωτέρων
1719 2541 1891 2598 προσ-

293 2611 516 2681 ἄγεσθαι
565 2614 674 2683 χρὴ
729 2617 840 2672 τοῖς
885 2611 1119 2663 αἰτοῦσιν
1144 2627 1158 2677 ;
1183 2610 1344 2663 Ὠστε
1394 2610 1453 2664 ού
1495 2619 1586 2672 τῆς
1615 2615 1893 2685 τυχούσης

295 2697 576 2761 αὐθαδείας
648 2701 738 2752 τόν
800 2699 1186 2774 ἐπερωτηθέντα
1258 2707 1422 2774 κρῖμα
1488 2709 1660 2769 Θεοῦ,
1729 2699 1892 2764 ἀδεῶς

290 2790 425 2841 οὕτω
497 2795 587 2843 καὶ
649 2793 714 2851 ὡς
779 2792 937 2862 έτύχε
1001 2790 1329 2864 κατατολμᾴν
1381 2799 1478 2853 τῆς
1539 2789 1886 2867 ἀποκρίσεως,

288 2877 418 2932 ἀλλὰ
472 2883 542 2952 μὴ
601 2876 958 2932 ὑποδεικνύειν
1008 2883 1095 2932 τόν
1139 2879 1593 2954 ἐγκεχειρισμένον
1645 2885 1739 2939 τὴν
1795 2889 1888 2934 τοῦ

288 2967 447 3040 λόγου
497 2968 808 3043 οἰκονομίαν,
871 2969 944 3036 ὃς,
997 2966 1091 3022 διὰ
1141 2973 1200 3021 τό
1253 2973 1442 3031 πιστὸς
1500 2967 1630 3022 εἶναι
1683 2973 1886 3032 πάντως

290 3063 379 3110 καὶ
432 3062 672 3132 φρόνιμος
722 3060 1006 3134 οἰκονόμος,
1049 3058 1262 3131 ἐπελέγη
1319 3061 1390 3120 εἰς
1438 3062 1496 3112 τὸ
1541 3065 1655 3132 (77)
1697 3056 1884 3112 διαδι-

2002 1890 2304 1964 quoslibet
2327 1890 2401 1947 ad
2425 1890 2801 1947 curationem
2831 1906 2991 1959 eam,
3023 1905 3159 1963 quae
3190 1906 3297 1962 per
3323 1906 3670 1947 sermonem

2002 1979 2348 2044 adhibetur,
2400 1978 2928 2035 indiscriminatim
2956 1978 3231 2051 prosilire
3257 1979 3285 2035 ?
3324 1981 3453 2044 Qua
3494 1978 3555 2034 in
3605 1995 3670 2035 re

2002 2070 2170 2143 quod
2196 2069 2378 2126 etiam
2400 2068 2726 2124 minimum
2751 2072 2858 2139 est,
2875 2068 2924 2123 si
2946 2067 3309 2139 negligatur,
3328 2068 3669 2124 maximum

2001 2159 2430 2215 detrimentum
2452 2157 2970 2215 aﬂ'ert.Enimvero
3001 2157 3166 2230 apud
3193 2173 3348 2230 quos
3377 2173 3453 2213 ne
3492 2157 3670 2230 panis

2002 2248 2251 2322 quidem
2290 2247 2635 2304 distributio
2690 2247 3066 2320 quibuslibet
3122 2247 3503 2320 permittitur,
3557 2245 3667 2302 sed

2003 2338 2306 2410 ejusmodi
2335 2353 2561 2394 munus
2582 2337 2661 2393 ad
2693 2337 3045 2410 quemdam,
3065 2335 3335 2408 quicum
3366 2336 3668 2408 approba-

2000 2429 2165 2486 tione
2203 2428 2344 2484 huic
2384 2427 2468 2482 rei
2507 2428 2875 2500 prsepositus
2908 2426 3004 2492 sit,
3036 2426 3314 2498 pertinet,
3350 2424 3666 2498 quomodo

2000 2533 2125 2574 non
2156 2533 2296 2573 cum
2318 2515 2555 2572 delectu
2567 2531 2637 2571 ac
2658 2513 2933 2570 cautione
2946 2514 3139 2570 multo
3165 2513 3397 2585 majore
3416 2513 3666 2570 alimon-

2000 2613 2127 2665 tum
2168 2605 2478 2681 spirituale
2525 2604 2873 2679 petentibus
2892 2603 3167 2660 dandum
3207 2607 3297 2660 est
3325 2603 3404 2660 ab
3435 2603 3664 2676 aliquo,

1997 2699 2102 2773 qui
2130 2697 2207 2754 ad
2228 2698 2292 2754 id
2321 2697 2516 2767 magis
2538 2696 2798 2753 idoneus
2833 2694 2952 2752 sit?
2980 2696 3177 2760 Quare
3205 2709 3328 2750 non
3365 2698 3457 2750 est
3495 2709 3664 2750 arro-

1999 2788 2218 2860 gantiae
2248 2785 2815 2859 vulgaris,aliquem
2835 2785 2911 2841 de
2939 2784 3042 2840 Dei
3069 2783 3300 2856 judicio
3322 2783 3664 2854 interroga-

1995 2882 2127 2934 tum
2155 2883 2279 2936 tam
2301 2875 2590 2934 audacter
2627 2881 2874 2948 tamque
2913 2879 3138 2930 temere
3163 2871 3530 2946 respondere
3560 2888 3664 2928 au-

1994 2966 2156 3037 dere,
2190 2983 2388 3040 neque
2409 2983 2568 3033 eum,
2593 2965 2690 3021 cui
2711 2964 3006 3021 sermonis
3038 2963 3440 3036 dispensandi
3458 2967 3662 3036 partes

1996 3056 2232 3113 traditas
2263 3053 2728 3124 sunt,indicare:
2761 3053 2866 3126 qui
2896 3070 3038 3109 cum
3070 3053 3144 3108 sit
3175 3053 3428 3108 omnino
3459 3051 3660 3108 ﬁdelis

288 3143 435 3200 δόναι
491 3151 580 3221 μὲν
635 3149 683 3202 έν
730 3159 898 3225 καιρῷ
941 3155 1034 3208 τὴν
1081 3153 1438 3222 πνευματικὴν
1486 3154 1698 3223 τροφὴν,
1747 3149 1886 3203 οἰκο-

2012 3162 2069 3202 ιο
2100 3143 2370 3218 prudens
2408 3143 2816 3216 dispensator,
2854 3147 2911 3198 et
2941 3141 3019 3198 ad
3049 3140 3423 3213 spiritualem
3449 3155 3657 3196 escam

283 3245 450 3312 νομεῖν
510 3235 570 3291 δε
616 3243 740 3302 τούς
789 3239 975 3311 λόγους
1025 3239 1186 3292 αὑτοῦ
1243 3237 1291 3292 ἓν
1339 3243 1534 3314 κρίσει,
1574 3241 1747 3302 καθὼς
1800 3243 1885 3312 γέ·

282 3347 540 3404 γραπται.
593 3327 698 3381 Κᾶν
749 3325 1003 3402 διαφεύγη
1049 3325 1110 3382 δέ
1146 3349 1199 3382 τι
1238 3334 1324 3383 τὸν
1369 3329 1635 3404 ὀφείλοντα
1663 3329 1888 3404 ἀποκρί-

283 3421 486 3484 νεσθαι,
519 3422 609 3470 καὶ
651 3415 806 3479 οὖλος
835 3417 1039 3492 ἐξεύρῃ,
1071 3424 1142 3492 μὴ
1182 3428 1254 3490 τῷ
1285 3419 1486 3492 ἐλέγχῳ
1517 3419 1664 3482 εὐθὺς
1693 3418 1888 3479 έπιπη-

287 3505 451 3576 δάτω,
483 3505 592 3560 ἀλλ’
625 3503 739 3581 ἰδίᾳ
780 3506 1107 3560 ύποϐαλλέτω
1139 3510 1250 3582 (79)
1280 3511 1338 3561 τὸ
1368 3511 1665 3584 παραστάν.
1701 3510 1890 3585 Ἐπαρ-

289 3607 417 3660 σεώς
460 3600 562 3672 γὰρ
589 3595 792 3672 ἀφορμὴ
820 3596 874 3649 έκ
903 3600 1092 3650 τούτου
1134 3600 1268 3651 κατά
1296 3605 1396 3651 τῶν
1425 3603 1755 3674 προεχόντων
1785 3607 1890 3660 τοῖς

288 3685 686 3764 ὑποδεεστέροις
731 3693 954 3760 γίνεται,
988 3691 1138 3756 ὥστε,
1169 3688 1264 3740 κᾶν
1307 3694 1589 3763 χρησίμως
1630 3686 1886 3762 ἀποκριθῇ

288 3797 390 3846 τις,
432 3783 505 3852 μὴ
537 3779 872 3842 καθηκόντως
911 3774 989 3846 δε,
1019 3779 1202 3851 ἔνοχός
1243 3777 1356 3831 ἐστι
1399 3785 1509 3839 τοῖς
1538 3787 1630 3840 τῆς
1679 3776 1893 3842 ἀταξίας

287 3865 589 3942 ἐπιτιμίοις.

365 4137 409 4176 ‘7
446 4141 466 4196 I
491 4138 624 4196 Cor.
647 4140 767 4208 xiv,
791 4139 882 4194 23.
943 4136 990 4172 ‘3
1019 4137 1156 4194 Luc.
1176 4153 1277 4207 xu,
1299 4139 1389 4194 42.
1455 4136 1500 4173 ‘9
1524 4133 1678 4193 Psal.
1703 4150 1813 4208 cxx,

329 4318 442 4390 (74)
482 4320 718 4374 Veteres
759 4315 883 4390 duo
935 4313 1072 4371 libri
1122 4314 1228 4390 κᾶν
1253 4315 1365 4390 Δι)πρ
1415 4313 1629 4387 ἀγνοίας
1676 4311 1735 4390 δὲ
1764 4310 1901 4390 ὒλῳ

290 4383 540 4465 προσάγῃ
603 4392 697 4451 τὰς
763 4387 1098 4465 ξπερωτὴσεις
1163 4389 1188 4438 ό
1246 4383 1601 4465 ἐπιδημῆσας,
1635 4386 1735 4465 ’κᾶν
1776 4383 1898 4465 βχῄ

298 4456 708 4534 διποκρίιξασθαι.
744 4456 972 4534 Ibidem
1005 4461 1145 4534 Reg.
1176 4459 1385 4534 tertius
1408 4456 1649 4534 'etuediti
1679 4462 1736 4534 τρ
1767 4456 1904 4510 am;

298 4527 576 4595 dese-Alii
607 4536 725 4588 tres
754 4547 904 4586 mss.
938 4527 1200 4590 ἁνενδέῶς.
1235 4529 1438 4584 Codex
1463 4531 1632 4584 Voss.
1665 4527 1785 4585 κᾶν.
1809 4572 1822 4585 .
1844 4571 1856 4585 .
1881 4570 1895 4586 .

300 4606 585 4682 προσάγει.
609 4645 622 4658 .
647 4645 659 4658 .
681 4646 696 4659 .
735 4603 761 4654 ό
785 4599 1022 4682 ἐπιδημή
1035 4619 1129 4664 σας
1162 4597 1431 4682 ἀνενδιεῶςἶ

373 4670 501 4748 (75),
525 4679 666 4746 Reg.
707 4670 964 4748 primus,
994 4678 1072 4744 et,
1120 4678 1188 4730 ut
1216 4673 1388 4741 solet,
1420 4673 1587 4728 Voss.
1638 4677 1696 4728 et
1737 4670 1904 4728 Colb.

302 4758 456 4802 τοῦτο
489 4747 904 4820 ἐπιτεταγμένον.

371 4823 488 4892 (76)
527 4822 672 4889 Reg.
706 4813 957 4892 "primus
988 4822 1045 4873 et
1089 4819 1297 4892 _Voss.:
1332 4815 1517 4892 Ιξίγάρ
1562 4813 1610 4868 ἐν
1657 4822 1773 4892 ταῖς
1815 4819 1908 4892 τού

305 4887 550 4966 σώματος
579 4887 792 4966 χρείαις
820 4892 1052 4948 τοσαύτη
1083 4887 1223 4942 ἐστὶν
1248 4891 1277 4947 ἠ
1321 4887 1552 4966 εὐταξία,
1585 4891 1675 4940 καὶ
1718 4887 1810 4966 οὐκ
1848 4887 1910 4937 ἄν

300 4959 950 5036 τιξᾶοιτοάειρονργεῖν
983 4961 1327 5036 ἐπιχειρῆσαι
1355 4968 1450 5036 τῆς
1500 4959 1739 5035 ἰατρικῆς
1768 4959 1912 5010 ἄπει·

303 5056 413 5123 ρος,
446 5034 551 5123 ἀλλ’
586 5031 722 5087 οὔδε
739 5031 894 5108 ἄρτον
982 5053 1034 5123 τΙι
1057 5031 1291 5120 τοιούτον
1323 5032 1558 5120 αἰτηθεὶς
1583 5031 1732 5118 παροί¹
1753 5049 1910 5117 τινος,

307 5104 684 5180 ἓπαισχύνεται
741 5104 1091 5178 παραπέμψαι
1152 5109 1240 5156 τὸν
1301 5105 1589 5180 αἰτήσαντα
1640 5104 1767 5177 πρὸς
1828 5105 1915 5180 τόν

309 5172 762 5253 ἐγκεχεῖρισμένον
816 5172 914 5234 τὴν
952 5172 1206 5253 ’τοιαύτην
1267 5175 1561 5253 οἰκονομίαν
1586 5195 1598 5208 ’
1642 5172 1814 5236 πόσης
1856 5172 1916 5224 ἂν

310 5245 386 5310 (in
425 5245 542 5314 ’τῆς
590 5245 874 5308 αὐθαδείας
929 5251 1015 5299 τόν
1079 5245 1479 5322 ἐπερωτηθέντα
1523 5254 1686 5320 κρῖμα
1738 5253 1914 5314 Θεοῡ;

317 5325 570 5392 Etenim,
605 5323 659 5378 si
700 5324 763 5377 in
797 5320 1068 5390 corporis
1111 5317 1564 5392 necessitatibus
1593 5317 1923 5392 disciplina

318 5396 444 5447 tam
474 5389 727 5464 diligens
759 5389 1060 5454 servatur,
1090 5397 1143 5446 et
1175 5393 1226 5464 si
1264 5393 1311 5447 is
1343 5391 1449 5464 qui
1486 5391 1636 5447 artis
1679 5389 1925 5464 medica:

321 5477 531 5528 expers
589 5460 695 5530 est,
756 5479 1068 5534 nunquam
1130 5460 1408 5534 chirurgi
1449 5476 1696 5517 munere
1742 5460 1931 5530 fungi

587 5626 843 5682 Pnaor.
887 5627 987 5681 Gn.
1031 5626 1204 5680 XXXI.

1997 3235 2059 3292 in
2083 3240 2350 3308 tempore
2368 3230 2850 3288 distribuendam
2870 3229 3095 3287 electus
3111 3231 3283 3292 est“,
3300 3233 3453 3293 et,ut
3470 3228 3656 3301 scrip-

1997 3329 2126 3381 tum
2157 3325 2330 3394 est",
2361 3322 2441 3380 ad
2470 3337 2614 3378 suos
2636 3335 2946 3377 sermones
2967 3320 3028 3376 in
3045 3317 3278 3390 judicio
3299 3318 3662 3391 dispensan-

1998 3415 2130 3472 dos.
2166 3413 2394 3481 Quodsi
2422 3412 2742 3486 quidpiam
2767 3410 2958 3481 fugiat
2985 3425 3124 3466 eum
3156 3409 3262 3482 qui
3293 3407 3662 3482 respondere

1999 3504 2198 3570 debet,
2223 3502 2456 3559 noverit
2479 3518 2624 3558 vero
2655 3500 2823 3569 alter,
2855 3515 2979 3556 non
3001 3499 3202 3555 statim
3229 3498 3430 3570 ipsum
3459 3497 3662 3554 redar-

2001 3609 2184 3665 guere
2207 3591 2464 3661 festinet,
2507 3595 2616 3646 sed
2648 3589 2930 3663 privatim
2971 3587 3142 3661 quod
3173 3586 3285 3642 sibl
3314 3586 3513 3643 visum
3551 3592 3660 3658 est,

2003 3686 2308 3752 suggerat.
2354 3683 2488 3737 Haec
2531 3680 2693 3736 enim
2743 3694 2931 3734 causa
2961 3683 3050 3732 est
3080 3674 3484 3742 inferioribus,
3521 3675 3663 3731 effe-

2002 3773 2176 3831 rendi
2207 3789 2268 3829 se
2303 3772 2630 3828 adversum
2670 3769 3030 3843 superiores.
3057 3770 3250 3834 Quare
3271 3766 3505 3822 etiamsi
3525 3766 3664 3838 quis

2000 3861 2386 3936 responderit
2425 3861 2668 3930 utiliter,
2717 3859 2824 3916 sed
2875 3863 3092 3931 praeter
3142 3856 3435 3923 officium,
3465 3854 3664 3930 poenis

2003 3951 2374 4027 perturbata:
2404 3948 2740 4024 disciplinae
2770 3947 3071 4006 obnoxius
3095 3951 3206 4005 est.

2009 4309 2414 4384 aggreditur;
2461 4309 2580 4384 imo
2628 4320 2787 4384 uero,
2819 4305 2881 4384 si
2910 4319 3130 4384 panem
3169 4302 3471 4384 autuquid
3518 4303 3674 4372 ejus-

2009 4377 2174 4441 modi
2197 4382 2422 4453 aliquis
2437 4381 2695 4453 petierit,
2713 4378 2881 4435 haud
2897 4377 3083 4453 pudet
3111 4377 3413 4453 remittere
3427 4389 3675 4453 poscen-

2014 4464 2128 4513 tem
2158 4454 2242 4511 ad
2281 4445 2454 4508 illum
2483 4453 2583 4508 cui
2610 4445 2978 4521 dispensatio
3009 4447 3308 4521 ejusmodi
3321 4445 3677 4521 concredita

2013 4530 2112 4595 sit,
2142 4531 2384 4598 quanta
2414 4518 2788 4598 arrogantia
2820 4522 3034 4598 fuerit,
3067 4523 3184 4598 etc.
3217 4518 3335 4598 _Alii
3365 4524 3482 4574 tres
3526 4532 3673 4572 mss.

2016 4604 2072 4655 et
2097 4591 2239 4652 editi
2270 4597 2374 4664 ita,
2405 4600 2471 4650 ut
2492 4594 2553 4650 in
2569 4591 2865 4664 contextu
2893 4591 3010 4660 legi
3039 4594 3253 4664 potest.

2088 4670 2204 4739 (77)
2245 4659 2447 4724 Codex
2508 4665 2675 4721 Colb.
2735 4659 3116 4739 ἐκλελημένὼς.
3165 4659 3489 4739 Aliquanto
3541 4660 3681 4731 post

2016 4729 2140 4797 duo
2168 4729 2314 4796 mss.
2348 4754 2486 4795 cum
2518 4739 2692 4792 Voss.
2725 4740 2815 4807 καὶ
2846 4729 3331 4807 μῆύμοδεικνύειξθ.

2090 4812 2200 4882 (78)
2241 4813 2385 4882 Reg.
2416 4809 2648 4882 primus
2679 4801 2950 4870 tanaim
2984 4801 3056 4866 εἰς
3083 4807 3142 4882 τό
3174 4802 3394 4882 ςοόθχ.
3424 4801 3684 4882 Υρεεκβι

2020 4871 2195 4940 ΟόΙὺί
2239 4871 2526 4950 ἐξήλεκται,
2576 4883 2879 4951 corrupte,
2929 4891 3040 4951 pro
3090 4874 3386 4951 ἐξείλεκται.
3424 4875 3553 4951 Nec
3598 4871 3683 4927 ita

2021 4954 2217 5013 multo
2243 4943 2471 5026 posthi
2501 4943 2657 5024 quos
2681 4943 2826 5026 mox
2849 4943 3166 5026 nominavi
3194 4945 3331 5026 libri
3352 4949 3470 5026 τούς
3496 4943 3682 5015 λόγους

2023 5034 2113 5081 τοῦ
2147 5017 2342 5100 Κυρίου
2377 5024 2424 5076 ἐν
2454 5017 2627 5099 κρίσει
2667 5025 2739 5083 εἷς
2776 5039 2830 5073 τε
2860 5023 3134 5100 θεραπείαν
3165 5022 3255 5069 καὶ
3274 5017 3352 5100 ἐἰς
3377 5020 3465 5100 τόν
3494 5033 3685 5100 καταρῗ

2025 5087 2352 5172 τισμὸν’τῆς
2399 5087 2866 5172 έκοῖστοτι-ιιθυχιῆςἷ
2914 5087 3022 5172 litim
3069 5087 3217 5172 διαφ.
3268 5087 3685 5172 Ut_dispens§t

2027 5159 2266 5228 Domini
2295 5182 2591 5225 sermones
2622 5159 2686 5222 in
2717 5159 2955 5236 judicio
2999 5162 3081 5218 ad
3122 5159 3460 5218 curandam
3498 5159 3685 5228 perﬁ-

2031 5243 2421 5313 ciendamque
2449 5241 2716 5313 animum
2743 5238 3056 5313 cujusque.

2102 5314 2216 5384 ('79)
2257 5299 2462 5384 Cddex
2508 5311 2676 5366 Colb.
2732 5299 3052 5384 ὑτιιόϐοιλὲτςυε
3080 5302 3284 5384 Ἠθιιᾴ
3332 5301 3512 5372 longe
3563 5299 3688 5382 duo

2033 5371 2180 5442 mss.
2202 5371 2367 5448 οἷστε,
2397 5383 2440 5436 εἰ
2486 5387 2576 5435 καὶ
2628 5384 2939 5454 χρησίμοςἱ
2970 5375 3198 5454 ibidem
3229 5374 3354 5430 duo
3399 5371 3549 5430 mss.
3583 5371 3690 5424 έπι-

2037 5456 2339 5514 ϐαλλόντως-
2371 5454 2541 5510 Liber
2571 5449 2739 5508 νὸέε.
2771 5449 3134 5506 ἐκϐαλλόντως.

3335 5609 3402 5661 33
