4110 6374
436 293 580 352 1039

1806 286 1867 344 S.
1909 286 2159 344 BASILI!
2197 288 2415 344 HAGNI

3660 294 3804 350 1040

426 416 500 474 in
522 427 895 488 unoquoque
922 411 1167 485 negotio
1200 410 1449 469 scientia
1492 412 1677 484 atque
1722 409 2083 485 experientia

2204 412 2530 488 ζητουμνων
2585 419 2882 487 γενήσεται.
2949 414 3010 469 Εἰ
3071 416 3172 488 γὰρ
3230 413 3433 487 ἑκάστῳ
3493 414 3608 486 (96)
3671 417 3803 489 πρά-

435 520 591 578 opus
619 507 730 570 est,
765 503 957 560 multo
985 502 1183 573 magis
1230 501 1293 559 in
1340 500 1646 573 ejusmodi
1688 499 1891 558 rebus.
1932 502 2002 557 Et
2040 499 2091 555 si

428 594 968 652 instrumentorum
991 609 1172 649 usum
1191 608 1373 649 nemo
1388 591 1715 665 inexpertis
1730 591 2090 659 committat,

431 684 626 743 multo
672 683 868 754 magis
902 698 1101 755 operae
1148 681 1409 755 pretium
1437 682 1613 749 fuerit
1641 679 1937 749 sermonis
1977 683 2093 736 tra-

420 775 757 843 ctationem
789 773 966 846 395
994 772 1199 846 peritis
1228 772 1561 829 concedere
1587 790 1601 829 :
1641 771 1748 847 qui
1774 770 2010 845 possint
2033 774 2092 827 et

427 866 633 923 locum
662 869 719 921 et
744 868 985 938 tempus
1031 866 1089 920 et
1125 861 1537 933 interrogandi
1566 862 1822 919 modum
1873 860 2091 931 digno-

430 971 616 1021 scere,
650 959 831 1029 atque
876 953 1024 1009 citra
1079 952 1548 1019 contentionem,
1598 957 1729 1008 tum
1761 950 2091 1025 prudenter

427 1043 780 1119 querendo,
807 1048 932 1099 tum
966 1041 1271 1115 sapienter
1291 1041 1719 1109 auscultando,
1751 1045 2090 1098 controver-

418 1124 657 1191 siarum
700 1132 1127 1190 enodationem
1157 1131 1238 1188 ad
1266 1131 1717 1188 communitatis
1747 1130 2092 1188 aedificatio-

424 1239 570 1280 nem
602 1238 842 1279 summa
873 1238 1013 1279 cum
1044 1218 1354 1291 diligentia
1384 1236 1643 1277 servare.

946 1312 1463 1368 lNTERROGATIO
1505 1313 1565 1366 L.

427 1402 730 1471 Quomodo
734 1403 1098 1473 praepositus
1115 1402 1434 1471 increpare
1445 1407 1499 1458 et
1517 1402 1843 1475 objurgare
1854 1402 2084 1461 debeat.

1058 1491 1453 1549 RESPONSIO

496 1582 790 1638 Caeterum
810 1579 1171 1654 praepositus
1190 1579 1609 1654 delinquentes
1632 1597 1754 1638 non
1786 1582 1884 1655 obj
1894 1585 2084 1653 urget,

425 1671 633 1746 aliqua
645 1670 832 1727 animi
848 1669 1257 1727 commotione
1274 1669 1747 1744 impulsus.Nam
1765 1672 2087 1743 redargue-

423 1776 488 1817 re
507 1760 753 1818 fratrem
788 1776 929 1816 eum
959 1759 1376 1831 indignatione
1403 1765 1459 1818 et
1482 1760 1573 1816 ira
1597 1777 1719 1817 non
1744 1766 1834 1819 est
1852 1760 2023 1818 illum
2048 1777 2086 1819 a
2119 1746 2156 1800 Β

422 1855 673 1926 peccato
701 1848 1092 1916 1iberare,sed
1114 1865 1178 1906 se
1202 1849 1403 1922 ipsum
1434 1849 1664 1907 delictis
1687 1850 2079 1923 obstringere.

424 1939 838 2008 Quamobrem
862 1939 1045 1996 dixit:
1078 1940 1151 1996 In
1176 1941 1641 1998 mansuetudine
1671 1942 1963 2011 corripiat
1987 1958 2084 1999 eos

422 2031 532 2105 qui
549 2030 912 2088 resistunt".
933 2030 1154 2103 Neque,
1172 2029 1304 2086 siin
1332 2035 1745 2105 contemptum
1767 2031 1967 2089 veniat
1981 2031 2081 2089 ali-

424 2121 541 2187 cui,
571 2125 651 2176 ob
679 2118 743 2175 id
764 2118 1033 2193 praebere
1063 2135 1125 2176 se
1146 2119 1563 2177 vehementem
1592 2120 1798 2177 debet:
1820 2120 1924 2178 ubi
1946 2137 2084 2179 vero

424 2208 610 2268 alium
640 2208 939 2266 contemni
969 2208 1201 2281 viderit,
1234 2225 1379 2280 erga
1404 2227 1545 2267 eum
1567 2210 1673 2285 qui
1703 2210 1956 2285 deliquit
1983 2212 2087 2271 de-

423 2299 611 2357 claret
637 2315 700 2355 se
728 2298 1063 2368 benignum
1111 2316 1182 2356 ac
1210 2299 1650 2371 indulgentem,
1687 2302 1835 2375 quin
1882 2302 2084 2377 potius

422 2392 567 2445 tunc
618 2387 681 2444 in
730 2387 932 2461 ipsum
963 2392 1282 2461 peccatum
1331 2388 1672 2449 invehatur.
1722 2390 1807 2447 Ita
1836 2391 1997 2448 enim
2026 2396 2087 2449 et

423 2476 832 2550 suspicionem
861 2492 898 2533 a
920 2493 984 2533 se
1004 2475 1169 2534 illam
1190 2476 1453 2533 hominis
1475 2477 1742 2550 seipsum
1759 2478 2085 2537 immodice

424 2565 685 2621 amantis
714 2564 1117 2636 submovebit,
1140 2569 1195 2622 et
1217 2564 1569 2638 planissime
1595 2582 1660 2623 se
1684 2583 1809 2623 non
1832 2584 2084 2640 peccan-

421 2656 542 2711 tem
563 2653 787 2720 odisse,
819 2654 927 2711 sed
956 2657 1273 2727 peccatum
1306 2655 1566 2712 aversari
1600 2655 1950 2730 declarabit,
1980 2658 2086 2732 qui

421 2742 649 2800 scilicet
677 2743 916 2800 diverse
939 2760 1001 2799 se
1023 2748 1191 2814 gerat
1219 2742 1280 2799 in
1306 2749 1502 2812 sua,et
1521 2744 1584 2801 in
1613 2744 1856 2803 alterius
1876 2764 2083 2806 causa.

421 2828 598 2898 Quod
645 2830 697 2887 si
724 2831 1077 2903 indignatur
1106 2847 1230 2888 non
1261 2848 1332 2888 eo
1363 2849 1547 2906 quem
1575 2833 1701 2890 dixi
1730 2835 1933 2907 modo,
1978 2837 2085 2894 sed

419 2918 676 2991 diverso,
710 2936 834 2993 prae
867 2936 933 2976 se
960 2920 1094 2990 fert,
1130 2937 1193 2977 se
1223 2937 1421 2994 neque
1462 2927 1706 2995 propter
1735 2927 1946 2993 Deum,
1984 2943 2087 2984 ne-

419 3026 537 3084 que
568 3014 816 3083 propter
861 3009 1265 3084 delinquentis
1295 3012 1657 3085 periculum,
1690 3014 1797 3071 sed
1835 3015 1916 3072 ob
1958 3032 2084 3073 sum

2201 524 2367 577 γματι
2415 503 2710 579 ἐπιστήμης
2763 508 2848 557 καὶ
2889 503 3158 579 ἐμπειρίας
3204 509 3384 578 χρεία,
3430 503 3600 575 πολλῷ
3652 504 3802 558 πλέον

2201 592 2251 646 ἐν
2289 601 2396 655 τοῖς
2433 597 2706 655 τοιούτοις.
2742 599 2844 648 Καὶ
2873 595 2916 647 εὶ
2943 593 3215 669 ἐργαλείων
3255 603 3455 666 χρῆσιν
3487 594 3581 646 οὐκ
3625 593 3687 647 οἷν
3725 613 3803 657 τις

2200 681 2515 756 ἐπιτρέψειεν
2542 682 2793 757 ἀπείροις,
2820 683 2990 755 πολλῷ
3026 683 3217 759 μᾶλλον
3245 688 3353 759 χρή
3382 688 3476 743 τήν
3519 691 3619 737 τῶν
3638 683 3802 757 λόγων

2197 778 2565 846 μεταχείρισιν
2601 780 2707 835 τοῖς
2737 770 2981 837 δυνατοῖς
3023 780 3322 850 συγχωρεῖν
3356 795 3369 808 ·
3392 774 3452 826 ιοί
3503 777 3594 826 καὶ
3642 778 3801 827 τόπον

2196 868 2287 915 καὶ
2315 866 2496 937 καιρὸν
2521 867 2611 915 καὶ
2640 868 2830 937 τρόπον
2856 871 2953 917 τῶν
2984 863 3347 939 ἐπερωτήσεων
3389 865 3556 916 ἱκανοὶ
3593 865 3801 915 ἔσονται

2198 948 2587 1024 διαγινώσκειν,
2635 951 2960 1026 ἀφιλονείκως
2989 972 3043 1005 τε
3070 958 3160 1006 καὶ
3192 958 3443 1027 φρονίμως
3495 950 3799 1021 ἀντιθέντες,

2195 1048 2285 1096 καὶ
2319 1052 2541 1104 συνετῶς
2566 1041 2851 1109 ἀκούοντες,
2882 1040 3105 1118 ἀκριϐῶς
3146 1043 3425 1116 φυλάσσειν
3472 1051 3570 1095 τῶν
3609 1040 3800 1103 ἐπιζη-

2196 1134 2451 1193 τηθέντων
2480 1134 2569 1195 τὰς
2588 1132 2763 1195 λύσεις
2791 1136 2921 1206 πρὸς
2942 1128 3228 1206 οἰκοδομήν
3250 1139 3341 1185 τοῦ
3363 1138 3559 1188 κοινοῦ.

2762 1315 3080 1365 murram:
3144 1309 3225 1367 Ν.

2499 1407 2611 1461 Πῶς
2638 1404 2748 1476 χρὴ
2782 1398 3020 1474 ἐπιτιμᾷν
3046 1404 3132 1453 τόν
3162 1408 3483 1477 προεστῶτα.

2818 1496 3190 1544 ΑΠΟΚΡΙΣΙΣ.

2267 1578 2421 1632 Ἀλλά
2454 1582 2545 1632 καὶ
2581 1580 2670 1641 τὰς
2721 1575 3050 1660 ἐπιτιμήσεις
3078 1582 3150 1654 μή
3205 1578 3445 1653 ἐμπαθῶς
3486 1587 3597 1642 τοῖς
3628 1582 3798 1657 ἡμαρ-

2195 1672 2413 1728 τηκόσιν
2458 1671 2483 1721 ό
2513 1672 2775 1744 προεστὼς
2817 1671 3140 1745 προσαγέτω.
3187 1673 3256 1722 Τό
3292 1671 3394 1744 γὰρ
3443 1671 3575 1743 μετὰ
3630 1671 3796 1743 θυμοῦ

2194 1765 2284 1812 καὶ
2324 1757 2481 1835 ὀργῆς
2533 1757 2764 1832 ἐλέγχειν
2808 1763 2896 1811 τὸν
2962 1757 3181 1830 ἀδελφόν
3229 1758 3359 1832 οὐχὶ
3410 1756 3600 1812 ἐκεῖνόν
3653 1756 3795 1811 ἐστιν

2194 1850 2451 1926 ἁμαρτίας
2507 1849 2868 1926 ἐλευθερῶσαι,
2939 1848 3047 1902 ἀλλ’
3100 1850 3280 1903 ἑαυτὸν
3334 1848 3626 1925 περιϐαλεῖν
3683 1847 3798 1922 (97)

2192 1939 2626 2014 πλημμελήμασι.
2692 1944 2874 2014 Διόπερ
2949 1942 3108 2011 φησὶν
3142 1959 3154 1972 -
3204 1937 3287 1990 Ἐν
3356 1942 3613 2013 πραότητι
3677 1955 3799 1990 παι-

2195 2027 2416 2082 δεύοντα
2461 2034 2583 2091 τοὺς
2636 2023 3144 2101 ἀντιδιατιθεμένους
3178 2043 3191 2058 ⁸
3233 2023 3374 2101 μηδε
3451 2024 3500 2079 ἐν
3570 2025 3642 2088 οἷς
3708 2026 3798 2099 μὶν

2194 2118 2255 2171 ἂν
2295 2119 2445 2180 αὐτὸς
2474 2120 2738 2194 παροφθῇ,
2774 2114 3003 2193 σφοδρόν
3056 2113 3207 2183 εἶναι,
3252 2117 3302 2170 εν
3341 2113 3420 2178 οἷς
3445 2112 3505 2169 δε
3557 2112 3617 2168 ἆν
3646 2113 3797 2167 ἄλλον

2192 2211 2667 2285 καταφρονούμενον
2706 2204 2821 2281 ἴδη,
2854 2210 2948 2266 τήν
2987 2211 3117 2282 πρός
3158 2209 3244 2268 τὸς
3273 2207 3619 2282 ἡμαρτηκότα
3661 2222 3799 2280 χρη-

2195 2305 2424 2358 στότητα
2461 2294 2859 2352 ἐπιδείκνυσθαι
2888 2298 3002 2365 (98)
3032 2318 3046 2331 ·
3080 2295 3208 2349 ἀλλὰ
3230 2301 3320 2349 καὶ
3365 2293 3555 2369 μᾶλλον
3596 2291 3800 2366 δυσχε-

2191 2390 2382 2463 ραίνειν
2431 2389 2514 2443 ἐπὶ
2543 2396 2615 2460 τῷ
2657 2396 2801 2459 κακῷ
2844 2390 2976 2441 τότε.
3034 2386 3185 2439 Οὕτω
3234 2388 3336 2462 γὰρ
3382 2394 3478 2447 τῆς
3529 2403 3582 2436 τε
3606 2381 3796 2457 φιλαυ-

2193 2484 2304 2540 τίας
2356 2483 2450 2537 τὴν
2505 2477 2728 2549 ὑπο-,βίον
2776 2475 3091 2548 ἐκφεύξεται,
3165 2475 3257 2527 καί
3310 2470 3579 2537 ἀπόδειξιν
3631 2468 3796 2525 δώσει

2194 2576 2285 2621 τοῦ
2324 2572 2396 2640 μή
2451 2571 2539 2620 τὸν
2582 2568 2927 2641 ἡμαρτηκότα
2970 2573 3163 2639 μισεῖν,
3213 2563 3341 2617 ἀλλὰ
3391 2567 3484 2623 τήν
3537 2563 3794 2637 ἁμαρτίαν

2196 2655 2634 2732 ἀποστρέφεσθαι,
2666 2664 2729 2729 τῇ
2783 2652 3014 2729 διαφορᾲ
3062 2663 3123 2727 τῇ
3174 2654 3358 2707 ἑαυτοῦ
3388 2656 3518 2730 πρὸς
3565 2656 3651 2705 τόν
3682 2652 3794 2705 ἓτε-

2194 2766 2302 2821 ρον.
2346 2747 2602 2820 Διαφορὰν
2652 2741 2710 2797 δὲ
2762 2746 3163 2816 ἀγανακτήσεως
3212 2746 3531 2817 ποιούμενος,
3586 2746 3656 2815 μή
3700 2745 3794 2800 τήν

2196 2837 2488 2912 εἰρημένην,
2549 2834 2677 2888 ἀλλὰ
2738 2839 2832 2894 τήν
2890 2835 3140 2906 ἐναντίαν,
3205 2839 3415 2910 φανερός
3485 2833 3624 2887 ἐστιν
3677 2832 3793 2901 (99)

2195 2928 2276 2980 ὅτι
2297 2929 2413 2979 οὔτε
2443 2923 2478 2979 δ
2484 2928 2538 2978 ιὰ
2565 2928 2651 2978 τὸν
2696 2927 2825 2979 Θεὸν
2851 2927 2969 2977 οὔτε
2998 2921 3093 2977 διὰ
3129 2928 3216 2977 τόν
3237 2920 3476 2976 κίνδυνον
3507 2930 3599 2976 τοῦ
3629 2923 3799 2996 ἡμαρ-

2196 3020 2432 3080 τηκότος,
2475 3015 2603 3068 ἀλλὰ
2633 3011 2728 3068 διὰ
2755 3018 2849 3073 τήν
2876 3013 3061 3068 ἑαυτοῦ
3094 3010 3392 3086 φιλοδοξίαν
3426 3014 3456 3073 ἦ
3517 3012 3798 3087 φιλαρχίαν

420 3099 625 3172 gloriae
656 3099 1192 3173 cupiditatem,aut
1220 3102 1609 3176 imperitandi
1641 3104 1910 3163 studium
1934 3107 2083 3164 indi-

2196 3108 2498 3179 ἀγανακτεῖ.
2528 3110 2640 3179 Χρὴ
2669 3104 2964 3178 γαρ,ζῆλον
2993 3108 3083 3176 μὲν
3100 3106 3226 3180 ὑπὲρ
3254 3112 3344 3166 τῆς
3368 3111 3460 3156 τοῦ
3488 3110 3620 3156 Θεοῦ
3645 3098 3801 3165 δόξης

418 3189 615 3259 gnari.
648 3191 891 3262 Oportet
917 3190 1076 3246 enim
1112 3189 1378 3248 studium
1410 3192 1658 3265 quidem
1684 3190 1798 3266 pro
1830 3196 1931 3253 Dei
1956 3196 2088 3267 glo-

416 3277 632 3346 ria,cui
652 3278 975 3336 violatione
995 3279 1271 3338 mandati
1293 3282 1543 3339 infertur
1560 3284 1805 3355 injuria,
1823 3287 2080 3344 ostendi:

418 3368 899 3425 misericordiam
929 3385 1069 3426 vero
1103 3369 1368 3428 fraterno
1422 3386 1630 3429 amore
1668 3373 1941 3455 dignam,
1975 3392 2084 3450 pro

418 3456 616 3513 fratris
637 3456 959 3531 salute,qui
980 3458 1040 3514 in
1062 3463 1312 3532 peccato
1342 3459 1709 3532 periclitatur
1737 3460 1909 3536 (quia
1935 3464 2084 3519 Ani-

419 3562 519 3603 ma
546 3563 679 3619 quae
699 3550 1068 3618 peccaverit,
1103 3564 1233 3620 ipsa
1281 3551 1576 3608 morietur
1603 3554 1700 3624 ⁸ο),
1755 3553 1817 3609 in
1860 3553 2080 3626 quovis

415 3641 666 3710 peccato
694 3642 989 3711 tanquam
1040 3639 1103 3695 in
1151 3644 1472 3713 peccatum
1519 3640 1771 3715 incitari,
1816 3647 1874 3700 et
1914 3643 1976 3699 in
2007 3658 2081 3700 eo

418 3725 632 3784 acriter
647 3726 1017 3784 vindicando
1046 3728 1233 3785 animi
1259 3728 1559 3786 fervorem
1577 3737 2080 3792 commonstrare.

917 3818 1439 3874 lNTERROGATIO
1484 3819 1546 3874 LI
1561 3862 1574 3877 .

418 3905 718 3973 Quomodo
747 3905 1032 3963 delictum
1062 3907 1234 3963 illius
1284 3909 1390 3979 qui
1432 3910 1731 3978 peccavit,
1770 3911 2082 3983 corrigen-

1124 3997 1266 4054 dum
1306 3999 1406 4054 sit.

1046 4088 1458 4145 RESPONSIO.

490 4175 571 4229 De
598 4172 828 4245 reliquo
858 4173 1119 4246 corrigat
1144 4176 1299 4232 male
1316 4175 1564 4235 affectos
1594 4179 1673 4236 ad
1693 4179 1950 4238 modum
1967 4198 2086 4241 me-

416 4260 717 4332 dicorum,
744 4277 869 4319 non
894 4262 1164 4320 irascens
1202 4264 1641 4338 debilibus,sed
1675 4285 1961 4343 pugnans
1983 4272 2090 4329 ad-

415 4368 630 4409 versus
653 4352 939 4410 morbum
964 4372 981 4409 :
1012 4354 1137 4411 imo
1165 4371 1309 4413 vero
1339 4356 1614 4429 insurgat
1642 4360 1705 4416 in
1726 4360 1886 4430 vitia,
1905 4367 2087 4437 atque

2196 3195 2580 3271 ἀτιμαζομένου
2608 3195 2654 3248 ἐν
2685 3202 2746 3268 τῇ
2781 3203 2875 3258 τῆς
2928 3194 3134 3256 ἐντολῆς
3184 3192 3483 3267 παραϐάσει
3513 3186 3635 3246 ἐπιδ
3639 3192 3800 3245 εικνύ-

2192 3305 2362 3360 μενον,
2415 3284 2809 3357 εὐσπλαγχνίαν
2869 3280 2929 3337 δὲ
2978 3281 3313 3358 φιλαδελφίας
3361 3285 3487 3356 ὑπὲρ
3552 3291 3643 3343 τῆς
3707 3287 3800 3334 τοῦ

2194 3372 2416 3449 ἀδελφοῦ
2446 3379 2705 3452 σωτηρίας
2741 3376 2934 3447 ἔχοντα
2977 3370 3363 3435 κινδυνεύοντος
3402 3372 3449 3426 ἐν
3474 3381 3537 3446 τῇ
3572 3370 3802 3447 ἁμαρτίᾳ

2192 3468 2296 3537 (ὅτι
2325 3466 2382 3519 Ἠ
2414 3464 2568 3536 ψυχή
2629 3465 2657 3524 ἡ
2711 3464 3107 3539 ἁμαρτάνουσα,
3141 3463 3272 3523 αὕτη
3308 3462 3683 3529 ἀποθανεῖταιῂ
3716 3460 3801 3513 ἐπὶ

2189 3560 2379 3618 παντὸς
2422 3556 2800 3632 ἁμαρτήματος
2826 3558 2890 3617 ὡς
2914 3556 3051 3608 κατά
3090 3553 3468 3628 ἁμαρτήματος
3516 3553 3797 3621 κινεῖσθαι,

2190 3651 2280 3699 καὶ
2309 3653 2371 3718 τῇ
2404 3641 2725 3720 σφοδρότητι
2762 3653 2854 3706 τῆς
2885 3641 3206 3707 ἐκδικήσεως
3238 3640 3489 3698 δεικνύειν
3518 3646 3576 3696 τό
3607 3637 3802 3694 διάπυ-

2191 3755 2279 3812 ρον
2305 3744 2395 3796 τῆς
2419 3732 2705 3797 διαθέσεως
2734 3734 2834 3803 (1).

2749 3830 3065 3879 ΕΡΩΤΗΣΙΣ
3119 3822 3244 3882 NA'.

2195 3920 2335 3988 Ποίῳ
2388 3918 2562 3990 τρόπῳ
2612 3909 2695 3967 δεῖ
2730 3914 2807 3987 (2)
2841 3910 3189 3989 διορθοῦσθαι
3217 3917 3275 3969 τὸ
3308 3912 3663 3989 πλημμέλημα
3705 3918 3800 3965 τοῦ

2814 4004 3194 4080 ἡμαρτηκότος.

2821 4100 3195 4151 ΑΠΟΚΡΙΣΙΣ.

2270 4188 2372 4240 Καὶ
2420 4187 2513 4248 τὰς
2566 4180 2872 4261 διορθώσεις
2903 4182 2963 4239 δὲ
2988 4190 3122 4240 κατὰ
3167 4188 3254 4239 τὸν
3312 4192 3407 4248 τῆς
3458 4184 3682 4260 ἰατρείας
3718 4183 3802 4237 λό-

2195 4294 2287 4349 γον
2326 4279 2634 4351 προσαγὲτω
2687 4282 2797 4337 τοῖς
2849 4276 3127 4349 ἑμπαθέσι,
3186 4278 3258 4350 μή
3319 4275 3650 4352 ὀργιζόμενος
3692 4280 3803 4336 τοῖς

2198 4363 2504 4419 ἀσθενοῦσιν
2558 4367 2634 4439 (3)
2680 4364 2809 4419 ἀλλὰ
2852 4372 2916 4439 τῇ
2983 4372 3120 4439 νόσῳ
3175 4371 3499 4440 μαχόμενος,
3565 4369 3655 4418 καὶ
3704 4362 3801 4417 ὰπ-

417 4442 708 4499 severiore
739 4443 1079 4518 disciplina,
1120 4444 1171 4501 si
1209 4462 1363 4520 opus
1392 4452 1501 4518 est,
1555 4450 1843 4509 morbum
1878 4453 2083 4512 anima

2197 4461 2415 4510 εναντίον
2472 4459 2562 4530 μὲν
2605 4457 2878 4531 ἱστάμενος
2920 4460 3046 4529 πρὸς
3102 4457 3168 4510 τὰ
3213 4456 3378 4525 πάθη,
3424 4453 3498 4510 δι’
3553 4456 3801 4509 ἐπιπονω-

417 4537 611 4602 sanet,
632 4534 891 4606 exempli
915 4550 1105 4593 causa
1133 4552 1358 4593 vanam
1382 4537 1658 4611 gloriam,
1690 4540 2081 4613 injungendis

410 4616 769 4674 humilitatis
798 4621 1091 4677 exercitiis
1123 4638 1136 4676 :
1178 4622 1406 4680 otiosos
1453 4639 1763 4683 sermones
1794 4627 2027 4687 silentio
2062 4649 2075 4688 :

413 4705 813 4765 immodicum
826 4711 1351 4784 somnum,vigiliis
1368 4714 1428 4769 in
1447 4716 1756 4789 precando
1770 4717 2079 4778 insumen-

487 4886 536 4922 59
568 4888 614 4943 Π
642 4887 789 4946 Tim.
821 4904 877 4960 ιι,
906 4893 994 4947 25.
1083 4892 1131 4928 ⁶⁰
1158 4891 1360 4950 Ezech.
1387 4911 1544 4966 xvm,
1578 4898 1630 4953 4.

488 5049 598 5129 (ῼῤ)
632 5051 773 5129 Reg.
787 5051 1033 5129 primus
1081 5050 1130 5106 ἐν
1170 5054 1398 5129 ἑκάστῳ.

509 5122 597 5205 Q7)
653 5126 752 5205 In"
780 5121 1122 5205 Colbertino
1156 5142 1289 5205 _pro
1343 5121 1636 5205 περιϐαλεῖν
1687 5132 1917 5205 Ιεεὶῐιιιή
1959 5136 2067 5191 ἑπι-

417 5188 643 5265 βάλλειν.
704 5195 834 5250 Mox
881 5198 1018 5266 Reg.
1079 5188 1311 5269 primus
1365 5188 1416 5253 ἐν
1468 5188 1733 5277 πραότητι
1747 5188 2070 5262 “Egomet;-

415 5282 517 5325 τες.

425 5406 437 5415 ⁸
484 5336 598 5415 ($38}
630 5338 776 5415 Reg.
813 5337 1046 5409 primus
1090 5345 1148 5397 et
1185 5344 1361 5399 Voss.
1413 5351 1471 5403 et
1495 5347 1659 5405 Colb.
1694 5352 2064 5415 μακροθυμίαν

414 5403 1056 5488 ἐπιδείκζυσθαιζ-εθηειι
1086 5415 1472 5488 nonimpari.
1693 5404 1703 5423 ⁸
1805 5405 1814 5426 ⁸
1882 5403 1887 5404 ί
1938 5408 1947 5426 ⁸

485 5480 610 5555 (99)-
627 5480 828 5555 Codex
853 5485 1024 5540 Voss.
1058 5492 1270 5555 φανερόν
1298 5480 1454 5545 ἐστιν.

800 5569 911 5639 ms.
936 5540 1113 5639 et'allii
1132 5540 1257 5639 ditt)
1288 5540 1554 5639 dténupou
1576 5575 1672 5627 τῆς
1701 5562 2057 5639 διορθώσεως,

409 5621 781 5681 ostendenda
798 5630 885 5682 est
912 5625 1274 5689 vehementia
1296 5620 1705 5695 correctionis.
1789 5620 1800 5644 ⁸

2193 4550 2345 4622 τέρας
2384 4543 2463 4612 δε,
2521 4547 2563 4599 εἰ
2621 4543 2752 4615 δέοι,
2795 4542 3069 4619 διαγωγῆς
3122 4546 3332 4609 ἰώμενος
3379 4550 3438 4599 τὸ
3472 4544 3800 4622 ἀρρώστημα

2191 4645 2282 4698 τῆς
2331 4636 2521 4710 ψυχῆς
2553 4658 2565 4671 ·
2629 4638 2734 4690 οἷον
2789 4640 2884 4713 τήν
2950 4632 3249 4700 κενοδοξίαν
3306 4643 3414 4700 τοῖς
3471 4634 3799 4710 ἐπιτάγμασι

2191 4735 2289 4779 τῶν
2347 4728 2424 4798 (4)
2480 4735 2570 4789 τῆς
2634 4728 3110 4802 ταπεινοφροσύνης
3182 4722 3611 4800 ἐπιτηδευμάτων
3645 4746 3658 4760 ·
3700 4730 3797 4787 τὴν

2258 5069 2329 5139 (2)
2361 5070 2526 5125 Unus
2552 5085 2669 5125 ms.
2699 5075 2816 5131 Πῶς
2847 5061 2949 5125 δεῖ.

2254 5144 2334 5212 (3)
2367 5143 2507 5214 Reg.
2539 5141 2771 5214 primus
2799 5146 2856 5214 et
2884 5143 3054 5197 Voss.
3079 5144 3137 5199 et
3165 5142 3334 5202 Colb.
3356 5152 3469 5207 τοῖς
3497 5141 3788 5199 ἀσθενέσιν.

2179 5210 2311 5269 Mox
2347 5210 2473 5269 duo
2499 5210 2642 5269 niss.
2674 5216 2763 5265 καὶ
2804 5210 3136 5275 eranum.
3174 5215 3442 5273 Subinde
3487 5220 3607 5270 tres
3637 5229 3789 5267 mss.

2176 5282 2392 5366 ἀγωγῇς
2415 5285 2658 5367 ἰώμενοςεὶ
2676 5284 2904 5367 Ibidem
2930 5289 3046 5343 tres
3065 5286 3156 5367 illi
3185 5285 3585 5367 quossaapius
3611 5281 3786 5367 simul

2176 5349 2487 5429 nominavi
2524 5357 2766 5429 codices
2796 5360 2938 5428 Reg.
2987 5349 3224 5429 primus
3245 5364 3304 5414 et
3330 5349 3492 5413 Voss.
3536 5360 3594 5409 et
3618 5349 3785 5409 Colb.

2173 5444 2287 5504 pr0_
2312 5427 2636 5504 ἀρρώστημα
2665 5428 2892 5504 habent
2909 5427 3096 5491 πάθος.

2244 5500 2320 5568 (4)
2344 5495 2446 5558 'Sie
2475 5495 2647 5556 voss.
2675 5500 2929 5571 etAColb.
2972 5507 3029 5557 et
3068 5504 3207 5567 Reg.
3242 5498 3495 5571 primus.
3526 5496 3634 5553 Alii
3664 5495 3789 5571 duo

2173 5587 2323 5627 mss.
2356 5576 2414 5628 et
2444 5571 2587 5627 editi
2615 5567 2914 5635 κενοδοξίαν
2953 5581 3014 5639 τῇ
3045 5567 3282 5624 ἐπιτάσει
3313 5578 3414 5622 τῶν
3444 5578 3505 5629 τῆ
3517 5590 3559 5639 ς,
3592 5568 3788 5627 auctis

2174 5643 2535 5701 humilitatis
2560 5630 3112 5703 exercitationiims.
