  <div class='ocr_page' id='page_1' title='image "/cluster/home/n/w/nwhite01/storage/ocr_20150623/31:no.3/coo.31924054869288/536.png"; bbox 0 0 4110 6388; ppageno 0'>
   <div class='ocr_carea' id='block_1_1' title="bbox 256 315 394 370">
    <p class='ocr_par' dir='ltr' id='par_1_1' title="bbox 256 315 394 370">
     <span class='ocr_line' id='line_1_1' title="bbox 256 315 394 370; baseline 0 0"><span class='ocrx_word' id='word_1_1' title='bbox 256 315 394 370; x_wconf 66' lang='grc'><strong>1045</strong></span> 
     </span>
    </p>
   </div>
   <div class='ocr_carea' id='block_1_2' title="bbox 1405 307 2444 366">
    <p class='ocr_par' dir='ltr' id='par_1_2' title="bbox 1405 307 2444 366">
     <span class='ocr_line' id='line_1_2' title="bbox 1405 307 2444 366; baseline -0.001 -1"><span class='ocrx_word' id='word_1_2' title='bbox 1405 309 1712 365; x_wconf 70' lang='grc' dir='ltr'><strong>ΒΕΕΗΙΛΕ</strong></span> <span class='ocrx_word' id='word_1_3' title='bbox 1753 309 1996 366; x_wconf 80' lang='lat' dir='ltr'><strong>FUSIUS</strong></span> <span class='ocrx_word' id='word_1_4' title='bbox 2031 309 2166 364; x_wconf 73' lang='grc' dir='ltr'><strong>ΤΒΑ</strong></span> <span class='ocrx_word' id='word_1_5' title='bbox 2178 307 2444 364; x_wconf 67' lang='lat' dir='ltr'><strong>CTATIE.</strong></span> 
     </span>
    </p>
   </div>
   <div class='ocr_carea' id='block_1_3' title="bbox 3471 307 3612 368">
    <p class='ocr_par' dir='ltr' id='par_1_3' title="bbox 3471 307 3612 368">
     <span class='ocr_line' id='line_1_3' title="bbox 3471 307 3612 368; baseline -0.014 0"><span class='ocrx_word' id='word_1_6' title='bbox 3471 307 3612 368; x_wconf 64' lang='grc'><strong>1066</strong></span> 
     </span>
    </p>
   </div>
   <div class='ocr_carea' id='block_1_4' title="bbox 258 432 1876 512">
    <p class='ocr_par' dir='ltr' id='par_1_4' title="bbox 258 435 1847 512">
     <span class='ocr_line' id='line_1_4' title="bbox 258 435 1847 512; baseline -0.004 -21"><span class='ocrx_word' id='word_1_7' title='bbox 258 439 465 510; x_wconf 81' lang='grc' dir='ltr'>άσμεθα</span> <span class='ocrx_word' id='word_1_8' title='bbox 493 458 565 500; x_wconf 86' lang='grc' dir='ltr'><strong>εις</strong></span> <span class='ocrx_word' id='word_1_9' title='bbox 592 440 930 512; x_wconf 78' lang='grc' dir='ltr'>παραμυθίαν</span> <span class='ocrx_word' id='word_1_10' title='bbox 969 447 1069 490; x_wconf 83' lang='grc' dir='ltr'>τῶν</span> <span class='ocrx_word' id='word_1_11' title='bbox 1097 437 1152 489; x_wconf 71' lang='grc' dir='ltr'>ἑκ</span> <span class='ocrx_word' id='word_1_12' title='bbox 1191 444 1287 497; x_wconf 80' lang='grc' dir='ltr'><strong>τῆς</strong></span> <span class='ocrx_word' id='word_1_13' title='bbox 1316 438 1549 511; x_wconf 78' lang='grc' dir='ltr'>κατάρας</span> <span class='ocrx_word' id='word_1_14' title='bbox 1582 435 1847 508; x_wconf 75' lang='grc' dir='ltr'><strong>λυπηρῶν,</strong></span> 
     </span>
    </p>
   </div>
   <div class='ocr_carea' id='block_1_5' title="bbox 1991 432 3619 512">
    <p class='ocr_par' dir='ltr' id='par_1_5' title="bbox 1991 433 3619 507">
     <span class='ocr_line' id='line_1_5' title="bbox 1991 433 3619 507; baseline 0.001 -19"><span class='ocrx_word' id='word_1_15' title='bbox 1991 447 2150 500; x_wconf 86' lang='lat' dir='ltr'><strong>onga</strong></span> <span class='ocrx_word' id='word_1_16' title='bbox 2175 435 2544 504; x_wconf 72' lang='lat' dir='ltr'><strong>experientia</strong></span> <span class='ocrx_word' id='word_1_17' title='bbox 2561 433 2872 505; x_wconf 87' lang='lat' dir='ltr'><strong>multoque</strong></span> <span class='ocrx_word' id='word_1_18' title='bbox 2893 436 3208 507; x_wconf 84' lang='lat' dir='ltr'><strong>insumpto</strong></span> <span class='ocrx_word' id='word_1_19' title='bbox 3227 436 3435 494; x_wconf 82' lang='lat' dir='ltr'><strong>labore</strong></span> <span class='ocrx_word' id='word_1_20' title='bbox 3457 437 3515 492; x_wconf 89' lang='lat' dir='ltr'><strong>in</strong></span> <span class='ocrx_word' id='word_1_21' title='bbox 3540 449 3619 491; x_wconf 84' lang='lat' dir='ltr'><strong>ex</strong></span> 
     </span>
    </p>
   </div>
   <div class='ocr_carea' id='block_1_6' title="bbox 255 526 1851 600">
    <p class='ocr_par' dir='ltr' id='par_1_6' title="bbox 255 526 1851 600">
     <span class='ocr_line' id='line_1_6' title="bbox 255 526 1851 600; baseline -0.003 -22"><span class='ocrx_word' id='word_1_22' title='bbox 255 535 351 584; x_wconf 83' lang='grc' dir='ltr'><strong>την</strong></span> <span class='ocrx_word' id='word_1_23' title='bbox 391 531 597 580; x_wconf 77' lang='grc' dir='ltr'>σύνεσιν</span> <span class='ocrx_word' id='word_1_24' title='bbox 628 531 752 600; x_wconf 79' lang='grc' dir='ltr'>ἡμῖν</span> <span class='ocrx_word' id='word_1_25' title='bbox 796 533 888 580; x_wconf 86' lang='grc' dir='ltr'>καὶ</span> <span class='ocrx_word' id='word_1_26' title='bbox 939 526 1234 597; x_wconf 79' lang='grc' dir='ltr'>κατάληψιν</span> <span class='ocrx_word' id='word_1_27' title='bbox 1276 534 1372 584; x_wconf 83' lang='grc' dir='ltr'>τῆς</span> <span class='ocrx_word' id='word_1_28' title='bbox 1420 529 1613 597; x_wconf 75' lang='grc' dir='ltr'>τέχνης</span> <span class='ocrx_word' id='word_1_29' title='bbox 1654 527 1851 583; x_wconf 80' lang='grc' dir='ltr'>ταύτης</span> 
     </span>
    </p>
   </div>
   <div class='ocr_carea' id='block_1_7' title="bbox 256 612 1852 690">
    <p class='ocr_par' dir='ltr' id='par_1_7' title="bbox 256 612 1852 690">
     <span class='ocr_line' id='line_1_7' title="bbox 256 612 1852 690; baseline -0.003 -21"><span class='ocrx_word' id='word_1_30' title='bbox 256 625 348 669; x_wconf 82' lang='grc' dir='ltr'><strong>τοῦ</strong></span> <span class='ocrx_word' id='word_1_31' title='bbox 381 626 515 669; x_wconf 80' lang='grc' dir='ltr'>Θεοῦ</span> <span class='ocrx_word' id='word_1_32' title='bbox 544 622 936 690; x_wconf 71' lang='grc' dir='ltr'>χαρισαμένουο</span> <span class='ocrx_word' id='word_1_33' title='bbox 971 617 1104 669; x_wconf 77' lang='grc' dir='ltr'>οὕτω</span> <span class='ocrx_word' id='word_1_34' title='bbox 1133 620 1222 667; x_wconf 83' lang='grc' dir='ltr'>καὶ</span> <span class='ocrx_word' id='word_1_35' title='bbox 1261 612 1439 673; x_wconf 76' lang='grc' dir='ltr'>ἐπειδή</span> <span class='ocrx_word' id='word_1_36' title='bbox 1483 613 1754 670; x_wconf 80' lang='grc' dir='ltr'>ἐκελεύσθη</span> <span class='ocrx_word' id='word_1_37' title='bbox 1763 632 1852 685; x_wconf 85' lang='grc' dir='ltr'><strong>μεν</strong></span> 
     </span>
    </p>
   </div>
   <div class='ocr_carea' id='block_1_8' title="bbox 259 701 1852 778">
    <p class='ocr_par' dir='ltr' id='par_1_8' title="bbox 259 701 1852 778">
     <span class='ocr_line' id='line_1_8' title="bbox 259 701 1852 778; baseline -0.002 -22"><span class='ocrx_word' id='word_1_38' title='bbox 259 706 331 766; x_wconf 82' lang='grc' dir='ltr'><strong>εἰς</strong></span> <span class='ocrx_word' id='word_1_39' title='bbox 359 710 454 763; x_wconf 75' lang='grc' dir='ltr'>τὴν</span> <span class='ocrx_word' id='word_1_40' title='bbox 481 710 581 777; x_wconf 73' lang='grc' dir='ltr'><strong>γῆν</strong></span> <span class='ocrx_word' id='word_1_41' title='bbox 611 707 763 758; x_wconf 83' lang='grc' dir='ltr'>πάλιν</span> <span class='ocrx_word' id='word_1_42' title='bbox 794 705 1211 778; x_wconf 74' lang='grc' dir='ltr'><strong>ἀποστραφῆναι,</strong></span> <span class='ocrx_word' id='word_1_43' title='bbox 1239 702 1320 776; x_wconf 77' lang='grc' dir='ltr'><strong>ἀφ’</strong></span> <span class='ocrx_word' id='word_1_44' title='bbox 1345 701 1408 764; x_wconf 80' lang='grc' dir='ltr'><strong>ἧς</strong></span> <span class='ocrx_word' id='word_1_45' title='bbox 1430 702 1736 776; x_wconf 76' lang='grc' dir='ltr'>ἐλήφθημεν,</span> <span class='ocrx_word' id='word_1_46' title='bbox 1760 705 1852 753; x_wconf 84' lang='grc' dir='ltr'>καὶ</span> 
     </span>
    </p>
   </div>
   <div class='ocr_carea' id='block_1_9' title="bbox 261 788 1855 869">
    <p class='ocr_par' dir='ltr' id='par_1_9' title="bbox 261 788 1855 869">
     <span class='ocr_line' id='line_1_9' title="bbox 261 788 1855 869; baseline -0.003 -21"><span class='ocrx_word' id='word_1_47' title='bbox 261 791 497 869; x_wconf 81' lang='grc' dir='ltr'>ὀδυνηρᾴ</span> <span class='ocrx_word' id='word_1_48' title='bbox 537 801 695 868; x_wconf 86' lang='grc' dir='ltr'>σαρκὶ</span> <span class='ocrx_word' id='word_1_49' title='bbox 743 795 1162 866; x_wconf 75' lang='grc' dir='ltr'>συνεζὲύχθημεν</span> <span class='ocrx_word' id='word_1_50' title='bbox 1203 793 1272 854; x_wconf 85' lang='grc' dir='ltr'><strong>εἰς</strong></span> <span class='ocrx_word' id='word_1_51' title='bbox 1323 795 1514 866; x_wconf 78' lang='grc' dir='ltr'>φθορὰν</span> <span class='ocrx_word' id='word_1_52' title='bbox 1571 788 1855 844; x_wconf 76' lang='grc' dir='ltr'>καταδεδι-</span> 
     </span>
    </p>
   </div>
   <div class='ocr_carea' id='block_1_10' title="bbox 261 878 1857 957">
    <p class='ocr_par' dir='ltr' id='par_1_10' title="bbox 261 878 1857 957">
     <span class='ocr_line' id='line_1_10' title="bbox 261 878 1857 957; baseline -0.002 -23"><span class='ocrx_word' id='word_1_53' title='bbox 261 888 492 956; x_wconf 75' lang='grc' dir='ltr'>κασμένη</span> <span class='ocrx_word' id='word_1_54' title='bbox 523 881 618 935; x_wconf 73' lang='grc' dir='ltr'>διὰ</span> <span class='ocrx_word' id='word_1_55' title='bbox 642 889 735 942; x_wconf 78' lang='grc' dir='ltr'>τὴν</span> <span class='ocrx_word' id='word_1_56' title='bbox 764 884 1038 957; x_wconf 77' lang='grc' dir='ltr'>ἁμαρτίαν,</span> <span class='ocrx_word' id='word_1_57' title='bbox 1065 886 1154 933; x_wconf 85' lang='grc' dir='ltr'>καὶ</span> <span class='ocrx_word' id='word_1_58' title='bbox 1186 878 1281 934; x_wconf 77' lang='grc' dir='ltr'><strong>διὰ</strong></span> <span class='ocrx_word' id='word_1_59' title='bbox 1316 888 1470 934; x_wconf 86' lang='grc' dir='ltr'>τοῦτο</span> <span class='ocrx_word' id='word_1_60' title='bbox 1489 889 1597 943; x_wconf 88' lang='grc' dir='ltr'>τοῖς</span> <span class='ocrx_word' id='word_1_61' title='bbox 1639 882 1857 932; x_wconf 82' lang='grc' dir='ltr'>πάθεσι-</span> 
     </span>
    </p>
   </div>
   <div class='ocr_carea' id='block_1_11' title="bbox 262 969 1858 1045">
    <p class='ocr_par' dir='ltr' id='par_1_11' title="bbox 262 969 1858 1045">
     <span class='ocr_line' id='line_1_11' title="bbox 262 969 1858 1045; baseline -0.003 -21"><span class='ocrx_word' id='word_1_62' title='bbox 262 976 471 1034; x_wconf 83' lang='grc' dir='ltr'>τούτοις</span> <span class='ocrx_word' id='word_1_63' title='bbox 513 973 884 1044; x_wconf 76' lang='grc' dir='ltr'>ὑποϐληθείση,</span> <span class='ocrx_word' id='word_1_64' title='bbox 920 974 1229 1045; x_wconf 85' lang='grc' dir='ltr'>παρεσχέθη</span> <span class='ocrx_word' id='word_1_65' title='bbox 1279 974 1402 1043; x_wconf 74' lang='grc' dir='ltr'>ἡμῖν</span> <span class='ocrx_word' id='word_1_66' title='bbox 1446 976 1536 1022; x_wconf 81' lang='grc' dir='ltr'>καὶ</span> <span class='ocrx_word' id='word_1_67' title='bbox 1585 973 1614 1029; x_wconf 78' lang='grc' dir='ltr'>ἡ</span> <span class='ocrx_word' id='word_1_68' title='bbox 1668 969 1721 1021; x_wconf 71' lang='grc' dir='ltr'>ἐκ</span> <span class='ocrx_word' id='word_1_69' title='bbox 1759 979 1858 1029; x_wconf 77' lang='grc' dir='ltr'>τῆς</span> 
     </span>
    </p>
   </div>
   <div class='ocr_carea' id='block_1_12' title="bbox 267 1062 1857 1135">
    <p class='ocr_par' dir='ltr' id='par_1_12' title="bbox 267 1062 1857 1135">
     <span class='ocr_line' id='line_1_12' title="bbox 267 1062 1857 1135; baseline -0.002 -22"><span class='ocrx_word' id='word_1_70' title='bbox 267 1062 508 1134; x_wconf 77' lang='grc' dir='ltr'><strong>ἰατρικῆς</strong></span> <span class='ocrx_word' id='word_1_71' title='bbox 554 1065 918 1135; x_wconf 77' lang='grc' dir='ltr'><strong>προσαγομένη</strong></span> <span class='ocrx_word' id='word_1_72' title='bbox 968 1069 1078 1122; x_wconf 86' lang='grc' dir='ltr'>τοῖς</span> <span class='ocrx_word' id='word_1_73' title='bbox 1119 1079 1399 1134; x_wconf 84' lang='grc' dir='ltr'>καμνουσι,</span> <span class='ocrx_word' id='word_1_74' title='bbox 1431 1062 1569 1114; x_wconf 76' lang='grc' dir='ltr'>κατὰ</span> <span class='ocrx_word' id='word_1_75' title='bbox 1607 1064 1664 1112; x_wconf 92' lang='grc' dir='ltr'>τὸ</span> <span class='ocrx_word' id='word_1_76' title='bbox 1694 1063 1857 1112; x_wconf 85' lang='grc' dir='ltr'>ποσὸν</span> 
     </span>
    </p>
   </div>
   <div class='ocr_carea' id='block_1_13' title="bbox 263 1150 728 1225">
    <p class='ocr_par' dir='ltr' id='par_1_13' title="bbox 263 1150 728 1225">
     <span class='ocr_line' id='line_1_13' title="bbox 263 1150 728 1225; baseline 0 -22"><span class='ocrx_word' id='word_1_77' title='bbox 263 1160 410 1224; x_wconf 70' lang='grc' dir='ltr'>γοῦν,</span> <span class='ocrx_word' id='word_1_78' title='bbox 442 1150 728 1225; x_wconf 76' lang='grc' dir='ltr'>ἐπικουρία.</span> 
     </span>
    </p>
   </div>
   <div class='ocr_carea' id='block_1_14' title="bbox 331 1322 1862 1400">
    <p class='ocr_par' dir='ltr' id='par_1_14' title="bbox 331 1322 1862 1400">
     <span class='ocr_line' id='line_1_14' title="bbox 331 1322 1862 1400; baseline -0.005 -20"><span class='ocrx_word' id='word_1_79' title='bbox 331 1329 383 1380; x_wconf 83' lang='grc'><strong>2.</strong></span> <span class='ocrx_word' id='word_1_80' title='bbox 426 1328 558 1378; x_wconf 78' lang='grc' dir='ltr'>Οὔτε</span> <span class='ocrx_word' id='word_1_81' title='bbox 599 1329 698 1400; x_wconf 77' lang='grc' dir='ltr'><strong>γὰρ</strong></span> <span class='ocrx_word' id='word_1_82' title='bbox 748 1327 1054 1400; x_wconf 74' lang='grc' dir='ltr'>αὐτομάτως</span> <span class='ocrx_word' id='word_1_83' title='bbox 1104 1327 1163 1379; x_wconf 84' lang='grc' dir='ltr'>ἐκ</span> <span class='ocrx_word' id='word_1_84' title='bbox 1209 1335 1306 1388; x_wconf 79' lang='grc' dir='ltr'>τῆς</span> <span class='ocrx_word' id='word_1_85' title='bbox 1333 1334 1428 1398; x_wconf 72' lang='grc' dir='ltr'><strong>γῆς</strong></span> <span class='ocrx_word' id='word_1_86' title='bbox 1453 1325 1781 1383; x_wconf 79' lang='grc' dir='ltr'>ἐϐλάστησαν</span> <span class='ocrx_word' id='word_1_87' title='bbox 1807 1322 1862 1374; x_wconf 77' lang='grc' dir='ltr'>αἱ</span> 
     </span>
    </p>
   </div>
   <div class='ocr_carea' id='block_1_15' title="bbox 263 1412 1863 1488">
    <p class='ocr_par' dir='ltr' id='par_1_15' title="bbox 263 1412 1863 1488">
     <span class='ocr_line' id='line_1_15' title="bbox 263 1412 1863 1488; baseline -0.001 -23"><span class='ocrx_word' id='word_1_88' title='bbox 263 1412 504 1486; x_wconf 81' lang='grc' dir='ltr'>βοτάναι,</span> <span class='ocrx_word' id='word_1_89' title='bbox 545 1417 600 1466; x_wconf 80' lang='grc' dir='ltr'>αἱ</span> <span class='ocrx_word' id='word_1_90' title='bbox 640 1419 773 1488; x_wconf 84' lang='grc' dir='ltr'>πρὸς</span> <span class='ocrx_word' id='word_1_91' title='bbox 818 1417 1036 1488; x_wconf 80' lang='grc' dir='ltr'>ἕκαστον</span> <span class='ocrx_word' id='word_1_92' title='bbox 1083 1424 1185 1468; x_wconf 87' lang='grc' dir='ltr'>τῶν</span> <span class='ocrx_word' id='word_1_93' title='bbox 1236 1418 1415 1468; x_wconf 82' lang='grc' dir='ltr'>παθῶν</span> <span class='ocrx_word' id='word_1_94' title='bbox 1465 1415 1664 1475; x_wconf 80' lang='grc' dir='ltr'><strong>οἰκείως</strong></span> <span class='ocrx_word' id='word_1_95' title='bbox 1710 1416 1863 1484; x_wconf 78' lang='grc' dir='ltr'>ἔχου-</span> 
     </span>
    </p>
   </div>
   <div class='ocr_carea' id='block_1_16' title="bbox 263 1485 1863 1576">
    <p class='ocr_par' dir='ltr' id='par_1_16' title="bbox 263 1499 1863 1576">
     <span class='ocr_line' id='line_1_16' title="bbox 263 1499 1863 1576; baseline -0.002 -22"><span class='ocrx_word' id='word_1_96' title='bbox 263 1521 390 1554; x_wconf 88' lang='grc' dir='ltr'>σαι·</span> <span class='ocrx_word' id='word_1_97' title='bbox 437 1501 585 1570; x_wconf 80' lang='grc' dir='ltr'>ἀλλὰ,</span> <span class='ocrx_word' id='word_1_98' title='bbox 633 1499 900 1568; x_wconf 71' lang='grc' dir='ltr'>δηλονότι,</span> <span class='ocrx_word' id='word_1_99' title='bbox 952 1511 1024 1556; x_wconf 79' lang='grc' dir='ltr'>τῶ</span> <span class='ocrx_word' id='word_1_100' title='bbox 1057 1502 1355 1576; x_wconf 74' lang='grc' dir='ltr'>βουλήματι</span> <span class='ocrx_word' id='word_1_101' title='bbox 1395 1511 1486 1554; x_wconf 92' lang='grc' dir='ltr'><strong>τοῦ</strong></span> <span class='ocrx_word' id='word_1_102' title='bbox 1534 1500 1863 1575; x_wconf 72' lang='grc' dir='ltr'>δημιουργοῦ</span> 
     </span>
    </p>
   </div>
   <div class='ocr_carea' id='block_1_17' title="bbox 260 1591 1864 1667">
    <p class='ocr_par' dir='ltr' id='par_1_17' title="bbox 260 1591 1864 1667">
     <span class='ocr_line' id='line_1_17' title="bbox 260 1591 1864 1667; baseline -0.002 -22"><span class='ocrx_word' id='word_1_103' title='bbox 260 1596 387 1666; x_wconf 84' lang='grc' dir='ltr'>πρὸς</span> <span class='ocrx_word' id='word_1_104' title='bbox 433 1595 520 1644; x_wconf 84' lang='grc' dir='ltr'>τὸν</span> <span class='ocrx_word' id='word_1_105' title='bbox 572 1601 667 1654; x_wconf 79' lang='grc' dir='ltr'>τῆς</span> <span class='ocrx_word' id='word_1_106' title='bbox 725 1595 970 1667; x_wconf 72' lang='grc' dir='ltr'>ἡμετερας</span> <span class='ocrx_word' id='word_1_107' title='bbox 1023 1593 1264 1664; x_wconf 76' lang='grc' dir='ltr'>ὠφελείας</span> <span class='ocrx_word' id='word_1_108' title='bbox 1322 1597 1517 1644; x_wconf 83' lang='grc' dir='ltr'>σκοπὸν</span> <span class='ocrx_word' id='word_1_109' title='bbox 1571 1591 1864 1661; x_wconf 83' lang='grc' dir='ltr'>ἐξηνέχθη-</span> 
     </span>
    </p>
   </div>
   <div class='ocr_carea' id='block_1_18' title="bbox 267 1677 1860 1755">
    <p class='ocr_par' dir='ltr' id='par_1_18' title="bbox 267 1677 1860 1755">
     <span class='ocr_line' id='line_1_18' title="bbox 267 1677 1860 1755; baseline -0.003 -23"><span class='ocrx_word' id='word_1_110' title='bbox 267 1699 381 1734; x_wconf 89' lang='grc' dir='ltr'>σαν.</span> <span class='ocrx_word' id='word_1_111' title='bbox 411 1680 468 1732; x_wconf 75' lang='grc' dir='ltr'><strong><em>Ἠ</em></strong></span> <span class='ocrx_word' id='word_1_112' title='bbox 512 1684 602 1752; x_wconf 73' lang='grc' dir='ltr'><strong>μεν</strong></span> <span class='ocrx_word' id='word_1_113' title='bbox 650 1677 738 1733; x_wconf 79' lang='grc' dir='ltr'><strong>οὖν</strong></span> <span class='ocrx_word' id='word_1_114' title='bbox 787 1681 835 1733; x_wconf 83' lang='grc' dir='ltr'>ἐν</span> <span class='ocrx_word' id='word_1_115' title='bbox 876 1689 994 1741; x_wconf 85' lang='grc' dir='ltr'>ταῖς</span> <span class='ocrx_word' id='word_1_116' title='bbox 1039 1682 1232 1755; x_wconf 80' lang='grc' dir='ltr'><strong>ῥίζαις,</strong></span> <span class='ocrx_word' id='word_1_117' title='bbox 1283 1687 1374 1734; x_wconf 84' lang='grc' dir='ltr'>καὶ</span> <span class='ocrx_word' id='word_1_118' title='bbox 1411 1690 1518 1740; x_wconf 86' lang='grc' dir='ltr'>τοῖς</span> <span class='ocrx_word' id='word_1_119' title='bbox 1562 1681 1790 1744; x_wconf 77' lang='grc' dir='ltr'>ἄνθεσιν,</span> <span class='ocrx_word' id='word_1_120' title='bbox 1832 1677 1860 1736; x_wconf 81' lang='grc' dir='ltr'><strong>ἣ</strong></span> 
     </span>
    </p>
   </div>
   <div class='ocr_carea' id='block_1_19' title="bbox 1959 521 3618 592">
    <p class='ocr_par' dir='ltr' id='par_1_19' title="bbox 1959 521 3618 592">
     <span class='ocr_line' id='line_1_19' title="bbox 1959 521 3618 592; baseline 0.002 -16"><span class='ocrx_word' id='word_1_121' title='bbox 1959 521 2218 576; x_wconf 86' lang='lat' dir='ltr'><strong>colenda</strong></span> <span class='ocrx_word' id='word_1_122' title='bbox 2243 527 2421 589; x_wconf 87' lang='lat' dir='ltr'><strong>terra,</strong></span> <span class='ocrx_word' id='word_1_123' title='bbox 2450 521 2530 575; x_wconf 90' lang='lat' dir='ltr'><strong>ad</strong></span> <span class='ocrx_word' id='word_1_124' title='bbox 2571 521 2852 578; x_wconf 82' lang='lat' dir='ltr'><strong>lenienda</strong></span> <span class='ocrx_word' id='word_1_125' title='bbox 2897 525 3032 592; x_wconf 89' lang='lat' dir='ltr'><strong>ejus</strong></span> <span class='ocrx_word' id='word_1_126' title='bbox 3068 525 3618 582; x_wconf 82' lang='lat' dir='ltr'><strong>exsecrationisin-</strong></span> 
     </span>
    </p>
   </div>
   <div class='ocr_carea' id='block_1_20' title="bbox 1959 609 3620 683">
    <p class='ocr_par' dir='ltr' id='par_1_20' title="bbox 1959 609 3620 683">
     <span class='ocr_line' id='line_1_20' title="bbox 1959 609 3620 683; baseline 0.001 -17"><span class='ocrx_word' id='word_1_127' title='bbox 1959 610 2289 666; x_wconf 87' lang='lat' dir='ltr'><strong>commoda</strong></span> <span class='ocrx_word' id='word_1_128' title='bbox 2318 616 2508 665; x_wconf 89' lang='lat' dir='ltr'><strong>artem</strong></span> <span class='ocrx_word' id='word_1_129' title='bbox 2537 609 2918 678; x_wconf 68' lang='lat' dir='ltr'><strong>agriculturae</strong></span> <span class='ocrx_word' id='word_1_130' title='bbox 2939 611 3270 683; x_wconf 73' lang='lat' dir='ltr'><strong>effecimus,</strong></span> <span class='ocrx_word' id='word_1_131' title='bbox 3296 617 3416 670; x_wconf 89' lang='lat' dir='ltr'><strong>Deo</strong></span> <span class='ocrx_word' id='word_1_132' title='bbox 3439 613 3620 670; x_wconf 82' lang='lat' dir='ltr'><strong>nobis</strong></span> 
     </span>
    </p>
   </div>
   <div class='ocr_carea' id='block_1_21' title="bbox 1960 699 3624 775">
    <p class='ocr_par' dir='ltr' id='par_1_21' title="bbox 1960 699 3624 775">
     <span class='ocr_line' id='line_1_21' title="bbox 1960 699 3624 775; baseline 0.003 -21"><span class='ocrx_word' id='word_1_133' title='bbox 1960 701 2091 770; x_wconf 86' lang='lat' dir='ltr'><strong>ejus</strong></span> <span class='ocrx_word' id='word_1_134' title='bbox 2116 700 2259 754; x_wconf 87' lang='lat' dir='ltr'><strong>artis</strong></span> <span class='ocrx_word' id='word_1_135' title='bbox 2281 699 2736 765; x_wconf 75' lang='lat' dir='ltr'><strong>intelligentiam</strong></span> <span class='ocrx_word' id='word_1_136' title='bbox 2757 703 2941 771; x_wconf 88' lang='lat' dir='ltr'><strong>atque</strong></span> <span class='ocrx_word' id='word_1_137' title='bbox 2962 702 3369 770; x_wconf 81' lang='lat' dir='ltr'><strong>cognitionem</strong></span> <span class='ocrx_word' id='word_1_138' title='bbox 3395 705 3624 775; x_wconf 81' lang='lat' dir='ltr'><strong>imper-</strong></span> 
     </span>
    </p>
   </div>
   <div class='ocr_carea' id='block_1_22' title="bbox 1958 788 3629 860">
    <p class='ocr_par' dir='ltr' id='par_1_22' title="bbox 1958 788 3629 860">
     <span class='ocr_line' id='line_1_22' title="bbox 1958 788 3629 860; baseline 0 -14"><span class='ocrx_word' id='word_1_139' title='bbox 1958 791 2141 846; x_wconf 89' lang='lat' dir='ltr'><strong>tiente</strong></span> <span class='ocrx_word' id='word_1_140' title='bbox 2171 805 2183 843; x_wconf 90' lang='lat'><strong>:</strong></span> <span class='ocrx_word' id='word_1_141' title='bbox 2219 788 2306 844; x_wconf 89' lang='lat' dir='ltr'><strong>sic</strong></span> <span class='ocrx_word' id='word_1_142' title='bbox 2336 805 2582 860; x_wconf 88' lang='lat' dir='ltr'><strong>quoque</strong></span> <span class='ocrx_word' id='word_1_143' title='bbox 2614 788 2718 844; x_wconf 90' lang='lat' dir='ltr'><strong>ubi</strong></span> <span class='ocrx_word' id='word_1_144' title='bbox 2748 788 2808 844; x_wconf 92' lang='lat' dir='ltr'><strong>in</strong></span> <span class='ocrx_word' id='word_1_145' title='bbox 2849 795 3090 854; x_wconf 89' lang='lat' dir='ltr'><strong>terram,</strong></span> <span class='ocrx_word' id='word_1_146' title='bbox 3123 791 3286 846; x_wconf 90' lang='lat' dir='ltr'><strong>unde</strong></span> <span class='ocrx_word' id='word_1_147' title='bbox 3315 793 3629 848; x_wconf 81' lang='lat' dir='ltr'><strong>fueramus</strong></span> 
     </span>
    </p>
   </div>
   <div class='ocr_carea' id='block_1_23' title="bbox 1962 878 3625 949">
    <p class='ocr_par' dir='ltr' id='par_1_23' title="bbox 1962 878 3625 949">
     <span class='ocr_line' id='line_1_23' title="bbox 1962 878 3625 949; baseline 0.002 -16"><span class='ocrx_word' id='word_1_148' title='bbox 1962 878 2284 949; x_wconf 82' lang='lat' dir='ltr'><strong>assumpti,</strong></span> <span class='ocrx_word' id='word_1_149' title='bbox 2317 878 2520 933; x_wconf 88' lang='lat' dir='ltr'><strong>denuo</strong></span> <span class='ocrx_word' id='word_1_150' title='bbox 2550 879 2764 934; x_wconf 85' lang='lat' dir='ltr'><strong>reverti</strong></span> <span class='ocrx_word' id='word_1_151' title='bbox 2791 879 2946 948; x_wconf 85' lang='lat' dir='ltr'><strong>jussi</strong></span> <span class='ocrx_word' id='word_1_152' title='bbox 2979 896 3217 947; x_wconf 89' lang='lat' dir='ltr'><strong>sumus,</strong></span> <span class='ocrx_word' id='word_1_153' title='bbox 3248 885 3307 936; x_wconf 90' lang='lat' dir='ltr'><strong>et</strong></span> <span class='ocrx_word' id='word_1_154' title='bbox 3329 880 3410 936; x_wconf 83' lang='lat' dir='ltr'><strong>ad</strong></span> <span class='ocrx_word' id='word_1_155' title='bbox 3439 879 3625 936; x_wconf 88' lang='lat' dir='ltr'><strong>mole-</strong></span> 
     </span>
    </p>
   </div>
   <div class='ocr_carea' id='block_1_24' title="bbox 1966 967 3630 1038">
    <p class='ocr_par' dir='ltr' id='par_1_24' title="bbox 1966 967 3630 1038">
     <span class='ocr_line' id='line_1_24' title="bbox 1966 967 3630 1038; baseline 0.002 -16"><span class='ocrx_word' id='word_1_156' title='bbox 1966 973 2123 1023; x_wconf 87' lang='lat' dir='ltr'><strong>stam</strong></span> <span class='ocrx_word' id='word_1_157' title='bbox 2153 982 2400 1023; x_wconf 86' lang='lat' dir='ltr'><strong>carnem</strong></span> <span class='ocrx_word' id='word_1_158' title='bbox 2431 968 2607 1023; x_wconf 87' lang='lat' dir='ltr'><strong>morti</strong></span> <span class='ocrx_word' id='word_1_159' title='bbox 2636 967 2718 1022; x_wconf 91' lang='lat' dir='ltr'><strong>ob</strong></span> <span class='ocrx_word' id='word_1_160' title='bbox 2747 974 3068 1038; x_wconf 89' lang='lat' dir='ltr'><strong>peccatum</strong></span> <span class='ocrx_word' id='word_1_161' title='bbox 3086 968 3416 1035; x_wconf 82' lang='lat' dir='ltr'><strong>addictam,</strong></span> <span class='ocrx_word' id='word_1_162' title='bbox 3440 970 3520 1025; x_wconf 88' lang='lat' dir='ltr'><strong>ob</strong></span> <span class='ocrx_word' id='word_1_163' title='bbox 3538 970 3630 1026; x_wconf 63' lang='lat' dir='ltr'><strong>id*</strong></span> 
     </span>
    </p>
   </div>
   <div class='ocr_carea' id='block_1_25' title="bbox 1963 1055 3631 1128">
    <p class='ocr_par' dir='ltr' id='par_1_25' title="bbox 1963 1055 3631 1128">
     <span class='ocr_line' id='line_1_25' title="bbox 1963 1055 3631 1128; baseline 0.002 -18"><span class='ocrx_word' id='word_1_164' title='bbox 1963 1072 2088 1128; x_wconf 89' lang='lat' dir='ltr'><strong>que</strong></span> <span class='ocrx_word' id='word_1_165' title='bbox 2112 1055 2209 1110; x_wconf 87' lang='lat' dir='ltr'><strong>his</strong></span> <span class='ocrx_word' id='word_1_166' title='bbox 2241 1055 2472 1110; x_wconf 86' lang='lat' dir='ltr'><strong>morbis</strong></span> <span class='ocrx_word' id='word_1_167' title='bbox 2503 1055 3075 1126; x_wconf 85' lang='lat' dir='ltr'><strong>subjectam,juncti</strong></span> <span class='ocrx_word' id='word_1_168' title='bbox 3104 1057 3631 1126; x_wconf 85' lang='lat' dir='ltr'><strong>sumus,oblatum</strong></span> 
     </span>
    </p>
   </div>
   <div class='ocr_carea' id='block_1_26' title="bbox 1967 1143 3631 1217">
    <p class='ocr_par' dir='ltr' id='par_1_26' title="bbox 1967 1143 3631 1217">
     <span class='ocr_line' id='line_1_26' title="bbox 1967 1143 3631 1217; baseline -0.001 -15"><span class='ocrx_word' id='word_1_169' title='bbox 1967 1151 2060 1202; x_wconf 87' lang='lat' dir='ltr'><strong>est</strong></span> <span class='ocrx_word' id='word_1_170' title='bbox 2088 1145 2266 1201; x_wconf 89' lang='lat' dir='ltr'><strong>nobis</strong></span> <span class='ocrx_word' id='word_1_171' title='bbox 2313 1143 2633 1202; x_wconf 78' lang='lat' dir='ltr'><strong>medicinae</strong></span> <span class='ocrx_word' id='word_1_172' title='bbox 2671 1145 2855 1200; x_wconf 88' lang='lat' dir='ltr'><strong>etiam</strong></span> <span class='ocrx_word' id='word_1_173' title='bbox 2905 1145 3220 1213; x_wconf 83' lang='lat' dir='ltr'><strong>auxilium,</strong></span> <span class='ocrx_word' id='word_1_174' title='bbox 3263 1161 3386 1217; x_wconf 90' lang='lat' dir='ltr'><strong>quo</strong></span> <span class='ocrx_word' id='word_1_175' title='bbox 3415 1145 3631 1202; x_wconf 81' lang='lat' dir='ltr'><strong>saltem</strong></span> 
     </span>
    </p>
   </div>
   <div class='ocr_carea' id='block_1_27' title="bbox 1968 1233 3212 1306">
    <p class='ocr_par' dir='ltr' id='par_1_27' title="bbox 1968 1233 3212 1306">
     <span class='ocr_line' id='line_1_27' title="bbox 1968 1233 3212 1306; baseline 0 -16"><span class='ocrx_word' id='word_1_176' title='bbox 1968 1233 2419 1306; x_wconf 86' lang='lat' dir='ltr'><strong>aliquantulum</strong></span> <span class='ocrx_word' id='word_1_177' title='bbox 2450 1238 2814 1304; x_wconf 71' lang='lat' dir='ltr'><strong>aegrotantes</strong></span> <span class='ocrx_word' id='word_1_178' title='bbox 2843 1233 3212 1291; x_wconf 91' lang='lat' dir='ltr'><strong>levarentur.</strong></span> 
     </span>
    </p>
   </div>
   <div class='ocr_carea' id='block_1_28' title="bbox 2039 1323 3637 1394">
    <p class='ocr_par' dir='ltr' id='par_1_28' title="bbox 2039 1323 3637 1394">
     <span class='ocr_line' id='line_1_28' title="bbox 2039 1323 3637 1394; baseline 0.001 -16"><span class='ocrx_word' id='word_1_179' title='bbox 2039 1329 2094 1378; x_wconf 85' lang='lat'><strong>2.</strong></span> <span class='ocrx_word' id='word_1_180' title='bbox 2125 1326 2330 1394; x_wconf 84' lang='lat' dir='ltr'><strong>Neque</strong></span> <span class='ocrx_word' id='word_1_181' title='bbox 2360 1323 2524 1378; x_wconf 90' lang='lat' dir='ltr'><strong>enim</strong></span> <span class='ocrx_word' id='word_1_182' title='bbox 2555 1323 2798 1378; x_wconf 87' lang='lat' dir='ltr'><strong>fortuito</strong></span> <span class='ocrx_word' id='word_1_183' title='bbox 2831 1338 2904 1378; x_wconf 85' lang='lat' dir='ltr'><strong>ex</strong></span> <span class='ocrx_word' id='word_1_184' title='bbox 2935 1327 3092 1380; x_wconf 85' lang='lat' dir='ltr'><strong>terra</strong></span> <span class='ocrx_word' id='word_1_185' title='bbox 3124 1323 3304 1394; x_wconf 79' lang='lat'><strong>398</strong></span> <span class='ocrx_word' id='word_1_186' title='bbox 3335 1325 3637 1394; x_wconf 82' lang='lat' dir='ltr'><strong>germina-</strong></span> 
     </span>
    </p>
   </div>
   <div class='ocr_carea' id='block_1_29' title="bbox 1969 1410 3635 1482">
    <p class='ocr_par' dir='ltr' id='par_1_29' title="bbox 1969 1410 3635 1482">
     <span class='ocr_line' id='line_1_29' title="bbox 1969 1410 3635 1482; baseline 0.001 -16"><span class='ocrx_word' id='word_1_187' title='bbox 1969 1417 2184 1467; x_wconf 91' lang='lat' dir='ltr'><strong>verunt</strong></span> <span class='ocrx_word' id='word_1_188' title='bbox 2212 1411 2439 1476; x_wconf 81' lang='lat' dir='ltr'><strong>herbae,</strong></span> <span class='ocrx_word' id='word_1_189' title='bbox 2471 1426 2610 1482; x_wconf 73' lang='lat' dir='ltr'><strong>quae</strong></span> <span class='ocrx_word' id='word_1_190' title='bbox 2659 1410 2739 1467; x_wconf 85' lang='lat' dir='ltr'><strong>ad</strong></span> <span class='ocrx_word' id='word_1_191' title='bbox 2795 1411 3072 1480; x_wconf 89' lang='lat' dir='ltr'><strong>singulos</strong></span> <span class='ocrx_word' id='word_1_192' title='bbox 3112 1412 3364 1468; x_wconf 82' lang='lat' dir='ltr'><strong>morbos</strong></span> <span class='ocrx_word' id='word_1_193' title='bbox 3391 1426 3635 1468; x_wconf 66' lang='lat' dir='ltr'><strong>accomo</strong></span> 
     </span>
    </p>
   </div>
   <div class='ocr_carea' id='block_1_30' title="bbox 1971 1494 3641 1571">
    <p class='ocr_par' dir='ltr' id='par_1_30' title="bbox 1971 1494 3641 1571">
     <span class='ocr_line' id='line_1_30' title="bbox 1971 1494 3641 1571; baseline -0.001 -14"><span class='ocrx_word' id='word_1_194' title='bbox 1971 1500 2236 1557; x_wconf 82' lang='lat' dir='ltr'><strong>modatae</strong></span> <span class='ocrx_word' id='word_1_195' title='bbox 2268 1494 2409 1556; x_wconf 81' lang='lat' dir='ltr'><strong>sunt</strong></span> <span class='ocrx_word' id='word_1_196' title='bbox 2441 1517 2454 1555; x_wconf 90' lang='lat'><strong>:</strong></span> <span class='ocrx_word' id='word_1_197' title='bbox 2488 1501 2612 1556; x_wconf 90' lang='lat' dir='ltr'><strong>imo</strong></span> <span class='ocrx_word' id='word_1_198' title='bbox 2656 1504 2816 1557; x_wconf 88' lang='lat' dir='ltr'><strong>certe</strong></span> <span class='ocrx_word' id='word_1_199' title='bbox 2842 1499 3150 1571; x_wconf 66' lang='lat' dir='ltr'><strong>productae</strong></span> <span class='ocrx_word' id='word_1_200' title='bbox 3195 1505 3337 1556; x_wconf 91' lang='lat' dir='ltr'><strong>sunt</strong></span> <span class='ocrx_word' id='word_1_201' title='bbox 3377 1516 3452 1555; x_wconf 84' lang='lat' dir='ltr'><strong>ex</strong></span> <span class='ocrx_word' id='word_1_202' title='bbox 3491 1515 3641 1556; x_wconf 84' lang='lat' dir='ltr'><strong>con-</strong></span> 
     </span>
    </p>
   </div>
   <div class='ocr_carea' id='block_1_31' title="bbox 1971 1588 3630 1655">
    <p class='ocr_par' dir='ltr' id='par_1_31' title="bbox 1971 1588 3630 1655">
     <span class='ocr_line' id='line_1_31' title="bbox 1971 1588 3630 1655; baseline -0.002 -9"><span class='ocrx_word' id='word_1_203' title='bbox 1971 1590 2183 1646; x_wconf 88' lang='lat' dir='ltr'><strong>ditoris</strong></span> <span class='ocrx_word' id='word_1_204' title='bbox 2215 1589 2542 1655; x_wconf 79' lang='lat' dir='ltr'><strong>voluntate,</strong></span> <span class='ocrx_word' id='word_1_205' title='bbox 2576 1589 2917 1646; x_wconf 86' lang='lat' dir='ltr'><strong>commodis</strong></span> <span class='ocrx_word' id='word_1_206' title='bbox 2959 1589 3186 1645; x_wconf 87' lang='lat' dir='ltr'><strong>nostris</strong></span> <span class='ocrx_word' id='word_1_207' title='bbox 3228 1588 3630 1644; x_wconf 69' lang='lat' dir='ltr'><strong>inserviturae.</strong></span> 
     </span>
    </p>
   </div>
   <div class='ocr_carea' id='block_1_32' title="bbox 1977 1675 3647 1750">
    <p class='ocr_par' dir='ltr' id='par_1_32' title="bbox 1977 1675 3647 1750">
     <span class='ocr_line' id='line_1_32' title="bbox 1977 1675 3647 1750; baseline -0.001 -16"><span class='ocrx_word' id='word_1_208' title='bbox 1977 1678 2384 1744; x_wconf 84' lang='lat' dir='ltr'><strong>Quamobrem</strong></span> <span class='ocrx_word' id='word_1_209' title='bbox 2419 1694 2490 1733; x_wconf 90' lang='lat' dir='ltr'><strong>ea</strong></span> <span class='ocrx_word' id='word_1_210' title='bbox 2511 1678 2756 1750; x_wconf 88' lang='lat' dir='ltr'><strong>quidem</strong></span> <span class='ocrx_word' id='word_1_211' title='bbox 2782 1677 3080 1734; x_wconf 76' lang='lat' dir='ltr'><strong>naturalis</strong></span> <span class='ocrx_word' id='word_1_212' title='bbox 3107 1677 3220 1745; x_wconf 87' lang='lat' dir='ltr'><strong>vis,</strong></span> <span class='ocrx_word' id='word_1_213' title='bbox 3249 1692 3388 1749; x_wconf 68' lang='lat' dir='ltr'><strong>quas</strong></span> <span class='ocrx_word' id='word_1_214' title='bbox 3407 1677 3468 1732; x_wconf 91' lang='lat' dir='ltr'><strong>in</strong></span> <span class='ocrx_word' id='word_1_215' title='bbox 3490 1675 3647 1732; x_wconf 71' lang='lat' dir='ltr'><strong>radi-</strong></span> 
     </span>
    </p>
   </div>
   <div class='ocr_carea' id='block_1_33' title="bbox 266 1765 1876 1844">
    <p class='ocr_par' dir='ltr' id='par_1_33' title="bbox 266 1767 1870 1844">
     <span class='ocr_line' id='line_1_33' title="bbox 266 1767 1870 1844; baseline -0.002 -23"><span class='ocrx_word' id='word_1_216' title='bbox 266 1769 488 1842; x_wconf 77' lang='grc' dir='ltr'>φύλλοις,</span> <span class='ocrx_word' id='word_1_217' title='bbox 545 1770 573 1828; x_wconf 74' lang='grc' dir='ltr'><em>ἣ</em></span> <span class='ocrx_word' id='word_1_218' title='bbox 625 1778 866 1844; x_wconf 83' lang='grc' dir='ltr'>καρποῖς,</span> <span class='ocrx_word' id='word_1_219' title='bbox 930 1771 956 1827; x_wconf 69' lang='grc' dir='ltr'>ᾖ</span> <span class='ocrx_word' id='word_1_220' title='bbox 1011 1769 1156 1832; x_wconf 80' lang='grc' dir='ltr'>ὀποίς</span> <span class='ocrx_word' id='word_1_221' title='bbox 1198 1773 1374 1842; x_wconf 74' lang='grc' dir='ltr'>φύσις,</span> <span class='ocrx_word' id='word_1_222' title='bbox 1410 1771 1438 1829; x_wconf 76' lang='grc' dir='ltr'><em>ἡ</em></span> <span class='ocrx_word' id='word_1_223' title='bbox 1491 1772 1590 1823; x_wconf 82' lang='grc' dir='ltr'>ὅσα</span> <span class='ocrx_word' id='word_1_224' title='bbox 1631 1767 1732 1821; x_wconf 79' lang='grc' dir='ltr'>ἀπὸ</span> <span class='ocrx_word' id='word_1_225' title='bbox 1783 1785 1870 1839; x_wconf 87' lang='grc' dir='ltr'>με·</span> 
     </span>
    </p>
   </div>
   <div class='ocr_carea' id='block_1_34' title="bbox 1991 1765 3642 1844">
    <p class='ocr_par' dir='ltr' id='par_1_34' title="bbox 1991 1765 3642 1834">
     <span class='ocr_line' id='line_1_34' title="bbox 1991 1765 3642 1834; baseline -0.002 -11"><span class='ocrx_word' id='word_1_226' title='bbox 1991 1768 2150 1824; x_wconf 68' lang='lat' dir='ltr'><strong>sibus</strong></span> <span class='ocrx_word' id='word_1_227' title='bbox 2171 1768 2341 1830; x_wconf 86' lang='lat' dir='ltr'><strong>inest,</strong></span> <span class='ocrx_word' id='word_1_228' title='bbox 2372 1773 2429 1822; x_wconf 84' lang='lat' dir='ltr'><strong>et</strong></span> <span class='ocrx_word' id='word_1_229' title='bbox 2455 1767 2515 1823; x_wconf 91' lang='lat' dir='ltr'><strong>in</strong></span> <span class='ocrx_word' id='word_1_230' title='bbox 2539 1767 2812 1834; x_wconf 88' lang='lat' dir='ltr'><strong>ﬂoribus,</strong></span> <span class='ocrx_word' id='word_1_231' title='bbox 2835 1771 2941 1824; x_wconf 89' lang='lat' dir='ltr'><strong>aut</strong></span> <span class='ocrx_word' id='word_1_232' title='bbox 2977 1766 3160 1833; x_wconf 80' lang='lat' dir='ltr'><strong>foliis,</strong></span> <span class='ocrx_word' id='word_1_233' title='bbox 3194 1771 3299 1823; x_wconf 87' lang='lat' dir='ltr'><strong>aut</strong></span> <span class='ocrx_word' id='word_1_234' title='bbox 3322 1765 3642 1833; x_wconf 85' lang='lat' dir='ltr'><strong>fructibus,</strong></span> 
     </span>
    </p>
   </div>
   <div class='ocr_carea' id='block_1_35' title="bbox 266 1857 1871 1932">
    <p class='ocr_par' dir='ltr' id='par_1_35' title="bbox 266 1857 1871 1932">
     <span class='ocr_line' id='line_1_35' title="bbox 266 1857 1871 1932; baseline -0.002 -22"><span class='ocrx_word' id='word_1_235' title='bbox 266 1857 480 1924; x_wconf 86' lang='grc' dir='ltr'>τάλλων,</span> <span class='ocrx_word' id='word_1_236' title='bbox 524 1859 553 1916; x_wconf 78' lang='grc' dir='ltr'><strong>ἣ</strong></span> <span class='ocrx_word' id='word_1_237' title='bbox 606 1861 708 1911; x_wconf 86' lang='grc' dir='ltr'>ὅσα</span> <span class='ocrx_word' id='word_1_238' title='bbox 753 1859 809 1911; x_wconf 80' lang='grc' dir='ltr'>ἐκ</span> <span class='ocrx_word' id='word_1_239' title='bbox 853 1868 951 1920; x_wconf 76' lang='grc' dir='ltr'>τῆς</span> <span class='ocrx_word' id='word_1_240' title='bbox 999 1858 1270 1921; x_wconf 79' lang='grc' dir='ltr'>θαλάσσης</span> <span class='ocrx_word' id='word_1_241' title='bbox 1318 1863 1432 1931; x_wconf 82' lang='grc'><strong>(18)</strong></span> <span class='ocrx_word' id='word_1_242' title='bbox 1477 1862 1602 1932; x_wconf 84' lang='grc' dir='ltr'>πρὸς</span> <span class='ocrx_word' id='word_1_243' title='bbox 1641 1861 1734 1916; x_wconf 82' lang='grc' dir='ltr'>τὴν</span> <span class='ocrx_word' id='word_1_244' title='bbox 1774 1864 1871 1915; x_wconf 76' lang='grc' dir='ltr'>τῆς</span> 
     </span>
    </p>
   </div>
   <div class='ocr_carea' id='block_1_36' title="bbox 271 1947 1874 2022">
    <p class='ocr_par' dir='ltr' id='par_1_36' title="bbox 271 1947 1874 2022">
     <span class='ocr_line' id='line_1_36' title="bbox 271 1947 1874 2022; baseline -0.002 -22"><span class='ocrx_word' id='word_1_245' title='bbox 271 1951 465 2021; x_wconf 87' lang='grc' dir='ltr'>σαρκὸς</span> <span class='ocrx_word' id='word_1_246' title='bbox 530 1948 772 2020; x_wconf 79' lang='grc' dir='ltr'>ὠφέλειαν</span> <span class='ocrx_word' id='word_1_247' title='bbox 837 1947 1036 2008; x_wconf 80' lang='grc' dir='ltr'><strong>οἰκείως</strong></span> <span class='ocrx_word' id='word_1_248' title='bbox 1104 1951 1244 2019; x_wconf 75' lang='grc' dir='ltr'>ἔχειν</span> <span class='ocrx_word' id='word_1_249' title='bbox 1315 1949 1587 2022; x_wconf 79' lang='grc' dir='ltr'>ἐξεύρηται</span> <span class='ocrx_word' id='word_1_250' title='bbox 1621 1989 1634 2014; x_wconf 94' lang='grc'><strong>,</strong></span> <span class='ocrx_word' id='word_1_251' title='bbox 1716 1947 1874 2018; x_wconf 84' lang='grc' dir='ltr'>ὅμοιά</span> 
     </span>
    </p>
   </div>
   <div class='ocr_carea' id='block_1_37' title="bbox 271 2035 1870 2111">
    <p class='ocr_par' dir='ltr' id='par_1_37' title="bbox 271 2035 1870 2111">
     <span class='ocr_line' id='line_1_37' title="bbox 271 2035 1870 2111; baseline -0.001 -23"><span class='ocrx_word' id='word_1_252' title='bbox 271 2035 382 2090; x_wconf 79' lang='grc' dir='ltr'>ἐστι</span> <span class='ocrx_word' id='word_1_253' title='bbox 443 2047 534 2097; x_wconf 76' lang='grc' dir='ltr'>τῆς</span> <span class='ocrx_word' id='word_1_254' title='bbox 591 2046 688 2089; x_wconf 83' lang='grc' dir='ltr'>τῶν</span> <span class='ocrx_word' id='word_1_255' title='bbox 738 2036 1046 2109; x_wconf 78' lang='grc' dir='ltr'>ἐσθιομένων</span> <span class='ocrx_word' id='word_1_256' title='bbox 1112 2044 1201 2090; x_wconf 82' lang='grc' dir='ltr'>καὶ</span> <span class='ocrx_word' id='word_1_257' title='bbox 1255 2042 1537 2111; x_wconf 82' lang='grc' dir='ltr'>πινομένων</span> <span class='ocrx_word' id='word_1_258' title='bbox 1587 2039 1870 2110; x_wconf 79' lang='grc' dir='ltr'>εῦρέσεως’</span> 
     </span>
    </p>
   </div>
   <div class='ocr_carea' id='block_1_38' title="bbox 271 2123 1874 2201">
    <p class='ocr_par' dir='ltr' id='par_1_38' title="bbox 271 2123 1874 2201">
     <span class='ocr_line' id='line_1_38' title="bbox 271 2123 1874 2201; baseline -0.001 -25"><span class='ocrx_word' id='word_1_259' title='bbox 271 2129 326 2178; x_wconf 85' lang='grc' dir='ltr'>τὸ</span> <span class='ocrx_word' id='word_1_260' title='bbox 381 2123 441 2180; x_wconf 75' lang='grc' dir='ltr'><strong>δὲ</strong></span> <span class='ocrx_word' id='word_1_261' title='bbox 493 2130 910 2200; x_wconf 86' lang='grc' dir='ltr'>περινενοημένον</span> <span class='ocrx_word' id='word_1_262' title='bbox 952 2131 1041 2179; x_wconf 80' lang='grc' dir='ltr'>καὶ</span> <span class='ocrx_word' id='word_1_263' title='bbox 1087 2132 1360 2201; x_wconf 77' lang='grc' dir='ltr'>περίεργον</span> <span class='ocrx_word' id='word_1_264' title='bbox 1392 2169 1405 2193; x_wconf 84' lang='grc'><strong>,</strong></span> <span class='ocrx_word' id='word_1_265' title='bbox 1466 2132 1556 2180; x_wconf 80' lang='grc' dir='ltr'>καὶ</span> <span class='ocrx_word' id='word_1_266' title='bbox 1618 2123 1874 2196; x_wconf 75' lang='grc' dir='ltr'>ἀσχολίαν</span> 
     </span>
    </p>
   </div>
   <div class='ocr_carea' id='block_1_39' title="bbox 269 2213 1876 2287">
    <p class='ocr_par' dir='ltr' id='par_1_39' title="bbox 269 2213 1876 2287">
     <span class='ocr_line' id='line_1_39' title="bbox 269 2213 1876 2287; baseline -0.003 -20"><span class='ocrx_word' id='word_1_267' title='bbox 269 2215 458 2273; x_wconf 79' lang='grc' dir='ltr'>πολλὴν</span> <span class='ocrx_word' id='word_1_268' title='bbox 511 2213 778 2286; x_wconf 72' lang='grc' dir='ltr'>ἐμποιοῦν,</span> <span class='ocrx_word' id='word_1_269' title='bbox 836 2221 926 2267; x_wconf 78' lang='grc' dir='ltr'>καὶ</span> <span class='ocrx_word' id='word_1_270' title='bbox 976 2218 1128 2268; x_wconf 82' lang='grc' dir='ltr'>οἱονεὶ</span> <span class='ocrx_word' id='word_1_271' title='bbox 1168 2222 1344 2268; x_wconf 81' lang='grc' dir='ltr'>πᾶσαν</span> <span class='ocrx_word' id='word_1_272' title='bbox 1399 2218 1544 2287; x_wconf 77' lang='grc' dir='ltr'>ἡμων</span> <span class='ocrx_word' id='word_1_273' title='bbox 1591 2220 1686 2274; x_wconf 79' lang='grc' dir='ltr'>τὴν</span> <span class='ocrx_word' id='word_1_274' title='bbox 1737 2214 1876 2274; x_wconf 70' lang='grc' dir='ltr'>ζωὴν</span> 
     </span>
    </p>
   </div>
   <div class='ocr_carea' id='block_1_40' title="bbox 271 2304 1879 2379">
    <p class='ocr_par' dir='ltr' id='par_1_40' title="bbox 271 2304 1879 2379">
     <span class='ocr_line' id='line_1_40' title="bbox 271 2304 1879 2379; baseline 0.001 -22"><span class='ocrx_word' id='word_1_275' title='bbox 271 2304 342 2367; x_wconf 81' lang='grc' dir='ltr'>εὶς</span> <span class='ocrx_word' id='word_1_276' title='bbox 396 2309 491 2362; x_wconf 69' lang='grc' dir='ltr'>τὴν</span> <span class='ocrx_word' id='word_1_277' title='bbox 544 2312 639 2366; x_wconf 81' lang='grc' dir='ltr'>τῆς</span> <span class='ocrx_word' id='word_1_278' title='bbox 699 2309 888 2379; x_wconf 80' lang='grc' dir='ltr'>σαρκός</span> <span class='ocrx_word' id='word_1_279' title='bbox 929 2305 1216 2378; x_wconf 79' lang='grc' dir='ltr'>ἐπιμέλειαν</span> <span class='ocrx_word' id='word_1_280' title='bbox 1271 2309 1633 2378; x_wconf 78' lang='grc' dir='ltr'>περιστρέφον,</span> <span class='ocrx_word' id='word_1_281' title='bbox 1687 2323 1879 2378; x_wconf 85' lang='grc' dir='ltr'>παραι-</span> 
     </span>
    </p>
   </div>
   <div class='ocr_carea' id='block_1_41' title="bbox 268 2390 1878 2467">
    <p class='ocr_par' dir='ltr' id='par_1_41' title="bbox 268 2390 1878 2467">
     <span class='ocr_line' id='line_1_41' title="bbox 268 2390 1878 2467; baseline 0 -21"><span class='ocrx_word' id='word_1_282' title='bbox 268 2398 442 2451; x_wconf 77' lang='grc' dir='ltr'>τητέον</span> <span class='ocrx_word' id='word_1_283' title='bbox 499 2401 876 2467; x_wconf 84' lang='grc' dir='ltr'>Χριστιανοῑς·</span> <span class='ocrx_word' id='word_1_284' title='bbox 935 2399 1026 2445; x_wconf 86' lang='grc' dir='ltr'>καὶ</span> <span class='ocrx_word' id='word_1_285' title='bbox 1076 2390 1438 2447; x_wconf 76' lang='grc' dir='ltr'>σπουδαστέον</span> <span class='ocrx_word' id='word_1_286' title='bbox 1497 2395 1633 2446; x_wconf 76' lang='grc' dir='ltr'>οὕτω</span> <span class='ocrx_word' id='word_1_287' title='bbox 1672 2405 1878 2466; x_wconf 74' lang='grc' dir='ltr'>κεχρῆ-</span> 
     </span>
    </p>
   </div>
   <div class='ocr_carea' id='block_1_42' title="bbox 274 2479 1879 2556">
    <p class='ocr_par' dir='ltr' id='par_1_42' title="bbox 274 2479 1879 2556">
     <span class='ocr_line' id='line_1_42' title="bbox 274 2479 1879 2556; baseline -0.001 -20"><span class='ocrx_word' id='word_1_288' title='bbox 274 2485 399 2536; x_wconf 85' lang='grc' dir='ltr'>σθαι</span> <span class='ocrx_word' id='word_1_289' title='bbox 428 2491 489 2556; x_wconf 76' lang='grc' dir='ltr'>τῇ</span> <span class='ocrx_word' id='word_1_290' title='bbox 543 2487 728 2556; x_wconf 77' lang='grc' dir='ltr'>τέχνη,</span> <span class='ocrx_word' id='word_1_291' title='bbox 763 2487 932 2536; x_wconf 84' lang='grc' dir='ltr'>εἴποτε</span> <span class='ocrx_word' id='word_1_292' title='bbox 955 2479 1085 2550; x_wconf 79' lang='grc' dir='ltr'>δέοι,</span> <span class='ocrx_word' id='word_1_293' title='bbox 1121 2487 1188 2546; x_wconf 85' lang='grc' dir='ltr'>ὡς</span> <span class='ocrx_word' id='word_1_294' title='bbox 1227 2489 1298 2556; x_wconf 86' lang='grc' dir='ltr'>μὴ</span> <span class='ocrx_word' id='word_1_295' title='bbox 1334 2483 1381 2535; x_wconf 76' lang='grc' dir='ltr'>ἐν</span> <span class='ocrx_word' id='word_1_296' title='bbox 1409 2484 1540 2555; x_wconf 75' lang='grc' dir='ltr'>αὐτῇ</span> <span class='ocrx_word' id='word_1_297' title='bbox 1581 2488 1674 2542; x_wconf 81' lang='grc' dir='ltr'>τὴν</span> <span class='ocrx_word' id='word_1_298' title='bbox 1705 2491 1879 2536; x_wconf 75' lang='grc' dir='ltr'>πᾶσαν</span> 
     </span>
    </p>
   </div>
   <div class='ocr_carea' id='block_1_43' title="bbox 273 2571 1883 2643">
    <p class='ocr_par' dir='ltr' id='par_1_43' title="bbox 273 2571 1883 2643">
     <span class='ocr_line' id='line_1_43' title="bbox 273 2571 1883 2643; baseline -0.001 -17"><span class='ocrx_word' id='word_1_299' title='bbox 273 2573 444 2626; x_wconf 78' lang='grc' dir='ltr'>αἰτίαν</span> <span class='ocrx_word' id='word_1_300' title='bbox 493 2580 586 2629; x_wconf 83' lang='grc' dir='ltr'><strong>τοῦ</strong></span> <span class='ocrx_word' id='word_1_301' title='bbox 645 2574 896 2643; x_wconf 75' lang='grc' dir='ltr'>ὑγιαίνειν</span> <span class='ocrx_word' id='word_1_302' title='bbox 953 2575 981 2633; x_wconf 76' lang='grc' dir='ltr'>ἢ</span> <span class='ocrx_word' id='word_1_303' title='bbox 1045 2581 1213 2626; x_wconf 81' lang='grc' dir='ltr'>νοσεῖν</span> <span class='ocrx_word' id='word_1_304' title='bbox 1261 2575 1525 2641; x_wconf 89' lang='grc' dir='ltr'>τίθεσθαι,</span> <span class='ocrx_word' id='word_1_305' title='bbox 1563 2571 1668 2624; x_wconf 81' lang='grc' dir='ltr'>ἀλλ’</span> <span class='ocrx_word' id='word_1_306' title='bbox 1703 2575 1772 2634; x_wconf 82' lang='grc' dir='ltr'>ὡς</span> <span class='ocrx_word' id='word_1_307' title='bbox 1810 2573 1883 2634; x_wconf 79' lang='grc' dir='ltr'>εἰς</span> 
     </span>
    </p>
   </div>
   <div class='ocr_carea' id='block_1_44' title="bbox 275 2659 1881 2735">
    <p class='ocr_par' dir='ltr' id='par_1_44' title="bbox 275 2659 1881 2735">
     <span class='ocr_line' id='line_1_44' title="bbox 275 2659 1881 2735; baseline -0.002 -19"><span class='ocrx_word' id='word_1_308' title='bbox 275 2659 432 2726; x_wconf 76' lang='grc' dir='ltr'>δόξαν</span> <span class='ocrx_word' id='word_1_309' title='bbox 465 2670 600 2716; x_wconf 85' lang='grc' dir='ltr'>Θεοῦ</span> <span class='ocrx_word' id='word_1_310' title='bbox 627 2668 717 2714; x_wconf 84' lang='grc' dir='ltr'>καὶ</span> <span class='ocrx_word' id='word_1_311' title='bbox 761 2666 920 2714; x_wconf 85' lang='grc' dir='ltr'>τύπον</span> <span class='ocrx_word' id='word_1_312' title='bbox 961 2673 1054 2725; x_wconf 81' lang='grc' dir='ltr'>τῆς</span> <span class='ocrx_word' id='word_1_313' title='bbox 1084 2672 1182 2714; x_wconf 84' lang='grc' dir='ltr'>τῶν</span> <span class='ocrx_word' id='word_1_314' title='bbox 1219 2662 1409 2734; x_wconf 66' lang='grc' dir='ltr'>ψυχῶν</span> <span class='ocrx_word' id='word_1_315' title='bbox 1455 2661 1740 2735; x_wconf 81' lang='grc' dir='ltr'>ἐπιμελείας</span> <span class='ocrx_word' id='word_1_316' title='bbox 1787 2668 1881 2722; x_wconf 77' lang='grc' dir='ltr'>τὴν</span> 
     </span>
    </p>
   </div>
   <div class='ocr_carea' id='block_1_45' title="bbox 275 2749 1882 2827">
    <p class='ocr_par' dir='ltr' id='par_1_45' title="bbox 275 2749 1882 2827">
     <span class='ocr_line' id='line_1_45' title="bbox 275 2749 1882 2827; baseline -0.002 -22"><span class='ocrx_word' id='word_1_317' title='bbox 275 2755 474 2827; x_wconf 74' lang='grc' dir='ltr'>χρῆσιν</span> <span class='ocrx_word' id='word_1_318' title='bbox 526 2760 626 2804; x_wconf 86' lang='grc' dir='ltr'>τῶν</span> <span class='ocrx_word' id='word_1_319' title='bbox 675 2749 764 2802; x_wconf 83' lang='grc' dir='ltr'>ἀπ’</span> <span class='ocrx_word' id='word_1_320' title='bbox 799 2751 965 2814; x_wconf 68' lang='grc' dir='ltr'>αὐτῆς</span> <span class='ocrx_word' id='word_1_321' title='bbox 1014 2756 1128 2822; x_wconf 80' lang='grc'><strong>(19)</strong></span> <span class='ocrx_word' id='word_1_322' title='bbox 1174 2750 1616 2824; x_wconf 80' lang='grc' dir='ltr'>παραλαμϐάνειν.</span> <span class='ocrx_word' id='word_1_323' title='bbox 1651 2751 1732 2804; x_wconf 85' lang='grc' dir='ltr'>Ἐν</span> <span class='ocrx_word' id='word_1_324' title='bbox 1766 2751 1882 2826; x_wconf 83' lang='grc' dir='ltr'>ἐρη-</span> 
     </span>
    </p>
   </div>
   <div class='ocr_carea' id='block_1_46' title="bbox 279 2839 1882 2915">
    <p class='ocr_par' dir='ltr' id='par_1_46' title="bbox 279 2839 1882 2915">
     <span class='ocr_line' id='line_1_46' title="bbox 279 2839 1882 2915; baseline -0.001 -21"><span class='ocrx_word' id='word_1_325' title='bbox 279 2847 371 2915; x_wconf 86' lang='grc' dir='ltr'><strong>μίᾳ</strong></span> <span class='ocrx_word' id='word_1_326' title='bbox 401 2839 459 2894; x_wconf 63' lang='grc' dir='ltr'><em>δὲ</em></span> <span class='ocrx_word' id='word_1_327' title='bbox 489 2849 588 2894; x_wconf 85' lang='grc' dir='ltr'>τῶν</span> <span class='ocrx_word' id='word_1_328' title='bbox 633 2840 688 2903; x_wconf 78' lang='grc' dir='ltr'><em>ἐξ</em></span> <span class='ocrx_word' id='word_1_329' title='bbox 734 2841 974 2914; x_wconf 81' lang='grc' dir='ltr'>ἰατρικῆς</span> <span class='ocrx_word' id='word_1_330' title='bbox 1025 2840 1378 2914; x_wconf 78' lang='grc' dir='ltr'>βοηθημάτων</span> <span class='ocrx_word' id='word_1_331' title='bbox 1409 2846 1480 2913; x_wconf 80' lang='grc' dir='ltr'>μὴ</span> <span class='ocrx_word' id='word_1_332' title='bbox 1526 2848 1701 2894; x_wconf 79' lang='grc' dir='ltr'>πᾶσαν</span> <span class='ocrx_word' id='word_1_333' title='bbox 1743 2845 1882 2912; x_wconf 76' lang='grc' dir='ltr'>ἔχειν</span> 
     </span>
    </p>
   </div>
   <div class='ocr_carea' id='block_1_47' title="bbox 279 2927 1883 3004">
    <p class='ocr_par' dir='ltr' id='par_1_47' title="bbox 279 2927 1883 3004">
     <span class='ocr_line' id='line_1_47' title="bbox 279 2927 1883 3004; baseline -0.001 -22"><span class='ocrx_word' id='word_1_334' title='bbox 279 2935 374 2988; x_wconf 77' lang='grc' dir='ltr'>τὴν</span> <span class='ocrx_word' id='word_1_335' title='bbox 433 2927 622 2982; x_wconf 74' lang='grc' dir='ltr'>ἐλπίδα</span> <span class='ocrx_word' id='word_1_336' title='bbox 671 2934 796 3000; x_wconf 86' lang='grc' dir='ltr'>πρὸς</span> <span class='ocrx_word' id='word_1_337' title='bbox 852 2935 944 2988; x_wconf 77' lang='grc' dir='ltr'>τὴν</span> <span class='ocrx_word' id='word_1_338' title='bbox 993 2940 1092 2982; x_wconf 85' lang='grc' dir='ltr'>τῶν</span> <span class='ocrx_word' id='word_1_339' title='bbox 1149 2930 1392 3004; x_wconf 84' lang='grc' dir='ltr'>λυπηρῶν</span> <span class='ocrx_word' id='word_1_340' title='bbox 1442 2932 1782 3003; x_wconf 83' lang='grc' dir='ltr'>παραμυθίαν</span> <span class='ocrx_word' id='word_1_341' title='bbox 1835 2929 1883 2984; x_wconf 78' lang='grc' dir='ltr'>ἐν</span> 
     </span>
    </p>
   </div>
   <div class='ocr_carea' id='block_1_48' title="bbox 282 3016 1883 3092">
    <p class='ocr_par' dir='ltr' id='par_1_48' title="bbox 282 3016 1883 3092">
     <span class='ocr_line' id='line_1_48' title="bbox 282 3016 1883 3092; baseline 0.001 -22"><span class='ocrx_word' id='word_1_342' title='bbox 282 3023 536 3091; x_wconf 72' lang='grc' dir='ltr'>τῇτέχνῃ</span> <span class='ocrx_word' id='word_1_343' title='bbox 569 3022 755 3092; x_wconf 77' lang='grc' dir='ltr'>ταύτῃ,</span> <span class='ocrx_word' id='word_1_344' title='bbox 807 3018 916 3071; x_wconf 80' lang='grc' dir='ltr'>ἀλλ’</span> <span class='ocrx_word' id='word_1_345' title='bbox 943 3016 1156 3086; x_wconf 72' lang='grc' dir='ltr'>εἰδέναι,</span> <span class='ocrx_word' id='word_1_346' title='bbox 1204 3020 1284 3072; x_wconf 87' lang='grc' dir='ltr'>ὃτι</span> <span class='ocrx_word' id='word_1_347' title='bbox 1332 3020 1361 3078; x_wconf 81' lang='grc' dir='ltr'><strong>ἣ</strong></span> <span class='ocrx_word' id='word_1_348' title='bbox 1410 3019 1504 3071; x_wconf 73' lang='grc' dir='ltr'>οὐκ</span> <span class='ocrx_word' id='word_1_349' title='bbox 1557 3018 1701 3072; x_wconf 76' lang='grc' dir='ltr'>ἐάσει</span> <span class='ocrx_word' id='word_1_350' title='bbox 1745 3021 1883 3092; x_wconf 75' lang='grc' dir='ltr'>ἡμᾶς</span> 
     </span>
    </p>
   </div>
   <div class='ocr_carea' id='block_1_49' title="bbox 1980 1853 3648 1933">
    <p class='ocr_par' dir='ltr' id='par_1_49' title="bbox 1980 1853 3648 1933">
     <span class='ocr_line' id='line_1_49' title="bbox 1980 1853 3648 1933; baseline -0.002 -21"><span class='ocrx_word' id='word_1_351' title='bbox 1980 1862 2094 1933; x_wconf 33' lang='lat' dir='ltr'><strong>aut.</strong></span> <span class='ocrx_word' id='word_1_352' title='bbox 2139 1855 2358 1922; x_wconf 89' lang='lat' dir='ltr'><strong>succis,</strong></span> <span class='ocrx_word' id='word_1_353' title='bbox 2385 1861 2492 1911; x_wconf 85' lang='lat' dir='ltr'><strong>aut</strong></span> <span class='ocrx_word' id='word_1_354' title='bbox 2537 1870 2916 1927; x_wconf 74' lang='lat' dir='ltr'><strong>quaecunque</strong></span> <span class='ocrx_word' id='word_1_355' title='bbox 2967 1869 3042 1910; x_wconf 80' lang='lat' dir='ltr'><strong>ex</strong></span> <span class='ocrx_word' id='word_1_356' title='bbox 3091 1853 3376 1922; x_wconf 87' lang='lat' dir='ltr'><strong>metallis,</strong></span> <span class='ocrx_word' id='word_1_357' title='bbox 3420 1859 3527 1910; x_wconf 90' lang='lat' dir='ltr'><strong>aut</strong></span> <span class='ocrx_word' id='word_1_358' title='bbox 3572 1869 3648 1909; x_wconf 80' lang='lat' dir='ltr'><strong>ex</strong></span> 
     </span>
    </p>
   </div>
   <div class='ocr_carea' id='block_1_50' title="bbox 1981 1943 3652 2016">
    <p class='ocr_par' dir='ltr' id='par_1_50' title="bbox 1981 1943 3652 2016">
     <span class='ocr_line' id='line_1_50' title="bbox 1981 1943 3652 2016; baseline -0.001 -14"><span class='ocrx_word' id='word_1_359' title='bbox 1981 1946 2136 2002; x_wconf 90' lang='lat' dir='ltr'><strong>mari</strong></span> <span class='ocrx_word' id='word_1_360' title='bbox 2187 1946 2267 2001; x_wconf 89' lang='lat' dir='ltr'><strong>ad</strong></span> <span class='ocrx_word' id='word_1_361' title='bbox 2313 1945 2585 2016; x_wconf 88' lang='lat' dir='ltr'><strong>corporis</strong></span> <span class='ocrx_word' id='word_1_362' title='bbox 2634 1944 2948 2002; x_wconf 87' lang='lat' dir='ltr'><strong>utilitatem</strong></span> <span class='ocrx_word' id='word_1_363' title='bbox 2998 1949 3348 2016; x_wconf 86' lang='lat' dir='ltr'><strong>opportuna.</strong></span> <span class='ocrx_word' id='word_1_364' title='bbox 3384 1959 3520 2000; x_wconf 78' lang='lat' dir='ltr'><strong>esse</strong></span> <span class='ocrx_word' id='word_1_365' title='bbox 3548 1943 3652 2000; x_wconf 86' lang='lat' dir='ltr'><strong>de-</strong></span> 
     </span>
    </p>
   </div>
   <div class='ocr_carea' id='block_1_51' title="bbox 1981 2033 3654 2108">
    <p class='ocr_par' dir='ltr' id='par_1_51' title="bbox 1981 2033 3654 2108">
     <span class='ocr_line' id='line_1_51' title="bbox 1981 2033 3654 2108; baseline -0.002 -16"><span class='ocrx_word' id='word_1_366' title='bbox 1981 2037 2285 2108; x_wconf 86' lang='lat' dir='ltr'><strong>prehensa</strong></span> <span class='ocrx_word' id='word_1_367' title='bbox 2318 2041 2478 2099; x_wconf 89' lang='lat' dir='ltr'><strong>sunt,</strong></span> <span class='ocrx_word' id='word_1_368' title='bbox 2507 2034 2586 2091; x_wconf 90' lang='lat' dir='ltr'><strong>ab</strong></span> <span class='ocrx_word' id='word_1_369' title='bbox 2616 2035 2748 2092; x_wconf 86' lang='lat' dir='ltr'><strong>aliis</strong></span> <span class='ocrx_word' id='word_1_370' title='bbox 2779 2034 3064 2104; x_wconf 85' lang='lat' dir='ltr'><strong>inventis,</strong></span> <span class='ocrx_word' id='word_1_371' title='bbox 3085 2049 3224 2106; x_wconf 75' lang='lat' dir='ltr'><strong>quae</strong></span> <span class='ocrx_word' id='word_1_372' title='bbox 3255 2033 3335 2089; x_wconf 88' lang='lat' dir='ltr'><strong>ad</strong></span> <span class='ocrx_word' id='word_1_373' title='bbox 3365 2033 3570 2089; x_wconf 90' lang='lat' dir='ltr'><strong>cibum</strong></span> <span class='ocrx_word' id='word_1_374' title='bbox 3594 2035 3654 2088; x_wconf 89' lang='lat' dir='ltr'><strong>et</strong></span> 
     </span>
    </p>
   </div>
   <div class='ocr_carea' id='block_1_52' title="bbox 1985 2120 3655 2196">
    <p class='ocr_par' dir='ltr' id='par_1_52' title="bbox 1985 2120 3655 2196">
     <span class='ocr_line' id='line_1_52' title="bbox 1985 2120 3655 2196; baseline 0.001 -16"><span class='ocrx_word' id='word_1_375' title='bbox 1985 2131 2196 2196; x_wconf 91' lang='lat' dir='ltr'><strong>potum</strong></span> <span class='ocrx_word' id='word_1_376' title='bbox 2229 2129 2524 2195; x_wconf 82' lang='lat' dir='ltr'><strong>spectant,</strong></span> <span class='ocrx_word' id='word_1_377' title='bbox 2555 2123 2704 2181; x_wconf 85' lang='lat' dir='ltr'><strong>nihil</strong></span> <span class='ocrx_word' id='word_1_378' title='bbox 2733 2122 3021 2178; x_wconf 77' lang='lat' dir='ltr'><strong>differunt</strong></span> <span class='ocrx_word' id='word_1_379' title='bbox 3047 2139 3060 2176; x_wconf 92' lang='lat'>:</span> <span class='ocrx_word' id='word_1_380' title='bbox 3095 2123 3205 2178; x_wconf 80' lang='lat' dir='ltr'><strong>sed</strong></span> <span class='ocrx_word' id='word_1_381' title='bbox 3250 2126 3454 2178; x_wconf 87' lang='lat' dir='ltr'><strong>tamen</strong></span> <span class='ocrx_word' id='word_1_382' title='bbox 3485 2120 3655 2194; x_wconf 86' lang='lat' dir='ltr'><strong>quod</strong></span> 
     </span>
    </p>
   </div>
   <div class='ocr_carea' id='block_1_53' title="bbox 1985 2210 3653 2284">
    <p class='ocr_par' dir='ltr' id='par_1_53' title="bbox 1985 2210 3653 2284">
     <span class='ocr_line' id='line_1_53' title="bbox 1985 2210 3653 2284; baseline -0.001 -16"><span class='ocrx_word' id='word_1_383' title='bbox 1985 2212 2293 2284; x_wconf 82' lang='lat' dir='ltr'><strong>superﬂue</strong></span> <span class='ocrx_word' id='word_1_384' title='bbox 2325 2228 2396 2268; x_wconf 88' lang='lat' dir='ltr'><strong>ac</strong></span> <span class='ocrx_word' id='word_1_385' title='bbox 2443 2212 2679 2268; x_wconf 87' lang='lat' dir='ltr'><strong>curiose</strong></span> <span class='ocrx_word' id='word_1_386' title='bbox 2709 2214 3124 2279; x_wconf 85' lang='lat' dir='ltr'><strong>excogitatum</strong></span> <span class='ocrx_word' id='word_1_387' title='bbox 3152 2214 3260 2276; x_wconf 89' lang='lat' dir='ltr'><strong>est,</strong></span> <span class='ocrx_word' id='word_1_388' title='bbox 3293 2215 3352 2266; x_wconf 92' lang='lat' dir='ltr'><strong>et</strong></span> <span class='ocrx_word' id='word_1_389' title='bbox 3388 2210 3653 2266; x_wconf 90' lang='lat' dir='ltr'><strong>multum</strong></span> 
     </span>
    </p>
   </div>
   <div class='ocr_carea' id='block_1_54' title="bbox 1987 2299 3656 2373">
    <p class='ocr_par' dir='ltr' id='par_1_54' title="bbox 1987 2299 3656 2373">
     <span class='ocr_line' id='line_1_54' title="bbox 1987 2299 3656 2373; baseline -0.001 -15"><span class='ocrx_word' id='word_1_390' title='bbox 1987 2302 2211 2372; x_wconf 81' lang='lat' dir='ltr'><strong>negotii</strong></span> <span class='ocrx_word' id='word_1_391' title='bbox 2242 2303 2514 2373; x_wconf 87' lang='lat' dir='ltr'><strong>requirit,</strong></span> <span class='ocrx_word' id='word_1_392' title='bbox 2551 2306 2610 2357; x_wconf 94' lang='lat' dir='ltr'><strong>et</strong></span> <span class='ocrx_word' id='word_1_393' title='bbox 2636 2302 2816 2373; x_wconf 89' lang='lat' dir='ltr'><strong>quasi</strong></span> <span class='ocrx_word' id='word_1_394' title='bbox 2865 2315 3111 2356; x_wconf 90' lang='lat' dir='ltr'><strong>omnem</strong></span> <span class='ocrx_word' id='word_1_395' title='bbox 3161 2304 3434 2356; x_wconf 86' lang='lat' dir='ltr'><strong>nostram</strong></span> <span class='ocrx_word' id='word_1_396' title='bbox 3467 2299 3656 2356; x_wconf 88' lang='lat' dir='ltr'><strong>vitam</strong></span> 
     </span>
    </p>
   </div>
   <div class='ocr_carea' id='block_1_55' title="bbox 1989 2388 3659 2458">
    <p class='ocr_par' dir='ltr' id='par_1_55' title="bbox 1989 2388 3659 2458">
     <span class='ocr_line' id='line_1_55' title="bbox 1989 2388 3659 2458; baseline -0.002 -10"><span class='ocrx_word' id='word_1_397' title='bbox 1989 2393 2282 2448; x_wconf 88' lang='lat' dir='ltr'><strong>convertit</strong></span> <span class='ocrx_word' id='word_1_398' title='bbox 2341 2392 2420 2448; x_wconf 89' lang='lat' dir='ltr'><strong>ad</strong></span> <span class='ocrx_word' id='word_1_399' title='bbox 2474 2407 2723 2447; x_wconf 89' lang='lat' dir='ltr'><strong>carnem</strong></span> <span class='ocrx_word' id='word_1_400' title='bbox 2782 2390 3140 2458; x_wconf 86' lang='lat' dir='ltr'><strong>curandam,</strong></span> <span class='ocrx_word' id='word_1_401' title='bbox 3187 2388 3509 2445; x_wconf 87' lang='lat' dir='ltr'><strong>vitandum</strong></span> <span class='ocrx_word' id='word_1_402' title='bbox 3566 2392 3659 2444; x_wconf 88' lang='lat' dir='ltr'><strong>est</strong></span> 
     </span>
    </p>
   </div>
   <div class='ocr_carea' id='block_1_56' title="bbox 1992 2479 3661 2553">
    <p class='ocr_par' dir='ltr' id='par_1_56' title="bbox 1992 2479 3661 2553">
     <span class='ocr_line' id='line_1_56' title="bbox 1992 2479 3661 2553; baseline -0.005 -13"><span class='ocrx_word' id='word_1_403' title='bbox 1992 2482 2342 2540; x_wconf 87' lang='lat' dir='ltr'><strong>Christianis</strong></span> <span class='ocrx_word' id='word_1_404' title='bbox 2364 2499 2377 2548; x_wconf 92' lang='lat'><strong>;</strong></span> <span class='ocrx_word' id='word_1_405' title='bbox 2402 2480 2732 2553; x_wconf 86' lang='lat' dir='ltr'><strong>dandaque</strong></span> <span class='ocrx_word' id='word_1_406' title='bbox 2753 2480 2930 2538; x_wconf 88' lang='lat' dir='ltr'><strong>nobis</strong></span> <span class='ocrx_word' id='word_1_407' title='bbox 2961 2479 3230 2534; x_wconf 85' lang='lat' dir='ltr'><strong>studiose</strong></span> <span class='ocrx_word' id='word_1_408' title='bbox 3247 2493 3436 2550; x_wconf 88' lang='lat' dir='ltr'><strong>opera</strong></span> <span class='ocrx_word' id='word_1_409' title='bbox 3455 2481 3567 2546; x_wconf 87' lang='lat' dir='ltr'><strong>est,</strong></span> <span class='ocrx_word' id='word_1_410' title='bbox 3593 2481 3661 2533; x_wconf 91' lang='lat' dir='ltr'><strong>ut</strong></span> 
     </span>
    </p>
   </div>
   <div class='ocr_carea' id='block_1_57' title="bbox 1991 2566 3660 2643">
    <p class='ocr_par' dir='ltr' id='par_1_57' title="bbox 1991 2566 3660 2643">
     <span class='ocr_line' id='line_1_57' title="bbox 1991 2566 3660 2643; baseline -0.003 -16"><span class='ocrx_word' id='word_1_411' title='bbox 1991 2573 2091 2636; x_wconf 89' lang='lat' dir='ltr'><strong>ita,</strong></span> <span class='ocrx_word' id='word_1_412' title='bbox 2122 2570 2426 2643; x_wconf 80' lang='lat' dir='ltr'><strong>siquando</strong></span> <span class='ocrx_word' id='word_1_413' title='bbox 2452 2586 2609 2642; x_wconf 90' lang='lat' dir='ltr'><strong>opus</strong></span> <span class='ocrx_word' id='word_1_414' title='bbox 2647 2569 2842 2636; x_wconf 88' lang='lat' dir='ltr'><strong>fuerit,</strong></span> <span class='ocrx_word' id='word_1_415' title='bbox 2876 2569 2990 2624; x_wconf 91' lang='lat' dir='ltr'><strong>hac</strong></span> <span class='ocrx_word' id='word_1_416' title='bbox 3037 2573 3164 2623; x_wconf 89' lang='lat' dir='ltr'><strong>arte</strong></span> <span class='ocrx_word' id='word_1_417' title='bbox 3212 2571 3476 2635; x_wconf 86' lang='lat' dir='ltr'><strong>utamur,</strong></span> <span class='ocrx_word' id='word_1_418' title='bbox 3508 2571 3574 2623; x_wconf 91' lang='lat' dir='ltr'><strong>ut</strong></span> <span class='ocrx_word' id='word_1_419' title='bbox 3601 2566 3660 2623; x_wconf 89' lang='lat' dir='ltr'><strong>ei</strong></span> 
     </span>
    </p>
   </div>
   <div class='ocr_carea' id='block_1_58' title="bbox 1991 2655 3662 2720">
    <p class='ocr_par' dir='ltr' id='par_1_58' title="bbox 1991 2655 3662 2720">
     <span class='ocr_line' id='line_1_58' title="bbox 1991 2655 3662 2720; baseline -0.004 -2"><span class='ocrx_word' id='word_1_420' title='bbox 1991 2679 2113 2720; x_wconf 85' lang='lat' dir='ltr'><strong>non</strong></span> <span class='ocrx_word' id='word_1_421' title='bbox 2136 2662 2476 2718; x_wconf 85' lang='lat' dir='ltr'><strong>tribuamus</strong></span> <span class='ocrx_word' id='word_1_422' title='bbox 2506 2676 2753 2715; x_wconf 91' lang='lat' dir='ltr'><strong>omnem</strong></span> <span class='ocrx_word' id='word_1_423' title='bbox 2778 2659 2958 2716; x_wconf 61' lang='lat' dir='ltr'><strong>bonae</strong></span> <span class='ocrx_word' id='word_1_424' title='bbox 2982 2663 3086 2714; x_wconf 86' lang='lat' dir='ltr'><strong>aut</strong></span> <span class='ocrx_word' id='word_1_425' title='bbox 3105 2656 3283 2714; x_wconf 63' lang='lat' dir='ltr'><strong>malae</strong></span> <span class='ocrx_word' id='word_1_426' title='bbox 3297 2655 3662 2714; x_wconf 86' lang='lat' dir='ltr'><strong>valetudinis</strong></span> 
     </span>
    </p>
   </div>
   <div class='ocr_carea' id='block_1_59' title="bbox 1993 2744 3664 2816">
    <p class='ocr_par' dir='ltr' id='par_1_59' title="bbox 1993 2744 3664 2816">
     <span class='ocr_line' id='line_1_59' title="bbox 1993 2744 3664 2816; baseline -0.004 -9"><span class='ocrx_word' id='word_1_427' title='bbox 1993 2769 2266 2816; x_wconf 82' lang='lat' dir='ltr'><strong>causam,</strong></span> <span class='ocrx_word' id='word_1_428' title='bbox 2294 2751 2400 2806; x_wconf 84' lang='lat' dir='ltr'><strong>sed</strong></span> <span class='ocrx_word' id='word_1_429' title='bbox 2430 2757 2493 2806; x_wconf 86' lang='lat' dir='ltr'><strong>ut</strong></span> <span class='ocrx_word' id='word_1_430' title='bbox 2512 2749 2592 2806; x_wconf 87' lang='lat' dir='ltr'><strong>ad</strong></span> <span class='ocrx_word' id='word_1_431' title='bbox 2612 2748 3048 2806; x_wconf 88' lang='lat' dir='ltr'><strong>declarandam</strong></span> <span class='ocrx_word' id='word_1_432' title='bbox 3083 2747 3183 2802; x_wconf 91' lang='lat' dir='ltr'><strong>Dei</strong></span> <span class='ocrx_word' id='word_1_433' title='bbox 3210 2745 3468 2815; x_wconf 79' lang='lat' dir='ltr'><strong>gloriam</strong></span> <span class='ocrx_word' id='word_1_434' title='bbox 3499 2750 3557 2802; x_wconf 89' lang='lat' dir='ltr'><strong>et</strong></span> <span class='ocrx_word' id='word_1_435' title='bbox 3583 2744 3664 2802; x_wconf 87' lang='lat' dir='ltr'><strong>ad</strong></span> 
     </span>
    </p>
   </div>
   <div class='ocr_carea' id='block_1_60' title="bbox 1991 2833 3663 2905">
    <p class='ocr_par' dir='ltr' id='par_1_60' title="bbox 1991 2833 3663 2905">
     <span class='ocr_line' id='line_1_60' title="bbox 1991 2833 3663 2905; baseline -0.005 -9"><span class='ocrx_word' id='word_1_436' title='bbox 1991 2840 2346 2896; x_wconf 85' lang='lat' dir='ltr'><strong>habendum</strong></span> <span class='ocrx_word' id='word_1_437' title='bbox 2367 2838 2586 2894; x_wconf 68' lang='lat' dir='ltr'><strong>animae</strong></span> <span class='ocrx_word' id='word_1_438' title='bbox 2607 2835 2894 2892; x_wconf 70' lang='lat' dir='ltr'><strong>curandae</strong></span> <span class='ocrx_word' id='word_1_439' title='bbox 2917 2833 3436 2905; x_wconf 79' lang='lat' dir='ltr'><strong>exemplar,usum</strong></span> <span class='ocrx_word' id='word_1_440' title='bbox 3449 2848 3663 2889; x_wconf 91' lang='lat' dir='ltr'><strong>eorum</strong></span> 
     </span>
    </p>
   </div>
   <div class='ocr_carea' id='block_1_61' title="bbox 1992 2923 3662 3002">
    <p class='ocr_par' dir='ltr' id='par_1_61' title="bbox 1992 2923 3662 3002">
     <span class='ocr_line' id='line_1_61' title="bbox 1992 2923 3662 3002; baseline -0.006 -16"><span class='ocrx_word' id='word_1_441' title='bbox 1992 2945 2130 3002; x_wconf 57' lang='lat' dir='ltr'><strong>quae</strong></span> <span class='ocrx_word' id='word_1_442' title='bbox 2178 2928 2374 2996; x_wconf 77' lang='lat' dir='ltr'><strong>offert,</strong></span> <span class='ocrx_word' id='word_1_443' title='bbox 2420 2927 2839 2984; x_wconf 87' lang='lat' dir='ltr'><strong>admittamus.</strong></span> <span class='ocrx_word' id='word_1_444' title='bbox 2882 2925 3057 2991; x_wconf 84' lang='lat' dir='ltr'><strong>Quod</strong></span> <span class='ocrx_word' id='word_1_445' title='bbox 3107 2925 3153 2980; x_wconf 91' lang='lat' dir='ltr'><strong>si</strong></span> <span class='ocrx_word' id='word_1_446' title='bbox 3195 2923 3520 2980; x_wconf 86' lang='lat' dir='ltr'><strong>defecerint</strong></span> <span class='ocrx_word' id='word_1_447' title='bbox 3546 2937 3662 2978; x_wconf 91' lang='lat' dir='ltr'><strong>nos</strong></span> 
     </span>
    </p>
   </div>
   <div class='ocr_carea' id='block_1_62' title="bbox 1994 3011 3668 3088">
    <p class='ocr_par' dir='ltr' id='par_1_62' title="bbox 1994 3011 3668 3088">
     <span class='ocr_line' id='line_1_62' title="bbox 1994 3011 3668 3088; baseline -0.004 -13"><span class='ocrx_word' id='word_1_448' title='bbox 1994 3019 2310 3076; x_wconf 68' lang='lat' dir='ltr'><strong>medicinae</strong></span> <span class='ocrx_word' id='word_1_449' title='bbox 2342 3016 2647 3088; x_wconf 68' lang='lat' dir='ltr'><strong>praesidia,</strong></span> <span class='ocrx_word' id='word_1_450' title='bbox 2670 3030 3064 3087; x_wconf 88' lang='lat' dir='ltr'><strong>nequaquam</strong></span> <span class='ocrx_word' id='word_1_451' title='bbox 3081 3013 3332 3070; x_wconf 89' lang='lat' dir='ltr'><strong>levandi</strong></span> <span class='ocrx_word' id='word_1_452' title='bbox 3359 3011 3510 3070; x_wconf 86' lang='lat' dir='ltr'><strong>mali</strong></span> <span class='ocrx_word' id='word_1_453' title='bbox 3538 3028 3668 3069; x_wconf 86' lang='lat' dir='ltr'><strong>om-</strong></span> 
     </span>
    </p>
   </div>
   <div class='ocr_carea' id='block_1_63' title="bbox 283 3102 1876 3197">
    <p class='ocr_par' dir='ltr' id='par_1_63' title="bbox 283 3105 1876 3183">
     <span class='ocr_line' id='line_1_63' title="bbox 283 3105 1876 3183; baseline -0.001 -21"><span class='ocrx_word' id='word_1_454' title='bbox 283 3110 624 3182; x_wconf 74' lang='grc' dir='ltr'>πειρασθῆναι</span> <span class='ocrx_word' id='word_1_455' title='bbox 681 3111 807 3183; x_wconf 75' lang='grc' dir='ltr'>ὑπὲρ</span> <span class='ocrx_word' id='word_1_456' title='bbox 873 3108 900 3162; x_wconf 87' lang='grc' dir='ltr'><strong><em>ὂ</em></strong></span> <span class='ocrx_word' id='word_1_457' title='bbox 969 3105 1238 3182; x_wconf 80' lang='grc' dir='ltr'>δυνάμεθα</span> <span class='ocrx_word' id='word_1_458' title='bbox 1283 3109 1394 3178; x_wconf 77' lang='grc'><strong>(20)</strong></span> <span class='ocrx_word' id='word_1_459' title='bbox 1462 3111 1793 3180; x_wconf 73' lang='grc' dir='ltr'>ὑπενεγκεῖν,</span> <span class='ocrx_word' id='word_1_460' title='bbox 1851 3109 1876 3167; x_wconf 76' lang='grc' dir='ltr'><strong>ἣ</strong></span> 
     </span>
    </p>
   </div>
   <div class='ocr_carea' id='block_1_64' title="bbox 1991 3102 3662 3197">
    <p class='ocr_par' dir='ltr' id='par_1_64' title="bbox 1997 3102 3662 3181">
     <span class='ocr_line' id='line_1_64' title="bbox 1997 3102 3662 3181; baseline -0.004 -15"><span class='ocrx_word' id='word_1_461' title='bbox 1997 3126 2138 3166; x_wconf 91' lang='lat' dir='ltr'><strong>nem</strong></span> <span class='ocrx_word' id='word_1_462' title='bbox 2170 3124 2341 3181; x_wconf 88' lang='lat' dir='ltr'><strong>spem</strong></span> <span class='ocrx_word' id='word_1_463' title='bbox 2371 3108 2435 3164; x_wconf 88' lang='lat' dir='ltr'><strong>in</strong></span> <span class='ocrx_word' id='word_1_464' title='bbox 2465 3107 2578 3162; x_wconf 87' lang='lat' dir='ltr'><strong>hac</strong></span> <span class='ocrx_word' id='word_1_465' title='bbox 2604 3110 2731 3161; x_wconf 87' lang='lat' dir='ltr'><strong>arte</strong></span> <span class='ocrx_word' id='word_1_466' title='bbox 2758 3120 3129 3176; x_wconf 87' lang='lat' dir='ltr'><strong>reponamus</strong></span> <span class='ocrx_word' id='word_1_467' title='bbox 3153 3121 3166 3158; x_wconf 91' lang='lat'><strong>:</strong></span> <span class='ocrx_word' id='word_1_468' title='bbox 3192 3103 3300 3158; x_wconf 91' lang='lat' dir='ltr'><strong>sed</strong></span> <span class='ocrx_word' id='word_1_469' title='bbox 3318 3102 3662 3169; x_wconf 87' lang='lat' dir='ltr'><strong>sciendum,</strong></span> 
     </span>
    </p>
   </div>
   <div class='ocr_carea' id='block_1_65' title="bbox 283 3199 1884 3273">
    <p class='ocr_par' dir='ltr' id='par_1_65' title="bbox 283 3199 1884 3273">
     <span class='ocr_line' id='line_1_65' title="bbox 283 3199 1884 3273; baseline 0.002 -23"><span class='ocrx_word' id='word_1_470' title='bbox 283 3201 456 3272; x_wconf 81' lang='grc' dir='ltr'>ὥσπερ</span> <span class='ocrx_word' id='word_1_471' title='bbox 509 3203 626 3251; x_wconf 88' lang='grc' dir='ltr'>τότε</span> <span class='ocrx_word' id='word_1_472' title='bbox 665 3200 690 3250; x_wconf 94' lang='grc' dir='ltr'><strong>ό</strong></span> <span class='ocrx_word' id='word_1_473' title='bbox 741 3203 954 3273; x_wconf 73' lang='grc' dir='ltr'>Κύριος,</span> <span class='ocrx_word' id='word_1_474' title='bbox 1012 3203 1136 3252; x_wconf 78' lang='grc' dir='ltr'>ποτε</span> <span class='ocrx_word' id='word_1_475' title='bbox 1193 3203 1282 3272; x_wconf 77' lang='grc' dir='ltr'><strong>μεν</strong></span> <span class='ocrx_word' id='word_1_476' title='bbox 1339 3199 1500 3258; x_wconf 83' lang='grc' dir='ltr'>πηλὸν</span> <span class='ocrx_word' id='word_1_477' title='bbox 1558 3209 1738 3267; x_wconf 79' lang='grc' dir='ltr'>ποιῶν,</span> <span class='ocrx_word' id='word_1_478' title='bbox 1799 3199 1884 3254; x_wconf 79' lang='grc' dir='ltr'><strong>ἐπ-</strong></span> 
     </span>
    </p>
   </div>
   <div class='ocr_carea' id='block_1_66' title="bbox 281 3286 1882 3363">
    <p class='ocr_par' dir='ltr' id='par_1_66' title="bbox 281 3286 1882 3363">
     <span class='ocr_line' id='line_1_66' title="bbox 281 3286 1882 3363; baseline 0.003 -23"><span class='ocrx_word' id='word_1_479' title='bbox 281 3292 450 3361; x_wconf 78' lang='grc' dir='ltr'>ίχριε,</span> <span class='ocrx_word' id='word_1_480' title='bbox 511 3293 600 3340; x_wconf 84' lang='grc' dir='ltr'>καὶ</span> <span class='ocrx_word' id='word_1_481' title='bbox 655 3286 915 3357; x_wconf 71' lang='grc' dir='ltr'>νίψασθαι</span> <span class='ocrx_word' id='word_1_482' title='bbox 972 3294 1332 3362; x_wconf 83' lang='grc' dir='ltr'>προσέτασσεν</span> <span class='ocrx_word' id='word_1_483' title='bbox 1382 3289 1449 3350; x_wconf 79' lang='grc' dir='ltr'>εἰς</span> <span class='ocrx_word' id='word_1_484' title='bbox 1508 3293 1594 3341; x_wconf 79' lang='grc' dir='ltr'>τὸν</span> <span class='ocrx_word' id='word_1_485' title='bbox 1657 3289 1882 3363; x_wconf 77' lang='grc' dir='ltr'>Σιλωὰμ,</span> 
     </span>
    </p>
   </div>
   <div class='ocr_carea' id='block_1_67' title="bbox 278 3372 1884 3450">
    <p class='ocr_par' dir='ltr' id='par_1_67' title="bbox 278 3372 1884 3450">
     <span class='ocr_line' id='line_1_67' title="bbox 278 3372 1884 3450; baseline -0.001 -19"><span class='ocrx_word' id='word_1_486' title='bbox 278 3381 404 3431; x_wconf 78' lang='grc' dir='ltr'>ποτὲ</span> <span class='ocrx_word' id='word_1_487' title='bbox 461 3372 521 3430; x_wconf 67' lang='grc' dir='ltr'><strong>δί</strong></span> <span class='ocrx_word' id='word_1_488' title='bbox 582 3377 792 3447; x_wconf 77' lang='grc' dir='ltr'>ἠρκεῖτο</span> <span class='ocrx_word' id='word_1_489' title='bbox 847 3386 918 3446; x_wconf 83' lang='grc' dir='ltr'>τῷ</span> <span class='ocrx_word' id='word_1_490' title='bbox 968 3375 1268 3450; x_wconf 78' lang='grc' dir='ltr'>βουλήματι</span> <span class='ocrx_word' id='word_1_491' title='bbox 1323 3385 1463 3450; x_wconf 80' lang='grc' dir='ltr'>μόνῳ</span> <span class='ocrx_word' id='word_1_492' title='bbox 1516 3380 1652 3449; x_wconf 82' lang='grc'>(21),</span> <span class='ocrx_word' id='word_1_493' title='bbox 1706 3378 1884 3450; x_wconf 75' lang='grc' dir='ltr'>λέγων,</span> 
     </span>
    </p>
   </div>
   <div class='ocr_carea' id='block_1_68' title="bbox 279 3463 1887 3537">
    <p class='ocr_par' dir='ltr' id='par_1_68' title="bbox 279 3463 1887 3537">
     <span class='ocr_line' id='line_1_68' title="bbox 279 3463 1887 3537; baseline -0.001 -16"><span class='ocrx_word' id='word_1_494' title='bbox 279 3466 462 3531; x_wconf 78' lang='grc' dir='ltr'>Θέλω,</span> <span class='ocrx_word' id='word_1_495' title='bbox 532 3467 930 3537; x_wconf 83' lang='grc' dir='ltr'>καθαρίσθητι·</span> <span class='ocrx_word' id='word_1_496' title='bbox 1004 3470 1149 3528; x_wconf 74' lang='grc' dir='ltr'>τινας</span> <span class='ocrx_word' id='word_1_497' title='bbox 1208 3463 1266 3520; x_wconf 68' lang='grc' dir='ltr'><em>δὲ</em></span> <span class='ocrx_word' id='word_1_498' title='bbox 1330 3472 1421 3520; x_wconf 75' lang='grc' dir='ltr'>καὶ</span> <span class='ocrx_word' id='word_1_499' title='bbox 1489 3467 1710 3520; x_wconf 80' lang='grc' dir='ltr'>ἑναθλείν</span> <span class='ocrx_word' id='word_1_500' title='bbox 1776 3476 1887 3531; x_wconf 88' lang='grc' dir='ltr'><strong>τοίς</strong></span> 
     </span>
    </p>
   </div>
   <div class='ocr_carea' id='block_1_69' title="bbox 279 3551 1887 3630">
    <p class='ocr_par' dir='ltr' id='par_1_69' title="bbox 279 3551 1887 3630">
     <span class='ocr_line' id='line_1_69' title="bbox 279 3551 1887 3630; baseline -0.001 -21"><span class='ocrx_word' id='word_1_501' title='bbox 279 3556 544 3616; x_wconf 70' lang='grc' dir='ltr'>ἐπιπόνοις</span> <span class='ocrx_word' id='word_1_502' title='bbox 608 3553 816 3627; x_wconf 73' lang='grc' dir='ltr'>ἀφῆκε,</span> <span class='ocrx_word' id='word_1_503' title='bbox 887 3551 1278 3630; x_wconf 77' lang='grc' dir='ltr'>δοκιμωτέρους</span> <span class='ocrx_word' id='word_1_504' title='bbox 1351 3556 1541 3618; x_wconf 78' lang='grc' dir='ltr'>αὐτοὺς</span> <span class='ocrx_word' id='word_1_505' title='bbox 1622 3553 1718 3608; x_wconf 74' lang='grc' dir='ltr'><strong>διὰ</strong></span> <span class='ocrx_word' id='word_1_506' title='bbox 1789 3567 1887 3619; x_wconf 78' lang='grc' dir='ltr'>τῆς</span> 
     </span>
    </p>
   </div>
   <div class='ocr_carea' id='block_1_70' title="bbox 279 3646 1884 3721">
    <p class='ocr_par' dir='ltr' id='par_1_70' title="bbox 279 3646 1884 3721">
     <span class='ocr_line' id='line_1_70' title="bbox 279 3646 1884 3721; baseline 0 -21"><span class='ocrx_word' id='word_1_507' title='bbox 279 3652 465 3721; x_wconf 80' lang='grc' dir='ltr'>πείρας</span> <span class='ocrx_word' id='word_1_508' title='bbox 511 3646 967 3719; x_wconf 55' lang='grc' dir='ltr'>παρασκευάζων</span> <span class='ocrx_word' id='word_1_509' title='bbox 1010 3646 1146 3699; x_wconf 73' lang='grc' dir='ltr'>οὕτω</span> <span class='ocrx_word' id='word_1_510' title='bbox 1197 3652 1288 3699; x_wconf 78' lang='grc' dir='ltr'>καὶ</span> <span class='ocrx_word' id='word_1_511' title='bbox 1335 3647 1409 3719; x_wconf 66' lang='grc' dir='ltr'><strong>ἐφ’</strong></span> <span class='ocrx_word' id='word_1_512' title='bbox 1450 3648 1618 3720; x_wconf 76' lang='grc' dir='ltr'>ἡμῶν,</span> <span class='ocrx_word' id='word_1_513' title='bbox 1667 3649 1750 3700; x_wconf 71' lang='grc' dir='ltr'><strong>ότε</strong></span> <span class='ocrx_word' id='word_1_514' title='bbox 1796 3651 1884 3720; x_wconf 70' lang='grc' dir='ltr'><strong>μεν</strong></span> 
     </span>
    </p>
   </div>
   <div class='ocr_carea' id='block_1_71' title="bbox 281 3734 1886 3811">
    <p class='ocr_par' dir='ltr' id='par_1_71' title="bbox 281 3734 1886 3811">
     <span class='ocr_line' id='line_1_71' title="bbox 281 3734 1886 3811; baseline 0.001 -22"><span class='ocrx_word' id='word_1_515' title='bbox 281 3735 510 3811; x_wconf 78' lang='grc' dir='ltr'>ἀοράτως</span> <span class='ocrx_word' id='word_1_516' title='bbox 569 3735 623 3788; x_wconf 80' lang='grc' dir='ltr'>ἐκ</span> <span class='ocrx_word' id='word_1_517' title='bbox 676 3743 768 3788; x_wconf 80' lang='grc' dir='ltr'><strong>τοῦ</strong></span> <span class='ocrx_word' id='word_1_518' title='bbox 819 3734 1042 3808; x_wconf 72' lang='grc' dir='ltr'>ἀφανοῦς</span> <span class='ocrx_word' id='word_1_519' title='bbox 1099 3736 1446 3808; x_wconf 80' lang='grc' dir='ltr'>ἐφαπτόμενος</span> <span class='ocrx_word' id='word_1_520' title='bbox 1477 3776 1492 3804; x_wconf 84' lang='grc'><strong>,</strong></span> <span class='ocrx_word' id='word_1_521' title='bbox 1549 3739 1670 3789; x_wconf 82' lang='grc' dir='ltr'>ὅταν</span> <span class='ocrx_word' id='word_1_522' title='bbox 1735 3747 1886 3790; x_wconf 82' lang='grc' dir='ltr'>τοῦτο</span> 
     </span>
    </p>
   </div>
   <div class='ocr_carea' id='block_1_72' title="bbox 285 3822 1886 3898">
    <p class='ocr_par' dir='ltr' id='par_1_72' title="bbox 285 3822 1886 3898">
     <span class='ocr_line' id='line_1_72' title="bbox 285 3822 1886 3898; baseline 0.001 -20"><span class='ocrx_word' id='word_1_523' title='bbox 285 3830 543 3898; x_wconf 68' lang='grc' dir='ltr'>σῦμφέρον</span> <span class='ocrx_word' id='word_1_524' title='bbox 595 3832 711 3886; x_wconf 86' lang='grc' dir='ltr'>ταῖς</span> <span class='ocrx_word' id='word_1_525' title='bbox 758 3824 962 3897; x_wconf 71' lang='grc' dir='ltr'>ψυχαῖς</span> <span class='ocrx_word' id='word_1_526' title='bbox 1015 3827 1159 3898; x_wconf 77' lang='grc' dir='ltr'>ἡμῶν</span> <span class='ocrx_word' id='word_1_527' title='bbox 1217 3827 1520 3897; x_wconf 69' lang='grc' dir='ltr'>καταμάθῃ.</span> <span class='ocrx_word' id='word_1_528' title='bbox 1569 3828 1652 3878; x_wconf 77' lang='grc' dir='ltr'>ὅτε</span> <span class='ocrx_word' id='word_1_529' title='bbox 1691 3822 1751 3880; x_wconf 66' lang='grc' dir='ltr'><strong>δὲ</strong></span> <span class='ocrx_word' id='word_1_530' title='bbox 1797 3832 1886 3879; x_wconf 87' lang='grc' dir='ltr'>καὶ</span> 
     </span>
    </p>
   </div>
   <div class='ocr_carea' id='block_1_73' title="bbox 282 3913 1884 3989">
    <p class='ocr_par' dir='ltr' id='par_1_73' title="bbox 282 3913 1884 3989">
     <span class='ocr_line' id='line_1_73' title="bbox 282 3913 1884 3989; baseline 0 -23"><span class='ocrx_word' id='word_1_531' title='bbox 282 3915 481 3975; x_wconf 80' lang='grc' dir='ltr'>ὑλικαῑς</span> <span class='ocrx_word' id='word_1_532' title='bbox 528 3916 832 3989; x_wconf 83' lang='grc' dir='ltr'>κεχρῆσθαι</span> <span class='ocrx_word' id='word_1_533' title='bbox 889 3913 1161 3987; x_wconf 79' lang='grc' dir='ltr'>βοηθείαις</span> <span class='ocrx_word' id='word_1_534' title='bbox 1224 3914 1306 3966; x_wconf 81' lang='grc' dir='ltr'><strong>ἐπὶ</strong></span> <span class='ocrx_word' id='word_1_535' title='bbox 1356 3923 1455 3966; x_wconf 83' lang='grc' dir='ltr'>τῶν</span> <span class='ocrx_word' id='word_1_536' title='bbox 1512 3917 1690 3968; x_wconf 80' lang='grc' dir='ltr'>παθῶν</span> <span class='ocrx_word' id='word_1_537' title='bbox 1739 3918 1884 3988; x_wconf 76' lang='grc' dir='ltr'>ἡμῶν</span> 
     </span>
    </p>
   </div>
   <div class='ocr_carea' id='block_1_74' title="bbox 284 4001 1885 4078">
    <p class='ocr_par' dir='ltr' id='par_1_74' title="bbox 284 4001 1885 4078">
     <span class='ocr_line' id='line_1_74' title="bbox 284 4001 1885 4078; baseline 0 -22"><span class='ocrx_word' id='word_1_538' title='bbox 284 4001 510 4072; x_wconf 64' lang='grc' dir='ltr'>εὐδοκεῖ,</span> <span class='ocrx_word' id='word_1_539' title='bbox 565 4012 627 4076; x_wconf 78' lang='grc' dir='ltr'>τῇ</span> <span class='ocrx_word' id='word_1_540' title='bbox 679 4007 974 4076; x_wconf 86' lang='grc' dir='ltr'>παρατάσει</span> <span class='ocrx_word' id='word_1_541' title='bbox 1035 4013 1132 4066; x_wconf 77' lang='grc' dir='ltr'>τῆς</span> <span class='ocrx_word' id='word_1_542' title='bbox 1191 4007 1462 4078; x_wconf 83' lang='grc' dir='ltr'>θεραπείας</span> <span class='ocrx_word' id='word_1_543' title='bbox 1520 4007 1738 4078; x_wconf 82' lang='grc' dir='ltr'>ἔμμονον</span> <span class='ocrx_word' id='word_1_544' title='bbox 1791 4011 1885 4064; x_wconf 76' lang='grc' dir='ltr'><strong>την</strong></span> 
     </span>
    </p>
   </div>
   <div class='ocr_carea' id='block_1_75' title="bbox 265 4093 1888 4171">
    <p class='ocr_par' dir='ltr' id='par_1_75' title="bbox 265 4093 1888 4171">
     <span class='ocr_line' id='line_1_75' title="bbox 265 4093 1888 4171; baseline 0.002 -27"><span class='ocrx_word' id='word_1_545' title='bbox 265 4099 486 4167; x_wconf 61' lang='grc' dir='ltr'>,μνήμην</span> <span class='ocrx_word' id='word_1_546' title='bbox 526 4102 620 4154; x_wconf 77' lang='grc' dir='ltr'>τῆς</span> <span class='ocrx_word' id='word_1_547' title='bbox 674 4096 902 4167; x_wconf 83' lang='grc' dir='ltr'>χάριτος</span> <span class='ocrx_word' id='word_1_548' title='bbox 931 4093 1176 4166; x_wconf 80' lang='grc' dir='ltr'>ἐμποιῶν,</span> <span class='ocrx_word' id='word_1_549' title='bbox 1214 4094 1244 4152; x_wconf 72' lang='grc' dir='ltr'><strong><em>ἦ</em></strong></span> <span class='ocrx_word' id='word_1_550' title='bbox 1288 4099 1376 4146; x_wconf 80' lang='grc' dir='ltr'>καὶ</span> <span class='ocrx_word' id='word_1_551' title='bbox 1407 4096 1567 4148; x_wconf 78' lang='grc' dir='ltr'>τύπον</span> <span class='ocrx_word' id='word_1_552' title='bbox 1597 4097 1716 4150; x_wconf 81' lang='grc' dir='ltr'>τινὰ</span> <span class='ocrx_word' id='word_1_553' title='bbox 1756 4100 1888 4171; x_wconf 82' lang='grc' dir='ltr'>πρὸς</span> 
     </span>
    </p>
   </div>
   <div class='ocr_carea' id='block_1_76' title="bbox 282 4182 1884 4259">
    <p class='ocr_par' dir='ltr' id='par_1_76' title="bbox 282 4182 1884 4259">
     <span class='ocr_line' id='line_1_76' title="bbox 282 4182 1884 4259; baseline 0 -23"><span class='ocrx_word' id='word_1_554' title='bbox 282 4188 378 4242; x_wconf 79' lang='grc' dir='ltr'>τὴν</span> <span class='ocrx_word' id='word_1_555' title='bbox 426 4182 736 4255; x_wconf 80' lang='grc' dir='ltr'>ἐπιμέλειαν,</span> <span class='ocrx_word' id='word_1_556' title='bbox 797 4185 864 4244; x_wconf 82' lang='grc' dir='ltr'>ὡς</span> <span class='ocrx_word' id='word_1_557' title='bbox 911 4190 1072 4247; x_wconf 80' lang='grc' dir='ltr'>εἶπον,</span> <span class='ocrx_word' id='word_1_558' title='bbox 1122 4193 1217 4242; x_wconf 90' lang='grc' dir='ltr'>τῆς</span> <span class='ocrx_word' id='word_1_559' title='bbox 1268 4182 1452 4254; x_wconf 74' lang='grc' dir='ltr'>ψυχῆς</span> <span class='ocrx_word' id='word_1_560' title='bbox 1506 4189 1884 4259; x_wconf 86' lang='grc' dir='ltr'>παρεχόμενος.</span> 
     </span>
    </p>
   </div>
   <div class='ocr_carea' id='block_1_77' title="bbox 281 4270 1889 4346">
    <p class='ocr_par' dir='ltr' id='par_1_77' title="bbox 281 4270 1889 4346">
     <span class='ocr_line' id='line_1_77' title="bbox 281 4270 1889 4346; baseline 0.004 -22"><span class='ocrx_word' id='word_1_561' title='bbox 281 4271 365 4332; x_wconf 74' lang='grc' dir='ltr'><strong>’.Ως</strong></span> <span class='ocrx_word' id='word_1_562' title='bbox 407 4274 507 4346; x_wconf 78' lang='grc' dir='ltr'><strong>γὰρ</strong></span> <span class='ocrx_word' id='word_1_563' title='bbox 541 4270 626 4324; x_wconf 74' lang='grc' dir='ltr'><strong>ἐπὶ</strong></span> <span class='ocrx_word' id='word_1_564' title='bbox 651 4280 743 4330; x_wconf 80' lang='grc' dir='ltr'>τῆς</span> <span class='ocrx_word' id='word_1_565' title='bbox 784 4273 978 4343; x_wconf 86' lang='grc' dir='ltr'>σαρκὸς</span> <span class='ocrx_word' id='word_1_566' title='bbox 1027 4273 1056 4328; x_wconf 74' lang='grc' dir='ltr'><strong>ἦ</strong></span> <span class='ocrx_word' id='word_1_567' title='bbox 1099 4289 1153 4322; x_wconf 88' lang='grc' dir='ltr'><strong>τε</strong></span> <span class='ocrx_word' id='word_1_568' title='bbox 1191 4278 1284 4322; x_wconf 85' lang='grc' dir='ltr'><strong>τοῦ</strong></span> <span class='ocrx_word' id='word_1_569' title='bbox 1332 4270 1603 4345; x_wconf 77' lang='grc' dir='ltr'>ἀλλοτρίου</span> <span class='ocrx_word' id='word_1_570' title='bbox 1645 4272 1889 4336; x_wconf 81' lang='grc' dir='ltr'>ἀπόθεσις</span> 
     </span>
    </p>
   </div>
   <div class='ocr_carea' id='block_1_78' title="bbox 284 4356 1890 4432">
    <p class='ocr_par' dir='ltr' id='par_1_78' title="bbox 284 4356 1890 4432">
     <span class='ocr_line' id='line_1_78' title="bbox 284 4356 1890 4432; baseline 0.002 -19"><span class='ocrx_word' id='word_1_571' title='bbox 284 4359 562 4432; x_wconf 77' lang='grc' dir='ltr'>ἀναγκαία,</span> <span class='ocrx_word' id='word_1_572' title='bbox 603 4365 693 4411; x_wconf 86' lang='grc' dir='ltr'>καὶ</span> <span class='ocrx_word' id='word_1_573' title='bbox 736 4361 766 4417; x_wconf 76' lang='grc' dir='ltr'>ἡ</span> <span class='ocrx_word' id='word_1_574' title='bbox 814 4360 1098 4432; x_wconf 79' lang='grc' dir='ltr'>πρόσθεσις</span> <span class='ocrx_word' id='word_1_575' title='bbox 1143 4367 1233 4411; x_wconf 85' lang='grc' dir='ltr'><strong>τοῦ</strong></span> <span class='ocrx_word' id='word_1_576' title='bbox 1275 4356 1534 4422; x_wconf 75' lang='grc' dir='ltr'>ἐνδέοντος</span> <span class='ocrx_word' id='word_1_577' title='bbox 1560 4383 1572 4395; x_wconf 86' lang='grc'><strong>-</strong></span> <span class='ocrx_word' id='word_1_578' title='bbox 1625 4364 1760 4416; x_wconf 77' lang='grc' dir='ltr'>οὕτω</span> <span class='ocrx_word' id='word_1_579' title='bbox 1799 4379 1890 4426; x_wconf 79' lang='grc' dir='ltr'>καὶ</span> 
     </span>
    </p>
   </div>
   <div class='ocr_carea' id='block_1_79' title="bbox 283 4446 1892 4522">
    <p class='ocr_par' dir='ltr' id='par_1_79' title="bbox 283 4446 1892 4522">
     <span class='ocr_line' id='line_1_79' title="bbox 283 4446 1892 4522; baseline 0.005 -23"><span class='ocrx_word' id='word_1_580' title='bbox 283 4451 364 4503; x_wconf 73' lang='grc' dir='ltr'><strong>ἐπὶ</strong></span> <span class='ocrx_word' id='word_1_581' title='bbox 416 4457 510 4509; x_wconf 78' lang='grc' dir='ltr'>τῆς</span> <span class='ocrx_word' id='word_1_582' title='bbox 554 4447 738 4519; x_wconf 76' lang='grc' dir='ltr'>ψυχῆς</span> <span class='ocrx_word' id='word_1_583' title='bbox 787 4449 932 4520; x_wconf 80' lang='grc' dir='ltr'>ημῶν</span> <span class='ocrx_word' id='word_1_584' title='bbox 983 4446 1448 4519; x_wconf 80' lang='grc' dir='ltr'>ἀποικονομεῖσθαι</span> <span class='ocrx_word' id='word_1_585' title='bbox 1495 4454 1585 4522; x_wconf 77' lang='grc' dir='ltr'><strong>μεν</strong></span> <span class='ocrx_word' id='word_1_586' title='bbox 1627 4456 1686 4504; x_wconf 89' lang='grc' dir='ltr'>τὸ</span> <span class='ocrx_word' id='word_1_587' title='bbox 1737 4451 1892 4507; x_wconf 79' lang='grc' dir='ltr'>ἁλλό-</span> 
     </span>
    </p>
   </div>
   <div class='ocr_carea' id='block_1_80' title="bbox 283 4531 1890 4613">
    <p class='ocr_par' dir='ltr' id='par_1_80' title="bbox 283 4531 1890 4613">
     <span class='ocr_line' id='line_1_80' title="bbox 283 4531 1890 4613; baseline 0.002 -25"><span class='ocrx_word' id='word_1_588' title='bbox 283 4556 447 4613; x_wconf 88' lang='grc' dir='ltr'>τριον,</span> <span class='ocrx_word' id='word_1_589' title='bbox 497 4534 914 4610; x_wconf 79' lang='grc' dir='ltr'>προσλαμϐάνειν</span> <span class='ocrx_word' id='word_1_590' title='bbox 972 4531 1031 4587; x_wconf 72' lang='grc' dir='ltr'><strong>δὲ</strong></span> <span class='ocrx_word' id='word_1_591' title='bbox 1089 4540 1147 4586; x_wconf 89' lang='grc' dir='ltr'><strong>τό</strong></span> <span class='ocrx_word' id='word_1_592' title='bbox 1201 4538 1339 4588; x_wconf 77' lang='grc' dir='ltr'>κατὰ</span> <span class='ocrx_word' id='word_1_593' title='bbox 1381 4539 1536 4608; x_wconf 79' lang='grc' dir='ltr'>φύσιν</span> <span class='ocrx_word' id='word_1_594' title='bbox 1600 4549 1890 4611; x_wconf 79' lang='grc' dir='ltr'>προσῆκον,</span> 
     </span>
    </p>
   </div>
   <div class='ocr_carea' id='block_1_81' title="bbox 283 4623 1893 4695">
    <p class='ocr_par' dir='ltr' id='par_1_81' title="bbox 283 4623 1893 4695">
     <span class='ocr_line' id='line_1_81' title="bbox 283 4623 1893 4695; baseline 0 -16"><span class='ocrx_word' id='word_1_595' title='bbox 283 4626 461 4687; x_wconf 79' lang='grc' dir='ltr'>Ὂτιό</span> <span class='ocrx_word' id='word_1_596' title='bbox 509 4628 638 4686; x_wconf 86' lang='grc' dir='ltr'>Θεὸς</span> <span class='ocrx_word' id='word_1_597' title='bbox 683 4623 898 4682; x_wconf 82' lang='grc' dir='ltr'>ἐποίησε</span> <span class='ocrx_word' id='word_1_598' title='bbox 943 4626 1030 4675; x_wconf 84' lang='grc' dir='ltr'>τὸν</span> <span class='ocrx_word' id='word_1_599' title='bbox 1052 4625 1320 4695; x_wconf 79' lang='grc' dir='ltr'>ἄνθρωπον</span> <span class='ocrx_word' id='word_1_600' title='bbox 1367 4625 1489 4685; x_wconf 79' lang='grc' dir='ltr'>εὗθῆ</span> <span class='ocrx_word' id='word_1_601' title='bbox 1520 4647 1530 4658; x_wconf 91' lang='grc'><strong>·</strong></span> <span class='ocrx_word' id='word_1_602' title='bbox 1566 4633 1655 4679; x_wconf 81' lang='grc' dir='ltr'>καὶ</span> <span class='ocrx_word' id='word_1_603' title='bbox 1693 4631 1893 4684; x_wconf 79' lang='grc' dir='ltr'>ἔκτισεν</span> 
     </span>
    </p>
   </div>
   <div class='ocr_carea' id='block_1_82' title="bbox 286 4712 1892 4790">
    <p class='ocr_par' dir='ltr' id='par_1_82' title="bbox 286 4712 1892 4790">
     <span class='ocr_line' id='line_1_82' title="bbox 286 4712 1892 4790; baseline -0.004 -22"><span class='ocrx_word' id='word_1_604' title='bbox 286 4719 426 4789; x_wconf 72' lang='grc' dir='ltr'>ἡμᾶς</span> <span class='ocrx_word' id='word_1_605' title='bbox 472 4715 558 4768; x_wconf 78' lang='grc' dir='ltr'><strong>ἐπὶ</strong></span> <span class='ocrx_word' id='word_1_606' title='bbox 609 4717 782 4786; x_wconf 69' lang='grc' dir='ltr'>ἔργοις</span> <span class='ocrx_word' id='word_1_607' title='bbox 833 4712 1068 4785; x_wconf 76' lang='grc' dir='ltr'>ἀγαθοῖς,</span> <span class='ocrx_word' id='word_1_608' title='bbox 1127 4714 1210 4764; x_wconf 82' lang='grc' dir='ltr'>ἵνα</span> <span class='ocrx_word' id='word_1_609' title='bbox 1261 4712 1310 4765; x_wconf 85' lang='grc' dir='ltr'>ἑν</span> <span class='ocrx_word' id='word_1_610' title='bbox 1367 4714 1541 4775; x_wconf 74' lang='grc' dir='ltr'>αὐτοῖς</span> <span class='ocrx_word' id='word_1_611' title='bbox 1606 4725 1892 4790; x_wconf 82' lang='grc' dir='ltr'>περιπατή-</span> 
     </span>
    </p>
   </div>
   <div class='ocr_carea' id='block_1_83' title="bbox 289 4823 476 4877">
    <p class='ocr_par' dir='ltr' id='par_1_83' title="bbox 289 4823 476 4877">
     <span class='ocr_line' id='line_1_83' title="bbox 289 4823 476 4877; baseline 0 -19"><span class='ocrx_word' id='word_1_612' title='bbox 289 4823 476 4877; x_wconf 87' lang='grc' dir='ltr'>σωμεν.</span> 
     </span>
    </p>
   </div>
   <div class='ocr_carea' id='block_1_84' title="bbox 1996 3191 3662 3265">
    <p class='ocr_par' dir='ltr' id='par_1_84' title="bbox 1996 3191 3662 3265">
     <span class='ocr_line' id='line_1_84' title="bbox 1996 3191 3662 3265; baseline -0.004 -11"><span class='ocrx_word' id='word_1_613' title='bbox 1996 3199 2140 3265; x_wconf 79' lang='lat' dir='ltr'><strong>fore,</strong></span> <span class='ocrx_word' id='word_1_614' title='bbox 2177 3203 2242 3252; x_wconf 89' lang='lat' dir='ltr'><strong>ut</strong></span> <span class='ocrx_word' id='word_1_615' title='bbox 2271 3200 2378 3253; x_wconf 86' lang='lat' dir='ltr'><strong>aut</strong></span> <span class='ocrx_word' id='word_1_616' title='bbox 2405 3211 2530 3252; x_wconf 91' lang='lat' dir='ltr'><strong>non</strong></span> <span class='ocrx_word' id='word_1_617' title='bbox 2571 3194 2729 3250; x_wconf 85' lang='lat' dir='ltr'><strong>sinat</strong></span> <span class='ocrx_word' id='word_1_618' title='bbox 2753 3193 2970 3249; x_wconf 87' lang='lat' dir='ltr'><strong>tentari</strong></span> <span class='ocrx_word' id='word_1_619' title='bbox 2990 3209 3104 3249; x_wconf 88' lang='lat' dir='ltr'><strong>nos</strong></span> <span class='ocrx_word' id='word_1_620' title='bbox 3136 3191 3294 3248; x_wconf 89' lang='lat' dir='ltr'><strong>ultra</strong></span> <span class='ocrx_word' id='word_1_621' title='bbox 3313 3206 3501 3262; x_wconf 88' lang='lat' dir='ltr'><strong>quam</strong></span> <span class='ocrx_word' id='word_1_622' title='bbox 3525 3206 3662 3263; x_wconf 67' lang='lat' dir='ltr'><strong>pos“</strong></span> 
     </span>
    </p>
   </div>
   <div class='ocr_carea' id='block_1_85' title="bbox 1996 3279 3662 3356">
    <p class='ocr_par' dir='ltr' id='par_1_85' title="bbox 1996 3279 3662 3356">
     <span class='ocr_line' id='line_1_85' title="bbox 1996 3279 3662 3356; baseline -0.005 -11"><span class='ocrx_word' id='word_1_623' title='bbox 1996 3305 2130 3345; x_wconf 86' lang='lat' dir='ltr'><strong>sum</strong></span> <span class='ocrx_word' id='word_1_624' title='bbox 2141 3288 2282 3355; x_wconf 66' lang='lat' dir='ltr'><strong>us“,</strong></span> <span class='ocrx_word' id='word_1_625' title='bbox 2309 3294 2416 3342; x_wconf 86' lang='lat' dir='ltr'><strong>aut</strong></span> <span class='ocrx_word' id='word_1_626' title='bbox 2433 3283 2961 3356; x_wconf 89' lang='lat' dir='ltr'><strong>quemadmodum</strong></span> <span class='ocrx_word' id='word_1_627' title='bbox 2983 3280 3129 3336; x_wconf 91' lang='lat' dir='ltr'><strong>olim</strong></span> <span class='ocrx_word' id='word_1_628' title='bbox 3153 3279 3662 3345; x_wconf 86' lang='lat' dir='ltr'><strong>Dominus,modo</strong></span> 
     </span>
    </p>
   </div>
   <div class='ocr_carea' id='block_1_86' title="bbox 1994 3367 3663 3442">
    <p class='ocr_par' dir='ltr' id='par_1_86' title="bbox 1994 3367 3663 3442">
     <span class='ocr_line' id='line_1_86' title="bbox 1994 3367 3663 3442; baseline -0.006 -8"><span class='ocrx_word' id='word_1_629' title='bbox 1994 3378 2187 3434; x_wconf 89' lang='lat' dir='ltr'><strong>lutum</strong></span> <span class='ocrx_word' id='word_1_630' title='bbox 2220 3375 2472 3436; x_wconf 81' lang='lat' dir='ltr'><strong>faciens,</strong></span> <span class='ocrx_word' id='word_1_631' title='bbox 2519 3372 2814 3437; x_wconf 85' lang='lat' dir='ltr'><strong>illinebat,</strong></span> <span class='ocrx_word' id='word_1_632' title='bbox 2841 3369 3218 3442; x_wconf 89' lang='lat' dir='ltr'><strong>jubebatque</strong></span> <span class='ocrx_word' id='word_1_633' title='bbox 3256 3368 3444 3426; x_wconf 87' lang='lat' dir='ltr'><strong>lavari</strong></span> <span class='ocrx_word' id='word_1_634' title='bbox 3482 3368 3544 3425; x_wconf 90' lang='lat' dir='ltr'><strong>in</strong></span> <span class='ocrx_word' id='word_1_635' title='bbox 3568 3367 3663 3425; x_wconf 85' lang='lat' dir='ltr'><strong>Si-</strong></span> 
     </span>
    </p>
   </div>
   <div class='ocr_carea' id='block_1_87' title="bbox 1993 3458 3665 3532">
    <p class='ocr_par' dir='ltr' id='par_1_87' title="bbox 1993 3458 3665 3532">
     <span class='ocr_line' id='line_1_87' title="bbox 1993 3458 3665 3532; baseline -0.004 -9"><span class='ocrx_word' id='word_1_636' title='bbox 1993 3467 2156 3523; x_wconf 88' lang='lat' dir='ltr'><strong>loam</strong></span> <span class='ocrx_word' id='word_1_637' title='bbox 2178 3467 2247 3532; x_wconf 76' lang='grc' dir='ltr'><strong>οδ,</strong></span> <span class='ocrx_word' id='word_1_638' title='bbox 2280 3464 2468 3520; x_wconf 92' lang='lat' dir='ltr'><strong>modo</strong></span> <span class='ocrx_word' id='word_1_639' title='bbox 2511 3464 2647 3518; x_wconf 88' lang='lat' dir='ltr'><strong>sola</strong></span> <span class='ocrx_word' id='word_1_640' title='bbox 2687 3461 2994 3518; x_wconf 89' lang='lat' dir='ltr'><strong>voluntate</strong></span> <span class='ocrx_word' id='word_1_641' title='bbox 3037 3465 3360 3516; x_wconf 90' lang='lat' dir='ltr'><strong>contentus</strong></span> <span class='ocrx_word' id='word_1_642' title='bbox 3397 3462 3545 3526; x_wconf 84' lang='lat' dir='ltr'><strong>erat,</strong></span> <span class='ocrx_word' id='word_1_643' title='bbox 3576 3458 3665 3516; x_wconf 84' lang='lat' dir='ltr'><strong>di-</strong></span> 
     </span>
    </p>
   </div>
   <div class='ocr_carea' id='block_1_88' title="bbox 1994 3549 3666 3622">
    <p class='ocr_par' dir='ltr' id='par_1_88' title="bbox 1994 3549 3666 3622">
     <span class='ocr_line' id='line_1_88' title="bbox 1994 3549 3666 3622; baseline -0.005 -8"><span class='ocrx_word' id='word_1_644' title='bbox 1994 3572 2140 3614; x_wconf 88' lang='lat' dir='ltr'><strong>cens</strong></span> <span class='ocrx_word' id='word_1_645' title='bbox 2166 3573 2179 3612; x_wconf 88' lang='lat'><strong>:</strong></span> <span class='ocrx_word' id='word_1_646' title='bbox 2215 3557 2380 3622; x_wconf 71' lang='lat' dir='ltr'><strong>Volo,</strong></span> <span class='ocrx_word' id='word_1_647' title='bbox 2412 3553 2777 3610; x_wconf 73' lang='lat' dir='ltr'><strong>mundare“</strong></span> <span class='ocrx_word' id='word_1_648' title='bbox 2803 3549 3146 3622; x_wconf 87' lang='lat' dir='ltr'><strong>;quosdam</strong></span> <span class='ocrx_word' id='word_1_649' title='bbox 3173 3565 3313 3606; x_wconf 87' lang='lat' dir='ltr'><strong>vero</strong></span> <span class='ocrx_word' id='word_1_650' title='bbox 3333 3550 3396 3606; x_wconf 89' lang='lat' dir='ltr'><strong>in</strong></span> <span class='ocrx_word' id='word_1_651' title='bbox 3416 3549 3666 3606; x_wconf 80' lang='lat' dir='ltr'><strong>afﬂicta-</strong></span> 
     </span>
    </p>
   </div>
   <div class='ocr_carea' id='block_1_89' title="bbox 1997 3639 3666 3714">
    <p class='ocr_par' dir='ltr' id='par_1_89' title="bbox 1997 3639 3666 3714">
     <span class='ocr_line' id='line_1_89' title="bbox 1997 3639 3666 3714; baseline -0.005 -12"><span class='ocrx_word' id='word_1_652' title='bbox 1997 3645 2263 3703; x_wconf 90' lang='lat' dir='ltr'><strong>tionibus</strong></span> <span class='ocrx_word' id='word_1_653' title='bbox 2285 3645 2596 3700; x_wconf 88' lang='lat' dir='ltr'><strong>decertare</strong></span> <span class='ocrx_word' id='word_1_654' title='bbox 2627 3641 2920 3714; x_wconf 89' lang='lat' dir='ltr'><strong>permisit,</strong></span> <span class='ocrx_word' id='word_1_655' title='bbox 2952 3639 3332 3711; x_wconf 84' lang='lat' dir='ltr'><strong>probatiores</strong></span> <span class='ocrx_word' id='word_1_656' title='bbox 3360 3639 3528 3710; x_wconf 85' lang='lat' dir='ltr'><strong>ipsos</strong></span> <span class='ocrx_word' id='word_1_657' title='bbox 3556 3652 3666 3710; x_wconf 87' lang='lat' dir='ltr'><strong>per</strong></span> 
     </span>
    </p>
   </div>
   <div class='ocr_carea' id='block_1_90' title="bbox 1996 3725 3666 3799">
    <p class='ocr_par' dir='ltr' id='par_1_90' title="bbox 1996 3725 3666 3799">
     <span class='ocr_line' id='line_1_90' title="bbox 1996 3725 3666 3799; baseline -0.007 -7"><span class='ocrx_word' id='word_1_658' title='bbox 1996 3735 2392 3792; x_wconf 86' lang='lat' dir='ltr'><strong>tentationem</strong></span> <span class='ocrx_word' id='word_1_659' title='bbox 2423 3732 2690 3789; x_wconf 88' lang='lat' dir='ltr'><strong>efﬁciens</strong></span> <span class='ocrx_word' id='word_1_660' title='bbox 2716 3749 2730 3799; x_wconf 90' lang='lat'><strong>;</strong></span> <span class='ocrx_word' id='word_1_661' title='bbox 2775 3730 2860 3786; x_wconf 90' lang='lat' dir='ltr'><strong>ita</strong></span> <span class='ocrx_word' id='word_1_662' title='bbox 2901 3744 3066 3788; x_wconf 90' lang='lat' dir='ltr'><strong>nunc</strong></span> <span class='ocrx_word' id='word_1_663' title='bbox 3090 3742 3339 3799; x_wconf 88' lang='lat' dir='ltr'><strong>quoque</strong></span> <span class='ocrx_word' id='word_1_664' title='bbox 3371 3725 3666 3798; x_wconf 85' lang='lat' dir='ltr'><strong>peculiari</strong></span> 
     </span>
    </p>
   </div>
   <div class='ocr_carea' id='block_1_91' title="bbox 1996 3813 3667 3895">
    <p class='ocr_par' dir='ltr' id='par_1_91' title="bbox 1996 3813 3667 3895">
     <span class='ocr_line' id='line_1_91' title="bbox 1996 3813 3667 3895; baseline -0.007 -15"><span class='ocrx_word' id='word_1_665' title='bbox 1996 3823 2204 3895; x_wconf 88' lang='lat' dir='ltr'><strong>aliqua</strong></span> <span class='ocrx_word' id='word_1_666' title='bbox 2230 3822 2462 3878; x_wconf 86' lang='lat' dir='ltr'><strong>ratione</strong></span> <span class='ocrx_word' id='word_1_667' title='bbox 2492 3835 2670 3889; x_wconf 87' lang='lat' dir='ltr'><strong>egere</strong></span> <span class='ocrx_word' id='word_1_668' title='bbox 2715 3817 3043 3874; x_wconf 88' lang='lat' dir='ltr'><strong>nobiscum</strong></span> <span class='ocrx_word' id='word_1_669' title='bbox 3090 3815 3250 3880; x_wconf 88' lang='lat' dir='ltr'><strong>velit,</strong></span> <span class='ocrx_word' id='word_1_670' title='bbox 3295 3814 3400 3887; x_wconf 90' lang='lat' dir='ltr'><strong>qui</strong></span> <span class='ocrx_word' id='word_1_671' title='bbox 3439 3813 3667 3874; x_wconf 87' lang='lat' dir='ltr'><strong>scilicet</strong></span> 
     </span>
    </p>
   </div>
   <div class='ocr_carea' id='block_1_92' title="bbox 1995 3904 3662 3986">
    <p class='ocr_par' dir='ltr' id='par_1_92' title="bbox 1995 3904 3662 3986">
     <span class='ocr_line' id='line_1_92' title="bbox 1995 3904 3662 3986; baseline -0.008 -15"><span class='ocrx_word' id='word_1_672' title='bbox 1995 3913 2328 3986; x_wconf 89' lang='lat' dir='ltr'><strong>aliquando</strong></span> <span class='ocrx_word' id='word_1_673' title='bbox 2353 3908 2733 3966; x_wconf 86' lang='lat' dir='ltr'><strong>invisibiliter</strong></span> <span class='ocrx_word' id='word_1_674' title='bbox 2751 3907 3135 3978; x_wconf 87' lang='lat' dir='ltr'><strong>latenterque</strong></span> <span class='ocrx_word' id='word_1_675' title='bbox 3157 3904 3492 3972; x_wconf 90' lang='lat' dir='ltr'><strong>medeatur,</strong></span> <span class='ocrx_word' id='word_1_676' title='bbox 3520 3918 3662 3959; x_wconf 90' lang='lat' dir='ltr'><strong>cum</strong></span> 
     </span>
    </p>
   </div>
   <div class='ocr_carea' id='block_1_93' title="bbox 1997 3992 3663 4069">
    <p class='ocr_par' dir='ltr' id='par_1_93' title="bbox 1997 3992 3663 4069">
     <span class='ocr_line' id='line_1_93' title="bbox 1997 3992 3663 4069; baseline -0.007 -10"><span class='ocrx_word' id='word_1_677' title='bbox 1997 4003 2059 4059; x_wconf 91' lang='lat' dir='ltr'><strong>id</strong></span> <span class='ocrx_word' id='word_1_678' title='bbox 2085 4001 2304 4058; x_wconf 88' lang='lat' dir='ltr'><strong>animis</strong></span> <span class='ocrx_word' id='word_1_679' title='bbox 2334 3999 2552 4055; x_wconf 86' lang='lat' dir='ltr'><strong>nostris</strong></span> <span class='ocrx_word' id='word_1_680' title='bbox 2597 3997 2882 4069; x_wconf 81' lang='lat' dir='ltr'><strong>expedire</strong></span> <span class='ocrx_word' id='word_1_681' title='bbox 2907 3995 3285 4066; x_wconf 89' lang='lat' dir='ltr'><strong>judicaverit,</strong></span> <span class='ocrx_word' id='word_1_682' title='bbox 3325 3992 3663 4066; x_wconf 87' lang='lat' dir='ltr'><strong>aliquando</strong></span> 
     </span>
    </p>
   </div>
   <div class='ocr_carea' id='block_1_94' title="bbox 1996 4082 3663 4159">
    <p class='ocr_par' dir='ltr' id='par_1_94' title="bbox 1996 4082 3663 4159">
     <span class='ocr_line' id='line_1_94' title="bbox 1996 4082 3663 4159; baseline -0.009 -7"><span class='ocrx_word' id='word_1_683' title='bbox 1996 4107 2139 4152; x_wconf 83' lang='lat' dir='ltr'><strong>vero</strong></span> <span class='ocrx_word' id='word_1_684' title='bbox 2169 4095 2396 4146; x_wconf 87' lang='lat' dir='ltr'><strong>statuat</strong></span> <span class='ocrx_word' id='word_1_685' title='bbox 2433 4103 2544 4144; x_wconf 86' lang='lat' dir='ltr'><strong>nos</strong></span> <span class='ocrx_word' id='word_1_686' title='bbox 2589 4092 2648 4143; x_wconf 94' lang='lat' dir='ltr'><strong>et</strong></span> <span class='ocrx_word' id='word_1_687' title='bbox 2673 4087 2822 4159; x_wconf 91' lang='lat' dir='ltr'><strong>ipsis</strong></span> <span class='ocrx_word' id='word_1_688' title='bbox 2863 4084 3171 4157; x_wconf 89' lang='lat' dir='ltr'><strong>corporeis</strong></span> <span class='ocrx_word' id='word_1_689' title='bbox 3201 4083 3441 4140; x_wconf 83' lang='lat' dir='ltr'><strong>auxiliis</strong></span> <span class='ocrx_word' id='word_1_690' title='bbox 3469 4082 3530 4138; x_wconf 92' lang='lat' dir='ltr'><strong>in</strong></span> <span class='ocrx_word' id='word_1_691' title='bbox 3549 4097 3663 4138; x_wconf 88' lang='lat' dir='ltr'><strong>no-</strong></span> 
     </span>
    </p>
   </div>
   <div class='ocr_carea' id='block_1_95' title="bbox 1999 4171 3666 4248">
    <p class='ocr_par' dir='ltr' id='par_1_95' title="bbox 1999 4171 3666 4248">
     <span class='ocr_line' id='line_1_95' title="bbox 1999 4171 3666 4248; baseline -0.007 -9"><span class='ocrx_word' id='word_1_692' title='bbox 1999 4183 2134 4239; x_wconf 84' lang='lat' dir='ltr'><strong>stris</strong></span> <span class='ocrx_word' id='word_1_693' title='bbox 2160 4179 2390 4237; x_wconf 87' lang='lat' dir='ltr'><strong>morbis</strong></span> <span class='ocrx_word' id='word_1_694' title='bbox 2413 4179 2518 4242; x_wconf 89' lang='lat' dir='ltr'><strong>uti,</strong></span> <span class='ocrx_word' id='word_1_695' title='bbox 2543 4177 2750 4248; x_wconf 91' lang='lat' dir='ltr'><strong>idque,</strong></span> <span class='ocrx_word' id='word_1_696' title='bbox 2779 4181 2843 4230; x_wconf 90' lang='lat' dir='ltr'><strong>ut</strong></span> <span class='ocrx_word' id='word_1_697' title='bbox 2871 4175 2988 4231; x_wconf 83' lang='lat' dir='ltr'><strong>hac</strong></span> <span class='ocrx_word' id='word_1_698' title='bbox 3017 4172 3348 4230; x_wconf 87' lang='lat' dir='ltr'><strong>curationis</strong></span> <span class='ocrx_word' id='word_1_699' title='bbox 3373 4171 3666 4228; x_wconf 88' lang='lat' dir='ltr'><strong>dilatione</strong></span> 
     </span>
    </p>
   </div>
   <div class='ocr_carea' id='block_1_96' title="bbox 1999 4261 3669 4336">
    <p class='ocr_par' dir='ltr' id='par_1_96' title="bbox 1999 4261 3669 4336">
     <span class='ocr_line' id='line_1_96' title="bbox 1999 4261 3669 4336; baseline -0.007 -7"><span class='ocrx_word' id='word_1_700' title='bbox 1999 4273 2242 4328; x_wconf 89' lang='lat' dir='ltr'><strong>ﬁrmam</strong></span> <span class='ocrx_word' id='word_1_701' title='bbox 2264 4277 2321 4326; x_wconf 89' lang='lat' dir='ltr'><strong>et</strong></span> <span class='ocrx_word' id='word_1_702' title='bbox 2343 4267 2623 4324; x_wconf 87' lang='lat' dir='ltr'><strong>stabilem</strong></span> <span class='ocrx_word' id='word_1_703' title='bbox 2645 4266 2864 4322; x_wconf 87' lang='lat' dir='ltr'><strong>reddat</strong></span> <span class='ocrx_word' id='word_1_704' title='bbox 2892 4263 3124 4336; x_wconf 73' lang='lat' dir='ltr'><strong>accepti</strong></span> <span class='ocrx_word' id='word_1_705' title='bbox 3139 4261 3420 4320; x_wconf 90' lang='lat' dir='ltr'><strong>beneﬁcii</strong></span> <span class='ocrx_word' id='word_1_706' title='bbox 3437 4277 3669 4320; x_wconf 49' lang='lat' dir='ltr'><strong>meme.</strong></span> 
     </span>
    </p>
   </div>
   <div class='ocr_carea' id='block_1_97' title="bbox 2001 4350 3665 4429">
    <p class='ocr_par' dir='ltr' id='par_1_97' title="bbox 2001 4350 3665 4429">
     <span class='ocr_line' id='line_1_97' title="bbox 2001 4350 3665 4429; baseline -0.007 -11"><span class='ocrx_word' id='word_1_707' title='bbox 2001 4377 2170 4429; x_wconf 79' lang='lat' dir='ltr'><strong>riam,</strong></span> <span class='ocrx_word' id='word_1_708' title='bbox 2198 4364 2303 4415; x_wconf 90' lang='lat' dir='ltr'><strong>aut</strong></span> <span class='ocrx_word' id='word_1_709' title='bbox 2330 4359 2536 4425; x_wconf 88' lang='lat' dir='ltr'><strong>etiam,</strong></span> <span class='ocrx_word' id='word_1_710' title='bbox 2565 4352 3095 4428; x_wconf 84' lang='lat' dir='ltr'><strong>quemadmodum</strong></span> <span class='ocrx_word' id='word_1_711' title='bbox 3128 4351 3275 4421; x_wconf 79' lang='lat' dir='ltr'><strong>dixi,</strong></span> <span class='ocrx_word' id='word_1_712' title='bbox 3307 4357 3374 4408; x_wconf 82' lang='lat' dir='ltr'><strong>ut</strong></span> <span class='ocrx_word' id='word_1_713' title='bbox 3414 4350 3665 4423; x_wconf 88' lang='lat' dir='ltr'><strong>aliquod</strong></span> 
     </span>
    </p>
   </div>
   <div class='ocr_carea' id='block_1_98' title="bbox 2003 4439 3670 4520">
    <p class='ocr_par' dir='ltr' id='par_1_98' title="bbox 2003 4439 3670 4520">
     <span class='ocr_line' id='line_1_98' title="bbox 2003 4439 3670 4520; baseline -0.007 -14"><span class='ocrx_word' id='word_1_714' title='bbox 2003 4447 2373 4520; x_wconf 83' lang='lat' dir='ltr'><strong>exemplum,</strong></span> <span class='ocrx_word' id='word_1_715' title='bbox 2399 4447 2566 4518; x_wconf 90' lang='lat' dir='ltr'><strong>quod</strong></span> <span class='ocrx_word' id='word_1_716' title='bbox 2594 4445 2657 4500; x_wconf 89' lang='lat' dir='ltr'><strong>in</strong></span> <span class='ocrx_word' id='word_1_717' title='bbox 2677 4442 2964 4500; x_wconf 87' lang='lat' dir='ltr'><strong>curandis</strong></span> <span class='ocrx_word' id='word_1_718' title='bbox 2987 4440 3208 4498; x_wconf 86' lang='lat' dir='ltr'><strong>animis</strong></span> <span class='ocrx_word' id='word_1_719' title='bbox 3228 4440 3445 4497; x_wconf 88' lang='lat' dir='ltr'><strong>imitari</strong></span> <span class='ocrx_word' id='word_1_720' title='bbox 3465 4439 3670 4511; x_wconf 85' lang='lat' dir='ltr'><strong>possi-</strong></span> 
     </span>
    </p>
   </div>
   <div class='ocr_carea' id='block_1_99' title="bbox 2004 4531 3666 4609">
    <p class='ocr_par' dir='ltr' id='par_1_99' title="bbox 2004 4531 3666 4609">
     <span class='ocr_line' id='line_1_99' title="bbox 2004 4531 3666 4609; baseline -0.009 -11"><span class='ocrx_word' id='word_1_721' title='bbox 2004 4556 2162 4609; x_wconf 87' lang='lat' dir='ltr'><strong>mus,</strong></span> <span class='ocrx_word' id='word_1_722' title='bbox 2192 4536 2367 4595; x_wconf 87' lang='lat' dir='ltr'><strong>nobis</strong></span> <span class='ocrx_word' id='word_1_723' title='bbox 2399 4539 2721 4608; x_wconf 80' lang='lat' dir='ltr'><strong>proponat.</strong></span> <span class='ocrx_word' id='word_1_724' title='bbox 2758 4536 2827 4590; x_wconf 89' lang='lat' dir='ltr'><strong>Ut</strong></span> <span class='ocrx_word' id='word_1_725' title='bbox 2857 4531 3020 4587; x_wconf 91' lang='lat' dir='ltr'><strong>enim</strong></span> <span class='ocrx_word' id='word_1_726' title='bbox 3043 4532 3106 4586; x_wconf 91' lang='lat' dir='ltr'><strong>in</strong></span> <span class='ocrx_word' id='word_1_727' title='bbox 3136 4544 3391 4601; x_wconf 87' lang='lat' dir='ltr'><strong>corpore</strong></span> <span class='ocrx_word' id='word_1_728' title='bbox 3414 4543 3666 4584; x_wconf 83' lang='lat' dir='ltr'><strong>necesse</strong></span> 
     </span>
    </p>
   </div>
   <div class='ocr_carea' id='block_1_100' title="bbox 2003 4617 3668 4698">
    <p class='ocr_par' dir='ltr' id='par_1_100' title="bbox 2003 4617 3668 4698">
     <span class='ocr_line' id='line_1_100' title="bbox 2003 4617 3668 4698; baseline -0.008 -13"><span class='ocrx_word' id='word_1_729' title='bbox 2003 4634 2093 4686; x_wconf 90' lang='lat' dir='ltr'><strong>est</strong></span> <span class='ocrx_word' id='word_1_730' title='bbox 2121 4627 2388 4689; x_wconf 88' lang='lat' dir='ltr'><strong>amoveri</strong></span> <span class='ocrx_word' id='word_1_731' title='bbox 2414 4624 2582 4698; x_wconf 87' lang='lat' dir='ltr'><strong>quod</strong></span> <span class='ocrx_word' id='word_1_732' title='bbox 2630 4624 2900 4680; x_wconf 88' lang='lat' dir='ltr'><strong>alienum</strong></span> <span class='ocrx_word' id='word_1_733' title='bbox 2950 4625 3040 4676; x_wconf 80' lang='lat' dir='ltr'><strong>est</strong></span> <span class='ocrx_word' id='word_1_734' title='bbox 3085 4624 3144 4676; x_wconf 88' lang='lat' dir='ltr'><strong>et</strong></span> <span class='ocrx_word' id='word_1_735' title='bbox 3181 4617 3576 4684; x_wconf 85' lang='lat' dir='ltr'><strong>contrarium,</strong></span> <span class='ocrx_word' id='word_1_736' title='bbox 3608 4620 3668 4673; x_wconf 92' lang='lat' dir='ltr'><strong>et</strong></span> 
     </span>
    </p>
   </div>
   <div class='ocr_carea' id='block_1_101' title="bbox 2001 4705 3665 4792">
    <p class='ocr_par' dir='ltr' id='par_1_101' title="bbox 2001 4705 3665 4792">
     <span class='ocr_line' id='line_1_101' title="bbox 2001 4705 3665 4792; baseline -0.007 -18"><span class='ocrx_word' id='word_1_737' title='bbox 2001 4718 2170 4792; x_wconf 88' lang='lat' dir='ltr'><strong>quod</strong></span> <span class='ocrx_word' id='word_1_738' title='bbox 2190 4716 2356 4772; x_wconf 86' lang='lat' dir='ltr'><strong>deest</strong></span> <span class='ocrx_word' id='word_1_739' title='bbox 2377 4713 2601 4787; x_wconf 89' lang='lat' dir='ltr'><strong>apponi</strong></span> <span class='ocrx_word' id='word_1_740' title='bbox 2630 4730 2643 4768; x_wconf 87' lang='lat'>:</span> <span class='ocrx_word' id='word_1_741' title='bbox 2669 4713 2752 4768; x_wconf 89' lang='lat' dir='ltr'><strong>sic</strong></span> <span class='ocrx_word' id='word_1_742' title='bbox 2777 4719 2958 4767; x_wconf 80' lang='lat' dir='ltr'><strong>etiam</strong></span> <span class='ocrx_word' id='word_1_743' title='bbox 2979 4709 3041 4764; x_wconf 90' lang='lat' dir='ltr'><strong>in</strong></span> <span class='ocrx_word' id='word_1_744' title='bbox 3062 4707 3285 4763; x_wconf 88' lang='lat' dir='ltr'><strong>animis</strong></span> <span class='ocrx_word' id='word_1_745' title='bbox 3301 4705 3512 4770; x_wconf 84' lang='lat' dir='ltr'><strong>notris.</strong></span> <span class='ocrx_word' id='word_1_746' title='bbox 3539 4721 3665 4762; x_wconf 88' lang='lat' dir='ltr'><strong>non</strong></span> 
     </span>
    </p>
   </div>
   <div class='ocr_carea' id='block_1_102' title="bbox 2002 4794 3664 4876">
    <p class='ocr_par' dir='ltr' id='par_1_102' title="bbox 2002 4794 3664 4876">
     <span class='ocr_line' id='line_1_102' title="bbox 2002 4794 3664 4876; baseline -0.01 -11"><span class='ocrx_word' id='word_1_747' title='bbox 2002 4808 2115 4865; x_wconf 86' lang='lat' dir='ltr'><strong>abs</strong></span> <span class='ocrx_word' id='word_1_748' title='bbox 2144 4823 2207 4863; x_wconf 90' lang='lat' dir='ltr'><strong>re</strong></span> <span class='ocrx_word' id='word_1_749' title='bbox 2237 4803 2602 4876; x_wconf 85' lang='lat' dir='ltr'><strong>fueritquod</strong></span> <span class='ocrx_word' id='word_1_750' title='bbox 2635 4801 2899 4858; x_wconf 89' lang='lat' dir='ltr'><strong>alienum</strong></span> <span class='ocrx_word' id='word_1_751' title='bbox 2930 4804 3020 4854; x_wconf 89' lang='lat' dir='ltr'><strong>est</strong></span> <span class='ocrx_word' id='word_1_752' title='bbox 3057 4803 3112 4853; x_wconf 90' lang='lat' dir='ltr'><strong>et</strong></span> <span class='ocrx_word' id='word_1_753' title='bbox 3165 4794 3532 4852; x_wconf 89' lang='lat' dir='ltr'><strong>contrarium</strong></span> <span class='ocrx_word' id='word_1_754' title='bbox 3565 4810 3664 4850; x_wconf 91' lang='lat' dir='ltr'><strong>re-</strong></span> 
     </span>
    </p>
   </div>
   <div class='ocr_carea' id='block_1_103' title="bbox 287 4885 3666 4969">
    <p class='ocr_par' dir='ltr' id='par_1_103' title="bbox 287 4885 3666 4969">
     <span class='ocr_line' id='line_1_103' title="bbox 287 4885 3666 4969; baseline -0.004 -19"><span class='ocrx_word' id='word_1_755' title='bbox 287 4909 552 4964; x_wconf 85' lang='lat' dir='ltr'><strong>movere,</strong></span> <span class='ocrx_word' id='word_1_756' title='bbox 585 4897 640 4949; x_wconf 92' lang='lat' dir='ltr'><strong>et</strong></span> <span class='ocrx_word' id='word_1_757' title='bbox 669 4891 837 4965; x_wconf 89' lang='lat' dir='ltr'><strong>quod</strong></span> <span class='ocrx_word' id='word_1_758' title='bbox 865 4891 1205 4950; x_wconf 89' lang='lat' dir='ltr'><strong>secundum</strong></span> <span class='ocrx_word' id='word_1_759' title='bbox 1234 4896 1518 4950; x_wconf 85' lang='lat' dir='ltr'><strong>naturam</strong></span> <span class='ocrx_word' id='word_1_760' title='bbox 1547 4899 1660 4967; x_wconf 84' lang='lat' dir='ltr'><strong>est,</strong></span> <span class='ocrx_word' id='word_1_761' title='bbox 1680 4913 2012 4957; x_wconf 79' lang='lat' dir='ltr'><strong>assumere-</strong></span> <span class='ocrx_word' id='word_1_762' title='bbox 2046 4895 2356 4969; x_wconf 87' lang='lat' dir='ltr'><strong>Siquidem</strong></span> <span class='ocrx_word' id='word_1_763' title='bbox 2390 4892 2528 4949; x_wconf 84' lang='lat' dir='ltr'><strong>fecit</strong></span> <span class='ocrx_word' id='word_1_764' title='bbox 2549 4895 2707 4948; x_wconf 90' lang='lat' dir='ltr'><strong>Deus</strong></span> <span class='ocrx_word' id='word_1_765' title='bbox 2737 4887 3048 4945; x_wconf 84' lang='lat' dir='ltr'><strong>hominem</strong></span> <span class='ocrx_word' id='word_1_766' title='bbox 3076 4889 3306 4942; x_wconf 88' lang='lat' dir='ltr'><strong>rectum</strong></span> <span class='ocrx_word' id='word_1_767' title='bbox 3330 4885 3400 4952; x_wconf 75' lang='grc'><strong>⁵⁷,</strong></span> <span class='ocrx_word' id='word_1_768' title='bbox 3428 4897 3666 4956; x_wconf 91' lang='lat' dir='ltr'><strong>nosque</strong></span> 
     </span>
    </p>
   </div>
   <div class='ocr_carea' id='block_1_104' title="bbox 287 4982 1858 5054">
    <p class='ocr_par' dir='ltr' id='par_1_104' title="bbox 287 4982 1858 5054">
     <span class='ocr_line' id='line_1_104' title="bbox 287 4982 1858 5054; baseline 0.003 -16"><span class='ocrx_word' id='word_1_769' title='bbox 287 4982 367 5038; x_wconf 91' lang='lat' dir='ltr'><strong>ad</strong></span> <span class='ocrx_word' id='word_1_770' title='bbox 407 4983 574 5038; x_wconf 90' lang='lat' dir='ltr'><strong>bona</strong></span> <span class='ocrx_word' id='word_1_771' title='bbox 601 4998 789 5054; x_wconf 87' lang='lat' dir='ltr'><strong>opera</strong></span> <span class='ocrx_word' id='word_1_772' title='bbox 817 4982 1109 5050; x_wconf 80' lang='lat' dir='ltr'><strong>condidit,</strong></span> <span class='ocrx_word' id='word_1_773' title='bbox 1146 4987 1208 5039; x_wconf 86' lang='lat' dir='ltr'><strong>ut</strong></span> <span class='ocrx_word' id='word_1_774' title='bbox 1232 4982 1293 5038; x_wconf 91' lang='lat' dir='ltr'><strong>in</strong></span> <span class='ocrx_word' id='word_1_775' title='bbox 1323 4983 1410 5038; x_wconf 88' lang='lat' dir='ltr'><strong>eis</strong></span> <span class='ocrx_word' id='word_1_776' title='bbox 1449 4984 1858 5043; x_wconf 89' lang='lat' dir='ltr'><strong>ambulemus.</strong></span> 
     </span>
    </p>
   </div>
   <div class='ocr_carea' id='block_1_105' title="bbox 360 5070 1886 5145">
    <p class='ocr_par' dir='ltr' id='par_1_105' title="bbox 360 5070 1886 5145">
     <span class='ocr_line' id='line_1_105' title="bbox 360 5070 1886 5145; baseline 0.002 -18"><span class='ocrx_word' id='word_1_777' title='bbox 360 5076 411 5128; x_wconf 87' lang='lat'><strong>3.</strong></span> <span class='ocrx_word' id='word_1_778' title='bbox 463 5076 560 5124; x_wconf 80' lang='grc' dir='ltr'>Καὶ</span> <span class='ocrx_word' id='word_1_779' title='bbox 597 5073 770 5143; x_wconf 83' lang='grc' dir='ltr'>ὥσπερ</span> <span class='ocrx_word' id='word_1_780' title='bbox 825 5070 929 5122; x_wconf 85' lang='grc' dir='ltr'>ἐκεῖ</span> <span class='ocrx_word' id='word_1_781' title='bbox 982 5079 1171 5145; x_wconf 83' lang='grc' dir='ltr'>τομῶν,</span> <span class='ocrx_word' id='word_1_782' title='bbox 1218 5077 1308 5124; x_wconf 90' lang='grc' dir='ltr'>καὶ</span> <span class='ocrx_word' id='word_1_783' title='bbox 1357 5075 1614 5141; x_wconf 82' lang='grc' dir='ltr'>καύσεων,</span> <span class='ocrx_word' id='word_1_784' title='bbox 1661 5081 1752 5128; x_wconf 82' lang='grc' dir='ltr'>καὶ</span> <span class='ocrx_word' id='word_1_785' title='bbox 1800 5098 1886 5131; x_wconf 82' lang='grc' dir='ltr'>πι-</span> 
     </span>
    </p>
   </div>
   <div class='ocr_carea' id='block_1_106' title="bbox 359 5195 1444 5270">
    <p class='ocr_par' dir='ltr' id='par_1_106' title="bbox 359 5195 1444 5270">
     <span class='ocr_line' id='line_1_106' title="bbox 359 5195 1444 5270; baseline 0.002 -17"><span class='ocrx_word' id='word_1_786' title='bbox 359 5198 406 5232; x_wconf 69' lang='grc'><strong>⁶⁴</strong></span> <span class='ocrx_word' id='word_1_787' title='bbox 433 5200 453 5253; x_wconf 92' lang='lat' dir='ltr'><strong>l</strong></span> <span class='ocrx_word' id='word_1_788' title='bbox 481 5199 612 5253; x_wconf 90' lang='lat' dir='ltr'><strong>Cor.</strong></span> <span class='ocrx_word' id='word_1_789' title='bbox 643 5211 705 5265; x_wconf 84' lang='lat' dir='ltr'><strong>x,</strong></span> <span class='ocrx_word' id='word_1_790' title='bbox 743 5198 830 5253; x_wconf 84' lang='grc'><strong>13.</strong></span> <span class='ocrx_word' id='word_1_791' title='bbox 905 5196 952 5230; x_wconf 76' lang='grc'><strong>⁸⁵</strong></span> <span class='ocrx_word' id='word_1_792' title='bbox 985 5195 1158 5270; x_wconf 67' lang='lat' dir='ltr'><strong>Joan.</strong></span> <span class='ocrx_word' id='word_1_793' title='bbox 1192 5213 1273 5263; x_wconf 69' lang='grc' dir='ltr'>ιχ,</span> <span class='ocrx_word' id='word_1_794' title='bbox 1303 5202 1356 5264; x_wconf 87' lang='lat'><strong>6,</strong></span> <span class='ocrx_word' id='word_1_795' title='bbox 1389 5204 1444 5255; x_wconf 88' lang='lat'><strong>7.</strong></span> 
     </span>
    </p>
   </div>
   <div class='ocr_carea' id='block_1_107' title="bbox 294 5381 1894 5468">
    <p class='ocr_par' dir='ltr' id='par_1_107' title="bbox 294 5381 1894 5468">
     <span class='ocr_line' id='line_1_107' title="bbox 294 5381 1894 5468; baseline 0.01 -28"><span class='ocrx_word' id='word_1_796' title='bbox 294 5408 408 5468; x_wconf 71' lang='grc' dir='ltr'>σης.</span> <span class='ocrx_word' id='word_1_797' title='bbox 434 5381 984 5468; x_wconf 33' lang='lat' dir='ltr'><strong>perirest-articulus</strong></span> <span class='ocrx_word' id='word_1_798' title='bbox 1017 5391 1076 5446; x_wconf 90' lang='lat' dir='ltr'><strong>in</strong></span> <span class='ocrx_word' id='word_1_799' title='bbox 1108 5392 1390 5464; x_wconf 81' lang='lat' dir='ltr'><strong>vulgatis.</strong></span> <span class='ocrx_word' id='word_1_800' title='bbox 1438 5397 1569 5452; x_wconf 77' lang='lat' dir='ltr'><strong>Mox</strong></span> <span class='ocrx_word' id='word_1_801' title='bbox 1605 5381 1748 5468; x_wconf 72' lang='lat' dir='ltr'><strong>Reg.</strong></span> <span class='ocrx_word' id='word_1_802' title='bbox 1783 5403 1894 5457; x_wconf 83' lang='lat' dir='ltr'><strong>ter-</strong></span> 
     </span>
    </p>
   </div>
   <div class='ocr_carea' id='block_1_108' title="bbox 292 5461 920 5535">
    <p class='ocr_par' dir='ltr' id='par_1_108' title="bbox 292 5461 920 5535">
     <span class='ocr_line' id='line_1_108' title="bbox 292 5461 920 5535; baseline -0.003 -18"><span class='ocrx_word' id='word_1_803' title='bbox 292 5461 410 5517; x_wconf 81' lang='lat' dir='ltr'><strong>tius</strong></span> <span class='ocrx_word' id='word_1_804' title='bbox 437 5463 575 5531; x_wconf 80' lang='grc' dir='ltr'>ἒχειν</span> <span class='ocrx_word' id='word_1_805' title='bbox 601 5461 920 5535; x_wconf 74' lang='grc' dir='ltr'>ἐξεῦρηνται.</span> 
     </span>
    </p>
   </div>
   <div class='ocr_carea' id='block_1_109' title="bbox 366 5533 1596 5610">
    <p class='ocr_par' dir='ltr' id='par_1_109' title="bbox 366 5533 1596 5610">
     <span class='ocr_line' id='line_1_109' title="bbox 366 5533 1596 5610; baseline 0.003 -23"><span class='ocrx_word' id='word_1_806' title='bbox 512 5536 654 5610; x_wconf 62' lang='grc' dir='ltr'><strong>ῌθε.</strong></span> <span class='ocrx_word' id='word_1_807' title='bbox 679 5533 910 5610; x_wconf 62' lang='lat' dir='ltr'><strong>primus</strong></span> <span class='ocrx_word' id='word_1_808' title='bbox 936 5543 1138 5610; x_wconf 72' lang='grc' dir='ltr'>χρῆσιν</span> <span class='ocrx_word' id='word_1_809' title='bbox 1169 5540 1263 5610; x_wconf 73' lang='grc' dir='ltr'><strong>την</strong></span> <span class='ocrx_word' id='word_1_810' title='bbox 1282 5534 1381 5610; x_wconf 65' lang='grc' dir='ltr'><strong>⁸ἀπ’</strong></span> <span class='ocrx_word' id='word_1_811' title='bbox 1415 5538 1596 5600; x_wconf 67' lang='grc' dir='ltr'>αὐτῆς.</span> 
     </span>
    </p>
   </div>
   <div class='ocr_carea' id='block_1_110' title="bbox 363 5603 1898 5682">
    <p class='ocr_par' dir='ltr' id='par_1_110' title="bbox 363 5603 1898 5682">
     <span class='ocr_line' id='line_1_110' title="bbox 363 5603 1898 5682; baseline 0.008 -23"><span class='ocrx_word' id='word_1_812' title='bbox 363 5603 477 5674; x_wconf 85' lang='lat'><strong>(20)</strong></span> <span class='ocrx_word' id='word_1_813' title='bbox 511 5603 712 5675; x_wconf 61' lang='lat' dir='ltr'><strong>Codei</strong></span> <span class='ocrx_word' id='word_1_814' title='bbox 741 5607 908 5662; x_wconf 82' lang='lat' dir='ltr'><strong>Voss.</strong></span> <span class='ocrx_word' id='word_1_815' title='bbox 936 5603 1068 5679; x_wconf 66' lang='grc' dir='ltr'>’ὗέτὲρ</span> <span class='ocrx_word' id='word_1_816' title='bbox 1105 5607 1132 5658; x_wconf 86' lang='grc' dir='ltr'><strong><em>ὃ</em></strong></span> <span class='ocrx_word' id='word_1_817' title='bbox 1169 5607 1228 5663; x_wconf 68' lang='grc' dir='ltr'>οὐ</span> <span class='ocrx_word' id='word_1_818' title='bbox 1271 5605 1556 5682; x_wconf 82' lang='grc' dir='ltr'>δυνάμεθα.</span> <span class='ocrx_word' id='word_1_819' title='bbox 1588 5613 1720 5668; x_wconf 81' lang='lat' dir='ltr'><strong>Mox</strong></span> <span class='ocrx_word' id='word_1_820' title='bbox 1750 5609 1898 5677; x_wconf 72' lang='lat' dir='ltr'><strong>Cod.</strong></span> 
     </span>
    </p>
   </div>
   <div class='ocr_carea' id='block_1_111' title="bbox 1522 5201 2039 5267">
    <p class='ocr_par' dir='ltr' id='par_1_111' title="bbox 1522 5201 2039 5267">
     <span class='ocr_line' id='line_1_111' title="bbox 1522 5201 2039 5267; baseline 0.006 -11"><span class='ocrx_word' id='word_1_821' title='bbox 1522 5201 1569 5235; x_wconf 79' lang='grc'><strong>⁶⁶</strong></span> <span class='ocrx_word' id='word_1_822' title='bbox 1601 5201 1801 5258; x_wconf 90' lang='lat' dir='ltr'><strong>Matth.</strong></span> <span class='ocrx_word' id='word_1_823' title='bbox 1829 5218 1955 5267; x_wconf 79' lang='lat' dir='ltr'><strong>vui,</strong></span> <span class='ocrx_word' id='word_1_824' title='bbox 1986 5206 2039 5259; x_wconf 89' lang='lat'><strong>3.</strong></span> 
     </span>
    </p>
   </div>
   <div class='ocr_carea' id='block_1_112' title="bbox 129 5307 1894 5392">
    <p class='ocr_par' dir='ltr' id='par_1_112' title="bbox 129 5307 1894 5392">
     <span class='ocr_line' id='line_1_112' title="bbox 129 5307 1894 5392; baseline 0.017 -28"><span class='ocrx_word' id='word_1_825' title='bbox 129 5307 136 5310; x_wconf 82' lang='grc'><em>’</em></span> <span class='ocrx_word' id='word_1_826' title='bbox 261 5335 282 5340; x_wconf 81' lang='grc'><strong>·-</strong></span> <span class='ocrx_word' id='word_1_827' title='bbox 363 5323 489 5392; x_wconf 49' lang='lat'><strong>(181</strong></span> <span class='ocrx_word' id='word_1_828' title='bbox 505 5319 748 5392; x_wconf 90' lang='lat' dir='ltr'><strong>Antiqui</strong></span> <span class='ocrx_word' id='word_1_829' title='bbox 793 5318 916 5392; x_wconf 90' lang='lat' dir='ltr'><strong>duo</strong></span> <span class='ocrx_word' id='word_1_830' title='bbox 952 5319 1091 5392; x_wconf 92' lang='lat' dir='ltr'><strong>libri</strong></span> <span class='ocrx_word' id='word_1_831' title='bbox 1118 5336 1256 5377; x_wconf 90' lang='lat' dir='ltr'><strong>cum</strong></span> <span class='ocrx_word' id='word_1_832' title='bbox 1288 5324 1451 5378; x_wconf 87' lang='lat' dir='ltr'><strong>Voss.</strong></span> <span class='ocrx_word' id='word_1_833' title='bbox 1487 5323 1544 5375; x_wconf 78' lang='grc' dir='ltr'>ἐκ</span> <span class='ocrx_word' id='word_1_834' title='bbox 1572 5331 1667 5386; x_wconf 80' lang='grc' dir='ltr'><strong>τῆς</strong></span> <span class='ocrx_word' id='word_1_835' title='bbox 1701 5325 1894 5380; x_wconf 78' lang='grc' dir='ltr'>θαλάσ-</span> 
     </span>
    </p>
   </div>
   <div class='ocr_carea' id='block_1_113' title="bbox 2069 5062 3668 5148">
    <p class='ocr_par' dir='ltr' id='par_1_113' title="bbox 2069 5062 3668 5148">
     <span class='ocr_line' id='line_1_113' title="bbox 2069 5062 3668 5148; baseline -0.009 -14"><span class='ocrx_word' id='word_1_836' title='bbox 2069 5081 2121 5135; x_wconf 86' lang='grc'><strong><em>3.</em></strong></span> <span class='ocrx_word' id='word_1_837' title='bbox 2159 5078 2224 5132; x_wconf 86' lang='lat' dir='ltr'><strong>Et</strong></span> <span class='ocrx_word' id='word_1_838' title='bbox 2251 5071 2775 5148; x_wconf 82' lang='lat' dir='ltr'><strong>quemadmodum</strong></span> <span class='ocrx_word' id='word_1_839' title='bbox 2801 5069 2922 5127; x_wconf 88' lang='lat' dir='ltr'><strong>illic</strong></span> <span class='ocrx_word' id='word_1_840' title='bbox 2961 5064 3178 5133; x_wconf 89' lang='lat' dir='ltr'><strong>secari,</strong></span> <span class='ocrx_word' id='word_1_841' title='bbox 3208 5062 3328 5131; x_wconf 84' lang='lat' dir='ltr'><strong>uri,</strong></span> <span class='ocrx_word' id='word_1_842' title='bbox 3361 5065 3420 5120; x_wconf 91' lang='lat' dir='ltr'><strong>et</strong></span> <span class='ocrx_word' id='word_1_843' title='bbox 3445 5077 3668 5120; x_wconf 85' lang='lat' dir='ltr'><strong>amara</strong></span> 
     </span>
    </p>
   </div>
   <div class='ocr_carea' id='block_1_114' title="bbox 2118 5199 2634 5266">
    <p class='ocr_par' dir='ltr' id='par_1_114' title="bbox 2118 5199 2634 5266">
     <span class='ocr_line' id='line_1_114' title="bbox 2118 5199 2634 5266; baseline -0.01 -9"><span class='ocrx_word' id='word_1_844' title='bbox 2118 5203 2162 5237; x_wconf 75' lang='grc'><strong>⁵⁷</strong></span> <span class='ocrx_word' id='word_1_845' title='bbox 2200 5199 2390 5256; x_wconf 87' lang='lat' dir='ltr'><strong>Eccle.</strong></span> <span class='ocrx_word' id='word_1_846' title='bbox 2416 5215 2515 5266; x_wconf 84' lang='lat' dir='ltr'><strong>vn,</strong></span> <span class='ocrx_word' id='word_1_847' title='bbox 2545 5202 2634 5254; x_wconf 86' lang='lat'><strong>30.</strong></span> 
     </span>
    </p>
   </div>
   <div class='ocr_carea' id='block_1_115' title="bbox 2006 5309 3671 5400">
    <p class='ocr_par' dir='ltr' id='par_1_115' title="bbox 2006 5309 3671 5400">
     <span class='ocr_line' id='line_1_115' title="bbox 2006 5309 3671 5400; baseline -0.007 -21"><span class='ocrx_word' id='word_1_848' title='bbox 2006 5326 2405 5400; x_wconf 58' lang='lat' dir='ltr'><strong>éwézpias‘rob;</strong></span> <span class='ocrx_word' id='word_1_849' title='bbox 2435 5321 2751 5400; x_wconf 68' lang='grc' dir='ltr'>ὀφθαλμοὺς,</span> <span class='ocrx_word' id='word_1_850' title='bbox 2783 5321 2893 5400; x_wconf 76' lang='grc' dir='ltr'>καί,</span> <span class='ocrx_word' id='word_1_851' title='bbox 2945 5316 3130 5400; x_wconf 60' lang='grc' dir='ltr'>ἰέὶῖύἱί</span> <span class='ocrx_word' id='word_1_852' title='bbox 3161 5315 3386 5370; x_wconf 85' lang='lat' dir='ltr'><strong>oculos.</strong></span> <span class='ocrx_word' id='word_1_853' title='bbox 3437 5309 3671 5369; x_wconf 87' lang='lat' dir='ltr'><strong>Ibidem</strong></span> 
     </span>
    </p>
   </div>
   <div class='ocr_carea' id='block_1_116' title="bbox 2008 5389 3648 5470">
    <p class='ocr_par' dir='ltr' id='par_1_116' title="bbox 2008 5389 3648 5470">
     <span class='ocr_line' id='line_1_116' title="bbox 2008 5389 3648 5470; baseline -0.006 -19"><span class='ocrx_word' id='word_1_854' title='bbox 2008 5389 2152 5467; x_wconf 53' lang='lat' dir='ltr'><strong>Reg&quot;.</strong></span> <span class='ocrx_word' id='word_1_855' title='bbox 2184 5397 2414 5470; x_wconf 54' lang='lat' dir='ltr'><strong>priuatis</strong></span> <span class='ocrx_word' id='word_1_856' title='bbox 2440 5389 2698 5464; x_wconf 67' lang='grc' dir='ltr'>νίψασθαι</span> <span class='ocrx_word' id='word_1_857' title='bbox 2726 5389 3060 5470; x_wconf 43' lang='grc' dir='ltr'><strong>προσέταξεν,ἒ</strong></span> <span class='ocrx_word' id='word_1_858' title='bbox 3131 5455 3147 5470; x_wconf 32' lang='grc' dir='ltr'><strong>ε</strong></span> <span class='ocrx_word' id='word_1_859' title='bbox 3180 5463 3190 5470; x_wconf 67' lang='lat'>_</span> <span class='ocrx_word' id='word_1_860' title='bbox 3423 5461 3431 5470; x_wconf 31' lang='grc' dir='ltr'><em>ι</em></span> <span class='ocrx_word' id='word_1_861' title='bbox 3481 5461 3502 5470; x_wconf 73' lang='lat'><strong><em>_</em></strong></span> <span class='ocrx_word' id='word_1_862' title='bbox 3578 5458 3591 5470; x_wconf 43' lang='grc' dir='ltr'><strong>Δ</strong></span> <span class='ocrx_word' id='word_1_863' title='bbox 3615 5452 3648 5470; x_wconf 56' lang='grc' dir='ltr'><strong>μ</strong></span> 
     </span>
    </p>
   </div>
   <div class='ocr_carea' id='block_1_117' title="bbox 2083 5452 3675 5541">
    <p class='ocr_par' dir='ltr' id='par_1_117' title="bbox 2083 5452 3675 5541">
     <span class='ocr_line' id='line_1_117' title="bbox 2083 5452 3675 5541; baseline -0.002 -17"><span class='ocrx_word' id='word_1_864' title='bbox 2083 5452 2373 5537; x_wconf 65' lang='grc' dir='ltr'><strong>(ἑιῖΕιίὶιὶ</strong></span> <span class='ocrx_word' id='word_1_865' title='bbox 2421 5472 2479 5522; x_wconf 90' lang='lat' dir='ltr'><strong>et</strong></span> <span class='ocrx_word' id='word_1_866' title='bbox 2504 5452 2644 5534; x_wconf 68' lang='lat' dir='ltr'><strong>Reg.</strong></span> <span class='ocrx_word' id='word_1_867' title='bbox 2690 5452 2995 5522; x_wconf 77' lang='lat' dir='ltr'><strong>secundus</strong></span> <span class='ocrx_word' id='word_1_868' title='bbox 3027 5455 3330 5540; x_wconf 73' lang='grc' dir='ltr'>βουλήματι</span> <span class='ocrx_word' id='word_1_869' title='bbox 3369 5461 3533 5541; x_wconf 68' lang='grc' dir='ltr'>μόνῷο</span> <span class='ocrx_word' id='word_1_870' title='bbox 3564 5452 3675 5511; x_wconf 71' lang='lat' dir='ltr'><strong>Alii</strong></span> 
     </span>
    </p>
   </div>
   <div class='ocr_carea' id='block_1_118' title="bbox 2010 5541 3038 5612">
    <p class='ocr_par' dir='ltr' id='par_1_118' title="bbox 2010 5541 3038 5612">
     <span class='ocr_line' id='line_1_118' title="bbox 2010 5541 3038 5612; baseline -0.005 -15"><span class='ocrx_word' id='word_1_871' title='bbox 2010 5547 2128 5597; x_wconf 87' lang='lat' dir='ltr'><strong>tres</strong></span> <span class='ocrx_word' id='word_1_872' title='bbox 2150 5557 2300 5598; x_wconf 88' lang='lat' dir='ltr'><strong>mss.</strong></span> <span class='ocrx_word' id='word_1_873' title='bbox 2329 5543 2504 5612; x_wconf 83' lang='grc' dir='ltr'>μόνον.</span> <span class='ocrx_word' id='word_1_874' title='bbox 3032 5541 3038 5545; x_wconf 74' lang='grc'><strong>⁷</strong></span> 
     </span>
    </p>
   </div>
  </div>
