4110 6392
481 283 616 338 1οη

1846 279 1905 336 S.
1946 275 2203 335 BASILII
2241 276 2469 334 MAGNI

3710 282 3845 339 1048

472 403 919 461 medicamenta
940 419 1182 461 sumere
1200 419 1327 460 non
1355 418 1732 474 recusamus,
1750 401 2021 474 corporis
2041 417 2134 458 sa-

2243 410 2376 476 κρῶν
2432 405 2715 479 φαρμάκων
2763 403 3102 477 μεταλήψεως
3149 405 3279 479 ὑπερ
3318 413 3415 467 τῆς
3449 412 3544 459 τοῦ
3600 409 3847 479 σώματος

471 492 660 549 nandi
688 508 911 550 causa:
942 493 1029 549 ita
1058 492 1241 550 etiam
1260 492 1379 560 hic,
1403 507 1748 548 sermonem
1778 491 2133 562 objurgato-

470 583 628 639 rium
651 583 1050 655 quantumvis
1081 587 1410 650 secantem,
1442 588 1503 638 et
1520 581 1900 638 amarulenta
1928 596 2133 653 repre-

471 671 839 729 hensionum
865 672 1136 729 remedia
1150 688 1261 746 pro
1280 672 1502 728 animae
1525 670 1762 728 medela
1779 686 1981 743 operas
2004 685 2133 742 pre-

474 760 626 818 tium
653 766 745 817 est
765 762 1030 834 perferre
1062 779 1076 817 :
1110 761 1279 835 quod
1303 760 1655 834 quidemdis
1694 759 1800 833 qui
1824 758 2133 815 emendati

475 866 599 907 non
618 851 859 907 fuerant
875 850 1207 923 exprobrat
1228 849 1621 923 propheticus
1641 863 1866 918 sermo,
1887 846 1978 904 his
1998 863 2133 903 ver-

474 938 569 996 bis
602 957 618 997 :
648 941 946 1013 Nunquid
965 943 1168 999 resina
1188 957 1307 997 non
1332 941 1501 997 estin
1527 938 1809 996 Galaad?
1828 944 1932 993 aut
1954 938 2137 995 medi-

476 1045 581 1086 cas
617 1047 736 1087 non
764 1037 848 1088 est
872 1032 1005 1087 ibi?
1036 1031 1236 1098 Quare
1269 1046 1392 1087 non
1421 1029 1692 1086 ascendit
1721 1030 1961 1085 sanatio
1988 1030 2135 1097 ﬁliae

472 1123 689 1191 populi
726 1122 843 1178 mei
857 1121 952 1177 ⁸κῖ
979 1126 1170 1194 Atque
1209 1121 1325 1177 hoc
1370 1120 1573 1185 etiam,
1611 1118 1782 1193 quod
1809 1118 1873 1175 in
1905 1118 2136 1175 morbis

475 1209 842 1277 inveteratis,
873 1209 1251 1282 perlongum
1272 1215 1778 1283 tempus,perque
1797 1207 2028 1265 auxilia
2057 1208 2136 1263 si-

476 1297 605 1354 mul
633 1298 907 1355 dolorem
935 1299 1203 1355 creantia
1245 1303 1303 1356 et
1339 1299 1531 1367 varia,
1562 1301 1945 1370 exspectatur
1978 1295 2137 1353 sani-

477 1392 588 1456 tas,
611 1386 835 1443 indicio
861 1387 1200 1456 est,animm
1217 1402 1464 1461 quoque
1487 1392 1739 1460 peccata
1759 1401 1869 1459 per
1888 1384 2136 1441 sedulus

474 1476 957 1550 preees,et399
970 1476 1322 1534 diuturnam
1340 1476 1859 1549 pmnitentiam,ac
1879 1474 2140 1546 discipli-

475 1582 624 1622 nam
645 1567 1029 1635 severiorem,
1058 1583 1245 1641 quam
1274 1567 1430 1624 ratio
1455 1568 1534 1623 ad
1560 1567 1940 1623 sanationem
1962 1565 2139 1622 nobis

477 1653 879 1711 sutﬂcientem
904 1670 1036 1711 esse
1051 1656 1374 1727 monuerit,
1389 1671 1428 1712 a
1446 1655 1624 1712 nobis
1651 1653 1866 1726 corrigi
1890 1653 2136 1710 debere.

472 1746 606 1801 Non
627 1744 827 1814 igitur,
854 1743 1147 1816 quoniam
1164 1744 1357 1818 aliqui
1377 1750 1505 1801 arte
1526 1743 1764 1800 medica
1794 1758 1920 1799 non
1948 1741 2139 1815 probe

477 1836 752 1902 utuntur,
767 1833 898 1904 ejus
912 1833 1093 1890 nobis
1114 1833 1341 1891 utilitas
1365 1833 1563 1890 omnis
1585 1830 1877 1903 fugienda
1896 1836 2008 1888 est.
2033 1833 2140 1887 Ne-

474 1936 597 1995 que
606 1921 1092 1994 e-nim,quoniam
1109 1921 1582 1995 inteinperantes
1599 1920 1855 1994 quidam
1872 1919 2142 1991 volupta-

475 2016 608 2068 tum
632 2017 956 2068 sectatores
987 2011 1365 2083 coquinaria,
1393 2015 1496 2067 aut
1528 2010 1798 2083 pistoria,
1826 2014 1933 2066 aut
1958 2013 2141 2066 texto-

476 2101 570 2157 ria
589 2100 669 2157 ad
690 2099 937 2156 delicias
956 2099 1393 2170 exeogitandas
1410 2100 1905 2168 abutantur,cum
1926 2097 2140 2154 limites

476 2192 680 2247 rerum
718 2191 1203 2246 necessariarum
1251 2190 1570 2262 excedant,
1596 2190 1885 2246 continuo
1927 2204 2142 2245 omnes

478 2279 661 2336 simul
691 2284 853 2336 artes
884 2278 1049 2350 rejici
1095 2293 1132 2336 a
1173 2278 1353 2335 nobis
1376 2279 1606 2336 debent
1631 2295 1646 2335 :
1678 2284 1891 2336 contra
1916 2277 2138 2351 potius,

476 2369 646 2443 quod
675 2368 754 2425 ab
784 2368 898 2425 iliis
932 2374 1285 2443 corruptum
1313 2369 1445 2441 fuit,
1471 2368 1535 2426 id
1572 2383 1646 2425 ex
1672 2373 1837 2425 recto
1865 2367 2140 2441 ipsarum

462 2466 597 2514 ‘usu
640 2458 1104 2529 coarguendum
1147 2463 1258 2515 est.
1293 2458 1386 2517 Sic
1415 2459 1599 2515 etiam
1625 2464 1681 2514 et
1710 2458 1772 2514 in
1810 2457 2138 2527 medicina,

477 2560 594 2620 par
618 2563 742 2605 non
775 2551 865 2604 est
893 2553 1210 2620 acceptum
1240 2564 1277 2605 a
1308 2550 1427 2604 Deo
1468 2563 1694 2604 munus
1723 2547 2029 2604 criminari
2058 2548 2139 2605 ob

476 2635 712 2693 malum
741 2652 942 2693 usum.
968 2639 1117 2693 Nam
1151 2641 1212 2694 ct
1236 2637 1299 2694 in
1322 2636 1705 2694 medicorum
1740 2635 2026 2693 manibus
2046 2652 2138 2694 sa-

475 2725 684 2782 nitatis
720 2741 847 2781 suae
884 2736 1054 2799 spem
1084 2725 1405 2795 collocare,
1436 2726 1776 2783 belluinum
1815 2730 1936 2793 est;
1968 2726 2137 2800 quod

476 2820 687 2872 tamen
715 2830 833 2870 usu
863 2814 1064 2871 venire
1088 2815 1400 2872 nonnullis
1429 2815 1667 2872 miseris
1696 2815 1996 2884 videmus,
2031 2816 2137 2888 qui

475 2902 658 2959 etiam
687 2918 813 2959 non
851 2908 1136 2961 verentur
1170 2919 1276 2960 eos
1315 2903 1621 2978 appellare
1661 2909 2002 2962 servatores
2033 2923 2047 2962 :
2080 2909 2139 2962 et

474 2992 802 3049 commoda
819 3008 894 3049 ex
919 3008 993 3050 ea
1015 2994 1328 3051 nascentia
1351 2995 1604 3051 omnino
1628 2995 1917 3065 aversari,
1947 2994 2138 3051 animi

452 3086 563 3138 est
589 3081 899 3139 obstinati.
932 3082 1050 3139 Sed
1085 3083 1240 3140 sicut
1270 3084 1543 3141 Ezechias
1576 3082 1834 3141 ﬁcorum
1860 3099 2136 3141 massam

469 3184 596 3227 non
622 3170 880 3244 putabat
907 3172 1167 3245 primam
1192 3188 1323 3229 esse
1344 3173 1621 3230 sanitatis
1641 3186 1767 3228 suas
1787 3188 2041 3229 causam
2062 3174 2130 3244 ω,

467 3274 670 3333 neque
698 3258 752 3316 ei
783 3265 1099 3334 acceptam
1119 3262 1416 3319 referebat
1444 3264 1716 3336 corporis
1746 3262 1842 3319 sui
1871 3262 2135 3318 curatio-

2241 492 2513 565 θεραπείας
2558 492 2855 567 ἀνεχόμεθα
2877 510 2891 525 ’
2924 495 3060 547 οὑτω
3110 495 3200 547 καί
3248 495 3473 550 ἐνταῦθα
3504 499 3570 549 τὰ
3606 493 3847 568 τμητικὰ

2238 588 2331 633 τοῦ
2374 580 2668 653 ἑλεγκτικοῡ
2698 582 2877 655 λόγου,
2907 588 2998 636 καὶ
3037 586 3107 637 τὰ
3147 586 3310 659 πικρὰ
3350 593 3451 638 τῶν
3492 584 3843 658 ἐπιτιμήσεων

2240 673 2490 745 φάρμακα
2517 674 2645 746 ὑπερ
2678 679 2770 734 τῆς
2809 675 2947 725 κατά
2962 671 3150 745 ψυχὴν
3200 676 3472 749 θεραπείας
3508 670 3842 745 καταδέχεσ-

2241 761 2330 813 θαι
2379 764 2515 835 χρή.
2543 759 2706 835 Ὀπερ
2753 769 2861 824 τοῖς
2908 767 2980 836 μὴ
3023 760 3386 818 παιδευθεῖσιν
3439 766 3467 817 ό
3521 764 3843 837 προφητικὸς

2238 846 2393 921 λόγος
2421 847 2756 912 ἐπονειδίζων
2785 852 2899 923 (2‘2)
2933 857 3098 926 φησί·
3134 859 3219 912 Μὴ
3261 856 3448 929 ῥητίνη
3482 854 3576 906 οὑκ
3615 857 3758 907 ἔστιν
3790 851 3842 905 ἐν

2242 935 2455 991 Γαλαάδ
2476 956 2490 1007 ;
2541 940 2570 999 ἦ
2625 940 2801 1015 ἰατρὸς
2847 942 2943 995 οὑκ
2986 945 3129 995 ἔστιν
3176 943 3318 1011 ἐκεῖς
3354 946 3452 997 Διά
3479 948 3530 996 τί
3560 943 3655 996 οὑκ
3685 940 3839 999 ἀνέϐη

2240 1032 2387 1090 ἴασις
2415 1030 2676 1103 θυγατρὸς
2697 1029 2824 1083 λαοῦ
2849 1050 2979 1104 pou;
3010 1035 3108 1086 Καὶ
3149 1035 3208 1085 τό
3258 1032 3343 1085 ἐπὶ
3370 1041 3473 1084 τῶν
3515 1036 3742 1106 χρονίων
3782 1027 3844 1084 δί

2241 1123 2420 1174 παθῶν
2479 1116 2574 1172 διὰ
2636 1139 2840 1195 μακρου
2901 1125 3095 1196 χρόνου
3161 1126 3252 1175 καὶ
3317 1118 3412 1175 διὰ
3484 1120 3843 1195 βοηθημάτων

2245 1208 2486 1282 ἀλγεινῶν
2533 1229 2589 1263 τε
2637 1212 2766 1283 ὁμου
2813 1214 2902 1262 κειὶ
2936 1210 3182 1263 ποικίλων
3222 1215 3316 1270 τὴν
3364 1214 3507 1264 ἴασιν
3553 1208 3838 1283 ἀναμένειν,

2243 1296 2493 1372 ἓνδειγμά
2523 1299 2635 1353 ἐστι
2665 1319 2756 1352 του
2786 1304 2877 1352 καὶ
2910 1301 2976 1351 τὰ
3015 1307 3108 1361 τῆς
3149 1299 3335 1372 ψυχῆς
3361 1299 3719 1372 ἁμαρτήματα
3748 1295 3844 1352 διὰ

2245 1388 2520 1463 φιλοπόνου
2590 1385 2822 1451 δεήσεως
2866 1393 2958 1441 καὶ
3004 1387 3356 1462 πολυχρονίου
3414 1392 3691 1461 μετανοίας
3755 1390 3846 1440 καὶ

2246 1476 2459 1550 ἀγωγῆς
2490 1478 2752 1544 ἐπιπόνου,
2787 1478 2848 1536 ἣν
2872 1480 2984 1550 (23)
3011 1475 3072 1529 ἆν
3093 1479 3120 1530 ό
3146 1476 3293 1550 λόγος
3313 1478 3342 1535 ἠ
3351 1484 3437 1550 μίν
3459 1477 3694 1549 αὐτάρκη
3721 1480 3845 1550 πρὸς

2247 1569 2388 1620 ἶασιν
2409 1566 2665 1640 ὑποϐάλῃ,
2684 1566 2898 1639 ὀφείλειν
2918 1569 2948 1625 ἡ
2956 1573 3059 1639 μᾶς
3088 1567 3526 1640 ἐπανορθουσθαι.
3555 1566 3631 1617 Oti
3652 1571 3843 1633 τοὶνυν,

2246 1653 2423 1715 ἔπειδή
2457 1675 2586 1717 τινες
2637 1656 2696 1709 οὑ
2726 1648 2907 1718 καλῶς
2946 1664 3184 1729 χρῶνται
3211 1664 3273 1728 τῇ
3308 1660 3468 1729 τέχνῃ
3507 1662 3566 1728 τῇ
3613 1654 3844 1730 ἰατρικῇ,

2246 1750 2485 1819 φευκτέον
2515 1747 2640 1818 ἡμῖν
2686 1751 2863 1798 πᾶσαν
2921 1749 3016 1803 τὴν
3057 1743 3144 1796 ἀπ’
3186 1745 3350 1806 αὑτῆς
3398 1742 3662 1816 ὠφέλειαν,
3706 1740 3847 1797 Οὑδε

2245 1839 2364 1910 γὰρ,
2399 1831 2579 1894 ἐπειδὴ
2626 1842 2904 1908 μαγειρικῇ
2946 1837 3073 1906 πρὸς
3119 1841 3317 1910 τρυφῆς
3368 1832 3593 1886 ἕπίνοιοω
3633 1835 3682 1885 οἱ
3728 1838 3845 1907 περὶ

2246 1928 2342 1988 τὰς
2377 1921 2572 1987 ἡδονὰς
2620 1922 2901 1977 ἀκόλαστοι
2928 1927 3265 1998 κέχρηνται,
3290 1924 3319 1983 ᾖ
3372 1931 3435 1997 τῇ
3491 1921 3786 1997 ἀρτοποιίᾳ,
3810 1922 3840 1981 ἦ

2246 2022 2309 2088 τῇ
2352 2015 2628 2086 ὑφαντικη,
2673 2012 3060 2087 ὑπερϐαίνοντες
3090 2018 3178 2066 τόν
3222 2015 3340 2087 ὅρον
3386 2021 3487 2066 τῶν
3529 2010 3841 2084 ἀναγκαίων,

2247 2099 2355 2162 ἣδη
2387 2106 2524 2177 ἡμᾶς
2553 2106 2728 2166 πάσας
2757 2106 2888 2176 ὁμοῦ
2914 2108 3025 2177 χρὴ
3062 2105 3433 2178 παραιτεῖσθαι
3475 2104 3570 2164 τὰς
3611 2106 3805 2174 τέχνας
3826 2117 3841 2131 ⁶

2244 2197 2306 2246 τό
2339 2193 2576 2252 ἑναητίον
2604 2197 2695 2266 μεν
2725 2190 2833 2260 οὑν,
2873 2193 2927 2246 έκ
2962 2202 3053 2254 τῆς
3084 2191 3239 2268 ὀρθῆς
3287 2193 3456 2245 αὑτῶν
3504 2197 3747 2265 χρήσεως
3785 2193 3844 2242 τὸ

2249 2283 2339 2336 ὑπ’
2379 2283 2580 2335 ἐκείνων
2622 2285 3097 2359 παραφθειρὸμενον
3128 2279 3441 2354 διελέγχειν.
3477 2282 3630 2334 Οὕτω
3655 2277 3715 2333 δέ
3754 2285 3846 2332 καὶ

2250 2371 2335 2425 ἐπὶ
2390 2382 2483 2433 τῆς
2524 2372 2763 2447 ἰατρικῆς
2811 2377 2906 2431 τὴν
2945 2373 3089 2445 παρὰ
3138 2390 3228 2424 του
3280 2380 3413 2425 Θεου
3452 2373 3614 2445 χάριν
3643 2375 3847 2445 πονηρᾷ

2250 2457 2546 2515 διαϐάλλειν
2597 2467 2797 2535 χρήσει
2851 2462 2946 2515 οὑκ
3006 2461 3231 2534 εὔλογον,
3263 2464 3334 2514 Τό
3380 2478 3434 2512 τε
3470 2461 3572 2534 γὰρ
3631 2459 3680 2512 έν
3728 2467 3847 2520 ταῖς

2247 2556 2410 2625 χερσὶ
2430 2560 2530 2604 τῶν
2559 2551 2746 2625 ἰατρῶν
2771 2556 2859 2610 τὴν
2893 2548 3082 2605 ἐλπίδα
3112 2554 3254 2624 ἔχειν
3293 2558 3385 2611 τῆς
3434 2549 3626 2602 ἑαυτῶν
3671 2550 3847 2620 ὑγείας

2245 2637 2505 2702 κτηνῶδες
2527 2658 2540 2671 °
2570 2643 2691 2716 ὅπερ
2722 2643 3033 2713 πάσχοντας
3063 2660 3209 2702 τινας
3243 2648 3344 2692 τῶν
3391 2637 3579 2692 ἀθλίων
3624 2639 3842 2714 ὁρῶμεν,

2245 2729 2298 2783 οἱ
2343 2734 2433 2783 καὶ
2481 2738 2719 2805 σωτῆρας
2767 2730 2951 2791 αὐτοὺς
2994 2729 3266 2803 ὀνομάζειν
3314 2728 3373 2781 οὑ
3429 2743 3841 2803 παραιτουντοιι⁹

2244 2824 2303 2873 τό
2331 2838 2386 2872 τε
2423 2820 2590 2879 πάντη
2640 2821 2735 2883 τὰς
2778 2818 2868 2872 ἀπ’
2907 2816 3067 2880 αὑτῆς
3093 2822 3203 2880 (24)
3251 2818 3489 2891 ὠφελείας
3539 2817 3844 2891 ἀποφεύγειν

2245 2908 2547 2983 φιλόνεικον.
2583 2908 2717 2963 Ἀλλ’
2760 2911 2934 2983 ὧσπερ
2979 2910 3005 2961 ό
3062 2909 3293 2972 Ἐζεκίας
3345 2913 3438 2967 τὴν
3474 2907 3713 2966 παλάθην
3742 2915 3843 2960 τῶν

2247 3000 2416 3051 σύκων
2469 2999 2598 3071 οὐχὶ
2638 3007 2841 3073 πρῶτον
2888 3001 3056 3051 αἴτιον
3105 2999 3282 3070 ὑγείας
3321 2999 3519 3070 ἠγεῖτο,
3564 2993 3690 3051 οὑδε
3726 2998 3844 3049 τού⁸

2244 3096 2318 3159 τῷ
2348 3089 2461 3159 (25)
2488 3093 2583 3147 τὴν
2613 3087 2783 3141 αἰτίαν
2819 3095 2916 3149 τῆς
2948 3088 3131 3148 ἰάσεως
3168 3106 3259 3139 του
3289 3093 3529 3160 σώματος
3561 3085 3840 3159 ἐλογίζετο,

2242 3177 2542 3249 προσετίθει
2572 3173 2631 3229 δε
2659 3184 2720 3249 τῇ
2756 3172 2886 3249 δόξῃ
2927 3183 3019 3228 τοῦ
3044 3182 3180 3229 Θεοῦ
3209 3180 3301 3228 καὶ
3342 3179 3437 3234 τὴν
3468 3175 3554 3228 ἐπὶ
3581 3183 3643 3249 τῇ
3673 3179 3845 3228 κτίσει

2242 3274 2344 3318 τῶν
2376 3268 2546 3319 σύκων
2594 3265 2942 3339 εὐχαριστίαν
2967 3286 2981 3299 ο
3032 3266 3167 3318 οὕτω
3214 3270 3304 3317 καὶ
3349 3267 3522 3338 ἡμεῖς,
3560 3262 3706 3340 παρά
3750 3270 3844 3317 τοῦ

452 3364 632 3418 "nem,
669 3350 780 3406 sed
821 3350 901 3407 ad
934 3333 1035 3407 Dei
1064 3350 1320 3422 gloriam
1351 3333 1684 3423 gratiarum
1714 3352 1895 3409 etiam
1944 3352 2133 3409 actio-

2245 3352 2450 3427 ἀγαθῶς
2493 3360 2584 3407 καὶ
2632 3363 2889 3429 φρονίμως
2933 3354 3324 3428 οἰκονομοῦντος
3368 3359 3463 3413 τὴν
3512 3356 3652 3416 ζωὴν
3698 3355 3846 3427 ἡμῶν

469 3454 611 3496 nem
635 3440 853 3511 adjecit
872 3440 953 3496 ob
990 3440 1269 3499 conditas
1305 3441 1457 3498 ﬁcus
1483 3456 1498 3498 :
1531 3441 1615 3498 sic
1644 3457 1759 3499 nos
1787 3457 2054 3517 quoque,
2083 3442 2133 3498 si

469 3544 507 3586 a
526 3531 647 3585 Deo
661 3529 815 3585 bene
828 3529 1276 3603 prudenterque
1287 3530 1474 3589 vitam
1487 3536 1762 3589 nostram
1774 3531 2132 3589 moderante

464 3619 683 3693 plagas
708 3619 1067 3693 accipimus,
1100 3620 1368 3694 primum
1405 3622 1657 3696 quidem
1701 3622 1782 3679 ab
1821 3622 1960 3695 ipso
1985 3621 2132 3695 peti-

465 3724 628 3777 mus,
650 3714 717 3766 ut
745 3709 968 3767 indicet
994 3710 1176 3767 nobis
1208 3726 1481 3781 causam,
1504 3727 1612 3768 cur
1634 3712 1716 3770 ita
1739 3712 2084 3786 plectamur
2111 3730 2125 3769 :

467 3798 702 3865 deinde,
740 3804 806 3856 ut
849 3799 1184 3856 liberemur
1210 3800 1290 3858 ab
1336 3801 1430 3857 his
1478 3800 1789 3870 molestiis,
1833 3801 2131 3875 deturque

464 3888 647 3945 nobis
674 3888 989 3962 patientia,
1029 3889 1185 3947 adeo
1215 3895 1284 3948 ut
1308 3906 1433 3948 una
1461 3907 1602 3948 eum
1634 3892 1964 3949 tentatione
1983 3908 2134 3965 pras-

456 3982 580 4035 stet
609 3978 792 4035 etiam
818 3982 1127 4049 eventum,
1148 3995 1275 4053 quo
1302 3980 1610 4053 possimus
1641 3979 1896 4038 sufferre
1914 3983 1987 4036 7°.

538 4070 593 4123 4.
627 4066 927 4123 Collatum
959 4071 1165 4125 autem
1203 4068 1380 4125 nobis
1423 4068 1696 4127 sanitatis
1743 4068 2131 4140 beneﬁcium,

468 4156 599 4213 sive
645 4170 755 4226 per
781 4155 998 4212 vinum
1027 4156 1162 4213 oleo
1192 4157 1529 4214 admistum
1548 4160 1622 4231 τι,
1646 4164 1711 4215 ut
1734 4159 1797 4215 in
1816 4174 1890 4217 eo
1913 4159 2021 4233 qui
2045 4160 2135 4217 in-

469 4244 623 4302 cidit‘
640 4245 705 4300 in
735 4245 1023 4317 latrones,
1076 4246 1201 4302 sive
1243 4262 1353 4319 per
1379 4247 1550 4320 ﬁcus,
1593 4253 1660 4306 ut
1704 4249 1767 4306 in
1798 4250 2132 4321 Ezechia",

469 4351 611 4392 cum
642 4335 975 4406 gratiarum
1009 4336 1246 4393 actione
1271 4337 1618 4411 recipimus.
1648 4342 1764 4397 Nec
1793 4340 2135 4414 quidquam

468 4424 707 4481 differre
735 4424 1116 4494 arbitremur,
1146 4426 1268 4483 sive
1294 4427 1480 4485 modo
1513 4428 1800 4486 invisibili
1831 4433 1989 4487 Deus
2019 4445 2136 4488 nos

469 4515 798 4580 curet,sive
808 4530 1170 4589 corporeum
1192 4517 1492 4591 quiddam
1514 4520 1832 4577 adhibeat:
1847 4534 1988 4595 quas
2009 4537 2138 4578 cor-

467 4604 698 4678 poralia
725 4620 1146 4677 saepenumero
1171 4606 1478 4664 efﬁcacius
1507 4623 1633 4665 non
1663 4608 2018 4668 conducunt
2053 4611 2138 4668 ad

456 4710 695 4753 munus
726 4695 962 4752 Domini
1002 4695 1482 4768 intelligendum.
1520 4702 1714 4773 Atque
1753 4699 1938 4756 etiam
1969 4715 2135 4773 sape

469 4784 880 4854 castigationis
898 4801 1085 4844 causa
1104 4786 1166 4844 in
1187 4787 1435 4844 morbos
1455 4787 1728 4862 collapsi,
1744 4788 1824 4846 ad
1845 4804 2131 4863 asperam

471 4888 842 4949 gravemque
888 4878 1264 4935 curationem
1294 4878 1719 4952 perferendam
1761 4894 1957 4953 pcence
1999 4880 2133 4939 loco

2243 3452 2378 3498 Θεοῦ
2424 3441 2703 3517 δεχόμενοι
2748 3447 2844 3507 τὰς
2884 3444 3113 3517 πληγὰς,
3151 3443 3274 3520 παρ’
3303 3444 3465 3497 αὑτοῦ
3512 3452 3716 3518 πρῶτον

2243 3535 2485 3608 αἰτοῦμεν
2532 3539 2626 3594 τὴν
2673 3543 2867 3607 γνῶσιν
2912 3542 3003 3588 τοῦ
3064 3534 3222 3607 λόγου
3270 3533 3386 3588 καθ’
3428 3536 3481 3588 ὃν
3530 3533 3709 3606 ἐπάγει
3752 3537 3848 3597 τὰς

2241 3627 2524 3698 μάστιγας,
2576 3627 2753 3678 ἔπειτα
2806 3620 2866 3677 δε
2902 3629 2993 3683 τὴν
3048 3642 3104 3677 τε
3152 3622 3456 3696 ἀπαλλαγὴν
3511 3631 3612 3677 τῶν
3656 3620 3849 3682 ὀδυνη-

2240 3723 2343 3788 ρῶν
2398 3719 2491 3767 καὶ
2534 3718 2629 3774 τὴν
2672 3716 2960 3788 ὑπομονὴν,
3009 3717 3137 3789 πρός
3183 3716 3243 3766 τό
3298 3717 3392 3766 σὺν
3439 3722 3513 3786 τῷ
3566 3721 3847 3789 πειρασμῷ

2239 3812 2542 3879 παρασχεῖν
2579 3808 2671 3857 καὶ
2699 3808 2793 3867 τὴν
2823 3803 3059 3872 ἔκϐασιν,
3108 3822 3200 3857 του
3247 3800 3510 3858 δύνασθαι
3550 3805 3692 3878 ἡμᾶς
3729 3805 3848 3877 (26)

2242 3895 2558 3966 ὑπενεγκεῖν.

2310 4075 2369 4129 4.
2400 4073 2646 4125 Δοθεῖσαν
2700 4068 2759 4125 δε
2796 4074 2922 4145 ἡμῖν
2964 4081 3057 4135 τῆς
3098 4072 3282 4135 ἰάσεως
3324 4078 3419 4133 τὴν
3450 4075 3634 4149 χάριν,
3688 4075 3718 4135 ἣ
3754 4070 3850 4130 διά

2241 4169 2335 4216 τοῦ
2378 4160 2652 4231 οἰνελαίου,
2683 4164 2747 4223 ὡς
2782 4161 2865 4215 ἐπὶ
2895 4170 2986 4215 τοῦ
3019 4162 3327 4237 ἐμπεσόντος
3366 4166 3438 4227 εἱς
3466 4168 3583 4225 τοὺς
3624 4164 3846 4239 λῃστὰς,

2243 4252 2274 4312 ἠ
2330 4248 2423 4304 διὰ
2472 4253 2572 4303 τῶν
2622 4254 2812 4320 σύκων,
2868 4254 2932 4314 ὡς
2970 4252 3054 4306 ἐπὶ
3084 4261 3175 4305 τοῦ
3208 4253 3464 4324 Ἐζεκίου,
3516 4254 3849 4330 εὐχαρίστως

2243 4337 2619 4414 ὑποδεχόμεθα
2658 4342 2792 4413 (27).
2839 4346 2939 4395 Καὶ
2983 4339 3134 4395 οὑδεν
3175 4338 3507 4416 διοισόμεθα,
3542 4347 3641 4397 εἶτε
3671 4344 3727 4398 ix
3755 4352 3849 4398 τοῦ

2245 4430 2466 4506 ἀφανοῦς
2494 4435 2695 4503 γένοίτο
2743 4434 2868 4505 ἡμῖν
2906 4434 2936 4491 ἠ
2987 4431 3251 4505 ἐπιμέλεια
3296 4440 3390 4485 τοῦ
3426 4441 3587 4503 Θεοῦ,
3631 4438 3731 4488 εἴτε
3758 4440 3850 4488 καὶ

2247 4519 2343 4575 διά
2378 4540 2512 4582 τινος
2566 4529 2666 4575 τῶν
2722 4530 3064 4596 σωματικῶν·
3115 4521 3151 4574 ἀ
3195 4520 3442 4585 πολλάκις
3498 4524 3850 4601 ἐνεργέστερον

2246 4612 2383 4684 ἡμᾶς
2424 4612 2540 4683 οἷγει
2593 4611 2661 4673 εἰς
2691 4613 3043 4670 συναίσθησιν
3090 4618 3188 4673 τῆς
3216 4613 3362 4687 παρὰ
3389 4620 3482 4665 τοῦ
3515 4619 3712 4689 Κυρίου
3737 4615 3852 4687 χά-

2245 4719 2406 4776 ριτος.
2455 4700 2712 4764 Πολλάκις
2763 4697 2823 4753 δε
2865 4704 2955 4753 καὶ
3007 4703 3139 4775 πρὸς
3197 4697 3444 4755 παιδείαν
3489 4709 3852 4778 περιπεσόντες

2245 4799 2357 4853 ταῖς
2399 4796 2589 4858 νόσοις,
2620 4793 2770 4865 μέρος
2815 4799 2907 4852 τῆς
2957 4786 3283 4852 παιδώσεως
3330 4797 3421 4846 καὶ
3459 4797 3554 4853 τὴν
3604 4790 3699 4847 διὰ
3750 4803 3851 4847 τῶν

2242 4881 2499 4936 ἐπιπόνων
2548 4882 2820 4955 θεραπείαν
2863 4881 3156 4938 ὑποστῆναι
3197 4878 3676 4958 κατεδικάσθημεν.
3718 4888 3852 4939 Οὔτε

544 5069 594 5105 ⁸⁸
621 5070 836 5128 Jerem.
866 5088 980 5143 vui,
1009 5074 1100 5128 22.
1177 5074 1224 5109 “
1260 5075 1329 5130 IV
1352 5072 1497 5146 Reg.
1531 5090 1633 5146 xx,
1663 5082 1721 5134 7.
1796 5076 1847 5113 ⁷ο
1877 5079 1897 5133 I
1926 5079 2063 5135 Cor.
2102 5094 2135 5135 x

2243 5082 2285 5136 3.
2360 5077 2407 5113 τι
2445 5077 2591 5133 Luc.
2621 5090 2680 5148 x,
2717 5070 2810 5133 34.
2885 5075 2934 5111 ⁷³
2966 5075 3036 5131 1V
3062 5077 3205 5148 Reg.
3236 5093 3342 5151 xx,
3365 5083 3422 5134 7.

545 5248 657 5320 (2'2)
688 5251 753 5307 In
779 5250 969 5307 Vossii
1000 5252 1183 5309 veteri
1204 5251 1361 5310 libro
1397 5270 1510 5329 pro
1550 5252 1884 5318 ἕπονειδίζων
1912 5255 2133 5328 legitur

478 5317 821 5374 ένονειδίζων.

549 5358 991 5474 δέξίίίοῑιθε
1017 5399 1249 5474 Veteres
1263 5400 1331 5474 _et
1358 5397 1505 5468 Reg.
1540 5399 1964 5474 secundusxat
1990 5399 2132 5473 ἀγῶ-

475 5480 561 5546 ξςς
614 5468 856 5546 ἐπιπόνου
904 5468 987 5531 ἣν,
1040 5468 1216 5546 male.
1263 5468 1505 5546 Veteres
1558 5475 1677 5527 tres
1728 5471 1866 5546 libri
1914 5468 2134 5546 printer

476 5536 774 5619 γοεετηκαὶ
807 5539 1020 5619 ἀγωγῇ-ς
1047 5538 1290 5619 ἐπιπόνου
1311 5544 1415 5619 Δἣν,
1442 5544 1866 5619 εθριᾳιειειίῳ
1896 5536 2131 5619 antiqui

477 5614 605 5666 duo
628 5605 766 5668 libri
784 5605 937 5668 clim—
958 5612 1130 5672 νοις.
1150 5605 1410 5690 ὑποϐάλῃξ
1439 5614 1593 5675 Εάὶιί
1621 5614 1911 5691 manu.

2317 5257 2425 5328 (24)
2451 5255 2604 5312 Editi
2622 5257 2713 5328 τὰς
2734 5253 2813 5307 ἐπ’
2834 5253 3015 5315 αὐτῆς.
3039 5255 3253 5328 Λιγάαο
3272 5256 3537 5328 ωδε-τὰς
3554 5252 3647 5328 ἀπ’
3670 5252 3798 5312 αὑτὴ·
3807 5272 3850 5309 ς.

2317 5324 2428 5399 (25⁷)
2456 5330 2597 5398 Reg.
2626 5327 2858 5399 primus
2889 5334 3058 5381 τοῦτο.
3088 5327 3313 5383 Ibidem
3347 5324 3515 5399 Colb.
3549 5325 3732 5399 ἰάσεως
3756 5328 3851 5375 τοῦ

2242 5395 2764 5473 τραύματοςζηὲᾳιιε
2785 5399 2927 5456 huic
2954 5401 3329 5457 curationem
3352 5398 3451 5453 sui
3471 5395 3741 5453 vulneris
3764 5408 3856 5457 re-

2242 5419 2273 5453 τ
2308 5419 2506 5473 αυματο
2516 5419 2556 5467 ς,
2574 5419 2764 5470 neque
2785 5419 2832 5455 η

2242 5419 2478 5544 [ferebat
2499 5477 2832 5544 acceptam.

2318 5548 2438 5631 (Egi
2467 5546 2619 5631 fteg.
2640 5538 3156 5631 primusﬁ‘évaa-Oat
3175 5542 3327 5631 apag;

2314 5608 2439 5690 (27)
2469 5608 2806 5677 Idim'mss.
2835 5614 3168 5693 εὐχαρίστως
3190 5608 3600 5690 ὑποδεχώμεθα.
