4110 6392
404 276 542 332 to”

1558 274 1861 333 REGULE
1907 275 2158 334 FUSIUS
2196 275 2621 333 TRACTATIE.

3634 279 3776 337 1050

399 399 488 452 οὖν
522 399 704 472 τομὰς,
751 400 868 452 οὔτε
905 399 1139 467 καύσεις,
1189 402 1302 453 οὔτε
1347 395 1442 452 διὰ
1484 399 1590 472 (28)
1631 407 1728 453 τῶν
1770 396 1997 473 δριμέων

2112 400 2500 458 condemnati
2525 417 2757 459 sumus.
2784 405 2988 477 Itaque
3013 419 3211 478 neque
3233 405 3549 471 sectiones,
3571 419 3772 478 neque

399 492 491 541 καὶ
556 487 806 540 ἐπιπόνων
861 490 1143 563 φαρμάκων
1212 487 1508 562 ἀλγήματα,
1580 492 1696 542 οὔτε
1763 487 1998 558 ἀσιτίας,

402 579 518 630 οὔτε
565 575 772 640 διαίτης
822 576 1008 650 ἀκριϐῆ
1054 582 1237 652 μέτρα,
1287 581 1404 631 οὔτε
1452 577 1664 650 ἀποχήν
1707 586 1808 632 τῶν
1852 581 1998 652 φθει-

400 670 590 741 ρόντων
629 669 1000 741 παραιτεῖσθαι
1038 669 1178 740 ἡμᾶς
1207 669 1232 720 ὁ
1287 667 1435 742 ὀρθός
1477 667 1628 739 λόγος
1669 670 1995 744 ὑπαγορεύει·

406 755 700 829 σωζομένου
763 755 915 807 πάλιν
962 755 1111 828 λέγω)
1151 763 1241 810 τοῦ
1285 765 1482 810 σκοποῦ
1521 765 1611 818 τῆς
1649 761 1784 810 κατὰ
1812 757 1998 830 ψυχὴν

403 844 667 916 ὡφελίεας,
719 848 790 908 ὡ,
829 844 876 897 ἓν
909 841 1294 918 ὑποδείγματος
1343 845 1478 918 λόγῳ
1521 851 1614 906 τὴν
1669 847 1852 910 ἑαυτῆς
1891 846 2000 900 ἐπι-

402 933 605 1005 μέλειαν
654 931 1050 1006 παιδευομένης.
1099 931 1351 998 Κίνδυνος
1392 932 1450 988 δὲ
1497 936 1604 1008 οὐχ
1642 937 1669 989 ὀ
1717 940 1897 1008 τυχὼν
1929 937 2000 1000 εἰς

403 1028 753 1099 μετεωρισμόν
805 1029 896 1082 τὴν
951 1020 1187 1076 διάνοιαν
1236 1023 1489 1092 ἐκπεσεῖν,
1547 1028 1615 1086 ὡς
1661 1029 1853 1087 παντὸς
1891 1028 1998 1078 πά·-

407 1113 528 1175 θους
589 1120 685 1164 τῶν
751 1111 804 1173 ἐξ
862 1112 1100 1186 ἰατρικῆς
1166 1112 1519 1186 βοηθημάτων
1591 1111 1995 1190 προσδεομένου.

405 1201 478 1253 οὐ
524 1203 622 1273 γὰρ
679 1202 849 1254 πάντα
897 1204 1098 1273 φύσεως
1142 1202 1271 1255 εἰσιν
1313 1201 1726 1277 ἀρρωστήματα,
1769 1201 1891 1257 οὐδὲ
1943 1201 1998 1256 ἔκ

398 1287 726 1360 πἰημμελοῦς
758 1285 974 1351 διαίτης
1011 1293 1157 1363 ἡμῖν,
1201 1295 1229 1350 ἦ
1282 1311 1431 1343 τινων
1479 1291 1642 1344 ἄλλων
1689 1301 1998 1366 σωματικῶν

395 1375 576 1452 ἀρχῶν
623 1384 1026 1453 προσγινόμενα,
1079 1383 1206 1454 πρὸς
1258 1381 1386 1454 οἱπερ
1446 1379 1604 1435 ἐνίοτε
1653 1383 1847 1456 ὁρῶμεν
1905 1387 1999 1440 τὴν

397 1466 636 1540 ἰατρικὴν
665 1470 1125 1541 χρησιμεύουσαν.
1162 1469 1414 1531 Πολλάκις
1459 1473 1560 1544 γὰρ
1611 1477 1701 1522 καὶ
1747 1471 2001 1543 μάστιγες

394 1555 785 1631 ἁμαρτημάτων
830 1557 933 1609 εἰσί
980 1559 1045 1609 τά
1094 1555 1504 1632 ἀρρωστήματα,
1567 1559 1632 1620 εἰς
1681 1558 1998 1636 ἐπιστροφὴν

395 1650 782 1720 προσαγόμενα.
862 1645 954 1698 “Ou
1037 1650 1169 1718 γὰρ,
1256 1653 1445 1720 φησιν,
1521 1647 1699 1720 ἀγαπᾷ
1777 1654 1994 1724 Κύριος,

2109 490 2400 557 ustiones,
2434 506 2633 564 neque
2680 493 2911 550 aerium
2933 493 3453 567 molestorumque
3477 493 3773 551 remedio-

2110 595 2248 636 rum
2271 579 2683 646 acerbitatem,
2718 596 2918 654 neque
2956 581 3214 651 inedias,
3258 599 3457 655 neque
3497 588 3772 642 exactam

2111 667 2303 726 diaetis
2333 672 2389 725 et
2419 669 2611 725 victus
2639 671 3175 743 rationem,neque
3205 688 3407 728 rerum
3441 671 3771 729 exitialium

2110 758 2544 815 abstinentiam
2570 776 2608 816 a
2637 759 2819 815 nobis
2847 759 3258 832 repudiandas
3279 777 3408 817 esse
3431 769 3592 818 recta
3619 761 3771 819 ratio

2111 847 2344 919 suadet,
2377 848 2548 905 salvo
2593 854 2796 906 tamen
2827 852 3058 920 (rursus
3087 849 3248 918 dico)
3297 849 3611 922 proposito
3636 851 3770 906 ani-

2110 951 2224 992 mas
2257 935 2540 1001 utilitatis,
2570 937 2796 1010 quippe
2828 938 2924 994 cui
2956 937 3072 992 hoc
3103 936 3451 1010 exemplum
3494 935 3768 1008 proposi-

2107 1029 2238 1082 tum
2266 1025 2360 1092 sit,
2387 1030 2449 1082 ut
2473 1025 2622 1081 illud
2653 1026 2714 1080 in
2746 1027 2838 1082 sui
2867 1027 3060 1100 ipsius
3083 1026 3394 1084 curatione
3417 1025 3650 1082 imitari
3679 1024 3770 1081 di-
3836 1079 3842 1086 .

2110 1119 2260 1172 seat.
2287 1114 2624 1171 Periculum
2647 1121 2850 1183 autem
2876 1121 2966 1172 est
2995 1131 3118 1172 non
3139 1116 3466 1183 mediocre,
3499 1130 3575 1171 ne
3595 1129 3769 1170 mens

2108 1205 2171 1262 in
2201 1221 2464 1262 errorem
2495 1205 2746 1277 incidat,
2778 1207 2954 1280 quasi
2984 1207 3183 1264 omnis
3213 1207 3464 1262 morbus
3485 1204 3773 1261 subsidiis

2109 1294 2426 1351 medicinis
2457 1295 2770 1366 indigeret.
2817 1299 2942 1352 Non
2980 1296 3142 1352 enim
3172 1301 3403 1353 naturae
3435 1293 3772 1352 tribuenda

2111 1387 2252 1439 sunt
2274 1383 2663 1453 aegritudines
2706 1399 2948 1456 omnes,
2998 1399 3196 1457 neque
3225 1401 3298 1440 ex
3337 1383 3556 1440 vitioso
3587 1382 3771 1449 victu,

2111 1477 2215 1528 aut
2245 1472 2378 1528 aliis
2403 1472 2778 1546 quibusdam
2808 1473 3226 1545 corporalibus
3256 1472 3566 1546 principiis
3594 1469 3774 1526 nobis

2110 1561 2408 1618 accedunt
2431 1581 2443 1617 :
2462 1561 2686 1634 quibus
2706 1561 2956 1634 quidem
2973 1561 3259 1618 curandis
3277 1561 3483 1616 utilem
3502 1576 3631 1616 esse
3653 1574 3776 1615 me-

2109 1649 2376 1706 dicinam
2400 1665 2842 1723 nonnunquam
2871 1651 3166 1706 videmus.
3193 1652 3361 1722 Saepe
3381 1648 3544 1704 enim
3572 1646 3773 1704 morbi

395 1730 658 1787 παιδεύειο
714 1739 828 1804 καὶ,
882 1736 977 1786 Διά
1031 1743 1182 1788 τοῦτο
1250 1734 1298 1787 ἕν
1359 1738 1480 1809 ὑμῖν
1536 1737 1713 1792 πολλοὶ
1769 1737 1998 1803 ἀσθενεῖς

2112 1743 2249 1796 sunt
2277 1744 2668 1812 peccatorum
2693 1739 2952 1805 mulctra,
2990 1738 3070 1794 ad
3093 1737 3532 1795 convertendos
3561 1752 3674 1792 nos
3699 1736 3772 1792 ir-

397 1827 486 1875 καὶ
543 1822 831 1898 ἄρρωστοι,
876 1828 965 1880 καὶ
1025 1833 1312 1898 κοιμῶνται
1361 1829 1546 1879 ἱκανοί.
1603 1828 1665 1882 Εἰ
1719 1831 1819 1903 γαρ
1876 1829 1998 1882 ἑαυ-

397 1915 518 1973 τούς
579 1909 899 1986 διεκρίνομεν
957 1914 1091 1985 (29),
1148 1915 1242 1966 ούκ
1298 1914 1358 1966 ἂν
1417 1915 1740 1991 ἐκρινόμεθα.
1813 1924 1998 1992 Κρινο-

397 2021 541 2074 μενοι
609 1998 668 2054 δὲ
728 2003 827 2054 ὑπό
888 2008 1103 2078 Κυρίου,
1172 2001 1551 2077 παιδευόμεθα,
1621 2007 1704 2058 ἵνα
1762 2011 1832 2079 μὴ
1905 2011 1999 2060 σύν

394 2099 468 2161 τῷ
507 2095 691 2164 κόσμῳ
743 2094 1158 2165 κατακριθῶμεν.
1214 2097 1347 2156 Τοὺς
1402 2091 1489 2146 οὖν
1547 2098 1813 2158 τοιούτους
1866 2098 1998 2154 ἠσυ·

393 2180 682 2252 χάζοντας,
735 2186 825 2232 καὶ
875 2179 1156 2253 ἀφεμένους
1203 2191 1303 2234 τῶν
1352 2183 1594 2256 ἰατρικῶν
1637 2181 1994 2258 ἐπιτηδευμα-

393 2288 514 2338 των,
564 2271 829 2342 ὑπομένειν
858 2275 968 2342 χρὴ
1017 2273 1082 2322 τὰ
1129 2269 1438 2344 ἕπαγόμενα,
1492 2274 1612 2324 ὅταν
1661 2279 1995 2346 γνωρίσωμεν

392 2358 584 2411 ἑαυτῶν
633 2362 698 2410 τά
743 2358 1186 2432 πλημμελήματα,
1241 2364 1377 2412 κατά
1434 2366 1521 2414 τὸν
1589 2361 1818 2415 εἰπόντα.
1870 2363 1996 2438 Ὀρ-

390 2453 490 2520 γην
551 2451 744 2520 Κυρίου
803 2449 1024 2514 ύποίσω,
1087 2451 1166 2501 ὅτι
1221 2452 1456 2524 ἣμαρτον
1523 2450 1685 2522 αύτῷ·
1756 2457 1844 2505 καὶ
1901 2458 1995 2511 τὴν

393 2534 678 2611 διόρθωσιν
710 2534 1127 2604 ἐπιδείκνυσθαι,
1172 2535 1265 2594 διὰ
1305 2549 1396 2592 τοῦ
1428 2549 1591 2594 ποιεῖν
1622 2542 1735 2614 (30)
1764 2546 1997 2618 καρπούς

395 2626 574 2691 ἀξίους
630 2637 724 2691 τῆς
771 2633 1068 2701 μετανοίας,
1137 2634 1227 2682 καὶ
1282 2632 1584 2703 μεμνῆσθαι
1646 2639 1738 2684 τοῦ
1801 2639 1996 2707 Κυριου

394 2719 642 2780 εἰπόντος·
727 2715 856 2785 Ἴδε,
928 2719 1079 2790 ὑγιὴς
1139 2723 1376 2792 γέγονας·
1446 2724 1635 2793 μηκέτι
1712 2721 1996 2796 ἁμάρτανε,

395 2808 477 2860 ἶνα
525 2812 596 2881 μὴ
638 2811 819 2882 χεῖρόν
865 2812 915 2860 τί
967 2827 1051 2860 σοι
1097 2813 1331 2879 γένηται.
1377 2814 1578 2862 Γίνεται
1618 2811 1731 2882 (31)
1779 2807 1839 2864 δέ
1877 2831 2000 2865 ποτε

396 2902 487 2950 καὶ
533 2899 666 2950 κατά
710 2897 980 2960 ἐξαίτησιν
1034 2898 1126 2950 τού
1188 2907 1439 2973 πονηροῦ,
1492 2901 1666 2972 ὥσπερ
1710 2898 1997 2972 ἀγωνιστὴν

400 2989 581 3058 μέγαν,
633 2988 1002 3058 συγκαθιέντος
1069 2987 1212 3058 αύτῷ
1268 2987 1339 3049 εἰς
1391 2991 1477 3039 τὸν
1527 2985 1703 3060 ἀγῶνα
1757 2997 1849 3040 τοῦ
1909 3010 1998 3062 φι-

2108 1833 2353 1898 εοςειιω.
2375 1829 2556 1896 Quem
2583 1828 2994 1900 enim,inquit,
3025 1829 3226 1898 diligit
3259 1826 3772 1890 Dominus,casti-

2109 1918 2292 1987 gat”.
2314 1921 2496 1974 ltcm:
2512 1918 2651 1975 Ideo
2668 1920 2828 1974 inter
2846 1933 2945 1974 vos
2967 1919 3146 1974 multi
3164 1916 3485 1986 inﬁrmi,et
3509 1915 3773 1971 imbecil-

2112 2009 2216 2076 les,
2233 2013 2287 2064 et
2314 2008 2626 2064 dormiunt
2645 2009 2842 2064 multi.
2864 2008 2932 2064 Si
2944 2009 3102 2064 enim
3119 2007 3507 2076 nosmetipsos
3532 2004 3768 2074 diiudi-

2106 2111 2400 2163 caremus,
2429 2112 2548 2152 non
2562 2099 2764 2168 utique
2777 2096 3220 2166 judicaremur.
3237 2097 3393 2150 Dum
3396 2097 3432 2163 j
3437 2094 3768 2149 udicamur

2106 2193 2306 2244 autem
2311 2203 2373 2258 ,a
2385 2187 2636 2242 Domino
2652 2187 3118 2255 corripimur,ut
3132 2201 3252 2240 non
3265 2201 3400 2240 cum
3414 2183 3526 2240 hoc
3544 2183 3768 2238 mundo

2105 2277 2550 2333 damnemur“.
2575 2275 2755 2348 500
2802 2275 3214 2342 Quamobrem
3245 2273 3351 2346 qui
3387 2278 3532 2328 sunt
3561 2272 3772 2342 hujus-

2105 2365 2296 2433 modi,
2325 2365 2430 2421 ubi
2457 2370 2666 2421 nostra
2706 2366 2983 2436 ipsorum
3023 2363 3243 2420 delicta
3273 2361 3768 2432 cognoverimus,

2107 2471 2226 2510 usu
2248 2453 2568 2510 medicinas
2601 2460 3028 2526 praetermisso,
3063 2468 3275 2524 poenas
3315 2450 3430 2507 sibi
3445 2450 3644 2506 illatas
3669 2450 3772 2504 de-

2105 2543 2254 2599 bent
2283 2541 2520 2599 silentio
2545 2542 2827 2615 perferre.
2856 2542 3034 2612 juxta
3058 2557 3222 2611 eum,
3249 2539 3354 2613 qui
3381 2539 3553 2609 dixit,
3598 2539 3767 2594 Iram
3803 2547 3811 2555 '

2104 2634 2353 2690 Domini
2362 2633 2640 2702 portabo,
2663 2635 2952 2704 quoniam
2975 2634 3223 2702 peccavi
3247 2633 3360 2687 ei“5
3383 2634 3440 2686 et
3465 2629 3550 2687 ita
3568 2644 3773 2686 emen-

2107 2722 2254 2780 dare
2285 2738 2367 2789 se,
2401 2727 2458 2778 ut
2483 2721 2701 2791 dignos
2727 2721 3097 2794 ptenitentiaa
3127 2719 3358 2776 fructus
3377 2718 3599 2774 edant:
3626 2718 3770 2774 item

2107 2811 2456 2868 meminisse
2488 2811 2748 2878 Domini,
2793 2810 2899 2883 qui
2948 2811 3135 2866 dixit:
3169 2811 3324 2865 Ecce
3346 2823 3531 2864 sanus
3565 2807 3774 2876 factus

2106 2916 2166 2958 es
2180 2902 2342 2970 .‘jam
2357 2901 2488 2956 noti
2495 2915 2768 2968 peccare,
2787 2915 2861 2956 ne
2876 2900 3142 2955 deterius
3162 2899 3275 2954 tibi
3291 2896 3530 2969 aliquid
3543 2897 3775 2951 contin-

2105 2990 2302 3059 gat".
2324 2987 2619 3043 Accidunt
2643 2991 2848 3044 autem
2887 2989 3070 3043 etiam
3102 2985 3438 3059 aliquando
3469 2983 3774 3055 aegritudi-

399 3073 688 3150 λανθρώπον
730 3080 1012 3143 Δεσπότου,
1049 3081 1138 3128 καὶ
1183 3080 1276 3134 τήν
1307 3076 1668 3150 μεγαλαυχίαν
1700 3077 1860 3131 αύτοῦ
1905 3075 1940 3132 ὃ
1947 3081 1998 3130 ιὰ

2112 3093 2236 3144 nes,
2261 3075 2606 3150 postulante
2627 3076 2897 3159 diabolo,
2928 3092 3068 3131 cum
3093 3075 3320 3131 scilicet
3339 3075 3643 3145 benignus
3660 3075 3776 3130 Do-

394 3172 487 3227 τῆς
532 3165 604 3228 εἰς
651 3166 809 3239 ἄκρον
863 3165 1125 3239 ὑπομονῆς
1162 3174 1262 3218 τῶν
1321 3163 1519 3219 δούλων
1578 3167 1762 3220 ἑαυτοῦ
1815 3169 2000 3221 καθαι-

389 3261 623 3329 ροῦντος’
681 3255 802 3328 ὅπερ
870 3253 954 3307 ἐπὶ
1007 3263 1099 3308 τοῦ
1186 3255 1302 3309 Ἰὼϐ
1359 3260 1626 3328 γενόμενον
1694 3259 2001 3329 μεμαθήκα-

387 3361 502 3415 μεν.
557 3341 623 3394 ’Ἢ
681 3348 770 3394 καὶ
843 3342 913 3403 εἰς
953 3341 1255 3416 ὑπόδειγμα
1302 3353 1412 3407 τοῖς
1474 3343 1800 3421 ἀφερεπόνοις
1855 3367 1997 3420 παρ-

391 3434 608 3504 άγονται
651 3430 751 3481 ύπό
791 3437 882 3482 τοῦ
933 3438 1067 3483 Θεοῦ
1119 3433 1168 3484 οἱ
1235 3429 1514 3505 δυνάμενοι
1567 3439 1733 3508 μέχρι
1774 3437 1996 3487 θανάτου

393 3519 776 3594 ἐγκαρτερῆσαι
840 3527 951 3582 τοῖς
1028 3518 1298 3592 ἀλγεινοῖς·
1369 3525 1432 3582 ὡς
1499 3523 1524 3574 ὁ
1589 3523 1848 3596 Λάζαρος,
1925 3523 1998 3595 ὃς,

390 3613 646 3671 τοιούτοις
707 3608 877 3662 ἕλκεσι
951 3614 1319 3682 συνεχόμενος,
1395 3606 1633 3683 οὐδαμοῦ
1707 3616 2000 3686 γέγραπται

395 3703 513 3752 οὔτε
544 3699 770 3761 αἰτήσας
800 3719 852 3750 τι
883 3701 968 3750 τὸν
995 3697 1244 3751 πλούσιον
1272 3700 1407 3772 (3⁸2),
1441 3700 1557 3752 οὔτε
1589 3697 2001 3776 δυσαριστηθεὶς

393 3797 501 3851 τοῖς
554 3795 805 3863 παροῦσι·
860 3785 946 3840 διὸ
995 3792 1082 3839 καὶ
1132 3790 1291 3860 ἔτυχε
1338 3797 1428 3849 τῆς
1477 3788 1527 3841 ἓν
1567 3797 1638 3860 τῷ
1687 3789 1860 3861 κόλπῳ
1909 3797 2000 3842 τοῦ

402 3877 642 3952 Ἀϐραὰμ
698 3875 1055 3944 ἀναπαύσεως,
1103 3879 1172 3940 ὡς
1213 3876 1482 3930 ἀπολαϐὼν
1528 3881 1592 3931 τὰ
1648 3882 1786 3931 κακὰ
1834 3877 1881 3931 ἓν
1935 3887 1996 3952 τῇ

403 3971 506 4040 ζωῇ
551 3967 731 4020 αύτοῦ.
791 3967 1019 4042 Εὖρομεν
1070 3963 1128 4020 δὲ
1172 3971 1262 4020 καὶ
1300 3966 1457 4026 ἄλλην
1507 3967 1678 4020 αἰτίαν
1719 3966 2000 4043 ἀρρωστη-

403 4059 581 4128 μάτων
634 4063 740 4117 τοῖς
789 4057 961 4128 ἁγίοις
1003 4056 1419 4130 συμϐαίνουσαν,
1471 4061 1538 4122 ὡς
1595 4057 1678 4111 ἐπὶ
1721 4067 1812 4111 τοῦ
1853 4059 2004 4112 Ἀπο-

401 4147 610 4204 στόλου.
649 4145 760 4200 Ἵνα
806 4149 904 4220 γὰρ
959 4151 1029 4218 μὴ
1084 4143 1211 4219 δόξῃ
1263 4145 1587 4220 ὑπερϐαίνειν
1621 4151 1703 4200 τόν
1749 4150 1865 4223 ὅρον
1914 4158 2005 4211 τῆς

398 4235 717 4311 ἀνθρωπίνης
739 4239 960 4308 φύσεως,
990 4239 1080 4288 καὶ
1108 4240 1180 4308 μή
1212 4256 1286 4297 τις
1317 4237 1472 4289 αὐτὸν
1503 4237 1788 4308 λογίσηται
1818 4239 1933 4309 (33)
1955 4237 2004 4289 ἓν

398 4334 460 4398 τῇ
515 4333 708 4398 φυσικῇ
759 4332 1054 4396 κατασκευῇ
1100 4327 1241 4396 ἔχειν
1270 4345 1322 4376 τι
1353 4331 1604 4398 περισσόν
1638 4327 1782 4402 (ὅπερ
1809 4330 2003 4381 ’ἔπαθον

2107 3169 2312 3224 minus
2334 3166 2602 3239 aliquem
2624 3165 2784 3221 velut
2800 3157 3068 3238 pugilem
3091 3181 3386 3238 magnum
3407 3181 3546 3220 cum
3563 3163 3697 3235 ipso
3712 3163 3775 3220 in

2108 3259 2417 3314 certamen
2459 3253 2800 3324 committit,
2832 3259 2891 3311 et
2915 3255 3270 3326 jactantiam
3303 3252 3500 3326 ipsius
3530 3267 3774 3308 summa

2109 3361 2426 3402 servorum
2453 3359 2704 3400 suorum
2725 3342 3039 3400 tolerantia
3055 3341 3337 3415 deprimit
3363 3359 3375 3398 :
3399 3340 3568 3415 quod
3587 3339 3776 3397 inJob

2107 3434 2336 3491 factum
2367 3433 2549 3489 fuisse
2585 3432 2914 3490 didicimus
2949 3433 3019 3487 ⁷⁷.
3051 3435 3169 3487 Aut
3197 3431 3377 3487 etiam
3405 3431 3478 3486 iis
3513 3431 3618 3504 qui
3649 3445 3778 3488 ma-

2108 3523 2306 3580 lorum
2328 3521 2721 3578 intolerantes
2762 3526 2924 3585 sunt,
2955 3521 3016 3577 in
3046 3521 3398 3594 exemplum
3425 3537 3462 3578 a
3493 3523 3616 3578 Deo
3640 3535 3776 3594 pro-

2109 3617 2422 3684 ponuntur
2445 3611 2723 3683 quidam,
2754 3611 2860 3684 qui
2891 3611 3150 3667 adversa
3181 3609 3261 3666 ad
3290 3614 3548 3666 mortem
3579 3626 3774 3684 usque

2109 3708 2571 3776 perseveranter
2601 3701 2856 3757 tolerare
2900 3702 3248 3773 potuerunt,
3288 3699 3452 3756 velut
3491 3703 3773 3770 Lazarus,

2109 3792 2216 3864 qui
2237 3807 2374 3847 eum
2395 3795 2547 3847 totet
2567 3789 2790 3846 talibus
2816 3789 3116 3845 ulceribus
3137 3788 3615 3856 atﬂietaretur",
3631 3804 3776 3844 nus-

2111 3897 2295 3954 quam
2331 3885 2533 3936 tamen
2565 3879 2842 3936 scribitur
2864 3877 3202 3952 quidquam
3228 3877 3307 3934 ab
3338 3875 3439 3933 illo
3469 3876 3650 3933 divite
3670 3882 3794 3934 aut~

2112 3969 2422 4044 petivisse,
2446 3973 2550 4026 aut
2581 3985 2893 4026 morosum
2914 3985 2975 4024 se
2996 3967 3353 4041 praestitisse
3374 3971 3432 4024 et
3455 3965 3777 4023 molestum

2113 4059 2193 4116 ob
2211 4064 2568 4133 praesentem
2583 4075 2785 4115 rerum
2802 4059 3188 4124 statum.Qua
3201 4061 3448 4130 propter
3466 4059 3778 4111 assecutus

2114 4155 2204 4206 est
2247 4149 2518 4222 requiem
2567 4149 2628 4204 in
2661 4149 2797 4203 sinu
2847 4147 3124 4214 Abrahae,
3177 4152 3471 4218 tanquam
3497 4145 3603 4218 qui
3624 4160 3782 4200 rece-

2114 4240 2302 4312 pisset
2330 4241 2493 4296 mala
2519 4239 2580 4295 in
2603 4238 2722 4294 vita
2765 4253 2877 4294 sua
2912 4239 2984 4292 79.
3036 4238 3394 4308 Quanquam
3428 4240 3486 4292 et
3517 4234 3774 4292 aliorum

2115 4329 2471 4386 morborum
2503 4345 2747 4385 causam
2792 4327 2852 4382 in
2904 4327 3134 4382 sanctis
3183 4326 3529 4395 contingere
3553 4324 3778 4398 reperi-

399 4415 448 4467 οἰ
503 4415 776 4480 Λυκάονες,
831 4417 1100 4486 στέμματα
1166 4418 1253 4464 καὶ
1319 4417 1544 4488 ταύρους
1610 4418 1997 4492 προσάγοντες),

2118 4434 2276 4484 mus,
2307 4418 2472 4474 velut
2496 4419 2557 4474 in
2580 4417 2886 4491 Apostolo.
2920 4415 3174 4485 Etenim,
3208 4431 3284 4472 ne
3313 4420 3546 4471 naturas
3581 4414 3783 4470 termi-

401 4503 468 4564 εἰς
515 4503 848 4576 παράστασιν
901 4511 995 4564 τῆς
1044 4500 1372 4575 ἀνθρωπίνης
1430 4506 1652 4576 φύσεως,
1709 4513 1771 4578 τῇ
1826 4503 1997 4581 ἀρρω-

402 4599 526 4666 στία
555 4603 713 4653 συνῆν
743 4589 989 4668 διαρκῶς.

2115 4525 2262 4564 num
2289 4507 2587 4564 videretur
2607 4505 2920 4573 excedere,
2951 4521 3101 4561 neve
3131 4503 3435 4576 quispiam
3463 4503 3779 4559 arbitrare-

2116 4602 2212 4653 tur
2232 4615 2371 4653 cum
2404 4597 2756 4653 naturaliter
2788 4595 3016 4668 aliquid
3047 4593 3219 4650 solito
3251 4594 3453 4664 majus
3481 4600 3539 4648 et
3577 4593 3777 4656 excel-

394 4683 614 4740 lentius
643 4682 866 4738 habere
886 4682 1078 4756 (quod
1115 4681 1316 4739 visum
1344 4686 1437 4739 est
1465 4682 1872 4755 Lycaonibus,
1893 4685 1999 4758 qui
2023 4687 2076 4743 ei
2104 4703 2361 4744 coronas
2387 4686 2656 4744 obtulere
2689 4692 2746 4742 et
2768 4690 2975 4742 tauros
2992 4685 3085 4750 ⁸ο),
3113 4683 3336 4739 idcirco
3361 4682 3438 4739 ad
3460 4681 3776 4739 declaran-

399 4776 542 4832 dam
567 4779 848 4831 naturam
879 4773 1215 4830 humanam
1236 4773 1459 4846 jugiter
1489 4789 1630 4830 cum
1657 4775 2031 4846 eegretudine
2062 4777 2549 4834 conﬂictabatur.

475 4954 522 4988 ⁷³
553 4956 720 5009 Prov.
750 4970 834 5020 ιιι,
874 4958 957 5010 l2.

1058 4954 1109 4988 τι
1137 4955 1157 5008 ι
1189 4954 1321 5009 Cor.
1354 4967 1432 5024 χι,
1454 4955 1544 5023 30,
1568 4957 1659 5010 32.

401 5027 452 5062 7’
477 5024 622 5082 ibid.
651 5029 742 5086 22.
765 5029 854 5082 25.

931 5025 979 5060 ⁸ο
1003 5027 1130 5082 Act.
1160 5040 1278 5096 XIV,
1319 5028 1403 5081 l2.

477 5205 589 5276 (29)
639 5203 788 5260 Editi
834 5202 892 5276 ού
919 5205 984 5255 τὰ
1015 5199 1132 5276 διαί.
1156 5205 1231 5259 At
1257 5202 1562 5276 mss._duo
1589 5207 1705 5258 οὔτε
1735 5200 1875 5276 διάη
1893 5203 2004 5260 Ali-

309 5331 326 5334 __
404 5273 636 5350 quanto
679 5278 820 5350 post
847 5274 908 5330 in
947 5274 1137 5330 Vossii
1157 5275 1349 5350 veteri
1376 5273 1531 5332 libro
1561 5281 1835 5347 corrupte
1864 5275 2006 5348 legi-

407 5343 646 5402 ῑῖῐελοῦτε
675 5343 958 5418 ἀποδοχὴν
983 5354 1082 5399 τῶν
1109 5347 1196 5418 φθ.

501 5418 591 5487 29)
617 5419 790 5492 linus
820 5416 964 5492 mss.
994 5416 1203 5492 ἑαυτούς
1227 5416 1516 5492 ξκρίνομεν.

507 5486 594 5546 30)
625 5487 866 5544 Veteres
895 5489 1018 5545 duo
1047 5488 1183 5544 libri
1213 5486 1306 5542 διὰ
1335 5486 1606 5546 τίποιιῑν.

507 5491 594 5626 30)
626 5491 866 5544 Veteres
895 5491 1018 5545 duo
1047 5491 1183 5544 libri
1213 5491 1306 5542 διὰ
1335 5491 1606 5546 vomat».

506 5561 588 5643 31Δ
623 5559 896 5643 Sicmss.
943 5561 1067 5618 duo
1096 5566 1327 5643 preter
1351 5562 1826 5643 gombeﬂsiumn
1852 5562 2005 5622 Editi

407 5631 668 5703 γίνεσθιοί.
689 5634 821 5691 on
848 5635 989 5706 Reg.
1019 5631 1254 5708 primus
1273 5637 1333 5693 et
1358 5636 1528 5696 Voss.
1553 5637 1726 5710 ὧσπερ
1754 5636 1887 5712 γάρ.

1739 4953 1790 4988 ⁷⁵
1823 4953 1992 5012 Mieh.
2024 4971 2129 5023 vn,
2161 4959 2211 5011 9.

2828 4955 2872 4990 ππ
2913 4951 3028 5009 Job
3058 4967 3120 5017 ιι,
3147 4950 3201 5006 6.
3281 4949 3329 4985 ⁷⁸
3365 4951 3501 5006 Luc.
3531 4966 3654 5022 xvr,
3679 4954 3769 5008 20.

2293 4955 2339 4992 ⁷⁸
2367 4958 2539 5014 Joan.
2573 4971 2628 5023 v,
2666 4954 2749 5010 14.

2186 5205 2297 5277 (32)
2330 5205 2476 5261 Editi
2497 5209 2562 5277 et
2589 5220 2747 5260 unus
2778 5219 2890 5277 ms,
2920 5222 2973 5254 τι
3011 5205 3098 5254 τὸν
3135 5201 3386 5277 πλησίον,
3405 5216 3443 5256 a
3468 5201 3774 5277 proximo,

2117 5272 2395 5350 corrupte
2445 5276 2609 5331 Alius
2663 5292 2778 5350 ms.
2812 5274 3108 5350 πλούσιον,
3171 5272 3512 5330 emendate.
3570 5273 3776 5330 Codex

2115 5351 2281 5405 Voss.
2299 5347 2546 5401 ’τοιοῦτον
2576 5351 2663 5400 τὸν
2693 5347 2962 5400 πλούσιον.

2186 5420 2298 5492 (33)
2323 5423 2462 5492 Reg.
2489 5419 2733 5492 primus
2750 5417 3042 5490 λογίσαιτο,
3067 5415 3262 5492 Vossii
3290 5420 3462 5492 vetus
3492 5415 3646 5492 liber
3666 5413 3774 5492 ἑλοτ

2111 5487 2319 5563 vtem.
2357 5487 2564 5548 Statim
2588 5496 2704 5546 tres
2735 5487 3122 5563 mss.»p‘ragter
3149 5490 3478 5563 Voss.§mp_
3499 5487 3773 5563 ἔπαθον-,οὶ

2111 5557 2248 5619 on.
2283 5563 2365 5618 Re
2413 5605 2426 5618 .
2461 5563 2674 5619 tertius
2713 5565 2772 5617 et
2813 5557 2957 5616 editi
3000 5561 3174 5632 ὥσπερ
3215 5562 3282 5616 οἱ.
3317 5557 3446 5615 Ναί
3465 5560 3551 5614 ita
3574 5557 3772 5613 multo

2111 5641 2256 5694 post
2280 5579 2449 5694 Coﬁ).
2481 5637 2758 5694 στέμματα
2783 5637 2874 5688 καὶ
2901 5632 3150 5694 τράγους,
3184 5646 3434 5691 coronas
3458 5637 3516 5691 et
3544 5631 3772 5691 hircos.

2111 5641 2256 5712 post
2280 5631 2449 5696 Colb.
2481 5637 2758 5708 στέμματα
2783 5637 2874 5688 καὶ
2901 5631 3151 5706 τράγους,
3184 5646 3434 5691 coronas
3458 5637 3516 5691 et
3544 5631 3772 5691 hircos.
