4110 6378
389 261 519 320 1051

394 478 581 550 possit
611 479 912 548 ejusmodi
957 479 1309 536 hominibus
1372 495 1481 535 ceu
1511 479 1732 552 potius,
1758 478 1925 550 quod
1954 477 2040 532 eis

397 566 732 638 periculum
762 581 884 624 non
933 569 1264 640 impendet,
1317 569 1423 641 qui
1467 568 1795 624 scilicetad
1819 581 2042 639 corpus

391 658 733 713 curandum
755 669 818 714 se
834 660 1050 716 arecta
1074 660 1306 715 ratione
1328 661 1641 715 avertant?
1663 656 1774 723 Qui
1799 672 1944 712 vero
1969 669 2043 711 ex

387 761 582 818 prava
605 745 785 802 diana
813 747 1074 820 sibiipsis
1104 749 1369 804 ascivere
1395 747 1831 810 inﬁrmitatem,
1853 747 1892 801 ii
1917 760 2044 800 cor-

387 835 554 908 poris
574 836 903 903 curatione,
935 837 1113 910 quasi
1133 837 1405 909 quodam
1429 843 1571 908 typo
1603 840 1660 891 et
1689 833 2041 908 exemplari,

393 924 470 980 ad
501 924 772 981 animam
798 926 1136 983 curandam
1190 927 1274 982 uti
1313 925 1558 994 debent,
1591 926 1742 980 sicut
1771 923 2045 995 superius

387 1012 622 1069 dictum
640 1018 750 1070 est.
784 1013 1013 1070 Etenim
1051 1018 1110 1070 et
1129 1030 1201 1069 ex
1231 1029 1293 1070 re
1321 1018 1527 1070 nostra
1550 1013 1747 1078 fuerit,
1781 1029 1817 1068 a
1846 1011 2044 1068 noxiis

387 1113 463 1156 ex
484 1097 721 1158 medica
756 1101 988 1158 ratione
1015 1101 1336 1172 abstinere,
1375 1101 1542 1157 utilia
1580 1099 1853 1168 seligere,
1888 1114 2044 1171 prae-

386 1196 562 1262 cepta
592 1206 854 1247 servare.
887 1196 1079 1263 Atque
1103 1191 1236 1263 ipsa
1266 1192 1448 1246 etiam
1476 1191 1750 1264 corporis
1782 1189 1862 1246 ab
1886 1190 2046 1244 inﬂro

387 1281 594 1337 mitate
618 1281 698 1336 ad
726 1281 954 1337 bonam
978 1280 1399 1336 habitudinem
1429 1280 1824 1336 commutatio
1851 1280 1922 1334 sit
1941 1293 2047 1334 no-

387 1369 481 1425 bis
509 1370 642 1426 loco
671 1368 882 1438 solatii,
920 1373 985 1425 ut
1022 1383 1097 1424 ne
1118 1369 1512 1441 desperemus
1543 1370 1618 1425 de
1639 1366 2048 1440 anima,quasi

386 1475 459 1514 ex
477 1473 652 1530 pecco
663 1459 735 1513 tis
753 1457 829 1512 ad
853 1471 1025 1513 suam
1048 1459 1239 1529 ipsius
1255 1459 1660 1528 integritatem
1681 1473 1893 1512 rursus
1941 1471 2047 1528 per

386 1546 800 1619 pmnitentiam
815 1561 876 1601 re
885 1546 1026 1601 verti
1041 1561 1164 1602 non
1178 1552 1402 1618 posset.
1416 1550 1617 1619 Neque
1632 1546 1810 1616 igitur
1821 1544 2049 1615 fugien-

385 1635 467 1691 da
485 1634 724 1707 penitus
745 1649 842 1690 ars
862 1635 977 1690 ista
998 1640 1233 1706 est,neq
1243 1652 1312 1691 ue
1333 1637 1478 1691 inea
1497 1635 1697 1691 omnis
1713 1649 1853 1706 spes
1868 1633 2048 1689 collo-

1733 254 1791 318 S.
1836 255 2086 320 BASILII
2124 258 2368 320 IAGNI.

467 391 520 446 5.
557 388 708 454 Quid
731 387 912 459 igitur
925 386 1318 446 emolumenti
1345 405 1413 446 ex
1439 383 1737 445 medicina
1759 384 2042 445 accedere
2073 387 2120 442 Α

3600 259 3745 314 i052

2228 388 2280 442 5.
2313 389 2378 440 Τί
2421 378 2510 438 οὖν
2556 389 2667 446 τοῖς
2697 385 2954 447 τοιούτοις
2995 403 3140 459 παρα
3167 391 3260 446 τῆς
3292 383 3527 458 ἰατρικῆς
3548 388 3750 455 γίνοιτο

2152 472 2335 549 κέρδος
2375 491 2389 541 ;
2431 479 2520 527 καὶ
2576 475 2704 546 ουχὶ
2743 475 2933 546 μᾶλλον
2986 471 3250 540 κίνδυνος,
3299 473 3751 548 μετεωριζομένοις

2153 563 2254 616 ἀπὸ
2312 572 2405 616 τοῦ
2446 565 2605 638 ὀρθοῦ
2649 563 2805 634 λόγου
2855 563 2926 623 εἰς
2981 567 3077 621 τὴν
3135 571 3227 615 τοῦ
3282 569 3520 635 σώματος
3568 560 3749 634 ἐπιμί-

2150 653 2334 717 λειανς
2381 660 2497 713 Τοῖς
2542 671 2601 724 γε
2638 656 2741 724 μὴν
2789 650 2843 703 ἐκ
2889 658 3118 726 πονηρᾶς
3181 649 3396 713 διαίτης
3438 656 3532 710 τὴν
3587 649 3750 726 ἀρρω-

2154 748 2304 795 στίαν
2374 742 2574 801 ἑαυτοῖς
2642 742 3054 812 συναθροίσασιν
3121 737 3226 792 οἷον
3286 743 3433 812 τύπῳ
3495 745 3599 792 τινὶ
3663 743 3752 791 καὶ

2152 834 2481 906 ὑπογραμμῷ
2527 833 2788 904 χρηστέον
2819 835 2880 900 τῇ
2931 837 3023 880 τοῦ
3075 835 3317 902 σώματος
3349 833 3592 904 θεραπείᾳ
3621 834 3752 904 πρὸς

2151 926 2246 979 τὴν
2302 927 2393 980 τῆς
2447 919 2632 990 ψυχῆς
2669 916 2976 989 ἐπιμέλειαν,
3026 921 3165 970 καθὰ
3218 926 3466 994 πρότερον
3525 923 3728 994 είρηται

2151 1011 2210 1063 Ἠ
2257 1012 2359 1083 γὰρ
2409 1007 2590 1080 ἀποχὴ
2624 1016 2724 1060 τῶν
2780 1005 3116 1078 βλαπτόντων
3179 1011 3317 1061 κατά
3372 1012 3460 1060 τὸν
3521 1010 3752 1083 ἰατρικὸν

2153 1100 2303 1170 λόγον
2353 1101 2441 1150 καὶ
2486 1099 2612 1169 ἡμῖν
2662 1095 2798 1148 ἐστιν
2846 1095 3113 1169 ὠφέλιμος,
3157 1099 3188 1154 ἠ
3240 1096 3422 1168 ἐκλογὴ
3471 1106 3569 1150 τῶν
3613 1117 3753 1173 χρη-

2157 1194 2343 1261 σίμων,
2403 1189 2433 1245 ἡ
2477 1186 2677 1259 φυλακὴ
2718 1193 2821 1237 τῶν
2863 1185 3331 1258 παραγγελμάτων,
3370 1191 3469 1240 Καὶ
3516 1187 3648 1245 αὐτὴ
3693 1185 3753 1240 δέ

2155 1280 2185 1337 ἠ
2241 1285 2332 1338 τῆς
2371 1280 2566 1351 σαρκὸς
2609 1275 2709 1327 ἀπὸ
2755 1274 3050 1349 ἀρρωστίας
3096 1279 3222 1349 πρὸς
3260 1276 3455 1338 εὐεξίαν
3493 1276 3750 1349 μεταϐολὴ

2155 1369 2466 1442 παραμυθία
2515 1366 2740 1437 γινίσθω
2796 1368 2922 1439 πρὸς
2975 1368 3032 1416 τὸ
3082 1370 3152 1436 μὴ
3201 1363 3573 1434 ἀπογινώσκειν
3620 1367 3756 1438 ἡμᾶς

2155 1465 2253 1517 τῆς
2303 1456 2506 1527 ψυχῆς,
2558 1459 2622 1514 ὡς
2669 1454 2728 1505 οὐ
2785 1449 3078 1526 δυναμένης
3126 1452 3181 1504 ἐκ
3228 1461 3330 1505 τῶν
3369 1452 3758 1527 ἁμαρτημάτων

2157 1551 2287 1619 πρὸς
2326 1550 2418 1602 τὴν
2458 1546 2649 1596 οἰκείαν
2687 1542 2842 1595 πάλιν
2881 1541 3188 1615 ὁλοκληρίαν
3222 1539 3256 1594 δ
3263 1543 3316 1593 ιά
3360 1550 3452 1601 τῆς
3491 1546 3762 1613 μετανοίας

2159 1633 2468 1687 ἐπανελθεῖν.
2537 1635 2671 1684 Οὔτε
2727 1626 2815 1682 οὖν
2872 1635 3112 1702 φευκτέον
3167 1632 3334 1687 πάντη
3391 1634 3484 1688 τὴν
3549 1634 3760 1701 τέχνην,

389 1723 608 1780 cauda.
628 1724 742 1781 Sed
757 1724 1282 1796 quemadmodum
1298 1723 1782 1797 utimurquidem
1797 1722 2050 1794 agricul-

2160 1727 2276 1775 οὔτε
2329 1720 2403 1773 ἐπ’
2454 1720 2585 1792 αὐτῇ
2642 1721 2817 1779 πάσας
2862 1721 2958 1780 τὰς
3006 1711 3224 1778 ἐλπίδας
3275 1721 3418 1788 ἔχειν
3460 1717 3760 1772 ἀκόλουθον.

391 1819 542 1883 tura,
571 1814 679 1870 sed
702 1819 904 1869 tamen
927 1831 963 1868 a
987 1816 1104 1869 Deo
1130 1814 1393 1884 petimus
1413 1813 1659 1883 fructus,
1686 1812 2049 1884 etquemad-

387 1903 642 1959 modum
666 1905 1100 1958 committimus
1123 1903 1607 1974 gubernaculum
1633 1902 2049 1971 gubernatori,

390 1994 580 2047 Deum
612 2007 752 2047 vero
785 2004 1072 2061 rogamus
1104 1997 1168 2048 ut
1191 2008 1264 2047 ex
1291 1992 1509 2064 pelago
1535 1992 1873 2047 evadamus
1895 1991 2054 2045 iuco-

391 2083 628 2136 lumes:
675 2081 756 2136 ita
787 2097 1051 2152 quoque,
1087 2081 1155 2152 si,
1186 2097 1325 2136 cum
1356 2083 1509 2136 ratio
1543 2083 1703 2145 sinit,
1745 2079 2054 2134 medicum

391 2171 869 2238 advocemus,ab
895 2185 967 2226 ea
987 2187 1124 2242 quae
1147 2172 1209 2226 in
1241 2172 1359 2227 Deo
1381 2171 1668 2244 ponenda
1690 2175 1778 2226 est
1803 2185 1907 2242 spe
1929 2183 2054 2224 non

390 2260 750 2317 excidimus.
791 2260 1034 2316 Videtur
1063 2265 1267 2316 autem
1303 2261 1449 2316 mihi
1479 2259 1608 2316 hinc
1638 2277 1736 2313 ars
1758 2258 1837 2313 ad
1867 2257 2056 2314 conti'

390 2349 657 2404 nentiam
685 2363 932 2420 quoque
963 2364 1085 2404 non
1111 2363 1333 2421 parum
1355 2348 1650 2404 conferre.
1682 2347 1867 2402 Video
1886 2347 2055 2402 enim

390 2443 446 2492 et
468 2437 805 2508 voluptates
837 2438 916 2492 ab
947 2438 1083 2509 ipsa
1107 2438 1390 2505 rescindi,
1425 2442 1482 2494 et
1512 2439 1852 2493 satietatem
1877 2436 2054 2490 dam-

391 2525 609 2590 nari,et
631 2526 824 2580 victus
851 2527 1221 2594 varietatem,
1247 2527 1625 2599 nimiamque
1658 2526 1716 2580 in
1749 2538 2056 2596 apparan-

394 2615 491 2669 dis
503 2614 908 2669 condimentis
925 2615 1232 2670 solertiam
1249 2613 1879 2670 velutincommodam
1895 2613 2057 2668 able-

400 2702 629 2772 gari:et
649 2703 710 2757 in
739 2718 985 2758 summa
1009 2701 1408 2771 indigentiam
1430 2703 1508 2758 ab
1530 2704 1744 2758 eadem
1767 2700 2060 2774 appellari

401 2793 674 2848 sanitatis
701 2799 978 2861 matrem,
1022 2793 1065 2847 it
1093 2799 1196 2848 aut
1252 2809 1325 2848 ex
1351 2793 1466 2849 hac
1517 2793 1695 2848 etiam
1728 2799 1897 2864 parte
1925 2791 2059 2861 ejus

402 2881 720 2938 consilium
751 2880 923 2953 40],
951 2881 1128 2936 nobis
1173 2882 1378 2937 inutile
1427 2897 1550 2938 non
1594 2882 1686 2937 sit.
1723 2884 1850 2937 Sive
1881 2880 2063 2950 igitur

403 2971 629 3026 utimur
657 2970 986 3042 aliquando
1018 2970 1334 3026 medicinae
1358 2972 1695 3042 praeceptis,
1720 2973 1842 3025 sive
1871 2985 1942 3024 ea
1973 2984 2062 3024 re-

2165 1811 2298 1863 Ἀλλ’
2355 1814 2424 1872 ὡς
2465 1810 2773 1881 κεχρήμεθα
2813 1811 2902 1880 μεν
2945 1815 3007 1880 τῇ
3049 1815 3338 1881 γεωργικῇ,
3384 1807 3667 1880 αἰτούμεθα
3706 1803 3765 1860 δι

2160 1902 2305 1973 παρά
2341 1907 2432 1951 τοῦ
2473 1906 2607 1951 Θεοῦ
2632 1902 2752 1959 τοὺς
2778 1899 3025 1971 καρπούς
3055 1901 3145 1948 καὶ
3173 1905 3243 1966 τῷ
3271 1895 3557 1970 κυϐερνήτῃ
3593 1900 3684 1968 μεν
3705 1900 3763 1948 τὸ

2163 1992 2278 2058 (34)
2307 1984 2565 2046 πηδάλιον
2597 1986 2954 2059 ἐπιτρέπομεν,
2999 1994 3069 2056 τῷ
3110 1993 3224 2056 Θεῷ
3273 1981 3332 2038 δε
3357 1988 3767 2059 προσευχόμεθα

2162 2077 2216 2130 ἐκ
2268 2085 2361 2130 τοῦ
2412 2076 2664 2148 πελάγους
2720 2075 3060 2133 ἀποσωθῆναι
3102 2075 3237 2127 οὕτω
3293 2080 3383 2126 καὶ
3423 2075 3598 2148 ἰατρὸν
3657 2076 3738 2128 εἰσ

2165 2169 2393 2238 άγοντες,
2444 2168 2527 2218 ὅτε
2557 2166 2706 2236 λόγος
2754 2172 3028 2240 συγχωρεῖ
3071 2165 3206 2235 (35),
3239 2172 3331 2226 τῆς
3361 2170 3492 2239 πρὸς
3523 2168 3652 2218 Θεὸν
3683 2164 3766 2216 ἕλ-

2163 2252 2318 2316 πίδος
2364 2255 2458 2307 οὐκ
2504 2254 2852 2326 ἐφιστάμεθα.
2899 2254 3044 2327 Ἐμοὶ
3084 2250 3142 2306 δί
3185 2257 3435 2326 καὶπρὸς
3473 2253 3768 2328 ἐγκράτειαν

2164 2344 2222 2397 οὐ
2272 2347 2458 2418 μικρὸν
2490 2343 2746 2395 συντελεῖν
2775 2344 2806 2400 ἠ
2853 2347 3014 2414 τέχνη
3063 2347 3314 2415 φαίνεται.
3353 2343 3486 2416 Ὀρῶ
3526 2347 3650 2416 γὰρ,
3690 2345 3771 2394 ὃτι

2163 2438 2254 2486 καὶ
2283 2436 2479 2506 τρυφὰς
2531 2430 2814 2484 ἀποκόπτει
2864 2433 2998 2503 (36),
3028 2439 3116 2484 καὶ
3143 2432 3448 2503 πλησμονὴν
3481 2428 3769 2497 διαϐάλλει,

2164 2529 2256 2575 καὶ
2329 2521 2590 2574 ποικιλίαν
2649 2518 2884 2587 διαίτης,
2955 2527 3045 2572 καὶ
3118 2539 3387 2594 περιεργον
3461 2519 3772 2596 ἀρτυμάτων

2167 2609 2417 2678 ἐπίνοιαν,
2473 2613 2536 2670 ὡς
2589 2609 2911 2684 ἀσύμφορον,
2954 2607 3336 2681 ἀποπέμπεταιν
3393 2613 3579 2661 καὶτὸ
3641 2612 3773 2680 σύμ-

2166 2720 2288 2768 παν,
2329 2705 2424 2758 τήν
2471 2696 2668 2751 ἔνδειαν
2713 2702 2912 2774 μητέρα
2965 2707 3056 2758 τῆς
3100 2699 3276 2769 ὑγείας
3322 2697 3589 2765 ἀποκαλεῖ,
3641 2700 3773 2750 ὥστε

2166 2795 2258 2842 καὶ
2313 2791 2447 2841 κατά
2490 2797 2641 2840 τοῦτο
2688 2787 2782 2840 οὐκ
2843 2789 3119 2861 ἄχρηστος
3175 2789 3301 2859 ἡμῖν
3354 2789 3384 2845 ἠ
3430 2788 3556 2862 παρ’
3612 2787 3773 2847 αὐτῆς

2171 2878 2463 2952 συμϐουλή.
2513 2881 2632 2930 Εἴτε
2675 2873 2761 2929 οὖν
2801 2878 3055 2950 χρώμεθα
3095 2894 3218 2928 ποτε
3240 2883 3350 2937 τοῖς
3396 2886 3490 2938 τῆς
3533 2877 3771 2948 ἰατρικῆς

2167 2967 2601 3042 παραγγέλμασιν
2661 2968 2794 3037 (37),
2853 2969 2950 3018 εἴτε
3005 2968 3420 3038 παραιτούμεθα,
3480 2968 3615 3018 κατά
3658 2983 3772 3018 τινα

403 3059 732 3132 pudiamus
759 3060 839 3115 ob
869 3059 1142 3132 aliquam
1165 3074 1413 3116 causam
1448 3075 1682 3125 earum,
1729 3075 1888 3131 quas
1920 3063 2060 3114 ante

2169 3065 2268 3109 τῶν
2333 3051 2836 3130 προαποδεδομίνων
2900 3054 3087 3125 λόγων,
3146 3056 3172 3106 ὁ
3235 3059 3425 3115 σκοπὸς
3492 3063 3583 3115 τῆς
3648 3060 3772 3130 πρὸς

403 3149 894 3214 memoravimus,
923 3149 1043 3204 huc
1087 3151 1376 3221 spectand
1390 3165 1490 3204 um
1539 3155 1646 3216 est,
1681 3154 1744 3204 ut
1777 3151 1896 3204 Deo
1930 3147 2059 3216 pla-

403 3251 673 3300 ceamus,
723 3237 1196 3308 consulaturque
1237 3240 1456 3293 animus
1507 3238 1761 3304 utilitati,
1813 3242 1872 3292 et
1897 3251 2060 3292 com-

405 3327 642 3397 pleatur
671 3326 1030 3381 mandatum
1101 3325 1390 3397 Apostoli,
1419 3327 1521 3398 qui
1553 3326 1695 3381 dicit
1721 3344 1732 3380 :
1758 3326 1891 3381 Sive
1921 3341 2063 3396 ergo

407 3415 816 3479 manducatis,
866 3415 989 3470 sive
1015 3415 1232 3473 bibitis.
1284 3417 1406 3472 sive
1435 3416 1583 3486 quid
1610 3417 1836 3485 facitis,
1864 3417 2060 3472 omnia

406 3504 471 3558 in
501 3503 764 3573 gloriam
801 3505 906 3558 Dei
926 3504 1196 3573 facile“.

477 3627 520 3660 ⁸⁸
557 3626 734 3682 ICor.
768 3644 826 3697 ι,
854 3626 942 3683 3i.

473 3751 586 3822 (34)
621 3751 770 3807 Editi
815 3750 1102 3824 κυϐερνήτῃ
1138 3749 1198 3804 δε
1225 3757 1302 3804 τό.
1339 3752 1580 3824 Antiqui
1610 3759 1728 3809 tres
1769 3753 1900 3810 libri
1946 3773 2044 3806 κυ-

409 3821 627 3898 ϐερνήτῃ
645 3826 746 3898 μὲν
773 3829 851 3877 τό.

473 3892 776 3967 (35)’Βως.
834 3892 1350 3967 tertius__et_Voss.
1387 3901 1766 3967 συγχωρήσει.
1821 3894 2051 3950 Ibidem

404 3962 548 4020 editi
571 3962 671 4026 τῆς
702 3962 831 4038 τέρδς
854 3964 1006 4016 αὑτὸν
1028 3962 1258 4026 ἐλπίδος.
1283 3962 1676 4022 Οοάίοὸὲήὸη
1700 3969 1876 4038 pauci
1906 3983 2052 4038 pras-

425 4096 750 4108 —-———o

761 4095 1144 4108 ψ

421 4123 834 4134 ——-——-—-—-

2172 3149 2301 3199 Θεόν
2366 3145 2746 3218 εὐαρεστήσεως
2813 3145 3085 3208 σωξίσθω,
3155 3149 3243 3196 καὶ
3303 3146 3332 3201 ἠ
3403 3144 3618 3217 ὠφέλεια
3680 3153 3774 3206 τῆς

2169 3235 2353 3306 ψυχῆς
2397 3234 2790 3306 οἰκονομεῖσθαι,
2825 3237 2914 3284 καὶ
2951 3237 3010 3284 τὸ
3041 3237 3361 3307 πρόσταγμα
3399 3242 3490 3285 του
3519 3233 3774 3286 ’Δποστό-

2169 3325 2259 3377 λου
2312 3323 2648 3398 πληρούσθω,
2719 3323 2968 3384 εἰπόντος·
3049 3326 3164 3374 Εἰτε
3226 3317 3312 3374 οὖν
3380 3321 3595 3391 ἐσθίετε,
3675 3327 3776 3378 εἴτε

2170 3418 2363 3483 πίνετε,
2440 3415 2538 3465 εἴτε
2621 3431 2672 3463 τι
2755 3417 2968 3476 ποιεῖτε,
3037 3413 3208 3463 πάντα
3283 3419 3350 3473 εἰς
3417 3408 3575 3474 δόξαν
3643 3420 3775 3465 Θεοῦ

2171 3512 2381 3558 ποιεῖτε.

2158 3757 2245 3811 ter
2274 3755 2434 3807 Voss.
2467 3761 2556 3812 τῆς
2585 3755 2711 3824 πρὸς
2732 3748 3123 3824 Θεὸνῗέλπίδος.

2233 3826 2344 3895 (36)
2367 3828 2428 3878 ln
2453 3821 2641 3878 Vossii
2661 3824 2842 3896 veteri
2864 3823 3020 3878 libro
3042 3823 3259 3896 legitur
3272 3824 3466 3896 τρυφὰς
3489 3821 3772 3880 ἓπικόπτεε.

2235 3893 2346 3967 (37)
2387 3898 2545 3951 Uuus
2599 3911 2707 3967 ms.
2756 3894 2989 3967 ἰατρικῆς
3030 3893 3412 3967 ἐπαγγέλμασι.
3467 3898 3594 3950 Mox
3627 3896 3772 3966 Reg.

2167 3962 2398 4036 pt'itntls
2425 3963 2785 4022 emendatus
2818 3962 2903 4017 τὸν
2931 3962 3316 4038 ἀποδεδομένον
3346 3965 3518 4037 λογον.

3489 4127 3774 4140 -_-_..-

1575 4203 1706 4250 Tor
1744 4205 1827 4250 EN
1868 4178 2088 4251 Arion
2128 4203 2384 4252 I'IATPOZ
2425 4204 2618 4252 HMQN

1681 4331 2516 4455 ΒΑΣΙΛΕΙΟΥ

1355 4521 1907 4572 ΑΡΧΙΕΠΙΣΚΟΠΟΥ
1947 4523 2338 4573 ΚΑΙΣΑΡΕΙΑΣ
2378 4525 2857 4574 ΚΑΠῘῙΑΔΟΚΙΑΣ

824 4649 1397 4736 κΕψΑΑΛΙΑ
1452 4653 1677 4739 ΤΩΝ
1730 4652 2034 4741 ΟΡΩΝ

2161 4653 2312 4741 ΩΝ
2365 4658 2666 4742 ΚΑΤΑ
2720 4655 3380 4743 ΕΠΙΤΟΜΗΝ.

955 4872 1474 4982 SANGTI
1551 4878 2080 4984 PATRIS
2153 4877 2679 4986 NOSTRI
2754 4879 3285 4986 BASILII

1326 5051 1693 5108 CIESAREzE
1737 5055 2204 5111 CAPPADOCM‘I
2245 5057 2892 5113 ARCHIEPIEPISCOPI

743 5169 1148 5250 CAPITA
1240 5172 1936 5255 REGULARUM
2029 5175 2516 5256 BREVIUS
2593 5174 3454 5259 TRACTATARUM-

424 5349 598 5424 40],
632 5354 660 5408 1
690 5355 776 5405 An
826 5350 999 5406 liceat
1045 5358 1150 5408 aut
1196 5353 1479 5426 expediat
1517 5355 1805 5428 cuipiam,
1854 5359 1917 5412 ut
1947 5356 2059 5413 sibi

2182 5356 2226 5408 α’
2275 5357 2336 5409 Εἰ
2374 5356 2568 5420 ἔξεστιν
2608 5359 2636 5417 ἡ
2693 5362 2942 5433 συμφέρει
2993 5363 3095 5412 τινὶ
3143 5358 3306 5427 ἐαυτῷ
3347 5355 3648 5429 ἐπιτρέπειν,
3689 5353 3780 5402 καὶ

491 5440 797 5510 permittat
822 5448 922 5492 aut
951 5440 1144 5498 facere
1176 5451 1279 5499 aut
1305 5444 1503 5500 dicere
1533 5463 1669 5517 quas
1691 5445 1855 5502 bona
1880 5452 2075 5518 putat,

489 5528 638 5586 citra
667 5529 1075 5588 testimonium
1101 5532 1446 5590 divinarum
1476 5527 1941 5606 Scripturaruin.

2255 5454 2418 5498 ποιεῖν
2465 5449 2492 5505 ἡ
2547 5447 2711 5518 λέγειν
2763 5447 2797 5499 ἀ
2847 5450 3048 5521 νομίζει
3094 5447 3241 5513 καλὰ,
3283 5445 3401 5497 ἄνευ
3441 5452 3537 5504 τῆς
3573 5460 3781 5518 μαρτυ-

2257 5541 2377 5611 ρίας
2405 5545 2505 5591 τῶν
2538 5537 2889 5592 θεοπνεύστων
2933 5544 3164 5612 Γραγῶν.
