4114 6414
283 285 417 381 1037
1308 311 1737 371 REGULARUM
1776 309 2183 375 BREVIORU!
2220 315 2593 374 ossuum.
3506 327 3649 389 1058

281 442 358 500 νδ’
396 450 459 501 Τί
514 444 628 500 ἐστι
685 444 945 522 φιλαυτία,
1000 445 1092 497 καὶ
1155 446 1265 503 πῶς
1310 442 1558 515 γνωρίσει
1612 436 1794 493 ἐαυτὸν
1854 437 1880 490 6

2026 440 2060 494 4
2097 437 2251 505 Quid
2295 442 2386 497 est
2431 456 2603 498 amor
2653 442 2784 501 sui:
2843 443 2987 502 item
3033 448 3348 519 quomodo
3397 450 3502 523 qui
3553 450 3648 517 sui

356 536 619 609 φίλαυτος⁸
2060 527 2250 602 ipsius
2272 545 2477 586 amore
2507 532 2844 605 corripitur,
2877 542 3198 604 cognoscet
3226 539 3643 611 semetipsum.

284 624 347 679 νέ
387 631 519 680 Ποία
548 623 776 701 διαφορὰ
810 628 1024 702 πικρίας
1069 626 1160 676 καὶ
1207 623 1394 695 θυμοῦ,
1445 624 1535 673 καὶ
1574 617 1751 691 ὀργῆς,
1791 622 1882 671 καὶ

2020 621 2058 673 »3
2099 617 2418 684 Quodnam
2451 625 2539 677 est
2577 620 2905 678 discrimen
2953 622 3106 679 inter
3149 626 3645 703 amaritudinem,

355 715 720 792 παροξυσμοῦ.

2062 708 2563 780 indignationem,
2593 709 2747 767 iram
2774 715 2831 768 et
2859 711 3268 771 irritationem.

284 804 363 871 νς⁹
398 811 492 869 Τίς
550 805 691 860 ἐστιν
732 807 757 858 6
795 804 1122 879 ὑψηλόφρων,
1175 804 1266 854 καὶ
1310 804 1392 863 τίς
1439 801 1464 853 6
1505 797 1732 866 ἀλαζὼν,
1791 802 1882 851 καὶ

2031 802 2061 855 6
2101 798 2244 865 Quis
2291 798 2515 872 estqui
2558 799 2678 857 alta
2717 800 2891 874 sapit,
2935 806 2993 859 et
3037 803 3174 876 quis
3220 820 3534 879 arrogans,
3592 814 3650 866 et

354 900 436 958 τίς
487 897 515 950 6
570 897 907 968 ὑπερήφανος·
971 898 1052 954 τίς
1099 887 1159 946 δέ
1206 893 1232 944 6
1280 893 1652 964 τετυφωμένος,
1710 891 1804 942 καὶ
1857 888 1883 940 6

2063 889 2201 964 quis
2228 890 2567 963 superbus:
2614 891 2758 951 item
2787 891 2926 966 quis
2966 891 3251 963 fastosus,
3289 902 3346 952 et
3388 896 3525 972 quis
3564 899 3647 958 in-

355 1004 489 1059 πεφυ
497 990 763 1058 σιωμένος.

638 990 763 1047 ένος.
2064 979 2263 1037 ﬂatus.

286 1072 362 1136 νζ
400 1075 519 1129 Ἐάν
565 1095 645 1137 τις
695 1073 963 1147 ἐλάττωμα
1006 1074 1103 1147 ἔχη
1162 1068 1503 1146 ἀδιόρθωτον,
1550 1074 1641 1123 καὶ
1672 1070 1884 1141 συνεχέ.

2023 1075 2059 1126 ι7
2103 1068 2161 1126 Si
2187 1069 2321 1141 quis
2346 1067 2490 1126 vitio
2520 1069 2783 1143 cuipiam
2806 1070 3239 1132 inemendabili
3262 1074 3648 1137 sitobnoxius

362 1182 539 1240 στερον
593 1166 1100 1235 καταγινωσκόμενος
1156 1160 1479 1235 βλάπτηται,
1534 1159 1579 1212 εἰ
1637 1160 1886 1232 συμφέρει

2065 1162 2122 1216 et
2148 1157 2517 1233 frequentius
2541 1161 2942 1234 reprehensus
2971 1161 3227 1236 laeditur,
3258 1180 3339 1222 an
3360 1166 3652 1239 profuerit

356 1251 544 1325 μᾶλλον
570 1249 838 1323 ἐπαφιέναι
872 1250 1036 1321 αὐτῷ.

2067 1247 2263 1319 magis
2293 1249 2408 1304 hoc
2434 1247 2547 1320 ipsi
2579 1249 2941 1321 permittere.

284 1339 360 1400 νη’
395 1339 453 1393 Ὀ
498 1340 610 1395 κατ’
656 1336 997 1399 ἐπιτήδευσιν
1041 1338 1367 1414 ψευσάμενος
1414 1342 1645 1412 κρίνεται
1706 1341 1882 1412 μόνον,

2032 1341 2064 1394 8
2102 1340 2193 1394 An
2222 1336 2420 1394 solum
2442 1336 2745 1409 judicetur
2768 1338 2841 1408 is,
2872 1339 2978 1413 qui
3007 1339 3083 1397 de
3108 1340 3408 1403 industria
3438 1346 3652 1405 menti-

354 1429 383 1488 ἦ
408 1433 498 1482 καὶ
523 1431 549 1482 6
569 1432 706 1482 κατὰ
724 1431 939 1502 ἄγνοιάν
960 1449 1011 1483 τι
1029 1431 1174 1503 παρὰ
1189 1432 1248 1482 τὸ
1275 1426 1370 1486 ἄλη
1381 1429 1461 1490 θὶς
1487 1426 1755 1489 ἀπολύτως
1770 1428 1885 1501 (ii)

2066 1432 2161 1483 tus
2198 1431 2288 1482 est
2316 1443 2331 1482 :
2364 1430 2467 1484 aut
2489 1427 2670 1483 etiam
2696 1427 2767 1496 is,
2799 1428 2904 1501 qui
2930 1428 3204 1488 nesciens
3226 1432 3457 1507 aliquid
3477 1435 3653 1494 abso-

356 1519 674 1592 φθεγξάμενο
684 1540 724 1582 ς.

2065 1515 2185 1573 lute
2215 1521 2425 1574 contra
2449 1516 2766 1575 veritatem
2793 1517 3032 1575 locutus
3058 1518 3254 1578 fuerit.

280 1605 356 1660 νθ⁹
393 1607 511 1662 Ἐὰν
536 1606 727 1682 ἔνθυμη
738 1610 797 1682 θῇ
825 1628 909 1672 τις
926 1617 1150 1669 ποιῆσαι
1169 1612 1322 1682 μόνον
1352 1625 1423 1675 τι,
1446 1611 1536 1660 καὶ
1564 1612 1637 1681 μὴ
1660 1612 1882 1682 ποιήσῃ,

2033 1609 2065 1662 9
2106 1604 2163 1662 Si
2188 1604 2326 1679 quis
2353 1605 2704 1675 cogitaverit
2727 1605 3025 1664 duntaxat
3050 1607 3281 1682 aliquid
3306 1609 3524 1684 facere,
3540 1629 3651 1673 nec

356 1697 399 1750 εἰ
427 1702 518 1751 καὶ
547 1695 690 1760 οὗτος
728 1700 799 1761 ὡς
825 1698 1061 1770 ψεύστης
1089 1702 1335 1773 κρίνεται.

2066 1699 2272 1751 tamen
2297 1693 2520 1763 fecerit,
2549 1710 2629 1751 an
2656 1694 2706 1751 is
2736 1710 2981 1771 quoque
3011 1697 3175 1757 velut
3203 1700 3469 1765 mendax
3492 1702 3650 1775 judi-

1760 1849 1771 1859 _
1913 1791 1958 1849 Β
2068 1789 2253 1841 cetur.

285 1875 325 1940 ξ’
362 1879 490 1952 Περὶ
530 1896 622 1931 του
655 1885 924 1951 προπετῶς
970 1877 1283 1953 ὁρισαμένου
1336 1876 1533 1953 πρᾶξαί
1568 1896 1620 1931 τι
1662 1885 1763 1930 τῶν
1808 1879 1881 1951 μὴ

2024 1877 2067 1929 ιο
2102 1873 2182 1930 De
2213 1889 2286 1929 eo
2314 1872 2417 1946 qui
2461 1877 2738 1946 proterve
2768 1873 3034 1934 decrevit
3059 1875 3259 1935 facere
3287 1878 3520 1955 aliquid
3545 1897 3649 1939 eo-

355 1966 675 2041 ἀρεσκόντων
696 1976 833 2040 Θεῷ.

2066 1978 2203 2020 rum
2228 1979 2367 2035 quae
2396 1962 2719 2037 displicent
2747 1966 2887 2022 Deo.

192 2066 209 2093 '
285 2055 360 2121 ξα’
396 2056 514 2111 Ἐάν
568 2077 651 2119 τις
705 2062 832 2131 μήτε
882 2056 1199 2133 ἐργάζεσθαι
1259 2053 1525 2129 δύνηται,
1577 2062 1712 2131 μήτε
1767 2076 1817 2112 το

2026 2058 2059 2110 .t
2106 2052 2164 2111 Si
2192 2052 2331 2126 quis
2371 2068 2570 2126 neque
2621 2053 2861 2128 operari
2895 2058 3119 2128 potest,
3151 2069 3348 2131 neque
3377 2056 3651 2132 psalmos

353 2145 597 2221 ψαλμοὺς
619 2146 804 2221 μαθεῖν
836 2144 1118 2221 βούληται.

858 2144 1118 2207 Ξούληται.
2067 2142 2297 2200 discere
2323 2141 2483 2199 velit.

405 2240 468 2290 Τί
506 2235 591 2290 ἐὰν
614 2241 811 2311 ποιήσῃ
841 2257 943 2306 τις,
988 2239 1059 2301 ὡς
1086 2236 1295 2315 κρύψας
1318 2238 1378 2291 16
1421 2236 1689 2306 τάλαντον,
1731 2255 1888 2294 κατα-

2026 2237 2065 2290 ›2
2109 2232 2263 2299 Quid
2283 2231 2490 2291 fecerit
2517 2232 2674 2306 quis,
2691 2236 2756 2290 ut
2774 2233 3209 2293 condemnetur
3229 2238 3525 2311 tanquam
3543 2236 3651 2313 qui

355 2331 606 2401 κρίνεται.

2067 2323 2355 2381 talentum
2380 2322 2724 2380 occultavit.

287 2413 362 2488 εγ
399 2420 463 2470 Τί
491 2414 576 2469 έάν
605 2421 804 2491 ποιήσῃ
837 2437 938 2485 τις,
969 2419 1335 2491 κατακρίνεται
1380 2418 1448 2480 ὡς
1478 2413 1661 2471 ἐκεῖνοι
1689 2418 1740 2470 ei
1767 2437 1889 2492 γογ.

2028 2418 2063 2472 η3
2104 2412 2257 2480 Quid
2285 2412 2488 2469 fecerit
2514 2413 2675 2486 quis,
2703 2417 2767 2470 ut
2793 2413 3230 2473 condemnetur
3253 2420 3549 2491 tanquam
3568 2414 3653 2475 illi

356 2507 609 2578 ’θύσαντες
637 2508 773 2561 κατὰ
794 2515 894 2559 τῶν
915 2505 1176 2580 ἐσχάτων.

2067 2503 2173 2578 qui
2205 2507 2740 2561 murmuraverunt
2766 2509 2978 2561 contra
3005 2509 3365 2578 postremos.

287 2590 354 2658 ξδ
403 2599 467 2650 Τί
515 2596 628 2650 ἐστι
672 2599 731 2649 τό
780 2590 1153 2665 σκανδαλίσαι,
1209 2599 1299 2649 καὶ
1341 2603 1452 2659 πῶς
1502 2594 1630 2651 αὖτό
1668 2597 1890 2671 φυλαξό-

2034 2597 2067 2651 4
2105 2591 2261 2659 Quid
2289 2596 2379 2650 est
2402 2590 2767 2649 offendicula
2796 2608 2949 2665 esse,
2975 2597 3033 2651 et
3060 2610 3184 2667 qua
3210 2594 3273 2651 id
3301 2595 3536 2655 ratione
3559 2612 3656 2656 ca-

357 2687 512 2759 μεθα.

2067 2682 2366 2741 vebimus.

283 2771 350 2838 ξί
385 2782 505 2839 Πῶς
526 2779 623 2836 τὴν
654 2770 896 2836 ἀλήθειαν
927 2774 975 2829 ἐν
1002 2771 1189 2849 ἀδικιᾳ
1225 2790 1310 2839 τες
1337 2776 1574 2849 κατέχεε.

1998 2779 2067 2832 65
2105 2774 2422 2843 Quomodo
2451 2772 2590 2848 quis
2610 2773 2922 2832 veritatem
2953 2773 3180 2832 detinet
3206 2774 3269 2833 in
3295 2772 3615 2849 injustitia.

285 2862 363 2928 Et,"
400 2868 464 2917 Τί
492 2863 632 2918 έστιν
661 2866 789 2939 ἔρις,
816 2869 908 2918 καὶ
931 2868 985 2917 τί
1014 2864 1155 2918 έστιν
1185 2863 1401 2940 έριθεία.

1996 2869 2067 2922 66
2105 2865 2261 2932 Quid
2283 2863 2729 2936 estaltercatio,
2761 2869 2816 2921 et
2838 2864 2987 2938 quid
3007 2866 3334 2926 contentio.

287 2950 361 3015 ξξ
399 2957 463 3005 Τί
488 2953 628 3007 ἐστιν
649 2952 973 3028 ἀκαθαρσία,
1003 2959 1095 3007 καὶ
1114 2958 1167 3007 τί
1198 2954 1340 3008 ἐστιν
1373 2953 1635 3027 ἀσέλγεια.

1997 2958 2062 3010 67
2103 2953 2258 3020 Quid
2283 2958 2373 3010 est
2393 2953 2800 3021 immunditia,
2829 2959 2884 3011 et
2913 2954 3065 3027 quid
3092 2955 3435 3029 impuritas.

289 3039 365 3105 ξη⁶
400 3046 463 3096 Τί
513 3039 649 3098 ἴδιον
690 3046 882 3119 θυμοῦ,
930 3048 1022 3098 καί
1064 3048 1118 3098 τί
1166 3040 1305 3098 ἴδιον
1353 3042 1762 3118 ἀγανακτήσεως
1809 3063 1888 3099 ενα

2032 3046 2066 3101 8
2102 3042 2260 3112 Quid
2283 3047 2372 3100 est
2391 3043 2704 3117 proprium
2722 3043 2847 3112 iraa,
2869 3047 2926 3102 et
2949 3044 3096 3117 quid
3119 3045 3435 3120 proprium
3465 3063 3656 3121 aequm

355 3130 529 3204 λόγου.
1926 3151 1968 3211 C

1926 3151 1968 3211 ο
2069 3131 2526 3206 indignationis.

286 3217 361 3284 ζθ¹
399 3225 525 3293 Περὶ
586 3229 679 3276 τοῦ
732 3227 866 3296 μήτε
909 3223 1119 3278 ἔλαττον
1172 3222 1437 3287 ἐσθίοντος
1500 3231 1601 3277 τῶν
1672 3223 1884 3293 λοιπῶν,

2035 3226 2067 3281 9
2106 3222 2188 3280 De
2224 3239 2298 3281 eo
2322 3222 2423 3297 qui
2454 3222 2591 3280 licet
2628 3238 2751 3281 non
2780 3222 2985 3281 minus
3029 3223 3169 3282 edat
3200 3239 3389 3298 quam
3435 3224 3655 3297 caeteri,

349 3315 484 3382 μήτε
514 3319 671 3384 σῶμα
711 3314 926 3382 ἔχοντος
973 3312 1401 3389 κὰτερῥιμμένον,
1448 3316 1542 3367 καὶ
1587 3310 1888 3387 ἀδυναμίαν

2066 3328 2266 3387 neque
2289 3312 2364 3370 sit
2391 3312 2580 3371 fracto
2600 3318 2659 3370 et
2681 3313 2947 3371 invalido
2974 3329 3247 3388 corpore,
3270 3316 3658 3390 conqueritur

352 3399 426 3461 εἰς
454 3404 515 3454 1'6
546 3402 695 3473 έργον
725 3397 1066 3475 ὀδυρομένου.

2068 3407 2294 3475 tamen,
2326 3407 2619 3476 tanquam
2652 3404 2751 3476 qui
2779 3418 2905 3461 non
2935 3409 3121 3476 qt'eat
3143 3404 3405 3478 operari.

281 3486 321 3542 ο’
358 3491 459 3542 Τὸν
489 3493 904 3566 παραχρώμενον
946 3497 1058 3553 τοῖς
1098 3490 1324 3564 ἱματίοις
1355 3491 1387 3550 ἣ
1436 3489 1751 3566 ὑποδήμασι
1779 3500 1891 3556 πῶς

2036 3495 2070 3548 0
2108 3491 2426 3558 Quomodo
2452 3490 2800 3564 puniendus
2830 3490 2927 3561 sit,
2969 3491 3077 3564 qui
3102 3493 3377 3550 vestibus
3404 3498 3512 3553 aut
3539 3493 3659 3559 cal-

358 3575 444 3632 δεῖ
464 3581 838 3654 μετέρχεσθαι.

2072 3580 2398 3639 ceamentis
2422 3580 2716 3639 abutitur.

284 3667 360 3723 οα’
398 3668 520 3723 Εἰσί
553 3688 686 3732 τινες
731 3671 782 3722 οἱ
832 3672 933 3745 πρὸ
980 3677 1070 3725 τοῦ
1116 3669 1345 3734 πλείονος
1391 3673 1453 3729 τὸ
1493 3667 1750 3747 ἡδύτερον
1787 3679 1891 3725 τῶν

2045 3675 2062 3727 t
2107 3672 2238 3727 Non
2267 3669 2488 3727 desunt
2517 3669 2623 3744 qui
2652 3669 2934 3727 ciborum
2971 3669 3328 3728 suavitatem
3374 3675 3659 3745 expetant

358 3754 659 3831 ἐδεσμάτων
686 3758 1073 3829 ἐπιζητοῦντες,
1103 3760 1252 3815 ἄλλοι
1278 3757 1338 3815 δί
1360 3764 1421 3815 1'6
1450 3761 1622 3817 πλεῖον
1642 3761 1833 3836 μᾶλλον
1856 3761 1887 3823 ἣ

2070 3759 2269 3831 magis
2296 3776 2486 3834 quam
2530 3759 2794 3833 copiam,
2846 3759 2951 3817 alii
2997 3775 3140 3818 vero
3181 3760 3470 3819 satietatis
3513 3777 3659 3834 ergo

357 3867 417 3902 1'6
442 3845 548 3909 ἡδὺ
576 3845 612 3902 δ
617 3851 672 3903 ιὰ
699 3853 787 3904 τὸν
825 3854 980 3927 κόρον
1011 3849 1268 3905 θέλουσιν·
1296 3859 1408 3915 πῶς
1451 3851 1540 3905 οὖν
1572 3849 1894 3930 ἀμφοτέρους

2071 3848 2314 3922 copiam
2340 3852 2723 3922 anteponunt
2742 3848 3054 3907 suavitati:
3085 3849 3192 3923 qui
3215 3849 3401 3921 igitur
3419 3850 3658 3925 utrique

357 3938 461 3998 πλη
465 3947 701 4016 ροφορεῖν
730 3945 841 4016 χρή
853 3982 868 3998 .
2072 3938 2373 3997 tractandi
2388 3937 2542 3997 sint.

283 4026 367 4102 οβ’
404 4034 532 4106 Περὶ
555 4038 649 4084 τοῦ
693 4029 743 4085 ἐν
783 4028 1102 4106 ἀδελφότητι
1145 4030 1383 4107 ἆσέμνως
1422 4036 1541 4109 περὶ
1587 4037 1684 4093 τὴν
1725 4033 1893 4107 μετά·

2037 4031 2071 4085 2
2109 4032 2189 4086 De
2236 4043 2309 4086 eo
2355 4027 2460 4102 qui
2504 4027 2568 4086 in
2613 4027 2765 4087 cibis
2800 4023 3112 4087 sumendis
3162 4027 3526 4088 immodeste
3573 4027 3662 4088 tn-

352 4117 512 4192 ληψιν
539 4117 1010 4196 ἀναστρεφομένου,
1042 4126 1134 4176 καὶ
1156 4120 1467 4198 λαϐρότερον
1498 4122 1782 4188 ἐσθίοντος.

2072 4122 2161 4178 ter
2209 4117 2426 4178 fratres
2468 4117 2787 4192 recumbit,
2838 4123 2946 4177 aut
2972 4118 3249 4178 voracius
3281 4134 3418 4178 sese
3446 4120 3660 4199 ingure

2075 4209 2243 4281 gitat.

283 4296 360 4372 ον’
399 4304 525 4374 Περὶ
559 4307 655 4354 τοῦ
681 4303 753 4374 μή
801 4299 851 4353 έν
898 4299 1154 4374 έπιθυμιᾳ
1187 4309 1280 4363 τῆς
1330 4309 1425 4356 τοῦ
1470 4298 1699 4376 ἀδελφοῦ
1742 4299 1893 4378 διορ-

2040 4304 2070 4358 3
2112 4303 2193 4357 De
2243 4313 2319 4357 eo
2366 4298 2474 4375 qui
2523 4314 2647 4357 non
2690 4296 2967 4357 fraternas
3008 4299 3454 4377 emendationis
3503 4299 3662 4359 desis

361 4391 563 4450 θὼσεως
607 4389 907 4462 Μγχοντος
953 4392 1041 4442 τὸν
1088 4388 1474 4465 ἁμαρτάνοντα,
1526 4390 1630 4445 ἀλλ’
1658 4392 1711 4446 έν
1735 4395 1895 4446 πείθει

2076 4388 2245 4446 derio
2273 4388 2582 4460 redarguit
2608 4387 3204 4464 delinquentem,sed
3232 4405 3304 4448 ex
3319 4389 3569 4448 libidine
3599 4407 3663 4449 se

359 4485 454 4538 τῆς
482 4476 668 4531 ἑαυτοῦ
697 4474 1038 4547 ἐκδικήσεως.
1921 4508 1969 4568 Β

1434 4566 1445 4568 _
1921 4508 1969 4568 η
2079 4479 2285 4553 ipsum
2308 4477 2665 4537 ulciscendi.

285 4564 368 4622 οδ
408 4572 537 4643 Περὶ
581 4576 680 4621 τῶν
728 4568 1077 4644 ἐξερχομνων
1135 4567 1190 4623 έκ
1234 4575 1330 4632 τῆς
1382 4566 1750 4645 ἁδελφότητος,
1803 4576 1895 4627 καὶ

2033 4571 2078 4626 ’4
2115 4572 2196 4626 De
2218 4568 2293 4625 iis
2322 4569 2428 4641 qui
2454 4569 2745 4626 recedunt
2769 4586 2806 4628 a
2845 4569 3101 4627 fratrum
3134 4574 3463 4641 conventu,
3502 4586 3658 4644 prse-

361 4662 562 4732 μονὴρη
596 4655 715 4732 βίον
746 4657 843 4732 ζῇν
861 4656 1303 4734 προαιρουμένειῖν.

2074 4658 2397 4733 feruntque
2426 4659 2616 4716 vitam
2643 4658 2997 4717 solitariam.

260 4747 354 4804 ,σε’
392 4747 454 4803 Εἰ
477 4751 671 4812 παντὸς
717 4746 1108 4826 ἁμαρτήματος,
1141 4752 1241 4803 εἴτε
1275 4751 1412 4803 κατὰ
1449 4757 1591 4817 νοῦν,
1630 4753 1733 4805 εἴτε
1758 4753 1885 4807 κατό

2034 4751 2072 4807 ‘5
2112 4744 2293 4824 ἀ,οᾷ
2343 4754 2434 4806 An
2462 4748 2693 4823 peccati
2730 4748 3049 4822 cujusque,
3092 4750 3222 4806 sive
3263 4753 3487 4819 mente,
3537 4750 3659 4808 sive

360 4839 530 4913 λόγον,
562 4841 664 4893 εἶτε
703 4842 842 4893 κατὰ
881 4839 1095 4916 πρᾶξιν,
1130 4843 1223 4893 τὸν
1249 4846 1478 4905 Σατανᾶν
1516 4843 1693 4895 αἴτιον
1730 4841 1893 4916 λέγειν

2072 4840 2281 4909 verbo,
2311 4839 2439 4898 sive
2464 4854 2645 4913 opere
2671 4842 2977 4915 patratum
2995 4839 3193 4917 fuerit,
3215 4845 3528 4898 auctorem
3558 4841 3659 4900 Sa-

364 4925 465 4986 δεῖ.
1376 4970 1383 4973 -
2071 4935 2281 4989 tanam
2303 4930 2504 4989 dicere
2534 4934 2838 5005 oporteat.
3616 4965 3621 4970 -

289 5019 369 5085 ις’
423 5019 487 5073 Εἰ
537 5023 651 5096 χρὴ
707 5019 978 5095 οἰκονομίᾳ
1034 5015 1195 5080 δῆθεν
1245 5023 1526 5097 χρησίμου
1576 5024 1719 5087 τινὸς
1767 5021 1894 5095 ipso,

2038 5025 2072 5080 6
2108 5023 2199 5079 An
2235 5025 2511 5096 oporteat
2551 5020 2810 5093 mentiri,
2848 5019 3122 5079 videlicet
3147 5020 3310 5080 utilis
3336 5022 3662 5095 cujusdam

365 5107 401 5163 δ
405 5110 576 5167 εσθαι.
1421 5150 1429 5157 .

1421 5150 1429 5157 -
2074 5111 2428 5170 oeconomia:
2459 5127 2669 5169 causa.

289 5197 366 5263 ιζ’
399 5204 465 5255 Τί
489 5201 603 5255 ἐστ-ι
625 5196 797 5266 δόλος,
830 5203 920 5253 καὶ
949 5203 1003 5252 τί
1032 5199 1147 5254 im
1173 5203 1485 5262 κακοήθεια.

2025 5207 2070 5260 Π
2110 5201 2266 5269 Quid
2292 5206 2383 5260 est
2409 5201 2610 5272 dolus,
2628 5206 2694 5259 et
2719 5200 2869 5276 quid
2896 5211 3137 5260 morum
3166 5198 3550 5276 perversitas.
3646 5210 3650 5215 ‘

404 5289 704 5367 Ἐφευρεταὶ
731 5298 905 5351 κακῶν
932 5293 1067 5351 τίνες
1092 5294 1256 5348 εἰσίν.
1664 5352 1667 5357 ι

1664 5352 1667 5357 ,
1800 5330 1807 5335 -
2002 5294 2075 5348 78
2109 5291 2454 5349 lnveatores
2478 5291 2781 5348 malorum
2809 5293 2915 5366 qui
2954 5292 3096 5348 sint.

292 5370 683 5445 οϐ’ίχἜνέλκςι-ις
750 5386 989 5453 συνεχῶς
1055 5378 1240 5433 ἑαυτοῦ
1306 5380 1748 5457 ἐπιλαμϐάνηται,
1815 5382 1897 5436 ὅτι

2043 5387 2076 5439 9
2115 5382 2173 5440 Si
2195 5382 2334 5457 quis
2361 5382 2605 5441 assidue
2635 5398 2698 5440 se
2727 5381 2928 5456 ipsum
2955 5387 3220 5447 accuset,
3248 5380 3417 5456 quod
3447 5381 3661 5440 durius

371 5464 608 5541 σκληρῶς
657 5472 1007 5544 προσφέρεται
1047 5477 1121 5541 τῷ
1173 5466 1398 5545 ἀδελφῷ,
1444 5480 1555 5537 πῶς
1604 5468 1898 5549 διορθωθὴ-

1694 5474 1898 5549 ρθωθὴ-
2079 5476 2287 5530 tractet
2326 5472 2592 5542 fratrem,
2622 5472 2936 5546 quomodo
2966 5471 3319 5545 corrigetur.

376 5572 543 5610 σεται.
3096 5576 3101 5581 ’

370 5681 486 5756 (41)
526 5678 716 5744 Editio
742 5685 885 5744 Ven.
915 5687 973 5744 et
1002 5686 1374 5763 Reggtertius
1393 5684 1576 5751 ἄληθες
1604 5685 1900 5753 exemtus.
