2057 3205
157 181 221 209 1061

668 175 882 208 REGULARUM
911 177 1112 207 BREVIORUM
1132 180 1315 209 CAPITULA.

1765 185 1835 212 l062

154 241 195 280 ρδ’
208 247 268 274 Πῶς
281 245 335 281 χρὴ
349 245 395 274 τὰς
411 241 551 279 φροντίδας
566 241 720 278 ἐγχειρίζειν
732 244 785 271 τοῖς
801 239 931 276 ἀδελφοῖς.

1023 242 1056 268 0i
1077 241 1147 273 Quae
1162 241 1238 269 ratio
1254 243 1382 270 tenenda
1398 244 1433 270 sit
1447 243 1477 271 in
1496 243 1603 271 ofﬁciis
1618 244 1761 272 fratribus
1778 243 1832 272 de-

155 331 188 368 ρε’
204 331 234 357 Εἰ
248 333 302 368 χρὴ
318 333 379 362 τοὺς
394 330 592 367 εἰσερχομένους
612 330 645 360 εἰς
671 328 835 366 ἀδελφότητα
862 329 953 359 εὐθέως

192 378 286 411 τέχνας
300 377 447 412 μανθάνειν.

155 420 196 457 ρξ’
214 423 301 451 Ποίοις
320 420 460 456 ἐπιτιμίοις
481 420 631 455 κεχρῆσθαι
655 417 696 444 δεῖ
715 418 739 444 ἰν
757 416 925 454 ἀδελφότητι.

156 508 196 546 ρζ
210 512 271 545 Περὶ
286 513 331 535 τοῦ
345 508 459 543 λέγοντος
472 507 611 543 ἐπιθυμίαν
626 509 696 543 ἔχειν
715 507 799 543 ωζῇν
817 511 848 543 τῇ
873 504 952 533 ἀδελ-

194 556 283 588 φότητι
290 575 296 580 .

156 597 196 635 ρη’
212 598 240 624 Εἰ
252 599 306 632 χρὴ
319 598 362 622 τὸν
373 601 526 633 προεστῶτα
544 596 616 626 ἐκτὸς
630 600 679 627 τῆς
690 598 858 632 προεστὼσης
870 595 954 621 λαλεῖν

192 639 286 676 ἀδελφῇ
303 650 354 666 τινι
368 642 401 666 τὰ
420 642 483 676 πρὸς
499 639 642 676 οἰκοδομὴν
654 645 701 671 τῆς
715 643 839 671 πίστεως.

153 729 191 766 ρθ’
206 730 236 755 Εἰ
250 732 305 767 χρὴ
322 731 365 756 τὸν
381 734 535 766 προεστῶτα
554 731 619 766 μετὰ
641 733 688 759 τῆς
710 732 884 766 προεστώσης
901 739 952 755 πυ-

188 779 255 805 κνῶς
270 773 450 809 διαλέγεσθαι.

152 818 185 855 ρι’
201 819 231 846 Εἰ
243 821 309 855 χρὴ,
331 818 567 855 ἐξομολογουμένη
586 817 698 854 ἀδελφῆς
712 823 749 844 τῶ
773 818 951 855 πρεσϐυτέρῳ,

190 866 235 889 καὶ
248 866 296 892 τὴν
310 863 487 900 πρεσϐυτέραν
502 867 632 901 παρεῖναι.

1042 285 1189 319 legendis.

1008 332 1057 358 l05
1078 333 1120 357 An
1136 331 1237 359 statim
1254 334 1285 359 ut
1297 332 1387 368 aliqui
1399 333 1428 360 in
1446 333 1572 361 fratrum
1587 336 1769 362 conventum
1786 334 1832 362 in-

1042 375 1135 408 gressi
1147 375 1264 409 fuerint,
1279 376 1409 404 debeant
1425 380 1503 404 artes
1518 377 1645 404 discere.

1009 421 1059 446 106
1078 419 1255 454 Cujusmodi
1282 422 1377 456 poenis
1405 422 1436 449 in
1460 421 1586 449 fratrum
1619 422 1761 450 societate
1792 422 1835 451 uti

1043 467 1189 499 oporteat.

1010 511 1059 536 107
1082 510 1119 535 De
1133 517 1169 536 eo
1180 509 1231 545 qui
1245 509 1315 537 dicit
1325 518 1435 546 cupere
1450 518 1481 538 se
1498 510 1589 538 simul
1604 518 1673 538 cum
1686 510 1834 538 fratribus

1044 561 1153 581 Vivere.

1010 599 1060 625 l08
1081 601 1123 625 An
1139 599 1298 626 conveniat
1320 599 1506 634 praafectum,
1532 599 1673 635 praefecta
1697 600 1836 635 absente,

1044 651 1112 670 cum
1129 651 1231 670 sorore
1248 643 1349 679 aliqua
1375 644 1455 680 loqui
1477 644 1514 671 de
1537 644 1582 677 iis,
1597 652 1666 680 quise
1684 645 1837 680 pertinent

1044 687 1081 714 ari
1098 687 1166 714 ﬁdei
1183 687 1426 715 aedificationem.

1010 734 1060 759 l09
1080 735 1123 759 An
1138 732 1297 760 conveniat
1321 732 1497 767 praefectum
1521 739 1592 760 cum
1619 733 1760 768 praefecte
1777 733 1837 761 fre-

1043 779 1169 812 quenter
1184 776 1324 812 colloqui.

1010 823 1060 848 110
1079 823 1122 848 An
1146 821 1213 857 ipso
1237 821 1353 849 seniore
1376 821 1486 849 sororis
1511 822 1735 849 confessionem
1759 822 1837 850 exci-

1044 866 1153 901 piente,
1169 866 1235 901 ipsa
1248 866 1340 893 etiam
1355 866 1457 893 seniOr
1471 866 1580 893 adesse
1593 866 1714 894 debeat.

153 908 203 946 ρια¹
219 908 259 937 Εἰ.
273 912 319 934 τοῦ
334 908 511 944 πρεσϐυτέρου
525 909 647 944 γενέσθαι
665 918 691 934 τι
710 907 905 945 προστάξαντος
931 907 954 933 iv

1031 913 1055 937 11
1080 910 1107 938 Si
1123 910 1234 944 senior,
1258 918 1361 937 sorore
1386 910 1504 937 seniore
1526 910 1631 945 inscia,
1646 911 1771 946 jusserit
1786 911 1838 939 aii-

189 956 243 982 ταῐς
259 951 382 988 ἀδελφαῖς
408 955 478 989 παρά
499 957 596 987 γνῶσιν
610 957 657 982 τῆς
679 952 865 989 πρεσϐυτέρας,
885 952 955 978 εὐλο-

189 1007 242 1032 γως
257 996 396 1032 ἀγανακτεῖ
414 997 429 1025 ἠ
459 996 634 1033 πρεσϐυτέρα.

153 1040 207 1077 ριβ’
220 1041 277 1067 Ἐάν
290 1051 328 1070 τις
342 1041 472 1077 προσέλθῃ
488 1046 525 1076 τῷ
540 1043 608 1067 κατὰ
621 1043 685 1068 Θεὸν
701 1041 763 1077 βίῳ,
780 1041 801 1067 εἰ
815 1041 954 1067 ἀκόλουθόν

189 1086 246 1112 ἐστι
258 1088 302 1112 τὸν
317 1090 469 1123 προεστῶτα
487 1087 547 1112 ἄνευ
562 1089 669 1122 γνώμης
693 1091 743 1112 τῶν
767 1084 884 1122 ἀδελφῶν
911 1088 954 1112 τὸν

189 1134 304 1156 τοιοῦτον
319 1129 531 1166 προσδέχεσθαι.

152 1174 202 1212 ριγ¹
218 1175 248 1201 Ei
262 1173 372 1200 δύναται
388 1176 400 1201 ο
414 1174 541 1211 φροντίδα
554 1175 651 1211 ψυχῶν
670 1174 895 1212 ἐγκεχειρισμένος
909 1185 954 1211 φν-

188 1219 264 1251 λάξαι
285 1221 324 1253 τὸ,
346 1220 404 1246 Ἐὰν
430 1223 466 1256 μὴ
496 1224 637 1257 στραφῆτε,
661 1222 705 1245 καὶ
729 1221 839 1255 γένησθε
865 1221 897 1249 ὡς
923 1221 955 1245 τὰ

189 1262 296 1291 παιδία.

152 1308 204 1347 prd"
220 1310 250 1335 Εἰ
265 1308 307 1336 δεῖ
320 1312 398 1335 παντὶ
410 1314 446 1345 τῷ
461 1310 630 1335 ἐπιτάσσοντα.
642 1312 688 1335 καὶ
698 1307 878 1345 οἱῳδηποτοῡν
889 1311 955 1336 ὑπα-

188 1355 283 1381 χούιιν.

153 1398 197 1436 ριε’
214 1402 272 1429 Πῶς
286 1399 425 1425 ὑπακούειν
440 1397 560 1429 ἀλλήλοις
575 1400 639 1435 χρή.

154 1443 205 1480 ρις’
218 1445 306 1480 Μέχρι
321 1445 403 1468 πόσου
424 1443 562 1468 ὑπακούειν
583 1444 650 1478 χρή,

156 1531 206 1570 ριξ
218 1532 246 1558 Ὀ
259 1535 295 1568 μὴ
317 1532 554 1569 πληροφορούμενος
570 1530 593 1556 ἓν
612 1540 667 1561 τοις
682 1530 742 1556 καθ’
770 1531 868 1566 ἡμέραν
889 1532 954 1567 πρὸς

190 1579 233 1605 τὴν
248 1578 417 1614 προκειμένην
433 1575 533 1604 ἐντολὴν
549 1575 720 1611 ἐπιτάγμασι,
736 1577 833 1610 τέχνην
857 1572 886 1600 δὲ
905 1585 954 1610 μα·
968 1588 989 1616 C

191 1621 241 1646 θεῖν
257 1620 397 1654 ἐπιζητῶν,
414 1624 487 1646 ποῖον
503 1621 586 1650 πάθος
604 1623 685 1653 νοσεῖ,
701 1622 745 1645 καὶ
760 1619 781 1645 εἱ
800 1621 854 1656 χρὴ
873 1619 953 1645 αὑτοῦ

189 1664 329 1700 ἀνέχεσθαι
335 1684 342 1691 .

150 1707 203 1745 pm‘
226 1708 255 1734 Ὁ
286 1706 430 1738 σπουδαῖος
454 1708 486 1738 εἰς
509 1712 554 1737 τὴν
577 1708 689 1743 ὶντολὴν,
713 1711 758 1734 καὶ
780 1708 953 1746 ἐργαζόμενος

188 1753 241 1789 οὐχ
256 1752 269 1778 ὃ
285 1752 465 1785 ἐπιτάσσεται,
482 1752 535 1778 αλλ’
549 1753 561 1779 ὃ
575 1753 650 1782 αὐτὸς
667 1752 742 1784 θελει,
758 1756 832 1779 ποῖον
856 1754 951 1789 μιοθὸν

188 1799 255 1833 ἔχει.

150 1841 201 1879 ριθ’
213 1841 244 1868 Εἰ
258 1841 354 1873 ἔξεστιν
371 1841 471 1877 ἑκάστῳ
486 1841 673 1878 παραιτεῖσθαι
687 1842 716 1867 τὸ
732 1840 895 1878 ἐγχειρισθεν
911 1842 951 1879 ἔρ-

187 1896 242 1922 γον,
257 1889 302 1912 καί
314 1886 375 1912 ἄλλο
391 1884 535 1916 ἐπιζητεῖν.

151 1931 189 1968 ρκ’
203 1931 232 1956 Εἰ
249 1929 290 1956 δεῖ
304 1930 408 1957 ἀπιέναι
425 1941 475 1957 που
499 1933 583 1968 χωρὶς
602 1931 774 1966 ὑπομνήσεως
796 1934 843 1956 τοῦ
872 1940 951 1967 προε-

189 1980 285 2007 στῶτος
290 1997 296 2003 .

150 2020 207 2058 ρκα¹
222 2021 251 2046 Εἰ
266 2021 348 2051 ἔξεστι
362 2021 550 2056 παραιτεῖσθαι
559 2021 593 2046 τὰ
608 2019 741 2057 βαρύτερα
754 2024 803 2046 τῶν
824 2021 914 2056 ἔργων.

150 2064 210 2102 ρλβ’
227 2065 286 2091 Ἐάν
314 2075 362 2100 τις,
384 2066 543 2100 ἐπιτιμηθεὶς
565 2064 682 2100 εὐλογίαν
711 2067 747 2101 μὴ
772 2064 869 2098 λαϐεῖν⁷
889 2064 950 2100 λέγῃ

186 2110 236 2143 ὃτι,
254 2110 311 2136 Ἐὰν
326 2111 361 2145 μὴ
377 2108 447 2135 λάϐω
467 2109 595 2144 εὐλογίαν,
617 2109 663 2135 οὐκ
679 2109 759 2136 ἐσθίω
777 2120 783 2126 -
807 2109 829 2135 εἰ
850 2107 892 2136 δεῖ
907 2109 952 2135 αὐ-

186 2156 229 2180 τόν
245 2153 400 2190 ἀνέχεσθαι.

1044 955 1114 991 quid
1132 963 1149 982 a
1165 955 1318 982 sororibus
1331 954 1404 989 ﬁeri,
1419 963 1457 982 an
1470 955 1570 983 senior
1583 955 1635 983 illa
1647 956 1714 990 jure
1726 963 1761 983 ac
1775 962 1838 982 me-

1045 1000 1100 1028 rito
1112 999 1294 1034 indignetur.

1012 1047 1061 1071 112
1080 1044 1107 1071 Si
1121 1044 1188 1080 quis
1202 1044 1316 1071 accedit
1325 1043 1364 1071 ad
1375 1044 1467 1072 vitam
1477 1052 1545 1079 quis
1557 1044 1727 1072 secundum
1739 1045 1834 1072 Deum

1044 1092 1098 1122 est,
1116 1097 1152 1117 an
1165 1088 1324 1116 conveniat
1341 1088 1432 1116 talem
1455 1089 1548 1124 recipi
1569 1097 1586 1116 a
1604 1088 1747 1124 praefecto
1761 1089 1839 1116 citra.

1045 1141 1229 1161 consensum
1244 1133 1381 1160 fratrum.

1011 1180 1060 1206 113
1082 1181 1127 1205 An
1143 1178 1240 1213 possit
1260 1179 1285 1204 is
1310 1178 1356 1205 cui
1382 1177 1556 1206 animarum
1578 1185 1652 1205 cura
1664 1176 1838 1204 concredita

1044 1226 1097 1250 est.
1114 1222 1170 1249 hoc
1185 1222 1347 1249 observare
1360 1230 1366 1248 :
1378 1222 1444 1249 Nisi
1455 1222 1734 1256 conversi/"ueritis,
1746 1224 1774 1249 et
1785 1222 1835 1256 fa-

1044 1269 1085 1294 cti
1096 1267 1219 1302 fueritis
1235 1267 1312 1294 sicut
1329 1267 1456 1299 parvuli
1466 1266 1502 1293 ⁸⁸³.

1010 1313 1061 1339 Hi
1079 1311 1221 1347 Nunquid
1236 1310 1330 1338 cuivis
1346 1314 1373 1339 et
1388 1310 1516 1346 quodvis
1530 1310 1693 1345 imperanti
1711 1310 1835 1338 obedire

1045 1356 1215 1384 conveniat.

1011 1403 1061 1428 115
1080 1400 1240 1433 Quomodo
1255 1400 1311 1427 sibi
1327 1399 1458 1427 invicem
1474 1399 1597 1427 obedire
1611 1401 1762 1435 oporteat.

1009 1445 1060 1473 116
1081 1445 1124 1472 Ad
1134 1452 1285 1480 quosnam
1295 1445 1440 1472 terminos
1451 1452 1482 1472 se
1492 1444 1584 1471 debet
1593 1443 1755 1472 extendere
1766 1443 1838 1471 obe-

1044 1490 1166 1518 dientia.

1010 1537 1058 1562 117
1079 1534 1132 1567 Qui
1147 1542 1209 1561 non
1232 1534 1395 1561 assentitur
1416 1533 1452 1560 iis
1475 1541 1544 1568 quas
1571 1532 1628 1560 sibi
1642 1532 1779 1568 quotidie
1792 1532 1837 1560 in-

1040 1579 1371 1614 junguntur,quantum
1382 1578 1486 1606 attinet
1495 1577 1731 1612 adépropositum
1741 1576 1839 1612 quod-

1043 1623 1116 1650 dam
1136 1626 1330 1658 prseceptum,
1361 1625 1390 1649 et
1418 1624 1515 1649 art-un
1541 1621 1658 1648 discere
1679 1621 1785 1656 cupit;
1810 1620 1835 1648 is

1041 1668 1124 1704 quali
1139 1668 1245 1695 morbo
1259 1667 1386 1700 laborat,
1399 1670 1428 1694 et
1436 1665 1576 1702 nunquid
1584 1665 1702 1693 tolerari
1713 1665 1833 1693 debeat.

1009 1715 1058 1740 ll8
1079 1712 1134 1744 Qui
1150 1715 1289 1739 strenuus
1304 1714 1348 1739 est
1359 1711 1388 1738 in
1403 1710 1548 1738 mandato
1563 1709 1763 1744 conficiendo,
1783 1709 1838 1737 sed

1041 1756 1113 1784 facit
1124 1756 1207 1792 quod
1223 1755 1280 1783 sibi
1297 1763 1357 1783 non
1370 1754 1608 1791 praecipitur,sed
1623 1754 1707 1790 quod
1723 1753 1780 1790 ipsi
1792 1756 1837 1782 est

1042 1801 1197 1836 placitum,
1211 1800 1332 1836 qualem
1349 1799 1519 1826 mercedem
1533 1798 1635 1826 habet.
1689 1831 1692 1835 ι

1008 1847 1058 1873 119
1077 1848 1122 1873 An
1131 1845 1217 1873 liceat
1231 1844 1393 1880 unicuique
1408 1843 1543 1871 delatum
1555 1842 1612 1870 sibi
1626 1850 1738 1870 munus
1750 1850 1836 1870 recu-

1041 1898 1119 1924 sare,
1133 1892 1162 1917 et
1176 1889 1259 1917 aliud
1275 1892 1385 1925 petere.

1010 1936 1058 1962 l20
1079 1936 1124 1961 An
1138 1934 1298 1961 conveniat
1323 1933 1426 1968 aliquo
1449 1931 1533 1960 abire
1548 1938 1610 1959 non
1626 1930 1742 1959 monito
1757 1938 1835 1966 prae-

1043 1979 1133 2006 fecto.

1009 2026 1056 2051 t2l
1078 2027 1122 2051 An
1136 2023 1250 2050 licitum
1265 2023 1302 2049 sit
1315 2021 1453 2056 graviora
1468 2028 1563 2056 opera
1576 2020 1711 2055 rejicere.

1010 2070 1060 2096 122
1080 2067 1132 2096 Cui
1148 2075 1240 2103 poena
1256 2066 1319 2094 hinc
1335 2066 1468 2100 irrogata
1482 2065 1545 2098 fuit,
1567 2064 1711 2092 nimirum
1727 2067 1759 2091 ut
1773 2071 1835 2091 non

1044 2112 1172 2148 accipiat
1194 2111 1457 2139 benedictionem:
1475 2109 1499 2137 si
1515 2110 1538 2137 is
1554 2109 1652 2137 dicat:
1676 2108 1737 2137 Nisi
1751 2116 1837 2136 acce-

1042 2165 1115 2193 pero
1129 2155 1384 2189 benedictionem,
1406 2162 1468 2182 non
1491 2153 1568 2182 edo:
1585 2153 1726 2189 nunquid
1742 2152 1838 2180 feren-

1043 2201 1101 2229 dus
1117 2203 1171 2228 est.

147 2253 199 2280 ρκγ
221 2243 278 2270 Ἐάν
293 2252 331 2272 τις
345 2241 460 2271 λυπῆται
471 2244 507 2278 μὴ
522 2241 719 2278 ἐπιτρεπόμενος
733 2246 816 2268 ποιεῖν
827 2242 840 2268 ὃ
850 2245 886 2279 μὴ
899 2241 950 2269 δύ-

1025 2248 1057 2273 23
1078 2246 1106 2274 Si
1118 2245 1186 2282 quis
1201 2244 1341 2273 molestia
1361 2243 1520 2277 afﬁciatur,
1535 2242 1619 2279 quod
1636 2249 1697 2269 non
1713 2241 1835 2277 permit-

185 2297 259 2313 ναται
272 2284 428 2318 ἐπιτηδείως
442 2290 534 2320 ποιεῖν,
552 2286 573 2313 εἰ
587 2288 642 2323 χρὴ
658 2286 737 2313 αὐτοῦ
753 2286 907 2323 ἀνέχεσθαι.

147 2375 207 2415 paid"
219 2377 249 2404 Ei
264 2374 307 2403 δεῖ
319 2377 385 2414 μετὰ
399 2377 532 2413 αἱρετικῶν
548 2376 562 2406 ἡ
580 2377 646 2413 μετὰ
668 2375 791 2405 Ἐλλήνων
817 2376 952 2413 εὑρεθέντα

185 2432 235 2450 που
257 2423 400 2449 συνεσθίειν
417 2421 515 2456 αὐτοῖς,
531 2421 546 2451 ἡ
564 2420 732 2452 ἀσπάζεσθαι
743 2421 843 2452 αὐτούς.

148 2513 200 2552 ρκί
213 2515 262 2540 Τὸν
276 2514 460 2548 πιστευόμενον
484 2514 568 2549 ἔργον,
587 2515 633 2538 καὶ
654 2512 780 2538 ποιοῦντά
812 2522 839 2538 τι
864 2515 950 2549 χωρὶς

185 2559 354 2595 ὑπομνήσεως
368 2558 440 2594 παρα
463 2558 491 2583 τὸ
517 2555 718 2593 διατεταγμένον
744 2557 824 2593 αὐτῷ,
855 2557 877 2583 εἰ
909 2555 952 2583 δεῖ

186 2605 255 2639 ἶχειν
271 2605 300 2629 τὸ
317 2604 400 2640 ἔργον.

148 2688 276 2727 ρκςῚἸῶς
289 2693 320 2723 α’ζν
335 2701 373 2722 τις
383 2693 418 2728 μὴ
433 2691 559 2720 ἡττηθείη
579 2695 624 2722 τῆς
637 2690 662 2717 ἐν
682 2690 808 2728 βρῶμασι
842 2689 950 2728 φιληδο-

186 2745 250 2764 νιας,

186 2817 210 2834 ³³
226 2816 326 2845 Matth.
341 2825 424 2854 xvni,
439 2820 466 2847 3.

1041 2293 1119 2318 tatur
1125 2290 1220 2318 facere
1228 2290 1259 2317 id
1273 2289 1357 2326 quod
1363 2287 1525 2317 commode
1538 2287 1637 2315 facere
1646 2293 1708 2314 non
1723 2288 1832 2322 potest.

1042 2344 1081 2364 an
1096 2335 1270 2363 tolerandus
1288 2335 1336 2363 sit.

1007 2382 1058 2408 124
1076 2383 1120 2408 An
1129 2380 1176 2407 ille
1192 2380 1243 2416 qui
1255 2386 1385 2415 usquam
1395 2377 1425 2405 in
1435 2375 1594 2405 haereticos
1612 2377 1641 2403 et
1653 2374 1780 2410 gentiles
1791 2374 1836 2403 in-

1041 2424 1121 2456 cidit,
1138 2424 1247 2451 debeat
1261 2431 1322 2451 una
1345 2430 1415 2450 cum
1437 2420 1511 2458 ipsis
1525 2419 1628 2448 cibum
1642 2427 1764 2456 capere,
1780 2426 1842 2455 aut

1040 2470 1122 2506 ipsos
1138 2469 1279 2497 salutare.

1007 2517 1055 2542 125
1076 2514 1129 2541 Cui
1153 2522 1262 2541 munus
1296 2510 1420 2548 aliquod
1452 2509 1602 2538 creditum
1636 2510 1693 2539 est.
1717 2511 1746 2536 et
1771 2508 1835 2536 sine

1041 2559 1101 2587 ulla
1113 2557 1349 2587 commonitione
1364 2556 1435 2584 facit
1449 2554 1564 2591 aliquid
1579 2552 1689 2590 praeter
1706 2553 1737 2581 id
1750 2552 1835 2589 quod

1040 2603 1098 2640 ipsi
1112 2604 1282 2639 iniunctum
1305 2602 1359 2630 fuit
1381 2601 1509 2628 debetne
1532 2598 1580 2627 ille
1601 2605 1717 2626 munus
1739 2605 1833 2626 suum

1042 2648 1178 2676 retinere.

1007 2695 1058 2721 126
1077 2692 1166 2729 4ος
1179 2690 1338 2725 Quomodo
1352 2689 1421 2726 quis
1435 2696 1497 2717 non
1513 2687 1650 2715 vincatur
1667 2694 1685 2715 a
1695 2685 1838 2722 volupta—

1042 2740 1070 2766 te
1081 2737 1265 2765 eduliorum.
