4114 6386
437 331 573 385 1063

436 455 535 508 127
579 448 794 508 Dicunt
822 448 1077 523 quidam
1106 448 1235 508 ﬁeri
1263 463 1389 507 non
1418 462 1620 523 posse,
1652 449 1719 503 ut
1744 447 1935 505 homo
1970 462 2097 504 non

502 541 822 598 irascatur.

436 633 536 688 128
577 632 724 687 Cum
755 629 893 702 quis
927 629 1055 687 vult
1074 628 1508 687 abstinentiam
1540 643 1729 701 supra
1758 627 1912 684 vires
1931 642 2094 683 exer-

501 734 659 788 cere,
691 717 775 775 ita
803 723 871 775 ut
896 718 1077 776 etiam
1106 718 1169 776 in
1203 718 1517 781 mandato,
1543 716 1710 790 quod
1736 716 1847 773 sibi
1869 731 2095 789 propo-

502 806 687 878 nitur,
719 806 1103 864 conﬁciendo
1150 806 1538 879 impediatur,
1592 820 1740 861 num
1781 802 1846 861 id
1875 803 1930 861 ei
1956 818 2096 876 per-

501 895 866 953 mittendum
892 900 999 953 est.

436 989 536 1042 129
571 987 654 1042 De
681 1001 753 1042 eo
782 986 888 1059 qui
918 986 1175 1043 multum
1216 985 1474 1057 jejunat,
1530 989 1587 1042 et
1616 984 1677 1041 in
1707 983 1944 1041 edendo
1969 998 2094 1041 non

502 1079 704 1148 potest
730 1075 934 1132 cibum
962 1075 1231 1132 tolerare.

435 1166 537 1221 130
576 1163 898 1231 Quomodo
936 1163 1343 1236 jejunandum
1394 1163 1488 1232 sit,
1535 1162 1640 1220 ubi
1683 1162 1914 1236 jejunio
1936 1176 2093 1235 opus

503 1252 701 1310 fuerit.

434 1345 529 1399 131
576 1342 685 1407 Qui
712 1357 837 1398 non
863 1343 1026 1415 capit
1053 1342 1245 1413 cibos,
1294 1358 1451 1415 quos
1497 1341 1712 1399 fratres
1742 1340 1949 1411 edunt,
1984 1339 2093 1397 sed

498 1430 653 1488 alios
680 1430 949 1504 requirit,
981 1447 1135 1488 num
1163 1437 1329 1488 recte
1354 1430 1516 1487 facit.

433 1523 533 1575 132
571 1518 680 1584 Qui
709 1518 893 1575 dicit:
949 1519 1012 1575 ld
1056 1519 1203 1576 mihi
1254 1526 1450 1586 nocet,
1501 1523 1559 1576 et
1607 1535 1767 1592 aegre
1814 1519 1947 1589 fert,
1977 1516 2093 1576 nisi

498 1607 665 1664 aliud
684 1607 896 1665 datum
922 1608 1096 1665 fuerit
1124 1627 1136 1664 :
1166 1608 1313 1682 quid
1346 1609 1462 1665 hoc
1488 1614 1597 1666 est.

430 1702 530 1755 133
573 1697 630 1755 Si
658 1698 842 1755 etiam
872 1698 1343 1756 murmuraverit
1367 1699 1465 1755 ille
1496 1698 1775 1756 ciborum
1806 1715 2011 1756 causa.

432 1790 534 1845 134
574 1786 633 1845 Si
656 1787 839 1845 etiam
870 1787 1063 1845 iratus
1093 1792 1331 1846 recuset
1351 1788 1696 1845 necessaria
1726 1788 2022 1862 accipere.

430 1987 531 2041 135
569 1987 658 2040 An
711 1982 1031 2041 conveniat
1082 1981 1352 2056 aliquem
1397 1982 1724 2055 fatigatum
1748 1982 2091 2057 quidquam

500 2072 807 2130 consuetis
835 2071 1100 2145 amplius
1129 2072 1453 2144 requirere.

433 2166 533 2220 136
571 2166 664 2218 An
718 2176 969 2218 necesse
1030 2161 1108 2218 sit
1161 2175 1374 2216 omnes
1440 2160 1519 2218 ad
1566 2161 1785 2219 horam
1850 2162 2089 2235 prandii

499 2252 864 2309 convenire:
915 2254 974 2306 et
1022 2249 1071 2306 si
1117 2249 1256 2322 quis
1310 2266 1434 2307 non
1474 2250 1756 2321 occurrit,
1806 2252 1914 2308 sed
1954 2255 2092 2324 post

499 2342 831 2416 prandium
861 2340 1043 2411 venit,
1074 2339 1390 2413 quomodo
1419 2340 1599 2397 nobis
1624 2356 1764 2397 cum
1797 2356 1870 2398 eo
1904 2356 2092 2412 agen-

504 2431 654 2489 dum
677 2430 771 2488 sit.

433 2525 533 2578 137
576 2521 666 2577 An
696 2524 855 2577 recte
885 2518 1088 2590 faciat,
1117 2518 1225 2593 qui
1250 2518 1418 2576 verbi
1450 2519 1650 2591 gratia
1693 2520 1902 2578 statuit
1927 2525 2090 2579 certo

499 2610 773 2686 quodam
799 2614 905 2668 aut
928 2610 1066 2667 cibo
1108 2614 1213 2666 aut
1264 2614 1414 2683 potu
1461 2609 1542 2667 ad
1570 2610 1823 2683 aliquod
1852 2615 2092 2685 tempus

500 2701 822 2759 abstinere.

432 2795 534 2849 138
572 2797 661 2847 An
687 2794 964 2864 oporteat
1009 2790 1163 2847 inter
1205 2789 1420 2847 fratres
1465 2789 1732 2865 aliquem
1777 2789 1917 2865 plus
1957 2789 2091 2848 aliis

497 2879 798 2951 jejunare.

434 2972 535 3025 t39
576 2967 1004 3025 lmbecilliores
1030 2967 1111 3024 ad
1135 2967 1410 3025 laborem
1442 2968 1967 3043 evadimus,aucto
2005 2969 2092 3042 je-

491 3057 687 3130 junio.
718 3057 872 3124 Quid
902 3057 1084 3129 igitur
1129 3058 1327 3128 magis
1356 3058 1517 3115 facto
1546 3073 1701 3132 opus
1729 3063 1820 3116 est
1840 3059 1868 3114 ?
1902 3059 2093 3116 Labo-

494 3162 705 3204 remne
733 3148 1076 3204 rescindere
1098 3152 1343 3221 propter
1362 3149 1686 3221 jejunium,
1720 3166 1796 3206 an
1824 3149 2091 3223 neglige-

492 3254 557 3295 re
582 3238 882 3311 jejunium
910 3242 1161 3311 propter
1187 3237 1484 3296 laborem.

426 3331 528 3386 140
567 3328 623 3387 Si
654 3328 791 3402 quis
841 3332 1191 3401 temperans
1228 3344 1351 3384 non
1406 3328 1584 3386 fuerit
1622 3329 1684 3386 in
1709 3330 1905 3388 noxiis
1937 3331 2089 3389 cibis

500 3416 836 3490 capiendis,
863 3416 987 3473 imo
1035 3433 1181 3474 vero
1224 3417 1319 3474 his
1364 3417 1610 3475 abunde
1641 3421 1898 3495 sumptis
1939 3420 2089 3478 inci-

497 3507 696 3565 datin
725 3506 1034 3577 morbum,
1086 3506 1368 3581 nunquid
1415 3524 1561 3566 cura
1589 3508 1753 3567 illius
1787 3510 1863 3569 sit
1892 3511 2090 3569 susci-

498 3596 748 3671 pienda.

428 3690 521 3747 141
564 3694 656 3746 An
707 3687 1028 3746 conveniat
1057 3689 1412 3762 peregrinos
1440 3691 1688 3764 reperiri
1713 3691 1777 3749 in
1808 3687 2086 3749 ofﬁcinis.

427 3781 530 3835 142
569 3782 659 3834 An
681 3778 946 3836 debeant
976 3778 1235 3835 artiﬁces
1261 3795 1419 3853 opus
1448 3779 1528 3837 ab
1555 3781 1762 3855 aliquo
1793 3781 2087 3856 accipere,

497 3866 648 3926 citra
677 3867 948 3941 praefecti
978 3868 1361 3926 sententiam.

427 3960 525 4015 143
566 3956 887 4024 Quomodo
915 3958 1154 4031 operari
1182 3958 1512 4018 commissa
1542 3959 1657 4018 sibi
1679 3960 2093 4019 instrumenta

495 4046 763 4104 debeant
794 4062 1103 4106 accurare.

430 4135 534 4193 144
575 4136 634 4194 Si
661 4135 798 4209 quis
823 4153 896 4193 ex
925 4137 1294 4210 negligentia
1322 4138 1573 4214 aliquod
1597 4138 1834 4215 perdat,
1862 4144 1969 4199 aut
1987 4140 2091 4200 alio

499 4240 625 4299 quo
652 4238 760 4298 per
785 4231 1203 4300 contemptum
1234 4227 1544 4287 abutatur.

431 4317 533 4372 145
575 4314 633 4372 Si
658 4315 795 4389 quis
825 4331 899 4373 ex
930 4317 1134 4392 seipso
1179 4318 1357 4376 alicui
1401 4318 1771 4388 commodet,
1805 4323 1911 4380 aut
1935 4320 2092 4379 illud

499 4405 780 4479 accipiat.

432 4497 533 4551 146
576 4495 633 4553 Si
667 4500 917 4567 urgente
941 4496 1322 4568 necessitate,
1355 4500 1719 4575 praepositus
1742 4500 1820 4559 ab
1835 4500 1970 4575 ipso
1990 4516 2091 4577 pe-

494 4591 581 4644 tat
608 4586 1105 4660 instrumentum,
1136 4594 1195 4647 et
1224 4591 1625 4650 contradicat.

427 4679 525 4734 147
569 4676 719 4733 Cum
766 4678 902 4752 quis
955 4678 1259 4752 explendo
1304 4680 1528 4738 cellarii
1575 4684 1681 4739 aut
1727 4683 1907 4757 coqui
1957 4699 2089 4740 mu-

489 4780 656 4831 nere,
681 4766 773 4823 vel
803 4769 1022 4842 quovis
1075 4768 1193 4826 alio
1242 4770 1603 4843 hujusmodl
1633 4771 1995 4840 destinetur,
2035 4772 2090 4829 si

493 4870 620 4914 non
638 4857 972 4915 interfuerit
992 4859 1053 4914 in
1075 4860 1400 4919 constituto
1420 4862 1779 4935 psalmodim
1806 4866 1865 4921 et
1881 4876 2090 4937 preca-

494 4946 675 5005 tionis
707 4951 1002 5021 tempore,
1050 4947 1182 5006 isne
1221 4950 1456 5008 nullum
1499 4952 1721 5009 animus
1764 4952 2090 5011 detrimen-

493 5040 622 5094 tum
646 5036 892 5113 patitur.

427 5128 528 5184 148
570 5126 819 5194 Qualem
868 5128 1185 5202 potestatis
1235 5142 1593 5189 mensuram
1650 5128 1807 5190 inter
1845 5131 2088 5208 dispen-

491 5214 756 5274 sandum
806 5216 1078 5275 obtineat
1121 5217 1172 5275 is
1218 5219 1314 5276 cui
1356 5220 1583 5278 cellarii
1630 5237 1777 5279 cura
1806 5220 1919 5280 fuit
1947 5238 2088 5280 con-

493 5306 744 5364 credita.

425 5397 525 5455 149
565 5395 820 5454 Cuinam
840 5396 1073 5470 judicio
1122 5398 1426 5458 obnoxius
1473 5402 1584 5460 erit
1626 5417 2001 5477 mconomus,
2037 5404 2088 5461 si

491 5486 725 5561 aliquid
743 5488 947 5548 fecerit
975 5505 1086 5563 pro
1118 5506 1520 5563 personarum
1573 5494 1826 5564 ratione,
1852 5501 1956 5553 aut
1980 5511 2088 5570 per

491 5577 967 5634 contentionem.

425 5669 527 5724 150
565 5665 625 5724 Si
652 5681 779 5743 pm
807 5666 1178 5744 negligentia
1217 5682 1344 5729 non
1392 5669 1629 5732 dederit
1664 5672 1835 5734 fratri
1870 5688 2085 5733 neces-

493 5770 680 5816 saria.

1825 322 1883 380 S.
1918 322 2166 383 BASILII
2196 321 2419 382 MAGNI

3673 330 3812 387 1064

2131 453 2178 508 Α
2205 452 2324 524 ρκζ*
2354 452 2589 521 Λίγουσί
2617 468 2772 519 τινες,
2815 451 2898 504 ὅτι
2935 448 3192 505 ἀδύνατόν
3223 449 3336 507 ἔστι
3372 456 3444 527 μὴ
3499 451 3811 530 ὀργισθῆναι

2276 540 2567 613 ἄνθρωπον.

2203 627 2323 701 ρκη⁰
2352 635 2437 698 Τῷ
2470 628 2667 682 θελοντι
2691 628 3099 704 ἐγκρατεύεσθαι
3128 632 3254 708 ὑπὲρ
3277 629 3521 707 δύναμιν,
3559 636 3695 688 ὥστε
3716 641 3807 688 καὶ

2278 717 2347 778 εἰς
2387 722 2483 777 τήν
2536 724 2879 794 προκειμένην
2927 718 3132 781 ἐντολὴν
3180 718 3581 795 ἐμποδίζεσθαι,
3624 724 3669 777 εἰ
3723 721 3809 778 δεῖ

2278 812 2596 882 συγχωρεῖν.

2203 981 2318 1055 ρκ’θ’
2350 987 2476 1058 Περὶ
2494 991 2586 1037 τοῦ
2614 984 2777 1039 πολλὰ
2806 988 3166 1054 νηστεύοντος,
3199 986 3249 1041 ἓν
3298 984 3359 1042 δέ
3400 997 3463 1063 τῇ
3517 989 3805 1064 μεταλήψει

2276 1076 2349 1145 μή
2385 1069 2675 1146 δυναμένου
2702 1071 2986 1148 ἀνέχεσθαι
3022 1085 3114 1129 τοῦ
3147 1075 3446 1151 βρώματος.

2201 1160 2275 1236 ρλ’
2303 1168 2419 1225 Πῶς
2449 1167 2561 1238 χρὴ
2582 1167 2868 1233 νηστεύειν,
2891 1166 3013 1218 ὅταν
3041 1171 3201 1241 χρεία
3227 1172 3439 1240 γένηται
3466 1173 3728 1230 νηστείας.

2203 1340 2312 1417 ρλα’
2349 1340 2409 1395 Ὀ
2441 1345 2514 1416 μὴ
2547 1342 2952 1416 μεταλαμϐάνων
2996 1345 3108 1397 ὅθεν
3153 1346 3203 1398 οἱ
3261 1342 3473 1419 ἀδελφοὶ
3510 1344 3795 1416 ἐσθίουσιν,

2276 1430 2383 1484 ἀλλ’
2414 1432 2585 1505 ἕτερον
2630 1433 2914 1505 ἐπιζητῶν,
2936 1434 2981 1486 εἰ
3006 1433 3176 1497 καλῶς
3200 1443 3361 1489 ποιεί.

2199 1520 2316 1598 ρλβ’
2345 1521 2403 1574 Ὀ
2432 1522 2593 1594 λέγων
2624 1524 2726 1590 ὅτι,
2758 1523 2979 1577 Βλάπτει
3033 1545 3097 1597 με
3140 1533 3313 1593 τοῦτο,
3363 1528 3451 1577 καὶ
3490 1523 3804 1597 λυπούμενος

2273 1610 2359 1664 iam
2388 1611 2513 1664 ἄλλο
2542 1616 2614 1685 μὴ
2643 1609 2801 1685 δοθῇ,
2824 1617 2877 1665 τί
2906 1612 3064 1669 ἱστιν.

2200 1699 2310 1777 ρλγ’
2337 1703 2452 1756 Ἐἀν
2484 1697 2545 1755 δε
2568 1704 2657 1754 καὶ
2678 1705 2921 1776 γογγύσῃ
2950 1699 2986 1756 δ
2990 1704 3045 1755 ιά
3075 1701 3286 1777 βρῶμα.

2122 1808 2162 1864 Β
2200 1787 2313 1867 ρλὸν
2345 1791 2462 1846 Ἐὰν
2501 1788 2563 1844 δε
2598 1796 2692 1844 καὶ
2719 1791 2986 1867 ὀργισθεὶς
3010 1802 3336 1868 παραιτῆται
3361 1790 3535 1845 λαϐεῖν
3561 1793 3630 1845 τά
3674 1794 3807 1868 πρὸς

2270 1886 2360 1941 τὴν
2389 1885 2595 1955 χρείαν.

2199 1987 2298 2064 ρλε’
2329 1989 2389 2043 Εἰ
2415 1992 2526 2064 χρὴ
2560 1992 2647 2041 τόν
2687 1990 2951 2063 κάμνοντα
2991 1989 3145 2043 αὐτὸν
3199 1988 3523 2050 ἐπιζητῆσαι
3573 1986 3723 2041 πλέον
3751 2007 3805 2041 τι

2270 2084 2364 2141 τῆς
2398 2079 2697 2139 συνηθείας.

2197 2166 2312 2243 ρλς·’
2341 2167 2401 2221 Εἰ
2429 2165 2710 2240 ἀναγκαῖον
2739 2170 2936 2229 πάντας
2966 2169 3285 2239 συνάγεσθαι
3346 2166 3397 2220 ἓν
3435 2175 3495 2240 τῇ
3547 2168 3658 2243 ὥρᾳ
3709 2174 3802 2221 τοῦ

2273 2255 2514 2331 ἀρίστου,
2543 2259 2745 2309 καὶτὸν
2777 2255 3277 2330 ἀπολιμπανόμενον,
3308 2261 3399 2309 καὶ
3426 2259 3559 2331 μετά
3599 2259 3657 2309 τό
3688 2257 3804 2332 ὁίρι-

2274 2363 2394 2399 στον
2420 2344 2723 2419 ἐρχόμενον,
2753 2355 2859 2408 πῶς
2888 2345 3240 2420 παρέλθωμεν.

2198 2524 2308 2600 ρλζ
2355 2525 2416 2579 Εἰ
2456 2523 2611 2578 καλόν
2665 2522 2777 2578 ἔστι
2828 2527 2887 2577 τό
2944 2532 3119 2598 κρῖναι
3171 2524 3256 2578 ἐπὶ
3284 2521 3522 2591 τοσόνδε,
3556 2524 3800 2597 εἰτύχοι,

2273 2620 2462 2689 χρόνον
2490 2613 2832 2687 ἀποσχέσθαι
2856 2610 3015 2667 τοῦδε
3042 2633 3180 2675 τινος
3200 2622 3291 2668 τοῦ
3331 2612 3609 2690 βρώματος
3635 2613 3666 2673 ἢ
3707 2619 3802 2666 τοῦ

2270 2710 2521 2779 πόματος.

2199 2793 2309 2870 ρλη’
2334 2794 2395 2848 Εἰ
2417 2798 2528 2869 χρὴ
2571 2793 2620 2847 ἓν
2650 2790 2967 2868 ἀδελφότητι
2996 2813 3113 2847 τινα
3153 2793 3304 2849 πλέον
3349 2801 3451 2848 τῶν
3498 2792 3662 2847 ἄλλων
3716 2813 3805 2853 νη-

2272 2887 2491 2939 στεύειν.

2198 2972 2308 3051 ρλθ’
2338 2980 2442 3036 Τῆς
2474 2978 2712 3036 νηστείας
2756 2972 3153 3048 ἕπιτεινομένης,
3204 2972 3509 3049 ἀτονώτεροι
3555 2974 3810 3046 γινόμεθα

2273 3062 2342 3125 εἰς
2371 3065 2429 3117 τό
2455 3065 2623 3139 ἔργον.
2672 3066 2737 3116 Τί
2762 3058 2851 3116 οὖν
2879 3067 2990 3137 χρὴ
3041 3062 3232 3137 μᾶλλον
3265 3080 3280 3132 ;
3344 3058 3682 3136 Ἐμποδίξειν
3734 3068 3809 3133 τῷ

2119 3171 2162 3228 C
2271 3154 2407 3229 ἔργῳ
2434 3149 2528 3205 διὰ
2556 3156 2653 3211 τὴν
2699 3157 2964 3221 νηστείαν,
3008 3152 3037 3212 ἦ
3088 3157 3322 3228 παρορᾲν
3367 3150 3563 3210 ἐκείνην
3607 3147 3701 3203 διὰ
3749 3153 3808 3203 τό

2275 3243 2420 3317 ἔργον
2453 3258 2468 3310 ;

2199 3329 2284 3407 ρμ’
2315 3329 2434 3384 Ἐάν
2459 3350 2540 3393 τις
2567 3335 2639 3405 μὴ
2663 3329 3037 3406 ἐγκρατεύηται
3057 3334 3173 3403 περὶ
3201 3332 3267 3383 τά
3298 3328 3532 3405 βλαϐερὰ
3549 3337 3649 3383 τῶν
3670 3327 3812 3405 βρωο

2272 3423 2467 3495 μάτων,
2500 3420 2906 3495 μεταλαμϐάνων
2939 3416 2998 3474 δε
3021 3417 3244 3494 ἀφειδῶς
3271 3425 3500 3473 κακώσει
3529 3423 3808 3495 περιπέσῃ,

2274 3510 2317 3564 εἰ
2337 3515 2448 3588 χρὴ
2484 3512 2645 3565 αὐτοῦ
2676 3509 2970 3585 ἐπιμέλειαν
2997 3512 3286 3566 ποιεῖσθαι.

2202 3689 2322 3766 ρμα’
2342 3691 2402 3746 Εἰ
2433 3687 2517 3745 δεῖ
2546 3691 2719 3755 ξένους
2748 3689 3143 3766 ἕνευρίσκεσθαι
3168 3697 3278 3753 τοῖς
3309 3687 3700 3765 ἐργαστηρίοις.

2200 3780 2328 3856 ρμβ¹
2364 3780 2427 3835 Εἰ
2450 3785 2561 3858 χρὴ
2593 3785 2709 3842 τούς
2733 3784 2978 3853 τεχνίτας
3009 3776 3271 3852 δέχεσθαι
3294 3781 3439 3856 παρά
3468 3797 3607 3842 τινος
3635 3781 3809 3852 ἔργον,

2272 3872 2393 3925 ἄνευ
2420 3875 2636 3945 γνώμης
2663 3878 2754 3924 τοῦ
2783 3878 3133 3945 προεστῶτος.

2202 3959 2325 4037 ρμγ’
2365 3967 2485 4031 Πῷς
2511 3959 2805 4034 ὀφείλουσιν
2835 3958 3195 4033 ἐπιμελεῖσθαι
3236 3960 3286 4013 οἱ
3329 3957 3666 4036 ἕργαζόμενοε
3706 3964 3811 4011 τῶν

2238 4054 2249 4063 ’
2272 4054 2694 4124 πεπιστευμένων
2718 4046 2890 4111 αὐτοῖς
2917 4056 3139 4108 σκευῶν.

2198 4135 2323 4217 ρμδν
2356 4139 2474 4194 Ἐὰν
2501 4135 2563 4192 δέ
2590 4156 2671 4203 τις
2701 4136 2756 4203 ἐξ
2781 4134 3020 4213 ἀμελείας
3045 4135 3273 4212 ἀπολέσῃ
3304 4154 3378 4206 τι,
3407 4136 3437 4196 ἦ
3471 4133 3527 4190 ἐκ
3556 4154 3813 4213 κατοφρο-

2272 4234 2333 4289 νη
2344 4244 2472 4293 σεως
2500 4233 2948 4306 παραχρήσηται.

2199 4318 2307 4397 ρμε’
2338 4318 2455 4373 Ἐὰν
2483 4316 2543 4372 δὲ
2572 4317 2656 4393 ἀφ’
2685 4317 2869 4372 ἑαυτοῦ
2894 4323 3076 4393 χρήσῃ
3100 4322 3204 4373 τινὶ
3229 4317 3260 4378 ἣ
3291 4313 3446 4390 λάϐῃ.

2118 4528 2165 4586 D
2198 4500 2322 4579 ρμς⁰
2345 4500 2460 4557 Ἐὰν
2493 4496 2572 4572 δέ,
2604 4504 2694 4554 καὶ
2727 4502 3062 4572 συνεχούσης
3091 4500 3301 4575 χρείας,
3336 4498 3362 4551 ὁ
3405 4501 3673 4573 προεστὼς
3699 4499 3810 4552 επις

2270 4594 2478 4667 ζητήσῃ
2510 4590 2633 4668 παρ’
2671 4589 2852 4644 ἑαυτοῦ
2885 4597 3087 4658 σκεῦος,
3121 4594 3211 4643 καὶ
3240 4586 3480 4662 ἀντείπῃ.

2198 4681 2320 4759 ρμξ
2337 4682 2397 4736 Ὀ
2421 4685 2541 4756 περὶ
2565 4684 2623 4734 τό
2652 4683 2794 4756 ἔργον
2824 4687 2916 4733 τοῦ
2942 4677 3213 4755 κελλαρίου
3244 4678 3275 4737 ἦ
3309 4685 3401 4731 τοῦ
3438 4682 3713 4752 μαγείρου,
3770 4676 3802 4738 ἦ

2267 4773 2388 4848 περί
2428 4792 2483 4826 τι
2522 4770 2644 4824 οἷλλο
2685 4777 2915 4823 τοιοῦτον
2959 4767 3373 4843 ἀσχολούμενος,
3409 4766 3494 4821 ἐὰν
3524 4771 3596 4842 μὴ
3626 4767 3801 4841 φθάσῃ

2268 4869 2511 4938 παρεῖναι
2534 4867 2608 4933 τῷ
2647 4864 2822 4914 κανόνι
2845 4865 2935 4922 τῆς
2962 4854 3277 4934 ψαλμῳδίας
3323 4862 3413 4911 καὶ
3452 4864 3549 4921 τῆς
3585 4875 3809 4933 προσευ-

2269 4960 2400 5027 χῆς,
2434 4951 2478 5005 εἰ
2506 4947 2673 5025 μηδὲν
2706 4951 2985 5025 ζημιοῦται
3017 4953 3110 5008 τὴν
3146 4947 3355 5022 ψυχήν.

2197 5114 2319 5205 ρμη’
2358 5134 2512 5182 Ποῖον
2538 5131 2719 5206 μέτρον
2752 5125 2994 5191 ἔξουσίας
3024 5128 3137 5200 ἔχει
3164 5124 3212 5179 ἓν
3245 5133 3309 5202 τῇ
3339 5124 3607 5202 οἰκονομίᾳ
3645 5126 3673 5179 ὁ
3718 5143 3805 5180 πι-

2272 5221 2501 5281 στευθεὶς
2530 5225 2624 5280 τὴν
2647 5213 2900 5296 φροντίδα
2923 5224 3015 5271 τοῦ
3041 5216 3335 5294 κελλαρίου.

2198 5399 2315 5478 ρμθ’
2341 5405 2404 5456 Τί
2424 5405 2482 5455 τὸ
2513 5407 2679 5477 κρῖμα
2706 5407 2798 5453 τοῦ
2829 5399 3239 5473 οἰκονομοῦντος,
3269 5395 3354 5448 ἐὰν
3394 5411 3447 5445 τι
3494 5390 3632 5443 κατά
3675 5405 3802 5464 προ-

2273 5490 2614 5562 σωποληψίαν
2641 5490 2672 5548 ἡ
2707 5489 3016 5562 φιλονεικίαν
3050 5492 3273 5544 ποιήση.

2197 5672 2266 5751 ρν¹
2299 5672 2416 5728 Ἐἀν
2447 5668 2507 5726 δε
2532 5669 2798 5746 ἀμελήσας
2816 5672 2889 5747 μή
2941 5665 3023 5743 δῷ
3074 5675 3147 5742 τῷ
3193 5664 3400 5741 ἀδελφῷ
3440 5661 3506 5719 τὰ
3537 5662 3669 5738 πρὸς
3712 5659 3802 5718 τὴν

2267 5780 2476 5846 χρειαν.
