4114 6408
306 334 443 389 1065
1342 320 1776 378 REGULARUM
1818 321 1931 377 BHE

2041 321 2219 379 )RUM
2268 322 2633 380 CAPITULA.
3532 333 3666 386 1066

296 455 403 533 ρνα’
446 454 506 509 Εἰ
532 454 698 518 ἔξεστι
717 460 789 527 τῷ
820 453 1161 528 ὑπηρετοῦντι
1189 449 1315 522 μετὰ
1345 452 1514 521 φωνῆς
1540 445 1778 520 μείζονος
1803 444 1899 499 λα-

1827 464 1899 499 ,α-
1930 450 1978 505 Α
2009 450 2100 503 151
2146 450 2237 503 An
2263 447 2630 507 ministranti
2656 447 2831 506 liceat
2854 464 3000 507 voce
3029 447 3236 507 altiore
3261 448 3452 524 loqui.

366 544 488 602 λεῖν.

299 633 414 709 ρνβ’
463 638 590 711 Περὶ
617 641 710 690 τοῦ
743 635 869 707 ὑπὲρ
912 629 1133 705 δύναμιν
1177 631 1458 704 κάμνοντος
1504 625 1556 680 ἐν
1590 634 1651 701 τῇ
1702 627 1901 702 ὑπηρε-

2046 631 2116 687 52
2154 630 2234 685 De
2265 644 2335 686 eo
2360 629 2468 704 qui
2496 629 2653 686 ultra
2690 646 2877 704 quam
2909 629 3065 686 vires
3092 628 3286 703 ipsius
3316 629 3470 688 ferre
3487 629 3660 706 407

370 729 487 798 σὶᾳ.
2081 722 2364 791 possunt,
2385 719 2447 776 in
2475 719 2877 776 ministrando
2909 718 3294 790 defatigatur.

301 814 408 890 ρνγ’
437 814 496 869 Ἠ
527 817 594 867 τὰ
619 816 732 888 ἔρια
751 813 1091 867 πιστευθεῖσα
1121 818 1229 873 πῶς
1260 809 1393 863 αὐτὰ
1423 807 1605 882 ὀφείλει
1631 811 1792 881 ἔχειν.

2048 811 2111 864 53
2155 806 2261 863 Cui
2284 805 2441 862 lanae
2489 808 2850 865 concreditae
2896 813 3056 874 sunt,
3108 809 3422 882 quomodo
3450 810 3673 869 debeat

439 956 459 973 4
2076 896 2209 954 illas
2232 912 2538 953 accurare.

301 989 415 1068 ρνδ
442 992 559 1048 Ἐὰν
589 991 762 1067 συμϐῇ
797 990 999 1062 ὀλίγους
1029 992 1178 1052 ὄντας
1205 986 1480 1061 ἀδελφοὺς,
1528 992 1618 1039 καὶ
1672 986 1900 1040 πλείοσιν

2048 987 2110 1043 54
2154 986 2211 1044 Si
2251 986 2403 1043 forte
2426 1003 2561 1044 cum
2587 988 2769 1059 pauci
2801 992 2945 1044 sunt
2981 988 3217 1057 fratres,
3250 993 3308 1045 et
3334 989 3673 1048 inserviunt

376 1078 620 1155 ἀδελφαῖς
667 1079 1185 1155 ἑξυπηρετουμένους,
1238 1078 1309 1140 εἰς
1360 1075 1590 1149 ἀνάγκην
1635 1074 1899 1148 ἐμπίπτειν

2079 1075 2356 1150 pluribus
2387 1076 2713 1147 sororibus,
2750 1092 2820 1132 eo
2860 1077 3232 1133 necessitatis
3258 1077 3580 1136 deveniunt
3604 1087 3670 1139 ut

374 1179 466 1227 τοῦ
521 1168 831 1225 διίστασθαι
880 1167 969 1223 ἀπ’
1009 1166 1237 1227 ἀλλήλων
1283 1163 1743 1240 διαμεριξομένους
1772 1169 1901 1240 πρὸς

2076 1181 2114 1223 a
2144 1181 2207 1222 se
2238 1165 2499 1222 invicem
2523 1169 2899 1237 separentur,
2922 1165 3001 1221 ad
3027 1182 3213 1238 opera
3229 1167 3470 1236 agenda
3491 1169 3671 1228 divisi

370 1263 435 1314 τὰ
459 1262 602 1331 ﬂor/az,
637 1258 681 1311 εἰ
710 1254 987 1312 ἀκίνδυνόν
1011 1257 1128 1310 ἐστι
1156 1260 1214 1310 τὸ
1240 1263 1493 1311 τοιοῦτον.

1275 1263 1493 1311 οιοῦτον.
2077 1257 2282 1311 utrum
2312 1253 2376 1311 id
2410 1252 2679 1328 periculo
2708 1256 2900 1309 vacet.

291 1346 389 1426 ρνί
428 1354 545 1411 Πῶς
572 1344 658 1403 δεῖ
683 1349 1074 1424 προσφέρεσθαι
1096 1353 1202 1409 τοῖς
1228 1346 1275 1399 ἐν
1305 1354 1377 1417 τῷ
1402 1342 1711 1418 ξενοδοχείῳ
1738 1343 1900 1421 ἀρρὼ-

2044 1348 2109 1401 55
2149 1343 2470 1407 Quomodo
2499 1343 2561 1400 in
2594 1341 2863 1417 hospitio
2897 1346 3151 1400 tractare
3174 1349 3449 1417 oporteat
3476 1361 3669 1418 aegro-

369 1457 535 1500 στοις.

2076 1438 2295 1492 tantes.

293 1525 406 1602 ρνς·’
435 1530 534 1582 Τὸν
564 1531 967 1600 πεπιστευμένον
997 1522 1251 1601 φροντίδα
1272 1530 1386 1585 ἦτοι
1415 1524 1706 1598 κελλαρίου,
1739 1526 1767 1584 ἦ
1803 1524 1900 1578 οὒ.-

2046 1526 2108 1579 56
2150 1521 2437 1596 Nunquid
2461 1521 2511 1578 is
2536 1521 2634 1579 cui
2664 1519 2914 1592 cellarii,
2954 1525 3059 1578 aut
3102 1521 3347 1578 alterius
3368 1524 3671 1595 ejusmodi

362 1617 454 1669 λου
480 1620 614 1678 τινὸς
645 1619 906 1686 τοιούτου,
948 1616 999 1681 εἰη
1034 1614 1119 1670 δεῖ
1158 1618 1378 1670 πάντοτε
1424 1618 1564 1687 ἔχειν
1603 1620 1697 1674 τὴν
1743 1636 1899 1689 φρον-

2078 1628 2224 1669 cura
2250 1612 2473 1668 tradita
2500 1616 2609 1679 est,
2639 1610 2861 1666 debeat
2888 1626 3127 1685 semper
3147 1611 3307 1668 illius
3331 1628 3544 1669 curam
3564 1615 3671 1671 ha-

359 1702 510 1776 τίδα,
543 1707 570 1767 ἦ
605 1711 697 1759 καὶ
728 1704 1160 1762 ἑναλλάσσεσθαι.

1113 1725 1160 1762 ει.
2077 1700 2240 1768 bere,
2276 1704 2382 1759 aut
2407 1700 2738 1757 immutari.

287 1795 396 1871 ρνζ
428 1802 642 1870 Ποταπῇ
674 1792 910 1850 διαθέσει
941 1794 1128 1867 ὀφείλει
1155 1814 1234 1858 τις
1267 1791 1525 1848 δουλεύειν
1546 1802 1681 1867 Θεῷ.

1926 1808 1973 1865 Β
2014 1791 2113 1848 157
2138 1781 2283 1856 Ὡιιο
2310 1789 2515 1846 animo
2544 1789 2682 1862 quis
2708 1787 2928 1845 debeat
2957 1791 3075 1846 Deo
3106 1789 3349 1847 servire.

289 1883 400 1964 ρνη’
428 1892 645 1959 Ποταπῇ
681 1882 920 1940 διαθέσει
954 1884 1142 1958 ὀφείλει
1191 1881 1449 1957 δέχεσθαί
1496 1904 1577 1947 τις
1622 1888 1681 1938 τὸ
1727 1882 1897 1939 ἐπιτί-

2045 1885 2113 1938 58
2153 1882 2283 1948 Quo
2314 1879 2533 1937 affectu
2558 1879 2778 1937 debeat
2803 1878 3002 1952 quivis
3026 1879 3320 1939 mulctam
3349 1882 3667 1941 sustinere.

358 1993 498 2049 μεον.

286 2063 392 2143 ρνθ’
420 2065 479 2118 Ὀ
509 2064 826 2138 λυπούμενος
850 2067 985 2118 κατά
1024 2072 1120 2119 τοῦ
1141 2062 1544 2137 ἐπιτιμήσαντος
1571 2064 1713 2136 αὐτῷ
1742 2084 1900 2118 ποτα-

1796 2084 1900 2118 ιτα·
2005 2067 2111 2123 159
2152 2062 2265 2130 Qui
2293 2077 2453 2134 aegre
2482 2060 2593 2120 fert
2619 2061 3057 2135 increpantem,
3085 2062 3284 2137 qualis
3313 2069 3421 2123 est.

359 2175 459 2217 πος
498 2174 660 2212 εστιν.

286 2245 360 2321 ρξ’
390 2247 534 2298 Μετὰ
552 2248 709 2310 ποίας
734 2240 1019 2307 διαθέσεως
1045 2243 1308 2317 ὀφείλομεν
1330 2243 1601 2317 ὑπηρετεῖν
1620 2252 1731 2305 τοῖς
1752 2241 1900 2298 ἀδελ-

2010 2248 2111 2302 160
2148 2246 2273 2312 Quo
2321 2243 2528 2301 animo
2554 2241 2890 2300 debeamus
2915 2242 3200 2300 fratribus
3230 2243 3538 2303 inservire.

360 2343 495 2409 φοῖς.

285 2423 397 2502 ρξα’
428 2424 572 2478 Μετὰ
598 2432 839 2485 ποταπῆς
887 2429 1244 2487 ταπεινώσεως
1293 2422 1481 2497 ὀφείλει
1508 2443 1589 2487 τις
1637 2420 1899 2497 δέχεσθαι

2044 2432 2107 2485 61
2142 2428 2270 2492 Qua
2297 2424 2635 2483 humilitate
2674 2423 2894 2482 debeat
2940 2424 3078 2498 quis
3109 2441 3146 2483 a
3193 2425 3375 2483 fratre
3400 2426 3668 2485 ministe-

358 2518 452 2574 τὴν
493 2515 782 2589 ὑπηρεσίαν
816 2517 959 2589 παρὰ
987 2520 1079 2566 τοῦ
1112 2510 1358 2585 ἀδελφοῦ.

930 2517 959 2566 ἁ
987 2520 1079 2566 τοῦ
1112 2510 1358 2585 ἀδελφοῦ.
2074 2518 2232 2574 rium
2261 2516 2555 2588 accipere.

285 2603 403 2680 ρξβ
435 2608 650 2663 Ποταπὴ
684 2602 732 2656 ἐν
754 2602 993 2667 ἀλλήλοις
1024 2606 1163 2675 ἔχειν
1196 2600 1281 2656 δεῖ
1308 2607 1400 2661 τὴν
1432 2601 1660 2675 ἀγάπην.

1631 2625 1660 2659 ν.
2009 2613 2110 2664 162
2148 2610 2351 2665 Mutua
2373 2605 2637 2662 charitas
2667 2604 2866 2678 qualis
2892 2620 3026 2661 esse
3056 2605 3256 2663 debet.

282 2693 394 2771 ρξγ’
426 2699 564 2766 Ποίῳ
583 2697 759 2768 τρόπῳ
791 2690 992 2767 δυνηθῇ
1026 2712 1107 2755 τις
1136 2694 1471 2769 κατορθῶσαι
1500 2698 1594 2753 τὴν
1633 2696 1758 2769 πρὸς
1808 2697 1893 2747 τόν

2041 2702 2105 2754 63
2149 2695 2465 2764 Quomodo
2494 2695 2631 2769 quis
2652 2695 2914 2769 proximi
2935 2694 3319 2753 dilectionem
3349 2695 3664 2770 acquirere

355 2784 576 2843 πλησίον
607 2781 837 2856 ἀγάπην.

702 2785 837 2843 ἱπην.
2072 2787 2272 2845 valeat
2313 2805 2327 2845 :

282 2870 395 2950 ρξδ¹
424 2880 487 2929 Τί
513 2873 625 2927 ἔστι
650 2876 728 2942 τὸ,
757 2877 841 2933 Μὴ
866 2877 1082 2949 κρίνετε,
1114 2877 1206 2926 καὶ
1236 2872 1294 2925 οὐ
1325 2876 1396 2945 μὴ
1430 2874 1665 2947 κριθῆτε.

2014 2880 2107 2933 164
2144 2876 2449 2944 Quidnam
2474 2876 2589 2932 sibi
2636 2876 2776 2934 velit
2816 2876 2963 2934 illud
2989 2893 3004 2933 :
3028 2876 3231 2934 Nolite
3247 2876 3556 2948 judicare,
3579 2887 3639 2936 et

2069 2984 2190 3024 non
2215 2966 2734 3037 judicabimini”.

283 3051 381 3117 ρξε’
406 3060 520 3115 Πῶς
545 3057 792 3130 γνωρίσει
820 3072 915 3120 τις,
940 3052 984 3106 εἰ
1015 3051 1155 3124 ζήλῳ
1188 3058 1321 3106 Θεοῦ
1350 3058 1568 3103 κινεῖται
1605 3054 1743 3105 κατὰ
1790 3059 1883 3104 τοῦ

2035 3062 2100 3115 65
2137 3056 2460 3124 Quomodo
2502 3059 2830 3127 cognoscet
2875 3054 3033 3129 quis,
3085 3059 3285 3113 utrum
3330 3058 3431 3115 Dei
3460 3057 3660 3116 studio

350 3142 731 3217 ἁμαρτάνοντος
762 3139 1006 3216 ἀδελφοῦ,
1031 3143 1060 3201 ἣ
1097 3141 1384 3216 ὀργίζεται.
1912 3175 1954 3229 C

2065 3151 2521 3205 commoveatur
2532 3146 2595 3204 in
2609 3149 2961 3218 peccantem
2976 3145 3219 3202 fratrem
3230 3162 3328 3209 ,au
3342 3148 3660 3229 irascatur,

275 3231 388 3308 μές’
421 3236 567 3286 Μετὰ
595 3238 750 3293 ποίας
781 3228 1065 3294 διαθέσεως
1096 3233 1375 3284 ὑπακούειν
1416 3227 1498 3283 δεῖ
1520 3238 1590 3302 τῷ
1637 3231 1708 3293 εἰς
1734 3232 1880 3306 ἔργον

2032 3243 2097 3295 66
2137 3241 2265 3305 Quo
2293 3236 2501 3292 animo
2523 3237 2576 3291 ei
2596 3236 2700 3308 qui
2721 3235 2802 3292 ad
2823 3235 3184 3292 mandatum
3210 3223 3657 3295 conficiendum

345 3331 438 3383 τῆς
467 3320 672 3382 ἐντολῆς
701 3326 1077 3392 κατεπείγοντα

2068 3331 2260 3398 urget,
2289 3325 2764 3383 auscultandum
2796 3323 2889 3381 sit.

273 3409 385 3488 ρξζ’
418 3413 633 3467 Ποτειπή
668 3408 857 3481 ἀφείλει
882 3409 1012 3460 εἶναι
1040 3410 1069 3466 ἠ
1102 3407 1283 3479 ψυχὴ,
1311 3410 1390 3460 ὅτε
1420 3407 1542 3469 ὅλως
1580 3408 1880 3472 κατηξιώθη

2032 3421 2095 3473 67
2140 3415 2346 3483 Qualis
2376 3416 2555 3472 debet
2583 3430 2716 3471 esse
2746 3413 2970 3483 anima,
3003 3413 3254 3487 quando
3282 3430 3532 3488 prorsus
3561 3416 3657 3475 di-

349 3500 400 3553 έν
430 3507 504 3572 τῷ
533 3502 663 3575 ἔργῳ
694 3504 785 3550 τοῦ
816 3505 950 3551 Θεοῦ
975 3496 1392 3569 καταληφθῆναι,

2067 3523 2191 3577 gua
2212 3506 2426 3563 habita
2454 3510 2562 3578 est,
2593 3521 2733 3579 quae
2764 3505 2827 3560 in
2852 3504 2955 3561 Dei
2985 3519 3168 3576 opere
3194 3511 3545 3578 occupetur.

276 3590 388 3665 ρξη’
420 3592 567 3644 Μετά
595 3596 838 3650 ποταπῆς
864 3584 1145 3648 διαθέσεως
1170 3584 1253 3640 δεῖ
1299 3585 1574 3660 λαμϐάνειν
1609 3589 1812 3660 ἱμάτιον
1853 3588 1882 3645 ἡ

2033 3601 2102 3652 68
2141 3598 2270 3663 Quo
2299 3596 2520 3652 affectu
2548 3595 2972 3651 vestimentum
3003 3598 3104 3651 aut
3153 3594 3654 3668 calceamentum,

352 3676 627 3752 ὑπόδημα,
663 3679 767 3730 οἷον
798 3675 859 3728 ἆν

2069 3685 2497 3759 qualecunque
2539 3684 2786 3741 tandem
2834 3684 3031 3753 fuerit,
3062 3684 3336 3757 accipere
3383 3690 3660 3758 oporteat

278 3769 387 3845 ρξθ
432 3770 549 3823 Ἐὰν
595 3765 812 3841 ἀδελφὸς
837 3772 1074 3840 νεώτερος
1117 3764 1380 3840 ἐπιταχθῇ
1435 3763 1657 3829 διδάξαι
1702 3786 1755 3820 τι
1801 3771 1888 3820 τὸν

2035 3780 2102 3834 69
2143 3775 2202 3833 Si
2231 3774 2416 3832 frater
2434 3774 2641 3846 junior
2680 3773 2969 3845 jubeatur
3013 3772 3243 3846 aliquid
3264 3772 3483 3830 docere
3507 3775 3657 3833 alte-

350 3858 695 3935 πρεσϐὐτερον
717 3856 835 3911 καθ’
865 3856 1095 3924 ἠλικίαν,
1127 3864 1235 3920 πῶς
1281 3857 1420 3928 αὐτῷ
1465 3858 1886 3930 προσενεχθήσι.

2071 3881 2208 3922 rum
2239 3868 2411 3922 astate
2443 3862 2853 3935 grandiorem,
2877 3862 3190 3935 quomodo
3211 3862 3413 3936 ipsum
3443 3863 3651 3922 adibit.

350 3969 457 4006 ται.

278 4047 353 4117 ρο¹
384 4040 444 4094 Εἰ
483 4035 565 4092 δεῖ
594 4041 719 4100 ἴσως
748 4040 1032 4113 προσέχειν
1057 4044 1130 4108 τῷ
1168 4036 1339 4090 πλεῖον
1388 4038 1748 4111 κατορθοῦντι,
1799 4041 1889 4090 καὶ

2035 4053 2104 4105 70
2148 4046 2207 4103 Si
2254 4045 2507 4119 aqualis
2546 4043 2835 4102 habenda
2887 4044 2962 4101 sit
3006 4043 3181 4110 ratio,
3225 4048 3355 4102 tum
3380 4044 3513 4116 ejus
3553 4044 3659 4118 qui

351 4137 423 4203 τῷ
454 4129 683 4184 ἔλαττον.

2073 4135 2302 4210 aliquid
2331 4134 2524 4205 magis
2553 4137 2712 4191 recte
2759 4132 2919 4202 facit,
2971 4139 3101 4190 tum
3142 4132 3304 4190 illius
3326 4134 3431 4207 qui
3454 4134 3658 4191 minus

2068 4231 2251 4283 recte.

279 4317 389 4397 ροοί
421 4318 538 4372 Ἐὰν
570 4314 630 4371 δὲ
655 4316 886 4377 λυπῆται
917 4318 943 4370 ὁ
973 4316 1213 4382 ἔλαττων,
1244 4318 1640 4391 προτιμωμένου
1669 4324 1759 4369 τοῦ
1812 4316 1892 4369 εὐ-

2037 4322 2097 4374 Ὴ
2147 4316 2204 4373 Si
2231 4314 2467 4372 tristitia
2491 4313 2790 4372 afﬁciatur
2834 4313 3100 4380 inferior,
3150 4330 3293 4375 cum
3317 4314 3368 4371 is
3400 4314 3506 4389 qui
3535 4330 3662 4374 ma—

352 4407 688 4480 λαϐεστέρου.

2072 4407 2164 4477 gis
2196 4406 2332 4478 pius
2365 4408 2475 4472 est,
2502 4404 2617 4461 sibi
2645 4404 3054 4476 anteponitur.

281 4496 398 4572 ροβ’
440 4502 664 4566 Ιιοταπῷ
696 4494 855 4569 φόϐῳ,
890 4495 920 4553 ἦ
952 4499 1079 4566 ποίᾳ
1107 4493 1451 4566 πληροφορίᾳ,
1485 4494 1514 4551 ἦ
1556 4499 1682 4567 ποίᾳ
1707 4492 1892 4550 διαθέ-

2039 4500 2107 4552 72
2147 4495 2256 4561 Qui
2305 4492 2542 4561 timore,
2583 4497 2690 4550 aut
2735 4511 2860 4566 qua
2900 4492 3041 4549 ﬁdei
3109 4493 3504 4566 plenitudine,
3557 4499 3663 4553 aut

361 4605 444 4640 σει
482 4585 848 4659 μεταλάϐωμεν
886 4592 980 4637 τοῦ
1021 4588 1265 4657 σώματος
1291 4590 1383 4635 τοῦ
1418 4587 1632 4655 Κυρίου.
1928 4555 1971 4608 D

2075 4600 2200 4657 quo
2217 4584 2422 4640 animo
2440 4599 2663 4655 corpus
2676 4581 2913 4639 Domini
2926 4581 3104 4638 nobis
3122 4581 3544 4655 accipiendum
3566 4584 3662 4643 sit.

290 4675 392 4750 οογ⁸
423 4676 486 4729 Εἰ
507 4673 589 4729 δεῖ
619 4673 667 4728 ἐν
697 4683 759 4748 τῇ
793 4677 904 4751 ὥρᾳ
927 4682 1019 4735 τῆς
1046 4672 1161 4726 κατ’
1192 4669 1333 4725 οἶκον
1361 4668 1680 4744 ψαλμῳδίας
1716 4672 1894 4726 λαλιάν

2043 4682 2111 4732 73
2150 4680 2239 4730 An
2265 4673 2479 4731 deceat
2506 4677 2779 4746 tempore
2803 4670 3189 4745 psalmodiis,
3215 4687 3353 4745 quae
3381 4672 3445 4728 in
3474 4671 3663 4729 domo

354 4786 473 4820 τινα
498 4766 758 4839 γίνεσθαι.

2076 4765 2166 4833 ﬁt,
2198 4762 2503 4836 colloquia
2531 4763 2667 4820 seri.

286 4854 399 4933 ροδ’
432 4863 544 4917 Πῶς
575 4851 780 4928 δυνηθῇ
820 4872 902 4916 τις
945 4850 1250 4915 ἐνδιαθέτως
1294 4855 1386 4905 καὶ
1436 4854 1569 4925 μετὰ
1602 4853 1900 4926 προθυμίας

2044 4860 2115 4913 74
2152 4852 2471 4921 Quomodo
2496 4852 2689 4926 possit
2714 4851 2850 4926 quis
2876 4867 2949 4907 ex
2974 4850 3181 4908 animo
3209 4854 3270 4908 et
3298 4866 3438 4909 cum
3460 4851 3667 4909 alacri-

355 4953 524 5001 ποιεῖν
554 4948 651 5007 τὰς
679 4943 885 5007 ἐντολὰς
911 4951 1005 4998 τοῦ
1037 4947 1253 5019 κυρίου.

2084 4948 2208 5001 tate
2244 4943 2497 5016 exsequi
2523 4941 2763 4999 Domini
2792 4940 3107 5000 mandata.

294 5037 391 5108 ροε’
420 5045 539 5100 Πῶς
570 5040 806 5110 φαίνεται
834 5036 861 5088 ὀ
892 5033 1103 5107 ἀγαπῶν
1132 5037 1221 5087 τόν
1246 5028 1465 5106 ἀδελφὸν
1494 5036 1629 5086 κατὰ
1651 5037 1745 5092 τὴν
1769 5031 1901 5085 ὶντο-

2047 5037 2115 5090 ’75
2154 5032 2474 5099 Quomodo
2504 5036 2742 5089 constat
2780 5030 2861 5087 ab
2909 5030 3115 5104 aliquo
3162 5029 3358 5088 amari
3388 5031 3663 5099 fratrem,

332 5176 333 5179 η
361 5128 456 5187 λήν
480 5135 574 5180 τοῦ
604 5131 824 5200 Κυρίου.

2080 5124 2255 5195 juxta
2278 5122 2519 5178 Domini
2556 5120 2942 5179 mandatum.

288 5218 400 5296 ρος’
425 5223 571 5280 Τίνες
606 5217 735 5270 εἰσὶν
767 5218 814 5269 οὶ
846 5214 1032 5289 ἐχθροὶ
1062 5214 1150 5278 οὓς
1178 5213 1384 5287 ἀγαπᾷν
1404 5216 1864 5289 προσετάχθπμεν.

2051 5220 2079 5268 7
2088 5218 2119 5269 6
2159 5212 2418 5279 Quinam
2440 5211 2561 5267 sint
2582 5210 2808 5267 inimicr
2834 5226 2990 5282 quos
3009 5209 3256 5280 diligere
3281 5209 3438 5281 jussi
3463 5225 3675 5267 sumus

216 5346 221 5347 γ
288 5306 397 5384 ροζ
426 5316 543 5370 Πῶς
573 5306 864 5380 ὀφείλουσιν
887 5306 935 5358 οἱ
957 5301 1171 5358 δυνατοὶ
1193 5307 1257 5357 τὰ
1280 5303 1616 5378 ἀσθενήματα
1647 5312 1745 5358 τῶν
1768 5300 1836 5358 ἀὸ

2053 5307 2119 5358 '77
2161 5301 2478 5368 Quomodo
2508 5300 2773 5357 debeant
2809 5300 2994 5357 fortes
3035 5299 3482 5359 imbecillorum
3508 5299 3676 5356 inﬁr-

361 5400 526 5451 νάτων
556 5396 867 5471 βαστάζειν,
1180 5396 1193 5405 “

1180 5396 1193 5405 “
2089 5392 2329 5452 mitates
2358 5396 2617 5466 portare.

366 5542 423 5577 ⁸⁵
460 5544 595 5598 Luc.
625 5510 821 5612 v1,'37.

455 5650 700 5705 ΡΑτιιοι..
742 5649 845 5706 Gn.
883 5646 1056 5705 XXXI.
2956 5644 2969 5653 “
3284 5644 3356 5702 34
