4114 6396
433 341 570 393 1067
1829 333 1886 388 S.
1922 331 2163 384 BASILII
2197 331 2408 384 MAGNI
3668 338 3802 390 mea

433 465 532 519 £78
570 459 719 527 Quid
751 463 856 521 est,
883 457 1137 514 alterum
1165 457 1406 513 alterius
1430 473 1613 513 onera
1642 455 1970 530 portare".

1856 455 1970 512 εδδ,
2117 456 2164 508 Α
2197 452 2306 528 ροη’
2336 457 2398 504 Τί
2426 451 2537 504 ἐστι
2559 455 2616 504 τὸ
2649 452 2878 512 ἀλλήλων
2907 457 2971 506 τὰ
3002 453 3142 528 βάρη
3177 454 3481 528 βαστάζειν.

429 557 528 609 179
570 549 886 617 Quomodo
913 553 1108 620 potest
1139 548 1273 619 quis
1307 548 1541 619 absque
1574 546 1861 602 charitate
1896 543 2054 598 ﬁden

2197 541 2303 618 ροθ’
2346 549 2456 603 Πῶς
2493 539 2710 594 δύναταί
2738 563 2818 604 τις
2856 545 2974 596 οἶνευ
3017 543 3219 616 ἀγάπης
3267 550 3443 598 πίστιν
3495 550 3799 605 κτήσασθαι

497 641 724 698 habere
753 643 1005 700 tantam,
1037 642 1100 693 ut
1134 642 1366 692 montes
1397 637 1734 704 transferat,
1784 640 1886 690 aut
1916 634 2082 689 bona

2269 634 2553 698 τοσαύτην,
2605 634 2739 685 ὥστε
2787 637 2878 707 0"pn
2931 634 3278 704 μεθιστάνειν,
3311 637 3340 694 ἣ
3374 639 3439 688 τὰ
3487 638 3798 711 ὑπάρχοντα

499 748 612 787 sua
660 729 866 786 omnia
910 727 1010 782 det
1052 727 1449 798 pauperibus,
1503 730 1607 780 aut
1648 725 1827 797 408
1867 738 2088 796 corpus

2270 722 2436 773 πάντα
2488 718 2673 772 δοῦναι
2729 730 2988 793 πτωχοῖς,
3044 724 3072 781 ἦ
3132 721 3461 799 παραδουναι
3497 729 3557 778 τὸ
3611 727 3795 779 ἑαυτοῦ

501 835 681 876 suum
709 817 928 887 tradat,
963 821 1027 872 ut
1058 820 1368 870 exuratur.

1165 820 1368 870 παίων,
2274 819 2446 882 σῶμα,
2477 812 2558 862 ἱνα
2596 813 2790 884 καυθῇ.

432 913 533 968 180
572 912 702 975 Quo
733 908 939 964 animo
961 911 1016 961 et
1036 923 1159 977 qua
1182 906 1504 960 attentione
1528 920 1598 959 ea
1625 901 1926 959 audienda
1949 902 2057 958 sint

2197 899 2280 974 ρπ’
2307 903 2450 953 Μετά
2477 909 2717 963 ποταπῆς
2747 897 3027 963 διαθέσεως
3054 908 3142 955 καὶ
3191 913 3471 978 προσοχῆς
3527 903 3792 977 ὀφείλομεν

499 1015 636 1072 quae
667 997 845 1053 nobis
871 996 1076 1052 cibum
1109 994 1489 1049 sumentibus
1519 991 1825 1063 leguntur.

2272 988 2473 1042 ἀκούειν
2505 997 2603 1042 τῶν
2631 989 2678 1043 ἓν
2707 999 2779 1063 τῷ
2817 997 2981 1066 καιρῷ
3011 999 3106 1054 τῆς
3135 993 3467 1066 μεταλήψεως
3496 1013 3796 1070 παραναγι-

2269 1099 2604 1151 νωσκομενων
2636 1100 2760 1152 ημιν
2773 1123 2785 1136 .

432 1180 526 1236 181
573 1177 631 1235 Si
681 1176 816 1232 dum
860 1173 1116 1230 fratrum
1167 1172 1485 1227 societates
1533 1171 1753 1226 fuerint
1811 1172 1965 1227 inter
2028 1187 2054 1227 ε

2198 1168 2316 1244 ρπα’
2350 1170 2467 1223 Ἐὰν
2497 1167 2625 1221 ὦσιν
2653 1167 2995 1242 ἀδελφότητες
3034 1172 3255 1230 πλησίον
3309 1172 3562 1240 ἀλλήλων,
3616 1178 3707 1226 καὶ
3765 1176 3794 1232 ἡ

499 1267 732 1335 vicinae,
765 1270 823 1321 et
848 1265 1034 1319 altera
1057 1265 1318 1331 egestate
1341 1261 1592 1319 laboret.
1620 1261 1808 1318 altera
1837 1277 1979 1317 vero
2013 1263 2091 1319 ad

2271 1261 2361 1331 μὶν
2387 1261 2665 1330 πτωχεύει,
2701 1259 2730 1317 ἡ
2767 1256 2826 1310 δὲ
2853 1259 2997 1332 ἑτέρα
3026 1265 3142 1333 περὶ
3170 1265 3264 1319 τὴν
3294 1267 3562 1313 κοινωνίαν
3596 1258 3798 1332 δυσχε-

498 1353 967 1429 impertiendum
999 1353 1071 1407 sit
1101 1352 1338 1418 arctior,
1368 1351 1681 1424 quomodo
1721 1351 1969 1422 inopem
2001 1349 2090 1406 af-

2272 1351 2488 1421 ρεστέρα
2515 1345 2566 1419 ᾖ,
2597 1353 2707 1409 πῶς
2737 1343 2820 1399 δεῖ
2848 1351 2942 1405 τὴν
2988 1350 3365 1420 πτωχεύουσαν
3403 1353 3532 1423 πρὸς
3579 1354 3674 1408 τὴν
3722 1354 3793 1423 μὴ

498 1446 596 1501 ﬁci
623 1447 858 1517 Oportet
887 1458 1030 1510 erga
1053 1447 1351 1497 tenacem.

2271 1433 2664 1508 μεταδιδοῦσαν
2697 1433 3051 1490 διατίθεσθαι.

432 1531 529 1586 182
569 1529 798 1595 Quibus
831 1526 1128 1582 fructibus
1170 1525 1418 1599 probari
1469 1524 1648 1581 debet
1678 1525 1778 1598 qui
1805 1539 1879 1581 ex
1915 1525 2057 1580 mise

2201 1524 2327 1600 ρπβ
2357 1525 2445 1579 Ἐκ
2470 1530 2628 1578 ποίων
2658 1533 2868 1601 καρπῶν
2909 1523 3296 1599 δοκιμάζεσθαι
3337 1525 3523 1598 ὀφείλει
3577 1528 3602 1578 ὁ
3660 1544 3801 1598 συμ-

495 1617 757 1678 ricordia
784 1621 1139 1690 peccantem
1173 1615 1503 1685 redarguit.

2274 1617 2449 1676 παθῶς
2480 1614 2705 1687 ἐλέγχων
2725 1619 2810 1668 τὸν
2841 1615 3217 1690 ἁμαρτάνοντα.

431 1713 532 1769 183
570 1710 624 1765 Si
655 1708 969 1776 contingat
1017 1721 1466 1778 nonnunquam
1518 1708 1584 1760 ut
1631 1703 1818 1778 aliqui
1870 1707 1931 1761 in
1976 1705 2056 1761 fra

2204 1702 2323 1777 ρπγ’
2352 1705 2466 1757 Ἐὰν
2500 1703 2672 1776 συμϐῇ
2707 1724 2846 1766 τινας
2878 1703 2925 1755 ἐν
2957 1702 3272 1777 ἀδελφότητι
3303 1705 3502 1766 ζῶντας
3533 1699 3802 1775 διαφωνῆ-

499 1805 659 1856 trum
677 1799 978 1854 conventu
994 1794 1259 1851 viventes
1281 1793 1780 1850 dissideantinter
1803 1809 1972 1866 se,an
1997 1811 2096 1868 pe-

2281 1813 2372 1844 σαι
2401 1797 2530 1868 πρὸς
2560 1791 2824 1858 ἀλλήλους,
2855 1794 2897 1845 εἰ
2923 1790 3169 1846 ἀκίδυνόν
3217 1792 3356 1846 ἐστιν
3403 1791 3609 1866 ἀγάπης
3647 1793 3805 1846 ἕνεκεν

495 1888 688 1945 riculo
704 1890 877 1941 vacet
897 1900 1022 1940 una
1040 1899 1178 1939 cum
1199 1885 1284 1940 eis
1306 1884 1867 1951 versari,charitatis
1884 1901 2093 1942 causa.

1578 1884 1867 1939 :haritatis
1884 1901 2093 1942 causa.
2282 1885 2757 1958 συμπεριφέρεσθαι
2787 1890 2899 1945 τοῖς
2927 1887 3203 1944 τοιούτοις.

431 1982 534 2036 184
571 1976 890 2042 Quomodo
936 1974 1127 2048 possit
1173 1975 1333 2046 quis,
1375 1974 1612 2046 quoties
1651 1974 1743 2029 vel
1799 1975 2056 2030 hortatm

2207 1969 2329 2046 ρπδ’
2361 1980 2472 2033 Πῶς
2512 1969 2711 2044 δυνηθῇ
2737 1993 2835 2039 τις,
2865 1979 2953 2025 καὶ
2981 1975 3062 2026 ὅτε
3092 1972 3398 2049 παρακαλεῖ,
3433 1977 3522 2025 καὶ
3547 1973 3628 2025 ὅτε
3666 1971 3803 2042 ἕλὲγ-

499 2069 596 2125 vel
624 2064 1096 2136 arguit,studere
1121 2079 1245 2119 non
1278 2063 1478 2119 solum
1501 2063 1815 2136 quomodo
1843 2064 2099 2120 scienter

2279 2080 2387 2132 χει,
2444 2066 2513 2134 μὴ
2565 2066 2718 2134 μόνον
2769 2059 3090 2122 σπουδάζειν
3139 2060 3498 2135 ἐπιστημόνως
3558 2061 3811 2132 λαλῆσαι,

499 2157 805 2229 loquatur,
838 2153 944 2208 sed
965 2152 1146 2209 etiam
1170 2151 1484 2226 quomodo
1512 2152 1777 2208 debitam
1803 2158 1928 2208 tum
1954 2156 2092 2224 Deo,

2279 2149 2406 2202 ἀλλὰ
2431 2156 2522 2203 καὶ
2553 2156 2646 2210 τήν
2676 2148 2915 2204 διάθεσιν
2945 2156 3039 2210 τὴν
3067 2151 3393 2224 ὀφειλομένην
3445 2154 3632 2215 σώζειν
3680 2153 3807 2226 πρὸς

497 2251 630 2302 tum
659 2244 732 2300 iis
782 2257 1030 2316 quoque
1077 2241 1448 2314 quibuscum
1499 2255 1846 2298 sermonem
1890 2240 2094 2308 habet,

1789 2259 1846 2298 m
1890 2240 2094 2308 habet,
2277 2259 2331 2294 τε
2367 2244 2454 2293 τὸν
2487 2245 2614 2294 Θεὸν
2634 2245 2724 2293 καὶ
2749 2244 2878 2316 πρὸς
2909 2241 3133 2302 ἐκείνους
3156 2243 3234 2303 οἱς
3255 2240 3414 2296 λαλεῖ.

500 2334 688 2391 animi
717 2332 1101 2389 affectionem
1128 2335 1343 2388 servet.

430 2427 530 2481 185
573 2425 629 2480 Si
653 2423 787 2496 quis
816 2421 880 2478 id
899 2420 1210 2494 loquendo
1232 2421 1538 2476 auditores
1565 2420 1678 2476 sibi
1701 2422 2055 2477 assentiente

2203 2419 2310 2494 ρπε¹
2351 2419 2470 2472 Ἐάν
2498 2438 2575 2480 τις
2605 2419 2656 2471 ἐν
2705 2415 2930 2482 διαλέξει
2979 2416 3468 2493 συνδιατιθεμίνους
3507 2421 3636 2494 ὁρῶν
3685 2422 3805 2482 τοὺς

499 2513 732 2580 videns,
763 2512 1046 2582 gaudeat,
1079 2527 1204 2583 quo
1233 2516 1412 2582 pacto
1444 2515 1768 2582 cognoscet
1799 2512 2092 2583 seipsum,

2277 2509 2552 2571 ἀκούοντας
2576 2515 2767 2585 χαίρῃ,
2798 2517 2909 2572 πῶς
2932 2515 3176 2583 γνωρίσει
3221 2510 3424 2577 ἑαυτὸν,
3477 2510 3520 2563 εἰ
3569 2506 3807 2562 διαθέσει

498 2602 794 2658 aﬁ‘ectune
835 2601 998 2656 bono
1027 2600 1282 2668 laetetur,
1311 2615 1391 2656 an
1420 2600 1640 2656 vitiosa
1662 2601 1932 2672 quadam
1955 2599 2097 2656 affe-

1608 2615 1640 2656 a
1662 2601 1932 2672 quadam
1955 2599 2097 2656 aﬂ‘e-
2277 2600 2446 2673 ἀγαθῇ
2480 2605 2680 2674 χαίρει,
2716 2600 2746 2658 ἦ
2778 2601 2932 2653 πάθει
2956 2605 3060 2652 τινὶ
3092 2597 3233 2672 ἰδίῳ.

501 2692 699 2748 ctione
730 2689 845 2746 sibi
875 2689 1143 2762 propria.

431 2782 530 2840 £86
570 2784 682 2837 Pro
705 2779 932 2853 quibus
971 2779 1182 2835 amicis
1205 2778 1476 2834 animam
1516 2794 1742 2851 ponere
1772 2778 2056 2835 debemus

2203 2779 2324 2853 ρπς·’
2353 2783 2485 2854 Υπὲρ
2518 2787 2759 2832 ποταπῶν
2793 2778 2947 2851 φίλων
2978 2781 3174 2832 τιθέναι
3195 2783 3288 2838 τὴν
3310 2779 3496 2852 ψυχὴν
3519 2779 3802 2852 ὀφείλομεν.

429 2873 526 2927 187
569 2873 661 2925 An
691 2868 1117 2941 unusquisque
1151 2868 1230 2924 ab
1258 2868 1328 2924 iis
1357 2869 1464 2940 qui
1496 2869 1611 2924 sibi
1636 2871 1928 2938 sanguine
1948 2885 2054 2926 con

2203 2868 2322 2945 ρπξ
2347 2869 2407 2922 Εἰ
2435 2872 2545 2943 χρὴ
2574 2870 2717 2944 παρὰ
2754 2876 2855 2921 τῶν
2885 2871 3021 2920 κατὰ
3047 2871 3217 2943 σάρκα
3242 2867 3444 2922 οἰκείων
3471 2865 3730 2941 δέχεσθαί
3754 2886 3807 2922 τι

490 2961 852 3032 junguntur,
879 2957 1218 3031 quidquam
1243 2958 1514 3030 accipere
1539 2958 1780 3014 debeat.
2275 2960 2514 3013 ἕκαστον.

429 3053 529 3106 188
553 3047 870 3114 Quomodo
899 3062 1005 3102 eos
1038 3047 1143 3119 qui
1171 3049 1361 3102 nostri
1402 3047 1543 3102 olim
1578 3047 1743 3103 fuere
1765 3048 2054 3104 contubet

2203 3047 2322 3123 ρπη’
2354 3055 2471 3110 Πῶς
2501 3043 2695 3121 ἴδωμεν
2725 3050 2846 3110 τοὺς
2874 3051 2998 3101 ποτε
3031 3053 3304 3112 συνοίκους
3332 3051 3361 3107 ἡ
3369 3057 3500 3123 μῶν,
3541 3049 3571 3108 ἦ
3607 3065 3807 3121 συγγε-

492 3139 684 3203 nales,
721 3141 776 3194 et
807 3153 911 3193 eos
950 3137 1055 3210 qui
1096 3137 1460 3207 cognatione
1503 3137 1680 3193 nobis
1714 3139 2096 3209 conjungun-

1200 3137 1460 3205 {natione
1503 3137 1680 3193 nobis
1714 3139 2096 3209 conjungun-
2124 3175 2165 3231 Ο
2277 3147 2374 3200 νεῖς
2407 3139 2825 3213 εἰσερχομένους.

492 3232 608 3295 tur,
640 3243 782 3284 eum
809 3227 1125 3292 accedunt,
1155 3226 1502 3282 videamus.
2133 3226 2164 3231 '
2616 3247 2630 3259 ι

427 3319 528 3373 189
570 3317 629 3374 Si
680 3315 1070 3372 adhortando
1119 3314 1300 3370 etiam
1341 3314 1530 3371 velint
1575 3330 1691 3372 nos
1733 3316 1807 3372 ad
1844 3319 2049 3390 propri

2200 3317 2317 3392 ρπθ’
2357 3318 2473 3371 Ἐὰν
2501 3314 2560 3370 δὲ
2586 3321 2676 3369 καὶ
2714 3317 3085 3390 παρακαλῶσιν
3132 3319 3274 3391 ἡμᾶς
3318 3316 3544 3380 θελοντες
3593 3317 3803 3391 ἀγαγεῖν

497 3406 812 3464 reducere.

2274 3407 2344 3468 εἰς
2368 3410 2433 3460 τὰ
2459 3404 2598 3464 ἴδια,

430 3498 532 3554 190
570 3501 659 3552 An
690 3499 965 3568 oporteat
987 3511 1099 3550 nos
1132 3494 1402 3551 misereri
1433 3499 1832 3566 cognatorum
1865 3514 2053 3555 secun

2198 3483 2278 3573 pL)‘
2307 3494 2470 3550 Εἰδεί
2499 3497 2650 3550 ἐλεεῖν
2675 3500 2796 3558 τοὺς
2824 3499 2958 3550 κατὰ
2991 3499 3162 3573 σοίρκα
3192 3497 3433 3565 οἰκείους,
3490 3497 3799 3572 ἔπιθυμοῦν-

497 3587 647 3643 dum
677 3599 946 3648 carnem,
993 3584 1251 3640 salutem
1290 3583 1535 3640 illorum
1565 3587 2086 3660 concupiscentes.

1372 3599 1535 3640 >rum
1565 3587 2086 3660 concupiscentes.
2268 3607 2360 3650 τας
2390 3592 2475 3645 τὴν
2509 3590 2770 3661 σωτηρίαν
2810 3586 2997 3640 αὐτῶν.

428 3680 521 3733 191
571 3676 714 3742 Quis
740 3681 829 3732 est
855 3680 1232 3733 mansuetus

2196 3663 2310 3752 ρδοί
2339 3682 2426 3737 Τίς
2452 3675 2587 3729 ἐστιν
2615 3677 2640 3728 ὀ
2671 3677 2859 3750 πραΰς.

429 3771 529 3823 192
569 3768 712 3832 Quae
740 3768 828 3822 est
852 3764 1088 3822 tristitia
1136 3763 1474 3821 secundum
1525 3770 1734 3837 Deum,
1762 3771 1819 3824 et
1845 3783 1985 3841 quae
2017 3770 2054 3825 si

2343 3771 2434 3826 Τίς
2460 3764 2598 3818 ἐστιν
2629 3765 2659 3823 ἡ
2691 3764 2827 3824 λύπη
2862 3767 2892 3824 ἠ
2919 3768 3052 3818 κατὰ
3091 3767 3240 3832 Θεὸν,
3290 3771 3380 3819 καὶ
3426 3769 3509 3829 τίς
3538 3767 3566 3825 ἡ
3595 3773 3685 3819 τοῦ
3713 3770 3799 3819 κό-

496 3854 710 3911 mundi
738 3853 996 3911 tristitia.

805 3853 996 3911 .stitia.
2271 3874 2430 3928 σμου.

427 3948 526 4000 193
569 3941 754 4009 Quale
779 3942 950 3997 estin
977 3942 1212 3998 Christo
1242 3943 1557 4013 gaudium.

1368 3943 1557 3998 dium.
2195 3929 2309 4018 ery'
2342 3949 2476 3996 Ποία
2504 3943 2551 3997 ἐν
2583 3953 2799 4017 Χρισηῤ
2825 3946 2993 4019 χαρά.

428 4035 528 4088 194
566 4030 818 4098 Qualem
864 4030 1096 4086 luctum
1150 4031 1564 4102 admittemus,
1604 4036 1672 4089 ut
1716 4034 2052 4091 beatitudin

2194 4019 2313 4109 p56"
2344 4041 2496 4086 Ποῖον
2524 4035 2706 4096 πένθος
2737 4032 3088 4107 ἀναλάϐωμεν,
3133 4036 3215 4087 ἵνα
3257 4035 3658 4110 καταξιωθῶμεν
3707 4043 3799 4091 τοῦ

495 4121 665 4191 digni
695 4118 1113 4175 efﬁciamur".

1005 4135 1032 4173 r
1045 4121 1113 4174 ⁸⁷.
2266 4132 2627 4198 μακαρισμοῦ.

428 4214 528 4265 195
569 4208 890 4274 Quomodo
915 4209 1054 4280 quis
1081 4210 1290 4264 omnia
1320 4209 1460 4266 facit
1486 4211 1562 4267 ad
1605 4210 1857 4280 gloriam
1892 4213 2010 4268 Dei.

1775 4227 1857 4267 ω]
1892 4213 2010 4268 Dei.
2193 4198 2294 4287 ρ¹7έ
2326 4220 2444 4274 Πῶς
2471 4217 2642 4266 πάντα
2680 4213 2750 4275 εἰς
2787 4211 2945 4277 δόξαν
2978 4222 3110 4268 Θεοῦ
3137 4223 3278 4268 ποιεῖ
3302 4236 3400 4278 τις.

426 4302 528 4353 196
567 4295 890 4363 Quomodo
921 4297 1043 4352 edit
1070 4298 1208 4370 quis
1250 4297 1524 4371 bi'bitque
1547 4299 1626 4356 ad
1669 4300 1923 4371 gloriam
1960 4303 2051 4358 Dei

1882 4318 1923 4358 ῃ
1960 4302 2083 4360 Dei.
2191 4287 2309 4377 ρΒςί
2333 4309 2448 4364 Πῶς
2471 4301 2632 4356 ἆσθίει
2660 4323 2760 4369 τις,
2789 4309 2878 4356 καὶ
2904 4309 3040 4356 πίνει
3064 4304 3134 4366 εἱς
3164 4301 3323 4368 δόξαν
3355 4312 3507 4358 Θεοῦ.

429 4390 525 4441 197
568 4385 888 4452 Quomodo
918 4385 1134 4443 efﬁciet
1163 4386 1412 4444 dextera
1448 4392 1512 4444 ut
1549 4389 1792 4448 sinistra
1821 4407 1945 4448 non
1977 4408 2049 4450 co

2190 4379 2306 4469 ρθζ
2337 4401 2453 4457 Πῶς
2482 4401 2694 4453 ποιήσει
2724 4397 2753 4454 ἡ
2790 4392 2938 4459 δεξιὰ
2969 4398 3050 4447 ἰνα
3078 4400 3147 4468 μὴ
3185 4403 3417 4470 γινώσκη
3451 4398 3557 4465 (42)
3610 4399 3640 4457 ἡ
3677 4395 3798 4470 ἀρι-

495 4478 769 4545 gnoscat.
2112 4541 2120 4559 ἰ

2112 4541 2150 4559 “
2266 4485 2425 4559 στεροξ
2439 4526 2450 4538 .

426 4541 525 4622 198
566 4565 722 4632 Quid
770 4565 847 4622 sit
891 4565 1225 4637 humilitas,
1273 4572 1331 4625 et
1367 4570 1681 4642 quomodo
1721 4586 1858 4628 eam
1911 4588 2048 4630 asse

2358 4541 2366 4559 .

2189 4559 2305 4649 ρθῆ
2331 4579 2394 4628 Τί
2425 4574 2536 4627 ἐστι
2565 4578 3036 4650 ταπιινοφροσύνη,
3070 4579 3159 4627 καὶ
3197 4583 3308 4638 πῶς
3338 4575 3502 4636 αὐτ-ην
3527 4579 3793 4651 κατορθώ-

491 4670 771 4728 quemur.
1590 4685 1593 4688 ‹

1590 4685 1593 4688 ⁴
2265 4681 2439 4736 σομεν.

423 4749 522 4801 199
562 4745 878 4811 Quomodo
899 4748 1274 4818 exoptaverit
1303 4747 1438 4821 quis
1479 4763 1544 4804 se
1574 4751 1756 4807 etiam
1787 4752 2042 4824 periculi

2187 4739 2298 4827 1059'
2327 4761 2443 4815 Πῶς
2481 4755 2542 4806 ἄν
2571 4774 2648 4814 τις
2685 4755 3045 4829 προθυμηθείη
3078 4759 3167 4807 καὶ
3196 4758 3328 4828 πρὸς
3357 4753 3636 4820 κινδύνους
3663 4758 3789 4834 ὑπερ

488 4833 753 4905 objicere
783 4850 895 4907 pro
925 4836 1162 4892 Domini
1193 4837 1510 4894 mandato.

2258 4853 2349 4904 τῆς
2378 4843 2578 4905 ἐντολῆς
2601 4852 2692 4896 τοῦ
2728 4851 2920 4920 Κυρίου
2959 4843 3465 4918 παραϐουλεύεσθαι.

417 4927 522 4979 200
563 4923 882 4989 Quomodo
905 4924 943 4979 ii
983 4925 1087 4996 qui
1128 4925 1356 4981 diutius
1401 4925 1464 4981 in
1487 4926 1587 4982 Dei
1616 4943 1798 4998 opere
1830 4929 2042 4988 labora

2189 4933 2231 4984 σ’
2259 4935 2326 4985 Οἱ
2349 4936 2724 5008 προκάμνοντες
2755 4933 2802 4986 ἐν
2833 4941 2906 5005 τῷ
2934 4936 3066 5008 ξογῳ
3096 4942 3188 4987 τοῦ
3236 4943 3390 5004 Θεοῦ,
3449 4943 3560 5000 πῶς
3607 4934 3792 4990 δύναν’

487 5016 722 5082 verunt,
748 5012 985 5084 possint
1013 5029 1222 5068 recens
1255 5014 1552 5070 accedens
1582 5016 1816 5085 juvare.

2254 5039 2342 5074 ται
2371 5022 2575 5094 ὠφελεῖν
2600 5027 2717 5084 τοὺς
2741 5023 2863 5097 ἄρτι
2883 5028 3358 5098 προσερχομένους.
3493 5014 3497 5017 ’

417 5105 512 5157 201
561 5102 878 5167 Quomodo
905 5102 1041 5175 quis
1073 5105 1466 5160 attentionem
1491 5105 1552 5160 in
1579 5108 1886 5178 precando
1908 5127 2042 5167 asse

2188 5131 2257 5164 σα
2297 5119 2413 5175 Πῶς
2451 5115 2699 5188 κατορθοῖ
2726 5134 2804 5176 τις
2831 5114 2879 5166 ἐν
2899 5123 2961 5187 τῇ
2995 5124 3272 5190 προσευχῇ
3297 5120 3356 5169 τὸ
3385 5115 3779 5191 ἀμετεὼριστον.

489 5195 727 5262 quetur.

489 5449 536 5484 “
564 5447 690 5506 Gal.
724 5464 801 5518 v1,
834 5451 888 5504 2.
967 5449 1010 5483 ³⁷
1043 5451 1241 5507 Matth.
1276 5466 1337 5522 v,
1371 5458 1423 5507 5.

491 5627 607 5698 (42)
637 5626 731 5683 Sic
750 5629 891 5698 Reg.
924 5627 1155 5684 tertius.
1187 5630 1355 5698 Editi,
1392 5638 1507 5694 Πῶς
1539 5632 1563 5682 ὃ
1595 5638 1819 5688 ποιεῖ....
1853 5641 1980 5706 γινώ
2048 5654 2182 5690 σκει.
