4114 6404
347 341 480 394 1069

1388 333 1816 388 REGULAREM
1874 331 2270 386 BHEVIORUM
2314 334 2675 386 CAPl'l‘l‘lA.

3576 345 3712 395 1070

347 462 432 536 σβ’
462 464 521 516 Εἰ
553 461 774 515 δυνατὸν
807 461 1174 536 καρτορθῶσαε
1211 456 1260 510 ἐν
1297 463 1449 510 παντὶ
1496 460 1586 508 καὶ
1621 459 1836 507 πάντοτε
1879 457 1934 506 τὸ

2072 456 2160 508 202
2192 460 2278 508 An
2308 453 2436 508 ﬁeri
2467 455 2676 526 possit,
2723 461 2788 510 ut
2815 457 2876 512 in
2904 459 3186 514 omnibus
3227 465 3282 516 et
3334 478 3574 535 semper
3617 479 3714 520 ac-

416 551 794 627 ἆμετεὼριστον
807 594 819 607 .

351 642 432 714 σγ’
461 650 573 695 Τῶν
602 643 714 694 κατ’
749 639 955 698 έντολὴν
983 646 1075 692 τοῦ
1109 642 1303 715 Κυρίου
1342 639 1756 712 κατορθωμάτων
1793 637 1942 687 πότε-

414 750 503 806 ρον
536 731 584 784 ἓν
615 735 800 806 μέτρον
831 728 972 783 έστὶν
1001 729 1050 782 ἐν
1087 735 1267 795 πᾶσιν,
1296 729 1326 788 ἣ
1359 729 1386 780 6
1415 730 1504 800 μεν
1534 726 1704 780 πλεῖον
1744 728 1880 796 ἔχοι,
1914 725 1939 776 6

415 818 474 875 δὲ
499 822 728 875 ἔλαττον.

345 997 430 1053 σδ’
471 1007 588 1064 Πῶς
615 1000 950 1064 καταξιοῦταί
969 1017 1046 1060 τις
1075 1001 1372 1072 Πνεύματος
1403 995 1559 1068 ἁγίου
1589 995 1829 1068 γενέσθαι
1854 998 1941 1067 μέ-

416 1108 595 1162 τοχος.

347 1178 414 1231 σε’
444 1184 584 1240 Τίνες
616 1179 743 1230 εἰσὶν
773 1179 822 1229 οἰ
845 1182 1055 1249 πτωχοὶ
1081 1185 1154 1248 τῷ
1183 1179 1458 1250 πνεύματι.

348 1267 434 1331 σς-’
453 1271 778 1339 ΤοῦΚυρίου
809 1266 1269 1339 παραγγέλλοντος,
1302 1271 1371 1338 μὴ
1405 1270 1655 1339 μεριμνᾷν
1675 1269 1728 1318 τί
1758 1265 1938 1336 φάγω-

410 1374 522 1428 μεν,
553 1358 582 1416 ἣ
616 1361 668 1408 τί
697 1363 910 1429 πίωμεν,
946 1357 975 1415 ἡ
1015 1361 1066 1409 τί
1104 1355 1499 1430 περιϐαλώμεθα
1531 1373 1544 1390 ο
1598 1359 1762 1430 μέχρι
1803 1358 1942 1416 τίνος

411 1446 556 1499 ἐστὶν
593 1450 623 1505 ἡ
665 1445 863 1514 έντολή,
906 1447 935 1505 ᾖ
960 1455 1065 1508 πῶς
1089 1447 1457 1519 κατορθοῦται.

343 1627 423 1688 at,”
447 1630 562 1680 Τίνι
591 1626 724 1699 λόγῳ
757 1623 839 1678 δεῖ
863 1625 1196 1700 ἇργάζεσθειι.

343 1714 424 1774 ση’
465 1715 524 1769 Εἰ
553 1715 708 1768 καλόν
747 1715 863 1768 ἐστι
891 1718 950 1767 τὸ
975 1713 1200 1767 καθόλου
1233 1718 1386 1786 σιγὴν
1420 1713 1615 1768 ἀσκεῖν.

343 1806 421 1860 σθ’
459 1813 578 1867 Πῶς
598 1801 902 1879 δυνηθῶμεν
926 1804 1217 1878 φοϐηθῆναι
1245 1808 1312 1857 τὰ
1348 1809 1580 1880 κρίματα
1609 1811 1700 1857 τοῦ
1727 1811 1882 1858 Θεοῦ.

343 1887 408 1940 σι’
436 1892 524 1947 Τίς
554 1886 693 1939 έστιν
724 1888 754 1945 ἡ
788 1889 888 1939 ὑπὸ
916 1894 1008 1939 τοῦ
1041 1885 1362 1940 Ἀποστόλου
1392 1882 1793 1962 παραδιδομένη
1838 1905 1939 1938 κα-

409 1976 634 2035 ταστολὴ
668 1981 884 2048 κοσμία.

343 2065 445 2121 cui
465 2069 528 2120 Τί
569 2069 628 2119 τὸ
659 2070 844 2141 μέτρον
868 2074 965 2128 τῆς
988 2068 1116 2141 πρὸς
1146 2067 1274 2118 Θεὸν
1301 2063 1528 2136 ἀγάπης.

343 2155 452 2230 σιβ’
475 2163 586 2218 Πῶς
615 2157 964 2232 κατορθοῦται
993 2157 1023 2214 ἡ
1057 2157 1183 2231 πρὸς
1223 2158 1353 2209 Θεὸν

343 2247 442 2320 σιγ’
471 2251 600 2300 Τίνα
628 2246 743 2300 ἐστὶ
769 2248 837 2300 τὰ
863 2251 1203 2322 γνωρίσματα
1235 2253 1332 2308 τῆς
1356 2249 1484 2320 πρὸς
1517 2248 1645 2299 Θεὸν
1677 2243 1899 2316 ἀγάπης.

346 2334 452 2390 σιδ’
479 2339 795 2412 Χρηστότης
821 2340 908 2388 καὶ
933 2334 1246 2408 ἀγαθωσύνη
1279 2339 1382 2388 τίνι
1413 2331 1749 2407 διαφέρουσιν
1778 2333 1940 2392 ἀλλή-

409 2425 528 2482 λων.

347 2515 438 2568 σιε’
467 2519 555 2576 Τίς
585 2513 724 2567 έστιν
757 2515 782 2567 6
809 2515 910 2568 ύπὸ
940 2520 1032 2567 τοῦ
1075 2519 1269 2588 Κυρίου
1295 2514 1707 2588 μακαριζόμενος
1739 2512 1941 2589 εἰρηνο-

409 2609 576 2668 ποιός.

342 2695 448 2762 σις’
475 2695 558 2748 Ἐν
583 2698 687 2748 τίνι
717 2701 1012 2770 στραφῆναι
1037 2690 1120 2747 δεῖ
1147 2698 1237 2747 καὶ
1267 2696 1510 2766 γενέσθαι
1538 2695 1606 2755 ὡς
1630 2694 1698 2746 τὰ
1723 2689 1938 2748 παιδία.

343 2872 443 2935 σιξ
466 2879 584 2937 Πῶς
615 2870 890 2947 δεξώμεθα
917 2877 1010 2932 τὴν
1051 2871 1325 2946 βασιλείαν
1367 2880 1458 2925 τοῦ
1499 2879 1632 2926 Θεοῦ
1691 2873 1756 2933 ὣς
1810 2891 1940 2924 παι-

414 2960 546 3018 δίον.

351 3051 454 3110 cui
481 3057 640 3105 Ποίαν
664 3055 868 3105 σύνεσιν
899 3051 1058 3105 αἰτεῖν
1087 3054 1234 3127 παρὰ
1258 3057 1350 3104 τοῦ
1381 3057 1515 3104 Θεοῦ
1547 3049 1829 3124 όφεΐλόμεν.

338 3231 436 3286 σιθ’
467 3231 582 3286 Ἐὰν
633 3231 1039 3304 εύεργετηθῶμεν
1084 3233 1226 3307 παρά
1258 3251 1432 3302 τινος,
1475 3237 1587 3293 πῶς
1633 3226 1939 3302 δυνηθῶμεν

405 3326 497 3374 καὶ
526 3329 600 3391 τῷ
635 3325 810 3392 Κυρίῳ
839 3325 935 3379 τὴν
965 3321 1290 3394 ὀφειλομένην
1331 3321 1677 3394 εὐχαριστίαν
1707 3322 1938 3395 καθαρὰν

405 3415 496 3462 καὶ
525 3408 804 3482 ὁλόκληρον
835 3407 1145 3479 ἀποδοῦναι,
1179 3416 1267 3463 καὶ
1298 3416 1390 3470 τὴν
1410 3414 1541 3486 πρὸς
1561 3415 1648 3463 τὸν
1669 3411 1937 3484 εὐεργέτην

407 3499 767 3574 ἐπιστημόνως
789 3499 1087 3574 πληρῶσαι.

339 3688 417 3742 σκ¹
448 3688 508 3742 Εἰ
531 3693 689 3742 παντὶ
716 3696 787 3760 τῷ
819 3687 1118 3762 βουλομένῳ
1149 3684 1392 3761 ἀδελφαῖς
1423 3687 1802 3759 συντυγχάνειν
1828 3685 1937 3740 έπε-

403 3782 605 3855 τρέπειν
629 3782 740 3854 χρή
752 3821 765 3834 .

337 3875 455 3922 σκα’
493 3876 595 3922 Τοῦ
625 3874 818 3942 Κυρίου
849 3865 1201 3941 διδάσκοντος
1228 3869 1626 3941 προσεύχεσθαι
1649 3871 1720 3940 μὴ
1763 3865 1932 3918 εἰσελ-

405 3961 508 4013 θεῖν
539 3959 612 4022 εἰς
631 3963 941 4034 πειρασμὸν,
976 3959 1020 4012 εἰ
1060 3954 1142 4012 δεῖ
1177 3959 1574 4034 προσεύχεσθαι
1602 3962 1674 4030 μὴ
1717 3973 1931 4029 περιπε-

404 4054 510 4102 σεῖν
539 4045 754 4111 ὀδύναις
786 4055 1126 4122 σωματικαῖς.

330 4137 450 4211 σκβ¹
474 4143 568 4201 Τίς
597 4137 737 4192 ἐστιν
767 4140 793 4192 6
821 4135 1090 4200 ἀντίδικος
1119 4138 1343 4190 ἑκάστου
1388 4139 1553 4210 ἡμῶν,
1607 4137 1634 4196 ἦ
1691 4140 1780 4188 καὶ
1820 4143 1931 4198 πῶς

403 4228 544 4300 αύτῷ
573 4229 718 4288 εύνοή
728 4245 902 4301 σομεν.

337 4317 451 4390 σκγ’
479 4319 538 4370 Ὀ
571 4319 724 4372 θέλων
752 4315 846 4370 διά
888 4336 1006 4368 τινα
1042 4315 1192 4387 λόγον
1237 4314 1519 4389 ἀρέσκοντα
1559 4320 1664 4387 Θεῷ
1706 4323 1930 4374 νηστεῦ-

407 4426 518 4473 σαι,
553 4403 732 4464 ἐπειδὴ
765 4411 854 4458 καὶ
879 4407 949 4467 ὡς
977 4404 1035 4456 ού
1065 4404 1194 4457 θέλει
1220 4409 1451 4478 φαίνεται
1475 4411 1584 4465 τοῖς
1623 4404 1928 4480 ἀνθρώποις,

403 4500 456 4549 τί
484 4500 609 4554 ποιη
619 4514 716 4550 σει.

339 4582 455 4640 σκδ
483 4586 546 4638 Εἰ
571 4589 660 4638 καὶ
688 4591 775 4637 νῦν
805 4587 854 4637 οἱ
883 4588 972 4658 μεν
1004 4582 1104 4636 ἀπὸ
1134 4589 1227 4644 τῆς
1259 4589 1468 4658 πρώτης
1502 4583 1640 4658 ὠρας
1688 4582 1933 4658 ἐργάζον-

401 4696 507 4742 ται,
541 4677 590 4728 οἱ
619 4671 677 4728 δε
717 4673 818 4728 ἀπὸ
848 4682 942 4736 τῆς
972 4670 1268 4739 ἑνδεκάτης,
1309 4677 1400 4724 καὶ
1429 4677 1554 4733 τίνες
1582 4673 1712 4726 εἰσιν
1738 4673 1903 4729 οὗτοι.

339 4766 440 4818 σκε’
469 4773 573 4820 Τοῦ
607 4769 800 4840 Κυρίου
833 4765 1098 4827 εἰπόντος·
1155 4762 1322 4816 Ὀπου
1356 4761 1439 4815 ἐὰν
1465 4759 1567 4814 ὦσι
1594 4759 1691 4815 δύο
1722 4763 1750 4822 ἢ
1800 4771 1933 4836 τρεῖς

409 4860 726 4929 συνηγμένοι
756 4855 827 4918 εἰς
865 4858 924 4907 τὸ
955 4854 1076 4928 ἐμόν
1105 4859 1286 4928 ὄνομα,
1318 4852 1419 4907 ἐκεῖ
1444 4853 1552 4927 εἰμι
1585 4856 1634 4906 ἐν
1663 4857 1808 4926 μέσῳ
1834 4853 1934 4906 αύ-

404 4955 502 4998 τῶν
532 4968 545 4980 ·
578 4954 690 5008 πῶς
713 4949 898 4999 τούτου
930 4944 1320 5008 καταξιωθῆναι
1358 4940 1682 5016 δυνηθῶμεν.

336 5035 455 5100 σκς·’
485 5043 587 5089 Τοῦ
620 5033 943 5087 Ἀποστόλου
981 5033 1211 5106 λέγοντος
1235 5055 1248 5067 ·
1309 5029 1736 5106 Λοιδορούμενοι,
1791 5032 1933 5085 εύλο-

401 5134 588 5201 γοῦμεν
619 5147 631 5159 ·
667 5123 1150 5200 βλασφημούμενοι,
1181 5123 1579 5201 παρακαλοῦμεν
1611 5144 1624 5157 ο
1647 5131 1759 5186 πῶς
1797 5121 1930 5196 67:312-

407 5520 454 5553 ³³
491 5517 690 5578 Matth.
732 5535 791 5585 ν,
823 5521 874 5574 3.
953 5517 999 5551 θ’
1030 5516 1334 5587 Matth.v1,
1368 5521 1458 5574 31.

2119 542 2391 616 quiratur
2421 545 2688 599 attentio.

2050 637 2154 688 203
2191 635 2398 689 Utrum
2428 649 2639 688 eorum
2670 649 2808 706 quae
2838 637 3177 693 secundum
3203 641 3439 697 Domini
3463 644 3716 701 manda-

2136 726 2267 777 tum
2297 722 2471 788 ﬁunt,
2519 737 2642 778 una
2673 724 2962 780 eteadem
3013 741 3300 783 mensura
3328 728 3392 784 in
3430 732 3716 788 omnibus

2126 811 2222 878 sit,
2259 825 2337 866 an
2394 810 2548 866 alius
2580 812 2903 885 majorem,
2930 813 3085 870 alius
3113 831 3258 872 vero
3285 817 3509 875 habeat
3526 821 3717 877 mino-

2117 917 2266 957 rem.

2051 995 2156 1048 204
2189 991 2506 1058 Quomodo
2536 992 2675 1064 quis
2714 991 2968 1049 eﬂicitur
2996 993 3236 1066 dignus,
3263 996 3369 1068 qui
3397 998 3504 1053 ﬁat
3533 999 3714 1072 Spiri-

2119 1086 2212 1137 tus
2238 1082 2427 1138 sancti
2457 1084 2778 1156 particeps.

2053 1171 2234 1242 409
2265 1175 2369 1227 205
2402 1171 2513 1236 Qui
2545 1172 2665 1227 sint
2693 1187 2994 1244 pauperes
3026 1173 3321 1245 spiritu“.

2048 1263 2155 1318 206
2186 1264 2334 1317 Cum
2374 1262 2666 1317 Dominus
2702 1263 3014 1335 praecipiat
3039 1267 3104 1318 ut
3131 1279 3207 1319 ne
3253 1265 3444 1321 simus
3476 1267 3712 1326 solliciti

2120 1351 2268 1425 quid
2301 1352 2582 1414 edamus.
2614 1357 2718 1408 aut
2744 1352 2895 1424 quid
2924 1352 3235 1420 bibamus,
3263 1361 3370 1411 aut
3399 1372 3522 1429 quo
3553 1365 3714 1430 tega-

2120 1456 2258 1497 mur
2275 1443 2342 1509 3°,
2376 1457 2700 1515 quousque
2720 1441 2785 1498 id
2805 1442 3085 1499 mandati
3117 1458 3181 1498 se
3198 1445 3712 1522 extendit,etquo-

2119 1531 2304 1588 modo
2333 1532 2670 1604 perﬁcitur.

2047 1625 2149 1677 207
2175 1623 2306 1687 Qua
2333 1626 2533 1678 mente
2561 1621 2843 1679 laborare
2872 1624 3168 1694 oporteat.

2048 1715 2153 1766 208
2188 1720 2275 1766 An
2297 1710 2532 1767 bonum
2566 1711 2643 1768 sit
2670 1711 2912 1784 penitus
2949 1711 3255 1769 silentium
3275 1714 3566 1773 excolere.

1965 1819 2012 1880 Β
2051 1806 2153 1858 209
2185 1802 2504 1867 Quomodo
2529 1801 2736 1858 timere
2756 1803 3135 1874 potuerimus
3166 1803 3268 1860 Dei
3295 1804 3545 1874 judicia.

2049 1893 2155 1947 210
2185 1891 2328 1958 Quis
2351 1892 2423 1948 sit
2454 1891 2712 1948 amictus
2742 1892 2837 1948 ille
2867 1892 3158 1950 honestus
3179 1893 3260 1950 ab
3280 1895 3566 1968 Apostolo
3597 1901 3710 1955 tra-

2121 1980 2304 2038 ditus.

2051 2075 2150 2128 211
2190 2071 2333 2139 Quis
2361 2072 2583 2128 modus
2603 2071 2890 2142 diligendi
2922 2074 3132 2129 Deum.

2048 2166 2152 2216 212
2184 2161 2502 2227 Quomodo
2533 2162 2636 2217 Dei
2663 2161 2902 2217 dilectio
2933 2162 3293 2220 obtineatur.

2047 2251 2152 2306 213
2180 2252 2323 2316 Quae
2359 2251 2479 2307 sint
2500 2251 2724 2308 indicia
2748 2250 3059 2308 charitatis
3084 2267 3229 2323 erga
3250 2255 3460 2311 Deum.

2050 2344 2156 2396 214
2186 2341 2247 2394 In
2280 2356 2404 2413 quo
2432 2341 2782 2413 discrepant
2812 2356 2848 2396 a
2877 2357 2940 2395 se
2980 2341 3240 2399 invicem
3271 2343 3616 2416 benignitas
3650 2349 3710 2402 et

2119 2429 2382 2486 bonitas.

2048 2521 2154 2576 215
2183 2519 2324 2586 Quis
2359 2519 2436 2576 sit
2471 2518 2762 2593 paciﬁcus
2820 2518 2916 2576 ille
2956 2519 3131 2593 quia
3178 2520 3435 2579 Domino
3491 2521 3709 2581 dicitur

2119 2609 2336 2666 beatus
2351 2612 2418 2663 νο.

2047 2702 2154 2754 216
2188 2699 2254 2754 In
2285 2715 2410 2772 qua
2436 2713 2501 2754 re
2527 2698 2796 2755 converti
2815 2701 3110 2772 oporteat,
3137 2714 3208 2756 ac
3232 2698 3362 2756 ﬁeri
3391 2699 3554 2758 velut
3579 2717 3712 2775 par-

2121 2789 2297 2845 vulos
2331 2791 2374 2824 ⁹¹
2389 2831 2401 2844 .

2049 2882 2151 2934 217
2184 2878 2501 2942 Quomodo
2533 2878 2945 2951 suscipiamus
2975 2893 3233 2950 regnum
3265 2879 3367 2936 Dei
3391 2879 3554 2938 velut
3577 2897 3711 2955 par-

2120 2967 2320 3025 vulus.

2049 3061 2153 3114 218
2185 3056 2438 3124 Qualem
2489 3055 2944 3128 intelligentiam
2993 3073 3030 3114 a
3071 3059 3190 3114 Deo
3238 3071 3563 3132 exposcere
3608 3060 3711 3118 de-

2120 3147 2396 3203 beamus.

2050 3237 2154 3293 2t9
2185 3237 2239 3293 Si
2293 3235 2657 3292 beneﬁcium
2705 3235 3118 3309 acceperimus
3157 3235 3236 3292 ab
3277 3234 3503 3310 aliquo,
3551 3254 3706 3312 quo-

2120 3326 2306 3383 modo
2334 3330 2462 3382 tum
2481 3326 2736 3382 Domino
2752 3326 3022 3382 debitam
3040 3327 3374 3396 gratiarum
3405 3327 3704 3386 actionem

2121 3432 2343 3490 puram
2374 3432 2446 3472 ac
2501 3417 2798 3487 integram
2831 3417 3189 3489 persolvere,
3213 3423 3341 3473 tum
3363 3432 3500 3474 eam
3521 3419 3704 3476 etiam

2117 3523 2256 3580 qua;
2284 3505 2680 3563 benefacienti
2708 3507 2984 3578 debetur,
3001 3507 3143 3563 scite
3164 3512 3220 3564 et
3244 3508 3354 3564 rite
3373 3508 3704 3582 rependere

2115 3597 2474 3670 poterimus.

2043 3690 2148 3742 220
2175 3691 2263 3742 An
2293 3686 2544 3760 quilibet
2589 3685 2810 3742 volenti
2841 3685 3314 3759 permittendum
3345 3686 3419 3743 sit
3445 3690 3510 3745 ut
3557 3704 3700 3746 cum

2116 3777 2426 3833 sororibus
2457 3775 2517 3831 in
2545 3774 2914 3848 colloquium
2939 3775 3162 3832 veniat.
3535 3845 3541 3851 .

2042 3870 2141 3922 221
2167 3868 2316 3921 Cum
2347 3865 2634 3921 Dominus
2663 3864 2878 3922 doceat
2897 3865 3198 3922 orandum
3225 3881 3376 3936 esse,
3409 3869 3475 3922 ut
3501 3881 3578 3922 ne
3607 3866 3700 3924 in-

2113 3962 2339 4012 tremus
2368 3957 2431 4010 in
2462 3955 2851 4011 tentationem
2883 3958 2951 4027 9',
2989 3969 3066 4012 an
3096 3955 3398 4012 orandum
3429 3957 3504 4013 sit
3533 3961 3597 4014 ut
3622 3972 3700 4013 ne

2112 4047 2172 4102 in
2201 4045 2468 4119 corporis
2493 4045 2733 4101 dolores
2765 4045 3134 4101 incidamus.

2041 4139 2146 4192 222
2177 4136 2316 4200 Quis
2338 4135 2412 4191 sit
2457 4135 2939 4208 uniuscujusque
2978 4140 3251 4192 nostrum
3294 4137 3695 4206 adversarius,

2111 4226 2501 4299 quomodove
2530 4239 2675 4295 erga
2695 4226 2895 4298 ipsum
2927 4226 3152 4281 erimus
3183 4225 3549 4284 benevoli".

2041 4319 2142 4371 223
2187 4315 2297 4381 Qui
2341 4315 2420 4370 ob
2447 4314 2714 4388 aliquam
2740 4314 3039 4371 rationem
3062 4315 3182 4371 Deo
3238 4315 3521 4389 placitam
3547 4317 3700 4388 jeju-

2114 4419 2260 4460 nare
2282 4404 2425 4467 vult,
2459 4419 2597 4460 cum
2625 4404 2734 4460 etsi
2753 4419 2878 4460 non
2909 4404 3049 4462 velit
3071 4405 3308 4462 videtur
3335 4405 3413 4462 ab
3441 4406 3701 4463 homini-

2112 4493 2248 4560 bus,
2273 4491 2421 4565 quid
2448 4493 2644 4549 faciet.

2041 4585 2146 4638 224
2173 4587 2262 4638 An
2294 4583 2477 4638 etiam
2517 4597 2681 4640 nunc
2727 4583 2826 4639 alii
2866 4599 2902 4639 a
2927 4584 3124 4656 prima
3157 4583 3309 4638 hora
3350 4587 3694 4656 operentur,

2113 4671 2212 4727 alii
2242 4672 2320 4727 ab
2342 4672 2687 4740 undecima,
2719 4677 2776 4729 et
2796 4672 3050 4744 quinam
3078 4672 3142 4727 hi
3169 4671 3370 4727 sint”.

2041 4765 2146 4817 225
2173 4763 2320 4816 Cum
2376 4762 2670 4818 Dominus
2703 4761 2954 4818 dixerit:
2997 4761 3107 4817 Ubi
3134 4762 3252 4817 duo
3278 4763 3373 4817 vel
3414 4769 3534 4818 ire:
3563 4762 3698 4832 fue-

2115 4854 2243 4908 rint
2268 4854 2620 4922 congregati
2638 4854 2704 4907 in
2723 4851 2963 4908 nomine
2992 4865 3140 4919 meo,
3172 4850 3259 4906 ibi
3299 4866 3429 4907 sum
3483 4853 3547 4906 in
3579 4867 3697 4910 me~

2114 4942 2214 4998 dio
2245 4957 2448 4999 eorum
2467 4944 2537 5012 νδ,
2556 4947 2870 5015 quomodo
2886 4942 3003 4997 hoc
3013 4939 3181 5011 digni
3195 4940 3694 4999 eﬂicivaleamus.

2045 5036 2149 5089 226
2172 5032 2318 5087 Cum
2349 5033 2671 5104 Apostolus
2697 5031 2860 5087 dicat
2893 5049 2906 5086 :
2939 5033 3096 5087 Dum
3132 5031 3576 5096 maledicimur,
3610 5031 3698 5088 be-

2123 5122 2458 5180 nedicz‘mus
2481 5137 2494 5176 :
2518 5122 2658 5178 dum
2711 5119 3209 5193 btasphemamur,
3263 5120 3695 5178 obsecramus"

1541 5517 1590 5552 ⁹⁰
1619 5516 1819 5574 Matth.
1845 5532 1900 5583 v,

2075 5517 2118 5549 "
2154 5513 2354 5572 Matth.
2386 5527 2550 5578 xvm,
2585 5517 2644 5569 3.,
2715 5514 2762 5547 ⁰²
2793 5515 2929 5568 Luc.
2961 5525 3104 5578 xm,
3146 5515 3234 5568 40.
3311 5513 3360 5547 ⁸³
3387 5512 3585 5569 Matth.
3639 5527 3695 5581 ν,

339 5632 433 5684 25.
516 5629 563 5661 "
598 5627 800 5683 Matth.
840 5642 944 5698 xx,
978 5629 998 5680 1
1032 5640 1167 5698 sqq.
1246 5626 1293 5659 95
1324 5624 1525 5682 Matth.
1565 5628 1830 5690 xvm,20.
1905 5625 1954 5659 9⁸
1981 5626 1999 5678 l
2025 5625 2160 5680 Cor.
2193 5627 2385 5689 1v,12.
