4114 6398
416 311 546 366 ίοῖί

476 430 1155 506 quomodobenedicere
1184 429 1405 487 debeat
1428 428 1528 485 cui
1567 426 1969 494 maledicitur,
2002 429 2061 481 et
2099 425 2149 479 Α

476 522 626 595 quid
655 521 973 577 obsecrare
993 521 1095 593 qui
1126 519 1605 593 blasphematur.

403 619 503 671 227
529 614 743 670 Utrum
771 618 1041 685 oporteat
1070 626 1575 685 unumquemque
1598 624 1671 665 ea
1695 623 1834 681 quae
1859 603 2067 671 sentit,

478 703 609 761 aliis
640 702 822 759 etiam
848 701 1206 774 patefacere,
1240 716 1319 757 an
1345 716 1485 757 cum
1541 698 1657 754 sibi
1700 710 2065 771 persuasum

477 793 673 861 fuerit,
695 807 824 847 rem
847 790 977 847 ﬁeri
1010 793 1128 847 Deo
1147 790 1454 864 placitam,
1486 804 1621 845 eam
1647 786 1867 842 debeat
1897 782 2066 857 apud

480 882 755 955 seipsum
782 880 1112 938 continere.

407 975 511 1029 228
532 970 814 1044 Nunquid
843 969 1124 1026 voluntas
1168 984 1378 1025 eorum
1424 967 1530 1040 qui
1560 965 2067 1034 scandalizentur,

477 1061 539 1117 in
569 1060 738 1117 omni
767 1075 829 1115 re
851 1059 1151 1131 explenda
1176 1058 1268 1129 sit,
1304 1074 1383 1113 an
1430 1072 1573 1112 vero
1605 1055 1726 1112 sint
1754 1053 2067 1127 quaedam,

478 1150 541 1206 in
571 1149 793 1224 quibus
826 1147 1209 1204 simulatione
1239 1146 1536 1203 utendum
1564 1161 1690 1200 non
1721 1144 1816 1213 sit,
1860 1160 2065 1217 quan-

479 1256 667 1314 quam
696 1237 1054 1296 scandalum
1106 1236 1419 1310 patiuntur
1445 1234 1739 1292 nonnulli.

405 1335 510 1387 229
529 1334 620 1386 An
634 1331 908 1401 oporteat
926 1328 1140 1383 vetitas
1167 1326 1433 1382 actiones
1459 1325 1608 1381 citra
1628 1322 2061 1380 verecundiam

477 1417 764 1475 omnibus
792 1415 1122 1488 publicare,
1154 1420 1257 1473 aut
1298 1414 1602 1487 aliquibus
1631 1413 1953 1476 duntaxat,
2003 1417 2064 1470 et

478 1506 732 1580 quinam
764 1504 823 1561 hi
850 1504 991 1561 sint.
1528 1560 1535 1567 ,

402 1601 508 1654 230
534 1595 689 1663 Quid
710 1599 767 1652 ct
791 1595 1008 1662 cultus,
1041 1598 1098 1652 et
1125 1594 1264 1669 quis
1291 1598 1382 1651 est
1408 1594 1721 1652 rationalis
1771 1593 1967 1650 cultus
1991 1596 2062 1650 97.

404 1691 503 1744 231
541 1687 598 1743 Si
627 1685 808 1742 frater
830 1684 1038 1757 inique
1060 1700 1123 1740 se
1149 1688 1316 1755 gerat
1344 1685 1404 1740 in
1438 1699 1558 1755 me,
1590 1689 1647 1740 et
1673 1683 1956 1740 inimicus
1989 1683 2065 1740 sit

1797 301 1852 359 S.
1896 299 2146 357 BASlLll
2184 299 2405 357 IAGNI

3649 300 3793 354 1072

2252 422 2327 476 λει
2357 421 2582 495 εὐλογεῖν
2602 422 2628 475 6
2656 417 3074 498 λοιδορούμενος,
3105 421 3136 481 ἦ
3168 425 3218 476 τί
3246 420 3565 497 παρακαλεῖν
3591 424 3618 475 6
3650 421 3791 496 βλα-

2255 533 2357 585 σφη
2365 516 2465 586 μού
2470 532 2638 586 μενος.

2183 602 2298 663 σκζ
2325 602 2388 656 Εἰ
2414 607 2526 675 χρὴ
2558 602 2774 656 ἕκαστον
2813 599 3154 655 ἀνατίθεσθαι
3179 607 3270 655 καὶ
3313 602 3505 678 ἑτέροις
3528 601 3564 656 ἃ
3591 610 3786 679 φρονεῖ,

2253 692 2283 752 ἡ
2326 690 2375 744 ἐν
2399 692 2724 767 πληροφορίᾳ
2753 699 2845 745 τοῦ
2872 690 3180 768 ἀρέσκοντος
3202 700 3317 764 Θεῷ
3342 697 3631 767 γενόμενον,
3657 694 3784 769 παρ’

2250 780 2419 854 ἑαυτῷ
2455 785 2720 854 κατέχειν.

2182 960 2298 1020 σκη’
2325 960 2384 1015 Εἰ
2412 958 2496 1014 ἐπὶ
2525 965 2681 1014 παντὶ
2709 961 2986 1035 πράγματι
3022 960 3364 1037 πληροφορεῖν
3389 966 3501 1037 χρὴ
3532 966 3591 1017 τό
3626 962 3783 1022 θέλη-

2249 1071 2325 1124 μα
2352 1058 2452 1103 τῶν
2485 1046 2994 1123 σκανδαλιζομένων,
3026 1052 3055 1110 ᾖ
3090 1053 3202 1104 ἔστι
3231 1056 3364 1119 τινὰ,
3395 1051 3482 1125 ἀφ’
3504 1054 3573 1106 ὧν
3599 1053 3658 1107 ού
3699 1049 3785 1108 δεῖ

2248 1142 2680 1216 προσποιεῖσθαι,
2717 1141 2814 1192 κάν
2843 1159 2976 1201 τινες
3003 1137 3475 1202 σκανδαλίζωνται.

2180 1319 2290 1374 σκθ’
2310 1320 2372 1375 Εἰ
2398 1323 2509 1393 χρὴ
2533 1321 2626 1383 τὰς
2665 1318 3090 1394 ἁπηγορευμίνας
3114 1321 3324 1395 πράξεις
3351 1320 3773 1396 ἁνεπαισχυντό-

2247 1430 2389 1486 τερον
2412 1410 2731 1486 ἐξαγορεύειν
2760 1416 2943 1479 πᾶσιν,
2968 1412 2997 1471 ἦ
3029 1416 3165 1480 τισὶ,
3197 1417 3285 1466 καὶ
3314 1417 3481 1475 ποίοις
3513 1416 3737 1486 τούτοις,

2177 1588 2250 1643 σλ’
2279 1594 2342 1642 Τί
2362 1587 2477 1642 ἐστι
2498 1588 2731 1663 λατρεία,
2763 1593 2861 1663 καὶΔ
2883 1593 2955 1650 τίς
2984 1587 3127 1643 ἐστιν
3156 1591 3186 1649 ἠ
3219 1589 3404 1662 λογική
3432 1589 3666 1664 λατρεία.

2178 1678 2286 1733 σλα’
2313 1679 2433 1732 Ἐὰν
2461 1675 2677 1752 ἁδελφὸς
2714 1682 3064 1755 πονηρεύηται
3108 1680 3177 1741 εἰς
3221 1679 3309 1753 ἐμὲ
3332 1722 3346 1748 ,
3375 1685 3468 1735 καὶ
3520 1679 3778 1756 ἐχθραίνῃ

474 1775 645 1844 mihi,
703 1779 809 1831 aut
837 1773 1169 1847 aliquando
1198 1774 1379 1831 etiam
1412 1772 1723 1838 sacerdos,
1757 1789 1837 1830 an
1884 1772 2065 1830 liceat

2245 1788 2356 1842 μοι,
2382 1769 2410 1828 ἦ
2439 1767 2597 1825 ἐνίοτε
2625 1774 2717 1822 καὶ
2750 1771 2927 1844 ἱερεύς,
2954 1769 2999 1823 εἰ
3024 1769 3194 1833 ἔξεστί
3218 1789 3310 1843 μοι
3344 1773 3438 1833 τὰς
3488 1766 3781 1844 δεδομένας

474 1864 625 1922 mihi
647 1863 792 1920 data
819 1863 897 1921 de
925 1863 1184 1921 inimicis
1232 1867 1534 1937 praecepta
1591 1863 1775 1921 etiam
1824 1878 1967 1935 erga
1999 1864 2066 1921 il-

472 1955 603 2012 lum
633 1969 899 2011 servare.

404 2049 510 2101 232
539 2044 597 2102 Si
617 2043 754 2117 quis
785 2043 864 2100 ab
886 2043 1091 2115 aliquo
1119 2042 1343 2114 injuria
1358 2042 1608 2100 affectus
1634 2043 2061 2118 neminiﬂlo

475 2134 537 2190 id
565 2134 800 2200 referat,
855 2132 1115 2190 lenitatis
1141 2137 1198 2188 et
1250 2133 1552 2205 patientiae
1605 2149 1814 2203 causa,
1860 2141 1916 2191 et
1944 2138 2065 2191 Deo

470 2221 768 2294 judicium
783 2222 1120 2295 relinquere
1136 2220 1433 2291 videatur,
1466 2238 1545 2279 an
1576 2222 1914 2281 secundum
1949 2228 2063 2281 Do-

476 2312 707 2370 minum
741 2311 942 2369 faciat.

402 2405 506 2459 233
538 2404 621 2457 Ex
650 2400 938 2457 omnibus
963 2405 1121 2459 recte
1148 2401 1322 2459 factis
1353 2402 1402 2460 si
1429 2402 1526 2460 vel
1556 2419 1749 2461 unum
1769 2404 1931 2461 desit
1954 2405 2062 2462 ali-

472 2490 590 2557 cui,
624 2494 827 2546 utrum
856 2496 1179 2564 propterea
1221 2491 1479 2549 salutem
1509 2508 1635 2550 non
1664 2493 2060 2566 adipiscatur.

398 2584 502 2636 234
533 2578 850 2646 Quomodo
882 2580 1021 2652 quis
1052 2585 1311 2637 mortem
1345 2581 1583 2637 Domini
1613 2583 2021 2639 aununtiabit.

397 2673 503 2725 235
528 2671 618 2725 An
638 2667 922 2741 expediat
945 2669 1137 2726 multa
1161 2685 1234 2726 ex
1263 2670 1582 2743 Scripturis
1615 2672 1905 2728 ediscere.

401 2762 504 2814 236
534 2758 640 2825 Qui
664 2756 832 2828 digni
880 2756 1072 2813 habiti
1124 2762 1287 2823 sunt,
1336 2764 1401 2815 ut
1454 2758 1746 2817 disceriut
1794 2766 2063 2834 quatuor

470 2846 817 2917 Evangelia,
862 2846 1176 2920 quomodo
1226 2847 1386 2905 hanc
1438 2849 1698 2919 gratiam
1752 2851 2060 2925 suscipere

472 2934 755 2992 debeant.

401 3029 504 3083 237
530 3025 791 3092 Quinam
820 3024 1061 3083 animus
1101 3025 1377 3098 dirigitur
1404 3027 1485 3086 ad
1516 3028 1616 3086 Dei
1663 3029 2062 3090 voluntatem.

397 3210 502 3263 238
534 3205 817 3280 Nunquid
863 3206 993 3263 ﬁeri
1030 3208 1241 3281 possit,
1274 3213 1342 3265 ut
1391 3208 1529 3282 quis
1557 3208 1687 3266 sine
1712 3210 1837 3267 ulla
1889 3211 2068 3269 inter-

467 3296 757 3353 missione
780 3295 1023 3368 psallat,
1077 3296 1336 3368 legatve,
1379 3303 1485 3354 aut
1523 3298 1682 3357 seria
1744 3304 1957 3357 tractet
1988 3301 2065 3359 de

474 3383 577 3442 Dei
597 3384 813 3457 verbis,
847 3400 958 3442 nec
975 3384 1163 3442 ullum
1184 3387 1472 3460 temporis
1495 3388 1759 3461 spatium
1789 3390 2063 3448 medium

473 3473 665 3540 detur,
685 3490 826 3531 cum
852 3490 973 3531 usu
996 3474 1213 3545 veniat,
1242 3481 1307 3533 ut
1328 3477 1602 3535 nonnulli
1622 3477 2062 3538 sordidioribus

471 3564 739 3637 corporis
766 3564 1228 3622 necessitatibus
1255 3571 1556 3637 cogantur
1586 3568 1959 3627 satisfacere.

403 3657 507 3710 239
539 3653 681 3720 Quis
707 3653 785 3710 sit
807 3653 1007 3711 bonus
1038 3655 1380 3725 thesaurus,
1413 3660 1471 3712 et
1499 3657 1638 3730 quis
1667 3658 1889 3718 malus.

402 3746 509 3800 240
530 3744 938 3810 Quamobrem
981 3745 1136 3803 dicta
1165 3745 1242 3802 sit
1291 3745 1416 3803 lata
1448 3752 1646 3819 porta,
1700 3752 1759 3806 et
1790 3750 2066 3823 spatiosa

474 3831 590 3904 via,
615 3848 752 3906 quae
780 3832 946 3893 ducit
967 3833 1050 3891 ad
1077 3833 1467 3892 interitum”.

403 3924 502 3977 241
538 3920 854 3987 Quomodo
875 3927 1139 3993 angusta
1186 3923 1264 3978 sit
1282 3927 1481 3996 porta,
1504 3928 1562 3981 et
1590 3931 1757 3983 arcta
1778 3927 1894 3994 via,
1924 3943 2064 4001 quae

473 4009 640 4066 ducit
667 4011 747 4066 ad
778 4010 979 4084 vitam,
1003 4017 1063 4069 et
1086 4012 1403 4085 quomodo
1440 4015 1581 4086 quis
1608 4030 1719 4087 per
1747 4014 1950 4089 ipsam
1972 4016 2064 4073 in-

476 4098 865 4170 grediatur”.

402 4191 507 4244 242
530 4187 674 4254 Quis
697 4187 771 4244 sit
796 4188 983 4247 illud:
1013 4191 1316 4248 Fraterno
1349 4206 1570 4261 amore,
1604 4192 1688 4250 ad
1718 4209 1824 4252 vos
1849 4201 2062 4254 mutuo

473 4277 812 4346 diligendos
829 4280 1017 4349 proni
1024 4282 1036 4315 '
1049 4322 1062 4335 .

404 4365 508 4423 243
536 4365 677 4432 Quis
723 4366 838 4424 sibi
880 4368 1015 4425 velit
1042 4370 1390 4441 Apostolus,
1421 4388 1562 4428 cum
1616 4372 1767 4432 dixit
1828 4378 2067 4435 :Irasci—

2244 1864 2365 1934 περὶ
2402 1856 2608 1935 ἐχθρῶν
2633 1857 2839 1921 ἐντολὰς
2874 1863 2966 1911 καὶ
2990 1857 3067 1912 ἐπ’
3108 1858 3269 1913 αὐτοῦ
3295 1858 3602 1933 φυλάσσειν.

2177 2037 2296 2112 σλβ¹
2313 2036 2428 2092 Ἐάν
2452 2058 2533 2100 τις
2560 2035 2832 2102 ἀδικηθεὶς
2861 2040 2962 2091 ύπό
2987 2059 3122 2101 τινος
3148 2036 3341 2113 μηδενὶ
3366 2038 3625 2100 ἁνάθηται
3646 2040 3782 2115 λόγῳ

2244 2130 2612 2203 μακροθυμίας
2633 2127 2726 2181 καί
2754 2127 3098 2197 ἀνεξικακίας,
3129 2127 3259 2204 δόξῃ
3302 2127 3362 2184 δ⁹ε
3391 2139 3465 2202 τῷ
3488 2138 3603 2203 Θεῷ
3656 2130 3781 2186 ἁπο-

2247 2214 2461 2274 διδόναι
2487 2222 2547 2272 τό
2575 2225 2762 2292 κρῖμα,
2791 2218 2835 2272 εἰ
2854 2221 2992 2272 κατὰ
3022 2222 3212 2293 Κύριον
3241 2227 3400 2276 ποιεῖ.

2175 2396 2285 2470 σλγ’
2313 2399 2399 2452 Ἐκ
2429 2399 2633 2451 πάντων
2658 2405 2757 2450 τῶν
2784 2400 3202 2473 κατορθωμάτων
3246 2398 3331 2453 ἐὰν
3370 2399 3419 2455 ἓν
3457 2400 3604 2476 λείπῃ
3649 2407 3773 2473 τινὶ,

2245 2487 2289 2541 εἰ
2322 2484 2415 2541 διὰ
2451 2494 2604 2541 τοῦτο
2629 2487 2688 2541 ού
2715 2487 2965 2549 σώζεται.

2176 2572 2289 2630 σλ.δ’
2320 2584 2436 2638 Πῶς
2465 2581 2553 2629 τόν
2581 2578 2798 2630 θάνατόν
2828 2597 2905 2639 τις
2932 2585 3024 2630 τοῦ
3057 2583 3252 2654 Κυρίου
3278 2581 3604 2653 καταγγελεῖ.

2175 2665 2273 2721 σλί
2299 2666 2361 2719 Εἰ
2389 2671 2638 2741 συμφέρει
2660 2666 2826 2720 πολλὰ
2845 2665 3178 2741 ὶκμανθάνειν
3205 2673 3349 2744 παρὰ
3375 2680 3476 2724 τῶν
3501 2677 3732 2746 Γραφῶν.

2177 2754 2290 2821 σλς¹
2318 2755 2475 2809 Ὀσοι
2504 2757 2911 2820 κατηξιώθησαν
2940 2760 3006 2811 τὰ
3029 2762 3267 2836 τέσσαρα
3303 2760 3592 2834 Εύαγγίλια
3617 2760 3774 2836 ἐκμα-

2248 2846 2371 2914 θεῖν,
2405 2853 2517 2910 πὼς
2545 2845 2811 2919 ὀφείλουσι
2839 2851 2935 2907 τὴν
2963 2849 3127 2924 χάριν
3158 2845 3439 2914 δέξασθαι.

2177 3025 2286 3088 σλζ
2327 3029 2543 3086 Ποταπὴ
2588 3024 2745 3099 ψυχὴ
2776 3027 3147 3083 κατευθύνεται
3186 3032 3318 3104 πρὸς
3354 3034 3417 3084 τὸ
3460 3031 3661 3106 θέλημα
3686 3039 3782 3087 τοῦ

2250 3124 2405 3172 Θεοῦ.

2124 3200 2129 3205 ’
2176 3206 2286 3267 σλη’
2314 3206 2378 3260 Εἰ
2403 3202 2627 3259 δυνατόν
2657 3204 2771 3259 ἐστι
2795 3209 2854 3260 τό
2886 3204 3235 3274 ἀδιαλείπτως
3255 3210 3488 3282 ψάλλειν,
3532 3213 3563 3272 ἣ
3605 3211 3787 3286 ἄναγε-

2242 3301 2480 3363 νώσκειν,
2517 3297 2547 3355 ᾖ
2575 3291 3113 3371 σπουδαιολογείσθαι
3139 3304 3258 3374 περὶ
3285 3310 3389 3354 τῶν
3411 3303 3661 3377 ῥημάτων
3690 3311 3784 3357 τοῦ

2243 3394 2399 3454 Θεοῦ,
2431 3391 2523 3440 καὶ
2554 3383 2832 3460 διάστημα
2868 3393 2942 3462 μὴ
2982 3392 3224 3460 γίνεσθαι
3251 3391 3500 3461 καθόλου,
3543 3389 3639 3446 διὰ
3687 3398 3785 3454 τὴν

2243 3475 2723 3549 ἐπισυμϐαίνουσάν
2743 3496 2884 3531 τισιν
2910 3476 3143 3553 ἀνάγκην
3166 3489 3266 3535 τῶν
3289 3483 3671 3559 ῥυπαρωτίρων
3688 3491 3781 3538 τοῦ

2246 3571 2488 3640 σώματος
2517 3574 2735 3640 χρειῶν.

2173 3654 2281 3711 σλθ’
2309 3660 2402 3719 Τίς
2424 3658 2452 3710 6
2484 3659 2751 3733 θησαυρός
2779 3660 2806 3712 6
2827 3657 3045 3732 ἁγαθός,
3076 3666 3168 3715 καὶ
3191 3666 3275 3725 τίς
3305 3663 3331 3716 6
3356 3668 3607 3738 πονηρός.

2174 3744 2258 3820 σμ’
2288 3748 2436 3800 Κατὰ
2462 3751 2515 3800 τί
2538 3746 2758 3801 πλατεῖα
2780 3751 2810 3808 ἠ
2836 3749 2972 3809 πύλη
2996 3754 3087 3803 καὶ
3113 3751 3413 3829 εύρύχωρος
3439 3755 3471 3814 ἠ
3500 3750 3622 3816 ὁδός
3643 3759 3785 3832 εἶρηο

2242 3854 2331 3888 ται
2359 3837 2389 3894 ἡ
2424 3834 2708 3909 ἀπάγουσα
2747 3838 2815 3899 εἰς
2843 3837 3123 3895 ἀπώλειαν.

2177 3925 2296 4001 σμα’
2328 3934 2442 3989 Πῶς
2472 3933 2621 3989 στενὴ
2652 3932 2683 3988 ἠ
2712 3928 2848 3989 πύλη
2872 3934 2962 3983 καὶ
2991 3930 3301 4005 τεθλιμμένη
3336 3936 3368 3994 ἡ
3397 3930 3522 3997 ὁδός
3563 3938 3592 3995 ἡ
3641 3935 3783 3991 ἀπά-

2243 4035 2417 4090 γουσα
2446 4019 2514 4079 εἰς
2542 4023 2636 4078 τὴν
2668 4019 2830 4088 ζωὴν,
2858 4024 2949 4073 καὶ
2995 4030 3102 4084 πῶς
3153 4019 3226 4075 δι’
3277 4024 3444 4089 αύτῆς
3488 4046 3567 4088 τις
3622 4026 3784 4106 είσίρ·

2246 4125 2429 4179 χεται.

2176 4194 2304 4271 σμβ⁹
2332 4202 2396 4251 Τί
2416 4195 2530 4251 ἐστι
2556 4201 2636 4268 τὸ,
2685 4206 2759 4274 Τῇ
2794 4198 3106 4278 φιλαδελφίᾳ
3134 4204 3207 4269 εἰς
3234 4203 3487 4270 ἀλλήλους
3515 4208 3787 4286 φιλόστορ-

2244 4306 2356 4359 γοι.

2177 4375 2298 4450 σμγ’
2327 4381 2391 4431 Τί
2422 4374 2666 4450 βούλεται
2694 4378 2855 4453 λόγων
2884 4383 2911 4434 6
2943 4381 3258 4449 Ἀπόστολος
3282 4407 3296 4421 ·
3355 4386 3666 4461 Ὀργίζεσθε
3694 4394 3786 4444 καὶ

473 4455 694 4513 miniet
724 4457 911 4514 nolite
952 4474 1208 4528 peccare
1242 4461 1384 4532 ;sed
1436 4478 1555 4519 non
1599 4465 1835 4521 occidat
1885 4482 2065 4538 super

2244 4472 2317 4540 μὴ
2346 4467 2662 4543 ἁμαρτάνετε
2686 4492 2699 4505 ο
2733 4472 2759 4524 6
2786 4471 2926 4535 ἣλιος
2950 4478 3020 4547 μὴ
3052 4473 3313 4530 ἐπιδυέτω
3347 4476 3431 4532 ini
3477 4488 3552 4551 τῷ
3587 4499 3789 4557 παρορ-

468 4547 893 4605 iramvestram
924 4551 945 4583 ²
974 4565 988 4603 :
1018 4564 1091 4605 ac
1119 4549 1301 4613 etiam
1349 4567 1491 4609 cum
1519 4552 1663 4609 alibi
1694 4554 1845 4612 dixit
1875 4573 1889 4613 :
1936 4558 2069 4617 0m-

472 4651 569 4691 ms
614 4637 978 4708 amaritudo,
1006 4643 1063 4696 et
1090 4639 1452 4715 indignatio,
1499 4647 1556 4700 et
1584 4643 1679 4702 ira
1711 4645 1977 4704 tollatur
2026 4664 2065 4706 α

475 4724 641 4782 vobis
654 4727 701 4783 ³.

400 4813 506 4871 244
535 4814 691 4881 Quid
723 4814 798 4872 sit
818 4815 968 4873 illud
999 4835 1013 4874 :
1046 4819 1200 4876 Date
1222 4820 1418 4878 locum
1444 4823 1553 4878 ira:
1572 4823 1618 4878 ‘.

400 4905 504 4959 245
537 4904 683 4970 Quis
712 4905 788 4962 sit
812 4905 1082 4979 prudens
1111 4912 1176 4964 ut
1196 4924 1471 4983 serpens,
1509 4916 1567 4969 et
1596 4912 1855 4986 simplex
1909 4915 2065 4976 sicut

474 4991 782 5052 columba.

398 5085 504 5138 246
535 5083 689 5149 Quid
708 5084 1002 5158 signiﬁcet
1021 5085 1170 5144 illud
1196 5087 1510 5147 :C/iaritas
1540 5106 1660 5149 non
1681 5093 1960 5156 indecore
1989 5114 2053 5157 se

474 5173 631 5242 gerit
646 5175 693 5234 ⁵.

2244 4566 2425 4632 γισμῷ
2456 4561 2597 4632 ὑμῶν
2621 4582 2634 4594 -
2667 4566 2902 4635 καίτοιγε
2923 4561 3157 4636 ἀλλαχοῦ
3185 4566 3338 4620 εἰπών
3358 4589 3372 4604 ·
3402 4576 3574 4624 Πᾶσα
3593 4576 3787 4649 πικρία

2233 4652 2339 4706 ,καὶ
2370 4651 2551 4724 θυμὸς,
2584 4655 2675 4705 καὶ
2704 4650 2833 4728 ὀργὴ
2868 4651 3075 4729 ἀρθήτω
3107 4654 3193 4730 ἀφ’
3233 4658 3401 4732 ὑμῶν.

2178 4831 2303 4908 σμὸν
2327 4840 2391 4888 Τί
2415 4833 2528 4889 ἐστι
2548 4840 2628 4902 τὸ,
2662 4842 2785 4893 Δότε
2806 4844 2966 4895 τόπον
2995 4850 3057 4915 τῇ
3087 4843 3245 4920 ὀργῇ.

2178 4923 2285 4997 σμε’
2310 4929 2402 4986 Τίς
2427 4923 2570 4978 ἔστιν
2599 4926 2626 4979 6
2657 4932 2899 5004 φρόνιμος
2928 4933 2994 4994 ὡς
3022 4933 3049 4985 6
3078 4937 3213 5007 ὄφις,
3257 4942 3349 4991 καὶ
3389 4936 3629 5017 ἀκέραιος
3648 4943 3720 5005 ὡς
3746 4944 3777 5002 ἡ

2245 5018 2557 5090 περιστερά,

2178 5102 2303 5178 σμς’
2327 5108 2390 5161 Τί
2427 5103 2568 5159 ἔστιν
2590 5128 2604 5143 ο
2644 5108 2702 5163 Ἦ
2735 5107 2911 5183 ἀγάπη
2935 5111 3030 5167 ούκ
3060 5112 3380 5192 ἀσχημονεῖ.

471 5475 519 5511 ’⁷
546 5476 717 5579 domn.
745 5489 851 5579 vni,
881 5480 929 5532 1.
1002 5479 1050 5513 ⁸⁸
1075 5481 1252 5538 Marc.
1273 5497 1377 5555 vn,
1410 5488 1493 5542 13.
1572 5488 1620 5523 ⁹⁹
1646 5485 1792 5547 ibid.
1830 5493 1913 5548 M.
1995 5495 2065 5551 lli

2178 5515 2206 5554 ι.
2237 5510 2342 5571 xu,
2379 5499 2463 5558 lO.
2538 5502 2561 5538 ³
2588 5501 2807 5577 Ephes.
2856 5520 2940 5579 iv,
2967 5512 3059 5569 26.
3138 5513 3161 5549 ⁸
3185 5511 3335 5572 ibid.
3366 5517 3458 5573 31.
3538 5518 3561 5554 ι
3586 5515 3770 5578 Rom.

400 5566 614 5637 111,19.
690 5562 712 5598 ⁵
745 5563 926 5624 ICor.
964 5582 1110 5641 xm,
1154 5574 1208 5628 5.
