4114 6406
345 357 477 412 1073

1397 355 1824 411 REGULARUM
1868 355 2271 413 BREVIORUM
2313 356 2662 413 CAPITULA

3562 365 3696 418 1074

342 480 466 553 σμζ
494 486 557 534 Τί
589 480 726 533 ἐστιν
773 483 802 539 ἡ
855 479 904 532 ἓν
946 485 1120 556 Κυρίῳ
1169 483 1458 553 καύχησις,
1509 485 1598 533 καὶ
1641 484 1716 541 τίς
1755 482 1784 539 ἡ
1826 479 1930 533 ἀπ-

2082 485 2143 536 47
2185 483 2325 547 Quae
2359 482 2433 537 sit
2463 480 2735 551 gloriatio
2782 482 2842 538 in
2888 484 3196 555 Domino‘,
3229 489 3287 540 et
3322 500 3458 557 quae
3491 486 3564 542 sit
3611 486 3696 541 in-

411 575 744 645 ηγορευμένη.

341 658 462 732 σμη’
513 661 571 712 Εἰ
621 663 806 734 Κύριος
877 657 1077 713 δίδωσι
1118 664 1320 733 σοφίαν,
1369 664 1458 712 καὶ
1507 658 1607 712 ἀπὸ
1646 666 1930 734 προσώπου

925 755 1014 802 καὶ
1099 753 1323 813 σύνεσις·
1393 755 1482 802 καὶ
1557 749 1599 802 εἰ
1673 746 1765 802 διὰ
1839 757 1930 802 τοῦ

413 749 573 802 αὑτοῦ
656 759 853 822 γνῶσις

416 843 710 912 Ιῐνεύματος
869 843 958 913 μὲν
1026 837 1239 893 δίδοται
1302 839 1452 912 λόγος
1522 845 1728 912 σοφίας,
1793 839 1930 910 ἄλλῳ

409 926 470 981 δί
519 929 672 1002 λόγος
720 935 976 1002 γνώσεως,
1029 938 1136 992 πῶς
1190 928 1395 1001 ἐγκαλεῖ
1434 937 1539 989 τοῖς
1591 931 1851 1002 μαθηταῖς
1904 931 1930 981 6

411 1023 606 1095 Κύριος
669 1022 766 1086 ὅτι,
839 1019 1036 1091 Ἀκμὴν
1109 1025 1198 1072 καὶ
1269 1021 1409 1092 ὑμεῖς
1476 1019 1714 1072 ἀσύνετοί
1789 1018 1926 1071 ἔστε·

411 1114 501 1162 καὶ
543 1109 568 1160 6
600 1107 912 1170 Ἀπόστολος
952 1109 1184 1162 αἰτιᾶταί
1226 1129 1369 1172 τινας
1411 1112 1477 1171 ὡς
1529 1107 1818 1170 ἀσυνέτους.

335 1287 439 1358 σμο
479 1290 542 1338 Τί
585 1283 695 1338 ἐστι
733 1290 792 1339 76
824 1289 988 1358 ὅσιον,
1020 1293 1111 1341 καὶ
1150 1293 1203 1341 τί
1241 1288 1354 1341 ἐστι
1391 1292 1450 1341 76
1483 1285 1710 1343 δίκαιον.

332 1373 404 1426 σν’
444 1381 562 1437 Πῶς
612 1371 815 1428 δίδωσί
853 1395 930 1438 τις
970 1397 1028 1429 το
1087 1378 1234 1450 άγιον
1275 1375 1382 1439 τοῖς
1436 1383 1610 1445 κυσὶν,
1662 1378 1690 1435 ἣ
1749 1375 1928 1449 βάλλει

395 1468 515 1524 τοὺς
562 1470 895 1539 μαργαρίτας
951 1469 1238 1540 ἔμπροσθεν
1299 1475 1398 1519 τῶν
1455 1473 1676 1542 χοίρων·
1736 1467 1765 1525 ἦ
1817 1475 1928 1527 πῶς

401 1552 678 1626 συμϐαίνει
747 1558 803 1606 τὸ
872 1552 1228 1630 ἐπιφερόμενον
1267 1577 1280 1590 ·
1347 1561 1561 1614 Μήποτε
1625 1560 1925 1614 καταπατή-

400 1660 564 1695 σωσιν
617 1642 807 1705 αὐτοὺς
853 1651 963 1707 τοῖς
1019 1649 1176 1698 ποσὶν
1229 1645 1416 1714 αὐτῶν,
1476 1651 1565 1698 καὶ
1621 1649 1928 1718 στραφέντες

396 1731 629 1805 ῥήξωσιν
669 1734 822 1806 ὑμᾶς.

2109 571 2374 626 terdicta.

2039 663 2144 715 248
2185 660 2246 714 Si
2290 659 2578 715 Dominus
2617 658 2720 714 dat
2752 660 3135 732 sapientiam,
3163 666 3220 717 et
3248 679 3283 716 ει
3315 662 3463 718 facie
3508 663 3696 735 ipsius

2111 750 2340 805 oriatur
2371 749 2634 819 cognitio
2665 756 2722 804 et
2750 750 3110 822 prudentia:
3142 751 3283 805 item
3315 752 3364 806 si
3398 768 3503 823 per
3522 752 3694 824 Spiri-

2111 844 2239 895 tum
2273 839 2371 894 alii
2401 839 2578 894 datur
2610 855 2808 894 sermo
2836 840 3162 912 sapientiae,
3199 840 3297 895 alii
3322 856 3466 896 vero
3496 857 3696 896 sermo

2109 929 2710 998 scientiaequomodo
2728 929 3052 1001 exprobrat
3074 930 3362 985 Dominus
3383 930 3694 1002 discipulis

2109 1018 2290 1074 illud:
2334 1019 2552 1072 ΑίίΙιιολσ
2583 1025 2637 1074 et
2661 1035 2760 1075 vos
2797 1021 3356 1089 sineintelligentia
3393 1021 3600 1075 estis":
3640 1025 3698 1075 et

2108 1123 2230 1180 qua
2258 1109 2487 1163 ratione
2531 1107 2851 1180 Apostolus
2899 1107 3200 1180 quosdam
3250 1113 3492 1164 accuset
3534 1108 3699 1165 velut

2108 1197 2546 1270 imprudentes.

2037 1292 2141 1344 249
2184 1287 2336 1353 Quid
2365 1287 2438 1342 sit
2469 1291 2768 1356 sanctum,
2794 1291 2851 1343 et
2879 1288 3027 1360 quid
3068 1289 3412 1359 sitjustum.

2037 1383 2141 1434 250
2183 1377 2502 1443 Quomodo
2533 1377 2633 1433 det
2661 1379 2797 1450 quis
2820 1382 3097 1433 sanctum
3129 1377 3405 1442 canibus,
3439 1383 3543 1434 aut
3569 1393 3698 1449 pro-

2102 1467 2271 1538 jiciat
2336 1466 2694 1536 margaritas
2735 1473 2872 1522 ante
2911 1482 3170 1538 porcos:
3225 1470 3329 1521 aut
3381 1467 3695 1538 quomodo

2106 1557 2417 1625 contingat
2445 1555 2611 1628 quod
2633 1556 2938 1627 sequitur:
2981 1556 3312 1626 Nequando
3343 1557 3696 1611 conculcent
3766 1616 3770 1621 ,

2108 1660 2206 1702 eas
2229 1644 2482 1715 pedibus
2509 1645 2654 1712 suis,
2679 1651 2732 1702 et
2756 1646 3032 1700 conversi
3054 1645 3438 1714 disrumpunt
3459 1660 3558 1700 vos
3577 1645 3619 1698 ³.

327 1819 436 1873 σνα’
492 1827 610 1883 Πῶς
672 1825 797 1875 ποτε
852 1825 941 1896 μὶν
1011 1821 1322 1898 ἀπαγορεύει
1382 1827 1408 1878 6
1467 1829 1657 1899 Κύριος
1726 1823 1928 1899 βαστά-

2082 1830 2131 1881 51
2179 1823 2500 1890 Quomodo
2550 1823 2841 1880 Dominus
2877 1824 3183 1879 interdum
3229 1823 3548 1896 prohibeat
3594 1837 3692 1893 ge-

398 1911 505 1971 ξειν
577 1911 856 1984 βαλάντιον
927 1919 1016 1966 καὶ
1081 1921 1254 1991 πήραν
1328 1917 1398 1977 εἰς
1460 1913 1603 1984 ὁδὸν,
1680 1920 1802 1969 ποτὶ
1869 1912 1928 1968 δὲ

394 1999 550 2072 λέγει·
608 2001 763 2054 Ἀλλὰ
813 2011 900 2054 νῦν
942 2005 967 2055 6
1015 2007 1152 2076 ἔχων
1203 2003 1480 2078 βαλάντιον
1528 2005 1702 2082 ἀράτω
1742 2009 1928 2079 ὁμοίως

397 2095 486 2142 καὶ
531 2096 723 2164 πήραν·
766 2097 857 2144 καὶ
908 2094 934 2144 6
985 2098 1057 2166 μὴ
1101 2097 1237 2166 ἔχων
1285 2095 1580 2154 πωλησάτω
1619 2099 1679 2149 76
1723 2099 1926 2170 ἱμάτιον

402 2181 584 2248 αὑτοῦ,
619 2187 709 2233 καὶ
742 2180 1054 2254 ἀγορασάτῶ
1092 2185 1391 2257 μάχαιραν.

328 2267 442 2342 σνβ’
507 2275 600 2332 Τίς
666 2269 808 2323 ἐστιν
876 2273 902 2323 6
969 2274 1127 2347 ἄρτος
1192 2275 1218 2325 6
1285 2273 1568 2341 ἐπιούσιος,
1639 2275 1691 2327 ὃν
1776 2272 1928 2328 δίδο-

407 2361 531 2413 σθαι
588 2363 714 2435 ἡμῖν
771 2361 887 2414 καθ’
931 2363 1129 2437 ἡμέραν
1171 2367 1569 2438 προσεύχεσθαι
1617 2363 1926 2438 ἐδιδάχθη-

395 2475 505 2530 μεν.

326 2544 436 2618 σνγ’
489 2547 554 2597 Τί
595 2541 708 2595 ἔστι
747 2545 806 2594 τό
838 2540 1105 2610 τάλαντον,
1137 2547 1225 2596 καὶ
1255 2551 1364 2604 πῶς
1403 2543 1530 2597 αὐτό
1561 2542 1925 2598 πολυπλασια-

400 2653 574 2708 σομεν.

327 2721 436 2779 σνδ’
479 2729 544 2777 Τί
593 2722 733 2775 ἐστιν
778 2724 807 2781 ἠ
840 2722 1093 2798 τράπεζα,
1128 2721 1202 2796 ὶςο’
1325 2719 1430 2776 ἔδει
1464 2743 1539 2792 σε,
1574 2728 1735 2796 φησὶν
1766 2725 1792 2776 ὁ
1824 2726 1928 2778 Κύ-

397 2835 527 2892 ριος,
559 2813 734 2888 βαλεῖν
765 2816 824 2865 τὸ
853 2811 1121 2889 ἀργύριον.

335 2912 430 2958 σνς’
480 2912 587 2957 ’Ποῦ
636 2901 871 2956 ἀπελθεῖν
920 2905 1260 2976 προσετάχθη
1307 2905 1332 2956 6
1372 2903 1618 2973 ἀκούσας,
1673 2903 1829 2978 Ἀρον
1869 2907 1926 2957 τὸ

409 2997 516 3061 σὸν,
565 2998 652 3047 καὶ
683 2994 868 3066 ὕπαγε.

338 3082 449 3147 σνς’
499 3089 584 3145 Τίς
643 3082 786 3136 ἐστιν
827 3084 853 3135 6
906 3085 1095 3157 μισθὸς
1153 3083 1206 3136 ὃν
1262 3083 1589 3158 λαμϐάνουσι
1661 3089 1752 3137 καὶ
1782 3085 1927 3137 οὗτοι

402 3175 595 3246 ὁμοίως
624 3180 732 3234 τοῖς
759 3171 1031 3245 ἐσχάτοις.

332 3262 441 3324 σνς’
492 3261 823 3324 Τίνεςτείσὶν
870 3264 1075 3338 ἄχυρον
1129 3271 1538 3339 κατακαιὸμενον
1603 3269 1730 3340 πυρὶ
1778 3262 1929 3318 ἀσϐέ-

404 3371 531 3424 στῳ.

329 3441 442 3501 σνη’
481 3446 574 3503 Τίς
617 3439 756 3494 ἐστιν
808 3442 834 3494 6
886 3441 986 3494 ὑπὸ
1034 3450 1125 3495 τοῦ
1181 3443 1498 3497 ’Λποστόλου
1537 3448 1930 3518 καταγινωσκο-

401 3551 566 3607 μενος,
629 3532 708 3584 ὅτι
785 3531 955 3585 Θέλων
1018 3531 1066 3584 ἐν
1133 3552 1574 3609 ταπεινοφροσυνῃ
1643 3539 1732 3587 καὶ
1799 3535 1931 3609 θρη-

406 3644 577 3698 σκεεᾳ,
608 3627 699 3676 καὶ
736 3625 804 3676 τὰ
842 3622 978 3695 ἑξῆς.

335 3719 442 3770 σνθ’
473 3719 561 3775 Τίς
587 3712 725 3767 ἐστιν
756 3715 781 3765 6
813 3712 938 3774 ζέων
968 3721 1040 3785 τῷ
1071 3717 1346 3789 πνεύματι.

339 3805 414 3870 σξ’
461 3812 565 3860 Τοῦ
613 3803 936 3858 Ἀποστόλου
985 3803 1223 3876 λέγοντος
1270 3809 1392 3859 ποτε
1439 3809 1547 3880 μὲν,
1607 3811 1690 3866 Μὴ
1730 3809 1937 3879 γίνεσθε

409 3898 642 3972 ἄφρονες·
710 3898 834 3948 ποτε
902 3891 980 3962 δὲ,
1062 3899 1148 3954 Μὴ
1226 3898 1432 3968 γίνεσθε
1499 3903 1736 3972 φρόνιμοι
1812 3898 1936 3972 παρ’

411 3987 634 4048 ἑαυτοῖς·
693 3986 736 4038 εἰ
794 3981 1019 4038 δυνατὸν
1065 3989 1137 4059 μὴ
1191 3983 1320 4039 εἶναι
1364 3993 1606 4062 φρόνιμον
1654 3989 1778 4065 παρ’
1819 3989 1938 4042 ἑαυ-

410 4083 481 4148 τῷ
512 4079 598 4129 τὸν
629 4079 699 4148 μὴ
735 4075 952 4148 ἄφρονα.

343 4237 454 4303 σξσί
488 4245 606 4300 Πῶς
637 4237 946 4300 αἰτήσαντες
989 4256 1106 4289 τινα
1134 4242 1224 4290 καὶ
1258 4239 1402 4293 αὐτοὶ
1441 4242 1490 4293 οἱ
1519 4242 1660 4314 άγιοι
1702 4241 1796 4295 οὐκ
1821 4241 1942 4294 ἕλα-

415 4328 502 4382 6ον
532 4331 676 4401 παρὰ
705 4335 795 4380 τοῦ
824 4331 1041 4402 Κυρίου.

347 4417 465 4491 σξβ’
515 4422 610 4478 Τίς
652 4416 792 4469 ἔστιν
845 4419 874 4475 ἡ
930 4413 1161 4489 διαφορὰ
1188 4424 1452 4491 πτωχείας
1495 4426 1586 4473 καὶ
1624 4427 1819 4484 πενίας·
1853 4427 1943 4475 καὶ

420 4515 530 4569 πῶς
587 4505 826 4564 ἀληθεύει
881 4507 906 4558 6
965 4503 1132 4559 Δαϐἱδ
1195 4507 1374 4581 λέγων’
1432 4509 1562 4581 Ἐγὼ
1621 4508 1680 4564 δὲ
1728 4517 1944 4584 πτωχός

419 4597 526 4672 εἰμι
565 4600 656 4649 καὶ
690 4600 861 4657 πένης.

350 4686 461 4760 σξγ’
518 4691 582 4740 Τί
631 4685 876 4760 βούλεται
930 4683 1153 4751 διδάξαι
1205 4689 1231 4741 6
1286 4691 1476 4765 Κύριος
1525 4685 1618 4743 διὰ
1658 4699 1760 4744 τῶν
1814 4693 1948 4744 ὑπο-

423 4773 742 4849 ὃειγμάτων,
811 4777 884 4837 οἷς
944 4776 1171 4852 ἐπιφέρει
1235 4782 1312 4846 τὸ,
1385 4780 1559 4841 Οὕτως
1616 4781 1703 4833 οὖν
1751 4787 1849 4842 πᾶς
1901 4779 1953 4844 ἐξ

423 4867 584 4940 ὑμῶν,
655 4866 712 4927 6;
786 4867 880 4919 οὐκ
956 4865 1316 4922 ἀποτάσσεται
1376 4875 1511 4922 πᾶσι
1585 4879 1693 4934 τοῖς
1769 4871 1952 4924 ἑαυτοῦ

423 4957 784 5029 ὑπάρχουσιν,
827 4956 887 5008 οὗ
920 4953 1144 5011 δύναταί
1181 4978 1282 5032 μου
1323 4956 1454 5012 εἶναι
1482 4962 1738 5034 μαθητής.

357 5044 470 5111 σξόν
499 5051 568 5100 T6
602 5045 869 5122 εἰλικρινὲς
897 5054 949 5100 τί
981 5048 1142 5105 ἐστιν.

360 5136 459 5200 σξε’
513 5137 573 5191 Ei
627 5140 758 5210 πρὸς
809 5142 998 5210 μόνους
1054 5144 1170 5202 τοὺς
1227 5143 1380 5215 ἱερεῖς
1433 5145 1636 5217 εῖρηται
1704 5147 1782 5211 τὸ,
1845 5144 1958 5198 Ἐὰν

425 5231 734 5303 προσφέρῃς
793 5232 850 5280 τό
911 5224 1078 5304 δῶρόν
1139 5250 1234 5283 σου
1301 5232 1385 5284 ἐπὶ
1445 5236 1502 5285 76
1560 5235 1960 5307 θυσιαστήριον,

427 5323 517 5370 καὶ
556 5320 624 5371 τὰ
663 5317 795 5380 ἑξῆς.

436 5536 456 5570 ⁶
510 5536 557 5592 ll
605 5537 737 5594 Cor.
780 5553 832 5610 χ,
866 5540 962 5610 17.
1041 5538 1059 5571 τ
1115 5537 1317 5595 Matth.
1365 5544 1587 5610 xv,.l6.

361 5619 452 5684 ιιι,
510 5609 600 5684 12.
648 5610 728 5684 ἰε
781 5607 1009 5665 Coloss.
1053 5625 1112 5680 ιι,
1165 5615 1250 5666 18.
1334 5611 1378 5646 ⁸⁸
1415 5607 1592 5684 Rom.
1648 5625 1743 5684 XII,
1797 5617 1876 5669 11.

374 5681 463 5737 18.
543 5679 584 5714 ¹⁷
647 5680 788 5738 Luc.
834 5695 954 5749 11v,
1015 5684 1102 5738 33.
1183 5683 1227 5718 ¹³
1275 5682 1474 5740 Matth.
1519 5700 1580 5750 ν,
1637 5689 1730 5744 23.

1669 5541 1690 5576 ³
1741 5538 1941 5598 Matth.
1983 5554 2081 5598 vn.
2123 5543 2175 5594 6.

1956 5585 2264 5685 ‘i-llipvh'es.
2314 5585 2512 5677 6",“1'7:

2110 1921 2266 1972 stare
2298 1914 2607 1970 sacculum
2639 1920 2696 1968 et
2726 1930 2934 1986 peram
2964 1916 3024 1969 in
3056 1915 3171 1982 via,
3208 1914 3514 1969 interdum
3555 1929 3694 1969 vero

2107 2005 2296 2060 dicat-
2324 2005 2443 2060 Sed
2472 2020 2632 2059 nunc
2653 2005 2761 2075 qui
2776 2005 3086 2060 sacculum
3115 2005 3314 2072 habet,
3340 2005 3510 2060 tollat
3533 2005 3692 2058 simi-

2109 2091 2250 2146 liter
2274 2095 2328 2146 et
2353 2105 2584 2158 peram.
2614 2091 2694 2144 Et
2720 2092 2824 2160 qui
2847 2105 2966 2144 non
2996 2089 3193 2153 habet,
3227 2089 3448 2145 vendat
3478 2094 3694 2144 vestem

2105 2195 2299 2248 suam,
2332 2184 2386 2235 et
2413 2184 2570 2234 emat
2599 2179 2929 2248 gladium”.

2034 2274 2138 2325 252
2177 2271 2322 2334 Quis
2344 2269 2422 2322 sit
2444 2267 2618 2339 panis
2636 2267 3052 2338 quotidianus,
3077 2267 3253 2337 cujus
3272 2266 3694 2338 quotidianam

2102 2357 2486 2429 largitionem
2510 2371 2726 2426 rogare
2751 2355 2947 2412 edocti
2976 2372 3210 2411 sumus.
3507 2378 3518 2386 -

2033 2543 2136 2596 253
2179 2537 2329 2605 Quid
2364 2537 2438 2593 sit
2469 2535 2783 2605 talentum,
2815 2542 2872 2594 et
2901 2537 3214 2610 quomodo
3245 2537 3389 2594 illud
3413 2537 3696 2610 multipli-

2105 2629 2402 2686 cabimus.

2033 2723 2138 2776 254
2179 2720 2334 2786 Quid
2381 2719 2454 2775 sit
2502 2735 2736 2789 mensa,
2785 2719 2845 2774 in
2891 2735 3077 2792 quam
3125 2719 3446 2792 oportebat
3494 2724 3571 2787 te,
3602 2718 3692 2775 in-

2105 2809 2235 2883 quit
2267 2809 2576 2876 Dominus,
2603 2808 2836 2864 mittere
2861 2809 3205 2880 pecuniam.

2035 2905 2137 2956 255
2181 2901 2309 2964 Quo
2343 2898 2507 2954 abire
2530 2899 2738 2970 jussus
2782 2903 2869 2953 est
2909 2899 3014 2970 qui
3043 2898 3290 2966 audivit,
3319 2901 3483 2956 Tolle
3513 2898 3623 2971 41
3643 2901 3685 2970 1

2106 2989 2268 3060 quod
2297 2994 2468 3043 tuum
2491 2992 2598 3055 est,
2627 3002 2680 3043 et
2704 2987 2856 3044 vade
2877 2988 2944 3042 ίο.

2032 3077 2138 3133 256
2179 3078 2470 3142 Quasnam
2503 3075 2577 3130 sit
2623 3091 2854 3131 merces
2900 3091 3091 3148 quam
3141 3076 3204 3132 hi
3246 3077 3472 3149 pariter
3509 3081 3692 3150 atque

2109 3165 2301 3222 ultimi
2333 3164 2653 3236 accipiunt.

2036 3259 2139 3312 257
2185 3253 2447 3321 Quinam
2520 3253 2639 3309 sint
2687 3252 2864 3326 palea
2931 3268 3067 3326 quee
3133 3252 3506 3310 comburitur
3560 3254 3697 3324 igne

2107 3344 2466 3402 inexstincto
2490 3346 2554 3400 ¹¹.

2039 3439 2145 3492 258
2187 3435 2480 3501 Quisnam
2505 3436 2576 3489 sit
2597 3434 2703 3507 qui
2730 3434 3173 3490 condemnatur
3195 3433 3275 3490 ab
3299 3433 3584 3507 Apostolo
3605 3433 3700 3489 his

2114 3523 2343 3580 verbis:
2383 3523 2597 3579 Valens
2635 3525 2696 3580 in
2733 3524 3074 3580 humilitate
3095 3530 3147 3580 et
3179 3523 3474 3593 religione
3497 3525 3561 3591 ¹²,
3585 3526 3698 3579 etc.

2044 3709 2147 3762 259
2190 3705 2482 3770 Quisnam
2510 3701 2583 3758 sit
2613 3703 2849 3758 fervens
2877 3702 3091 3776 spiritu
3116 3704 3182 3755 ’³.

2043 3798 2150 3851 260
2190 3797 2338 3851 Cum
2355 3791 2675 3864 Apostolus
2695 3807 2857 3848 nunc
2870 3791 3120 3864 quidem
3137 3792 3326 3848 dicat:
3345 3792 3550 3849 Nolite
3569 3791 3708 3861 ﬁeri

2116 3883 2526 3954 imprudentes
2545 3883 2586 3917 ¹⁵
2606 3900 2618 3938 :
2640 3899 2802 3937 nunc
2824 3899 2986 3948 vero,
3012 3883 3211 3939 Nolite
3230 3883 3558 3952 prudentes
3585 3897 3707 3938 esse

2119 3974 2286 4045 apud
2316 3974 2777 4044 vosmetipsos",
2813 3990 2890 4029 an
2921 3973 3051 4028 ﬁeri
3081 3974 3294 4045 possit,
3334 3978 3399 4028 ut
3424 3972 3590 4044 apud
3620 3987 3707 4028 se-

2119 4065 2450 4135 metipsum
2487 4061 2756 4134 prudens
2805 4078 2926 4118 non
2977 4061 3050 4118 sit
3101 4062 3151 4118 is
3195 4062 3300 4135 qui
3347 4060 3708 4134 imprudens

2122 4169 2246 4210 non
2279 4158 2384 4210 est.

2051 4249 2151 4302 261
2196 4243 2604 4311 Quamobrem
2628 4241 2739 4313 ipsi
2760 4242 2942 4299 etiam
2961 4243 3154 4299 sancti
3177 4243 3411 4316 aliquas
3439 4258 3534 4298 res
3555 4256 3712 4314 quas

2122 4335 2409 4408 petivere,
2447 4350 2567 4390 non
2600 4334 2978 4406 impetrarim.
3015 4350 3050 4390 a
3081 4333 3354 4390 Domino.

2054 4430 2159 4480 262
2200 4423 2356 4490 Quid
2384 4424 2613 4480 intersit
2649 4423 2802 4480 inter
2831 4424 3281 4481 mendicitatem
3314 4429 3370 4480 et
3399 4426 3714 4496 pauperta-

2128 4518 2250 4569 tem
2278 4530 2290 4568 :
2325 4518 2380 4569 et
2410 4513 2720 4587 quomodo
2753 4530 2960 4569 verum
2993 4513 3156 4569 dicat
3185 4513 3544 4577 David,cum
3594 4511 3713 4566 ait:

2131 4604 2261 4674 Ego
2291 4607 2488 4660 autem
2511 4604 2822 4661 mendicus
2842 4619 2972 4660 sum
3006 4609 3058 4658 et
3086 4617 3323 4672 pauper
3344 4603 3411 4655 η.

2060 4698 2164 4750 263
2207 4693 2363 4760 Quid
2388 4693 2514 4749 vult
2542 4693 2756 4749 docere
2791 4693 3079 4748 Dominus
3111 4707 3215 4763 per
3245 4690 3547 4762 exempla,
3585 4687 3718 4761 qui-

2134 4784 2250 4840 bus
2277 4783 2410 4854 subj
2423 4783 2590 4854 ungit
2621 4783 2760 4838 illud
2789 4802 2798 4834 :
2825 4782 2922 4838 Sic
2953 4797 3093 4852 ergo
3121 4781 3312 4836 omnis
3333 4796 3408 4839 ea:
3434 4779 3595 4836 vobis
3619 4776 3724 4848 qui

2137 4890 2261 4929 non
2294 4873 2609 4930 renuntiat
2656 4871 2931 4928 omnibus
2983 4867 3149 4926 bonis
3181 4870 3325 4937 suis,
3382 4885 3502 4924 non
3533 4871 3724 4936 potest

2140 4978 2306 5020 meus
2338 4977 2459 5020 esse
2497 4962 2834 5032 discipulus
2861 4963 2926 5015 ιτ.

2069 5057 2173 5111 264
2215 5052 2370 5120 Quid
2402 5053 2476 5109 sit
2505 5053 2836 5109 sinceritas.

2072 5149 2176 5202 265
2217 5148 2306 5200 An
2335 5143 2416 5200 ad
2442 5142 2604 5200 solos
2653 5142 2998 5199 sacerdotes
3049 5141 3277 5198 dictum
3311 5140 3413 5195 sit:
3447 5140 3516 5196 Si
3551 5140 3728 5209 o/fers

2149 5250 2368 5290 munus
2402 5239 2568 5290 tuum
2597 5233 2678 5290 ad
2706 5234 2906 5290 altare
2929 5235 2998 5299 ³⁸,
3025 5237 3082 5287 et
3110 5231 3364 5303 reliqua.

2841 5537 2886 5570 ¹⁰
2918 5533 3116 5592 Matth.
3159 5550 3259 5590 xx.
3308 5534 3394 5590 14.
3448 5534 3486 5567 ¹¹
3540 5531 3739 5589 Matth.

3219 5609 3264 5642 ”
3313 5603 3462 5661 Psal.
3507 5615 3742 5672 xxxvm,

2254 5539 2274 5572 ³
2320 5537 2455 5593 Luc.
2497 5551 2627 5595 xxn.
2671 5539 2758 5591 36.

2594 5610 2637 5642 τε
2685 5610 2853 5662 nom.
2903 5624 2994 5676 xu,
3056 5610 3140 5662 16.
