4114 6398
333 312 459 365 ΙΟῙῙ
1354 303 1783 359 REGULARUM
1820 302 2217 357 BHEVIOIKL’M
2268 303 2626 355 CAI’i'l‘L‘LA.
3562 303 3698 356 1078

334 449 440 488 σπη
510 437 552 482 0
603 430 755 483 θέλων
790 429 1274 503 ἐξομολογήσασθαι
1322 430 1414 488 τὰς
1457 426 1715 499 ἁμαρτιας
1755 423 1934 486 αὑτοῦ,

2073 427 2154 477 :88
2190 424 2296 488 Qui
2331 424 2453 479 vult
2485 426 2751 480 confiteri
2785 430 3029 497 peccata
3072 441 3204 495 sua,
3238 442 3384 480 num
3414 424 3698 481 omnibus

407 519 454 571 εἰ
479 526 641 572 πᾶσιν
685 519 1108 592 ἐξομολογεῖσθαι
1138 517 1322 590 ὀφείλει
1351 520 1440 567 καὶ
1469 522 1572 574 τοῖς
1597 520 1876 585 τυχοῦσιν,
1902 513 1931 571 ἣ

1902 513 1931 571 ἢ
2123 519 2179 569 et
2201 513 2570 585 quibuslibet
2598 515 2779 571 debet
2808 516 3100 586 conﬁteri,
3133 520 3235 571 aut
3263 516 3507 587 quibus.

387 613 545 664 τίσιν.

339 697 457 750 σπθ’
504 698 563 752 Ὀ
582 701 911 771 μετανοήσας
946 694 1029 749 ini
1060 712 1417 770 αμαρτηματι,
1446 697 1537 747 καὶ.
1581 692 1735 747 πάλιν
1778 691 1849 752 εἰς
1877 694 1938 744 τό

2075 696 2157 750 ῑ89
2186 694 2376 758 Quem
2403 692 2682 765 paenituit
2703 695 3017 767 peccati,et
3043 710 3255 750 rursus
3279 693 3342 749 in
3365 694 3527 751 idem
3556 709 3700 767 pec-

408 787 535 840 αὐτὸ
567 787 805 861 ἐμπεσὼν
826 787 1130 862 ἁμάρτημα,
1161 789 1213 837 τί
1232 789 1463 843 ποιήσει.

1376 802 1463 838 εει.
2119 789 2322 838 catum
2351 782 2594 851 labitur,
2625 782 2776 856 quid
2803 783 3001 842 faciet.

348 861 428 937 σθ’
462 884 580 940 Πῶς
609 879 905 951 περισσεύει
933 895 1007 936 τις
1036 877 1084 928 ἄν
1114 881 1185 945 τῷ
1206 873 1339 950 ἔργῳ
1373 877 1563 948 Κυρίου
1589 872 1826 926 πάντοτε.

2084 872 2150 927 90
2184 870 2499 938 Quomodo
2520 871 2657 944 quis
2678 888 2915 947 semper
2936 872 3130 944 magis
3152 888 3222 930 ac
3246 871 3440 942 magis
3466 871 3703 945 proﬁcit

2117 961 2178 1021 in
2209 976 2390 1034 opere
2422 961 2673 1018 Domini.

335 1039 451 1116 σίνέ
480 1060 570 1118 Τίς
619 1054 756 1107 ἐστιν
804 1053 828 1104 ό
883 1056 1308 1128 συντετριμμένος
1354 1050 1607 1124 κάλαμος,
1630 1050 1658 1108 ἣ
1688 1049 1746 1105 τὸ
1774 1051 1937 1123 τυφό-

2072 1057 2143 1113 ι91
2184 1033 2331 1123 Qute
2357 1052 2431 1113 sit
2457 1051 2694 1115 arundo
2720 1052 2992 1125 contrita,
3019 1057 3123 1109 aut
3141 1052 3443 1122 fumigans
3466 1050 3660 1107 linum
3685 1066 3697 1102 :

410 1162 557 1217 μενον
599 1142 752 1195 λίνον⁸
785 1145 875 1194 καὶ
899 1149 1010 1203 πῶς
1051 1160 1130 1204 τις
1176 1144 1235 1194 τό
1274 1143 1365 1214 μὲν
1395 1138 1453 1193 οὐ
1484 1136 1739 1205 κατεάξει,
1773 1140 1830 1190 τὸ
1880 1133 1939 1193 δέ

2119 1147 2176 1200 et
2202 1142 2514 1216 quomodo
2539 1144 2676 1216 quis
2699 1143 2864 1201 illam
2884 1160 3009 1201 non
3039 1144 3395 1215 confringet,
3416 1142 3533 1199 hoc
3562 1157 3701 1198 vero

402 1232 460 1284 οὐ
489 1230 777 1286 σϐέννυσιν.
2118 1249 2238 1288 non
2273 1233 2661 1304 extinguet".

343 1304 472 1394 σ5β’
500 1320 565 1374 Ei
582 1326 691 1397 χρή
726 1317 1091 1395 ὶνὰδελφὸτητι
1108 1316 1330 1375 παιδίων
1351 1317 1613 1392 βιωτικῶν
1638 1314 1763 1372 εἶναι
1785 1313 1841 1370 ιδ
1844 1317 1939 1369 άσ-

2075 1326 2151 1379 .92
2170 1327 2260 1379 An
2300 1322 2623 1381 conveniat
2649 1323 2711 1381 in
2743 1321 2996 1383 fratrum
3022 1327 3319 1381 conventu
3370 1337 3700 1397 puerorum

393 1409 566 1466 καλον,
2118 1411 2338 1469 saeculo
2369 1412 2750 1471 addictorum
2780 1412 3145 1485 magistrum
3175 1427 3330 1469 esse.

324 1483 443 1572 057'
500 1507 619 1562 Πῶς
694 1496 777 1557 δεῖ
840 1501 1231 1574 προσφέρεσθαι
1277 1504 1385 1560 τοῖς
1440 1500 1505 1551 τὰ
1577 1498 1793 1571 μείζονα
1836 1503 1936 1549 τῶν

2077 1505 2148 1559 93
2180 1501 2497 1569 Quomodo
2528 1520 2666 1563 cum
2713 1502 2783 1560 iis
2814 1483 3126 1573 agendum
3172 1502 3263 1573 sit,
3298 1500 3402 1577 qui
3432 1500 3702 1559 devitant

403 1588 793 1663 ἁμαρτημάτων
850 1590 1298 1664 παραιτουμένοις,
1343 1589 1409 1644 τὰ
1448 1582 1509 1640 δέ
1562 1589 1728 1660 μικρὰ
1784 1581 1854 1641 αδ
1861 1604 1938 1641 ια-

2117 1591 2401 1663 graviora
2421 1598 2691 1667 peccata,
2720 1592 2876 1653 levia.
2902 1608 3040 1649 vero
3071 1595 3315 1665 patrant
3344 1589 3701 1649 indiscrimi-

395 1683 566 1751 φόρως
596 1685 857 1735 ποιοῦσιν·

702 1685 857 1735 εὗσεν·
2110 1681 2327 1743 ηδιίω,

335 1750 572 1828 σΒδίἙκ
600 1773 751 1828 ποίας
789 1766 953 1829 αἰτίας
983 1765 1222 1823 ἐκπίπτει
1263 1786 1339 1828 τις
1367 1775 1462 1831 τῆς
1492 1761 1766 1829 διηνεκους
1807 1768 1936 1837 ρ.νὴ-

2079 1777 2146 1831 9i
2174 1774 2304 1841 Qua
2330 1772 2405 1828 de
2436 1790 2622 1832 causa
2651 1789 2776 1830 non
2800 1776 2995 1833 servet
3013 1771 3231 1847 aliquis
3262 1770 3576 1833 assiduam
3598 1768 3702 1831 Dei

391 1875 493 1930 μης
520 1864 612 1913 τοῦ
645 1864 798 1913 Θεοῦ.

2108 1861 2494 1925 memoriam.

342 1931 448 2009 σιὶί
469 1946 554 2002 Ἐκ
573 1951 735 2000 ποίων
768 1951 998 2021 σημείων
1027 1946 1337 2022 γνωρίζεται
1365 1945 1389 1997 ὁ
1414 1948 1695 2020 μετέωρος.

2080 1957 2148 2010 95
2175 1951 2403 2018 Quibus
2431 1951 2616 2029 signis
2645 1956 3048 2025 cognoscatur
3078 1950 3187 2027 qui
3213 1967 3338 2011 non
3359 1955 3447 2010 est
3474 1954 3700 2010 attento

2113 2059 2339 2101 ammo.

326 2110 446 2193 ἧς’
477 2133 591 2189 Πῶς
649 2124 1021 2203 πληροφορηθῇ
1072 2125 1251 2199 ψυχὴ,
1312 2127 1391 2180 ότι
1418 2134 1517 2179 τῶν
1544 2123 1933 2198 ἁμαρτημάτων

2079 2136 2145 2189 96
2168 2131 2486 2201 Quomodo
2512 2131 2753 2191 animus
2777 2130 3004 2193 habeat
3026 2146 3387 2207 persuasum
3410 2147 3472 2189 se
3502 2147 3538 2188 a
3566 2146 3703 2206 pec-

395 2217 692 2291 καθαρεύει.

2112 2222 2262 2281 catis
2291 2237 2513 2293 purum
2544 2238 2695 2281 esse.

334 2290 450 2386 σβζ
492 2313 612 2368 Πῶς
642 2302 743 2359 ἀπὸ
770 2311 869 2358 τῶν
896 2303 1281 2380 ἁμαρτημάτων
1311 2301 1633 2380 ἐπιστρέφειν
1662 2304 1798 2378 χρή.

2040 2313 2141 2367 297
2176 2290 2493 2376 Quomodo
2519 2326 2555 2366 a
2584 2309 2848 2384 peccatis
2878 2310 3145 2369 converti
3169 2314 3467 2386 oporteat.

336 2380 455 2457 σθῆ
484 2395 548 2451 Εἰ
577 2396 645 2449 τὰ
686 2393 821 2449 καλὰ
849 2413 958 2469 κατ.
1011 2389 1152 2449 ἰδίαν
1195 2391 1466 2471 ἀρέσκειαν
1512 2400 1676 2449 ποιεῖν
1707 2392 1733 2444 ό
1788 2389 1935 2465 λόγος

2078 2404 2145 2457 98
2171 2404 2260 2457 An
2316 2380 2624 2477 Scriptura
2668 2399 2977 2474 permittat
3028 2380 3445 2463 bona’facere
3477 2396 3556 2457 ad
3584 2395 3702 2459 sibi

403 2505 695 2564 συγχωρει.

2112 2489 2226 2563 ipsi
2254 2488 2643 2564 placendum.

331 2561 449 2638 ὥθ’
478 2561 606 2639 Πωςν
632 2574 1009 2652 πληροφυρηθῇ
1054 2573 1210 2649 ψυχὴ
1258 2571 1552 2634 ἀποστῆναι
1581 2581 1677 2634 τῆς
1705 2566 1933 2646 φιλωδο-

2079 2561 2499 2646 990001110ᾶο
2529 2578 2646 2638 sibi
2684 2576 3075 2653 persuadebit
3128 2577 3392 2647 animus,
3424 2594 3486 2639 se
3515 2592 3553 2635 a
3580 2575 3703 2651 glo-

394 2666 526 2733 ειοις·

2112 2668 2216 2727 riae
2250 2669 2449 2729 studio
2476 2667 2739 2729 alienum
2770 2686 2921 2728 esse.

324 2755 364 2811 τ’
393 2760 486 2818 Τίς
535 2757 560 2813 ὁ
628 2758 821 2831 τρόπος
872 2761 969 2816 τῆς
1012 2750 1350 2830 ἄπιστροφῆς,
1406 2752 1488 2807 ὃτι
1543 2772 1661 2827 περι
1708 2750 1932 2829 ἀοράτου

2078 2764 2147 2817 00
2178 2760 2316 2829 Quis
2348 2759 2568 2819 modus
2601 2760 3035 2829 conversionis,
3068 2776 3210 2823 cum
3245 2759 3320 2816 de
3368 2775 3435 2816 re
3462 2757 3576 2817 sub
3602 2772 3701 2815 as-

398 2843 537 2900 ίστίν
560 2846 586 2898 ό
613 2843 782 2918 λόγος.

2040 2839 2045 2843 ’
2114 2856 2357 2927 pectum
2388 2868 2513 2909 non
2543 2852 2797 2912 cadente
2824 2851 2893 2911 ﬁt
2922 2868 3143 2911 sermo.

330 2932 405 2991 τα’
436 2937 537 2993 Εόιν
585 2931 644 2990 δι
673 2934 815 3011 εἶπῃ,
862 2935 945 2989 ὃτι
986 2953 1044 2989 ου
1092 2936 1473 3008 καταγινώσκει
1509 2951 1610 3005 μου
1658 2934 1717 2987 τό
1759 2934 1935 2987 συνεὶ-

2080 2944 2142 2998 01
2169 2941 2343 3005 Quod
2368 2941 2419 3001 si
2448 2940 2611 2999 dicat
2657 2942 2796 3016 quis
2824 2958 2838 3005 ;
2865 2945 2998 3000 Non
3041 2958 3181 3001 mea
3208 2957 3306 3001 me
3339 2939 3705 3001 condemnat

403 3019 515 3087 δός.

2117 3030 2506 3091 conscientia.

332 3111 417 3188 τβ’
444 3113 507 3167 Ei
534 3118 645 3189 χρὴ
688 3112 789 3169 ἀπὸ
819 3121 917 3179 τῆς
989 3113 1289 3188 οἰκονομίας
1320 3108 1533 3169 διδόναι
1575 3116 1680 3172 τοῖς
1733 3104 1929 3163 ἑνδεέσι

2083 3122 2154 3177 O2
2180 3123 2274 3177 An
2324 3135 2397 3177 ex
2427 3118 2574 3179 cella
2602 3119 2855 3192 penaria
2909 3118 3288 3194 erogandum
3328 3120 3403 3178 sit
3446 3116 3705 3179 externis

394 3212 495 3258 τῶν
524 3203 727 3269 ἶξωθεν.
1981 3203 2010 3206 ἡ

1981 3203 2010 3206 ﬁ
2113 3208 2425 3283 inopibus.

323 3290 403 3365 τίν’
441 3294 504 3351 Εἰ
554 3299 665 3367 χρή
716 3300 823 3356 τοῖς
867 3296 1014 3370 παρὰ
1067 3295 1272 3373 πάντων
1318 3292 1613 3367 λεγνμένοις
1654 3290 1934 3347 ὑπακούειν

2080 3302 2147 3357 03
2180 3304 2270 3356 An
2299 3298 2360 3357 in
2391 3297 2657 3356 fraterna
2677 3298 3111 3356 communitate
3134 3297 3206 3355 iis
3231 3313 3369 3372 quas
3398 3313 3435 3356 a
3454 3294 3704 3371 quibus-

405 3380 456 3435 ἐν
491 3377 825 3454 ἀδελφότητι.

2116 3388 2206 3447 vis
2235 3387 2539 3459 dicuntur,
2567 3386 2983 3447 obediendum
3011 3387 3109 3445 sit.

324 3467 410 3531 τδ’
437 3472 502 3527 Ei
525 3470 653 3548 ὐπὶρ
697 3491 798 3527 των
843 3467 1282 3547 παραδεδομένων
1317 3478 1380 3547 τῇ
1431 3467 1745 3544 ἀδελφότητι
1792 3467 1937 3543 παρὰ

2082 3474 2152 3530 04
2178 3475 2385 3531 Utrum
2419 3489 2526 3543 pro
2554 3472 2627 3530 iis
2676 3473 2782 3548 qui
2814 3472 3098 3535 fratribus
3151 3473 3312 3531 fuere
3341 3471 3550 3543 oblati,
3602 3471 3704 3529 ali-

401 3569 503 3617 τῶν
576 3561 776 3619 οἰκείων
849 3561 1091 3616 θελόντων
1163 3557 1377 3619 διδόναι
1438 3579 1493 3613 τι
1560 3562 1670 3634 χρὴ
1746 3553 1937 3631 δέχεσ-

2114 3560 2263 3637 quid
2320 3562 2592 3639 accipere
2623 3567 2901 3637 oporteat
2955 3562 3036 3620 ab
3084 3580 3294 3623 eorum
3326 3561 3702 3637 parentibus,

402 3652 515 3713 θαι,
2118 3651 2167 3708 si
2197 3650 2342 3709 dare
2364 3650 2593 3725 aliquid
2624 3651 2938 3711 voluerint.

330 3740 394 3795 τε’
446 3742 507 3796 Εἰ
556 3738 640 3796 δεῖ
695 3741 972 3816 λαμϐάνειν
1024 3743 1168 3816 παρά
1215 3749 1315 3794 τῶν
1367 3739 1569 3806 ἔξωθεν,
1634 3739 1751 3798 ἦτοι
1802 3738 1939 3791 κατὰ

2080 3740 2152 3796 05
2176 3750 2264 3797 An
2292 3741 2371 3799 ab
2415 3742 2676 3801 externis
2707 3742 3029 3803 conveniat
3056 3742 3347 3816 accipere,
3401 3740 3527 3799 sive
3558 3739 3705 3799 ami-

409 3835 571 3907 χάριν
608 3832 798 3906 γιλὶας,
831 3834 861 3894 ἦ
894 3831 1408 3908 προκατειλημμένης
1440 3833 1757 3902 συγγενείας.

2120 3829 2294 3904 citiaa,
2324 3831 2449 3888 sive
2471 3829 2687 3904 prioris
2712 3830 3178 3905 propinquitatis
3204 3830 3416 3903 gratia.

333 4025 417 4094 ἰς’
471 4028 619 4085 Μετᾶ
666 4050 821 4085 ποιου
868 4033 1071 4105 τρόπον
1111 4032 1171 4084 τό
1219 4027 1598 4104 ἆμετεώριστον
1647 4025 1941 4099 κατορθοῦ-

2054 4011 2232 4086 413
2265 4013 2368 4068 305
2401 4013 2532 4080 Qua
2558 4012 2792 4075 ratione
2818 4011 3040 4072 vitatur
3070 4011 3289 4070 mentis
3310 4010 3632 4069 aberratio.

401 4139 509 4177 ται.

340 4208 418 4271 ri,”
447 4210 510 4263 Ei
546 4214 656 4284 χρὴ
711 4208 765 4274 ἐξ
812 4207 1094 4284 ίφημεριας
1118 4206 1455 4281 ἀπάρχεσται
1483 4215 1579 4270 τῆς
1629 4201 1943 4280 ψαλμῳδιας

2088 4199 2155 4253 07
2187 4199 2279 4253 An
2331 4194 2578 4252 alternis
2605 4193 2838 4251 vicibus
2885 4193 3300 4268 incipiendum
3352 4192 3429 4251 sit
3455 4193 3709 4268 psallere

407 4300 438 4359 ἢ
458 4306 553 4362 τῆς
577 4307 905 4373 προσευχῆς.

893 4341 905 4354 ,
2122 4290 2227 4342 aut
2262 4285 2518 4358 precari.

338 4386 418 4447 rn'
457 4388 520 4441 Ei
576 4371 685 4463 χρὴ
716 4391 803 4441 τόν
829 4383 1052 4441 διδόντα
1093 4405 1148 4440 τι
1176 4384 1225 4439 ἓν
1253 4382 1567 4458 ἀδελφότητι
1612 4384 1937 4458 ἁμείϐεσταν

2089 4379 2158 4433 08
2188 4379 2278 4431 An
2303 4373 2592 4431 fratribus
2621 4373 2851 4447 aliquid
2878 4372 3067 4442 danti,
3089 4372 3354 4431 vicissim
3380 4371 3710 4463 retribuere

407 4480 498 4530 καὶ
541 4476 589 4575 εἰ
637 4476 753 4530 κατ’
774 4476 1051 4550 ἀναλογίαν
1099 4483 1194 4532 τοῦ
1250 4472 1479 4559 δόματος
1523 4479 1789 4530 ποιεῖσθαι
1843 4482 1940 4538 τὴν
1968 4518 2017 4575 D

2125 4468 2439 4538 oporteat;
2471 4470 2531 4521 et
2559 4465 2610 4520 si
2660 4464 2946 4522 convenit
2991 4478 3106 4537 pro
3158 4463 3390 4520 ratione
3438 4463 3525 4519 rei
3552 4462 3710 4520 datin

410 4562 703 4624 ἀντίδοσιν.
1320 4554 1321 4559 η
1968 4554 2017 4575 υ

1320 4554 1321 4559 “
1968 4554 2017 4575 ν
2123 4554 2456 4628 rependere
2486 4554 2672 4612 vices.

338 4656 414 4712 τθ¹
454 4658 517 4712 Εἰ
571 4667 671 4712 τῶν
731 4664 963 4718 eumier
988 4664 1080 4719 καὶ
1132 4662 1266 4719 κατὰ
1315 4663 1470 4734 φύσιν
1493 4664 1771 4734 γινομένων
1817 4663 1941 4731 τινὶ,

2082 4645 2161 4703 ίο9
2201 4645 2259 4703 Si
2284 4646 2594 4713 consueta,
2627 4647 2845 4718 etquae
2872 4641 3209 4700 secundum
3235 4646 3518 4700 naturam
3549 4645 3707 4713 sunt,

410 4753 520 4827 χρὴ
547 4748 740 4824 τολμᾷν
773 4752 845 4814 εὶς
874 4770 1144 4811 κοινωνιαν
1181 4760 1280 4806 τῶν
1301 4730 1460 4824 όιγίων
1488 4730 1870 4828 παρέρχεσθαι.

2127 4734 2395 4808 cuipiam
2428 4734 2807 4806 contingant,
2858 4748 2937 4789 an
2964 4732 3187 4788 audere
3213 4731 3433 4793 debeat
3460 4730 3540 4787 ad
3570 4746 3710 4788 san-

2129 4829 2367 4882 ctorum
2391 4824 2887 4882 communionem
2916 4821 3223 4880 accedere.

2056 4919 2161 4974 310
2194 4915 2481 4989 Nunquid
2510 4916 2572 4972 in
2620 4913 2934 4972 communi
2963 4912 3150 4970 domo
3202 4910 3580 4969 Dominicam
3606 4927 3717 4968 cre-

2127 5022 2273 5064 nam
2303 5005 2624 5063 conveniat
2643 5004 2958 5061 celebrari.

343 5107 443 5162 τια¹
470 5108 531 5163 Εἰ
560 5115 669 5184 χρὴ
718 5109 786 5171 εἰς
832 5108 1108 5184 ἐπίσκεψιν
1161 5109 1508 5185 ἀπέρχεσται,
1558 5108 1946 5171 ίπιζητούντωυ

2089 5102 2161 5156 11
2198 5099 2407 5156 Utrum
2438 5113 2578 5154 cum
2610 5094 2799 5170 aliqui
2826 5096 3064 5168 rogant,
3093 5109 3199 5150 eos
3245 5091 3503 5150 invisere
3533 5107 3714 5166 Opor-

340 4944 404 5000 τι’
431 4946 493 5002 Ei
516 4951 627 5023 χρή
664 4952 736 5011 εἰς
761 4951 931 5003 κοινόν
956 4944 1095 5002 οἶκον
1125 4942 1488 5024 προσκομιδὴ
1508 4938 1766 5021 γίνεσθαι.

413 5206 585 5254 τινῶν.

2127 5194 2266 5249 teat.

344 5242 450 5366 ruﬁ"
494 5242 585 5344 El"
610 5292 722 5364 χρὴ
771 5291 894 5352 τοὺς
945 5287 1412 5364 ἄπισκεπτομένους
1450 5286 1665 5350 λοιῑκοὺς
1726 5290 1948 5360 προτρά-

2333 5279 2474 5337 laici
2501 5279 2609 5354 qui
2637 5294 2754 5336 nos
2779 5276 3051 5335 invisum
3096 5273 3466 5335 adhortandi
3492 5242 3611 5333 sint
3637 5271 3717 5331 ad

422 5380 621 5433 πεσθαι
642 5379 711 5440 είς
738 5379 923 5453 εὐχήν.

2131 5369 2559 5444 precationem.

354 5468 454 5545 τιν’
486 5469 548 5527 Εἰ
584 5474 697 5549 χρὴ
732 5469 1049 5549 ἐργάζεσθαι
1075 5466 1515 5544 ἔπισκεπτομένως
1536 5476 1704 5521 τινῶν.

2090 5468 2163 5518 l3
2199 5466 2288 5519 An
2321 5478 2461 5518 cum
2494 5460 2680 5534 aliqui
2702 5473 2814 5515 nos
2843 5456 3103 5526 visitant,
3126 5452 3715 5530 oporteatlaborare.

425 5596 470 5631 ⁸⁸
507 5595 709 5654 Matth.
742 5610 848 5666 xu,
875 5600 966 5653 20.
