  <div class='ocr_page' id='page_1' title='image "/cluster/home/n/w/nwhite01/storage/ocr_20150623/31:no.3/coo.31924054869288/555.png"; bbox 0 0 4114 6380; ppageno 0'>
   <div class='ocr_carea' id='block_1_1' title="bbox 461 304 595 360">
    <p class='ocr_par' dir='ltr' id='par_1_1' title="bbox 461 304 595 360">
     <span class='ocr_line' id='line_1_1' title="bbox 461 304 595 360; baseline -0.022 0"><span class='ocrx_word' id='word_1_1' title='bbox 461 304 595 360; x_wconf 72' lang='grc'><strong>1083</strong></span> 
     </span>
    </p>
   </div>
   <div class='ocr_carea' id='block_1_2' title="bbox 1841 295 2443 352">
    <p class='ocr_par' dir='ltr' id='par_1_2' title="bbox 1841 295 2443 352">
     <span class='ocr_line' id='line_1_2' title="bbox 1841 295 2443 352; baseline 0.003 -5"><span class='ocrx_word' id='word_1_2' title='bbox 1841 296 1895 349; x_wconf 93' lang='lat' dir='ltr'><strong>S.</strong></span> <span class='ocrx_word' id='word_1_3' title='bbox 1941 295 2185 352; x_wconf 81' lang='lat' dir='ltr'><strong>BASILII</strong></span> <span class='ocrx_word' id='word_1_4' title='bbox 2225 295 2443 352; x_wconf 73' lang='lat' dir='ltr'><strong>MAGNI</strong></span> 
     </span>
    </p>
   </div>
   <div class='ocr_carea' id='block_1_3' title="bbox 3651 305 3829 381">
    <p class='ocr_par' dir='ltr' id='par_1_3' title="bbox 3651 305 3829 381">
     <span class='ocr_line' id='line_1_3' title="bbox 3651 305 3829 381; baseline 0 -26"><span class='ocrx_word' id='word_1_5' title='bbox 3651 375 3656 381; x_wconf 89' lang='lat'><strong>_</strong></span> <span class='ocrx_word' id='word_1_6' title='bbox 3697 305 3829 357; x_wconf 67' lang='grc' dir='ltr'>ιοδι</span> 
     </span>
    </p>
   </div>
   <div class='ocr_carea' id='block_1_4' title="bbox 459 418 2122 496">
    <p class='ocr_par' dir='ltr' id='par_1_4' title="bbox 459 418 2120 496">
     <span class='ocr_line' id='line_1_4' title="bbox 459 418 2120 496; baseline -0.004 -16"><span class='ocrx_word' id='word_1_7' title='bbox 459 429 564 489; x_wconf 83' lang='lat' dir='ltr'><strong>est,</strong></span> <span class='ocrx_word' id='word_1_8' title='bbox 599 440 738 482; x_wconf 86' lang='lat' dir='ltr'><strong>cum</strong></span> <span class='ocrx_word' id='word_1_9' title='bbox 771 425 957 482; x_wconf 82' lang='lat' dir='ltr'><strong>dixit:</strong></span> <span class='ocrx_word' id='word_1_10' title='bbox 991 427 1060 481; x_wconf 91' lang='lat' dir='ltr'><strong>Si</strong></span> <span class='ocrx_word' id='word_1_11' title='bbox 1089 426 1219 496; x_wconf 90' lang='lat' dir='ltr'><strong>quis</strong></span> <span class='ocrx_word' id='word_1_12' title='bbox 1249 427 1380 482; x_wconf 81' lang='lat' dir='ltr'><strong>vult</strong></span> <span class='ocrx_word' id='word_1_13' title='bbox 1409 429 1538 492; x_wconf 87' lang='lat' dir='ltr'><strong>post</strong></span> <span class='ocrx_word' id='word_1_14' title='bbox 1571 438 1661 478; x_wconf 88' lang='lat' dir='ltr'><strong>me</strong></span> <span class='ocrx_word' id='word_1_15' title='bbox 1692 420 1912 487; x_wconf 87' lang='lat' dir='ltr'><strong>venire,</strong></span> <span class='ocrx_word' id='word_1_16' title='bbox 1941 418 2120 475; x_wconf 88' lang='lat' dir='ltr'><strong>abne-</strong></span> 
     </span>
    </p>
   </div>
   <div class='ocr_carea' id='block_1_5' title="bbox 2234 418 3829 496">
    <p class='ocr_par' dir='ltr' id='par_1_5' title="bbox 2234 420 3829 496">
     <span class='ocr_line' id='line_1_5' title="bbox 2234 420 3829 496; baseline 0.003 -26"><span class='ocrx_word' id='word_1_17' title='bbox 2234 420 2478 472; x_wconf 79' lang='grc' dir='ltr'>ταθεῖσαν</span> <span class='ocrx_word' id='word_1_18' title='bbox 2507 423 2640 489; x_wconf 79' lang='grc'>(54),</span> <span class='ocrx_word' id='word_1_19' title='bbox 2683 421 2947 482; x_wconf 74' lang='grc' dir='ltr'>εἰπόντος·</span> <span class='ocrx_word' id='word_1_20' title='bbox 2994 424 3056 473; x_wconf 81' lang='grc' dir='ltr'><strong>Εἴ</strong></span> <span class='ocrx_word' id='word_1_21' title='bbox 3084 439 3164 481; x_wconf 88' lang='grc' dir='ltr'>τις</span> <span class='ocrx_word' id='word_1_22' title='bbox 3215 420 3343 473; x_wconf 49' lang='lat' dir='ltr'><strong>Osiri</strong></span> <span class='ocrx_word' id='word_1_23' title='bbox 3386 420 3556 476; x_wconf 84' lang='grc' dir='ltr'><strong>ὀπίσω</strong></span> <span class='ocrx_word' id='word_1_24' title='bbox 3604 443 3703 496; x_wconf 79' lang='grc' dir='ltr'>μου</span> <span class='ocrx_word' id='word_1_25' title='bbox 3746 423 3829 475; x_wconf 84' lang='grc' dir='ltr'><strong>ἐλ-</strong></span> 
     </span>
    </p>
   </div>
   <div class='ocr_carea' id='block_1_6' title="bbox 459 515 2122 586">
    <p class='ocr_par' dir='ltr' id='par_1_6' title="bbox 459 515 2122 586">
     <span class='ocr_line' id='line_1_6' title="bbox 459 515 2122 586; baseline -0.004 -16"><span class='ocrx_word' id='word_1_26' title='bbox 459 521 560 585; x_wconf 87' lang='lat' dir='ltr'><strong>get</strong></span> <span class='ocrx_word' id='word_1_27' title='bbox 603 517 1002 586; x_wconf 72' lang='lat' dir='ltr'><strong>semetipsum,</strong></span> <span class='ocrx_word' id='word_1_28' title='bbox 1036 521 1088 571; x_wconf 91' lang='lat' dir='ltr'><strong>et</strong></span> <span class='ocrx_word' id='word_1_29' title='bbox 1123 515 1299 572; x_wconf 90' lang='lat' dir='ltr'><strong>tollat</strong></span> <span class='ocrx_word' id='word_1_30' title='bbox 1343 529 1578 570; x_wconf 84' lang='lat' dir='ltr'><strong>crucem</strong></span> <span class='ocrx_word' id='word_1_31' title='bbox 1609 527 1798 581; x_wconf 87' lang='lat' dir='ltr'><strong>suam,</strong></span> <span class='ocrx_word' id='word_1_32' title='bbox 1833 516 1885 566; x_wconf 90' lang='lat' dir='ltr'><strong>et</strong></span> <span class='ocrx_word' id='word_1_33' title='bbox 1917 523 2122 580; x_wconf 87' lang='lat' dir='ltr'><strong>sequa-</strong></span> 
     </span>
    </p>
   </div>
   <div class='ocr_carea' id='block_1_7' title="bbox 460 598 2121 669">
    <p class='ocr_par' dir='ltr' id='par_1_7' title="bbox 460 598 2121 669">
     <span class='ocr_line' id='line_1_7' title="bbox 460 598 2121 669; baseline -0.004 -9"><span class='ocrx_word' id='word_1_34' title='bbox 460 609 567 660; x_wconf 90' lang='lat' dir='ltr'><strong>tur</strong></span> <span class='ocrx_word' id='word_1_35' title='bbox 621 619 714 662; x_wconf 89' lang='lat' dir='ltr'><strong>me</strong></span> <span class='ocrx_word' id='word_1_36' title='bbox 737 606 803 662; x_wconf 64' lang='lat'><strong>‘5.</strong></span> <span class='ocrx_word' id='word_1_37' title='bbox 865 603 1119 669; x_wconf 84' lang='lat' dir='ltr'><strong>Qualem</strong></span> <span class='ocrx_word' id='word_1_38' title='bbox 1172 608 1378 660; x_wconf 91' lang='lat' dir='ltr'><strong>autem</strong></span> <span class='ocrx_word' id='word_1_39' title='bbox 1437 603 1558 658; x_wconf 79' lang='lat' dir='ltr'><strong>vim</strong></span> <span class='ocrx_word' id='word_1_40' title='bbox 1625 601 1849 658; x_wconf 83' lang='lat' dir='ltr'><strong>habeat</strong></span> <span class='ocrx_word' id='word_1_41' title='bbox 1901 598 2121 654; x_wconf 89' lang='lat' dir='ltr'><strong>horum</strong></span> 
     </span>
    </p>
   </div>
   <div class='ocr_carea' id='block_1_8' title="bbox 467 686 2119 765">
    <p class='ocr_par' dir='ltr' id='par_1_8' title="bbox 467 686 2119 765">
     <span class='ocr_line' id='line_1_8' title="bbox 467 686 2119 765; baseline -0.002 -16"><span class='ocrx_word' id='word_1_42' title='bbox 467 692 976 765; x_wconf 84' lang='lat' dir='ltr'><strong>unumquodque,</strong></span> <span class='ocrx_word' id='word_1_43' title='bbox 1020 692 1249 752; x_wconf 86' lang='lat' dir='ltr'><strong>dictum</strong></span> <span class='ocrx_word' id='word_1_44' title='bbox 1298 696 1387 749; x_wconf 85' lang='lat' dir='ltr'><strong>est</strong></span> <span class='ocrx_word' id='word_1_45' title='bbox 1414 691 1476 746; x_wconf 91' lang='lat' dir='ltr'><strong>in</strong></span> <span class='ocrx_word' id='word_1_46' title='bbox 1521 706 1611 758; x_wconf 85' lang='lat' dir='ltr'><strong>ea,</strong></span> <span class='ocrx_word' id='word_1_47' title='bbox 1643 706 1780 762; x_wconf 72' lang='lat' dir='ltr'><strong>ques</strong></span> <span class='ocrx_word' id='word_1_48' title='bbox 1810 686 1888 744; x_wconf 93' lang='lat' dir='ltr'><strong>ad</strong></span> <span class='ocrx_word' id='word_1_49' title='bbox 1916 687 2119 762; x_wconf 84' lang='lat' dir='ltr'><strong>ipsum</strong></span> 
     </span>
    </p>
   </div>
   <div class='ocr_carea' id='block_1_9' title="bbox 458 782 1262 853">
    <p class='ocr_par' dir='ltr' id='par_1_9' title="bbox 458 782 1262 853">
     <span class='ocr_line' id='line_1_9' title="bbox 458 782 1262 853; baseline -0.004 -13"><span class='ocrx_word' id='word_1_50' title='bbox 458 782 742 853; x_wconf 77' lang='lat' dir='ltr'><strong>pertinet,</strong></span> <span class='ocrx_word' id='word_1_51' title='bbox 773 783 1262 853; x_wconf 73' lang='lat' dir='ltr'><strong>interrogatione.</strong></span> 
     </span>
    </p>
   </div>
   <div class='ocr_carea' id='block_1_10' title="bbox 963 897 1616 954">
    <p class='ocr_par' dir='ltr' id='par_1_10' title="bbox 963 897 1616 954">
     <span class='ocr_line' id='line_1_10' title="bbox 963 897 1616 954; baseline -0.006 0"><span class='ocrx_word' id='word_1_52' title='bbox 963 897 1479 954; x_wconf 81' lang='lat' dir='ltr'><strong>INTERROGATIO</strong></span> <span class='ocrx_word' id='word_1_53' title='bbox 1526 898 1616 950; x_wconf 91' lang='grc' dir='ltr'><strong>ΙΙΙ.</strong></span> 
     </span>
    </p>
   </div>
   <div class='ocr_carea' id='block_1_11' title="bbox 468 1003 2118 1074">
    <p class='ocr_par' dir='ltr' id='par_1_11' title="bbox 468 1003 2118 1074">
     <span class='ocr_line' id='line_1_11' title="bbox 468 1003 2118 1074; baseline -0.003 -13"><span class='ocrx_word' id='word_1_54' title='bbox 468 1005 771 1074; x_wconf 84' lang='lat' dir='ltr'><strong>Quomodo</strong></span> <span class='ocrx_word' id='word_1_55' title='bbox 800 1012 1211 1063; x_wconf 79' lang='lat' dir='ltr'><strong>convertemus</strong></span> <span class='ocrx_word' id='word_1_56' title='bbox 1239 1009 1618 1074; x_wconf 80' lang='lat' dir='ltr'><strong>peccantem:</strong></span> <span class='ocrx_word' id='word_1_57' title='bbox 1637 1007 1744 1058; x_wconf 87' lang='lat' dir='ltr'><strong>aut</strong></span> <span class='ocrx_word' id='word_1_58' title='bbox 1763 1003 1816 1074; x_wconf 89' lang='lat' dir='ltr'><strong>si</strong></span> <span class='ocrx_word' id='word_1_59' title='bbox 1838 1016 1958 1058; x_wconf 89' lang='lat' dir='ltr'><strong>non</strong></span> <span class='ocrx_word' id='word_1_60' title='bbox 1984 1017 2118 1057; x_wconf 88' lang='lat' dir='ltr'><strong>con-</strong></span> 
     </span>
    </p>
   </div>
   <div class='ocr_carea' id='block_1_12' title="bbox 569 1073 2008 1150">
    <p class='ocr_par' dir='ltr' id='par_1_12' title="bbox 569 1073 2008 1150">
     <span class='ocr_line' id='line_1_12' title="bbox 569 1073 2008 1150; baseline -0.006 -15"><span class='ocrx_word' id='word_1_61' title='bbox 569 1083 768 1135; x_wconf 85' lang='lat' dir='ltr'><strong>vertat</strong></span> <span class='ocrx_word' id='word_1_62' title='bbox 797 1093 940 1150; x_wconf 90' lang='lat' dir='ltr'><strong>sese,</strong></span> <span class='ocrx_word' id='word_1_63' title='bbox 963 1073 1254 1150; x_wconf 81' lang='lat' dir='ltr'><strong>quomodo</strong></span> <span class='ocrx_word' id='word_1_64' title='bbox 1281 1092 1415 1132; x_wconf 91' lang='lat' dir='ltr'><strong>cum</strong></span> <span class='ocrx_word' id='word_1_65' title='bbox 1447 1076 1556 1131; x_wconf 89' lang='lat' dir='ltr'><strong>illo</strong></span> <span class='ocrx_word' id='word_1_66' title='bbox 1586 1073 1884 1145; x_wconf 83' lang='lat' dir='ltr'><strong>agendum</strong></span> <span class='ocrx_word' id='word_1_67' title='bbox 1913 1076 2008 1128; x_wconf 91' lang='lat' dir='ltr'><strong>sit.</strong></span> 
     </span>
    </p>
   </div>
   <div class='ocr_carea' id='block_1_13' title="bbox 1083 1193 1496 1250">
    <p class='ocr_par' dir='ltr' id='par_1_13' title="bbox 1083 1193 1496 1250">
     <span class='ocr_line' id='line_1_13' title="bbox 1083 1193 1496 1250; baseline -0.007 -1"><span class='ocrx_word' id='word_1_68' title='bbox 1083 1193 1496 1250; x_wconf 82' lang='lat' dir='ltr'><strong>RESPONSIO.</strong></span> 
     </span>
    </p>
   </div>
   <div class='ocr_carea' id='block_1_14' title="bbox 534 1297 2118 1374">
    <p class='ocr_par' dir='ltr' id='par_1_14' title="bbox 534 1297 2118 1374">
     <span class='ocr_line' id='line_1_14' title="bbox 534 1297 2118 1374; baseline -0.004 -16"><span class='ocrx_word' id='word_1_69' title='bbox 534 1301 704 1358; x_wconf 86' lang='lat' dir='ltr'><strong>Velut</strong></span> <span class='ocrx_word' id='word_1_70' title='bbox 755 1306 1127 1374; x_wconf 66' lang='lat' dir='ltr'><strong>praeceptum</strong></span> <span class='ocrx_word' id='word_1_71' title='bbox 1181 1305 1268 1356; x_wconf 90' lang='lat' dir='ltr'><strong>est</strong></span> <span class='ocrx_word' id='word_1_72' title='bbox 1327 1298 1501 1354; x_wconf 89' lang='lat' dir='ltr'><strong>nobis</strong></span> <span class='ocrx_word' id='word_1_73' title='bbox 1554 1313 1590 1353; x_wconf 90' lang='lat' dir='ltr'><strong>a</strong></span> <span class='ocrx_word' id='word_1_74' title='bbox 1647 1297 1923 1368; x_wconf 91' lang='lat' dir='ltr'><strong>Domino,</strong></span> <span class='ocrx_word' id='word_1_75' title='bbox 1980 1313 2118 1353; x_wconf 91' lang='lat' dir='ltr'><strong>cum</strong></span> 
     </span>
    </p>
   </div>
   <div class='ocr_carea' id='block_1_15' title="bbox 461 1388 2119 1460">
    <p class='ocr_par' dir='ltr' id='par_1_15' title="bbox 461 1388 2119 1460">
     <span class='ocr_line' id='line_1_15' title="bbox 461 1388 2119 1460; baseline -0.004 -12"><span class='ocrx_word' id='word_1_76' title='bbox 461 1390 612 1448; x_wconf 78' lang='lat' dir='ltr'><strong>dixit</strong></span> <span class='ocrx_word' id='word_1_77' title='bbox 637 1409 650 1447; x_wconf 90' lang='lat'><strong>:</strong></span> <span class='ocrx_word' id='word_1_78' title='bbox 675 1392 745 1448; x_wconf 88' lang='lat' dir='ltr'><strong>Si</strong></span> <span class='ocrx_word' id='word_1_79' title='bbox 759 1392 1094 1460; x_wconf 75' lang='lat' dir='ltr'><strong>peccaverit</strong></span> <span class='ocrx_word' id='word_1_80' title='bbox 1115 1390 1310 1459; x_wconf 82' lang='lat' dir='ltr'><strong>frater</strong></span> <span class='ocrx_word' id='word_1_81' title='bbox 1341 1395 1499 1455; x_wconf 91' lang='lat' dir='ltr'><strong>tuus,</strong></span> <span class='ocrx_word' id='word_1_82' title='bbox 1529 1388 1699 1452; x_wconf 83' lang='lat' dir='ltr'><strong>vade,</strong></span> <span class='ocrx_word' id='word_1_83' title='bbox 1724 1389 1960 1456; x_wconf 81' lang='lat' dir='ltr'><strong>corripe</strong></span> <span class='ocrx_word' id='word_1_84' title='bbox 1988 1402 2119 1443; x_wconf 88' lang='lat' dir='ltr'><strong>eum</strong></span> 
     </span>
    </p>
   </div>
   <div class='ocr_carea' id='block_1_16' title="bbox 460 1478 2122 1549">
    <p class='ocr_par' dir='ltr' id='par_1_16' title="bbox 460 1478 2122 1549">
     <span class='ocr_line' id='line_1_16' title="bbox 460 1478 2122 1549; baseline -0.002 -13"><span class='ocrx_word' id='word_1_85' title='bbox 460 1480 621 1536; x_wconf 87' lang='lat' dir='ltr'><strong>inter</strong></span> <span class='ocrx_word' id='word_1_86' title='bbox 651 1485 706 1536; x_wconf 89' lang='lat' dir='ltr'><strong>te</strong></span> <span class='ocrx_word' id='word_1_87' title='bbox 734 1485 788 1536; x_wconf 89' lang='lat' dir='ltr'><strong>et</strong></span> <span class='ocrx_word' id='word_1_88' title='bbox 809 1481 1004 1549; x_wconf 87' lang='lat' dir='ltr'><strong>ipsum</strong></span> <span class='ocrx_word' id='word_1_89' title='bbox 1036 1480 1249 1536; x_wconf 87' lang='lat' dir='ltr'><strong>solum.</strong></span> <span class='ocrx_word' id='word_1_90' title='bbox 1284 1480 1353 1535; x_wconf 85' lang='lat' dir='ltr'><strong>Si</strong></span> <span class='ocrx_word' id='word_1_91' title='bbox 1377 1484 1432 1534; x_wconf 90' lang='lat' dir='ltr'><strong>te</strong></span> <span class='ocrx_word' id='word_1_92' title='bbox 1460 1478 1742 1547; x_wconf 83' lang='lat' dir='ltr'><strong>audierit,</strong></span> <span class='ocrx_word' id='word_1_93' title='bbox 1770 1479 2043 1532; x_wconf 89' lang='lat' dir='ltr'><strong>lucratus</strong></span> <span class='ocrx_word' id='word_1_94' title='bbox 2063 1491 2122 1532; x_wconf 91' lang='lat' dir='ltr'><strong>es</strong></span> 
     </span>
    </p>
   </div>
   <div class='ocr_carea' id='block_1_17' title="bbox 457 1566 2121 1641">
    <p class='ocr_par' dir='ltr' id='par_1_17' title="bbox 457 1566 2121 1641">
     <span class='ocr_line' id='line_1_17' title="bbox 457 1566 2121 1641; baseline -0.005 -13"><span class='ocrx_word' id='word_1_95' title='bbox 457 1570 718 1641; x_wconf 85' lang='lat' dir='ltr'><strong>fratrem</strong></span> <span class='ocrx_word' id='word_1_96' title='bbox 743 1575 911 1628; x_wconf 85' lang='lat' dir='ltr'><strong>tuum</strong></span> <span class='ocrx_word' id='word_1_97' title='bbox 933 1584 956 1626; x_wconf 83' lang='lat'><strong>.&#39;</strong></span> <span class='ocrx_word' id='word_1_98' title='bbox 979 1569 1032 1624; x_wconf 88' lang='lat' dir='ltr'><strong>si</strong></span> <span class='ocrx_word' id='word_1_99' title='bbox 1059 1583 1197 1626; x_wconf 87' lang='lat' dir='ltr'><strong>vero</strong></span> <span class='ocrx_word' id='word_1_100' title='bbox 1229 1584 1349 1624; x_wconf 88' lang='lat' dir='ltr'><strong>non</strong></span> <span class='ocrx_word' id='word_1_101' title='bbox 1381 1568 1666 1636; x_wconf 83' lang='lat' dir='ltr'><strong>audierit,</strong></span> <span class='ocrx_word' id='word_1_102' title='bbox 1689 1566 1908 1624; x_wconf 82' lang='lat' dir='ltr'><strong>adhibe</strong></span> <span class='ocrx_word' id='word_1_103' title='bbox 1928 1572 2121 1622; x_wconf 86' lang='lat' dir='ltr'><strong>tecum</strong></span> 
     </span>
    </p>
   </div>
   <div class='ocr_carea' id='block_1_18' title="bbox 464 1656 2122 1728">
    <p class='ocr_par' dir='ltr' id='par_1_18' title="bbox 464 1656 2122 1728">
     <span class='ocr_line' id='line_1_18' title="bbox 464 1656 2122 1728; baseline -0.003 -14"><span class='ocrx_word' id='word_1_104' title='bbox 464 1660 645 1716; x_wconf 89' lang='lat' dir='ltr'><strong>etiam</strong></span> <span class='ocrx_word' id='word_1_105' title='bbox 676 1674 888 1727; x_wconf 87' lang='lat' dir='ltr'><strong>unum,</strong></span> <span class='ocrx_word' id='word_1_106' title='bbox 919 1664 1024 1716; x_wconf 91' lang='lat' dir='ltr'><strong>aut</strong></span> <span class='ocrx_word' id='word_1_107' title='bbox 1064 1657 1234 1728; x_wconf 86' lang='lat' dir='ltr'><strong>duos,</strong></span> <span class='ocrx_word' id='word_1_108' title='bbox 1263 1663 1327 1713; x_wconf 92' lang='lat' dir='ltr'><strong>ut</strong></span> <span class='ocrx_word' id='word_1_109' title='bbox 1362 1659 1422 1713; x_wconf 87' lang='lat' dir='ltr'><strong>in</strong></span> <span class='ocrx_word' id='word_1_110' title='bbox 1455 1672 1557 1713; x_wconf 82' lang='lat' dir='ltr'><strong>ore</strong></span> <span class='ocrx_word' id='word_1_111' title='bbox 1595 1656 1851 1712; x_wconf 87' lang='lat' dir='ltr'><strong>duorum</strong></span> <span class='ocrx_word' id='word_1_112' title='bbox 1886 1657 2122 1711; x_wconf 85' lang='lat' dir='ltr'><strong>testium</strong></span> 
     </span>
    </p>
   </div>
   <div class='ocr_carea' id='block_1_19' title="bbox 465 1746 2199 1832">
    <p class='ocr_par' dir='ltr' id='par_1_19' title="bbox 465 1746 2199 1832">
     <span class='ocr_line' id='line_1_19' title="bbox 465 1746 2199 1832; baseline -0.004 -26"><span class='ocrx_word' id='word_1_113' title='bbox 465 1755 573 1807; x_wconf 91' lang='lat' dir='ltr'><strong>aut</strong></span> <span class='ocrx_word' id='word_1_114' title='bbox 605 1751 790 1806; x_wconf 90' lang='lat' dir='ltr'><strong>trium</strong></span> <span class='ocrx_word' id='word_1_115' title='bbox 811 1755 923 1806; x_wconf 84' lang='lat' dir='ltr'><strong>stet</strong></span> <span class='ocrx_word' id='word_1_116' title='bbox 949 1765 1122 1808; x_wconf 86' lang='lat' dir='ltr'><strong>omne</strong></span> <span class='ocrx_word' id='word_1_117' title='bbox 1161 1747 1428 1806; x_wconf 87' lang='lat' dir='ltr'><strong>verbum.</strong></span> <span class='ocrx_word' id='word_1_118' title='bbox 1455 1747 1623 1815; x_wconf 85' lang='lat' dir='ltr'><strong>Quod</strong></span> <span class='ocrx_word' id='word_1_119' title='bbox 1641 1747 1696 1802; x_wconf 89' lang='lat' dir='ltr'><strong>si</strong></span> <span class='ocrx_word' id='word_1_120' title='bbox 1718 1762 1836 1802; x_wconf 89' lang='lat' dir='ltr'><strong>non</strong></span> <span class='ocrx_word' id='word_1_121' title='bbox 1858 1746 2122 1802; x_wconf 85' lang='lat' dir='ltr'><strong>audierit</strong></span> <span class='ocrx_word' id='word_1_122' title='bbox 2159 1779 2199 1832; x_wconf 78' lang='grc' dir='ltr'><strong>Β</strong></span> 
     </span>
    </p>
   </div>
   <div class='ocr_carea' id='block_1_20' title="bbox 460 1837 2125 1910">
    <p class='ocr_par' dir='ltr' id='par_1_20' title="bbox 460 1837 2125 1910">
     <span class='ocr_line' id='line_1_20' title="bbox 460 1837 2125 1910; baseline -0.004 -14"><span class='ocrx_word' id='word_1_123' title='bbox 460 1853 578 1910; x_wconf 85' lang='lat' dir='ltr'><strong>eos,</strong></span> <span class='ocrx_word' id='word_1_124' title='bbox 609 1839 708 1896; x_wconf 82' lang='lat' dir='ltr'><strong>dic</strong></span> <span class='ocrx_word' id='word_1_125' title='bbox 736 1840 1045 1898; x_wconf 69' lang='lat' dir='ltr'><strong>Ecclesiae.</strong></span> <span class='ocrx_word' id='word_1_126' title='bbox 1077 1840 1148 1896; x_wconf 88' lang='lat' dir='ltr'><strong>Si</strong></span> <span class='ocrx_word' id='word_1_127' title='bbox 1189 1843 1388 1894; x_wconf 88' lang='lat' dir='ltr'><strong>autem</strong></span> <span class='ocrx_word' id='word_1_128' title='bbox 1433 1853 1554 1893; x_wconf 90' lang='lat' dir='ltr'><strong>non</strong></span> <span class='ocrx_word' id='word_1_129' title='bbox 1599 1837 1860 1893; x_wconf 86' lang='lat' dir='ltr'><strong>audierit</strong></span> <span class='ocrx_word' id='word_1_130' title='bbox 1892 1849 2125 1909; x_wconf 87' lang='lat' dir='ltr'><strong>quoque</strong></span> 
     </span>
    </p>
   </div>
   <div class='ocr_carea' id='block_1_21' title="bbox 458 1924 2118 1999">
    <p class='ocr_par' dir='ltr' id='par_1_21' title="bbox 458 1924 2118 1999">
     <span class='ocr_line' id='line_1_21' title="bbox 458 1924 2118 1999; baseline -0.005 -13"><span class='ocrx_word' id='word_1_131' title='bbox 458 1929 818 1999; x_wconf 81' lang='lat' dir='ltr'><strong>Ecclesiam,</strong></span> <span class='ocrx_word' id='word_1_132' title='bbox 845 1930 922 1986; x_wconf 87' lang='lat' dir='ltr'><strong>sit</strong></span> <span class='ocrx_word' id='word_1_133' title='bbox 955 1928 1064 1986; x_wconf 87' lang='lat' dir='ltr'><strong>tibi</strong></span> <span class='ocrx_word' id='word_1_134' title='bbox 1095 1930 1245 1986; x_wconf 88' lang='lat' dir='ltr'><strong>sicut</strong></span> <span class='ocrx_word' id='word_1_135' title='bbox 1278 1927 1552 1984; x_wconf 85' lang='lat' dir='ltr'><strong>ethnicus</strong></span> <span class='ocrx_word' id='word_1_136' title='bbox 1592 1933 1644 1984; x_wconf 88' lang='lat' dir='ltr'><strong>et</strong></span> <span class='ocrx_word' id='word_1_137' title='bbox 1659 1926 2030 1997; x_wconf 85' lang='lat' dir='ltr'><strong>publicanus</strong></span> <span class='ocrx_word' id='word_1_138' title='bbox 2054 1924 2118 1978; x_wconf 66' lang='grc'><strong>⁵⁷.</strong></span> 
     </span>
    </p>
   </div>
   <div class='ocr_carea' id='block_1_22' title="bbox 461 2016 2124 2092">
    <p class='ocr_par' dir='ltr' id='par_1_22' title="bbox 461 2016 2124 2092">
     <span class='ocr_line' id='line_1_22' title="bbox 461 2016 2124 2092; baseline -0.004 -17"><span class='ocrx_word' id='word_1_139' title='bbox 461 2017 523 2076; x_wconf 88' lang='lat' dir='ltr'><strong>Si</strong></span> <span class='ocrx_word' id='word_1_140' title='bbox 564 2017 771 2092; x_wconf 84' lang='lat' dir='ltr'><strong>itaque</strong></span> <span class='ocrx_word' id='word_1_141' title='bbox 815 2017 930 2074; x_wconf 91' lang='lat' dir='ltr'><strong>hoc</strong></span> <span class='ocrx_word' id='word_1_142' title='bbox 980 2016 1311 2088; x_wconf 85' lang='lat' dir='ltr'><strong>contingat,</strong></span> <span class='ocrx_word' id='word_1_143' title='bbox 1343 2017 1580 2087; x_wconf 80' lang='lat' dir='ltr'><strong>Sufﬁcit</strong></span> <span class='ocrx_word' id='word_1_144' title='bbox 1622 2017 1735 2072; x_wconf 90' lang='lat' dir='ltr'><strong>tali</strong></span> <span class='ocrx_word' id='word_1_145' title='bbox 1780 2016 2124 2086; x_wconf 88' lang='lat' dir='ltr'><strong>objurgatio</strong></span> 
     </span>
    </p>
   </div>
   <div class='ocr_carea' id='block_1_23' title="bbox 461 2105 2122 2180">
    <p class='ocr_par' dir='ltr' id='par_1_23' title="bbox 461 2105 2122 2180">
     <span class='ocr_line' id='line_1_23' title="bbox 461 2105 2122 2180; baseline -0.004 -14"><span class='ocrx_word' id='word_1_146' title='bbox 461 2107 608 2176; x_wconf 78' lang='lat' dir='ltr'><strong>haec,</strong></span> <span class='ocrx_word' id='word_1_147' title='bbox 631 2123 765 2180; x_wconf 74' lang='lat' dir='ltr'><strong>quae</strong></span> <span class='ocrx_word' id='word_1_148' title='bbox 787 2109 856 2176; x_wconf 83' lang='lat' dir='ltr'><strong>ﬁt</strong></span> <span class='ocrx_word' id='word_1_149' title='bbox 878 2122 914 2165; x_wconf 93' lang='lat' dir='ltr'><strong>a</strong></span> <span class='ocrx_word' id='word_1_150' title='bbox 935 2107 1212 2178; x_wconf 88' lang='lat' dir='ltr'><strong>pluribus</strong></span> <span class='ocrx_word' id='word_1_151' title='bbox 1233 2108 1312 2176; x_wconf 60' lang='lat' dir='ltr'><strong>HI;</strong></span> <span class='ocrx_word' id='word_1_152' title='bbox 1343 2123 1480 2162; x_wconf 91' lang='lat' dir='ltr'><strong>cum</strong></span> <span class='ocrx_word' id='word_1_153' title='bbox 1510 2105 1834 2180; x_wconf 78' lang='lat' dir='ltr'><strong>Apostolus</strong></span> <span class='ocrx_word' id='word_1_154' title='bbox 1867 2105 2122 2178; x_wconf 84' lang='lat' dir='ltr'><strong>scripse-</strong></span> 
     </span>
    </p>
   </div>
   <div class='ocr_carea' id='block_1_24' title="bbox 458 2195 2122 2270">
    <p class='ocr_par' dir='ltr' id='par_1_24' title="bbox 458 2195 2122 2270">
     <span class='ocr_line' id='line_1_24' title="bbox 458 2195 2122 2270; baseline -0.002 -16"><span class='ocrx_word' id='word_1_155' title='bbox 458 2196 569 2254; x_wconf 88' lang='lat' dir='ltr'><strong>rit:</strong></span> <span class='ocrx_word' id='word_1_156' title='bbox 604 2199 832 2270; x_wconf 81' lang='lat' dir='ltr'><strong>Argue,</strong></span> <span class='ocrx_word' id='word_1_157' title='bbox 865 2198 1114 2268; x_wconf 86' lang='lat' dir='ltr'><strong>increpa</strong></span> <span class='ocrx_word' id='word_1_158' title='bbox 1142 2196 1384 2253; x_wconf 86' lang='lat' dir='ltr'><strong>obsecra</strong></span> <span class='ocrx_word' id='word_1_159' title='bbox 1425 2198 1487 2252; x_wconf 89' lang='lat' dir='ltr'><strong>in</strong></span> <span class='ocrx_word' id='word_1_160' title='bbox 1518 2197 1684 2252; x_wconf 88' lang='lat' dir='ltr'><strong>omni</strong></span> <span class='ocrx_word' id='word_1_161' title='bbox 1712 2195 2037 2266; x_wconf 86' lang='lat' dir='ltr'><strong>patientia,</strong></span> <span class='ocrx_word' id='word_1_162' title='bbox 2069 2199 2122 2250; x_wconf 90' lang='lat' dir='ltr'><strong>et</strong></span> 
     </span>
    </p>
   </div>
   <div class='ocr_carea' id='block_1_25' title="bbox 461 2283 2121 2358">
    <p class='ocr_par' dir='ltr' id='par_1_25' title="bbox 461 2283 2121 2358">
     <span class='ocr_line' id='line_1_25' title="bbox 461 2283 2121 2358; baseline -0.002 -15"><span class='ocrx_word' id='word_1_163' title='bbox 461 2286 746 2344; x_wconf 86' lang='lat' dir='ltr'><strong>doctrina</strong></span> <span class='ocrx_word' id='word_1_164' title='bbox 771 2288 838 2343; x_wconf 76' lang='lat'><strong>‘9.</strong></span> <span class='ocrx_word' id='word_1_165' title='bbox 873 2289 939 2344; x_wconf 88' lang='lat' dir='ltr'><strong>Et</strong></span> <span class='ocrx_word' id='word_1_166' title='bbox 987 2303 1233 2344; x_wconf 82' lang='lat' dir='ltr'><strong>rursus:</strong></span> <span class='ocrx_word' id='word_1_167' title='bbox 1271 2286 1442 2355; x_wconf 84' lang='lat' dir='ltr'><strong>Quod</strong></span> <span class='ocrx_word' id='word_1_168' title='bbox 1486 2286 1540 2342; x_wconf 91' lang='lat' dir='ltr'><strong>si</strong></span> <span class='ocrx_word' id='word_1_169' title='bbox 1581 2286 1714 2358; x_wconf 89' lang='lat' dir='ltr'><strong>quis</strong></span> <span class='ocrx_word' id='word_1_170' title='bbox 1759 2301 1878 2341; x_wconf 92' lang='lat' dir='ltr'><strong>non</strong></span> <span class='ocrx_word' id='word_1_171' title='bbox 1927 2283 2121 2341; x_wconf 88' lang='lat' dir='ltr'><strong>obedit</strong></span> 
     </span>
    </p>
   </div>
   <div class='ocr_carea' id='block_1_26' title="bbox 461 2374 2124 2447">
    <p class='ocr_par' dir='ltr' id='par_1_26' title="bbox 461 2374 2124 2447">
     <span class='ocr_line' id='line_1_26' title="bbox 461 2374 2124 2447; baseline -0.002 -12"><span class='ocrx_word' id='word_1_172' title='bbox 461 2375 641 2435; x_wconf 83' lang='lat' dir='ltr'><strong>verbo</strong></span> <span class='ocrx_word' id='word_1_173' title='bbox 683 2381 911 2445; x_wconf 88' lang='lat' dir='ltr'><strong>nostro,</strong></span> <span class='ocrx_word' id='word_1_174' title='bbox 954 2391 1071 2446; x_wconf 90' lang='lat' dir='ltr'><strong>per</strong></span> <span class='ocrx_word' id='word_1_175' title='bbox 1115 2377 1429 2447; x_wconf 82' lang='lat' dir='ltr'><strong>epistolam</strong></span> <span class='ocrx_word' id='word_1_176' title='bbox 1475 2374 1637 2432; x_wconf 90' lang='lat' dir='ltr'><strong>hunc</strong></span> <span class='ocrx_word' id='word_1_177' title='bbox 1682 2379 1908 2444; x_wconf 83' lang='lat' dir='ltr'><strong>notate,</strong></span> <span class='ocrx_word' id='word_1_178' title='bbox 1947 2379 2002 2432; x_wconf 88' lang='lat' dir='ltr'><strong>et</strong></span> <span class='ocrx_word' id='word_1_179' title='bbox 2047 2388 2124 2432; x_wconf 87' lang='lat' dir='ltr'><strong>ne</strong></span> 
     </span>
    </p>
   </div>
   <div class='ocr_carea' id='block_1_27' title="bbox 463 2464 1923 2536">
    <p class='ocr_par' dir='ltr' id='par_1_27' title="bbox 463 2464 1923 2536">
     <span class='ocr_line' id='line_1_27' title="bbox 463 2464 1923 2536; baseline -0.003 -13"><span class='ocrx_word' id='word_1_180' title='bbox 463 2465 971 2524; x_wconf 83' lang='lat' dir='ltr'><strong>commisceamini</strong></span> <span class='ocrx_word' id='word_1_181' title='bbox 996 2481 1131 2524; x_wconf 90' lang='lat' dir='ltr'><strong>cum</strong></span> <span class='ocrx_word' id='word_1_182' title='bbox 1156 2466 1287 2532; x_wconf 89' lang='lat' dir='ltr'><strong>illo,</strong></span> <span class='ocrx_word' id='word_1_183' title='bbox 1320 2470 1387 2520; x_wconf 92' lang='lat' dir='ltr'><strong>ut</strong></span> <span class='ocrx_word' id='word_1_184' title='bbox 1415 2464 1834 2536; x_wconf 76' lang='lat' dir='ltr'><strong>confundatur</strong></span> <span class='ocrx_word' id='word_1_185' title='bbox 1852 2464 1923 2532; x_wconf 83' lang='grc' dir='ltr'><strong>⁸ο,</strong></span> 
     </span>
    </p>
   </div>
   <div class='ocr_carea' id='block_1_28' title="bbox 958 2582 1619 2639">
    <p class='ocr_par' dir='ltr' id='par_1_28' title="bbox 958 2582 1619 2639">
     <span class='ocr_line' id='line_1_28' title="bbox 958 2582 1619 2639; baseline -0.005 -1"><span class='ocrx_word' id='word_1_186' title='bbox 958 2582 1475 2639; x_wconf 68' lang='grc' dir='ltr'>ιΝΤιιιιιιοοΑτιο</span> <span class='ocrx_word' id='word_1_187' title='bbox 1531 2582 1619 2638; x_wconf 78' lang='grc' dir='ltr'><strong>ιν.</strong></span> 
     </span>
    </p>
   </div>
   <div class='ocr_carea' id='block_1_29' title="bbox 461 2687 2120 2760">
    <p class='ocr_par' dir='ltr' id='par_1_29' title="bbox 461 2687 2120 2760">
     <span class='ocr_line' id='line_1_29' title="bbox 461 2687 2120 2760; baseline -0.002 -15"><span class='ocrx_word' id='word_1_188' title='bbox 461 2687 532 2745; x_wconf 89' lang='lat' dir='ltr'><strong>Si</strong></span> <span class='ocrx_word' id='word_1_189' title='bbox 554 2688 689 2760; x_wconf 90' lang='lat' dir='ltr'><strong>quis</strong></span> <span class='ocrx_word' id='word_1_190' title='bbox 732 2703 844 2758; x_wconf 85' lang='lat' dir='ltr'><strong>pro</strong></span> <span class='ocrx_word' id='word_1_191' title='bbox 875 2689 1190 2760; x_wconf 81' lang='lat' dir='ltr'><strong>levissimis</strong></span> <span class='ocrx_word' id='word_1_192' title='bbox 1236 2688 1414 2760; x_wconf 82' lang='lat' dir='ltr'><strong>etiam</strong></span> <span class='ocrx_word' id='word_1_193' title='bbox 1440 2690 1706 2760; x_wconf 86' lang='lat' dir='ltr'><strong>peccatis</strong></span> <span class='ocrx_word' id='word_1_194' title='bbox 1744 2691 2004 2742; x_wconf 81' lang='lat' dir='ltr'><strong>coarctet</strong></span> <span class='ocrx_word' id='word_1_195' title='bbox 2046 2701 2120 2760; x_wconf 92' lang='lat' dir='ltr'><strong>ac</strong></span> 
     </span>
    </p>
   </div>
   <div class='ocr_carea' id='block_1_30' title="bbox 532 2759 2120 2830">
    <p class='ocr_par' dir='ltr' id='par_1_30' title="bbox 532 2759 2120 2830">
     <span class='ocr_line' id='line_1_30' title="bbox 532 2759 2120 2830; baseline -0.003 -13"><span class='ocrx_word' id='word_1_196' title='bbox 532 2759 752 2830; x_wconf 74' lang='lat' dir='ltr'><strong>urgeat</strong></span> <span class='ocrx_word' id='word_1_197' title='bbox 778 2761 1030 2830; x_wconf 72' lang='lat' dir='ltr'><strong>fratres,</strong></span> <span class='ocrx_word' id='word_1_198' title='bbox 1065 2759 1157 2816; x_wconf 87' lang='lat' dir='ltr'><strong>his</strong></span> <span class='ocrx_word' id='word_1_199' title='bbox 1187 2759 1425 2816; x_wconf 84' lang='lat' dir='ltr'><strong>verbis:</strong></span> <span class='ocrx_word' id='word_1_200' title='bbox 1453 2759 1688 2816; x_wconf 87' lang='lat' dir='ltr'><strong>Debetis</strong></span> <span class='ocrx_word' id='word_1_201' title='bbox 1733 2773 1911 2828; x_wconf 81' lang='lat' dir='ltr'><strong>agere</strong></span> <span class='ocrx_word' id='word_1_202' title='bbox 1937 2759 2120 2828; x_wconf 64' lang='lat' dir='ltr'><strong>paeni-</strong></span> 
     </span>
    </p>
   </div>
   <div class='ocr_carea' id='block_1_31' title="bbox 529 2831 2117 2903">
    <p class='ocr_par' dir='ltr' id='par_1_31' title="bbox 529 2831 2117 2903">
     <span class='ocr_line' id='line_1_31' title="bbox 529 2831 2117 2903; baseline -0.004 -13"><span class='ocrx_word' id='word_1_203' title='bbox 529 2832 805 2901; x_wconf 87' lang='lat' dir='ltr'><strong>tentiam,</strong></span> <span class='ocrx_word' id='word_1_204' title='bbox 857 2831 1135 2903; x_wconf 85' lang='lat' dir='ltr'><strong>nunquid</strong></span> <span class='ocrx_word' id='word_1_205' title='bbox 1178 2837 1231 2888; x_wconf 88' lang='lat' dir='ltr'><strong>et</strong></span> <span class='ocrx_word' id='word_1_206' title='bbox 1273 2832 1403 2901; x_wconf 84' lang='lat' dir='ltr'><strong>ipse</strong></span> <span class='ocrx_word' id='word_1_207' title='bbox 1452 2832 1870 2891; x_wconf 78' lang='lat' dir='ltr'><strong>innuisericors</strong></span> <span class='ocrx_word' id='word_1_208' title='bbox 1919 2836 2023 2900; x_wconf 89' lang='lat' dir='ltr'><strong>est,</strong></span> <span class='ocrx_word' id='word_1_209' title='bbox 2065 2835 2117 2885; x_wconf 91' lang='lat' dir='ltr'><strong>et</strong></span> 
     </span>
    </p>
   </div>
   <div class='ocr_carea' id='block_1_32' title="bbox 531 2903 1242 2960">
    <p class='ocr_par' dir='ltr' id='par_1_32' title="bbox 531 2903 1242 2960">
     <span class='ocr_line' id='line_1_32' title="bbox 531 2903 1242 2960; baseline 0 0"><span class='ocrx_word' id='word_1_210' title='bbox 531 2903 910 2960; x_wconf 86' lang='lat' dir='ltr'><strong>Charitatem</strong></span> <span class='ocrx_word' id='word_1_211' title='bbox 945 2903 1242 2960; x_wconf 82' lang='lat' dir='ltr'><strong>dissolvit.</strong></span> 
     </span>
    </p>
   </div>
   <div class='ocr_carea' id='block_1_33' title="bbox 1080 3019 1492 3076">
    <p class='ocr_par' dir='ltr' id='par_1_33' title="bbox 1080 3019 1492 3076">
     <span class='ocr_line' id='line_1_33' title="bbox 1080 3019 1492 3076; baseline 0 0"><span class='ocrx_word' id='word_1_212' title='bbox 1080 3019 1492 3076; x_wconf 78' lang='lat' dir='ltr'><strong>RESPONSIO.</strong></span> 
     </span>
    </p>
   </div>
   <div class='ocr_carea' id='block_1_34' title="bbox 532 3124 2120 3184">
    <p class='ocr_par' dir='ltr' id='par_1_34' title="bbox 532 3124 2120 3184">
     <span class='ocr_line' id='line_1_34' title="bbox 532 3124 2120 3184; baseline -0.003 0"><span class='ocrx_word' id='word_1_213' title='bbox 532 3128 682 3184; x_wconf 91' lang='lat' dir='ltr'><strong>Cum</strong></span> <span class='ocrx_word' id='word_1_214' title='bbox 707 3126 1001 3183; x_wconf 81' lang='lat' dir='ltr'><strong>Dominus</strong></span> <span class='ocrx_word' id='word_1_215' title='bbox 1027 3124 1419 3183; x_wconf 82' lang='lat' dir='ltr'><strong>afﬁrmaverit</strong></span> <span class='ocrx_word' id='word_1_216' title='bbox 1437 3125 1559 3182; x_wconf 89' lang='lat' dir='ltr'><strong>iota</strong></span> <span class='ocrx_word' id='word_1_217' title='bbox 1578 3140 1769 3183; x_wconf 87' lang='lat' dir='ltr'><strong>unum</strong></span> <span class='ocrx_word' id='word_1_218' title='bbox 1795 3129 1901 3182; x_wconf 77' lang='lat' dir='ltr'><strong>aut</strong></span> <span class='ocrx_word' id='word_1_219' title='bbox 1928 3138 2120 3184; x_wconf 88' lang='lat' dir='ltr'><strong>unum</strong></span> 
     </span>
    </p>
   </div>
   <div class='ocr_carea' id='block_1_35' title="bbox 455 3214 2118 3288">
    <p class='ocr_par' dir='ltr' id='par_1_35' title="bbox 455 3214 2118 3288">
     <span class='ocr_line' id='line_1_35' title="bbox 455 3214 2118 3288; baseline -0.004 -14"><span class='ocrx_word' id='word_1_220' title='bbox 455 3216 696 3288; x_wconf 80' lang='lat' dir='ltr'><strong>apicem</strong></span> <span class='ocrx_word' id='word_1_221' title='bbox 729 3232 766 3272; x_wconf 87' lang='lat' dir='ltr'><strong>a</strong></span> <span class='ocrx_word' id='word_1_222' title='bbox 793 3215 925 3285; x_wconf 92' lang='lat' dir='ltr'><strong>lege</strong></span> <span class='ocrx_word' id='word_1_223' title='bbox 947 3231 1068 3272; x_wconf 91' lang='lat' dir='ltr'><strong>non</strong></span> <span class='ocrx_word' id='word_1_224' title='bbox 1092 3215 1416 3288; x_wconf 67' lang='lat' dir='ltr'><strong>preterire,</strong></span> <span class='ocrx_word' id='word_1_225' title='bbox 1439 3214 1635 3272; x_wconf 89' lang='lat' dir='ltr'><strong>donec</strong></span> <span class='ocrx_word' id='word_1_226' title='bbox 1654 3214 1864 3272; x_wconf 87' lang='lat' dir='ltr'><strong>omnia</strong></span> <span class='ocrx_word' id='word_1_227' title='bbox 1884 3214 2034 3272; x_wconf 80' lang='lat' dir='ltr'><strong>ﬁant</strong></span> <span class='ocrx_word' id='word_1_228' title='bbox 2049 3217 2118 3279; x_wconf 72' lang='grc' dir='ltr'><strong>δι,</strong></span> 
     </span>
    </p>
   </div>
   <div class='ocr_carea' id='block_1_36' title="bbox 457 3303 2122 3377">
    <p class='ocr_par' dir='ltr' id='par_1_36' title="bbox 457 3303 2122 3377">
     <span class='ocr_line' id='line_1_36' title="bbox 457 3303 2122 3377; baseline 0 -17"><span class='ocrx_word' id='word_1_229' title='bbox 457 3305 1065 3377; x_wconf 84' lang='lat' dir='ltr'><strong>pronuntiaveritque</strong></span> <span class='ocrx_word' id='word_1_230' title='bbox 1091 3304 1372 3360; x_wconf 80' lang='lat' dir='ltr'><strong>homines</strong></span> <span class='ocrx_word' id='word_1_231' title='bbox 1411 3303 1488 3360; x_wconf 90' lang='lat' dir='ltr'><strong>de</strong></span> <span class='ocrx_word' id='word_1_232' title='bbox 1517 3304 1685 3360; x_wconf 88' lang='lat' dir='ltr'><strong>omni</strong></span> <span class='ocrx_word' id='word_1_233' title='bbox 1714 3303 1900 3361; x_wconf 81' lang='lat' dir='ltr'><strong>verbo</strong></span> <span class='ocrx_word' id='word_1_234' title='bbox 1929 3304 2122 3362; x_wconf 86' lang='lat' dir='ltr'><strong>otioso</strong></span> 
     </span>
    </p>
   </div>
   <div class='ocr_carea' id='block_1_37' title="bbox 457 3391 2122 3466">
    <p class='ocr_par' dir='ltr' id='par_1_37' title="bbox 457 3391 2122 3466">
     <span class='ocr_line' id='line_1_37' title="bbox 457 3391 2122 3466; baseline -0.001 -15"><span class='ocrx_word' id='word_1_235' title='bbox 457 3393 622 3466; x_wconf 90' lang='lat' dir='ltr'><strong>quod</strong></span> <span class='ocrx_word' id='word_1_236' title='bbox 655 3393 843 3450; x_wconf 88' lang='lat' dir='ltr'><strong>locuti</strong></span> <span class='ocrx_word' id='word_1_237' title='bbox 888 3393 1130 3463; x_wconf 78' lang='lat' dir='ltr'><strong>fuerint,</strong></span> <span class='ocrx_word' id='word_1_238' title='bbox 1160 3393 1460 3450; x_wconf 86' lang='lat' dir='ltr'><strong>rationem</strong></span> <span class='ocrx_word' id='word_1_239' title='bbox 1497 3391 1557 3450; x_wconf 91' lang='lat' dir='ltr'><strong>in</strong></span> <span class='ocrx_word' id='word_1_240' title='bbox 1601 3392 1812 3463; x_wconf 89' lang='lat' dir='ltr'><strong>judicii</strong></span> <span class='ocrx_word' id='word_1_241' title='bbox 1840 3393 1937 3450; x_wconf 81' lang='lat' dir='ltr'><strong>die</strong></span> <span class='ocrx_word' id='word_1_242' title='bbox 1987 3409 2122 3450; x_wconf 89' lang='lat' dir='ltr'><strong>esse</strong></span> 
     </span>
    </p>
   </div>
   <div class='ocr_carea' id='block_1_38' title="bbox 459 3481 2121 3555">
    <p class='ocr_par' dir='ltr' id='par_1_38' title="bbox 459 3481 2121 3555">
     <span class='ocr_line' id='line_1_38' title="bbox 459 3481 2121 3555; baseline 0 -15"><span class='ocrx_word' id='word_1_243' title='bbox 459 3481 804 3540; x_wconf 77' lang='lat' dir='ltr'><strong>reddituros</strong></span> <span class='ocrx_word' id='word_1_244' title='bbox 825 3483 893 3550; x_wconf 74' lang='grc'><strong>⁵³,</strong></span> <span class='ocrx_word' id='word_1_245' title='bbox 928 3481 1077 3540; x_wconf 88' lang='lat' dir='ltr'><strong>nihil</strong></span> <span class='ocrx_word' id='word_1_246' title='bbox 1119 3481 1634 3540; x_wconf 88' lang='lat' dir='ltr'><strong>contemnendum</strong></span> <span class='ocrx_word' id='word_1_247' title='bbox 1663 3487 1752 3538; x_wconf 90' lang='lat' dir='ltr'><strong>est</strong></span> <span class='ocrx_word' id='word_1_248' title='bbox 1778 3483 1953 3555; x_wconf 85' lang='lat' dir='ltr'><strong>quasi</strong></span> <span class='ocrx_word' id='word_1_249' title='bbox 1981 3499 2121 3554; x_wconf 85' lang='lat' dir='ltr'><strong>par-</strong></span> 
     </span>
    </p>
   </div>
   <div class='ocr_carea' id='block_1_39' title="bbox 458 3573 2123 3646">
    <p class='ocr_par' dir='ltr' id='par_1_39' title="bbox 458 3573 2123 3646">
     <span class='ocr_line' id='line_1_39' title="bbox 458 3573 2123 3646; baseline 0.002 -17"><span class='ocrx_word' id='word_1_250' title='bbox 458 3589 628 3630; x_wconf 79' lang='lat' dir='ltr'><strong>vum.</strong></span> <span class='ocrx_word' id='word_1_251' title='bbox 660 3575 776 3643; x_wconf 88' lang='lat' dir='ltr'><strong>Qui</strong></span> <span class='ocrx_word' id='word_1_252' title='bbox 802 3576 981 3643; x_wconf 87' lang='lat' dir='ltr'><strong>enim,</strong></span> <span class='ocrx_word' id='word_1_253' title='bbox 1011 3573 1228 3646; x_wconf 84' lang='lat' dir='ltr'><strong>inquit,</strong></span> <span class='ocrx_word' id='word_1_254' title='bbox 1268 3589 1394 3630; x_wconf 90' lang='lat' dir='ltr'><strong>rem</strong></span> <span class='ocrx_word' id='word_1_255' title='bbox 1419 3576 1765 3643; x_wconf 83' lang='lat' dir='ltr'><strong>contemnit,</strong></span> <span class='ocrx_word' id='word_1_256' title='bbox 1792 3580 2123 3632; x_wconf 84' lang='lat' dir='ltr'><strong>contemne-</strong></span> 
     </span>
    </p>
   </div>
   <div class='ocr_carea' id='block_1_40' title="bbox 464 3662 2124 3738">
    <p class='ocr_par' dir='ltr' id='par_1_40' title="bbox 464 3662 2124 3738">
     <span class='ocr_line' id='line_1_40' title="bbox 464 3662 2124 3738; baseline 0 -18"><span class='ocrx_word' id='word_1_257' title='bbox 464 3669 569 3720; x_wconf 79' lang='lat' dir='ltr'><strong>tur</strong></span> <span class='ocrx_word' id='word_1_258' title='bbox 599 3679 675 3721; x_wconf 80' lang='lat' dir='ltr'><strong>ea:</strong></span> <span class='ocrx_word' id='word_1_259' title='bbox 706 3679 776 3722; x_wconf 88' lang='lat' dir='ltr'><strong>ea</strong></span> <span class='ocrx_word' id='word_1_260' title='bbox 797 3664 865 3720; x_wconf 83' lang='grc'><strong>⁵³.</strong></span> <span class='ocrx_word' id='word_1_261' title='bbox 901 3665 968 3720; x_wconf 84' lang='grc' dir='ltr'>Ει</span> <span class='ocrx_word' id='word_1_262' title='bbox 995 3662 1148 3719; x_wconf 86' lang='lat' dir='ltr'><strong>alias</strong></span> <span class='ocrx_word' id='word_1_263' title='bbox 1178 3662 1359 3736; x_wconf 81' lang='lat' dir='ltr'><strong>quale</strong></span> <span class='ocrx_word' id='word_1_264' title='bbox 1389 3668 1705 3735; x_wconf 87' lang='lat' dir='ltr'><strong>peccatum</strong></span> <span class='ocrx_word' id='word_1_265' title='bbox 1737 3664 1960 3722; x_wconf 79' lang='lat' dir='ltr'><strong>audeat</strong></span> <span class='ocrx_word' id='word_1_266' title='bbox 1986 3664 2124 3738; x_wconf 90' lang='lat' dir='ltr'><strong>quis</strong></span> 
     </span>
    </p>
   </div>
   <div class='ocr_carea' id='block_1_41' title="bbox 464 3752 2123 3827">
    <p class='ocr_par' dir='ltr' id='par_1_41' title="bbox 464 3752 2123 3827">
     <span class='ocr_line' id='line_1_41' title="bbox 464 3752 2123 3827; baseline 0.001 -17"><span class='ocrx_word' id='word_1_267' title='bbox 464 3767 728 3826; x_wconf 80' lang='lat' dir='ltr'><strong>parvum</strong></span> <span class='ocrx_word' id='word_1_268' title='bbox 773 3753 994 3822; x_wconf 86' lang='lat' dir='ltr'><strong>dicere,</strong></span> <span class='ocrx_word' id='word_1_269' title='bbox 1023 3758 1355 3827; x_wconf 83' lang='lat' dir='ltr'><strong>postquam</strong></span> <span class='ocrx_word' id='word_1_270' title='bbox 1382 3752 1562 3825; x_wconf 62' lang='lat'><strong>5.16</strong></span> <span class='ocrx_word' id='word_1_271' title='bbox 1595 3754 1916 3827; x_wconf 79' lang='lat' dir='ltr'><strong>Apostolus</strong></span> <span class='ocrx_word' id='word_1_272' title='bbox 1961 3755 2123 3814; x_wconf 87' lang='lat' dir='ltr'><strong>hanc</strong></span> 
     </span>
    </p>
   </div>
   <div class='ocr_carea' id='block_1_42' title="bbox 461 3843 2123 3917">
    <p class='ocr_par' dir='ltr' id='par_1_42' title="bbox 461 3843 2123 3917">
     <span class='ocr_line' id='line_1_42' title="bbox 461 3843 2123 3917; baseline 0.001 -18"><span class='ocrx_word' id='word_1_273' title='bbox 461 3843 712 3916; x_wconf 86' lang='lat' dir='ltr'><strong>protulit</strong></span> <span class='ocrx_word' id='word_1_274' title='bbox 763 3843 1121 3901; x_wconf 84' lang='lat' dir='ltr'><strong>sententiam</strong></span> <span class='ocrx_word' id='word_1_275' title='bbox 1157 3859 1171 3898; x_wconf 92' lang='lat'><strong>:</strong></span> <span class='ocrx_word' id='word_1_276' title='bbox 1204 3845 1328 3900; x_wconf 90' lang='lat' dir='ltr'><strong>Per</strong></span> <span class='ocrx_word' id='word_1_277' title='bbox 1370 3846 1933 3913; x_wconf 66' lang='lat' dir='ltr'><strong>praevaricationem</strong></span> <span class='ocrx_word' id='word_1_278' title='bbox 1977 3845 2123 3917; x_wconf 88' lang='lat' dir='ltr'><strong>legis</strong></span> 
     </span>
    </p>
   </div>
   <div class='ocr_carea' id='block_1_43' title="bbox 458 3931 2124 4007">
    <p class='ocr_par' dir='ltr' id='par_1_43' title="bbox 458 3931 2124 4007">
     <span class='ocr_line' id='line_1_43' title="bbox 458 3931 2124 4007; baseline 0.001 -18"><span class='ocrx_word' id='word_1_279' title='bbox 458 3933 651 3991; x_wconf 85' lang='lat' dir='ltr'><strong>Deum</strong></span> <span class='ocrx_word' id='word_1_280' title='bbox 683 3932 1017 3990; x_wconf 76' lang='lat' dir='ltr'><strong>inhonorus</strong></span> <span class='ocrx_word' id='word_1_281' title='bbox 1037 3933 1086 3968; x_wconf 71' lang='grc'><strong>⁵⁸</strong></span> <span class='ocrx_word' id='word_1_282' title='bbox 1107 3934 1134 3990; x_wconf 82' lang='lat' dir='ltr'><strong>‘I</strong></span> <span class='ocrx_word' id='word_1_283' title='bbox 1160 3931 1334 3997; x_wconf 87' lang='lat' dir='ltr'><strong>Quod</strong></span> <span class='ocrx_word' id='word_1_284' title='bbox 1364 3932 1411 3987; x_wconf 87' lang='lat' dir='ltr'><strong>si</strong></span> <span class='ocrx_word' id='word_1_285' title='bbox 1441 3932 1720 3991; x_wconf 84' lang='lat' dir='ltr'><strong>stimulus</strong></span> <span class='ocrx_word' id='word_1_286' title='bbox 1751 3934 1962 3992; x_wconf 88' lang='lat' dir='ltr'><strong>mortis</strong></span> <span class='ocrx_word' id='word_1_287' title='bbox 1980 3951 2124 4007; x_wconf 89' lang='lat' dir='ltr'><strong>pec-</strong></span> 
     </span>
    </p>
   </div>
   <div class='ocr_carea' id='block_1_44' title="bbox 2234 506 3830 586">
    <p class='ocr_par' dir='ltr' id='par_1_44' title="bbox 2234 506 3830 586">
     <span class='ocr_line' id='line_1_44' title="bbox 2234 506 3830 586; baseline 0.003 -28"><span class='ocrx_word' id='word_1_288' title='bbox 2234 507 2355 574; x_wconf 84' lang='grc' dir='ltr'>θεῐν,</span> <span class='ocrx_word' id='word_1_289' title='bbox 2408 506 2801 582; x_wconf 70' lang='grc' dir='ltr'><strong>ἀπαρνησάσθω</strong></span> <span class='ocrx_word' id='word_1_290' title='bbox 2851 508 3048 574; x_wconf 80' lang='grc' dir='ltr'>ἑαυτὸν,</span> <span class='ocrx_word' id='word_1_291' title='bbox 3105 514 3194 560; x_wconf 63' lang='grc' dir='ltr'>κλιὶ</span> <span class='ocrx_word' id='word_1_292' title='bbox 3241 507 3415 582; x_wconf 89' lang='grc' dir='ltr'>ἀράτω</span> <span class='ocrx_word' id='word_1_293' title='bbox 3467 514 3554 562; x_wconf 87' lang='grc' dir='ltr'>τὸν</span> <span class='ocrx_word' id='word_1_294' title='bbox 3607 517 3830 586; x_wconf 85' lang='grc' dir='ltr'>σταυρὸν</span> 
     </span>
    </p>
   </div>
   <div class='ocr_carea' id='block_1_45' title="bbox 2230 595 3830 670">
    <p class='ocr_par' dir='ltr' id='par_1_45' title="bbox 2230 595 3830 670">
     <span class='ocr_line' id='line_1_45' title="bbox 2230 595 3830 670; baseline 0.004 -24"><span class='ocrx_word' id='word_1_295' title='bbox 2230 595 2414 665; x_wconf 69' lang='grc' dir='ltr'>αὑτοῦ,</span> <span class='ocrx_word' id='word_1_296' title='bbox 2442 602 2532 649; x_wconf 86' lang='grc' dir='ltr'>καὶ</span> <span class='ocrx_word' id='word_1_297' title='bbox 2565 596 2903 651; x_wconf 74' lang='grc' dir='ltr'><strong>ἀκολουθείτω</strong></span> <span class='ocrx_word' id='word_1_298' title='bbox 2950 617 3059 670; x_wconf 79' lang='grc' dir='ltr'>μοι.</span> <span class='ocrx_word' id='word_1_299' title='bbox 3110 601 3312 650; x_wconf 78' lang='grc' dir='ltr'><strong>Τούτων</strong></span> <span class='ocrx_word' id='word_1_300' title='bbox 3363 596 3422 652; x_wconf 71' lang='grc' dir='ltr'><strong>δὲ</strong></span> <span class='ocrx_word' id='word_1_301' title='bbox 3470 600 3688 652; x_wconf 80' lang='grc' dir='ltr'>ἕκαστον</span> <span class='ocrx_word' id='word_1_302' title='bbox 3719 603 3830 653; x_wconf 87' lang='grc' dir='ltr'>οἰαν</span> 
     </span>
    </p>
   </div>
   <div class='ocr_carea' id='block_1_46' title="bbox 2228 680 3686 763">
    <p class='ocr_par' dir='ltr' id='par_1_46' title="bbox 2228 680 3686 763">
     <span class='ocr_line' id='line_1_46' title="bbox 2228 680 3686 763; baseline 0.004 -27"><span class='ocrx_word' id='word_1_303' title='bbox 2228 685 2344 756; x_wconf 79' lang='grc' dir='ltr'>ἔχει</span> <span class='ocrx_word' id='word_1_304' title='bbox 2377 680 2600 759; x_wconf 80' lang='grc' dir='ltr'>δύναμιν</span> <span class='ocrx_word' id='word_1_305' title='bbox 2633 690 2834 762; x_wconf 82' lang='grc' dir='ltr'>εἴρηται</span> <span class='ocrx_word' id='word_1_306' title='bbox 2865 686 2912 738; x_wconf 81' lang='grc' dir='ltr'>ἐν</span> <span class='ocrx_word' id='word_1_307' title='bbox 2943 694 3015 758; x_wconf 79' lang='grc' dir='ltr'>τῷ</span> <span class='ocrx_word' id='word_1_308' title='bbox 3040 691 3152 763; x_wconf 77' lang='grc' dir='ltr'>περὶ</span> <span class='ocrx_word' id='word_1_309' title='bbox 3179 686 3339 738; x_wconf 74' lang='grc' dir='ltr'>αὐτοῦ</span> <span class='ocrx_word' id='word_1_310' title='bbox 3373 687 3686 762; x_wconf 78' lang='grc' dir='ltr'>ἐρωτήματι.</span> 
     </span>
    </p>
   </div>
   <div class='ocr_carea' id='block_1_47' title="bbox 2814 901 3239 956">
    <p class='ocr_par' dir='ltr' id='par_1_47' title="bbox 2814 901 3239 956">
     <span class='ocr_line' id='line_1_47' title="bbox 2814 901 3239 956; baseline 0.007 -4"><span class='ocrx_word' id='word_1_311' title='bbox 2814 906 3130 954; x_wconf 81' lang='grc' dir='ltr'><strong>ΕΡΩΤΗΣΙΣ</strong></span> <span class='ocrx_word' id='word_1_312' title='bbox 3169 901 3217 954; x_wconf 75' lang='grc' dir='ltr'><strong><em>Γ</em></strong></span> <span class='ocrx_word' id='word_1_313' title='bbox 3225 943 3239 956; x_wconf 89' lang='grc'><strong>.</strong></span> 
     </span>
    </p>
   </div>
   <div class='ocr_carea' id='block_1_48' title="bbox 2224 1005 3834 1085">
    <p class='ocr_par' dir='ltr' id='par_1_48' title="bbox 2224 1005 3834 1085">
     <span class='ocr_line' id='line_1_48' title="bbox 2224 1005 3834 1085; baseline 0.002 -27"><span class='ocrx_word' id='word_1_314' title='bbox 2224 1008 2323 1058; x_wconf 86' lang='grc' dir='ltr'>Τὸν</span> <span class='ocrx_word' id='word_1_315' title='bbox 2355 1005 2718 1080; x_wconf 77' lang='grc' dir='ltr'>ἁμαρτάνοντα</span> <span class='ocrx_word' id='word_1_316' title='bbox 2741 1015 2851 1068; x_wconf 82' lang='grc' dir='ltr'><strong>πῶς</strong></span> <span class='ocrx_word' id='word_1_317' title='bbox 2877 1007 3271 1085; x_wconf 29' lang='grc' dir='ltr'>ἐπι-στρέψομεν,</span> <span class='ocrx_word' id='word_1_318' title='bbox 3302 1008 3330 1067; x_wconf 77' lang='grc' dir='ltr'><strong><em>ἦ</em></strong></span> <span class='ocrx_word' id='word_1_319' title='bbox 3360 1013 3429 1082; x_wconf 80' lang='grc' dir='ltr'><strong>μὴ</strong></span> <span class='ocrx_word' id='word_1_320' title='bbox 3466 1009 3834 1085; x_wconf 70' lang='grc' dir='ltr'>ἐπιστρέφοντα</span> 
     </span>
    </p>
   </div>
   <div class='ocr_carea' id='block_1_49' title="bbox 2814 1082 3239 1154">
    <p class='ocr_par' dir='ltr' id='par_1_49' title="bbox 2814 1082 3239 1154">
     <span class='ocr_line' id='line_1_49' title="bbox 2814 1082 3239 1154; baseline -0.002 -22"><span class='ocrx_word' id='word_1_321' title='bbox 2814 1087 2926 1140; x_wconf 84' lang='grc' dir='ltr'><strong>πῶς</strong></span> <span class='ocrx_word' id='word_1_322' title='bbox 2953 1082 3095 1152; x_wconf 75' lang='grc' dir='ltr'>ἔχειν</span> <span class='ocrx_word' id='word_1_323' title='bbox 3117 1084 3239 1154; x_wconf 81' lang='grc' dir='ltr'>κρή.</span> 
     </span>
    </p>
   </div>
   <div class='ocr_carea' id='block_1_50' title="bbox 2838 1201 3211 1250">
    <p class='ocr_par' dir='ltr' id='par_1_50' title="bbox 2838 1201 3211 1250">
     <span class='ocr_line' id='line_1_50' title="bbox 2838 1201 3211 1250; baseline 0.003 -1"><span class='ocrx_word' id='word_1_324' title='bbox 2838 1201 3211 1250; x_wconf 78' lang='grc' dir='ltr'><strong>ΑΠΟΚΡῙΣΙΣ.</strong></span> 
     </span>
    </p>
   </div>
   <div class='ocr_carea' id='block_1_51' title="bbox 2295 1300 3827 1381">
    <p class='ocr_par' dir='ltr' id='par_1_51' title="bbox 2295 1300 3827 1381">
     <span class='ocr_line' id='line_1_51' title="bbox 2295 1300 3827 1381; baseline 0 -27"><span class='ocrx_word' id='word_1_325' title='bbox 2295 1300 2379 1363; x_wconf 83' lang='grc' dir='ltr'><strong>Ὠς</strong></span> <span class='ocrx_word' id='word_1_326' title='bbox 2426 1304 2853 1376; x_wconf 73' lang='grc' dir='ltr'>προστετάγμεθα</span> <span class='ocrx_word' id='word_1_327' title='bbox 2899 1305 2999 1356; x_wconf 84' lang='grc' dir='ltr'>ύπό</span> <span class='ocrx_word' id='word_1_328' title='bbox 3039 1311 3128 1357; x_wconf 75' lang='grc' dir='ltr'>τοῦ</span> <span class='ocrx_word' id='word_1_329' title='bbox 3182 1308 3375 1381; x_wconf 81' lang='grc' dir='ltr'><strong>Κυρίου</strong></span> <span class='ocrx_word' id='word_1_330' title='bbox 3421 1303 3679 1365; x_wconf 84' lang='grc' dir='ltr'>εἰπόντος·</span> <span class='ocrx_word' id='word_1_331' title='bbox 3713 1303 3827 1356; x_wconf 75' lang='grc' dir='ltr'>Ἐὰν</span> 
     </span>
    </p>
   </div>
   <div class='ocr_carea' id='block_1_52' title="bbox 2228 1389 3826 1467">
    <p class='ocr_par' dir='ltr' id='par_1_52' title="bbox 2228 1389 3826 1467">
     <span class='ocr_line' id='line_1_52' title="bbox 2228 1389 3826 1467; baseline -0.001 -23"><span class='ocrx_word' id='word_1_332' title='bbox 2228 1389 2429 1467; x_wconf 77' lang='grc' dir='ltr'>ἁμάρτῃ</span> <span class='ocrx_word' id='word_1_333' title='bbox 2481 1392 2506 1446; x_wconf 86' lang='grc' dir='ltr'><em>ὁ</em></span> <span class='ocrx_word' id='word_1_334' title='bbox 2555 1393 2670 1454; x_wconf 79' lang='grc'>(55)</span> <span class='ocrx_word' id='word_1_335' title='bbox 2722 1389 2942 1466; x_wconf 71' lang='grc' dir='ltr'>ἀδελφὸς</span> <span class='ocrx_word' id='word_1_336' title='bbox 3001 1413 3116 1461; x_wconf 89' lang='grc' dir='ltr'>σου,</span> <span class='ocrx_word' id='word_1_337' title='bbox 3177 1394 3362 1466; x_wconf 78' lang='grc' dir='ltr'>ὕπαγε,</span> <span class='ocrx_word' id='word_1_338' title='bbox 3419 1392 3618 1466; x_wconf 65' lang='grc' dir='ltr'>ὒεγξον</span> <span class='ocrx_word' id='word_1_339' title='bbox 3671 1391 3826 1445; x_wconf 65' lang='grc' dir='ltr'>αὑτὸν</span> 
     </span>
    </p>
   </div>
   <div class='ocr_carea' id='block_1_53' title="bbox 2228 1468 3828 1555">
    <p class='ocr_par' dir='ltr' id='par_1_53' title="bbox 2228 1477 3828 1555">
     <span class='ocr_line' id='line_1_53' title="bbox 2228 1477 3828 1555; baseline -0.001 -21"><span class='ocrx_word' id='word_1_340' title='bbox 2228 1481 2420 1554; x_wconf 74' lang='grc' dir='ltr'>μεταξύ</span> <span class='ocrx_word' id='word_1_341' title='bbox 2451 1490 2545 1534; x_wconf 83' lang='grc' dir='ltr'><strong>σού</strong></span> <span class='ocrx_word' id='word_1_342' title='bbox 2573 1487 2661 1534; x_wconf 84' lang='grc' dir='ltr'>καὶ</span> <span class='ocrx_word' id='word_1_343' title='bbox 2693 1482 2852 1534; x_wconf 85' lang='grc' dir='ltr'>αύτού</span> <span class='ocrx_word' id='word_1_344' title='bbox 2883 1487 3063 1555; x_wconf 81' lang='grc' dir='ltr'>μόνου.</span> <span class='ocrx_word' id='word_1_345' title='bbox 3095 1481 3208 1536; x_wconf 85' lang='grc' dir='ltr'>Ἐάν</span> <span class='ocrx_word' id='word_1_346' title='bbox 3239 1502 3333 1534; x_wconf 94' lang='grc' dir='ltr'><strong>σου</strong></span> <span class='ocrx_word' id='word_1_347' title='bbox 3356 1480 3581 1555; x_wconf 87' lang='grc' dir='ltr'>ἀκούσῃ,</span> <span class='ocrx_word' id='word_1_348' title='bbox 3605 1477 3757 1555; x_wconf 82' lang='grc' dir='ltr'>ἑκέρδ</span> <span class='ocrx_word' id='word_1_349' title='bbox 3763 1500 3828 1538; x_wconf 79' lang='lat'><strong>1:-</strong></span> 
     </span>
    </p>
   </div>
   <div class='ocr_carea' id='block_1_54' title="bbox 2232 1567 3832 1644">
    <p class='ocr_par' dir='ltr' id='par_1_54' title="bbox 2232 1567 3832 1644">
     <span class='ocr_line' id='line_1_54' title="bbox 2232 1567 3832 1644; baseline -0.002 -22"><span class='ocrx_word' id='word_1_350' title='bbox 2232 1589 2330 1632; x_wconf 85' lang='grc' dir='ltr'>σας</span> <span class='ocrx_word' id='word_1_351' title='bbox 2377 1574 2462 1623; x_wconf 87' lang='grc' dir='ltr'>τὸν</span> <span class='ocrx_word' id='word_1_352' title='bbox 2511 1567 2727 1644; x_wconf 69' lang='grc' dir='ltr'>ἀδελφὸν</span> <span class='ocrx_word' id='word_1_353' title='bbox 2762 1590 2856 1623; x_wconf 87' lang='grc' dir='ltr'><strong>σου</strong></span> <span class='ocrx_word' id='word_1_354' title='bbox 2883 1589 2894 1600; x_wconf 93' lang='grc'>·</span> <span class='ocrx_word' id='word_1_355' title='bbox 2931 1569 3014 1623; x_wconf 81' lang='grc' dir='ltr'>ἐὰν</span> <span class='ocrx_word' id='word_1_356' title='bbox 3065 1568 3122 1624; x_wconf 67' lang='grc' dir='ltr'>δι</span> <span class='ocrx_word' id='word_1_357' title='bbox 3172 1576 3243 1644; x_wconf 79' lang='grc' dir='ltr'><strong>μὴ</strong></span> <span class='ocrx_word' id='word_1_358' title='bbox 3297 1569 3524 1643; x_wconf 86' lang='grc' dir='ltr'>ἀκούσῃ,</span> <span class='ocrx_word' id='word_1_359' title='bbox 3568 1567 3832 1642; x_wconf 76' lang='grc' dir='ltr'>παράλαϐε</span> 
     </span>
    </p>
   </div>
   <div class='ocr_carea' id='block_1_55' title="bbox 2228 1655 3831 1734">
    <p class='ocr_par' dir='ltr' id='par_1_55' title="bbox 2228 1655 3831 1734">
     <span class='ocr_line' id='line_1_55' title="bbox 2228 1655 3831 1734; baseline -0.002 -21"><span class='ocrx_word' id='word_1_360' title='bbox 2228 1663 2356 1734; x_wconf 85' lang='grc' dir='ltr'>μετά</span> <span class='ocrx_word' id='word_1_361' title='bbox 2389 1668 2483 1712; x_wconf 80' lang='grc' dir='ltr'>σοῦ</span> <span class='ocrx_word' id='word_1_362' title='bbox 2515 1663 2588 1712; x_wconf 87' lang='grc' dir='ltr'>ἔτι</span> <span class='ocrx_word' id='word_1_363' title='bbox 2619 1662 2704 1714; x_wconf 79' lang='grc' dir='ltr'>ἕνα</span> <span class='ocrx_word' id='word_1_364' title='bbox 2743 1662 2771 1719; x_wconf 80' lang='grc' dir='ltr'>ἡ</span> <span class='ocrx_word' id='word_1_365' title='bbox 2810 1657 2927 1725; x_wconf 76' lang='grc' dir='ltr'>δύο,</span> <span class='ocrx_word' id='word_1_366' title='bbox 2964 1663 3046 1713; x_wconf 78' lang='grc' dir='ltr'>ἵνα</span> <span class='ocrx_word' id='word_1_367' title='bbox 3076 1659 3158 1714; x_wconf 81' lang='grc' dir='ltr'><strong>ἐπὶ</strong></span> <span class='ocrx_word' id='word_1_368' title='bbox 3201 1665 3458 1734; x_wconf 77' lang='grc' dir='ltr'>στὸματος</span> <span class='ocrx_word' id='word_1_369' title='bbox 3489 1655 3586 1712; x_wconf 82' lang='grc' dir='ltr'>δύο</span> <span class='ocrx_word' id='word_1_370' title='bbox 3625 1661 3831 1734; x_wconf 81' lang='grc' dir='ltr'>μαρτύ-</span> 
     </span>
    </p>
   </div>
   <div class='ocr_carea' id='block_1_56' title="bbox 2227 1744 3831 1825">
    <p class='ocr_par' dir='ltr' id='par_1_56' title="bbox 2227 1744 3831 1825">
     <span class='ocr_line' id='line_1_56' title="bbox 2227 1744 3831 1825; baseline -0.001 -24"><span class='ocrx_word' id='word_1_371' title='bbox 2227 1769 2328 1825; x_wconf 91' lang='grc' dir='ltr'>ρων</span> <span class='ocrx_word' id='word_1_372' title='bbox 2360 1751 2388 1810; x_wconf 74' lang='grc' dir='ltr'>ἡ</span> <span class='ocrx_word' id='word_1_373' title='bbox 2423 1758 2578 1825; x_wconf 85' lang='grc' dir='ltr'>τριῶν</span> <span class='ocrx_word' id='word_1_374' title='bbox 2611 1750 2726 1813; x_wconf 79' lang='grc'>(56)</span> <span class='ocrx_word' id='word_1_375' title='bbox 2757 1752 2918 1822; x_wconf 73' lang='grc' dir='ltr'>σταθῇ</span> <span class='ocrx_word' id='word_1_376' title='bbox 2954 1756 3053 1802; x_wconf 80' lang='grc' dir='ltr'>πᾶν</span> <span class='ocrx_word' id='word_1_377' title='bbox 3077 1751 3243 1825; x_wconf 77' lang='grc' dir='ltr'>ῥῆμα.</span> <span class='ocrx_word' id='word_1_378' title='bbox 3281 1750 3395 1802; x_wconf 80' lang='grc' dir='ltr'><strong>Ἐὰν</strong></span> <span class='ocrx_word' id='word_1_379' title='bbox 3427 1744 3486 1801; x_wconf 64' lang='grc' dir='ltr'><strong>δὲ</strong></span> <span class='ocrx_word' id='word_1_380' title='bbox 3517 1751 3831 1821; x_wconf 78' lang='grc' dir='ltr'><strong>παρακούσῃ</strong></span> 
     </span>
    </p>
   </div>
   <div class='ocr_carea' id='block_1_57' title="bbox 2230 1835 3836 1914">
    <p class='ocr_par' dir='ltr' id='par_1_57' title="bbox 2230 1835 3836 1914">
     <span class='ocr_line' id='line_1_57' title="bbox 2230 1835 3836 1914; baseline 0 -24"><span class='ocrx_word' id='word_1_381' title='bbox 2230 1839 2396 1891; x_wconf 86' lang='grc' dir='ltr'>αύτῶν</span> <span class='ocrx_word' id='word_1_382' title='bbox 2429 1843 2514 1892; x_wconf 86' lang='grc' dir='ltr'>επέ</span> <span class='ocrx_word' id='word_1_383' title='bbox 2543 1847 2604 1910; x_wconf 75' lang='grc' dir='ltr'>τῇ</span> <span class='ocrx_word' id='word_1_384' title='bbox 2640 1839 2924 1914; x_wconf 70' lang='grc' dir='ltr'>Ἐκκλησία</span> <span class='ocrx_word' id='word_1_385' title='bbox 2954 1839 3035 1890; x_wconf 77' lang='grc' dir='ltr'><strong>ἐὰν</strong></span> <span class='ocrx_word' id='word_1_386' title='bbox 3068 1835 3126 1891; x_wconf 66' lang='grc' dir='ltr'><strong>δὲ</strong></span> <span class='ocrx_word' id='word_1_387' title='bbox 3151 1843 3240 1892; x_wconf 88' lang='grc' dir='ltr'>καὶ</span> <span class='ocrx_word' id='word_1_388' title='bbox 3265 1847 3359 1900; x_wconf 79' lang='grc' dir='ltr'><strong>τῆς</strong></span> <span class='ocrx_word' id='word_1_389' title='bbox 3392 1837 3705 1898; x_wconf 76' lang='grc' dir='ltr'>Ἐκκλησίας</span> <span class='ocrx_word' id='word_1_390' title='bbox 3728 1838 3836 1908; x_wconf 78' lang='grc'>(57)</span> 
     </span>
    </p>
   </div>
   <div class='ocr_carea' id='block_1_58' title="bbox 2227 1925 3834 2004">
    <p class='ocr_par' dir='ltr' id='par_1_58' title="bbox 2227 1925 3834 2004">
     <span class='ocr_line' id='line_1_58' title="bbox 2227 1925 3834 2004; baseline -0.002 -22"><span class='ocrx_word' id='word_1_391' title='bbox 2227 1931 2563 2004; x_wconf 81' lang='grc' dir='ltr'>παρακούσῃ,</span> <span class='ocrx_word' id='word_1_392' title='bbox 2597 1931 2728 1981; x_wconf 86' lang='grc' dir='ltr'>ἔστω</span> <span class='ocrx_word' id='word_1_393' title='bbox 2762 1948 2846 1981; x_wconf 91' lang='grc' dir='ltr'><strong>σοι</strong></span> <span class='ocrx_word' id='word_1_394' title='bbox 2876 1931 2939 1990; x_wconf 81' lang='grc' dir='ltr'><strong>ὡς</strong></span> <span class='ocrx_word' id='word_1_395' title='bbox 2979 1931 3003 1980; x_wconf 88' lang='grc' dir='ltr'>ὀ</span> <span class='ocrx_word' id='word_1_396' title='bbox 3033 1928 3232 1990; x_wconf 80' lang='grc' dir='ltr'><strong>ἐθνικὸς</strong></span> <span class='ocrx_word' id='word_1_397' title='bbox 3256 1933 3346 1980; x_wconf 82' lang='grc' dir='ltr'>καὶ</span> <span class='ocrx_word' id='word_1_398' title='bbox 3377 1929 3402 1980; x_wconf 84' lang='grc' dir='ltr'><strong><em>ὁ</em></strong></span> <span class='ocrx_word' id='word_1_399' title='bbox 3440 1927 3682 1988; x_wconf 67' lang='grc' dir='ltr'>τελώνης.</span> <span class='ocrx_word' id='word_1_400' title='bbox 3717 1925 3834 1980; x_wconf 76' lang='grc' dir='ltr'>Ἐὰν</span> 
     </span>
    </p>
   </div>
   <div class='ocr_carea' id='block_1_59' title="bbox 2229 2016 3837 2095">
    <p class='ocr_par' dir='ltr' id='par_1_59' title="bbox 2229 2016 3837 2095">
     <span class='ocr_line' id='line_1_59' title="bbox 2229 2016 3837 2095; baseline -0.001 -26"><span class='ocrx_word' id='word_1_401' title='bbox 2229 2018 2332 2091; x_wconf 79' lang='grc' dir='ltr'>ἄρα</span> <span class='ocrx_word' id='word_1_402' title='bbox 2377 2020 2592 2090; x_wconf 72' lang='grc' dir='ltr'>γένηται</span> <span class='ocrx_word' id='word_1_403' title='bbox 2635 2026 2804 2084; x_wconf 77' lang='grc' dir='ltr'>τοῦτο,</span> <span class='ocrx_word' id='word_1_404' title='bbox 2849 2018 3086 2095; x_wconf 83' lang='grc' dir='ltr'>Ἀρκετὸν</span> <span class='ocrx_word' id='word_1_405' title='bbox 3134 2026 3206 2089; x_wconf 85' lang='grc' dir='ltr'>τῷ</span> <span class='ocrx_word' id='word_1_406' title='bbox 3253 2020 3469 2090; x_wconf 85' lang='grc' dir='ltr'>τοιούτῳ</span> <span class='ocrx_word' id='word_1_407' title='bbox 3519 2018 3548 2075; x_wconf 83' lang='grc' dir='ltr'><strong>ἠ</strong></span> <span class='ocrx_word' id='word_1_408' title='bbox 3602 2016 3837 2090; x_wconf 80' lang='grc' dir='ltr'>ἐπιτιμία</span> 
     </span>
    </p>
   </div>
   <div class='ocr_carea' id='block_1_60' title="bbox 2229 2105 3831 2183">
    <p class='ocr_par' dir='ltr' id='par_1_60' title="bbox 2229 2105 3831 2183">
     <span class='ocr_line' id='line_1_60' title="bbox 2229 2105 3831 2183; baseline -0.001 -24"><span class='ocrx_word' id='word_1_409' title='bbox 2229 2111 2360 2164; x_wconf 74' lang='grc' dir='ltr'>αὕτη</span> <span class='ocrx_word' id='word_1_410' title='bbox 2395 2109 2422 2165; x_wconf 77' lang='grc' dir='ltr'>ἡ</span> <span class='ocrx_word' id='word_1_411' title='bbox 2468 2109 2566 2160; x_wconf 86' lang='grc' dir='ltr'>ύπό</span> <span class='ocrx_word' id='word_1_412' title='bbox 2606 2116 2705 2159; x_wconf 89' lang='grc' dir='ltr'>τῶν</span> <span class='ocrx_word' id='word_1_413' title='bbox 2734 2107 2998 2178; x_wconf 83' lang='grc' dir='ltr'>πλειόνων,</span> <span class='ocrx_word' id='word_1_414' title='bbox 3031 2114 3122 2159; x_wconf 83' lang='grc' dir='ltr'><strong>τού</strong></span> <span class='ocrx_word' id='word_1_415' title='bbox 3154 2106 3471 2160; x_wconf 82' lang='grc' dir='ltr'>Ἀποστόλου</span> <span class='ocrx_word' id='word_1_416' title='bbox 3497 2105 3831 2183; x_wconf 69' lang='grc' dir='ltr'>γράψαντος·</span> 
     </span>
    </p>
   </div>
   <div class='ocr_carea' id='block_1_61' title="bbox 2229 2195 3835 2273">
    <p class='ocr_par' dir='ltr' id='par_1_61' title="bbox 2229 2195 3835 2273">
     <span class='ocr_line' id='line_1_61' title="bbox 2229 2195 3835 2273; baseline -0.001 -24"><span class='ocrx_word' id='word_1_417' title='bbox 2229 2195 2488 2269; x_wconf 77' lang='grc' dir='ltr'>Ἐλεγξον,</span> <span class='ocrx_word' id='word_1_418' title='bbox 2524 2200 2852 2271; x_wconf 81' lang='grc' dir='ltr'>ἔπιτίμῃσον,</span> <span class='ocrx_word' id='word_1_419' title='bbox 2887 2196 3246 2273; x_wconf 78' lang='grc' dir='ltr'>παρακάλεσον</span> <span class='ocrx_word' id='word_1_420' title='bbox 3296 2195 3343 2248; x_wconf 80' lang='grc' dir='ltr'>ἐν</span> <span class='ocrx_word' id='word_1_421' title='bbox 3392 2198 3535 2271; x_wconf 89' lang='grc' dir='ltr'>πάσῃ</span> <span class='ocrx_word' id='word_1_422' title='bbox 3572 2197 3835 2270; x_wconf 88' lang='grc' dir='ltr'>μακροθυ-</span> 
     </span>
    </p>
   </div>
   <div class='ocr_carea' id='block_1_62' title="bbox 2229 2282 3836 2362">
    <p class='ocr_par' dir='ltr' id='par_1_62' title="bbox 2229 2282 3836 2362">
     <span class='ocr_line' id='line_1_62' title="bbox 2229 2282 3836 2362; baseline -0.002 -25"><span class='ocrx_word' id='word_1_423' title='bbox 2229 2290 2347 2362; x_wconf 75' lang='grc' dir='ltr'>μίᾳ,</span> <span class='ocrx_word' id='word_1_424' title='bbox 2381 2291 2468 2338; x_wconf 82' lang='grc' dir='ltr'>καὶ</span> <span class='ocrx_word' id='word_1_425' title='bbox 2510 2282 2719 2360; x_wconf 72' lang='grc' dir='ltr'>διδαχῇ</span> <span class='ocrx_word' id='word_1_426' title='bbox 2741 2309 2752 2319; x_wconf 88' lang='grc'>·</span> <span class='ocrx_word' id='word_1_427' title='bbox 2788 2291 2877 2339; x_wconf 85' lang='grc' dir='ltr'><strong>καὶ</strong></span> <span class='ocrx_word' id='word_1_428' title='bbox 2907 2286 3060 2338; x_wconf 86' lang='grc' dir='ltr'>πάλιν</span> <span class='ocrx_word' id='word_1_429' title='bbox 3085 2307 3098 2319; x_wconf 78' lang='grc'><em>’</em></span> <span class='ocrx_word' id='word_1_430' title='bbox 3131 2285 3193 2339; x_wconf 85' lang='grc' dir='ltr'>Εἰ</span> <span class='ocrx_word' id='word_1_431' title='bbox 3236 2282 3296 2338; x_wconf 78' lang='grc' dir='ltr'>δέ</span> <span class='ocrx_word' id='word_1_432' title='bbox 3332 2305 3412 2346; x_wconf 85' lang='grc' dir='ltr'>τις</span> <span class='ocrx_word' id='word_1_433' title='bbox 3443 2284 3548 2358; x_wconf 82' lang='grc' dir='ltr'><strong>ούχ</strong></span> <span class='ocrx_word' id='word_1_434' title='bbox 3587 2287 3836 2338; x_wconf 78' lang='grc' dir='ltr'>ὑπακούει</span> 
     </span>
    </p>
   </div>
   <div class='ocr_carea' id='block_1_63' title="bbox 2231 2373 3831 2450">
    <p class='ocr_par' dir='ltr' id='par_1_63' title="bbox 2231 2373 3831 2450">
     <span class='ocr_line' id='line_1_63' title="bbox 2231 2373 3831 2450; baseline 0 -22"><span class='ocrx_word' id='word_1_435' title='bbox 2231 2385 2303 2447; x_wconf 84' lang='grc' dir='ltr'>τῷ</span> <span class='ocrx_word' id='word_1_436' title='bbox 2347 2376 2482 2449; x_wconf 73' lang='grc' dir='ltr'>λόγῳ</span> <span class='ocrx_word' id='word_1_437' title='bbox 2514 2378 2680 2450; x_wconf 78' lang='grc' dir='ltr'>ἡμῶν,</span> <span class='ocrx_word' id='word_1_438' title='bbox 2716 2373 2810 2431; x_wconf 82' lang='grc' dir='ltr'><strong>διὰ</strong></span> <span class='ocrx_word' id='word_1_439' title='bbox 2837 2385 2931 2440; x_wconf 84' lang='grc' dir='ltr'><strong>τῆς</strong></span> <span class='ocrx_word' id='word_1_440' title='bbox 2963 2375 3239 2436; x_wconf 74' lang='grc' dir='ltr'>ἐπιστολῆς</span> <span class='ocrx_word' id='word_1_441' title='bbox 3265 2383 3446 2428; x_wconf 84' lang='grc' dir='ltr'>τοῦτον</span> <span class='ocrx_word' id='word_1_442' title='bbox 3480 2377 3794 2449; x_wconf 75' lang='grc' dir='ltr'>σημειοῦσθε</span> <span class='ocrx_word' id='word_1_443' title='bbox 3821 2396 3831 2406; x_wconf 94' lang='grc'>·</span> 
     </span>
    </p>
   </div>
   <div class='ocr_carea' id='block_1_64' title="bbox 2231 2464 3508 2543">
    <p class='ocr_par' dir='ltr' id='par_1_64' title="bbox 2231 2464 3508 2543">
     <span class='ocr_line' id='line_1_64' title="bbox 2231 2464 3508 2543; baseline 0 -25"><span class='ocrx_word' id='word_1_444' title='bbox 2231 2471 2322 2519; x_wconf 87' lang='grc' dir='ltr'>καὶ</span> <span class='ocrx_word' id='word_1_445' title='bbox 2360 2470 2432 2542; x_wconf 75' lang='grc' dir='ltr'><strong>μὴ</strong></span> <span class='ocrx_word' id='word_1_446' title='bbox 2467 2468 2922 2540; x_wconf 77' lang='grc' dir='ltr'>συναναμίγνυσθε</span> <span class='ocrx_word' id='word_1_447' title='bbox 2953 2466 3115 2538; x_wconf 83' lang='grc' dir='ltr'>αύτῷ,</span> <span class='ocrx_word' id='word_1_448' title='bbox 3150 2467 3233 2518; x_wconf 85' lang='grc' dir='ltr'>ἵνα</span> <span class='ocrx_word' id='word_1_449' title='bbox 3262 2464 3508 2543; x_wconf 75' lang='grc' dir='ltr'>ἐντραπῇ.</span> 
     </span>
    </p>
   </div>
   <div class='ocr_carea' id='block_1_65' title="bbox 2824 2582 3247 2640">
    <p class='ocr_par' dir='ltr' id='par_1_65' title="bbox 2824 2582 3247 2640">
     <span class='ocr_line' id='line_1_65' title="bbox 2824 2582 3247 2640; baseline 0 -4"><span class='ocrx_word' id='word_1_450' title='bbox 2824 2587 3141 2640; x_wconf 82' lang='grc' dir='ltr'><strong>ΕΡΩΤΗΣῘΣ</strong></span> <span class='ocrx_word' id='word_1_451' title='bbox 3177 2582 3247 2637; x_wconf 84' lang='grc' dir='ltr'><strong>Δ’.</strong></span> 
     </span>
    </p>
   </div>
   <div class='ocr_carea' id='block_1_66' title="bbox 2232 2689 3832 2780">
    <p class='ocr_par' dir='ltr' id='par_1_66' title="bbox 2232 2689 3832 2780">
     <span class='ocr_line' id='line_1_66' title="bbox 2232 2689 3832 2780; baseline -0.002 -37"><span class='ocrx_word' id='word_1_452' title='bbox 2232 2689 2351 2743; x_wconf 84' lang='grc' dir='ltr'>Ἐάν</span> <span class='ocrx_word' id='word_1_453' title='bbox 2375 2709 2459 2776; x_wconf 69' lang='grc' dir='ltr'>τις</span> <span class='ocrx_word' id='word_1_454' title='bbox 2487 2693 2592 2780; x_wconf 42' lang='lat' dir='ltr'><strong>fieri</strong></span> <span class='ocrx_word' id='word_1_455' title='bbox 2626 2689 2696 2777; x_wconf 61' lang='grc' dir='ltr'><strong>εἰς</strong></span> <span class='ocrx_word' id='word_1_456' title='bbox 2718 2689 2833 2780; x_wconf 67' lang='grc'>(58)</span> <span class='ocrx_word' id='word_1_457' title='bbox 2855 2693 2928 2774; x_wconf 46' lang='grc' dir='ltr'><strong>’τὰ</strong></span> <span class='ocrx_word' id='word_1_458' title='bbox 2959 2691 3123 2775; x_wconf 78' lang='grc' dir='ltr'>μικρὰ</span> <span class='ocrx_word' id='word_1_459' title='bbox 3153 2689 3506 2780; x_wconf 31' lang='grc' dir='ltr'>ἁβαρτνῃματα</span> <span class='ocrx_word' id='word_1_460' title='bbox 3535 2696 3832 2778; x_wconf 52' lang='grc' dir='ltr'>στενοζωρῇ</span> 
     </span>
    </p>
   </div>
   <div class='ocr_carea' id='block_1_67' title="bbox 2303 2757 3833 2834">
    <p class='ocr_par' dir='ltr' id='par_1_67' title="bbox 2303 2757 3833 2834">
     <span class='ocr_line' id='line_1_67' title="bbox 2303 2757 3833 2834; baseline -0.001 -21"><span class='ocrx_word' id='word_1_461' title='bbox 2303 2765 2422 2824; x_wconf 83' lang='grc' dir='ltr'>τούς</span> <span class='ocrx_word' id='word_1_462' title='bbox 2477 2757 2759 2834; x_wconf 73' lang='grc' dir='ltr'>ἀδελφούς,</span> <span class='ocrx_word' id='word_1_463' title='bbox 2811 2757 2990 2834; x_wconf 69' lang='grc' dir='ltr'>λέγων.</span> <span class='ocrx_word' id='word_1_464' title='bbox 3045 2757 3126 2815; x_wconf 83' lang='grc' dir='ltr'>ὅτι</span> <span class='ocrx_word' id='word_1_465' title='bbox 3187 2757 3440 2834; x_wconf 66' lang='grc' dir='ltr'>Ὀᾡείλὶτε</span> <span class='ocrx_word' id='word_1_466' title='bbox 3494 2757 3833 2834; x_wconf 66' lang='grc' dir='ltr'>μετανοῆσαι,</span> 
     </span>
    </p>
   </div>
   <div class='ocr_carea' id='block_1_68' title="bbox 2301 2830 3836 2907">
    <p class='ocr_par' dir='ltr' id='par_1_68' title="bbox 2301 2830 3836 2907">
     <span class='ocr_line' id='line_1_68' title="bbox 2301 2830 3836 2907; baseline -0.002 -22"><span class='ocrx_word' id='word_1_467' title='bbox 2301 2838 2501 2907; x_wconf 75' lang='grc' dir='ltr'>μήποτε</span> <span class='ocrx_word' id='word_1_468' title='bbox 2539 2830 2629 2885; x_wconf 78' lang='grc' dir='ltr'><strong>καὶ</strong></span> <span class='ocrx_word' id='word_1_469' title='bbox 2673 2832 2820 2896; x_wconf 69' lang='grc' dir='ltr'>αὐτὸς</span> <span class='ocrx_word' id='word_1_470' title='bbox 2850 2830 3187 2907; x_wconf 79' lang='grc' dir='ltr'>ἄσπλανχνός</span> <span class='ocrx_word' id='word_1_471' title='bbox 3226 2830 3359 2902; x_wconf 81' lang='grc' dir='ltr'>ἐστι,</span> <span class='ocrx_word' id='word_1_472' title='bbox 3387 2830 3600 2892; x_wconf 64' lang='grc' dir='ltr'>καὶτὸν</span> <span class='ocrx_word' id='word_1_473' title='bbox 3628 2830 3836 2904; x_wconf 67' lang='grc' dir='ltr'>ἀγάπην</span> 
     </span>
    </p>
   </div>
   <div class='ocr_carea' id='block_1_69' title="bbox 2159 2903 2562 2980">
    <p class='ocr_par' dir='ltr' id='par_1_69' title="bbox 2159 2903 2562 2980">
     <span class='ocr_line' id='line_1_69' title="bbox 2159 2903 2562 2980; baseline 0.005 -24"><span class='ocrx_word' id='word_1_474' title='bbox 2159 2925 2200 2980; x_wconf 77' lang='lat' dir='ltr'><strong>C</strong></span> <span class='ocrx_word' id='word_1_475' title='bbox 2301 2903 2562 2958; x_wconf 77' lang='grc' dir='ltr'>καταλύει.</span> 
     </span>
    </p>
   </div>
   <div class='ocr_carea' id='block_1_70' title="bbox 2845 3027 3218 3077">
    <p class='ocr_par' dir='ltr' id='par_1_70' title="bbox 2845 3027 3218 3077">
     <span class='ocr_line' id='line_1_70' title="bbox 2845 3027 3218 3077; baseline 0.011 -4"><span class='ocrx_word' id='word_1_476' title='bbox 2845 3027 3218 3077; x_wconf 81' lang='grc' dir='ltr'><strong>ΑΠΟΚΡΙΣΙΣ.</strong></span> 
     </span>
    </p>
   </div>
   <div class='ocr_carea' id='block_1_71' title="bbox 2302 3126 3839 3204">
    <p class='ocr_par' dir='ltr' id='par_1_71' title="bbox 2302 3126 3839 3204">
     <span class='ocr_line' id='line_1_71' title="bbox 2302 3126 3839 3204; baseline -0.001 -20"><span class='ocrx_word' id='word_1_477' title='bbox 2302 3137 2406 3184; x_wconf 80' lang='grc' dir='ltr'><strong>Τοῦ</strong></span> <span class='ocrx_word' id='word_1_478' title='bbox 2468 3133 2661 3204; x_wconf 79' lang='grc' dir='ltr'>Κυρίου</span> <span class='ocrx_word' id='word_1_479' title='bbox 2716 3126 3233 3202; x_wconf 77' lang='grc' dir='ltr'>ὃιαϐεϐαιωσαμένου</span> <span class='ocrx_word' id='word_1_480' title='bbox 3290 3132 3418 3202; x_wconf 63' lang='grc' dir='ltr'>μὲν,</span> <span class='ocrx_word' id='word_1_481' title='bbox 3474 3131 3551 3188; x_wconf 86' lang='grc' dir='ltr'>ὅτι</span> <span class='ocrx_word' id='word_1_482' title='bbox 3615 3129 3741 3182; x_wconf 87' lang='grc' dir='ltr'>ἰῶτα</span> <span class='ocrx_word' id='word_1_483' title='bbox 3791 3127 3839 3182; x_wconf 78' lang='grc' dir='ltr'>ἓν</span> 
     </span>
    </p>
   </div>
   <div class='ocr_carea' id='block_1_72' title="bbox 2233 3217 3840 3295">
    <p class='ocr_par' dir='ltr' id='par_1_72' title="bbox 2233 3217 3840 3295">
     <span class='ocr_line' id='line_1_72' title="bbox 2233 3217 3840 3295; baseline 0 -23"><span class='ocrx_word' id='word_1_484' title='bbox 2233 3223 2262 3280; x_wconf 82' lang='grc' dir='ltr'><strong>ἣ</strong></span> <span class='ocrx_word' id='word_1_485' title='bbox 2321 3225 2418 3292; x_wconf 76' lang='grc' dir='ltr'><strong>μία</strong></span> <span class='ocrx_word' id='word_1_486' title='bbox 2466 3224 2652 3295; x_wconf 82' lang='grc' dir='ltr'>κεραία</span> <span class='ocrx_word' id='word_1_487' title='bbox 2695 3218 2755 3271; x_wconf 85' lang='grc' dir='ltr'><strong>ού</strong></span> <span class='ocrx_word' id='word_1_488' title='bbox 2801 3224 2872 3291; x_wconf 78' lang='grc' dir='ltr'><strong>μὴ</strong></span> <span class='ocrx_word' id='word_1_489' title='bbox 2920 3218 3149 3294; x_wconf 85' lang='grc' dir='ltr'>παρέλθῃ</span> <span class='ocrx_word' id='word_1_490' title='bbox 3212 3217 3312 3272; x_wconf 84' lang='grc' dir='ltr'>ἀπὸ</span> <span class='ocrx_word' id='word_1_491' title='bbox 3366 3226 3456 3273; x_wconf 79' lang='grc' dir='ltr'>τοῦ</span> <span class='ocrx_word' id='word_1_492' title='bbox 3508 3223 3690 3291; x_wconf 80' lang='grc' dir='ltr'>νόμου,</span> <span class='ocrx_word' id='word_1_493' title='bbox 3752 3221 3840 3278; x_wconf 81' lang='grc' dir='ltr'><strong>ἕως</strong></span> 
     </span>
    </p>
   </div>
   <div class='ocr_carea' id='block_1_73' title="bbox 2234 3305 3841 3384">
    <p class='ocr_par' dir='ltr' id='par_1_73' title="bbox 2234 3305 3841 3384">
     <span class='ocr_line' id='line_1_73' title="bbox 2234 3305 3841 3384; baseline -0.002 -22"><span class='ocrx_word' id='word_1_494' title='bbox 2234 3309 2295 3362; x_wconf 79' lang='grc' dir='ltr'><strong>ἂν</strong></span> <span class='ocrx_word' id='word_1_495' title='bbox 2350 3311 2519 3362; x_wconf 84' lang='grc' dir='ltr'>πάντα</span> <span class='ocrx_word' id='word_1_496' title='bbox 2562 3313 2798 3381; x_wconf 67' lang='grc' dir='ltr'>γένηται,</span> <span class='ocrx_word' id='word_1_497' title='bbox 2850 3306 3246 3382; x_wconf 72' lang='grc' dir='ltr'>ἀποφηναμένου</span> <span class='ocrx_word' id='word_1_498' title='bbox 3293 3305 3372 3376; x_wconf 67' lang='grc' dir='ltr'><strong>δὲ,</strong></span> <span class='ocrx_word' id='word_1_499' title='bbox 3415 3310 3494 3362; x_wconf 88' lang='grc' dir='ltr'>ὅτι</span> <span class='ocrx_word' id='word_1_500' title='bbox 3543 3315 3652 3362; x_wconf 81' lang='grc' dir='ltr'>Πᾶν</span> <span class='ocrx_word' id='word_1_501' title='bbox 3696 3310 3841 3384; x_wconf 74' lang='grc' dir='ltr'>ρῆμα</span> 
     </span>
    </p>
   </div>
   <div class='ocr_carea' id='block_1_74' title="bbox 2236 3393 3842 3472">
    <p class='ocr_par' dir='ltr' id='par_1_74' title="bbox 2236 3393 3842 3472">
     <span class='ocr_line' id='line_1_74' title="bbox 2236 3393 3842 3472; baseline -0.001 -22"><span class='ocrx_word' id='word_1_502' title='bbox 2236 3397 2416 3472; x_wconf 71' lang='grc' dir='ltr'>ἀργὸν,</span> <span class='ocrx_word' id='word_1_503' title='bbox 2477 3397 2502 3450; x_wconf 86' lang='grc' dir='ltr'><strong>ὃ</strong></span> <span class='ocrx_word' id='word_1_504' title='bbox 2562 3397 2647 3451; x_wconf 77' lang='grc' dir='ltr'><strong>ἐὰν</strong></span> <span class='ocrx_word' id='word_1_505' title='bbox 2694 3396 2994 3456; x_wconf 78' lang='grc' dir='ltr'>λαλήσωσιν</span> <span class='ocrx_word' id='word_1_506' title='bbox 3053 3399 3102 3449; x_wconf 77' lang='grc' dir='ltr'>οἱ</span> <span class='ocrx_word' id='word_1_507' title='bbox 3158 3399 3442 3470; x_wconf 76' lang='grc' dir='ltr'>ἄνθρωποι,</span> <span class='ocrx_word' id='word_1_508' title='bbox 3494 3393 3842 3450; x_wconf 73' lang='grc' dir='ltr'>ἀποδώσουσι</span> 
     </span>
    </p>
   </div>
   <div class='ocr_carea' id='block_1_75' title="bbox 2234 3481 3842 3564">
    <p class='ocr_par' dir='ltr' id='par_1_75' title="bbox 2234 3481 3842 3564">
     <span class='ocr_line' id='line_1_75' title="bbox 2234 3481 3842 3564; baseline -0.004 -22"><span class='ocrx_word' id='word_1_509' title='bbox 2234 3493 2354 3564; x_wconf 85' lang='grc' dir='ltr'>περὶ</span> <span class='ocrx_word' id='word_1_510' title='bbox 2411 3486 2571 3542; x_wconf 77' lang='grc' dir='ltr'>αὐτοῦ</span> <span class='ocrx_word' id='word_1_511' title='bbox 2625 3485 2777 3558; x_wconf 76' lang='grc' dir='ltr'>λόγον</span> <span class='ocrx_word' id='word_1_512' title='bbox 2834 3484 2884 3539; x_wconf 80' lang='grc' dir='ltr'>ἐν</span> <span class='ocrx_word' id='word_1_513' title='bbox 2943 3486 3112 3560; x_wconf 69' lang='grc' dir='ltr'>ἡμέρᾳ</span> <span class='ocrx_word' id='word_1_514' title='bbox 3167 3490 3431 3559; x_wconf 83' lang='grc' dir='ltr'>κρίσεως·</span> <span class='ocrx_word' id='word_1_515' title='bbox 3494 3482 3703 3548; x_wconf 77' lang='grc' dir='ltr'>οὐδενὸς</span> <span class='ocrx_word' id='word_1_516' title='bbox 3761 3481 3842 3538; x_wconf 73' lang='grc' dir='ltr'>δεῖ</span> 
     </span>
    </p>
   </div>
   <div class='ocr_carea' id='block_1_76' title="bbox 2234 3575 3843 3653">
    <p class='ocr_par' dir='ltr' id='par_1_76' title="bbox 2234 3575 3843 3653">
     <span class='ocr_line' id='line_1_76' title="bbox 2234 3575 3843 3653; baseline -0.003 -22"><span class='ocrx_word' id='word_1_517' title='bbox 2234 3584 2572 3653; x_wconf 71' lang='grc' dir='ltr'>καταφρονεῖν</span> <span class='ocrx_word' id='word_1_518' title='bbox 2625 3576 2690 3637; x_wconf 84' lang='grc' dir='ltr'><strong>ὡς</strong></span> <span class='ocrx_word' id='word_1_519' title='bbox 2749 3583 2963 3650; x_wconf 81' lang='grc' dir='ltr'>μικροῦ.</span> <span class='ocrx_word' id='word_1_520' title='bbox 3014 3575 3072 3627; x_wconf 80' lang='grc' dir='ltr'><strong>Ὀ</strong></span> <span class='ocrx_word' id='word_1_521' title='bbox 3133 3577 3235 3651; x_wconf 73' lang='grc' dir='ltr'>γάρ</span> <span class='ocrx_word' id='word_1_522' title='bbox 3302 3584 3638 3650; x_wconf 75' lang='grc' dir='ltr'>καταφρονῶν</span> <span class='ocrx_word' id='word_1_523' title='bbox 3702 3575 3843 3649; x_wconf 86' lang='grc' dir='ltr'>πρά-</span> 
     </span>
    </p>
   </div>
   <div class='ocr_carea' id='block_1_77' title="bbox 2235 3664 3834 3742">
    <p class='ocr_par' dir='ltr' id='par_1_77' title="bbox 2235 3664 3834 3742">
     <span class='ocr_line' id='line_1_77' title="bbox 2235 3664 3834 3742; baseline -0.001 -22"><span class='ocrx_word' id='word_1_524' title='bbox 2235 3687 2455 3742; x_wconf 72' lang='grc' dir='ltr'>γματος,</span> <span class='ocrx_word' id='word_1_525' title='bbox 2524 3669 2693 3740; x_wconf 66' lang='grc' dir='ltr'>φησι,</span> <span class='ocrx_word' id='word_1_526' title='bbox 2759 3666 3284 3739; x_wconf 65' lang='grc' dir='ltr'>καταφρονηθήσεται</span> <span class='ocrx_word' id='word_1_527' title='bbox 3335 3669 3450 3739; x_wconf 86' lang='grc'>(59)</span> <span class='ocrx_word' id='word_1_528' title='bbox 3505 3664 3591 3719; x_wconf 80' lang='grc' dir='ltr'><strong>ὑπ’</strong></span> <span class='ocrx_word' id='word_1_529' title='bbox 3653 3665 3834 3720; x_wconf 73' lang='grc' dir='ltr'>αὑτοῦ.</span> 
     </span>
    </p>
   </div>
   <div class='ocr_carea' id='block_1_78' title="bbox 2237 3754 3836 3830">
    <p class='ocr_par' dir='ltr' id='par_1_78' title="bbox 2237 3754 3836 3830">
     <span class='ocr_line' id='line_1_78' title="bbox 2237 3754 3836 3830; baseline -0.004 -19"><span class='ocrx_word' id='word_1_530' title='bbox 2237 3756 2432 3818; x_wconf 66' lang='grc' dir='ltr'>Ἄλλως</span> <span class='ocrx_word' id='word_1_531' title='bbox 2496 3775 2550 3810; x_wconf 90' lang='grc' dir='ltr'><strong>τε</strong></span> <span class='ocrx_word' id='word_1_532' title='bbox 2613 3761 2760 3810; x_wconf 91' lang='grc' dir='ltr'>ποῖον</span> <span class='ocrx_word' id='word_1_533' title='bbox 2827 3754 3119 3830; x_wconf 80' lang='grc' dir='ltr'>ἁμάρτημα</span> <span class='ocrx_word' id='word_1_534' title='bbox 3183 3757 3373 3828; x_wconf 79' lang='grc' dir='ltr'>μικρὸν</span> <span class='ocrx_word' id='word_1_535' title='bbox 3440 3755 3691 3827; x_wconf 77' lang='grc' dir='ltr'>τολμήσει</span> <span class='ocrx_word' id='word_1_536' title='bbox 3755 3771 3836 3815; x_wconf 86' lang='grc' dir='ltr'>τις</span> 
     </span>
    </p>
   </div>
   <div class='ocr_carea' id='block_1_79' title="bbox 2236 3841 3836 3917">
    <p class='ocr_par' dir='ltr' id='par_1_79' title="bbox 2236 3841 3836 3917">
     <span class='ocr_line' id='line_1_79' title="bbox 2236 3841 3836 3917; baseline -0.003 -17"><span class='ocrx_word' id='word_1_537' title='bbox 2236 3847 2416 3917; x_wconf 84' lang='grc' dir='ltr'>εἰπεῖν,</span> <span class='ocrx_word' id='word_1_538' title='bbox 2469 3853 2561 3899; x_wconf 87' lang='grc' dir='ltr'>τοῦ</span> <span class='ocrx_word' id='word_1_539' title='bbox 2611 3843 2930 3902; x_wconf 82' lang='grc' dir='ltr'>Ἀποστόλου</span> <span class='ocrx_word' id='word_1_540' title='bbox 2986 3841 3404 3916; x_wconf 78' lang='grc' dir='ltr'>ἀποφηναμένου,</span> <span class='ocrx_word' id='word_1_541' title='bbox 3459 3846 3538 3898; x_wconf 84' lang='grc' dir='ltr'>ὅτι</span> <span class='ocrx_word' id='word_1_542' title='bbox 3600 3846 3696 3898; x_wconf 78' lang='grc' dir='ltr'><strong>Διὰ</strong></span> <span class='ocrx_word' id='word_1_543' title='bbox 3743 3851 3836 3904; x_wconf 81' lang='grc' dir='ltr'><strong>τῆς</strong></span> 
     </span>
    </p>
   </div>
   <div class='ocr_carea' id='block_1_80' title="bbox 2234 3929 3838 4011">
    <p class='ocr_par' dir='ltr' id='par_1_80' title="bbox 2234 3929 3838 4011">
     <span class='ocr_line' id='line_1_80' title="bbox 2234 3929 3838 4011; baseline -0.003 -21"><span class='ocrx_word' id='word_1_544' title='bbox 2234 3934 2576 4011; x_wconf 80' lang='grc' dir='ltr'>παραϐάσεως</span> <span class='ocrx_word' id='word_1_545' title='bbox 2605 3942 2696 3988; x_wconf 84' lang='grc' dir='ltr'>τοῦ</span> <span class='ocrx_word' id='word_1_546' title='bbox 2742 3937 2901 4006; x_wconf 81' lang='grc' dir='ltr'>νόμου</span> <span class='ocrx_word' id='word_1_547' title='bbox 2947 3935 3034 3986; x_wconf 87' lang='grc' dir='ltr'>τὸν</span> <span class='ocrx_word' id='word_1_548' title='bbox 3083 3936 3211 3987; x_wconf 88' lang='grc' dir='ltr'>Θεὸν</span> <span class='ocrx_word' id='word_1_549' title='bbox 3250 3931 3560 4008; x_wconf 80' lang='grc' dir='ltr'>ἀτιμάζεις;</span> <span class='ocrx_word' id='word_1_550' title='bbox 3590 3936 3654 3988; x_wconf 83' lang='grc' dir='ltr'><strong>Εἰ</strong></span> <span class='ocrx_word' id='word_1_551' title='bbox 3682 3929 3742 3988; x_wconf 71' lang='grc' dir='ltr'>δε</span> <span class='ocrx_word' id='word_1_552' title='bbox 3779 3935 3838 3985; x_wconf 88' lang='grc' dir='ltr'>τὸ</span> 
     </span>
    </p>
   </div>
   <div class='ocr_carea' id='block_1_81' title="bbox 460 4019 2122 4121">
    <p class='ocr_par' dir='ltr' id='par_1_81' title="bbox 460 4020 2122 4093">
     <span class='ocr_line' id='line_1_81' title="bbox 460 4020 2122 4093; baseline 0 -13"><span class='ocrx_word' id='word_1_553' title='bbox 460 4027 668 4080; x_wconf 74' lang='lat' dir='ltr'><strong>catum</strong></span> <span class='ocrx_word' id='word_1_554' title='bbox 695 4027 806 4092; x_wconf 85' lang='lat' dir='ltr'><strong>est,</strong></span> <span class='ocrx_word' id='word_1_555' title='bbox 834 4037 958 4080; x_wconf 91' lang='lat' dir='ltr'><strong>non</strong></span> <span class='ocrx_word' id='word_1_556' title='bbox 983 4021 1122 4093; x_wconf 87' lang='lat' dir='ltr'><strong>hoc,</strong></span> <span class='ocrx_word' id='word_1_557' title='bbox 1145 4026 1250 4078; x_wconf 88' lang='lat' dir='ltr'><strong>aut</strong></span> <span class='ocrx_word' id='word_1_558' title='bbox 1271 4020 1441 4089; x_wconf 89' lang='lat' dir='ltr'><strong>illud,</strong></span> <span class='ocrx_word' id='word_1_559' title='bbox 1467 4023 1575 4079; x_wconf 86' lang='lat' dir='ltr'><strong>sed</strong></span> <span class='ocrx_word' id='word_1_560' title='bbox 1603 4022 1916 4082; x_wconf 86' lang='lat' dir='ltr'><strong>indeﬁnite</strong></span> <span class='ocrx_word' id='word_1_561' title='bbox 1940 4039 2122 4082; x_wconf 90' lang='lat' dir='ltr'><strong>omne</strong></span> 
     </span>
    </p>
   </div>
   <div class='ocr_carea' id='block_1_82' title="bbox 2234 4019 3842 4121">
    <p class='ocr_par' dir='ltr' id='par_1_82' title="bbox 2235 4019 3842 4100">
     <span class='ocr_line' id='line_1_82' title="bbox 2235 4019 3842 4100; baseline -0.002 -21"><span class='ocrx_word' id='word_1_562' title='bbox 2235 4029 2438 4100; x_wconf 77' lang='grc' dir='ltr'>κέντρον</span> <span class='ocrx_word' id='word_1_563' title='bbox 2480 4031 2573 4078; x_wconf 83' lang='grc' dir='ltr'>τοῦ</span> <span class='ocrx_word' id='word_1_564' title='bbox 2625 4024 2845 4078; x_wconf 87' lang='grc' dir='ltr'>θανάτου</span> <span class='ocrx_word' id='word_1_565' title='bbox 2877 4024 2906 4081; x_wconf 82' lang='grc' dir='ltr'>ἡ</span> <span class='ocrx_word' id='word_1_566' title='bbox 2941 4022 3192 4098; x_wconf 83' lang='grc' dir='ltr'>ἁμαρτία,</span> <span class='ocrx_word' id='word_1_567' title='bbox 3223 4023 3328 4096; x_wconf 75' lang='grc' dir='ltr'>οὐχ</span> <span class='ocrx_word' id='word_1_568' title='bbox 3359 4019 3456 4084; x_wconf 76' lang='grc' dir='ltr'><strong>ἣδε</strong></span> <span class='ocrx_word' id='word_1_569' title='bbox 3486 4025 3514 4088; x_wconf 76' lang='grc' dir='ltr'><strong><em>ἦ</em></strong></span> <span class='ocrx_word' id='word_1_570' title='bbox 3551 4020 3668 4091; x_wconf 78' lang='grc' dir='ltr'>ἣδε,</span> <span class='ocrx_word' id='word_1_571' title='bbox 3713 4021 3842 4076; x_wconf 79' lang='grc' dir='ltr'>ἀλλὰ</span> 
     </span>
    </p>
   </div>
   <div class='ocr_carea' id='block_1_83' title="bbox 462 4111 2124 4186">
    <p class='ocr_par' dir='ltr' id='par_1_83' title="bbox 462 4111 2124 4186">
     <span class='ocr_line' id='line_1_83' title="bbox 462 4111 2124 4186; baseline 0.001 -17"><span class='ocrx_word' id='word_1_572' title='bbox 462 4112 713 4169; x_wconf 91' lang='lat' dir='ltr'><strong>omnino</strong></span> <span class='ocrx_word' id='word_1_573' title='bbox 740 4117 1081 4184; x_wconf 87' lang='lat' dir='ltr'><strong>peccatum,</strong></span> <span class='ocrx_word' id='word_1_574' title='bbox 1111 4111 1542 4169; x_wconf 89' lang='lat' dir='ltr'><strong>immisericors</strong></span> <span class='ocrx_word' id='word_1_575' title='bbox 1574 4118 1665 4169; x_wconf 89' lang='lat' dir='ltr'><strong>est</strong></span> <span class='ocrx_word' id='word_1_576' title='bbox 1692 4114 1795 4186; x_wconf 90' lang='lat' dir='ltr'><strong>qui</strong></span> <span class='ocrx_word' id='word_1_577' title='bbox 1825 4114 1976 4185; x_wconf 85' lang='lat' dir='ltr'><strong>silet,</strong></span> <span class='ocrx_word' id='word_1_578' title='bbox 1998 4130 2124 4172; x_wconf 91' lang='lat' dir='ltr'><strong>non</strong></span> 
     </span>
    </p>
   </div>
   <div class='ocr_carea' id='block_1_84' title="bbox 466 4201 2126 4276">
    <p class='ocr_par' dir='ltr' id='par_1_84' title="bbox 466 4201 2126 4276">
     <span class='ocr_line' id='line_1_84' title="bbox 466 4201 2126 4276; baseline 0.002 -20"><span class='ocrx_word' id='word_1_579' title='bbox 466 4202 571 4274; x_wconf 91' lang='lat' dir='ltr'><strong>qui</strong></span> <span class='ocrx_word' id='word_1_580' title='bbox 604 4201 930 4272; x_wconf 77' lang='lat' dir='ltr'><strong>redarguit,</strong></span> <span class='ocrx_word' id='word_1_581' title='bbox 959 4207 1249 4273; x_wconf 87' lang='lat' dir='ltr'><strong>tanquam</strong></span> <span class='ocrx_word' id='word_1_582' title='bbox 1281 4201 1386 4274; x_wconf 91' lang='lat' dir='ltr'><strong>qui</strong></span> <span class='ocrx_word' id='word_1_583' title='bbox 1408 4218 1708 4258; x_wconf 86' lang='lat' dir='ltr'><strong>venenum</strong></span> <span class='ocrx_word' id='word_1_584' title='bbox 1735 4203 2038 4276; x_wconf 89' lang='lat' dir='ltr'><strong>relinquat</strong></span> <span class='ocrx_word' id='word_1_585' title='bbox 2062 4205 2126 4260; x_wconf 90' lang='lat' dir='ltr'><strong>in</strong></span> 
     </span>
    </p>
   </div>
   <div class='ocr_carea' id='block_1_85' title="bbox 464 4291 2123 4365">
    <p class='ocr_par' dir='ltr' id='par_1_85' title="bbox 464 4291 2123 4365">
     <span class='ocr_line' id='line_1_85' title="bbox 464 4291 2123 4365; baseline 0.002 -17"><span class='ocrx_word' id='word_1_586' title='bbox 464 4307 536 4348; x_wconf 88' lang='lat' dir='ltr'><strong>eo</strong></span> <span class='ocrx_word' id='word_1_587' title='bbox 563 4292 670 4365; x_wconf 88' lang='lat' dir='ltr'><strong>qui</strong></span> <span class='ocrx_word' id='word_1_588' title='bbox 701 4307 737 4348; x_wconf 88' lang='lat' dir='ltr'><strong>a</strong></span> <span class='ocrx_word' id='word_1_589' title='bbox 768 4296 1068 4348; x_wconf 80' lang='lat' dir='ltr'><strong>venenata</strong></span> <span class='ocrx_word' id='word_1_590' title='bbox 1114 4291 1311 4350; x_wconf 86' lang='lat' dir='ltr'><strong>bestia</strong></span> <span class='ocrx_word' id='word_1_591' title='bbox 1341 4309 1584 4350; x_wconf 83' lang='lat' dir='ltr'><strong>morsus</strong></span> <span class='ocrx_word' id='word_1_592' title='bbox 1623 4300 1734 4362; x_wconf 87' lang='lat' dir='ltr'><strong>est,</strong></span> <span class='ocrx_word' id='word_1_593' title='bbox 1768 4310 1892 4351; x_wconf 92' lang='lat' dir='ltr'><strong>non</strong></span> <span class='ocrx_word' id='word_1_594' title='bbox 1922 4301 2123 4354; x_wconf 85' lang='lat' dir='ltr'><strong>autem</strong></span> 
     </span>
    </p>
   </div>
   <div class='ocr_carea' id='block_1_86' title="bbox 539 4415 2122 4487">
    <p class='ocr_par' dir='ltr' id='par_1_86' title="bbox 539 4415 2122 4484">
     <span class='ocr_line' id='line_1_86' title="bbox 539 4415 2122 4484; baseline 0.003 -12"><span class='ocrx_word' id='word_1_595' title='bbox 539 4417 585 4451; x_wconf 79' lang='grc'><strong>⁴⁶</strong></span> <span class='ocrx_word' id='word_1_596' title='bbox 625 4415 824 4472; x_wconf 79' lang='lat' dir='ltr'><strong>Matth.</strong></span> <span class='ocrx_word' id='word_1_597' title='bbox 867 4433 982 4484; x_wconf 75' lang='lat' dir='ltr'><strong>xw,</strong></span> <span class='ocrx_word' id='word_1_598' title='bbox 1021 4419 1110 4472; x_wconf 80' lang='grc'><strong>24.</strong></span> <span class='ocrx_word' id='word_1_599' title='bbox 1190 4418 1233 4451; x_wconf 71' lang='grc'><strong>⁸⁷</strong></span> <span class='ocrx_word' id='word_1_600' title='bbox 1278 4417 1480 4474; x_wconf 81' lang='lat' dir='ltr'><strong>Matth.</strong></span> <span class='ocrx_word' id='word_1_601' title='bbox 1523 4433 1686 4480; x_wconf 81' lang='lat' dir='ltr'><strong>xvm,</strong></span> <span class='ocrx_word' id='word_1_602' title='bbox 1733 4423 1914 4473; x_wconf 83' lang='grc'><strong>15-17.</strong></span> <span class='ocrx_word' id='word_1_603' title='bbox 1993 4421 2038 4455; x_wconf 69' lang='grc'>⁸³</span> <span class='ocrx_word' id='word_1_604' title='bbox 2078 4423 2122 4476; x_wconf 90' lang='lat' dir='ltr'><strong>ll</strong></span> 
     </span>
    </p>
   </div>
   <div class='ocr_carea' id='block_1_87' title="bbox 2234 4415 2495 4487">
    <p class='ocr_par' dir='ltr' id='par_1_87' title="bbox 2234 4423 2495 4487">
     <span class='ocr_line' id='line_1_87' title="bbox 2234 4423 2495 4487; baseline -0.004 -11"><span class='ocrx_word' id='word_1_605' title='bbox 2234 4437 2301 4478; x_wconf 67' lang='lat' dir='ltr'><strong>tr.</strong></span> <span class='ocrx_word' id='word_1_606' title='bbox 2342 4435 2401 4487; x_wconf 91' lang='grc' dir='ltr'><strong>ιι,</strong></span> <span class='ocrx_word' id='word_1_607' title='bbox 2442 4423 2495 4475; x_wconf 91' lang='lat'><strong>6.</strong></span> 
     </span>
    </p>
   </div>
   <div class='ocr_carea' id='block_1_88' title="bbox 466 4487 994 4556">
    <p class='ocr_par' dir='ltr' id='par_1_88' title="bbox 466 4487 994 4556">
     <span class='ocr_line' id='line_1_88' title="bbox 466 4487 994 4556; baseline 0 -10"><span class='ocrx_word' id='word_1_608' title='bbox 466 4488 510 4522; x_wconf 74' lang='grc' dir='ltr'><strong>ει</strong></span> <span class='ocrx_word' id='word_1_609' title='bbox 555 4487 761 4545; x_wconf 78' lang='lat' dir='ltr'><strong>Matth.</strong></span> <span class='ocrx_word' id='word_1_610' title='bbox 802 4504 862 4556; x_wconf 85' lang='lat' dir='ltr'><strong>v,</strong></span> <span class='ocrx_word' id='word_1_611' title='bbox 909 4488 994 4546; x_wconf 76' lang='grc'>18.</span> 
     </span>
    </p>
   </div>
   <div class='ocr_carea' id='block_1_89' title="bbox 467 4611 2133 4688">
    <p class='ocr_par' dir='ltr' id='par_1_89' title="bbox 467 4611 2133 4688">
     <span class='ocr_line' id='line_1_89' title="bbox 467 4611 2133 4688; baseline 0.001 -21"><span class='ocrx_word' id='word_1_612' title='bbox 467 4611 652 4688; x_wconf 78' lang='lat' dir='ltr'><strong>habet</strong></span> <span class='ocrx_word' id='word_1_613' title='bbox 702 4611 884 4688; x_wconf 82' lang='lat' dir='ltr'><strong>C0_is_l.</strong></span> <span class='ocrx_word' id='word_1_614' title='bbox 928 4613 1182 4688; x_wconf 78' lang='lat' dir='ltr'><strong>primus,</strong></span> <span class='ocrx_word' id='word_1_615' title='bbox 1228 4612 1526 4688; x_wconf 73' lang='grc' dir='ltr'>ἐπάναγκες,</span> <span class='ocrx_word' id='word_1_616' title='bbox 1569 4613 1598 4672; x_wconf 73' lang='grc' dir='ltr'><em>ἦ</em></span> <span class='ocrx_word' id='word_1_617' title='bbox 1632 4622 1704 4685; x_wconf 81' lang='grc' dir='ltr'>τῷ</span> <span class='ocrx_word' id='word_1_618' title='bbox 1750 4622 1863 4686; x_wconf 84' lang='grc' dir='ltr'><strong>Θεῷ</strong></span> <span class='ocrx_word' id='word_1_619' title='bbox 1905 4617 2133 4688; x_wconf 87' lang='grc' dir='ltr'>ύποτάσ-</span> 
     </span>
    </p>
   </div>
   <div class='ocr_carea' id='block_1_90' title="bbox 465 4682 2129 4744">
    <p class='ocr_par' dir='ltr' id='par_1_90' title="bbox 465 4682 2129 4744">
     <span class='ocr_line' id='line_1_90' title="bbox 465 4682 2129 4744; baseline 0.006 -9"><span class='ocrx_word' id='word_1_620' title='bbox 465 4685 654 4736; x_wconf 80' lang='grc' dir='ltr'>σεσθαι</span> <span class='ocrx_word' id='word_1_621' title='bbox 683 4682 796 4736; x_wconf 78' lang='grc' dir='ltr'>κατ’</span> <span class='ocrx_word' id='word_1_622' title='bbox 822 4682 1048 4742; x_wconf 75' lang='grc' dir='ltr'>ἐντολήν·</span> <span class='ocrx_word' id='word_1_623' title='bbox 1080 4685 1139 4739; x_wconf 89' lang='lat' dir='ltr'><strong>in</strong></span> <span class='ocrx_word' id='word_1_624' title='bbox 1171 4682 1407 4740; x_wconf 70' lang='lat' dir='ltr'><strong>cteteris&#39;</strong></span> <span class='ocrx_word' id='word_1_625' title='bbox 1428 4691 1632 4740; x_wconf 88' lang='lat' dir='ltr'><strong>autem</strong></span> <span class='ocrx_word' id='word_1_626' title='bbox 1664 4682 1964 4744; x_wconf 68' lang='lat' dir='ltr'><strong>consentit</strong></span> <span class='ocrx_word' id='word_1_627' title='bbox 1991 4704 2129 4744; x_wconf 89' lang='lat' dir='ltr'><strong>cum</strong></span> 
     </span>
    </p>
   </div>
   <div class='ocr_carea' id='block_1_91' title="bbox 471 4753 2131 4826">
    <p class='ocr_par' dir='ltr' id='par_1_91' title="bbox 471 4753 2131 4826">
     <span class='ocr_line' id='line_1_91' title="bbox 471 4753 2131 4826; baseline 0.004 -16"><span class='ocrx_word' id='word_1_628' title='bbox 471 4753 652 4826; x_wconf 72' lang='lat' dir='ltr'><strong>Coisl.</strong></span> <span class='ocrx_word' id='word_1_629' title='bbox 673 4756 964 4811; x_wconf 86' lang='lat' dir='ltr'><strong>secundo.</strong></span> <span class='ocrx_word' id='word_1_630' title='bbox 994 4755 1109 4812; x_wconf 88' lang='lat' dir='ltr'><strong>Sed</strong></span> <span class='ocrx_word' id='word_1_631' title='bbox 1130 4755 1258 4812; x_wconf 74' lang='lat' dir='ltr'><strong>haec</strong></span> <span class='ocrx_word' id='word_1_632' title='bbox 1283 4756 1554 4826; x_wconf 87' lang='lat' dir='ltr'><strong>variatio,</strong></span> <span class='ocrx_word' id='word_1_633' title='bbox 1581 4757 1629 4812; x_wconf 88' lang='lat' dir='ltr'><strong>si</strong></span> <span class='ocrx_word' id='word_1_634' title='bbox 1655 4763 1858 4814; x_wconf 87' lang='lat' dir='ltr'><strong>tamen</strong></span> <span class='ocrx_word' id='word_1_635' title='bbox 1878 4760 2131 4816; x_wconf 83' lang='lat' dir='ltr'><strong>variatio</strong></span> 
     </span>
    </p>
   </div>
   <div class='ocr_carea' id='block_1_92' title="bbox 465 4824 2130 4914">
    <p class='ocr_par' dir='ltr' id='par_1_92' title="bbox 465 4824 2130 4914">
     <span class='ocr_line' id='line_1_92' title="bbox 465 4824 2130 4914; baseline 0.001 -34"><span class='ocrx_word' id='word_1_636' title='bbox 465 4824 583 4914; x_wconf 68' lang='lat' dir='ltr'><strong>dici</strong></span> <span class='ocrx_word' id='word_1_637' title='bbox 603 4831 823 4913; x_wconf 75' lang='lat' dir='ltr'><strong>potest,</strong></span> <span class='ocrx_word' id='word_1_638' title='bbox 845 4828 1203 4883; x_wconf 85' lang='lat' dir='ltr'><strong>sententiam</strong></span> <span class='ocrx_word' id='word_1_639' title='bbox 1227 4843 1349 4884; x_wconf 89' lang='lat' dir='ltr'><strong>non</strong></span> <span class='ocrx_word' id='word_1_640' title='bbox 1372 4824 1585 4884; x_wconf 81' lang='lat' dir='ltr'><strong>mutat.</strong></span> <span class='ocrx_word' id='word_1_641' title='bbox 1611 4830 1760 4887; x_wconf 86' lang='lat' dir='ltr'><strong>Editi</strong></span> <span class='ocrx_word' id='word_1_642' title='bbox 1781 4831 1894 4883; x_wconf 85' lang='grc' dir='ltr'>κατ’</span> <span class='ocrx_word' id='word_1_643' title='bbox 1925 4831 2130 4890; x_wconf 77' lang='grc' dir='ltr'>ἐντολὴν</span> 
     </span>
    </p>
   </div>
   <div class='ocr_carea' id='block_1_93' title="bbox 467 4902 1006 4972">
    <p class='ocr_par' dir='ltr' id='par_1_93' title="bbox 467 4902 1006 4972">
     <span class='ocr_line' id='line_1_93' title="bbox 467 4902 1006 4972; baseline 0.006 -24"><span class='ocrx_word' id='word_1_644' title='bbox 467 4902 622 4950; x_wconf 75' lang='grc' dir='ltr'>αὑτοῦ</span> <span class='ocrx_word' id='word_1_645' title='bbox 653 4918 664 4930; x_wconf 92' lang='grc'><strong>·</strong></span> <span class='ocrx_word' id='word_1_646' title='bbox 697 4902 1006 4972; x_wconf 73' lang='grc' dir='ltr'>γέγραπται.</span> 
     </span>
    </p>
   </div>
   <div class='ocr_carea' id='block_1_94' title="bbox 541 4987 2133 5064">
    <p class='ocr_par' dir='ltr' id='par_1_94' title="bbox 541 4987 2133 5064">
     <span class='ocr_line' id='line_1_94' title="bbox 541 4987 2133 5064; baseline 0.004 -22"><span class='ocrx_word' id='word_1_647' title='bbox 541 4989 652 5064; x_wconf 62' lang='grc' dir='ltr'>(ὅθί)</span> <span class='ocrx_word' id='word_1_648' title='bbox 694 4987 850 5064; x_wconf 68' lang='grc' dir='ltr'><strong>ῌόίῐί</strong></span> <span class='ocrx_word' id='word_1_649' title='bbox 904 4993 962 5048; x_wconf 88' lang='lat' dir='ltr'><strong>et</strong></span> <span class='ocrx_word' id='word_1_650' title='bbox 1015 5004 1172 5064; x_wconf 82' lang='lat' dir='ltr'><strong>unus</strong></span> <span class='ocrx_word' id='word_1_651' title='bbox 1233 4988 1500 5064; x_wconf 71' lang='lat' dir='ltr'><strong>Qombef.</strong></span> <span class='ocrx_word' id='word_1_652' title='bbox 1532 4993 1917 5064; x_wconf 69' lang='lat' dir='ltr'><strong>_7:pom93ia&#39;av.</strong></span> <span class='ocrx_word' id='word_1_653' title='bbox 1971 4991 2133 5050; x_wconf 83' lang='lat' dir='ltr'><strong>Alter</strong></span> 
     </span>
    </p>
   </div>
   <div class='ocr_carea' id='block_1_95' title="bbox 468 5057 2058 5139">
    <p class='ocr_par' dir='ltr' id='par_1_95' title="bbox 468 5057 2058 5139">
     <span class='ocr_line' id='line_1_95' title="bbox 468 5057 2058 5139; baseline -0.002 -22"><span class='ocrx_word' id='word_1_654' title='bbox 468 5057 738 5116; x_wconf 77' lang='lat' dir='ltr'><strong>Combef.</strong></span> <span class='ocrx_word' id='word_1_655' title='bbox 768 5062 1220 5134; x_wconf 78' lang='grc' dir='ltr'>προσταχθιῖσαν.</span> <span class='ocrx_word' id='word_1_656' title='bbox 1251 5063 1393 5130; x_wconf 83' lang='lat' dir='ltr'><strong>Reg.</strong></span> <span class='ocrx_word' id='word_1_657' title='bbox 1419 5057 1620 5116; x_wconf 80' lang='lat' dir='ltr'><strong>tertius</strong></span> <span class='ocrx_word' id='word_1_658' title='bbox 1642 5067 2058 5139; x_wconf 79' lang='grc' dir='ltr'>προταχθεῐσαν.</span> 
     </span>
    </p>
   </div>
   <div class='ocr_carea' id='block_1_96' title="bbox 541 5150 1614 5224">
    <p class='ocr_par' dir='ltr' id='par_1_96' title="bbox 541 5150 1614 5224">
     <span class='ocr_line' id='line_1_96' title="bbox 541 5150 1614 5224; baseline 0.001 -20"><span class='ocrx_word' id='word_1_659' title='bbox 541 5151 654 5220; x_wconf 82' lang='lat'><strong>(55)</strong></span> <span class='ocrx_word' id='word_1_660' title='bbox 701 5152 842 5218; x_wconf 79' lang='lat' dir='ltr'><strong>Reg.</strong></span> <span class='ocrx_word' id='word_1_661' title='bbox 876 5150 1112 5222; x_wconf 85' lang='lat' dir='ltr'><strong>primus</strong></span> <span class='ocrx_word' id='word_1_662' title='bbox 1138 5150 1342 5224; x_wconf 80' lang='grc' dir='ltr'>ἁμάρτῃ</span> <span class='ocrx_word' id='word_1_663' title='bbox 1378 5151 1450 5214; x_wconf 83' lang='grc' dir='ltr'><strong>εἰς</strong></span> <span class='ocrx_word' id='word_1_664' title='bbox 1483 5154 1539 5204; x_wconf 66' lang='grc' dir='ltr'><strong>σε</strong></span> <span class='ocrx_word' id='word_1_665' title='bbox 1569 5153 1614 5206; x_wconf 83' lang='grc' dir='ltr'>ὁ.</span> 
     </span>
    </p>
   </div>
   <div class='ocr_carea' id='block_1_97' title="bbox 1072 4489 1638 4550">
    <p class='ocr_par' dir='ltr' id='par_1_97' title="bbox 1072 4489 1638 4550">
     <span class='ocr_line' id='line_1_97' title="bbox 1072 4489 1638 4550; baseline -0.002 -5"><span class='ocrx_word' id='word_1_666' title='bbox 1072 4489 1120 4523; x_wconf 75' lang='grc'><strong>⁵⁸</strong></span> <span class='ocrx_word' id='word_1_667' title='bbox 1160 4489 1363 4545; x_wconf 84' lang='lat' dir='ltr'><strong>Matth.</strong></span> <span class='ocrx_word' id='word_1_668' title='bbox 1403 4505 1505 4550; x_wconf 81' lang='lat' dir='ltr'><strong>xu,</strong></span> <span class='ocrx_word' id='word_1_669' title='bbox 1549 4494 1638 4546; x_wconf 89' lang='lat'><strong>36.</strong></span> 
     </span>
    </p>
   </div>
   <div class='ocr_carea' id='block_1_98' title="bbox 540 5237 2134 5366">
    <p class='ocr_par' dir='ltr' id='par_1_98' title="bbox 540 5237 2134 5366">
     <span class='ocr_line' id='line_1_98' title="bbox 540 5237 2134 5366; baseline 0.005 -74"><span class='ocrx_word' id='word_1_670' title='bbox 540 5237 660 5308; x_wconf 79' lang='lat'><strong>(56)</strong></span> <span class='ocrx_word' id='word_1_671' title='bbox 693 5239 1106 5366; x_wconf 75' lang='lat' dir='ltr'><strong>Beg.Eprimus</strong></span> <span class='ocrx_word' id='word_1_672' title='bbox 1151 5244 1209 5296; x_wconf 90' lang='lat' dir='ltr'><strong>et</strong></span> <span class='ocrx_word' id='word_1_673' title='bbox 1237 5239 1409 5322; x_wconf 58' lang='lat' dir='ltr'><strong>Colb.</strong></span> <span class='ocrx_word' id='word_1_674' title='bbox 1447 5245 1536 5292; x_wconf 81' lang='grc' dir='ltr'>κκὶ</span> <span class='ocrx_word' id='word_1_675' title='bbox 1582 5250 1757 5312; x_wconf 84' lang='grc' dir='ltr'>τριῶν.</span> <span class='ocrx_word' id='word_1_676' title='bbox 1799 5245 1929 5299; x_wconf 76' lang='lat' dir='ltr'><strong>Mox</strong></span> <span class='ocrx_word' id='word_1_677' title='bbox 1969 5243 2134 5300; x_wconf 92' lang='lat' dir='ltr'><strong>idem</strong></span> 
     </span>
     <span class='ocr_line' id='line_1_99' title="bbox 541 5310 1862 5366; baseline 0.002 -3"><span class='ocrx_word' id='word_1_678' title='bbox 541 5326 588 5364; x_wconf 92' lang='lat' dir='ltr'><strong>s.</strong></span> <span class='ocrx_word' id='word_1_679' title='bbox 617 5311 807 5366; x_wconf 80' lang='grc' dir='ltr'>σταθῆ.</span> <span class='ocrx_word' id='word_1_680' title='bbox 889 5310 994 5366; x_wconf 73' lang='lat' dir='ltr'><strong>dltl</strong></span> <span class='ocrx_word' id='word_1_681' title='bbox 1024 5315 1083 5366; x_wconf 88' lang='lat' dir='ltr'><strong>et</strong></span> <span class='ocrx_word' id='word_1_682' title='bbox 1112 5313 1252 5366; x_wconf 71' lang='lat' dir='ltr'><strong>Rea.</strong></span> <span class='ocrx_word' id='word_1_683' title='bbox 1283 5317 1488 5366; x_wconf 78' lang='lat' dir='ltr'><strong>tertius</strong></span> <span class='ocrx_word' id='word_1_684' title='bbox 1522 5315 1862 5366; x_wconf 70' lang='grc' dir='ltr'>σταθήσεται.</span> 
     </span>
    </p>
   </div>
   <div class='ocr_carea' id='block_1_99' title="bbox 472 5310 1862 5384">
    <p class='ocr_par' dir='ltr' id='par_1_99' title="bbox 472 5310 1862 5384">
     <span class='ocr_line' id='line_1_100' title="bbox 472 5310 1862 5384; baseline 0.002 -19"><span class='ocrx_word' id='word_1_685' title='bbox 472 5325 588 5365; x_wconf 88' lang='lat' dir='ltr'><strong>ms.</strong></span> <span class='ocrx_word' id='word_1_686' title='bbox 617 5311 807 5384; x_wconf 74' lang='grc' dir='ltr'>σταθῇ.</span> <span class='ocrx_word' id='word_1_687' title='bbox 844 5310 994 5366; x_wconf 88' lang='lat' dir='ltr'><strong>Editi</strong></span> <span class='ocrx_word' id='word_1_688' title='bbox 1024 5315 1083 5366; x_wconf 87' lang='lat' dir='ltr'><strong>et</strong></span> <span class='ocrx_word' id='word_1_689' title='bbox 1112 5313 1252 5383; x_wconf 84' lang='lat' dir='ltr'><strong>Reg.</strong></span> <span class='ocrx_word' id='word_1_690' title='bbox 1283 5312 1488 5368; x_wconf 83' lang='lat' dir='ltr'><strong>tertius</strong></span> <span class='ocrx_word' id='word_1_691' title='bbox 1522 5310 1862 5372; x_wconf 68' lang='grc' dir='ltr'>σταθήσεται.</span> 
     </span>
    </p>
   </div>
   <div class='ocr_carea' id='block_1_100' title="bbox 543 5399 2136 5478">
    <p class='ocr_par' dir='ltr' id='par_1_100' title="bbox 543 5399 2136 5478">
     <span class='ocr_line' id='line_1_101' title="bbox 543 5399 2136 5478; baseline 0.006 -27"><span class='ocrx_word' id='word_1_692' title='bbox 543 5399 654 5468; x_wconf 83' lang='grc'>(57)</span> <span class='ocrx_word' id='word_1_693' title='bbox 695 5401 837 5478; x_wconf 61' lang='lat' dir='ltr'><strong>Reg.</strong></span> <span class='ocrx_word' id='word_1_694' title='bbox 893 5399 1117 5478; x_wconf 69' lang='lat' dir='ltr'><strong>tertius</strong></span> <span class='ocrx_word' id='word_1_695' title='bbox 1153 5401 1400 5478; x_wconf 27' lang='lat' dir='ltr'><strong>et‘editi</strong></span> <span class='ocrx_word' id='word_1_696' title='bbox 1445 5401 1848 5478; x_wconf 43' lang='grc' dir='ltr'>τιτι-Ἐκκλησία.</span> <span class='ocrx_word' id='word_1_697' title='bbox 1899 5407 1969 5460; x_wconf 70' lang='lat' dir='ltr'><strong>At</strong></span> <span class='ocrx_word' id='word_1_698' title='bbox 2011 5402 2136 5478; x_wconf 87' lang='lat' dir='ltr'><strong>duo</strong></span> 
     </span>
    </p>
   </div>
   <div class='ocr_carea' id='block_1_101' title="bbox 473 5472 2133 5550">
    <p class='ocr_par' dir='ltr' id='par_1_101' title="bbox 473 5472 2133 5550">
     <span class='ocr_line' id='line_1_102' title="bbox 473 5472 2133 5550; baseline 0.005 -27"><span class='ocrx_word' id='word_1_699' title='bbox 473 5487 588 5550; x_wconf 77' lang='lat' dir='ltr'><strong>ms.</strong></span> <span class='ocrx_word' id='word_1_700' title='bbox 615 5485 752 5550; x_wconf 75' lang='lat' dir='ltr'><strong>eum</strong></span> <span class='ocrx_word' id='word_1_701' title='bbox 781 5473 964 5550; x_wconf 62' lang='lat' dir='ltr'><strong>Voss.</strong></span> <span class='ocrx_word' id='word_1_702' title='bbox 986 5480 1078 5534; x_wconf 81' lang='grc' dir='ltr'><strong>τῆς</strong></span> <span class='ocrx_word' id='word_1_703' title='bbox 1107 5472 1434 5550; x_wconf 69' lang='grc' dir='ltr'>Ἐκκλησίας.</span> <span class='ocrx_word' id='word_1_704' title='bbox 1460 5472 1784 5550; x_wconf 81' lang='lat' dir='ltr'><strong>Aliquanto</strong></span> <span class='ocrx_word' id='word_1_705' title='bbox 1804 5472 1942 5550; x_wconf 70' lang='lat' dir='ltr'><strong>post</strong></span> <span class='ocrx_word' id='word_1_706' title='bbox 1967 5475 2133 5532; x_wconf 88' lang='lat' dir='ltr'><strong>Colb.</strong></span> 
     </span>
    </p>
   </div>
   <div class='ocr_carea' id='block_1_102' title="bbox 477 5541 2140 5616">
    <p class='ocr_par' dir='ltr' id='par_1_102' title="bbox 477 5541 2140 5616">
     <span class='ocr_line' id='line_1_103' title="bbox 477 5541 2140 5616; baseline 0.007 -25"><span class='ocrx_word' id='word_1_707' title='bbox 477 5541 508 5598; x_wconf 81' lang='grc' dir='ltr'><strong>ἠ</strong></span> <span class='ocrx_word' id='word_1_708' title='bbox 554 5541 638 5592; x_wconf 77' lang='grc' dir='ltr'><strong>ἐπὶ</strong></span> <span class='ocrx_word' id='word_1_709' title='bbox 681 5550 781 5616; x_wconf 78' lang='grc' dir='ltr'>τῶν</span> <span class='ocrx_word' id='word_1_710' title='bbox 826 5542 1253 5616; x_wconf 40' lang='grc' dir='ltr'>πλειὸνῳνλᾳαω</span> <span class='ocrx_word' id='word_1_711' title='bbox 1292 5546 1364 5614; x_wconf 80' lang='lat' dir='ltr'><strong>ﬁt</strong></span> <span class='ocrx_word' id='word_1_712' title='bbox 1411 5541 1614 5600; x_wconf 81' lang='lat' dir='ltr'><strong>coram</strong></span> <span class='ocrx_word' id='word_1_713' title='bbox 1654 5541 1958 5614; x_wconf 79' lang='lat' dir='ltr'><strong>pluribus.</strong></span> <span class='ocrx_word' id='word_1_714' title='bbox 2003 5550 2140 5604; x_wconf 86' lang='lat' dir='ltr'><strong>Post</strong></span> 
     </span>
    </p>
   </div>
   <div class='ocr_carea' id='block_1_103' title="bbox 476 5613 2136 5686">
    <p class='ocr_par' dir='ltr' id='par_1_103' title="bbox 476 5613 2136 5686">
     <span class='ocr_line' id='line_1_104' title="bbox 476 5613 2136 5686; baseline 0.004 -20"><span class='ocrx_word' id='word_1_715' title='bbox 476 5625 688 5670; x_wconf 86' lang='lat' dir='ltr'><strong>vocem</strong></span> <span class='ocrx_word' id='word_1_716' title='bbox 720 5613 965 5667; x_wconf 71' lang='grc' dir='ltr'>πλιιόνην</span> <span class='ocrx_word' id='word_1_717' title='bbox 993 5614 1079 5672; x_wconf 88' lang='lat' dir='ltr'><strong>ita</strong></span> <span class='ocrx_word' id='word_1_718' title='bbox 1102 5613 1318 5686; x_wconf 79' lang='lat' dir='ltr'><strong>legitur</strong></span> <span class='ocrx_word' id='word_1_719' title='bbox 1343 5616 1404 5673; x_wconf 92' lang='lat' dir='ltr'><strong>in</strong></span> <span class='ocrx_word' id='word_1_720' title='bbox 1434 5619 1604 5672; x_wconf 85' lang='lat' dir='ltr'><strong>Voss.</strong></span> <span class='ocrx_word' id='word_1_721' title='bbox 1638 5613 1698 5674; x_wconf 79' lang='lat' dir='ltr'><strong>et</strong></span> <span class='ocrx_word' id='word_1_722' title='bbox 1724 5619 1786 5676; x_wconf 87' lang='lat' dir='ltr'><strong>in</strong></span> <span class='ocrx_word' id='word_1_723' title='bbox 1814 5617 1944 5675; x_wconf 84' lang='lat' dir='ltr'><strong>aliis</strong></span> <span class='ocrx_word' id='word_1_724' title='bbox 1983 5617 2136 5674; x_wconf 87' lang='lat' dir='ltr'><strong>duo-</strong></span> 
     </span>
    </p>
   </div>
   <div class='ocr_carea' id='block_1_104' title="bbox 2235 4109 3840 4190">
    <p class='ocr_par' dir='ltr' id='par_1_104' title="bbox 2235 4109 3840 4190">
     <span class='ocr_line' id='line_1_105' title="bbox 2235 4109 3840 4190; baseline -0.002 -21"><span class='ocrx_word' id='word_1_725' title='bbox 2235 4125 2309 4188; x_wconf 80' lang='grc' dir='ltr'>τῷ</span> <span class='ocrx_word' id='word_1_726' title='bbox 2353 4111 2643 4190; x_wconf 79' lang='grc' dir='ltr'>ἀδιορίστῳ</span> <span class='ocrx_word' id='word_1_727' title='bbox 2674 4109 2918 4171; x_wconf 73' lang='grc' dir='ltr'>δηλονότι</span> <span class='ocrx_word' id='word_1_728' title='bbox 2960 4118 3107 4166; x_wconf 84' lang='grc' dir='ltr'>πᾶσα</span> <span class='ocrx_word' id='word_1_729' title='bbox 3137 4112 3366 4187; x_wconf 83' lang='grc' dir='ltr'>ἁμαρτία</span> <span class='ocrx_word' id='word_1_730' title='bbox 3395 4115 3533 4179; x_wconf 87' lang='grc'>(60),</span> <span class='ocrx_word' id='word_1_731' title='bbox 3561 4113 3840 4186; x_wconf 76' lang='grc' dir='ltr'>ἄσπαλαγ-</span> 
     </span>
    </p>
   </div>
   <div class='ocr_carea' id='block_1_105' title="bbox 2238 4202 3839 4279">
    <p class='ocr_par' dir='ltr' id='par_1_105' title="bbox 2238 4202 3839 4279">
     <span class='ocr_line' id='line_1_106' title="bbox 2238 4202 3839 4279; baseline -0.002 -20"><span class='ocrx_word' id='word_1_732' title='bbox 2238 4209 2368 4279; x_wconf 85' lang='grc' dir='ltr'>χνός</span> <span class='ocrx_word' id='word_1_733' title='bbox 2417 4205 2556 4258; x_wconf 83' lang='grc' dir='ltr'>ἐστιν</span> <span class='ocrx_word' id='word_1_734' title='bbox 2605 4204 2632 4255; x_wconf 83' lang='grc' dir='ltr'><strong><em>ὁ</em></strong></span> <span class='ocrx_word' id='word_1_735' title='bbox 2680 4202 3054 4276; x_wconf 80' lang='grc' dir='ltr'>ἐρησυχάζων,</span> <span class='ocrx_word' id='word_1_736' title='bbox 3102 4202 3208 4276; x_wconf 77' lang='grc' dir='ltr'>οὐχ</span> <span class='ocrx_word' id='word_1_737' title='bbox 3256 4205 3281 4256; x_wconf 88' lang='grc' dir='ltr'><strong><em>ὁ</em></strong></span> <span class='ocrx_word' id='word_1_738' title='bbox 3333 4203 3561 4274; x_wconf 63' lang='grc' dir='ltr'>ἐλέγχων</span> <span class='ocrx_word' id='word_1_739' title='bbox 3590 4224 3604 4237; x_wconf 80' lang='grc' dir='ltr'><strong>ο</strong></span> <span class='ocrx_word' id='word_1_740' title='bbox 3665 4206 3839 4279; x_wconf 81' lang='grc' dir='ltr'>ὥσπερ</span> 
     </span>
    </p>
   </div>
   <div class='ocr_carea' id='block_1_106' title="bbox 2241 4289 3842 4366">
    <p class='ocr_par' dir='ltr' id='par_1_106' title="bbox 2241 4289 3842 4366">
     <span class='ocr_line' id='line_1_107' title="bbox 2241 4289 3842 4366; baseline -0.002 -17"><span class='ocrx_word' id='word_1_741' title='bbox 2241 4299 2266 4348; x_wconf 81' lang='grc' dir='ltr'>ὁ</span> <span class='ocrx_word' id='word_1_742' title='bbox 2315 4300 2402 4349; x_wconf 85' lang='grc' dir='ltr'>τὸν</span> <span class='ocrx_word' id='word_1_743' title='bbox 2448 4295 2522 4349; x_wconf 85' lang='grc' dir='ltr'><strong>ἰὸν</strong></span> <span class='ocrx_word' id='word_1_744' title='bbox 2571 4293 2772 4366; x_wconf 79' lang='grc' dir='ltr'>έναφεὶς</span> <span class='ocrx_word' id='word_1_745' title='bbox 2817 4301 2890 4365; x_wconf 80' lang='grc' dir='ltr'>τῷ</span> <span class='ocrx_word' id='word_1_746' title='bbox 2941 4289 3196 4366; x_wconf 79' lang='grc' dir='ltr'>δηχθέντι</span> <span class='ocrx_word' id='word_1_747' title='bbox 3240 4295 3338 4346; x_wconf 85' lang='grc' dir='ltr'>ύπό</span> <span class='ocrx_word' id='word_1_748' title='bbox 3389 4291 3613 4360; x_wconf 78' lang='grc' dir='ltr'>ἰοϐόλον,</span> <span class='ocrx_word' id='word_1_749' title='bbox 3659 4292 3767 4365; x_wconf 79' lang='grc' dir='ltr'><strong>οὐχ</strong></span> <span class='ocrx_word' id='word_1_750' title='bbox 3816 4295 3842 4345; x_wconf 84' lang='grc' dir='ltr'><strong><em>ὁ</em></strong></span> 
     </span>
    </p>
   </div>
   <div class='ocr_carea' id='block_1_107' title="bbox 2582 4416 3838 4490">
    <p class='ocr_par' dir='ltr' id='par_1_107' title="bbox 2582 4416 3838 4490">
     <span class='ocr_line' id='line_1_108' title="bbox 2582 4416 3838 4490; baseline 0.001 -17"><span class='ocrx_word' id='word_1_751' title='bbox 2582 4419 2628 4453; x_wconf 69' lang='grc' dir='ltr'>η</span> <span class='ocrx_word' id='word_1_752' title='bbox 2673 4421 2711 4473; x_wconf 88' lang='lat' dir='ltr'><strong>l.</strong></span> <span class='ocrx_word' id='word_1_753' title='bbox 2755 4417 2903 4474; x_wconf 90' lang='lat' dir='ltr'><strong>Tim.</strong></span> <span class='ocrx_word' id='word_1_754' title='bbox 2946 4433 3029 4488; x_wconf 71' lang='grc' dir='ltr'><strong>ιν,</strong></span> <span class='ocrx_word' id='word_1_755' title='bbox 3067 4421 3121 4474; x_wconf 88' lang='lat'><strong>2.</strong></span> <span class='ocrx_word' id='word_1_756' title='bbox 3211 4418 3258 4454; x_wconf 79' lang='grc' dir='ltr'><strong>⁵ο</strong></span> <span class='ocrx_word' id='word_1_757' title='bbox 3298 4421 3342 4474; x_wconf 91' lang='grc' dir='ltr'><strong>ιι</strong></span> <span class='ocrx_word' id='word_1_758' title='bbox 3381 4416 3584 4474; x_wconf 85' lang='lat' dir='ltr'><strong>Thess.</strong></span> <span class='ocrx_word' id='word_1_759' title='bbox 3626 4433 3708 4490; x_wconf 89' lang='grc' dir='ltr'>ιιι,</span> <span class='ocrx_word' id='word_1_760' title='bbox 3753 4420 3838 4474; x_wconf 69' lang='grc'><strong>14.</strong></span> 
     </span>
    </p>
   </div>
   <div class='ocr_carea' id='block_1_108' title="bbox 1717 4491 2804 4565">
    <p class='ocr_par' dir='ltr' id='par_1_108' title="bbox 1717 4491 2804 4565">
     <span class='ocr_line' id='line_1_109' title="bbox 1717 4491 2804 4565; baseline -0.002 -19"><span class='ocrx_word' id='word_1_761' title='bbox 1717 4491 1766 4525; x_wconf 78' lang='grc'><strong>⁵³</strong></span> <span class='ocrx_word' id='word_1_762' title='bbox 1807 4493 1978 4546; x_wconf 82' lang='lat' dir='ltr'><strong>Prov.</strong></span> <span class='ocrx_word' id='word_1_763' title='bbox 2019 4508 2138 4565; x_wconf 81' lang='lat' dir='ltr'><strong>xm,</strong></span> <span class='ocrx_word' id='word_1_764' title='bbox 2182 4496 2269 4549; x_wconf 80' lang='lat' dir='ltr'><strong>l3.</strong></span> <span class='ocrx_word' id='word_1_765' title='bbox 2311 4493 2360 4528; x_wconf 73' lang='grc'><strong>⁵⁸</strong></span> <span class='ocrx_word' id='word_1_766' title='bbox 2401 4493 2571 4548; x_wconf 80' lang='lat' dir='ltr'><strong>Rom.</strong></span> <span class='ocrx_word' id='word_1_767' title='bbox 2612 4505 2673 4559; x_wconf 88' lang='grc' dir='ltr'><strong>ιι,</strong></span> <span class='ocrx_word' id='word_1_768' title='bbox 2714 4493 2804 4546; x_wconf 88' lang='lat'><strong>23.</strong></span> 
     </span>
    </p>
   </div>
   <div class='ocr_carea' id='block_1_109' title="bbox 2238 4608 3696 4694">
    <p class='ocr_par' dir='ltr' id='par_1_109' title="bbox 2238 4608 3696 4694">
     <span class='ocr_line' id='line_1_110' title="bbox 2238 4608 3696 4694; baseline -0.003 -22"><span class='ocrx_word' id='word_1_769' title='bbox 2238 4616 2360 4694; x_wconf 63' lang='lat' dir='ltr'><strong>blla</strong></span> <span class='ocrx_word' id='word_1_770' title='bbox 2378 4615 2582 4694; x_wconf 50' lang='lat' dir='ltr'><strong>libris,</strong></span> <span class='ocrx_word' id='word_1_771' title='bbox 2608 4620 2699 4694; x_wconf 83' lang='grc' dir='ltr'>καὶ</span> <span class='ocrx_word' id='word_1_772' title='bbox 2730 4617 2795 4675; x_wconf 83' lang='grc' dir='ltr'><strong>ὡς</strong></span> <span class='ocrx_word' id='word_1_773' title='bbox 2824 4608 3433 4694; x_wconf 42' lang='grc' dir='ltr'>παραᾷέδοται-ύπόἔοῡ</span> <span class='ocrx_word' id='word_1_774' title='bbox 3463 4621 3580 4694; x_wconf 63' lang='grc' dir='ltr'>’ᾼπ,</span> <span class='ocrx_word' id='word_1_775' title='bbox 3611 4635 3696 4694; x_wconf 72' lang='grc' dir='ltr'>γρ.</span> 
     </span>
    </p>
   </div>
   <div class='ocr_carea' id='block_1_110' title="bbox 2308 4684 3845 4760">
    <p class='ocr_par' dir='ltr' id='par_1_110' title="bbox 2308 4684 3845 4760">
     <span class='ocr_line' id='line_1_111' title="bbox 2308 4684 3845 4760; baseline -0.001 -17"><span class='ocrx_word' id='word_1_776' title='bbox 2308 4690 2424 4760; x_wconf 81' lang='lat'><strong>(58)</strong></span> <span class='ocrx_word' id='word_1_777' title='bbox 2469 4687 2563 4744; x_wconf 87' lang='lat' dir='ltr'><strong>Sic</strong></span> <span class='ocrx_word' id='word_1_778' title='bbox 2589 4691 2822 4744; x_wconf 81' lang='lat' dir='ltr'><strong>veteres</strong></span> <span class='ocrx_word' id='word_1_779' title='bbox 2849 4684 3102 4760; x_wconf 75' lang='lat' dir='ltr'><strong>quidam</strong></span> <span class='ocrx_word' id='word_1_780' title='bbox 3150 4684 3287 4741; x_wconf 89' lang='lat' dir='ltr'><strong>libri</strong></span> <span class='ocrx_word' id='word_1_781' title='bbox 3317 4686 3540 4743; x_wconf 87' lang='lat' dir='ltr'><strong>Vocula</strong></span> <span class='ocrx_word' id='word_1_782' title='bbox 3581 4684 3655 4748; x_wconf 81' lang='grc' dir='ltr'><strong>εἰς’</strong></span> <span class='ocrx_word' id='word_1_783' title='bbox 3677 4686 3845 4742; x_wconf 88' lang='lat' dir='ltr'><strong>deest</strong></span> 
     </span>
    </p>
   </div>
   <div class='ocr_carea' id='block_1_111' title="bbox 2237 4756 3844 4831">
    <p class='ocr_par' dir='ltr' id='par_1_111' title="bbox 2237 4756 3844 4831">
     <span class='ocr_line' id='line_1_112' title="bbox 2237 4756 3844 4831; baseline -0.005 -15"><span class='ocrx_word' id='word_1_784' title='bbox 2237 4760 2301 4817; x_wconf 88' lang='lat' dir='ltr'><strong>in</strong></span> <span class='ocrx_word' id='word_1_785' title='bbox 2317 4756 2776 4831; x_wconf 52' lang='lat' dir='ltr'><strong>&#39;vulgatis._Mox</strong></span> <span class='ocrx_word' id='word_1_786' title='bbox 2806 4756 3000 4831; x_wconf 60' lang='lat' dir='ltr'><strong>code;</strong></span> <span class='ocrx_word' id='word_1_787' title='bbox 3030 4759 3197 4813; x_wconf 85' lang='lat' dir='ltr'><strong>Voss.</strong></span> <span class='ocrx_word' id='word_1_788' title='bbox 3229 4766 3491 4830; x_wconf 75' lang='grc' dir='ltr'>μετανοεῖν</span> <span class='ocrx_word' id='word_1_789' title='bbox 3517 4764 3715 4831; x_wconf 71' lang='grc' dir='ltr'>μήποτε</span> <span class='ocrx_word' id='word_1_790' title='bbox 3754 4777 3844 4809; x_wconf 86' lang='grc' dir='ltr'>κα-</span> 
     </span>
    </p>
   </div>
   <div class='ocr_carea' id='block_1_112' title="bbox 2240 4827 3845 4903">
    <p class='ocr_par' dir='ltr' id='par_1_112' title="bbox 2240 4827 3845 4903">
     <span class='ocr_line' id='line_1_113' title="bbox 2240 4827 3845 4903; baseline -0.001 -18"><span class='ocrx_word' id='word_1_791' title='bbox 2240 4831 2415 4885; x_wconf 83' lang='grc' dir='ltr'>ταλύει</span> <span class='ocrx_word' id='word_1_792' title='bbox 2443 4827 2814 4903; x_wconf 33' lang='grc' dir='ltr'>-τήνηάγάπῃν</span> <span class='ocrx_word' id='word_1_793' title='bbox 2865 4827 3348 4903; x_wconf 42' lang='grc' dir='ltr'>ἄσπλαγχνοςςῶν,</span> <span class='ocrx_word' id='word_1_794' title='bbox 3381 4836 3437 4886; x_wconf 83' lang='lat' dir='ltr'><strong>et</strong></span> <span class='ocrx_word' id='word_1_795' title='bbox 3476 4827 3556 4886; x_wconf 65' lang='lat' dir='ltr'><strong>ita</strong></span> <span class='ocrx_word' id='word_1_796' title='bbox 3598 4845 3845 4903; x_wconf 82' lang='lat' dir='ltr'><strong>quoque</strong></span> 
     </span>
    </p>
   </div>
   <div class='ocr_carea' id='block_1_113' title="bbox 2239 4899 3848 4975">
    <p class='ocr_par' dir='ltr' id='par_1_113' title="bbox 2239 4899 3848 4975">
     <span class='ocr_line' id='line_1_114' title="bbox 2239 4899 3848 4975; baseline -0.002 -15"><span class='ocrx_word' id='word_1_797' title='bbox 2239 4903 2426 4960; x_wconf 86' lang='lat' dir='ltr'><strong>habet</strong></span> <span class='ocrx_word' id='word_1_798' title='bbox 2470 4899 2867 4975; x_wconf 55' lang='lat' dir='ltr'><strong>Colbe&#39;rtinus,</strong></span> <span class='ocrx_word' id='word_1_799' title='bbox 2903 4899 3240 4975; x_wconf 49' lang='lat' dir='ltr'><strong>nisi,‘quod</strong></span> <span class='ocrx_word' id='word_1_800' title='bbox 3285 4899 3397 4974; x_wconf 88' lang='lat' dir='ltr'><strong>pro</strong></span> <span class='ocrx_word' id='word_1_801' title='bbox 3433 4899 3636 4975; x_wconf 79' lang='grc' dir='ltr'>μήποτὲ</span> <span class='ocrx_word' id='word_1_802' title='bbox 3665 4899 3848 4965; x_wconf 86' lang='lat' dir='ltr'><strong>habet</strong></span> 
     </span>
    </p>
   </div>
   <div class='ocr_carea' id='block_1_114' title="bbox 2241 4972 3844 5102">
    <p class='ocr_par' dir='ltr' id='par_1_114' title="bbox 2241 4972 3844 5102">
     <span class='ocr_line' id='line_1_115' title="bbox 2241 4972 3844 5102; baseline -0.004 -68"><span class='ocrx_word' id='word_1_803' title='bbox 2241 4979 2336 5102; x_wconf 65' lang='lat' dir='ltr'><strong>ptri.</strong></span> <span class='ocrx_word' id='word_1_804' title='bbox 2368 4977 2532 5102; x_wconf 42' lang='lat' dir='ltr'><strong>Rteg..</strong></span> <span class='ocrx_word' id='word_1_805' title='bbox 2553 4974 2789 5099; x_wconf 50' lang='lat' dir='ltr'><strong>primane</strong></span> <span class='ocrx_word' id='word_1_806' title='bbox 2809 4972 3309 5098; x_wconf 51' lang='lat' dir='ltr'><strong>)pcbondcngemm).bfi</strong></span> <span class='ocrx_word' id='word_1_807' title='bbox 3337 4995 3350 5008; x_wconf 86' lang='lat'><strong>-</strong></span> <span class='ocrx_word' id='word_1_808' title='bbox 3384 4972 3598 5030; x_wconf 50' lang='lat' dir='ltr'><strong>cetera</strong></span> <span class='ocrx_word' id='word_1_809' title='bbox 3643 4980 3844 5030; x_wconf 84' lang='lat' dir='ltr'><strong>autem</strong></span> 
     </span>
     <span class='ocr_line' id='line_1_116' title="bbox 2241 5059 3120 5102; baseline -0.007 0"><span class='ocrx_word' id='word_1_810' title='bbox 2241 5063 2258 5102; x_wconf 91' lang='grc' dir='ltr'><strong>ι</strong></span> <span class='ocrx_word' id='word_1_811' title='bbox 2289 5063 2323 5102; x_wconf 92' lang='lat' dir='ltr'><strong>a</strong></span> <span class='ocrx_word' id='word_1_812' title='bbox 2351 5063 2390 5100; x_wconf 89' lang='grc' dir='ltr'><strong>ιι</strong></span> <span class='ocrx_word' id='word_1_813' title='bbox 2444 5062 2674 5102; x_wconf 79' lang='lat' dir='ltr'><strong>nriores</strong></span> <span class='ocrx_word' id='word_1_814' title='bbox 2751 5060 2807 5097; x_wconf 73' lang='lat' dir='ltr'><strong>uc</strong></span> <span class='ocrx_word' id='word_1_815' title='bbox 2981 5059 2995 5096; x_wconf 93' lang='grc' dir='ltr'><strong>ι</strong></span> <span class='ocrx_word' id='word_1_816' title='bbox 3073 5059 3120 5097; x_wconf 88' lang='lat' dir='ltr'><strong>s.</strong></span> 
     </span>
    </p>
   </div>
   <div class='ocr_carea' id='block_1_115' title="bbox 2351 5061 3120 5101">
    <p class='ocr_par' dir='ltr' id='par_1_115' title="bbox 2351 5061 3120 5101">
     <span class='ocr_line' id='line_1_117' title="bbox 2351 5061 3120 5101; baseline -0.005 0"><span class='ocrx_word' id='word_1_817' title='bbox 2351 5061 2416 5101; x_wconf 82' lang='lat' dir='ltr'><strong>ut</strong></span> <span class='ocrx_word' id='word_1_818' title='bbox 2444 5062 2674 5101; x_wconf 73' lang='lat' dir='ltr'><strong>Dl‘lOl&#39;eS</strong></span> <span class='ocrx_word' id='word_1_819' title='bbox 2705 5061 2830 5099; x_wconf 79' lang='grc'><strong>0110</strong></span> <span class='ocrx_word' id='word_1_820' title='bbox 2859 5061 3120 5098; x_wconf 74' lang='lat'><strong>0001688.</strong></span> 
     </span>
    </p>
   </div>
   <div class='ocr_carea' id='block_1_116' title="bbox 2239 5062 3845 5199">
    <p class='ocr_par' dir='ltr' id='par_1_116' title="bbox 2239 5062 3845 5199">
     <span class='ocr_line' id='line_1_118' title="bbox 2239 5062 3120 5120; baseline -0.008 -16"><span class='ocrx_word' id='word_1_821' title='bbox 2239 5062 2323 5104; x_wconf 76' lang='lat' dir='ltr'><strong>ita</strong></span> <span class='ocrx_word' id='word_1_822' title='bbox 2351 5062 2416 5102; x_wconf 81' lang='lat' dir='ltr'><strong>ut</strong></span> <span class='ocrx_word' id='word_1_823' title='bbox 2444 5062 2674 5120; x_wconf 80' lang='lat' dir='ltr'><strong>priores</strong></span> <span class='ocrx_word' id='word_1_824' title='bbox 2705 5062 2830 5099; x_wconf 87' lang='lat' dir='ltr'><strong>auo</strong></span> <span class='ocrx_word' id='word_1_825' title='bbox 2859 5062 3120 5098; x_wconf 85' lang='lat' dir='ltr'><strong>cocuces.</strong></span> 
     </span>
     <span class='ocr_line' id='line_1_119' title="bbox 2318 5111 3845 5199; baseline -0.007 -25"><span class='ocrx_word' id='word_1_826' title='bbox 2318 5120 2430 5189; x_wconf 82' lang='grc'>(59)</span> <span class='ocrx_word' id='word_1_827' title='bbox 2472 5117 2677 5199; x_wconf 60' lang='grc' dir='ltr'>Οοάϐξ</span> <span class='ocrx_word' id='word_1_828' title='bbox 2700 5117 2868 5199; x_wconf 70' lang='grc' dir='ltr'>νρεε.</span> <span class='ocrx_word' id='word_1_829' title='bbox 2899 5111 2958 5164; x_wconf 88' lang='grc' dir='ltr'><strong>Ὀ</strong></span> <span class='ocrx_word' id='word_1_830' title='bbox 3111 5119 3649 5199; x_wconf 40' lang='grc' dir='ltr'>καταφρονῶν,.φῃσί,</span> <span class='ocrx_word' id='word_1_831' title='bbox 3678 5115 3845 5187; x_wconf 77' lang='grc' dir='ltr'>γράμ-</span> 
     </span>
    </p>
   </div>
   <div class='ocr_carea' id='block_1_117' title="bbox 2241 5186 3843 5317">
    <p class='ocr_par' dir='ltr' id='par_1_117' title="bbox 2241 5186 3843 5317">
     <span class='ocr_line' id='line_1_120' title="bbox 2241 5186 3843 5317; baseline -0.002 -74"><span class='ocrx_word' id='word_1_832' title='bbox 2241 5186 2441 5317; x_wconf 46' lang='grc' dir='ltr'><strong>ρὲἶρὲἒ</strong></span> <span class='ocrx_word' id='word_1_833' title='bbox 2473 5188 2961 5314; x_wconf 29' lang='grc' dir='ltr'><strong>ίιῑλὲιωφθσῑρήσεται.</strong></span> <span class='ocrx_word' id='word_1_834' title='bbox 2993 5186 3316 5262; x_wconf 73' lang='lat' dir='ltr'><strong>Aliquanto</strong></span> <span class='ocrx_word' id='word_1_835' title='bbox 3357 5186 3646 5261; x_wconf 82' lang='lat' dir='ltr'><strong>postduo</strong></span> <span class='ocrx_word' id='word_1_836' title='bbox 3695 5186 3843 5240; x_wconf 85' lang='lat' dir='ltr'><strong>mss.</strong></span> 
     </span>
    </p>
   </div>
   <div class='ocr_carea' id='block_1_118' title="bbox 2373 5279 2554 5323">
    <p class='ocr_par' dir='ltr' id='par_1_118' title="bbox 2373 5279 2554 5323">
     <span class='ocr_line' id='line_1_121' title="bbox 2373 5279 2554 5323; baseline 0.011 -11"><span class='ocrx_word' id='word_1_837' title='bbox 2373 5280 2441 5323; x_wconf 87' lang='grc' dir='ltr'><strong>ως</strong></span> <span class='ocrx_word' id='word_1_838' title='bbox 2473 5279 2554 5319; x_wconf 82' lang='grc' dir='ltr'><strong>σε.</strong></span> 
     </span>
    </p>
   </div>
   <div class='ocr_carea' id='block_1_119' title="bbox 2317 5326 3849 5407">
    <p class='ocr_par' dir='ltr' id='par_1_119' title="bbox 2317 5326 3849 5407">
     <span class='ocr_line' id='line_1_122' title="bbox 2317 5326 3849 5407; baseline -0.003 0"><span class='ocrx_word' id='word_1_839' title='bbox 2317 5335 2432 5407; x_wconf 70' lang='grc' dir='ltr'><strong>(ορ)</strong></span> <span class='ocrx_word' id='word_1_840' title='bbox 2471 5329 2885 5407; x_wconf 46' lang='lat' dir='ltr'><strong>unumne;</strong></span> <span class='ocrx_word' id='word_1_841' title='bbox 2917 5326 3206 5407; x_wconf 64' lang='grc' dir='ltr'>ἀειιοριστερ</span> <span class='ocrx_word' id='word_1_842' title='bbox 3239 5328 3476 5407; x_wconf 52' lang='lat' dir='ltr'><strong>enim</strong></span> <span class='ocrx_word' id='word_1_843' title='bbox 3504 5332 3652 5407; x_wconf 73' lang='grc' dir='ltr'>ττάσα</span> <span class='ocrx_word' id='word_1_844' title='bbox 3683 5327 3849 5407; x_wconf 56' lang='grc' dir='ltr'>ιμαρ-</span> 
     </span>
    </p>
   </div>
   <div class='ocr_carea' id='block_1_120' title="bbox 2245 5399 3850 5473">
    <p class='ocr_par' dir='ltr' id='par_1_120' title="bbox 2245 5399 3850 5473">
     <span class='ocr_line' id='line_1_123' title="bbox 2245 5399 3850 5473; baseline -0.001 -17"><span class='ocrx_word' id='word_1_845' title='bbox 2245 5399 2348 5470; x_wconf 69' lang='grc' dir='ltr'>τεά,</span> <span class='ocrx_word' id='word_1_846' title='bbox 2365 5399 2538 5460; x_wconf 84' lang='lat' dir='ltr'><strong>deest</strong></span> <span class='ocrx_word' id='word_1_847' title='bbox 2563 5399 2838 5460; x_wconf 43' lang='lat' dir='ltr'><strong>in&#39;Vossii</strong></span> <span class='ocrx_word' id='word_1_848' title='bbox 2855 5399 3060 5461; x_wconf 69' lang='lat' dir='ltr'><strong>Codice</strong></span> <span class='ocrx_word' id='word_1_849' title='bbox 3081 5409 3138 5460; x_wconf 86' lang='lat' dir='ltr'><strong>et</strong></span> <span class='ocrx_word' id='word_1_850' title='bbox 3158 5399 3216 5458; x_wconf 81' lang='lat' dir='ltr'><strong>in</strong></span> <span class='ocrx_word' id='word_1_851' title='bbox 3241 5400 3416 5469; x_wconf 83' lang='lat' dir='ltr'><strong>Regio</strong></span> <span class='ocrx_word' id='word_1_852' title='bbox 3438 5399 3654 5473; x_wconf 82' lang='lat' dir='ltr'><strong>primo.</strong></span> <span class='ocrx_word' id='word_1_853' title='bbox 3679 5399 3850 5473; x_wconf 75' lang='lat' dir='ltr'><strong>Com-</strong></span> 
     </span>
    </p>
   </div>
   <div class='ocr_carea' id='block_1_121' title="bbox 2245 5471 3849 5551">
    <p class='ocr_par' dir='ltr' id='par_1_121' title="bbox 2245 5471 3849 5551">
     <span class='ocr_line' id='line_1_124' title="bbox 2245 5471 3849 5551; baseline -0.002 -19"><span class='ocrx_word' id='word_1_854' title='bbox 2245 5477 2497 5551; x_wconf 79' lang='lat' dir='ltr'><strong>betisius</strong></span> <span class='ocrx_word' id='word_1_855' title='bbox 2525 5477 2586 5532; x_wconf 92' lang='lat' dir='ltr'><strong>in</strong></span> <span class='ocrx_word' id='word_1_856' title='bbox 2607 5476 2702 5530; x_wconf 87' lang='lat' dir='ltr'><strong>his</strong></span> <span class='ocrx_word' id='word_1_857' title='bbox 2731 5474 2932 5551; x_wconf 65' lang='grc' dir='ltr'>γει-ωε</span> <span class='ocrx_word' id='word_1_858' title='bbox 2961 5474 3411 5551; x_wconf 78' lang='lat' dir='ltr'><strong>deprehendere</strong></span> <span class='ocrx_word' id='word_1_859' title='bbox 3439 5471 3566 5551; x_wconf 77' lang='lat' dir='ltr'><strong>sibi</strong></span> <span class='ocrx_word' id='word_1_860' title='bbox 3610 5472 3849 5551; x_wconf 69' lang='lat' dir='ltr'><strong>videtur</strong></span> 
     </span>
    </p>
   </div>
   <div class='ocr_carea' id='block_1_122' title="bbox 2249 5543 3848 5620">
    <p class='ocr_par' dir='ltr' id='par_1_122' title="bbox 2249 5543 3848 5620">
     <span class='ocr_line' id='line_1_125' title="bbox 2249 5543 3848 5620; baseline -0.004 -16"><span class='ocrx_word' id='word_1_861' title='bbox 2249 5547 2511 5604; x_wconf 89' lang='lat' dir='ltr'><strong>Stoicam</strong></span> <span class='ocrx_word' id='word_1_862' title='bbox 2532 5547 2867 5620; x_wconf 83' lang='lat' dir='ltr'><strong>quamdam</strong></span> <span class='ocrx_word' id='word_1_863' title='bbox 2885 5543 3261 5620; x_wconf 69' lang='lat' dir='ltr'><strong>severitatem</strong></span> <span class='ocrx_word' id='word_1_864' title='bbox 3273 5588 3286 5604; x_wconf 92' lang='lat'><strong>.</strong></span> <span class='ocrx_word' id='word_1_865' title='bbox 3302 5543 3698 5620; x_wconf 79' lang='lat' dir='ltr'><strong>Nam,inquit,</strong></span> <span class='ocrx_word' id='word_1_866' title='bbox 3713 5560 3848 5620; x_wconf 76' lang='lat' dir='ltr'><strong>pec-</strong></span> 
     </span>
    </p>
   </div>
   <div class='ocr_carea' id='block_1_123' title="bbox 2247 5615 3850 5692">
    <p class='ocr_par' dir='ltr' id='par_1_123' title="bbox 2247 5615 3850 5692">
     <span class='ocr_line' id='line_1_126' title="bbox 2247 5615 3850 5692; baseline -0.003 -16"><span class='ocrx_word' id='word_1_867' title='bbox 2247 5623 2384 5678; x_wconf 85' lang='lat' dir='ltr'><strong>cata</strong></span> <span class='ocrx_word' id='word_1_868' title='bbox 2398 5615 2627 5692; x_wconf 74' lang='lat' dir='ltr'><strong>magna</strong></span> <span class='ocrx_word' id='word_1_869' title='bbox 2642 5635 2679 5677; x_wconf 87' lang='lat' dir='ltr'><strong>a</strong></span> <span class='ocrx_word' id='word_1_870' title='bbox 2697 5618 2902 5692; x_wconf 81' lang='lat' dir='ltr'><strong>parvis</strong></span> <span class='ocrx_word' id='word_1_871' title='bbox 2914 5636 3036 5678; x_wconf 90' lang='lat' dir='ltr'><strong>non</strong></span> <span class='ocrx_word' id='word_1_872' title='bbox 3052 5619 3504 5676; x_wconf 86' lang='lat' dir='ltr'><strong>discernuntur:</strong></span> <span class='ocrx_word' id='word_1_873' title='bbox 3521 5615 3625 5672; x_wconf 78' lang='lat' dir='ltr'><strong>sed</strong></span> <span class='ocrx_word' id='word_1_874' title='bbox 3642 5615 3850 5672; x_wconf 81' lang='lat' dir='ltr'><strong>omnia</strong></span> 
     </span>
    </p>
   </div>
  </div>
