4114 6432
264 362 398 419 1089

1386 360 1692 447 REGULIE
1730 362 2025 421 BREVIUS
2075 365 2488 424 TRACTATJE.

3484 380 3623 435 1090

259 486 390 538 οὕτω
426 485 809 558 προσελθοῦσα,
839 484 1022 557 ψάλλει
1061 492 1134 557 τῷ
1188 492 1322 556 Θεῷ,
1372 483 1633 557 λέγουσω
1684 486 1858 559 ’Υψὼ-

1991 489 2126 546 tiam
2155 493 2467 562 suscepisti
2487 508 2600 563 me,
2644 510 2753 554 nec
2799 495 3117 556 detectasti
3148 499 3422 561 inimicos
3452 519 3617 562 meos

264 594 338 628 σω
371 593 447 642 σε,
481 578 659 651 Κύριε,
686 577 765 629 ὅτι
794 572 1043 637 ὑπέλαϐές
1067 593 1151 648 με,
1181 578 1272 628 καὶ
1311 573 1407 628 οὐκ
1440 578 1691 651 εὔφρανας
1739 580 1862 642 τοῦς

261 664 487 740 ἐχθρούς
515 685 615 738 μου
648 664 729 720 ἔπ’
758 666 868 739 ἐμὲ.

830 761 1142 809 ΕΡΩἹἮΣΙΣ
1173 753 1281 813 1Α’.

333 852 450 909 Πῶς
487 846 739 920 κατορθοῖ
758 865 832 907 τις
859 849 917 898 τὸ
947 852 1098 918 μῖσος
1136 848 1265 921 πρὸς
1305 847 1370 899 τὰ
1407 844 1784 921 ἁμαρτηματα.

865 940 1245 993 ΑΠΟΚΡΙΣΙΣ.

334 1023 442 1078 Ἀεὶ
471 1024 528 1078 ἐκ
564 1032 655 1079 τοῦ
701 1021 896 1085 ἀηδοῦς
937 1029 1027 1079 καὶ
1073 1024 1311 1099 λυπηροῦ
1358 1024 1773 1101 ἀποτελέσματος
1802 1032 1861 1081 τὸ

262 1122 414 1188 μῖσος
442 1118 573 1188 πρὸς
600 1117 712 1174 τοὺς
740 1113 938 1175 αἰτίους
984 1123 1084 1167 τῶν
1134 1117 1378 1167 τοιούτων
1426 1113 1699 1188 ἐγγίνεται.
1746 1118 1861 1171 Ἐὰν

263 1200 352 1257 οῦν
389 1224 464 1264 τις
490 1202 857 1279 πληροφορηθῇ
908 1206 1043 1258 ὅσων
1073 1209 1164 1257 καὶ
1208 1204 1399 1263 ἡλίκων
1447 1214 1619 1258 κακῶν
1666 1213 1863 1279 γίνεται

263 1297 406 1345 αἴτια
432 1293 498 1343 τὰ
525 1290 900 1367 ἁμαρτήματα,
932 1293 1241 1368 αὐτομάτως
1269 1299 1359 1347 καὶ
1397 1291 1705 1360 ἐνδιαθέτως
1755 1300 1863 1350 πά-

261 1399 387 1452 σχει
413 1383 472 1432 τὸ
496 1384 629 1454 πρὸς
653 1381 789 1436 αὐτὰ
817 1390 992 1456 μῖσος,
1026 1385 1131 1437 οἷον
1163 1379 1353 1447 ἔδειξεν
1396 1386 1424 1437 ό
1464 1384 1617 1439 εἰπών
1644 1407 1655 1420 ·
1708 1383 1863 1440 Ἀδιη-

257 1473 372 1522 κίαν
405 1468 641 1544 ἐμίσησα
669 1476 760 1525 καὶ
789 1469 1169 1546 ἐϐδελυξάμην.

827 1569 1143 1618 ΕΡΩΤΠΣΙΣ
1197 1562 1292 1619 ΙΒ’.

255 1655 375 1713 Πῶς
412 1648 784 1727 πληροφορηθῇ
818 1653 848 1710 ἠ
881 1651 1057 1724 ψυχὴ,
1086 1654 1165 1705 ὅτι
1196 1651 1387 1726 ἀφῆκεν
1418 1654 1549 1729 αὐτῇ
1584 1657 1609 1709 ὀ
1648 1657 1774 1719 Θεὸς
1800 1657 1865 1711 τὰ

792 1739 1146 1815 ἁμαρτήματα
1194 1742 1328 1815 (74).

866 1837 1247 1888 ΑΠΟΚΡΙΣΙΣ.

326 1917 445 1973 Ἐὰν
478 1919 715 1994 θεωρήσῃ
749 1919 937 1978 ἑαυτὴν
969 1922 1082 1993 (75)
1110 1920 1158 1974 ἐν
1187 1930 1249 1995 τῇ
1281 1918 1518 1978 διαθέσει
1555 1930 1647 1978 τοῦ
1688 1923 1861 1979 εἰπόν-

248 2027 334 2070 τος
357 2029 371 2042 ·
409 2004 649 2062 Ἀδικίαν
680 2007 914 2082 ἐμίσησα
943 2014 1028 2064 καὶ
1053 2007 1429 2085 ἑϐδελνξοίμην.
1474 2011 1533 2065 Ὀ
1576 2016 1675 2087 γὰρ
1709 2017 1859 2081 Θεὸς,

248 2099 381 2172 ὑπερ
420 2106 512 2159 τῆς
550 2096 775 2170 ἀφέσεως
823 2106 923 2151 τῶν
968 2101 1227 2173 ἡμετέρων
1281 2100 1668 2176 ἁμαρτημάτων
1704 2122 1863 2156 κατα-

249 2186 468 2260 πέμψας
489 2190 574 2239 τόν
605 2195 853 2260 μονογενῆ
907 2189 1067 2245 αὑτοῦ
1104 2191 1243 2255 Υἱόν,
1304 2194 1363 2243 τό
1406 2192 1529 2244 ὅσον
1577 2190 1649 2264 ἥγ’
1697 2191 1861 2264 ἐαυτῷ

250 2275 528 2350 προλαϐὼν
557 2282 721 2329 πᾶσιν
749 2275 957 2349 ἀφῆκεν.
1016 2275 1229 2337 Ἐπειδή
1275 2274 1334 2333 δε
1379 2278 1513 2333 ἔλεον
1556 2285 1646 2334 καὶ
1688 2286 1862 2357 κρίσιν

252 2362 377 2439 ᾅδει
407 2367 433 2418 ό
461 2366 608 2438 οἷγιος
639 2363 807 2419 Δαϐἱδ
842 2370 977 2435 (70),
1001 2374 1092 2421 καὶ
1119 2376 1395 2443 μαρτυρεῖ,
1446 2369 1525 2422 ὅτι
1552 2371 1579 2422 ό
1605 2374 1735 2433 Θεὸς
1765 2368 1865 2424 ἔλεο

254 2459 405 2529 ἡμων
447 2453 559 2509 ἔστὶ
614 2460 704 2508 καὶ
758 2452 984 2522 δίκαιος,
1035 2456 1235 2530 ἀνάγκη
1285 2460 1351 2512 τὰ
1389 2457 1633 2534 εἰρημένα
1670 2461 1770 2515 ὑπό
1810 2480 1865 2514 τε

255 2555 360 2600 τῶν
381 2555 654 2623 προφητῶν
684 2551 774 2599 καὶ
812 2554 911 2600 τῶν
942 2545 1243 2601 ἀποστόλων
1276 2548 1342 2610 εἰς
1388 2552 1511 2612 τοῦς
1553 2554 1671 2626 περὶ
1713 2571 1865 2625 μετα-

250 2640 397 2699 νοίας
436 2640 621 2699 τόπους
663 2636 784 2712 παρ’
817 2638 962 2710 ἡμῶν
991 2639 1251 2709 γίνεσθαι,
1288 2639 1368 2691 ἶνα
1398 2641 1462 2691 τὰ
1489 2644 1718 2715 κρίματα
1752 2643 1864 2709 (77)

249 2734 349 2789 τῆς
380 2722 728 2788 δικαιοσύνης
755 2732 847 2779 τοῦ
880 2733 1013 2780 Θεοῦ
1040 2723 1362 2802 ἂναδειχθῇ,
1394 2732 1565 2782 καὶτὸ
1596 2727 1727 2792 ﬁco;
1775 2730 1866 2783 αῦο

251 2822 347 2870 τοῦ
374 2815 440 2878 εἰς
470 2817 654 2892 ἄφεσιν
682 2823 780 2870 τῶν
811 2816 1077 2892 ἁμαρτιῶν
1107 2817 1375 2893 τελειωθῇ.

820 3000 1136 3048 ΕΡΩΤΗΣΙΣ
1182 3000 1259 3050 ΙΙ*
1273 3038 1287 3052 .

257 3078 465 3160 Eli-2p!)
515 3084 600 3161 τόν
647 3085 778 3156 μετὰ
823 3087 881 3161 τό
928 3082 1212 3158 βάπτισμα
1258 3084 1697 3161 ἐξαμαρτήσαντα
1744 3084 1865 3157 (78)

327 3151 702 3232 ἀπογινώσκειν
732 3162 830 3232 τῆς
860 3151 1045 3209 ἑαυτοῦ
1079 3151 1363 3232 σωτηρίας,
1396 3151 1444 3208 ἓν
1474 3151 1866 3232 πλήθειλκακῶν

324 3225 592 3303 εὑρεθέντα
615 3246 629 3260 ’
672 3227 701 3286 ἡ
735 3227 829 3288 ἕως
854 3231 1006 3303 ποίου
1033 3225 1232 3303 μέτροῦ
1269 3228 1539 3303 ἁμαρτιῶν
1576 3227 1869 3289 ἑπελπίζειν

318 3297 431 3371 χρὴ
472 3304 534 3368 τῇ
573 3303 664 3348 τοῦ
713 3305 846 3351 Θεοῦ
894 3297 1255 3375 φιλανθρωπίᾳ
1299 3297 1395 3355 diu
1439 3308 1538 3363 τῆς
1564 3305 1869 3374 μετανοίας.

869 3464 1251 3517 ΑΙΙΟΚΡΙΣΙΣ.

324 3546 388 3601 Εἰ
414 3543 612 3609 πλῆθος
669 3545 951 3620 οἰκτιρμῶν
1012 3555 1146 3601 Θεοῦ
1195 3546 1514 3624 ἀριθμῆσαι,
1573 3555 1663 3603 καὶ
1720 3552 1873 3624 μέγε-

249 3638 346 3699 θος
376 3633 680 3706 ἐλέους(79)
713 3642 849 3689 Θεοῦ
895 3644 1159 3712 μετρῆσαι
1192 3633 1436 3703 δυνατὸν,
1489 3636 1537 3690 ἐν
1590 3644 1871 3715 συγκρίσει

244 3726 490 3787 πλήθους
546 3729 637 3778 καὶ
701 3726 946 3798 μεγέθους
1013 3726 1406 3802 ἁμαρτημάτων
1477 3729 1507 3786 ἠ
1568 3725 1870 3799 ἀπόγνωσις

242 3816 499 3889 γινέσθω.
578 3813 639 3867 Εἰ
696 3810 756 3867 δὲ
810 3822 979 3868 ταῦτα
1030 3818 1142 3888 μὲν,
1194 3817 1263 3878 ὡς
1322 3815 1479 3884 εἰκὸς,
1545 3821 1635 3869 καὶ
1699 3819 1871 3893 μέτρῳ

243 3902 661 3972 ὑποϐάλλεσθαι,
694 3909 785 3957 καὶ
816 3902 1083 3980 ἆριθμητὰ
1114 3902 1253 3958 εἶναι
1301 3905 1597 3979 συμϐαίνει,
1647 3910 1775 3961 Θεοῦ
1811 3901 1872 3959 δε

241 3994 391 4057 ἔλεος
454 4002 716 4068 μετρῆσαι
773 3999 864 4048 καὶ
937 3994 1245 4069 οἰκτιρμοὺς
1320 3993 1619 4070 ἀριθμῆσαι
1674 3990 1872 4048 ἀδύνα-

238 4104 340 4139 τον
366 4103 379 4117 ·
427 4083 521 4136 οῦκ
568 4080 913 4156 ἀπογνώσεως
963 4088 1164 4159 καιρός,
1220 4082 1326 4137 ἀλλ’
1393 4082 1717 4156 ἕπιγνώσεως
1770 4082 1873 4138 iis“

239 4192 339 4235 ους
404 4175 491 4225 καὶ
559 4178 941 4245 καταγνώσεως
995 4173 1412 4249 ἁμαρτημάτων,
1468 4174 1536 4225 ὧν
1605 4175 1636 4233 ἡ
1688 4174 1872 4247 ἄφεσις

237 4266 526 4340 πρόκειται
576 4260 626 4314 ἕν
676 4270 751 4334 τῷ
797 4264 986 4336 αἵματι
1036 4270 1128 4315 τοῦ
1202 4269 1439 4337 Χριστοῦ
1478 4265 1615 4335 (80),
1697 4265 1874 4327 καθὼς

240 4358 566 4429 γέγραπται.
594 4349 717 4404 Ὀτι
764 4348 825 4404 δε
877 4350 937 4403 οῦ
994 4355 1105 4425 χρὴ
1164 4349 1566 4423 ἀπογινώσκειν,
1615 4349 1874 4407 διδασκό-

240 4445 394 4519 μεθα
429 4439 703 4511 πολλαχοῦ
732 4443 821 4513 μὶν
877 4445 969 4493 καὶ
1019 4439 1377 4514 πολυτρόπως,
1427 4441 1661 4513 μάλιστα
1717 4439 1779 4495 δὲ
1816 4441 1874 4495 ἐκ

239 4541 358 4594 τῆς
412 4528 711 4602 παραϐολῆς
767 4535 859 4582 τοῦ
914 4533 1108 4604 Κυρίου
1162 4528 1310 4602 ἡμῶν
1380 4528 1557 4588 Ἰησοῦ
1634 4538 1872 4603 Χριστοῦ

240 4631 357 4683 τῆς
395 4617 479 4673 ἐπὶ
507 4625 600 4671 τοῦ
638 4620 754 4672 υἱοῦ
792 4626 882 4672 τοῦ
927 4617 1169 4680 λαϐόντος
1227 4622 1321 4677 τὴν
1379 4625 1473 4671 τοῦ
1528 4622 1728 4694 πατρὸς
1775 4619 1874 4674 οὐ·

246 4716 381 4768 σίαν
433 4714 522 4766 καὶ
575 4708 1037 4771 καταναλώσαντος
1094 4708 1167 4772 εἰς
1237 4706 1613 4785 ἁμαρτήματα.
1694 4709 1772 4762 Οῦ
1837 4711 1867 4769 ἠ

274 4944 281 4951 ’
333 4948 385 4985 ⁸⁸
423 4942 574 5002 Psal.
606 4959 769 5016 nix,
791 4947 845 5000 2.
924 4944 973 4980 ⁸ο
999 4940 1153 5000 Psal.
1187 4942 1382 5011 cxvui,
1414 4944 1538 5000 t63.
1614 4941 1666 4977 ⁷⁰
1685 4939 1836 4999 ibid.

329 5122 448 5195 (⁸74)
488 5123 630 5195 Reg.
661 5120 1027 5195 primusgug
1047 5119 1334 5195 ᾀμαρτίας.

328 5190 452 5261 (75)
479 5190 721 5261 Antiqui
744 5191 871 5247 duo
897 5191 1032 5248 libri
1053 5190 1259 5251 ἑαυτήν.
1290 5194 1429 5261 Reg.
1453 5190 1660 5247 tertius
1682 5190 1867 5251 αὐτήν,

328 5208 452 5261 (Io)
479 5208 612 5249 anu
662 5208 721 5248 ut
744 5208 871 5247 auo
897 5208 1032 5248 unm
1053 5211 1259 5251 εαυτην.
1290 5208 1429 5261 ueg.
1453 5208 1660 5247 seruus
1682 5208 1867 5251 αυτην,

237 5208 777 5345 Εάίιὶᾼαῦτόνξῐλίοκ
808 5266 946 5345 Reg.
968 5263 1200 5345 primus
1229 5267 1289 5345 et
1316 5262 1494 5345 Qplb.‘
1508 5262 1567 5345 ’ρ
1594 5265 1695 5337 γὰρ
1719 5267 1868 5345 ριός.

234 5339 390 5409 Vo;
413 5341 544 5398 Θεός
562 5332 1304 5409 typographis'exciderat.
1329 5332 1500 5391 Haud
1522 5332 1703 5404 longe
1722 5336 1869 5405 Reg.

240 5405 610 5488 pristinam-3
632 5405 1096 5488 ἴαυῖτεῦμονογενῆ
1131 5405 1271 5488 ἴῖίόν.

335 5477 455 5549 (76)
482 5481 607 5536 Vox
636 5474 824 5545 Aeeta,
848 5474 1067 5536 addita
1094 5483 1275 5534 estex
1299 5477 1492 5535 Vossii
1510 5477 1698 5536 veteri
1716 5476 1872 5535 libro

246 5555 323 5609 et
353 5564 424 5605 ex
447 5549 579 5605 aliis
608 5549 873 5608 duobus.
1787 5576 1793 5584 -

337 5620 454 5698 (Tt)
476 5621 677 5679 Codex
696 5625 866 5698 Voss.
893 5623 951 5680 et
973 5621 1137 5698 Golb.
1166 5625 1227 5675 τὸ
1254 5628 1439 5698 κρῖμα.
1468 5625 1612 5694 Reg.
1636 5621 1874 5698 primus

252 5690 365 5749 ἵνα
381 5690 442 5746 τὸ
471 5698 637 5767 κρῖμα
662 5702 759 5759 τῆς
791 5690 1138 5761 δικαιοσύνης
1161 5702 1253 5750 τοῦ
1278 5690 1414 5750 Θεοῦ
1438 5690 1584 5750 κατεῖ
1621 5690 1683 5749 τὸ
1738 5694 1874 5758 ἔλεος

1968 594 2150 650 super
2174 596 2265 639 me
2287 582 2356 636 ⁸⁸.

2466 764 2983 821 INTERROGATIO
3025 766 3125 822 XI.

2310 850 2612 919 Quomodo
2635 853 2827 909 oderit
2856 855 2990 925 quis
3012 862 3287 924 peccata.

2593 941 3013 1001 BESPONSIO.

2040 1030 2302 1085 Eventus
2333 1028 2518 1085 tristis
2550 1046 2621 1088 ac
2642 1031 2930 1089 molestus
2958 1048 3199 1108 semper
3228 1034 3441 1091 odium
3467 1036 3630 1108 parit

1969 1116 2031 1172 in
2062 1132 2166 1173 eos
2193 1117 2298 1191 qui
2327 1118 2631 1190 ejusmodi
2674 1138 2879 1178 rerum
2921 1128 3198 1179 auctores
3242 1128 3404 1183 sunt.
3439 1124 3494 1181 Si
3525 1125 3626 1181 cui

1969 1205 2150 1276 igitur
2175 1222 2537 1279 persuasum
2560 1209 2654 1281 sit,
2679 1215 2828 1284 quot
2849 1216 2906 1268 et
2924 1217 3296 1285 quantorum
3325 1214 3633 1271 mulorum

1971 1312 2158 1353 causa
2184 1302 2437 1370 peccata
2466 1299 2606 1369 sint,
2628 1316 2701 1358 ea
2747 1307 2963 1374 sponte
3008 1307 3068 1359 et
3091 1319 3164 1360 ex
3193 1304 3401 1361 animo
3428 1320 3636 1378 prose-

1970 1385 2177 1459 quitur
2205 1386 2506 1457 ejusmodi
2537 1388 2700 1454 odio,
2749 1390 2928 1464 quale
2972 1392 3253 1463 ostendit,
3306 1393 3410 1466 qui
3441 1392 3630 1451 dixit:

1972 1466 2360 1539 Iniquitatem
2388 1469 2523 1524 odio
2555 1469 2745 1527 habui
2769 1476 2824 1527 et
2855 1471 3236 1529 abominatus
3261 1488 3393 1531 sum
3415 1473 3485 1528 ‘9.

2460 1548 2981 1618 INTERROGATIO
3020 1562 3137 1618 xu.

1974 1644 2275 1714 Quomodo
2296 1648 2534 1704 animus
2562 1647 2779 1709 habeat
2797 1665 3174 1723 persuasum,
3181 1656 3437 1723 peccata
3459 1652 3577 1709 sibi
3595 1666 3634 1710 α

2487 1738 2609 1795 Deo
2628 1739 2816 1810 fuisse
2839 1742 3114 1797 remissa.

2600 1830 2727 1884 RES
2738 1830 3006 1887 PONSIO.

2043 1918 2268 1989 Nempe
2301 1915 2351 1972 si
2370 1916 2587 1975 viderit
2638 1917 2923 1975 affectum
2972 1934 3057 1990 se,
3100 1918 3273 1976 sicuti
3302 1918 3493 1988 illum,
3527 1920 3637 1995 qui

1971 2004 2151 2061 dixit:
2177 2007 2562 2077 Iniquitatem
2576 2007 2710 2063 odio
2735 2007 2925 2064 habui
2933 2013 2988 2065 et
3005 2008 3388 2065 abominatus
3401 2026 3531 2067 sum
3556 2012 3635 2068 ⁷ο.

1972 2097 2128 2150 Deus
2156 2093 2319 2151 enim
2351 2112 2491 2151 cum
2527 2096 2904 2167 unigenitum
2938 2095 3148 2153 Filium
3180 2114 3361 2153 suum
3403 2114 3515 2172 pro
3546 2115 3636 2156 re-

1971 2178 2261 2241 missione
2288 2189 2677 2257 peccatorum
2703 2190 3049 2242 nostrorum
3070 2185 3638 2261 demisit,ea,quan~

1970 2276 2101 2329 tum
2130 2273 2194 2329 in
2222 2272 2360 2345 ipso
2378 2272 2506 2344 fuit,
2527 2273 2812 2330 omnibus
2832 2274 2894 2329 in
2921 2278 3301 2331 antecessum
3318 2276 3637 2334 condona-

1971 2361 2075 2417 vit.
2104 2360 2402 2428 Quoniam
2450 2366 2654 2420 autem
2703 2361 3183 2419 misericordiam
3230 2367 3290 2419 et
3332 2364 3635 2434 judicium

1974 2452 2166 2510 David
2186 2457 2432 2509 sanctus
2450 2453 2612 2510 canit
2626 2455 3074 2527 ",testaturque
3094 2456 3281 2510 Deum
3300 2455 3638 2513 misericor-

1973 2540 2114 2599 dem
2145 2557 2276 2598 esse
2323 2547 2380 2598 et
2412 2542 2669 2613 justum,
2716 2558 2967 2614 necesse
3011 2543 3189 2601 fuerit
3237 2561 3373 2617 quae
3415 2550 3472 2602 et
3501 2561 3639 2619 pro-

1973 2632 2173 2705 pheta:
2198 2636 2254 2689 et
2276 2632 2538 2703 apostoli
2559 2631 2621 2689 in
2641 2631 2792 2688 locis
2821 2633 2926 2689 ubi
2947 2632 3021 2688 de
3042 2633 3398 2707 poenitentia
3420 2640 3638 2706 agunt,

1974 2721 2251 2790 retulere,
2278 2737 2350 2778 ea
2403 2738 2440 2778 τι
2486 2721 2664 2779 nobis
2708 2720 2882 2794 emci,
2935 2727 3002 2778 ut
3045 2728 3385 2796 appareant
3408 2723 3643 2796 judicia

1970 2810 2215 2884 justitite
2239 2810 2360 2878 Dei,
2384 2815 2442 2868 et
2471 2811 2892 2869 misericordia
2909 2810 3103 2887 ipsius
3127 2813 3190 2869 in
3211 2811 3638 2872 condonandie

1974 2901 2241 2978 peccatis
2266 2906 2637 2959 exerceatur.

2449 2991 2972 3049 INTERROGATIO
3010 2993 3150 3049 Χῐῐῐ.

1977 3083 2073 3138 Αη
2106 3084 2379 3151 oporteat
2420 3084 2563 3151 post
2606 3076 2901 3149 baptisma
2945 3086 3293 3149 peccantem
3340 3082 3415 3139 de
3440 3082 3642 3140 salute

2048 3152 2387 3222 desperare,
2420 3153 2473 3207 si
2498 3152 2851 3207 inveniatur
2875 3152 2938 3207 in
2960 3153 3354 3209 multitudine
3371 3161 3644 3222 peccato-

2049 3241 2222 3282 rum:
2250 3230 2357 3280 aut
2378 3238 2562 3295 usque
2584 3223 2665 3278 ad
2693 3223 3033 3292 cujusmodi
3065 3238 3403 3281 mensuram
3428 3239 3644 3294 pecca-

2052 3303 2250 3353 torum
2291 3295 2658 3364 sperandum
2706 3297 2782 3350 sit
2826 3296 2893 3351 in
2934 3295 3305 3365 benignitate
3348 3297 3482 3367 Dei,
3529 3311 3643 3367 per

2045 3368 2486 3439 paenitentiam.

2604 3453 3017 3512 RESPONSIO.

2056 3545 2112 3603 Si
2140 3545 2270 3601 ﬁeri
2315 3548 2515 3617 potest
2557 3548 2623 3600 ut
2668 3542 2994 3600 multitudo
3040 3543 3506 3601 miserationum
3539 3544 3644 3603 Dei

1979 3639 2351 3699 numeretur,
2385 3650 2454 3689 ac
2482 3632 2842 3703 magnitudo
2874 3632 3305 3690 misericordiae
3336 3634 3437 3690 Dei
3468 3650 3644 3690 men-

1981 3740 2124 3781 sura
2142 3724 2435 3799 quapiam
2456 3720 3006 3790 circumscribatur,
3035 3721 3253 3779 collata
3274 3739 3414 3779 cum
3445 3722 3647 3779 multi-

1980 3814 2190 3873 tudine
2210 3817 2269 3870 et
2297 3811 2716 3883 magnitudine
2742 3815 3304 3884 peccatorum,tunc
3326 3811 3648 3883 abjiciatur

1983 3915 2123 3973 spes
2151 3901 2372 3958 omnis.
2406 3899 2581 3968 Quod
2609 3900 2657 3957 si
2690 3916 2782 3972 ea,
2814 3905 2880 3957 ut
2907 3904 3167 3971 constat,
3202 3905 3259 3956 et
3281 3899 3361 3957 ad
3392 3915 3645 3956 mensu-

1979 4005 2112 4047 ram
2141 3994 2200 4047 et
2239 3989 2321 4047 ad
2368 4006 2695 4046 numerum
2744 3988 2937 4062 redigi
2981 3988 3237 4062 possint,
3281 3988 3413 4045 ﬁeri
3440 3992 3645 4046 autem

1980 4096 2104 4137 non
2131 4083 2316 4153 queat
2343 4084 2411 4136 ut
2435 4080 2717 4136 metiatur
2745 4078 2883 4152 quis
2917 4078 3647 4161 DeiImisericordiammc

1981 4170 2400 4227 miserationes
2424 4172 2850 4240 numeregnon
2876 4174 3118 4241 tempus
3147 4173 3238 4225 est
3252 4168 3644 4242 desperandi,

1981 4260 2089 4318 sed
2109 4258 2488 4331 agnoscendi
2518 4257 3025 4326 misericordiam;
3053 4273 3124 4315 ac
3146 4257 3485 4316 detestandi
3505 4274 3649 4332 pec-

1982 4354 2138 4418 cata,
2167 4365 2433 4423 quorum
2475 4349 2651 4406 venia
2699 4347 2883 4421 419
2937 4347 3302 4421 proponitur
3338 4348 3399 4405 in
3433 4348 3655 4405 Christi

1981 4439 2298 4510 sanguine,
2331 4437 2493 4495 velut
2515 4437 2810 4511 scriptum
2842 4442 2950 4493 est.
2985 4436 3159 4504 Quod
3190 4441 3391 4493 autem
3419 4452 3650 4510 nequa-

1902 4568 1947 4623 Β
1980 4544 2168 4602 quam
2200 4526 2656 4600 desperandum
2689 4527 2782 4594 sit,
2815 4526 3110 4584 docemur
3137 4540 3208 4581 ex
3231 4525 3437 4581 multis
3466 4524 3641 4594 locis,

1980 4616 2308 4690 multisque
2333 4614 2557 4683 modis,
2586 4614 2856 4672 maxime
2884 4619 3089 4670 autem
3117 4628 3191 4669 ex
3213 4611 3508 4686 parabola
3530 4613 3647 4668 Do-

1980 4706 2132 4769 mini
2161 4706 2351 4764 nostri
2394 4707 2539 4763 Jesu
2580 4704 2811 4774 Christi,
2860 4719 3001 4777 quze
3049 4703 3125 4760 de
3165 4717 3238 4760 eo
3267 4702 3393 4760 filio
3432 4717 3648 4760 narra-

1909 4941 1957 4977 “
1988 4936 2140 4998 Psal.
2175 4954 2228 5010 c,
2262 4942 2313 4996 t.

1980 5117 2140 5170 αὐτοῦ
2167 5112 2500 5189 ἀποδειχθῇ,
2534 5118 2624 5168 καὶ
2659 5114 2743 5189 si;
2757 5114 2966 5187 ἄφεσιν.

2053 5192 2158 5252 (78)
2220 5181 2627 5246 Codeir'Voss.
2690 5181 3067 5259 εξαμαρτόντα.
3124 5181 3453 5257 Aliquanto
3501 5186 3649 5256 post

1978 5275 2138 5318 unus
2169 5277 2282 5334 ms.
2309 5264 2418 5334 χρὴ
2449 5262 2542 5317 τὴν
2563 5256 2817 5334 τοῦ-φεοῦ
2848 5256 3265 5334 spumam».

2053 5337 2165 5402 (79)
2189 5333 2282 5389 Sic
2309 5325 2472 5402 voss.
2496 5334 2558 5402 et
2585 5328 2750 5386 Colb.
2779 5334 2837 5385 et
2854 5325 3010 5398 Reg.
3032 5325 3297 5402 primus.
3323 5328 3449 5402 V‘ox
3470 5325 3640 5402 ἐλέους

1977 5404 2042 5460 in
2061 5396 2236 5460 editis
2265 5401 2744 5460 desiderabatur.
2792 5403 2934 5471 Reg.
2954 5396 3178 5456 tertius
3223 5399 3440 5471 μέγεθος
3473 5396 3648 5461 ἐλέους

1981 5484 2337 5618 μίῐὲἓῖοὲὲε.
2369 5546 2602 5620 primus
2627 5544 2958 5620 αἵματι-τοῦ.
2997 5545 3234 5620 Κυρίουτ·
3276 5539 3504 5601 Addita
3559 5543 3657 5600 est

1980 5612 2108 5678 non
2135 5612 2316 5691 longe
2345 5612 2564 5679 v'ocula
2592 5612 2693 5673 καί
2722 5631 2796 5673 ex
2824 5614 2995 5674 libris
3025 5612 3361 5673 veteribus.
