4114 6418
215 379 221 384 ’
287 419 419 470 1093

1412 410 1708 465 REGULE
1758 407 2053 464 BREVIUS
2100 409 2480 465 TRACTA'I‘AS
2497 451 2510 464 .

3504 412 3646 467 1094

277 538 539 614 ῥᾳθυμίας
569 537 760 595 ταύτην
802 534 1163 589 ἀποϐαλόντων
1188 555 1200 568 ο
1255 535 1312 586 τὸ
1363 530 1422 585 δε
1457 531 1743 606 βιάζεσθαι
1791 537 1880 584 καὶ

2007 532 2341 588 imiserint:
2375 532 2480 587 sed
2519 533 2744 598 conari,
2771 538 2827 589 et
2857 538 3058 590 tamen
3085 551 3207 591 non
3245 536 3646 608 posse,simul

281 627 352 701 μὴ
388 624 665 689 δύνασθαι,
699 625 810 699 ἅμα
838 629 927 698 μὲν
967 625 1177 696 ἔλεγχος
1207 629 1297 684 τῆς
1337 621 1384 674 ἐν
1432 629 1503 693 τῷ
1546 621 1679 693 ἄλλῳ
1703 626 1878 694 χρόνῳ

285 718 516 792 ἀμελείας
572 717 717 790 ἡμῶν
778 716 854 786 (οὗ
902 719 1002 790 γὰρ
1064 713 1282 768 δυνατὸν
1339 715 1456 766 ἄνευ
1525 712 1742 787 μελέτης
1791 717 1883 765 καὶ

288 812 689 880 συγγυμνασίας
713 805 936 868 πλείονος
965 811 1054 859 καὶ
1086 811 1337 878 συνεχοῦς
1360 803 1485 876 (90),
1539 801 1778 877 ἐξαίφνης
1800 802 1884 856 ἐπί

282 916 333 950 τι
383 896 723 973 παρελθόντα,
781 897 1137 971 περιγενέσθαι
1185 894 1406 966 αὖτοῦ)·
1489 893 1598 966 ἅμα
1653 890 1712 946 δε
1771 889 1884 946 δεί-

285 1005 441 1038 κνυσι
507 989 594 1044 τήν
644 983 829 1058 ψυχήν
884 985 965 1057 ὓφ⁹
1023 982 1204 1059 ἐτέρων
1259 985 1437 1037 παθῶν
1493 985 1884 1059 κυριευομένην,

285 1079 376 1127 καὶ
405 1074 491 1127 ὑπ’
523 1071 722 1127 ἓκείνων
747 1069 870 1126 οὐδὲ
915 1075 1047 1148 πρὸς
1099 1071 1133 1126 ἃ
1189 1071 1455 1146 βούλεται,
1513 1071 1884 1146 ἐλευθεριάζειν

288 1161 707 1238 ἐπιτρεπομένην,
767 1163 903 1215 κατὰ
969 1165 1027 1214 τὸ
1093 1164 1193 1214 ύπό
1246 1169 1338 1214 τοῦ
1388 1161 1708 1216 Ἀποστόλου
1735 1161 1884 1237 εἰρη-

288 1256 434 1324 μένον
493 1254 753 1324 θεώρημα,
807 1252 1078 1315 εἰπόντος·
1172 1251 1300 1323 Ἐγώ
1351 1247 1409 1304 δὲ
1477 1254 1725 1325 σαρκικὸς
1781 1251 1886 1324 εἰμι

289 1340 421 1408 (9t),
454 1345 778 1413 πεπραμένος
803 1342 902 1392 ὑπὸ
934 1345 1028 1399 τὴν
1060 1341 1340 1416 ἁμαρτίαν.
1394 1341 1468 1393 Ού
1499 1344 1600 1414 γὰρ
1666 1340 1690 1392 ὃ
1736 1341 1880 1406 θέλω,

283 1433 436 1479 τοῦτο
466 1431 710 1502 πράσσω,
741 1427 847 1481 ἀλλ’
889 1429 914 1480 ὃ
945 1436 1105 1502 μισῶ,
1139 1437 1293 1482 τοῦτο
1323 1437 1454 1482 ποιῶ
1485 1451 1496 1463 ·

283 1521 391 1567 Νῦν
432 1513 492 1569 δε
521 1517 695 1570 οὐκέτι
726 1516 825 1590 ἇγὼ
856 1518 1247 1593 κατεργάζομαι
1276 1519 1423 1583 αὐτὸ,
1458 1517 1566 1570 ἀλλ’
1605 1521 1634 1576 ἡ
1666 1519 1886 1572 οἰκοῦσα

1561 1435 1650 1482 καὶ
1691 1429 1842 1482 πάλιν
1869 1451 1880 1462 ·

283 1606 334 1659 ἓν
376 1604 488 1679 ἐμοὶ
511 1606 746 1682 ἁμαρτία
771 1627 784 1642 ’
825 1613 916 1660 τοῦ
958 1614 1090 1661 Θεοῦ
1120 1612 1209 1660 καὶ
1234 1613 1387 1660 τοῦτο
1428 1607 1729 1681 συμϐαίνειν
1761 1609 1885 1681 ἡμῖν

283 1694 352 1756 εἰς
384 1695 576 1766 ἀγαθόν
609 1700 1080 1770 συγχωρήσαντος,
1123 1696 1206 1749 ἐὰν
1246 1698 1349 1772 ἄρα
1381 1694 1455 1751 δι’
1507 1697 1573 1748 ὧν
1624 1696 1888 1760 ἀκουσίως

281 1785 487 1856 πάσχεί
512 1786 541 1842 ή
575 1783 756 1856 ψυχὴ,
796 1784 868 1847 εἰς
908 1785 1158 1843 αἴσθησιν
1188 1786 1304 1855 (92)
1327 1786 1465 1838 ἔλθοι
1493 1793 1584 1838 τοῦ
1629 1793 1885 1861 κρατοῦν-

282 1890 386 1937 τος,
419 1875 508 1924 καὶ
535 1877 843 1947 γνωρίσασα
874 1873 1061 1932 ἑαυτήν
1084 1873 1131 1927 ἐν
1158 1876 1230 1936 οἷς
1259 1873 1537 1942 ἀκουσίως,
1567 1873 1798 1928 δουλεύει
1820 1883 1881 1948 τῇ
1917 1892 1956 1946 Β

283 1961 534 2035 ἁμαρτίᾳ,
568 1959 800 2035 ἀνανήψῃ
835 1961 889 2014 ἐκ
917 1971 1006 2024 τῆς
1034 1971 1127 2016 τοῦ
1168 1961 1414 2018 διαϐόλου
1445 1961 1696 2036 παγίδος,
1747 1966 1885 2018 ἕτοι-

282 2067 377 2123 μον
408 2050 733 2124 εὑρίσκουσα
756 2069 814 2102 το
840 2050 971 2112 ἔλεος
1015 2059 1106 2104 τοῦ
1164 2058 1298 2106 Θεοῦ
1343 2054 1414 2116 εἰς
1462 2052 1734 2125 ἀντίληψιν
1786 2061 1886 2105 τῶν

280 2144 510 2211 γνησίως
530 2142 935 2214 μετανοούντων.

856 2359 1170 2408 ΕΡΩΤΗΣΙΣ
1222 2354 1318 2411 ΙΖ’.

290 2445 403 2498 Ἐάν
430 2462 510 2529 τις
539 2444 673 2495 κατὰ
701 2448 817 2495 νοῦν
843 2446 1174 2530 μνημονεύσίρ
1211 2451 1301 2497 τοῦ
1330 2452 1526 2517 φαγεῖν,
1579 2439 1690 2499 εἶτα
1734 2465 1888 2497 κατα-

355 2522 460 2586 γνῷ
491 2513 698 2582 ἑαυτοῦ,
726 2513 878 2568 εἶκαὶ
912 2513 1062 2580 οὗτος
1097 2513 1162 2576 ὡς
1191 2513 1516 2591 μεριμνήσας
1565 2515 1888 2589 ἕγκληθήσε-

358 2605 466 2642 ται.

901 2715 1276 2769 ΑΠΟΚΡΙΣΙΣ.

359 2799 417 2854 Εἰ
468 2802 579 2874 μὲν,
649 2818 739 2862 της
802 2802 1003 2872 φύσεως
1059 2805 1131 2874 μὴ
1175 2800 1519 2874 ἐνοχλούσης,
1561 2805 1661 2877 πρὸ
1701 2810 1888 2876 καιροῦ

281 2897 375 2952 τῆς
428 2894 606 2951 πείνης
661 2891 690 2948 ή
745 2894 924 2962 μνήμη
979 2895 1179 2961 γίνεται
1207 2892 1348 2962 (93),
1407 2888 1670 2966 πρόδηλος
1722 2895 1812 2965 μεν
1861 2895 1887 2944 ὁ

287 2981 633 3051 μετεωρισμὸς
680 2986 772 3040 τῆς
827 2977 1033 3051 ψυχῆς,
1085 2987 1389 3054 κατηγορῶν
1443 2979 1603 3042 αὐτῆς
1666 2986 1759 3038 τήν
1833 3001 1887 3034 τε

288 3067 499 3138 περὶτὰ
537 3070 770 3140 παρόντα
807 3068 1164 3142 προσπάθειαν
1221 3073 1311 3121 καὶ
1349 3073 1440 3127 τήν
1483 3073 1600 3144 περὶ
1652 3072 1717 3122 τὰ
1772 3067 1886 3145 ἀρίσ-

289 3173 476 3207 σκοντα
507 3163 621 3229 Θεῷ
649 3157 912 3233 ῥᾳθυμίαν
943 3178 955 3193 ο
997 3159 1198 3231 ἕτοιμον
1231 3155 1289 3212 δὲ
1341 3163 1431 3211 καὶ
1483 3159 1639 3220 οὕτως
1685 3162 1743 3211 τὸ
1791 3165 1883 3212 τοῦ

1993 626 2335 678 etnostram
2357 619 2785 692 negligentiam
2809 623 2903 678 cui
2934 623 2996 678 in
3017 623 3134 680 alio
3151 629 3422 697 tempore
3457 625 3646 681 dediti

1993 711 2632 780 fuerimus,manifeste
2653 712 2847 782 arguit
2865 713 3083 785 (neque
3105 713 3264 769 enim
3283 714 3408 770 ﬁeri
3432 719 3650 786 potest,

1993 805 2057 856 ut
2085 801 2221 874 quis
2248 801 2571 874 derepente
2597 800 2821 875 aliquid
2856 802 3263 873 aggressus,id
3292 807 3656 876 assequatur

1994 891 2140 948 citra
2161 891 2636 957 meditationem,
2663 908 2733 948 ac
2765 892 2912 948 citra
2934 891 3187 948 multam
3217 892 3652 968 assiduamque

1996 980 2591 1047 exercitationem).et
2623 981 2833 1037 eodem
2870 987 3140 1054 tempore
3169 981 3394 1038 indicio
3416 984 3659 1050 est,ani-

1995 1085 2164 1125 mum
2196 1069 2411 1140 subjici
2442 1069 2598 1126 vitiis
2619 1069 2978 1143 aliis,neque
3001 1070 3116 1126 sibi
3145 1071 3223 1126 ab
3249 1071 3343 1126 his
3367 1072 3649 1143 permitti,

1998 1163 2060 1214 ut
2080 1157 2173 1213 vel
2199 1157 2277 1214 ad
2298 1175 2369 1215 ea
2397 1174 2533 1232 quae
2578 1159 2704 1215 vult
2753 1158 2906 1214 liber
2941 1159 3045 1226 sit;
3089 1160 3263 1230 juxta
3288 1175 3424 1216 eam
3455 1176 3646 1234 quam

1995 1248 2323 1320 Apostolus
2342 1248 2588 1321 protulit
2606 1249 2991 1304 sententiam:
3015 1250 3144 1319 Ego
3164 1256 3363 1306 autem
3382 1252 3656 1307 carnalis

1995 1353 2146 1404 sum,
2176 1338 2554 1394 venundatus
2570 1339 2678 1393 sub
2691 1344 2955 1408 peccato.
2979 1339 3116 1394 Non
3134 1341 3290 1395 enim
3315 1340 3476 1412 quod
3497 1341 3652 1409 volo,

1998 1427 2108 1482 hoc
2137 1443 2288 1498 ago:
2317 1429 2420 1484 sed
2447 1427 2609 1499 quod
2641 1429 2762 1495 odi,
2810 1429 2972 1484 illud
3009 1429 3266 1498 facio“.
3310 1432 3374 1485 Et
3419 1446 3654 1488 rursus.

1997 1517 2177 1574 Nunc
2188 1524 2388 1574 autem
2407 1521 2542 1588 jam
2561 1534 2681 1573 non
2697 1533 2804 1588 ego
2820 1533 3037 1588 operor
3057 1519 3350 1586 illud,sed
3369 1520 3530 1591 quod
3551 1520 3660 1577 ha-

1997 1607 2148 1664 bitat
2177 1610 2240 1663 in
2261 1623 2354 1664 me
2371 1613 2682 1678 peccatum
2705 1609 2750 1643 ⁷⁷
2779 1624 2793 1662 2
2819 1607 3107 1664 nimirum
3127 1610 3284 1663 Deus
3309 1608 3438 1681 ipse
3471 1608 3534 1664 id
3555 1625 3661 1666 no-

1996 1695 2089 1752 bis
2115 1696 2192 1752 ad
2219 1701 2488 1753 nostram
2517 1696 2830 1753 utilitatem
2859 1698 3208 1768 contingere
3235 1697 3397 1770 sinit,
3433 1697 3481 1754 si
3505 1716 3630 1772 quo

1997 1786 2182 1843 modo
2205 1787 2446 1842 animus
2469 1803 2576 1860 per
2597 1804 2668 1843 ea
2689 1803 2825 1861 quae
2857 1787 3079 1842 invitus
3102 1788 3348 1860 patitur,
3371 1790 3658 1860 cognitiol

1997 1891 2136 1932 nem
2164 1875 2414 1945 attingat
2463 1876 2614 1946 ejus,
2666 1877 2727 1932 in
2777 1877 2952 1947 cujus
3006 1881 3307 1948 potestate
3357 1876 3450 1944 sit,
3497 1881 3556 1933 et
3593 1883 3660 1935 ut

1997 1965 2229 2039 sibiipsi
2261 1966 2540 2022 conscius
2571 1966 2796 2039 quibus
2830 1967 2891 2022 in
2934 1965 3116 2022 rebus
3159 1970 3409 2038 peccato
3441 1967 3661 2024 serviat

1995 2060 2210 2125 praeter
2227 2054 2619 2118 voluntatem,
2665 2054 2984 2127 resipiscat
3032 2071 3104 2110 ex
3148 2054 3367 2127 laqueo
3405 2053 3654 2124 diaboli,

1993 2143 2304 2198 inveniens
2333 2144 2428 2198 Dei
2453 2143 2932 2200 misericordiam
2954 2144 3034 2200 ad
3054 2159 3158 2200 eos
3177 2157 3334 2218 quos
3363 2160 3500 2202 vere
3529 2161 3658 2220 poe-

1995 2227 2143 2285 nitet
2168 2227 2591 2300 suscipiendos
2621 2232 2923 2302 paratam.

2461 2352 2979 2410 INTERROGATIO
3018 2353 3185 2409 XVII.

1998 2445 2068 2501 Si
2084 2445 2215 2516 quis
2238 2442 2538 2499 comedere
2568 2443 2630 2498 in
2657 2442 2866 2498 anima
2897 2441 3418 2516 [tabueritdeinde
3436 2443 3660 2501 conde-

2069 2514 2301 2571 mnavit
2320 2516 2595 2585 seipsum,
2629 2515 2910 2586 nunquid
2945 2514 3011 2570 id
3055 2516 3111 2571 ei
3147 2517 3440 2586 tanquam
3474 2518 3659 2574 anxie

2067 2589 2328 2645 sollicito
2349 2590 2424 2643 sit
2445 2587 2506 2644 vi
2511 2588 2592 2642 tio
2616 2587 2994 2643 vertendum.

2113 2771 2118 2778 ,
2615 2709 3028 2768 ΒΕΞΡΟΝΞΙΟ.
3701 2776 3713 2787 ο

2071 2803 2225 2858 Sane
2252 2800 2300 2857 si
2325 2799 2640 2864 memoria,
2675 2799 2951 2856 nondum
2981 2802 3200 2856 natura
3233 2800 3652 2873 perturbante,

1997 2891 2298 2964 praevertit
2331 2889 2634 2946 esuriendi
2692 2894 2956 2962 tempus,
3002 2888 3326 2946 manifesta
3345 2896 3435 2946 est
3465 2891 3656 2949 animi

1997 2980 2623 3046 aberratio,accusans
2640 2977 2829 3050 ipsius
2848 2981 2973 3033 tum
2998 2993 3142 3048 erga
3161 2979 3486 3050 praesentia
3509 2980 3654 3038 affe-

1996 3069 2278 3136 ctionem,
2307 3071 2433 3122 tum
2462 3082 2606 3136 erga
2632 3082 2704 3122 ea
2732 3083 2869 3139 quae
2904 3069 3019 3122 Deo
3043 3066 3654 3139 placent,segnitiem.

1996 3159 2209 3213 Parata
2234 3159 2323 3211 est
2351 3159 2553 3210 autem
2602 3153 2781 3210 etiam
2832 3153 2916 3209 sic
2958 3153 3057 3210 Dei
3104 3154 3533 3213 misericordia.
3569 3160 3657 3214 Et-

283 3251 414 3297 Θεοῦ
442 3245 596 3307 ἔλεος.
641 3251 943 3319 Καταγνοὺς
972 3250 1071 3323 γάρ
1120 3269 1201 3312 τις
1254 3248 1460 3315 ἑαυτοῦ,
1501 3255 1572 3320 τῷ
1619 3248 1756 3322 λόγῳ
1793 3257 1884 3311 τῆς

2007 3245 2156 3302 enim
2172 3244 2365 3318 siquis
2379 3244 2540 3317 seips
2551 3260 2650 3299 um
2669 3242 3483 3316 condemnarit,paauitentiaa
3507 3262 3653 3303 cau-

279 3339 552 3406 μετανοίας
584 3333 892 3388 ἀπολέλυται
922 3345 1015 3388 τοῦ
1042 3337 1383 3410 ἐγκλήματος,
1407 3343 1497 3390 καὶ
1526 3337 1610 3390 ἐὰν
1651 3339 1884 3411 φυλάξη-

277 3442 364 3475 ται
391 3428 485 3473 τοῦ
507 3422 692 3474 λοιποῦ
723 3426 809 3475 τὸν
850 3423 1078 3491 ὄλισθον,
1148 3429 1479 3499 μνημονεύων
1539 3433 1631 3480 τοῦ
1691 3434 1884 3504 Κυρίου

279 3511 510 3574 εἰπόντος
537 3533 550 3545 ν
592 3507 704 3565 Ἴδε
734 3513 889 3585 ὑγιής
912 3517 1146 3586 γέγονας,
1173 3519 1361 3588 μηκέτι
1392 3515 1670 3590 ἁμάρτανε,
1709 3519 1789 3570 ἱνα
1809 3522 1882 3590 μή

277 3605 458 3676 χεῖρόν
489 3605 542 3653 τί
578 3621 662 3654 σοι
691 3606 924 3674 γένηται.
960 3603 1022 3656 Εἰ
1061 3600 1139 3671 δὲ,
1173 3613 1268 3667 τῆς
1299 3607 1502 3678 φύσεως
1549 3603 1885 3678 ἀναγκαζού-

282 3709 400 3757 σης,
433 3695 522 3743 καὶ
568 3699 658 3752 τῆς
705 3697 883 3753 πείνης
922 3695 1240 3766 κρατούσης,
1284 3697 1314 3753 ἡ
1356 3696 1450 3768 μὲν
1496 3695 1750 3759 αἴσθησις
1790 3699 1886 3755 τήν

275 3785 488 3854 μνήμην
519 3787 666 3848 κινεῖ,
699 3787 818 3854 νικᾷ
851 3779 910 3834 δε
940 3783 965 3835 ὁ
994 3783 1243 3857 λογισμὸς
1263 3791 1324 3858 τῇ
1350 3789 1468 3858 περὶ
1513 3786 1580 3836 τὰ
1616 3788 1886 3860 κρείττονα

282 3865 490 3942 σπουδῇ
522 3889 576 3922 τε
606 3871 720 3941 (94)
750 3876 840 3922 καὶ
878 3871 1072 3946 σχολῇ,
1103 3873 1208 3945 οὐχ
1238 3875 1266 3932 ἡ
1301 3878 1480 3948 μνήμη
1513 3879 1884 3946 καταγνώσεως

279 3956 420 4025 ἀξία,
456 3957 561 4012 ἀλλ’
592 3962 622 4020 ή
648 3964 763 4020 νίκη
799 3961 1033 4018 ἐπαίνου.

837 4095 1154 4144 ΕΡΩΤΗΣΙΣ
1225 4091 1327 4146 ΙΗ’.

277 4173 338 4226 Εἰ
365 4179 476 4255 χρὴ
501 4174 558 4255 ᾖν
586 4172 903 4255 ἀδελφότητι
931 4185 1006 4255 τῷ
1033 4177 1295 4255 ἐξαμαρτή
1306 4185 1456 4234 σαντί
1480 4201 1605 4234 ποτε
1626 4177 1883 4255 φροντίδα

346 4245 464 4336 τι.νά
493 4245 810 4334 ἐγχειρίζειν
836 4245 1448 4322 μετὰ’πολλῆν’ἀ’σκησιν
1473 4275 1485 4287 ·
1534 4245 1643 4306 καῖ’
1661 4245 1709 4306 ἐἰ
1740 4257 1877 4329 χρὴ,

345 4338 500 4370 ποίαν
539 4339 736 4378 ταυτην
747 4361 759 4374 .

889 4503 1262 4555 ΔΠΟΚΡΙΣΙΣ.

349 4586 767 4658 Μνημονεύοντες
839 4595 931 4640 τοῦ
984 4588 1308 4644 Ἀποστόλου
1369 4589 1622 4663 λέγοντος,
1692 4589 1882 4665 ’Δπρό-

279 4695 468 4731 σκοποι
557 4676 765 4748 γίνεσθε
829 4682 918 4732 καὶ
985 4675 1266 4742 Ἰουδαίοις
1317 4684 1406 4732 καὶ
1487 4677 1726 4748 Ἕλλησι,
1791 4678 1881 4732 καί
1914 4679 1958 4732 Ι)

347 4855 398 4888 ⁷⁸
425 4857 593 4911 Rom.
627 4871 726 4925 vn,
757 4857 956 4926 14,15.
1035 4857 1080 4893 ⁷⁷
1116 4857 1266 4914 ibid.
1306 4862 1390 4914 t7.
1467 4857 1517 4893 ’³⁸
1555 4855 1730 4914 Joan.
1768 4874 1830 4928 ν,
1867 4854 1956 4912 ﬂ.

351 5008 462 5076 (90)
493 5008 634 5078 Reg.
663 5006 868 5064 tertius
898 5013 955 5064 et
981 5012 1148 5083 _Voss.
1189 5015 1280 5083 καὶ
1326 5014 1729 5083 συγγυμνασίας
1757 5013 1878 5083 μεί-

278 5078 533 5140 ζονοςκαὶ
565 5087 840 5151 συνεχοῦς.
877 5081 1076 5136 Codex
1103 5082 1274 5138 Colb.
1312 5078 1448 5134 ἄνευ
1479 5078 1695 5154 sane;
1729 5078 1877 5154 μελε-

273 5169 366 5210 της
395 5154 481 5201 καὶ
507 5157 805 5260 γυζμνασίας
832 5154 1067 5224 μείζονος
1107 5159 1194 5206 καὶ
1228 5161 1487 5226 συνεχοῦς
1537 5159 1627 5206 καὶ
1676 5151 1880 5226 ἀπαρα-

273 5221 482 5260 Ἱιιίπηιηει
538 5222 557 5260 έ
591 5228 774 5260 ηἷωυἋρ
802 5223 881 5260 ἑνὶ
912 5225 1076 5260 ρνῖνπῖιυ
1123 5226 1442 5260 ’-Αρῖηιὶυρρ
1517 5228 1876 5260 "conuiuas-Anu

272 5221 774 5301 λείπτου,⁷ἐξαίφνης
801 5221 886 5277 ἐπὶ
911 5225 1076 5296 εύχὴν
1123 5221 1462 5302 παρελθόντα,
1517 5221 1880 5298 περιγίνεσθαι

277 5313 736 5449 εαῖἔέΐνθςςςθε
780 5366 1015 5449 aliquot
1044 5366 1199 5449 Δ1.ιριῆ
1250 5366 1881 5449 σαρκικὸςᾷξίμικμΕςὶιί

276 5455 540 5519 σαρκίνος.
573 5435 903 5512 Aliquantd
922 5443 1060 5511 post
1089 5441 1228 5510 Reg.
1261 5435 1493 5512 primus
1519 5435 1648 5492 Νυνὶ
1669 5435 1748 5494 δέ.
1775 5441 1879 5496 Su-

272 5507 459 5563 binde
490 5508 681 5564 codex
720 5512 889 5566 Voss.
920 5511 987 5572 εἰς
1009 5510 1204 5573 ἀγαθὸν
1236 5519 1663 5573 συγχωροῦντος.

348 5532 459 5562 ιιυυ
490 5532 681 5564 60081
728 5532 889 5566 νοις.
920 5532 987 5572 εις
1009 5532 1204 5584 αγαυον
1236 5532 1663 5585 συγχωροῦντος.

348 5583 460 5667 (92.)
485 5582 726 5667 Antiqui
747 5583 870 5638 duo
888 5582 1024 5667 libri
1046 5584 1540 5667 cumVossnbuxﬁ
1567 5584 1637 5667 εἰς
1660 5579 1882 5667 6:63:93.-

277 5651 440 5713 σιν,δί
451 5651 724 5709 videlicet
737 5655 1005 5712 emendet
1017 5656 1299 5726 aﬂ'ectum
1314 5651 1877 5712 dominantem.'Alii

276 5722 402 5779 duo
427 5738 577 5778 mss.
611 5728 668 5780 et
689 5725 831 5784 editi
853 5727 921 5789 εἰς
943 5729 1216 5786 αἴσθησιν.
1251 5729 1361 5784 Pro
1393 5727 1533 5780 ἔλθοι
1559 5744 1707 5783 mss.
1738 5741 1888 5782 non-

1997 3351 2064 3392 sa
2094 3334 2410 3391 absolutus
2436 3337 2528 3390 est
2553 3349 2589 3389 a
2620 3333 2892 3401 crimine,
2935 3337 2992 3389 et
3018 3333 3064 3388 si
3097 3334 3413 3390 caveritde
3436 3340 3652 3394 caetero

1993 3424 2502 3497 lapsum,memnr
2523 3421 2759 3478 Domini
2776 3421 2878 3494 qui
2897 3421 3066 3491 dixit,
3087 3422 3237 3479 Ecce
3251 3438 3435 3479 sanus
3451 3425 3659 3496 factus

1995 3515 2202 3583 esjam
2231 3513 2361 3567 noli
2382 3526 2731 3582 peccare,ne
2751 3511 3014 3568 deterius
3034 3511 3146 3567 tibi
3163 3512 3403 3582 aliquid
3419 3515 3656 3570 contin-

1995 3604 2186 3674 gat".
2235 3601 2406 3667 Quod
2450 3601 2496 3656 si
2548 3604 2797 3670 cogente
2837 3605 3078 3668 natura,
3125 3605 3180 3656 et
3224 3600 3386 3658 fame
3425 3601 3656 3658 invale-

1997 3697 2216 3756 scente,
2240 3706 2456 3745 sensus
2501 3694 2883 3745 commoveat
2906 3688 3079 3761 421
3119 3691 3503 3756 memoriam,
3551 3691 3658 3748 sed

1995 3786 2201 3836 tamen
2227 3782 2468 3850 superet
2484 3776 2638 3833 ratio
2664 3781 2792 3831 tum
2811 3775 2890 3831 ob
2911 3775 3200 3835 studium.
3218 3783 3347 3832 tum
3374 3777 3454 3832 ob
3481 3794 3657 3836 suam

1995 3868 2152 3924 circa
2174 3867 2420 3923 meliora
2442 3865 2906 3938 occupationem
2952 3885 2965 3928 ς
2998 3865 3296 3921 memoria
3344 3867 3472 3923 hinc
3524 3883 3649 3924 non

1995 3957 2467 4015 condemnanda
2495 3960 2608 4023 est,
2641 3953 2748 4010 sed
2770 3954 3020 4011 victoria
3047 3953 3380 4012 laudanda.

2452 4080 2970 4138 INTERROGATIO
3014 4080 3208 4137 XVIII.

1994 4176 2043 4230 A
2053 4191 2091 4229 n
2103 4189 2221 4244 par
2229 4173 2441 4242 fuerit,
2455 4172 2510 4227 ei
2519 4171 2625 4242 qui
2637 4171 2699 4244 in
2710 4171 2987 4244 fratrum
3001 4185 3111 4244 con
3121 4176 3298 4226 uentu
3317 4171 3655 4242 aliquando

2064 4239 2332 4316 deliquit,
2351 4239 2569 4302 munus
2585 4241 2835 4316 aliquod
2856 4239 3222 4316 demandare
3234 4249 3372 4316 post
3392 4239 3649 4300 multam

2065 4313 2574 4378 erefcitatz‘onem,
2605 4318 2662 4369 et
2682 4313 2736 4368 si
2750 4326 2870 4382 par
2892 4313 2992 4381 sit,
3014 4313 3194 4386 quale
3214 4314 3455 4370 tandem
3487 4316 3651 4372 illud

2065 4403 2189 4445 esse
2207 4387 2441 4442 debeat.

2619 4491 3031 4547 RESPONSIO.

2065 4588 2354 4641 Memores
2380 4580 2935 4654 Apostolidicentis,
2962 4581 3107 4637 Sine
3127 4581 3452 4651 offensione
3472 4587 3657 4639 estote

1992 4682 2046 4734 et
2067 4674 2310 4739 Judzis,
2341 4677 2396 4729 et
2421 4671 2730 4740 Gentibus,
2776 4675 2831 4725 et
2877 4669 3165 4726 Ecclesia
3213 4670 3326 4726 Dei
3341 4685 3365 4726 .·
3392 4671 3547 4726 sicut
3598 4675 3656 4726 et

1985 5003 2136 5062 nulli
2165 5001 2393 5058 habent
2417 5000 2563 5073 ἔλθῃ.
2593 4999 2806 5056 Statim
2847 4996 3015 5056 Colb.
3055 4993 3347 5073 δουλεύῃ...
3373 4995 3648 5068 ἀνανῆψαι.

2055 5078 2165 5148 (93)
2199 5077 2340 5144 Reg.
2372 5069 2606 5145 primus
2651 5079 2834 5148 μνῆμα
2874 5073 3108 5148 γένη-ται.
3163 5069 3488 5148 Aliquanto
3513 5077 3656 5148 post

1986 5143 2157 5204 idem.
2203 5143 2318 5201 ms.
2365 5143 2455 5217 ἑήν
2503 5163 2557 5196 τε
2612 5144 2835 5217 πρὸςτά
2871 5146 3106 5215 παρόντα
3149 5143 3499 5214 συμπάθειαν,
3561 5147 3653 5195 καὶ

1985 5226 2078 5279 τὴν
2108 5223 2239 5293 πρὸς
2267 5219 2342 5293 τὰ.
2356 5214 2663 5293 ἀρέσκονταζ

2061 5279 2172 5363 (9t)
2211 5279 2456 5363 Antiqui
2494 5285 2632 5363 duo
2679 5283 2832 5363 libri
2879 5299 3047 5363 cum.
3071 5285 3243 5363 Voss;
3275 5279 3514 5363 ’σπουδῇ
3556 5303 3659 5363 πε.

1988 5353 2216 5419 Vocula
2242 5379 2296 5413 τε
2326 5353 2389 5415 iri
2439 5357 2615 5414 editis
2660 5355 3146 5412 desiderabatur.
3203 5353 3433 5411 Ibidem
3459 5353 3655 5414 codex

1990 5435 2161 5491 Voss.
2186 5432 2379 5504 σχολῇ,
2413 5435 2502 5482 καὶ
2557 5431 2892 5504 περιγένηται
2951 5435 3048 5488 τῆς
3095 5430 3322 5504 μνήμης,
3358 5427 3486 5504 οὐχ.
3518 5427 3658 5483 Sta-

1988 5507 2094 5562 tim
2126 5498 2265 5561 editi
2293 5498 2350 5559 et
2382 5505 2518 5570 Reg.
2562 5498 2868 5556 secundus
2899 5498 3274 5569 καταγνώσεως
3326 5498 3492 5568 αιτια,
3523 5513 3645 5555 non

1989 5593 2173 5635 causa
2201 5583 2288 5632 est
2321 5569 2852 5646 condemnationis.
2912 5569 3022 5624 Alii
3070 5574 3191 5646 tres
3237 5586 3389 5626 mss.
3429 5575 3647 5646 praeter

1987 5653 2154 5706 Voss.
2187 5651 2567 5721 καταγνώσεως
2588 5642 2729 5708 ἀξία,
2760 5641 2943 5712 longe
2973 5640 3209 5698 melius.
