4114 6432
254 403 385 460 1097

1374 386 1675 443 REGULA'I
1713 378 2017 438 BREVIUS
2054 380 2469 440 ΤΒΑΟΤΑΤᾹΞ.

3476 389 3614 444 i093

256 534 359 581 τῶν
407 526 527 598 περὶ
572 527 705 576 Θεοῦ
742 514 1154 583 κακοδοξοῦνων,
1186 512 1277 576 οὓς
1314 516 1345 573 ἠ
1398 507 1688 573 κακοδοξία
1729 502 1853 560 οὐδὶ

2000 538 2117 594 nos
2144 523 2352 596 opinio
2372 538 2561 597 prava
2580 539 2657 581 ne
2682 523 2739 580 in
2764 522 2992 581 caeteris
3012 524 3259 597 quidem
3280 541 3463 584 sanos
3486 539 3621 582 esse

258 613 307 669 ἐν
356 597 484 678 τοῖς
510 612 679 673 ἄλλοις
709 612 961 683 ὑγιαίνειν
1000 606 1077 679 ἑᾷ,
1108 600 1566 680 παραδιδομένους
1600 597 1740 661 ἅπαξ
1779 599 1857 676 (4)

258 701 327 757 δι’
356 704 511 762 αὐτὴν
554 709 664 764 τοῖς
717 708 809 761 τῆς
862 697 1074 772 ἀτιμίας
1110 695 1375 761 πάθεσιν;
1431 693 1501 754 ὡς
1535 687 1855 760 πολλαχόθεν

259 789 527 848 δείκνυται
574 796 665 844 καὶ
718 788 773 842 έκ
826 796 926 841 τῶν
968 789 1017 841 ἑν
1062 794 1124 858 τῇ
1166 786 1293 858 πρὸς
1338 782 1623 855 Ῥωμαίους
1653 777 1857 852 εἰρημέ-

258 902 353 935 νων
400 886 520 957 περί
569 899 718 934 τινων
767 878 945 938 οὕτως·
989 880 1089 931 Καὶ
1145 874 1316 935 καθὼς
1374 871 1468 924 οὐκ
1533 864 1857 940 ἐδοκίμασαν

258 975 345 1025 τόν
432 955 561 1024 Θεὸν
634 972 775 1041 ἔχειν
850 965 897 1018 έν
955 964 1254 1037 έπιγνώσει,
1310 956 1609 1036 παρέδωκεν
1671 955 1858 1016 αὐτοὺς

261 1062 287 1115 ό
341 1062 477 1120 ’Θεὸς
544 1059 615 1121 εὶς
681 1054 936 1129 ἀδόκιμον
1018 1061 1159 1123 νοῦν,
1238 1058 1403 1106 ποιεῖν
1459 1051 1526 1101 τὰ
1588 1050 1659 1120 μὴ
1722 1044 1858 1097 καθ-

262 1155 472 1210 ήκοντα⁸
530 1146 959 1221 πεπληρωμένους
1006 1145 1150 1217 πάσῃ
1185 1138 1392 1213 ἀδικίᾳ,
1435 1140 1664 1213 πορνείᾳ,
1692 1151 1860 1191 πονη-

263 1244 386 1316 ρίᾳ,
453 1235 750 1308 πλεονεξίᾳ,
820 1238 981 1307 κακίᾳ
1003 1254 1017 1268 ο
1099 1233 1318 1305 μεστοὺς
1384 1230 1571 1302 φθόνου
1595 1267 1611 1292 ,
1682 1227 1858 1297 φόνου,

262 1312 451 1402 έριδος,
497 1322 678 1396 δόλου,
728 1325 1059 1385 κακοηθείας·
1115 1321 1453 1394 ψιθυριστάς,
1513 1312 1857 1380 καταλάλους,

263 1416 579 1488 θεοστυγεῖς,
633 1412 908 1489 ὑϐριστὰς,
960 1411 1340 1486 ὑπερηφάνους,
1388 1406 1661 1471 ἀλαζόνας,
1716 1400 1860 1474 ἔφευ-

257 1507 410 1581 ριτάς
472 1512 669 1570 κακῶν,
725 1510 964 1576 γονεῦσιν
1019 1499 1268 1566 ἀπειθεῖς,
1333 1496 1634 1566 ἀσυνέτους,
1700 1489 1858 1544 ἀσυν-

261 1595 441 1658 θέτους
517 1595 614 1665 (ὅ),
689 1591 998 1668 ἀστόργους,
1083 1584 1397 1652 ἀσπόνδους,
1484 1583 1848 1656 ἀνελεήμονας’

261 1685 469 1751 οἵτινες,
544 1686 602 1736 τό
679 1679 951 1755 δικαίωμα
1013 1686 1106 1733 τοῦ
1172 1685 1306 1732 Θεοῦ
1389 1674 1695 1747 ἐπιγνόντες,
1764 1669 1860 1724 οῦκ

263 1771 483 1831 ένόησαν
526 1774 607 1826 ὅτι
659 1774 709 1824 οί
749 1774 817 1824 τὰ
854 1778 1073 1824 τοιαῦτα
1109 1770 1432 1847 πράσσοντες
1456 1764 1596 1828 ἄξιοι
1635 1762 1858 1816 θανάτου

1965 612 2274 686 permittit,
2295 612 2479 670 semel
2504 612 2587 669 ob
2629 612 2826 686 ipsam
2863 612 3213 683 ignominiae
3241 614 3399 671 vitiis
3430 614 3619 672 tradi-

1964 706 2057 759 tos
2078 703 2106 758 ?
2136 702 2220 759 uti
2270 702 2459 777 liquet
2515 720 2587 759 ex
2636 701 2840 759 multis
2867 701 3033 770 locis,
3065 708 3123 760 et
3159 703 3422 761 maxime
3447 721 3520 761 ex
3550 705 3622 761 iis

1965 809 2103 866 quae
2126 793 2186 849 in
2221 792 2484 867 Epistola
2512 793 2593 849 ad
2615 796 2919 849 Romanos
2951 792 3026 847 de
3056 791 3422 866 quibusdam
3461 794 3625 852 dicta

1967 888 2108 939 sunt
2148 883 2311 939 hunc
2340 882 2400 938 in
2436 883 2728 939 modum:
2768 883 2848 938 Et
2869 883 3025 938 sicut
3055 898 3175 938 non
3212 884 3629 952 probaverunt

1966 974 2154 1029 Deum
2182 971 2403 1029 habere
2429 974 2494 1028 in
2520 972 2759 1041 notitia,
2783 970 3038 1028 tradidit
3088 972 3227 1028 illos
3255 974 3413 1029 Deus
3444 974 3507 1029 in
3538 988 3629 1031 re-

1958 1062 2218 1133 probum
2272 1076 2534 1132 sensum,
2576 1068 2642 1116 ut
2693 1062 2934 1132 faciant
2967 1075 3037 1118 ea
3088 1077 3222 1133 qua
3258 1077 3381 1119 non
3421 1078 3630 1119 conve-

1967 1154 2148 1208 niunt
2171 1167 2195 1209 .'
2224 1153 2478 1221 repletos
2497 1153 2665 1208 omni
2690 1152 3028 1223 iniquitate,
3046 1153 3474 1221 fornicatione,
3506 1168 3637 1211 ma-

1974 1242 2128 1309 litia,
2148 1243 2435 1308 avaritia,
2456 1242 2749 1313 nequitia:
2779 1241 2987 1310 plenos
3017 1240 3270 1303 invidia,
3289 1240 3633 1313 homicidio,

1974 1331 2373 1399 contentione,
2386 1330 2547 1399 doto,
2561 1330 2975 1401 malignitate:
3008 1344 3380 1399 susurrones,
3399 1331 3636 1389 deti-aco

1978 1425 2154 1486 tores,
2178 1422 2297 1477 Deo
2318 1420 2588 1487 odibites,
2604 1419 3079 1485 contumeliosus,
3102 1421 3634 1488 superbos,etatos,

1976 1512 2319 1567 inventores
2366 1510 2690 1575 malorum,
2721 1507 3079 1579 parentibus
3110 1523 3230 1564 non
3277 1510 3635 1581 obedienles,

1976 1602 2350 1672 insipientes,
2390 1602 2836 1669 incompositos,
2863 1600 2993 1655 sine
3029 1599 3366 1669 affectione,
3415 1602 3639 1674 absque

1971 1691 2221 1762 faedere,
2295 1691 2426 1747 sine
2478 1684 2939 1746 misericordia:
2985 1689 3091 1759 qui
3137 1704 3272 1744 cum
3327 1691 3637 1759 justitiam

1975 1781 2087 1839 Dei
2132 1782 2559 1851 cognovissent,
2591 1795 2713 1835 non
2752 1778 3189 1835 intellexerunt
3217 1779 3503 1850 quoniam
3533 1781 3642 1853 qui

270 1863 421 1930 εἰσὶν,
457 1861 516 1915 οὐ
567 1865 722 1935 μόνον
762 1858 822 1915 δε
870 1860 1005 1914 αὐτὰ
1041 1866 1306 1929 ποιοῦσιν,
1356 1854 1487 1909 ἀλλά
1530 1858 1620 1907 καὶ
1683 1868 1861 1906 συνευ-

2004 1871 2142 1927 alia.
2161 1875 2377 1941 agunt,
2417 1868 2591 1939 digni
2635 1873 2775 1924 sunt
2807 1871 3035 1924 morte:
3077 1872 3131 1925 et
3159 1882 3280 1923 non
3310 1869 3513 1925 solum“
3536 1871 3642 1942 qui

265 1949 491 2007 δοκοῦσι
518 1958 630 2016 τοῖς
651 1952 1007 2025 πράσσουσιν.

825 2062 1142 2113 ΕΡΩΤΗΣΙΣ
1178 2055 1303 2113 KA'.

270 2172 431 2227 Πόθεν
480 2171 508 2224 ό
563 2171 919 2245 μετεωρισμός
961 2173 1053 2245 καὶ
1094 2169 1144 2245 οἱ
1213 2162 1576 2245 διαλογισμοί·
1621 2164 1714 2216 καὶ
1759 2168 1871 2223 πῶς

749 2236 940 2303 αὐτοὺς
970 2236 1004 2293 δ
1011 2236 1390 2316 ιορθωσόμεθαλ

876 2352 1231 2403 ΑΠΟΚΡΙΣΙΣ
1242 2390 1255 2406 .

345 2481 550 2532 Γίνεταί
606 2477 632 2530 ό
692 2476 766 2549 (6)
806 2477 1163 2550 μιτεωρισμός
1221 2470 1323 2526 ἀπὸ
1390 2469 1579 2547 ἀργίας
1635 2474 1728 2521 τοῦ
1783 2471 1874 2520 νοῦ

275 2573 351 2643 μὴ
408 2566 801 2641 ἀσχολουμένου
859 2570 975 2639 περὶ
1021 2565 1087 2617 τὰ
1153 2561 1432 2636 ἀναγκαῖα.
1490 2558 1667 2634 Ἀργιῖ
1731 2553 1791 2610 δί
1848 2558 1874 2610 ό

277 2665 397 2721 νοῦς
453 2662 543 2711 καὶ
598 2655 869 2731 ἀμεριμνεῖ
931 2654 984 2719 ἐξ
1039 2653 1291 2714 ἀπιστίας
1339 2659 1432 2705 τοῦ
1497 2655 1738 2723 παρεῖναι
1788 2650 1876 2700 τὸν

280 2751 431 2818 Θεὸν,
464 2747 717 2809 έτάξοντα
766 2741 992 2821 καρδίας
1043 2748 1136 2797 καὶ
1194 2745 1423 2819 νεφροὺς.
1477 2740 1537 2795 Εἰ
1573 2741 1675 2813 γὰρ
1723 2744 1878 2791 τοῦτο

282 2837 537 2906 έπίστευε,
597 2838 805 2900 πάντως
854 2834 1015 2889 έποίει
1068 2837 1124 2888 τό
1197 2833 1482 2909 εἰρημένον*
1544 2833 1879 2904 ΙΙροωρὼμην

281 2931 370 2981 τὸν
435 2931 624 3001 Κύριον
689 2924 900 2980 ένώπιόν
965 2945 1067 2999 μου
1134 2920 1441 2990 διαπαντός,
1510 2922 1592 2973 ὅτι
1675 2917 1730 2970 έκ
1786 2912 1879 2969 δε-

289 3019 416 3080 ξιῶν
497 3020 596 3092 μου
649 3016 816 3089 έστίν,
891 3018 974 3070 ἱνα
1053 3020 1124 3089 μὴ
1185 3013 1438 3068 σαλευθῶ.
1500 3010 1559 3064 Ὀ
1626 3006 1686 3063 δὲ
1731 3015 1883 3061 τοῦτο

288 3112 378 3161 καί
427 3110 493 3161 τὰ
534 3109 722 3183 όμοιτα
746 3109 916 3179 τοτύῳ
961 3106 1229 3181 κατορθῶν
1284 3107 1402 3157 οῦτε
1437 3100 1691 3175 τολμήσει
1735 3099 1882 3167 ποτε,

1979 1976 2050 2018 ea
2063 1961 2326 2032 faciunt,
2342 1958 2445 2016 sed
2465 1960 2643 2015 etiam
2667 1958 2772 2029 qui
2791 1957 3171 2013 consentiunt
3187 1956 3637 2026 facientibus“.

2462 2064 2985 2123 INTERROGATIO
3026 2063 3159 2122 XXI.

1981 2175 2149 2236 Unde
2188 2175 2406 2232 mentis
2456 2172 2787 2242 aberratio,
2842 2175 2899 2227 et
2954 2171 3144 2228 varias
3200 2172 3594 2243 cogitationes
3619 2188 3646 2232 .’

2281 2251 2337 2304 et
2365 2244 2660 2318 quomodo
2685 2247 2848 2313 ipsas
2867 2243 3338 2301 emendabimus.

2606 2350 3010 2407 RESPONSIO.

2054 2485 2358 2553 Evagatur
2410 2479 2676 2544 animus,
2717 2475 2826 2533 ubi
2874 2475 3038 2534 iners
3068 2480 3182 2547 est,
3214 2493 3326 2536 nec
3356 2476 3420 2536 in
3464 2478 3647 2537 rebus

1981 2571 2345 2631 necessariis
2375 2572 2732 2643 occupatur.
2758 2565 2924 2624 Iners
2958 2572 3161 2624 autem
3192 2584 3266 2624 ex
3295 2585 3367 2628 eo
3396 2567 3652 2629 efficitur

1984 2679 2180 2725 mens,
2204 2666 2262 2719 et
2280 2660 2417 2735 plus
2435 2660 2598 2732 justo
2622 2673 2859 2725 secura,
2877 2657 3047 2730 quod
3072 2660 3264 2715 Deum
3288 2658 3506 2716 adesse
3523 2674 3652 2716 non

1986 2752 2212 2822 credat,
2244 2750 2432 2808 corda
2475 2752 2533 2806 et
2580 2762 2757 2805 renes
2811 2750 3203 2805 scrutantem.
3249 2747 3307 2805 Si
3333 2747 3494 2805 enim
3534 2748 3654 2806 hoc

1988 2840 2279 2908 crederet,
2309 2841 2627 2914 perageret
2646 2850 2898 2910 prorsus
2916 2836 3086 2909 quod
3105 2836 3336 2894 dictum
3353 2841 3444 2893 est
3469 2853 3483 2895 :
3508 2838 3656 2895 Pro-

1993 2932 2266 2990 vidcbam
2299 2932 2613 2987 Dominum
2638 2932 2702 2987 in
2729 2932 3052 2998 conspectu
3071 2942 3198 2984 meo
3218 2942 3471 2999 semper,
3512 2944 3656 3000 quo-

1991 3023 2156 3079 niam
2187 3036 2225 3077 a
2245 3020 2479 3077 dextris
2509 3025 2592 3076 est
2614 3018 2785 3088 mihi,
2815 3032 2891 3073 ne
2913 3031 3287 3074 commovear
3309 3018 3381 3072 ⁸⁸.
3414 3019 3527 3085 Qui
3546 3034 3657 3076 au-

1993 3118 2117 3168 tem
2147 3111 2283 3178 hoc,
2317 3114 2375 3167 et
2424 3124 2564 3182 quas
2608 3107 2751 3165 huic
2800 3105 3021 3163 similia
3059 3109 3220 3177 sunt,
3241 3105 3405 3178 facit,
3456 3122 3659 3181 neque

288 3201 404 3252 οὔτε
455 3197 557 3263 ἕξει
588 3197 791 3271 σχολὴν
831 3195 1248 3270 διαλογίσασθαί
1274 3214 1324 3248 τι
1376 3201 1476 3248 τῶν
1507 3195 1578 3260 (7)
1623 3193 1714 3281 μὴ-
1753 3191 1878 3281 πρὸς

2000 3201 2243 3261 audebit
2264 3216 2560 3273 unquam,
2589 3214 2788 3271 neque
2813 3197 2869 3253 ei
2885 3195 3087 3253 licebit
3115 3211 3225 3269 per
3246 3197 3459 3266 otium,
3486 3197 3661 3271 quid-

286 3284 574 3362 οἰκοδομὴν
620 3296 718 3349 τῆς
762 3292 991 3348 πίστεως
1036 3285 1495 3359 οἰκονομουμένων,
1541 3283 1639 3334 κᾶν
1692 3277 1885 3352 ἀγαθόν

287 3374 418 3433 εἶναι
465 3374 625 3448 δοκῇ,
672 3375 778 3447 οὐχ
828 3375 912 3428 ὅτι
939 3394 1000 3446 γε
1049 3383 1150 3428 τῶν
1189 3372 1643 3449 ἀπηγορευμένων,
1672 3373 1764 3422 καὶ
1811 3371 1884 3441 μὴ

288 3465 614 3544 ἀρεσκόντων
637 3471 772 3537 Θεῷ.

855 3667 1170 3718 ΕΡΩΤΗΣΙΣ
1208 3658 1326 3717 ΚΗ.

428 3774 590 3829 Πόθεν
635 3770 690 3826 αἰ
734 3773 1027 3849 νυκτεριναὶ
1073 3773 1358 3843 φαντασίαι
1401 3768 1456 3821 αἱ
1521 3764 1766 3843 ἀπρεπεῖς

973 3846 1227 3916 γίνονται.

912 3957 1289 4010 ΔΙΙΟΚΡΙΣΙΣ.

373 4084 607 4133 Γίνονται
818 4076 875 4132 έκ
929 4085 1031 4130 τῶν
1085 4079 1217 4151 μετά
1268 4078 1463 4151 ἠμεραν
1503 4072 1788 4127 αλλοκοτων
1817 4071 1898 4143 (8)

299 4177 396 4232 τῆς
449 4168 639 4241 ψυχῆς
701 4169 1021 4240 κινημάτων.
1080 4167 1196 4221 Ἐὰν
1256 4163 1316 4221 δί
1368 4164 1417 4220 έν
1464 4174 1525 4239 τῇ
1584 4164 1752 4239 σχολῇ
1799 4171 1901 4219 τῶν

298 4266 390 4312 τοῦ
432 4266 566 4312 Θεοῦ
614 4258 881 4333 χριμάτων
931 4258 1232 4331 καθαρεύσῃ
1286 4258 1317 4316 ἠ
1365 4254 1565 4311 έκείνων
1606 4253 1781 4327 ψυχὴ,
1813 4256 1904 4306 καὶ

302 4349 353 4413 έν
406 4349 588 4423 μελέτῃ
618 4352 832 4421 γένηται
863 4344 1093 4406 διηνεκεῖ
1133 4355 1234 4402 τῶν
1290 4347 1458 4401 καλῶν
1514 4352 1605 4400 καὶ
1651 4345 1903 4422 ἀρεσκόν-

302 4458 405 4494 των
434 4446 571 4509 Θεῷ,
599 4444 819 4490 τοιαῦτα
843 4437 943 4502 ἔξει
971 4439 1059 4490 καὶ
1081 4439 1148 4490 τὰ
1172 4436 1403 4495 ἐνύπνια.

877 4588 1193 4638 ΕΡΩΤΗΣΙΣ
1216 4582 1332 4640 ΚΓ.

412 4672 547 4736 Ἕως
572 4675 735 4727 ποίων
769 4673 1018 4751 ῥημάτων
1056 4675 1086 4734 ἠ
1122 4673 1407 4750 ἀργολογία
1432 4679 1663 4753 κρίνεται

929 4789 1305 4841 ΑΠΟΚΡΙΣΙΣ.

386 4909 623 4965 Καθόλου
666 4916 767 4965 πᾶν
831 4910 997 4986 ῥῆμα,
1054 4914 1113 4964 τό
1163 4914 1236 4985 μὴ
1298 4909 1568 4965 συντελοῦν
1623 4912 1757 4987 πρὸς
1818 4913 1914 4970 τήν

389 5058 437 5095 ἰ
474 5060 651 5116 Rom.
681 5073 720 5125 ι,
752 5060 939 5114 28—32.
1016 5058 1064 5093 ⁸⁵
1105 5055 1257 5115 Psal.
1297 5072 1402 5126 xv,
1433 5060 1486 5113 8.

391 5186 467 5259 (ᾧ)
504 5185 649 5255 Reg.
703 5182 968 5259 pri_mus__
995 5178 1454 5259 παραδεδομένους
1494 5181 1804 5259 ἅπαξηΝθο
1836 5182 1921 5241 ita.

317 5254 673 5338 inulto-posit
698 5254 892 5311 codex
924 5254 1093 5310 Voss'.
1134 5254 1283 5328 πρὸς
1305 5254 1593 5328 Ῥωμαίους
1641 5254 1919 5331 εἰρημένων

319 5328 565 5387 ἄπιστολῆ
601 5328 738 5381 οὕτω
747 5348 787 5390 ς.

397 5405 486 5481 (5)-
508 5400 758 5481 Veteres
790 5397 1352 5481 aliquotlibr‘ihcum
1390 5400 1591 5481 Voss._
1617 5396 1918 5481 ἀσυνέτους.

324 5468 789 5533 ἀσυνθέτουςΝοχ
804 5468 1015 5526 ultima
1028 5470 1086 5525 in
1101 5468 1276 5526 editis
1289 5468 1693 5527 desideratur.
1710 5472 1921 5528 Statim

324 5545 467 5604 editi
516 5544 827 5615 ἐπιγνόντες,
854 5544 954 5598 ὃτι.
985 5546 1059 5615 At
1092 5558 1246 5615 mss.
1287 5540 1563 5615 nonnulli
1590 5559 1732 5599 cum
1753 5545 1923 5600 Voss.

324 5624 392 5676 ut
409 5619 471 5675 in
502 5609 803 5671 contextu.
829 5612 1049 5670 Vocula
1078 5609 1139 5666 δέ
1155 5630 1278 5669 non
1303 5612 1482 5676 longe
1512 5616 1721 5671 addita
1742 5620 1927 5673 estex

327 5688 600 5766 antiquis
611 5686 858 5744 duobus
876 5684 1311 5743 libris.1bidem
1326 5684 1497 5744 Colb.
1513 5686 1667 5749 αὐτοὶ
1679 5694 1926 5746 ποιοῦσιν

721 5774 971 5837 Panos"
1004 5777 1106 5839 Gs.
1137 5776 1317 5842 XXXI.

1997 3309 2182 3367 quam
2209 3292 2477 3362 cogitare
2502 3304 2739 3352 eorum,
2769 3303 2907 3360 quae
2937 3286 3188 3343 minime
3213 3285 3552 3357 dirigantur
3578 3286 3662 3345 ad

1996 3382 2137 3439 ﬁdei
2161 3379 2650 3443 aediﬁcationem,
2678 3376 2920 3434 etiarnsi
2947 3375 3181 3433 bonum
3225 3392 3360 3432 esse
3396 3375 3660 3447 videtur,

1998 3473 2227 3530 nedum
2280 3485 2675 3544 eorum,qua3
2730 3465 3036 3541 prohibita
3080 3470 3241 3536 sunt,
3274 3471 3332 3524 et
3375 3469 3497 3525 Deo
3537 3483 3665 3527 non

1999 3562 2260 3637 placent.

2473 3665 2996 3724 INTERROGATIO
3038 3666 3196 3722 XXII.

2010 3777 2179 3838 Unde
2225 3779 2566 3834 nascuntur
2603 3774 2810 3844 turpia
2845 3774 2974 3901 tilla
3028 3773 3157 3831 visa
3207 3777 3386 3830 noctu
3433 3774 3669 3831 contin-

2727 3860 2837 3901 aen
2872 3860 2954 3901 ia.

2725 3860 2954 3917 gentia.
2978 3916 2979 3921 κ

2629 3950 3039 4010 RESPONSIO.

2080 4082 2418 4139 Nascuntur
2437 4080 2595 4134 certe
2620 4092 2696 4132 ex
2714 4075 3003 4135 absurdis
3029 4076 3296 4133 motibus
3324 4076 3586 4134 interdiu
3608 4077 3672 4135 in

2012 4170 2219 4229 animo
2267 4166 2780 4238 contingentibus.
2817 4167 2991 4233 Quod
3035 4165 3088 4222 si
3117 4166 3324 4225 anima
3360 4167 3423 4223 in
3453 4166 3555 4225 Dei
3578 4169 3678 4239 ju-

2011 4260 2183 4318 diciis
2216 4262 2538 4331 occupata,
2568 4256 2818 4313 extiterit
2863 4271 3039 4330 pura,
3071 4260 3254 4330 atque
3271 4272 3370 4314 res
3385 4256 3675 4314 honestas

2012 4357 2072 4408 et
2113 4353 2230 4406 Deo
2284 4347 2540 4422 placitas
2579 4345 2827 4403 assiduo
2883 4345 3180 4404 meditata
3241 4344 3439 4419 fuerit,
3491 4348 3676 4407 etiam

2016 4439 2194 4515 523
2222 4436 2527 4511 ejusmodi
2554 4435 2861 4493 insomnia
2883 4434 3154 4493 habebit.

1942 4579 1989 4632 D
2498 4580 3013 4638 INTERROGATIO
3043 4579 3203 4636 XXIII

2090 4673 2191 4731 Ea;
2208 4670 2550 4744 cujusmodi
2576 4669 2770 4728 verbis
2795 4671 3019 4726 otiosus
3042 4684 3235 4726 sei‘mo
3263 4667 3603 4740 judicetur.

2639 4776 3054 4837 BESPONSIO.

2096 4913 2161 4968 In
2183 4921 2425 4967 summa
2443 4905 2701 4967 verbum
2718 4918 2923 4975 omne,
2940 4902 3109 4980 quod
3129 4919 3255 4963 non
3284 4904 3424 4963 facit
3443 4904 3522 4963 ad
3540 4919 3681 4979 pro-

2100 5184 2181 5254 (6)
2220 5185 2362 5253 Reg.
2406 5177 2641 5254 primus
2683 5181 2883 5250 γίνεται
2927 5178 3017 5250 μὶν
3071 5177 3123 5232 ὁ.
3174 5174 3499 5249 Aliquanto
3548 5174 3724 5248 post.

2028 5249 2193 5313 idem
2224 5249 2340 5311 ωςῖ
2371 5249 2527 5306 τοῦτο
2556 5249 2855 5307 ἐπίστευσε.

2103 5328 2182 5399 (7)
2226 5329 2365 5399 Reg.
2398 5324 2654 5399 primus,
2682 5330 2877 5399 τιτῷν.
2916 5318 3089 5399 Editj,
3113 5339 3166 5373 τι
3195 5322 3312 5399 οῦτι
3351 5327 3473 5399 τῶν.

2104 5388 2183 5469 ξε)
2221 5388 2463 5469 Υοῖεινὶιε
2511 5388 2649 5452 duo
2680 5391 2819 5452 libri
2868 5408 3009 5450 cum
3040 5388 3209 5451 Voss.
3242 5391 3300 5445 ix
3328 5398 3427 5445 τῶν
3458 5388 3693 5464 μεθημε-

2034 5491 2064 5544 ρ
2074 5467 2187 5522 ινῶν
2220 5467 2529 5521 ἀλλοκότων.

2108 5545 2188 5613 (9)
2228 5544 2368 5612 Reg.
2412 5544 2646 5613 primus
2675 5542 2735 5595 et
2778 5539 2951 5613 Voss.
2993 5537 3024 5595 ἠ
3076 5535 3363 5613 ἀργολογία
3388 5533 3549 5590 ἐστίν.
3582 5529 3696 5590 Ibi-

2034 5608 2180 5679 dem
2207 5608 2342 5672 duo
2360 5608 2511 5677 mss.
2543 5613 2886 5689 προκειμένην
2916 5608 2966 5664 έν
2993 5608 3213 5684 Χριστῷ
3239 5611 3453 5684 χρείαν.

3238 5774 3308 5830 35
