4114 6380
284 254 418 306 1113

1410 241 1707 297 REGUL/E
1748 231 2045 294 BREVIUS
2084 241 2497 299 'l‘RAC'l‘ATziS.

3508 242 3643 299 1114

280 377 462 447 ἔφαγες
517 369 618 423 ἀπὸ
654 375 746 422 τοῦ
795 365 969 431 ξύλου,
1018 360 1077 418 οὗ
1131 363 1454 436 ἐνετειλάμην
1509 382 1595 416 σοι
1620 406 1635 434 ,
1689 364 1875 414 τούτου

1995 363 2200 416 uxoris
2219 369 2358 431 tuae,
2381 370 2437 420 et
2457 364 2764 421 comedisti
2789 363 2863 419 de
2883 365 3068 434 tigno,
3101 379 3176 421 ea:
3200 381 3307 437 quo
3336 367 3464 423 solo
3490 381 3646 438 pra-

280 467 438 535 μόνου
458 466 530 535 μὴ
563 466 762 533 φαγεῖν,
785 457 1164 531 ἑπικατάρατος
1192 456 1221 513 ἡ
1247 463 1306 514 τῆ
1341 454 1389 507 ἐν
1419 460 1529 515 τοῖς
1552 455 1731 527 ἕργοιυ
1758 468 1875 503 σου·

278 556 370 603 καὶ
399 553 466 603 τὰ
487 550 617 613 ἑξῆς.

849 658 1160 709 ΕΡΩΤΗΣΙΣ
1207 650 1315 706 ΜΖ’

494 766 554 820 Εἰ
593 762 677 818 δεῖ
712 771 821 826 τοῖς
858 763 1241 839 ἁμαρτάνουσιν
1283 760 1663 834 ἑφησυχάζειν.

898 875 1272 925 ΑΠΟΚΡΙΣΙΣ.

348 982 471 1037 Ὀτι
506 984 598 1055 μεν
626 980 684 1033 ού
724 975 823 1047 δεῖ,
858 981 1069 1053 φανερὸν
1102 976 1157 1030 ἐκ
1208 986 1309 1030 τῶν
1360 984 1451 1029 τοῦ
1497 978 1692 1048 Κυρίου
1732 992 1882 1046 προς-

277 1074 556 1144 ταγμάτων
619 1068 668 1121 ἐν
887 1076 948 1140 τῇ
1020 1066 1226 1137 Παλαιᾷ
1303 1067 1537 1138 Διαθήκη
1630 1063 1879 1123 εἰπόντος’

280 1160 507 1233 Ἐλεγμῷ
570 1156 788 1229 ἑλέγξεις
856 1160 943 1209 τὸν
1013 1156 1235 1214 πλησίον
1286 1175 1423 1222 σου,
1474 1159 1565 1207 καὶ
1618 1153 1676 1206 οὗ

280 1246 355 1302 δί’
411 1247 564 1300 αὐτὸν
626 1246 888 1322 ἁμαρτίαν
912 1266 925 1280 ο
987 1244 1036 1298 ἓν
1105 1242 1165 1298 δι
1234 1253 1307 1317 τῷ
1371 1243 1690 1316 Εύαγγελίῳ·
1765 1242 1880 1295 Ἐὰν

276 1336 482 1410 ἁμάρτῃ
532 1337 647 1407 (59)
701 1336 774 1398 εἰς
832 1338 889 1389 σε
947 1337 973 1388 6
1026 1331 1245 1407 ἀδελφός
1302 1353 1421 1402 σου,
1479 1333 1667 1405 ὕπαγε,
1733 1330 1878 1402 £7.37-

275 1425 359 1488 εον
427 1425 583 1478 αὐτὸν
659 1425 854 1498 μεταξύ
919 1432 1016 1477 σού
1093 1429 1182 1477 καὶ
1260 1424 1416 1477 αὐτού
1494 1427 1651 1496 μόνου
1677 1463 1691 1477 .
1763 1421 1880 1473 Ἐάν

275 1533 371 1568 σου
436 1512 635 1588 ἀκούση
664 1556 678 1580 ,
748 1510 1042 1590 ἐκέρδησας
1107 1518 1195 1566 τὸν
1277 1510 1496 1585 ἀδελφόν
1584 1532 1699 1565 σου·
1794 1509 1878 1563 ἐὰν

1990 463 2265 519 ceperam
2291 453 2420 520 tibi,
2435 468 2509 509 ne
2529 453 2878 518 comederes,
2894 454 3216 510 maledicta
3237 460 3402 513 terra
3424 458 3486 512 in
3508 471 3646 528 ope-

1990 540 2160 596 ribus
2181 543 2376 612 tuis",
2412 547 2469 598 et
2500 547 2735 599 caetera.

2455 649 2969 706 INTERROGATIO
3003 649 3186 705 XLVII

2187 760 2256 816 Si
2289 774 2431 830 erga
2468 774 2563 816 eos
2591 759 2699 831 qui
2713 763 2992 829 peccant,
3021 759 3320 818 silendum
3352 762 3451 818 sit.

2615 867 3024 924 RESPONSIO.

2061 974 2218 1031 Sane
2240 973 2410 1047 quod
2433 975 2551 1031 hoc
2578 974 2708 1031 ﬁeri
2726 989 2851 1030 non
2881 972 3121 1043 debeat,
3142 973 3532 1047 perspicuum
3558 980 3653 1033 est

1990 1078 2063 1120 ex
2088 1064 2404 1137 praeceptis
2435 1064 2690 1133 Domini,
2719 1063 2827 1136 qui
2855 1063 2917 1121 in
2948 1064 3135 1120 Veteri
3165 1063 3418 1136 quidem
3445 1068 3654 1122 Testa-

1989 1156 2197 1208 mento
2224 1151 2376 1208 dixit
2401 1154 2488 1207 2":
2539 1153 2931 1221 Correptione
2966 1153 3258 1222 corripies
3303 1157 3650 1222 proximum

1992 1247 2162 1297 tuum
2183 1260 2202 1296 :
2251 1248 2306 1298 et
2338 1258 2459 1299 non
2488 1243 2740 1314 accipies
2777 1248 3088 1309 peccatum
3114 1249 3371 1313 propter
3408 1244 3608 1313 ipsum
3637 1261 3651 1313 ;

1989 1330 2052 1386 in
2078 1332 2402 1401 Evangelio
2424 1348 2567 1389 vero
2581 1333 2650 1389 "z
2674 1333 2743 1388 Si
2756 1332 3098 1400 peccaverit
3113 1333 3178 1387 in
3196 1336 3252 1388 te
3265 1333 3473 1403 frater
3492 1340 3652 1403 tuus,

1993 1421 2162 1486 vade,
2198 1425 2435 1491 corripe
2467 1438 2601 1478 eum
2640 1422 2803 1478 inter
2839 1427 2896 1478 te
2923 1427 2976 1478 et
3023 1422 3213 1490 ipsum
3260 1422 3474 1477 solum.
3506 1422 3575 1478 Si
3601 1428 3659 1479 te

1993 1512 2281 1581 audierit,
2307 1513 2581 1569 lucratus
2601 1528 2657 1569 es
2677 1515 2932 1583 fratrem
2956 1518 3163 1582 tuum;
3179 1512 3233 1566 si
3244 1516 3446 1568 autem
3464 1516 3653 1567 tenon

272 1599 335 1657 δὲ
386 1608 458 1677 μὴ
519 1601 745 1677 ἀκούσῃ,
799 1602 1066 1679 παράλαϐε
1108 1606 1239 1676 μετὰ
1293 1609 1389 1655 σοῦ
1449 1604 1526 1655 ἔτι
1574 1601 1720 1661 ἓναῆ
1758 1596 1876 1665 δύο,

1995 1601 2279 1665 audierit,
2306 1602 2526 1659 adhibe
2552 1607 2743 1659 tecum
2765 1601 2967 1658 adhuc
2983 1617 3171 1657 unum
3192 1603 3287 1657 vel
3304 1600 3474 1671 duos,
3492 1607 3559 1657 ut
3586 1601 3653 1658 in

267 1696 359 1745 ἵνα
432 1691 516 1746 ἐπὶ
595 1697 859 1765 στόματος
926 1689 1024 1745 δύο
1099 1694 1377 1767 μαρτύρων
1430 1692 1459 1750 ἢ
1519 1699 1676 1767 τριῶν
1755 1709 1879 1743 στα-

268 1784 494 1840 θήσεται
560 1788 662 1837 πᾶν
718 1782 865 1856 ῥῆμα
920 1782 1056 1853 (60).
1126 1780 1244 1835 Ἐὰν
1303 1778 1363 1835 δι
1408 1783 1722 1858 παρακούσῃ
1793 1779 1882 1832 αύ-

261 1880 391 1944 τών,
471 1870 579 1925 εἰπε
646 1879 709 1944 τῇ
794 1871 1099 1945 Ἐκκλησία·
1178 1871 1262 1926 ἐὰν
1313 1868 1373 1924 6“:
1446 1876 1537 1925 καὶ
1625 1879 1716 1932 τῆς
1773 1869 1884 1924 Ἐκο

266 1961 498 2023 κλησίας
568 1963 905 2034 παρακούσῃ,
987 1964 1120 2014 ἔστω
1207 1980 1292 2014 σοι
1366 1960 1541 2037 ὣσπερ
1606 1962 1632 2012 6
1690 1958 1885 2021 ἐθνικὸς

271 2056 365 2105 καὶ
417 2050 638 2113 τελώνης
682 2049 884 2103 Ἠλίκον
933 2046 993 2104 δε
1050 2050 1162 2104 ἐστι
1212 2054 1271 2103 τὸ
1328 2058 1494 2126 κρῖμα
1561 2058 1654 2103 τοῦ
1708 2049 1882 2123 ἁμαρ-

271 2146 511 2215 τήματος
538 2142 747 2206 τούτου,
803 2140 980 2201 ἔξεστι
1009 2148 1199 2211 γνῶναι
1249 2149 1455 2214 πρῶτον
1503 2142 1593 2212 μεν
1650 2138 1702 2202 ἐξ
1760 2138 1885 2191 ἁπο-

273 2233 482 2304 φοὶσεως
538 2236 629 2281 τοῦ
690 2234 886 2303 Κυρίου
953 2228 1245 2292 καθολικῶς
1314 2229 1564 2292 εἰπόντος·
1627 2228 1685 2281 Ὀ
1744 2226 1887 2280 ἀπει-

274 2322 378 2373 θῶν
427 2326 501 2390 τῷ
558 2320 665 2390 Υἰῷ
717 2318 813 2371 οὐκ
870 2318 1053 2390 ὄψεται
1109 2324 1204 2378 τὴν
1262 2319 1423 2380 ζωήν·
1493 2317 1600 2371 ἀλλ’
1666 2320 1695 2376 ἡ
1752 2316 1879 2392 ὀργὴ

271 2408 365 2462 τοῦ
413 2413 544 2462 Θεοῦ
590 2414 732 2481 μενεῖ
782 2407 859 2461 ἄπ’
928 2408 1104 2461 αὐτόν·
1164 2411 1344 2462 ἔπειτα
1391 2412 1482 2461 καὶ
1539 2406 1592 2470 ἐξ
1641 2409 1884 2481 ἱστοριῶν

276 2501 325 2551 "tv
380 2517 434 2552 τε
481 2506 542 2572 τῇ
603 2497 811 2569 Παλαιᾷ
860 2503 951 2550 καὶ
996 2506 1057 2571 τῇ
1122 2506 1284 2572 Καινῇ
1337 2504 1513 2572 Γραφῆ
1575 2501 1881 2571 φερομένων.

277 2583 423 2640 Ἰδοὺ
463 2588 565 2660 γὰρ
620 2588 646 2639 ό
688 2591 780 2659 μεν
820 2584 1021 2661 Ἀχαρ,
1072 2589 1229 2646 ἡνίκα
1283 2585 1463 2658 ἔκλεψε
1508 2589 1602 2644 τὴν
1640 2584 1883 2658 γλῶσσαν

275 2681 374 2736 τήν
414 2684 630 2751 χρυσῆν
658 2676 749 2729 καὶ
786 2681 882 2735 τὴν
924 2676 1101 2747 ψιλὴν,
1135 2675 1221 2729 ἐπὶ
1251 2677 1363 2747 (61)
1413 2678 1586 2729 πάντα
1629 2675 1716 2728 τόν
1761 2674 1884 2728 λαὸν

272 2770 478 2839 γέγονεν
532 2765 660 2840 ὀργὴ
715 2770 931 2840 Κυρίου,
981 2770 1215 2837 καίτοιγε
1270 2766 1605 2838 ἀγνοήσαντα
1654 2770 1745 2818 καὶ
1797 2769 1884 2818 τὸν

275 2858 625 2930 ἡμαρτηκότα
685 2860 777 2909 καὶ
822 2858 882 2909 τό
942 2855 1249 2931 ἁμάρτημα,
1313 2860 1504 2931 μέχρις
1570 2856 1654 2908 ὅτε
1719 2853 1889 2928 ἔφανε-

280 2947 424 3020 ρώθη
470 2947 496 2998 6
549 2948 939 3022 προειρημένος,
998 2950 1090 2998 καὶ
1135 2947 1223 2998 τὸν
1273 2943 1486 3020 φοϐερόν
1533 2943 1721 2998 ἕκεῖνον
1775 2945 1888 3018 ἅμα

280 3040 416 3087 πᾶσι
448 3042 554 3099 τοῖς
599 3032 754 3097 ἰδίοις
782 3035 898 3108 (6‘!)
945 3035 1212 3108 ὑπέμεινεν
1263 3032 1488 3108 ὄλεθρον.
1551 3031 1608 3086 Ὀ
1658 3029 1718 3087 δι
1768 3033 1886 3087 ΙΙλεὶ

276 3128 464 3201 καὶπερ
527 3124 622 3179 ούκ
679 3124 1029 3197 ἑφησυχσίσας
1078 3131 1187 3187 τοῖς
1246 3122 1432 3177 ἑαυτοῦ
1494 3124 1644 3191 υἱοῖς,
1702 3123 1887 3187 οἵτινες

273 3220 413 3273 ἦσαν
461 3215 569 3267 υἱοὶ
623 3213 817 3287 λοιμοὶ,
874 3213 1120 3276 πολλάκις
1188 3209 1248 3266 δε
1306 3213 1481 3275 αὐτοῖς
1542 3217 1885 3287 παραινέσας,

269 3307 364 3356 καὶ
428 3302 620 3370 εἰπὼν,
684 3308 812 3371 Μὴ,
870 3306 1059 3374 τέκνα,
1122 3303 1219 3355 ούκ
1294 3302 1468 3375 ἀγαθὰ
1530 3302 1703 3356 ἀκούω
1769 3309 1887 3379 περὶ

267 3394 443 3468 ὑμῶν,
488 3396 579 3444 καὶ
621 3391 760 3465 λόγῳ
809 3392 1005 3445 πλείονι
1041 3396 1450 3457 κατασκευάσας
1487 3402 1579 3456 τῆς
1624 3414 1679 3447 τε
1721 3394 1886 3471 ἁμαρ-

267 3488 393 3546 τίας
445 3485 505 3535 τό
553 3483 746 3535 ἄτοπον
797 3486 889 3535 καὶ
944 3489 1036 3544 τῆς
1086 3487 1310 3557 κρίσεως
1358 3485 1417 3536 τὸ
1469 3485 1760 3556 ἄφευκτον,
1807 3486 1887 3537 ὅτι

267 3578 341 3649 μὴ
383 3573 511 3635 ὅλως
558 3569 852 3640 ἐξεδίκησε,
906 3569 1047 3646 undi
1109 3575 1193 3626 τόν
1245 3577 1510 3647 πρέποντα
1562 3573 1719 3634 ζῆλον
1769 3572 1885 3626 κατ’

269 3664 449 3717 αὐτῶν
520 3659 852 3731 ἐπεδείξατο,
935 3670 1183 3716 τοσοῦτον
1250 3663 1519 3738 παρώξυνε
1579 3668 1674 3722 τὴν
1730 3662 1886 3738 ὀργὴν

267 3764 365 3810 τοῦ
397 3759 549 3823 Θεοῦ,
582 3756 647 3817 ὡς
692 3759 781 3808 καὶ
826 3758 916 3807 τὸν
961 3753 1084 3807 λαόν
1127 3760 1236 3817 τοῖς
1290 3754 1427 3816 υἱοῖς
1476 3744 1637 3809 αὐτοῦ
1670 3775 1889 3808 συνανα-

265 3845 528 3916 λωθῆναι,
559 3850 650 3898 καὶ
696 3849 791 3904 την
826 3843 1046 3898 κιϐωτὸν
1090 3843 1252 3903 αὐτὴν
1296 3845 1396 3898 ὑπὸ
1439 3852 1537 3899 τῶν
1592 3844 1886 3919 ἀλλοφύλων

265 3934 559 4010 ληφθῆναι,
608 3941 701 3989 καὶ
758 3936 914 3989 αὐτόν
959 3934 1043 3988 ἐπί
1097 3937 1303 3999 τούτοις
1351 3936 1466 4008 (63)
1520 3935 1712 4011 οἰκτρῷ
1755 3936 1887 3989 τέλει

269 4028 661 4085 θανατωθῆναι.
708 4026 771 4079 Εἰ
815 4022 874 4078 δε
915 4028 1054 4079 κατὰ
1098 4033 1199 4079 τῶν
1242 4029 1313 4099 μὴ
1373 4030 1765 4098 συνεγνωκότων
1813 4035 1886 4079 τῶ

267 4115 672 4195 ἁμαρτήσαντι,
724 4115 816 4169 καί
867 4118 1003 4169 κατὰ
1066 4123 1166 4168 τῶν
1212 4115 1561 4169 κωλυσάντων
1602 4117 1738 4190 (64),
1796 4120 1887 4170 καὶ

265 4206 781 4283 διαμαρτυραμένων
838 4208 897 4258 τό
954 4205 1244 4279 ἁμάρτημα
1269 4245 1285 4274 ,
1352 4208 1586 4265 τοσαύτη
1650 4208 1680 4265 ἠ
1752 4205 1881 4280 ὀργὴ

1993 1706 2094 1748 ore
2129 1692 2388 1747 duorum
2421 1693 2515 1748 vel
2557 1692 2742 1748 trium
2774 1693 3011 1748 testium
3039 1696 3149 1748 stet
3179 1706 3353 1747 omne
3382 1689 3647 1748 verbum.

1995 1779 2165 1848 Quod
2192 1781 2246 1836 si
2282 1795 2404 1837 non
2446 1780 2712 1838 audierit
2739 1795 2857 1841 eos.
2898 1780 2996 1835 dic
3024 1779 3340 1845 Ecclesiae;
3371 1780 3425 1836 si
3449 1785 3647 1836 autem

1990 1870 2322 1927 Ecclesium
2344 1885 2579 1941 quoque
2603 1885 2722 1926 non
2739 1870 3023 1935 audierit,
3045 1870 3122 1925 sit
3154 1869 3265 1925 tibi
3288 1870 3443 1925 sicut
3459 1869 3653 1925 ethni-

1993 1974 2093 2016 cus
2127 1963 2183 2015 et
2208 1958 2593 2029 publicanus.
2644 1962 2827 2015 Porro
2856 1974 3046 2032 quam
3074 1973 3262 2029 grave
3290 1957 3367 2013 sit
3394 1956 3651 2028 hujusce

1995 2048 2224 2122 peccati
2246 2047 2817 2119 judicium,intelligi
2844 2051 3042 2121 potest
3069 2046 3268 2120 primo
3296 2044 3547 2120 quidem
3577 2062 3652 2103 ex

1994 2139 2288 2195 sententia
2320 2137 2574 2205 Domini,
2607 2138 2711 2210 qui
2742 2137 2803 2194 in
2832 2137 3187 2194 universum
3217 2136 3449 2193 dixit“:
3475 2136 3651 2204 Quis-

1995 2228 2127 2300 quis
2156 2243 2278 2283 non
2306 2227 2502 2283 obedit
2528 2228 2707 2290 Filio,
2741 2242 2863 2284 non
2905 2227 3120 2283 videbit
3151 2227 3335 2283 vitam
3362 2242 3376 2281 :
3426 2226 3531 2282 sed
3553 2227 3653 2282 ira

1995 2318 2107 2374 Dei
2133 2316 2392 2373 manebit
2417 2331 2599 2385 super
2618 2332 2780 2373 eum:
2805 2314 3023 2372 deinde
3049 2331 3125 2371 ex
3150 2314 3416 2371 historiis
3444 2314 3650 2385 etiam,

1978 2422 2132 2479 «quia
2163 2412 2291 2462 tum
2334 2406 2398 2461 in
2436 2404 2656 2474 Veteri,
2698 2410 2824 2462 tum
2852 2404 2916 2461 in
2960 2407 3127 2462 Nova
3171 2403 3479 2477 Scriptura
3507 2403 3657 2460 refe-

1993 2502 2229 2553 runtur.
2260 2498 2407 2551 Ecce
2436 2495 2594 2551 enim
2622 2494 2873 2567 quando
2908 2493 3108 2550 Achar
3133 2491 3366 2549 furatus
3410 2497 3504 2550 est
3546 2492 3655 2548 lin-

1995 2600 2179 2656 guam
2208 2600 2457 2642 auream
2487 2589 2544 2640 et
2566 2583 3021 2651 vestem,iratus
3048 2586 3137 2639 est
3164 2582 3459 2639 Dominus
3487 2580 3658 2638 omni

1993 2673 2241 2748 populo,
2288 2672 2472 2745 idque
2505 2677 2632 2729 tum
2671 2672 2901 2745 peccati
2931 2675 3261 2738 auctorem,
3285 2676 3413 2727 tum
3443 2686 3658 2744 pecca-

1993 2768 2125 2821 tum
2152 2763 2356 2836 ipsum
2379 2761 2704 2833 ignoranti,
2722 2760 2916 2818 donec
2937 2760 3204 2817 detectus
3223 2764 3381 2817 esset
3398 2759 3656 2831 is,enjus

1992 2860 2117 2932 jam
2160 2852 2321 2910 facta
2371 2858 2460 2909 est
2494 2851 2745 2919 mentio,
2788 2867 2860 2907 ac
2891 2850 3065 2923 431
3102 2849 3472 2908 horrendum
3503 2847 3657 2905 illud

1994 2942 2243 3000 exitium
2272 2957 2397 2998 una
2439 2957 2579 2997 cum
2610 2940 2736 2997 suis
2764 2939 3051 2997 omnibus
3093 2939 3374 2997 subiisset
3402 2941 3471 2995 ³⁷.
3528 2937 3657 2995 Heli

1994 3047 2157 3100 vero,
2206 3030 2444 3088 etiamsi
2482 3029 2718 3087 silentio
2765 3045 2891 3086 non
2931 3029 3111 3086 ferret
3152 3030 3309 3086 ﬁlios
3351 3045 3518 3098 suos,
3549 3029 3656 3103 qui

1995 3125 2164 3178 erant
2178 3120 2282 3176 ﬁlii
2295 3119 2656 3192 pestilentes,
2675 3117 2783 3175 sed
2799 3134 3220 3192 saepenumero
3245 3118 3655 3175 commonuis-

1997 3214 2087 3268 set
2109 3210 2300 3284 ipsos,
2327 3227 2399 3267 ac
2429 3210 2678 3266 dixisset
2696 3210 2779 3265 "z
2811 3209 3179 3293 Nolite/itii,
3207 3224 3327 3265 non
3360 3208 3514 3265 bona
3543 3224 3653 3266 au-

1995 3302 2095 3359 dio
2115 3302 2189 3357 de
2224 3301 2417 3371 vobis;
2455 3300 2720 3373 itemque
2747 3298 3019 3373 longiore
3040 3314 3318 3356 sermone
3340 3302 3397 3356 et
3423 3297 3655 3372 peccati

1995 3392 2437 3450 absurditatem
2463 3397 2521 3448 et
2539 3389 2940 3448 inevitabilem
2961 3389 3532 3448 condemnationem
3554 3405 3658 3463 pa-

1994 3480 2315 3549 tefecisset,
2345 3481 2640 3554 quoniam
2671 3484 2878 3537 tamen
2908 3496 3030 3537 non
3061 3480 3303 3554 penitus
3331 3479 3496 3536 ultus
3527 3479 3655 3536 fue-

1993 3576 2105 3639 rat,
2138 3585 2335 3643 neque
2371 3570 2434 3626 in
2468 3585 2571 3626 eos
2612 3570 2957 3626 ostenderat
2992 3569 3277 3625 idoneam
3322 3568 3656 3626 aemulatio-

1994 3676 2158 3728 nem,
2191 3659 2345 3717 adeo
2365 3658 2748 3731 exasperavit
2765 3658 2918 3715 iram
2941 3658 3063 3728 Dei,
3086 3663 3150 3714 ut
3167 3664 3223 3714 et
3242 3657 3505 3731 populus
3534 3673 3656 3715 una

1995 3767 2136 3808 cum
2160 3748 2310 3807 ﬁliis'
2342 3750 2531 3823 ipsius
2566 3750 2967 3822 interemptus
3013 3748 3103 3817 sit,
3146 3751 3203 3803 et
3231 3753 3410 3820 capta
3458 3747 3531 3804 sit
3572 3747 3652 3804 ab

1994 3841 2346 3913 alienigenis
2378 3857 2520 3897 arca
2549 3840 2703 3914 ipsa,
2743 3844 2802 3897 et
2844 3840 2974 3913 ipse
3017 3854 3260 3913 quoque
3303 3838 3655 3895 miseranda

1993 3938 2186 3988 morte
2216 3930 2520 3987 interierit.
2547 3930 2715 3996 Quod
2747 3929 2797 3985 si
2831 3929 3126 3986 adversus
3156 3944 3261 3985 eos
3284 3927 3390 4002 qui
3414 3927 3653 3984 sceleris

1993 4020 2221 4078 auctori
2252 4018 2481 4076 conscii
2504 4034 2628 4075 non
2648 4019 2910 4087 fuerunt,
2934 4017 3057 4074 imo
3082 4018 3188 4091 qui
3212 4017 3653 4092 prohibuerunt

1994 4116 2332 4186 peccatum,
2388 4115 2447 4166 et
2506 4108 2922 4166 testimonium
2987 4108 3305 4165 reddidere
3361 4108 3654 4165 adversus

1992 4201 2164 4269 illud,
2207 4201 2294 4258 ira
2325 4204 2490 4257 tanta
2518 4198 2760 4266 exarsit,
2792 4197 3013 4271 ecquid
3041 4197 3180 4271 quis
3210 4197 3408 4254 dicere
3440 4198 3656 4270 poterit

262 4296 549 4364 ἐξεκαύθη,
603 4300 656 4349 τί
701 4297 763 4349 ἄν
812 4314 894 4356 τις
954 4297 1091 4346 εἴποι
1162 4299 1280 4368 περί
1356 4303 1457 4348 τῶν
1522 4300 1881 4368 γινωσκόντων

1995 4292 2070 4348 de
2098 4292 2170 4347 iis
2197 4290 2302 4363 qui
2334 4289 2553 4361 sciunt,
2585 4294 2642 4346 et
2673 4294 2879 4346 tamen
2908 4288 3367 4346 conticescunt?
3393 4288 3500 4352 Qui
3524 4287 3654 4361 qui-

260 4393 358 4442 καὶ
404 4385 895 4458 ἑφησυχαζόντωνς
951 4384 1152 4444 Οῖτινες
1197 4382 1281 4436 ἐὰν
1313 4388 1385 4457 μὴ
1430 4380 1791 4448 ἐπιδείξωνται
1820 4388 1884 4438 τὰ

339 4530 392 4568 ³³
436 4531 579 4587 Gen.
607 4545 690 4594 ιιι.
724 4533 813 4587 17.

259 4625 312 4662 ³ο
354 4624 379 4678 Ι
415 4622 562 4692 Reg.
579 4635 641 4691 ιι,
664 4622 755 4676 24.

361 4751 457 4815 59)
491 4746 655 4801 Unus
676 4759 791 4817 ms.
817 4743 901 4797 ἐὰν
931 4742 1238 4817 ἁμαρτήσῃ.

336 4749 457 4882 (59)
491 4749 655 4801 Unus
676 4759 791 4826 ms.
817 4749 901 4797 ἐὰν
931 4749 1238 4871 ᾱμῆρτήσῃ.
1559 4813 1570 4823 ¹

364 4818 461 4889 60)
494 4819 639 4887 Reg.
679 4819 1030 4890 primuspt
1066 4815 1388 4890 oss._0'rueji
1421 4818 1522 4890 πᾷν
1544 4823 1711 4889 papa.

335 4883 454 4964 (61)
482 4883 730 4964 Antiqui
757 4886 1036 4964 duoqlibri
1064 4890 1122 4942 et
1143 4883 1328 4964 editio
1349 4883 1755 4964 raptam?
1785 4890 1876 4939 καὶ

258 4957 357 5026 τὴν
378 4957 594 5028 στολὴν,
612 4957 714 5015 ἐπί.
736 4958 847 5016 Alii
867 4960 991 5015 duo
1012 4975 1160 5031 mss.
1186 4960 1403 5031 praeter
1430 4957 1597 5031 voss.
1619 4962 1678 5031 et
1705 4960 1875 5017 Com-

255 5036 384 5095 bef.
439 5027 678 5109 χρυσῆν,
732 5036 823 5109 καὶ
877 5031 971 5091 τὴν
1017 5027 1213 5109 ψιλῄνξ
1252 5028 1357 5109 ἐπί.
1418 5027 1608 5109 Editio
1630 5030 1875 5109 ‘Veneta

253 5099 602 5185 utramque
632 5104 954 5185 lectionem
983 5099 1239 5185 praefert,
1280 5099 1461 5185 sicut
1493 5100 1558 5185 in
1591 5106 1876 5185 contextu

251 5172 702 5308 ga?)e.ii:£-‘I'Jtli¥,
728 5175 790 5231 in
815 5172 1089 5245 margine
1113 5189 1257 5231 vero
1284 5172 1490 5232 στολήν.
1525 5173 1678 5243 Lege
1698 5178 1874 5231 notas

312 5270 350 5308 ο
403 5268 421 5308 ι
452 5265 512 5305 ιι.

254 5246 512 5310 Nobilif.

330 5325 444 5393 (62)
471 5318 677 5393 Codex
704 5319 871 5393 Voss.
911 5321 1065 5371 παισὶ
1093 5323 1198 5379 τοῖς
1227 5309 1406 5386 ἰδίοις,
1438 5333 1563 5393 una
1583 5333 1718 5375 cum
1748 5315 1872 5375 suis

248 5389 492 5468 pueris.
543 5391 696 5449 Editi
727 5396 784 5448 et
810 5389 933 5468 duo
963 5406 1111 5468 mss.
1144 5405 1255 5468 pro
1280 5393 1437 5468 παισί
1455 5390 1684 5468 habent
1714 5396 1870 5468 πᾶσι.

254 5460 440 5526 Haud
457 5462 640 5534 longe
656 5480 774 5519 vox
794 5463 899 5516 υἱοί
922 5461 1127 5519 addita
1142 5460 1312 5517 estex
1329 5460 1519 5517 tribus
1539 5460 1868 5518 codicibus.

253 5534 543 5599 Subinde
578 5552 732 5610 mss.
775 5539 910 5610 tres,
940 5550 1100 5610 eum
1122 5534 1293 5610 voss.
1334 5534 1867 5610 αὐτῇς-παραινέσας.

252 5616 408 5684 Reg.
434 5606 741 5666 secundus
765 5606 1019 5682 perinde
1041 5608 1108 5664 ut
1126 5602 1266 5663 editi
1286 5603 1500 5670 αύτούς.
1514 5602 1639 5665 Hoc
1653 5606 1790 5680 ipso
1808 5605 1870 5663 in

911 4527 959 4564 "
1001 4526 1181 4584 Levii.
1213 4542 1329 4599 xxx,
1371 4530 1456 4583 t7.

1557 4526 1605 4563 ³⁵
1645 4528 1851 4586 Matth.
1892 4542 2062 4599 xvm,
2100 4529 2282 4582 iii-t7.

1992 4381 2157 4450 dem,
2188 4380 2308 4436 nisi
2329 4397 2399 4436 ea
2429 4378 2817 4453 priestiterint
2840 4394 2978 4451 quae
3010 4377 3091 4435 ab
3116 4376 3405 4451 Apostolo
3436 4377 3516 4434 ad
3547 4377 3655 4434 Co-

2389 4525 2437 4561 ²⁶
2475 4526 2645 4581 toan.
2683 4538 2768 4595 ιιι,
2815 4527 2904 4580 36.
3010 4520 3054 4556 ³⁷
3094 4523 3279 4578 Josue
3322 4536 3422 4590 vn,
3460 4524 3647 4576 21-26.

1989 4741 2126 4800 loco
2150 4741 2341 4799 codex
2363 4738 2536 4797 Voss.
2568 4742 2678 4806 Μὴ,
2711 4741 2882 4808 τέκνα,
2911 4739 3035 4804 υἱοὶ,
3067 4739 3140 4810 μὴ
3176 4734 3372 4809 ἀγαθοί.

2053 4816 2164 4887 (63)
2195 4817 2336 4887 Reg.
2369 4813 2624 4886 primus,
2655 4820 2747 4865 τοῦ
2790 4807 2961 4887 Θεοῦ,Δ
2988 4807 3123 4862 ὥστε
3167 4807 3256 4887 καὶ
3290 4813 3385 4868 τὴν
3419 4807 3642 4887 κιϐωτὸν

1983 4880 2075 4940 τού
2106 4894 2240 4941 Θεοῦ
2282 4880 2571 4958 ληφθῆναι,
2609 4880 2702 4938 καὶ
2749 4885 2835 4935 τόν
2876 4880 3309 4958 λαόγῌτοῡ-Θεοῦ
3357 4888 3467 4943 τοίς
3509 4883 3642 4958 υἱοῖς

1982 4958 2145 5011 αὐτοῦ
2202 4951 2626 5015 συναναλωθῆναι
2675 4955 2775 5008 ὑπὸ
2822 4962 2919 5007 τῶν
2969 4951 3279 5025 ἀλλοφύλων,
3341 4957 3430 5005 καὶ
3482 4952 3640 5004 αὐτόν

1982 5028 2067 5083 ἰπὶ
2097 5032 2319 5092 τούτοις.
2368 5027 2563 5084 Codex
2594 5027 2778 5084 Voss.
2840 5029 2927 5078 τόν
2969 5024 3106 5077 λαὸν)
3140 5032 3230 5077 τοῦ
3272 5031 3432 5079 Θεοῦ.
3457 5066 3469 5079 .
3493 5066 3505 5080 .
3543 5028 3640 5083 τὴν

1981 5101 2202 5155 κιϐωτόν
2242 5100 2568 5159 ἀναλωθῆναί
2596 5119 2652 5152 τε
2677 5103 2767 5151 καὶ
2797 5097 2971 5152 αὐτόν.

2053 5174 2166 5245 (64)
2197 5176 2338 5245 Reg.
2374 5172 2824 5245 primus_manu
2852 5167 3182 5245 recentiore
3230 5175 3331 5245 τῶν
3369 5171 3440 5245 μὴ
3468 5165 3639 5245 κωλυ-

1984 5238 2202 5297 σάντων·
2224 5238 2345 5316 sevd
2374 5238 2734 5316 particulam
2774 5238 3332 5316 negantem‘inepte
3364 5238 3637 5316 additam

1980 5333 2115 5372 esse
2138 5310 2625 5388 videntfopinor,
2658 5310 2891 5388 omnes.
2918 5310 3189 5388 l1_)_i_enim
3216 5310 3535 5388 sermons}
3565 5310 3643 5388 de

1981 5387 2143 5461 Heli;
2175 5381 2371 5460 deque
2398 5381 2641 5461 reliquis
2671 5386 2804 5461 eius
2833 5383 3152 5461 similibus,
3180 5382 3285 5461 qui
3314 5381 3642 5461 prohibent

1978 5452 2228 5532 quidem
2258 5452 2594 5533 peceatum,
2628 5452 2735 5513 sed
2779 5455 3041 5513 mollius.
3075 5452 3219 5511 Mox‘
3237 5452 3382 5524 Reg.
3426 5452 3637 5509 tertius

1979 5531 2192 5591 τοιαύτη
2228 5531 2442 5607 ἡίόργή.
