4114 6386
358 251 490 306 1117

1473 247 1770 301 ιὶΕϋυίδιΕ
1814 245 2106 300 BREVIUS
2143 248 2552 305 ΤΗΑῌΤΑἸἎΕ.

3587 255 3720 310 1118

347 374 805 448 μετεωριζόμενος,
862 371 962 424 ἀπὸ
1024 377 1115 423 τοῦ
1175 377 1328 440 Θεοῦ,
1390 375 1480 422 καὶ
1533 374 1590 422 τό
1649 371 1812 432 πάθος
1839 378 1934 431 τῆς

2084 368 2353 435 aborare,
2387 373 2782 445 animumque
2815 375 3033 432 habere
3065 393 3098 432 a
3123 378 3240 431 Deo
3272 378 3708 440 abalienatum,

348 468 649 538 περπερείας
668 468 757 516 καὶ
786 463 835 516 ἐν
865 461 1062 521 αεύτοῑς
1087 460 1288 513 ὐτε).έσι
1318 459 1679 536 πληροφορῶν.

918 663 1231 712 ΕΡΩΤΗΣΙΣ
1253 654 1376 711 ΝΑ’.

870 772 931 820 Τί
963 764 1074 818 ἐστι
1102 763 1258 818 Ῥακά
1285 765 1425 836 (72).

965 878 1341 930 ΑΠΟΚΡΙΣΙΣ.

423 979 736 1051 Ἐπιχώριον
783 978 930 1052 ῥῆμα
1001 979 1291 1053 ἠπιωτέρας

354 1068 692 1142 οἰκειοτέρους
715 1066 1121 1140 λαμϐανόμενον.
1195 1093 1198 1100 ·

982 1181 1258 1228 ΕΡΩΤΗΣΙ
1266 1181 1296 1228 Σ
1307 1216 1320 1231 .

349 1287 449 1333 Τοῦ
509 1280 828 1352 Ἀποστόλου
885 1279 1123 1352 λέγοντος
1173 1283 1298 1334 ποτε
1336 1282 1449 1352 μὲν,
1511 1301 1538 1352 ς(
1571 1283 1657 1352 Μὴ
1689 1280 1956 1352 γινώμεθα

419 1353 532 1420 (73)
563 1348 848 1414 κενόδοξοι·
882 1373 909 1401 n
940 1346 1064 1404 ποτε
1095 1348 1172 1419 δε,
1217 1374 1246 1403 ‹‹
1277 1346 1363 1410 Mi)
1395 1350 1443 1405 ἐν
1502 1346 1956 1422 ὀφθαλμοδουλεία

417 1418 555 1505 (Ίβ),
583 1424 649 1484 ὡς
679 1422 1129 1505 ἀνθρωπάρεσκοι,
1159 1418 1188 1475 ιι
1245 1428 1323 1484 τίς
1361 1423 1388 1476 6
1440 1418 1730 1488 κενόδοξος,
1754 1427 1845 1476 καὶ
1876 1418 1954 1482 τίς

417 1492 444 1547 6
463 1492 914 1570 ἀνθρωπάρεσκος.

1375 976 1590 1050 ὕϐρεως,
1651 978 1781 1050 πρὸς
1833 979 1954 1037 τοὺς

968 1678 1345 1726 ΔΠΟΚΡΙΣΙΣ.

417 1779 739 1852 Λογίζομαι,
771 1780 854 1832 ὃτι
891 1775 1165 1843 κενόδοξος
1220 1783 1310 1852 μέν
1340 1778 1483 1834 ἔστιν
1514 1780 1561 1847 ό,
1591 1777 1748 1850 ψιλῆς
1795 1781 1956 1832 ἕνεκεν

344 1877 442 1931 τῆς
472 1867 520 1920 ἐν
549 1873 732 1941 κόσμῳ
762 1865 943 1936 δόξης,
976 1877 1066 1930 τῆς
1094 1872 1239 1942 παρά
1278 1877 1378 1921 τῶν
1430 1870 1661 1944 ὁρώντων
1691 1870 1720 1928 ἦ
1774 1867 1956 1921 ἀκουό-

346 1979 495 2028 ντων,
522 1967 683 2011 ποιῶν
729 1978 780 2011 τι
812 1959 842 2017 ἢ
890 1958 1070 2031 λέγων·
1105 1957 1540 2034 ἀνθρωπάρεσκος
1573 1955 1632 2011 δὲ
1681 1960 1706 2010 ὁ
1745 1961 1870 2030 πρὸς
1895 1962 1952 2009 τό

349 2047 546 2121 θέλημά
605 2067 742 2111 τινος
790 2047 1065 2124 ἀνθρώπου
1117 2043 1182 2110 εἶς
1231 2047 1502 2123 ἀρέσκειαν
1562 2047 1720 2101 αὐτοῦ
1767 2055 1949 2114 ποιῶν,

345 2137 438 2191 κᾶν
458 2137 670 2211 ἀτιμίας
695 2138 838 2202 ἀξιον
919 2143 979 2192 τὸ
1011 2142 1299 2212 γινόμενον.

917 2430 1232 2478 ΕΡΩΤΙΙΣΙΣ
1259 2424 1377 2479 NF.

347 2537 435 2608 Τίς
475 2531 612 2586 ἐστιν
779 2535 803 2585 ὁ
831 2533 1101 2607 μολυσμὸς
1143 2543 1234 2595 τῆς
1285 2536 1496 2608 σαρκός,
1531 2536 1619 2584 καὶ
1650 2535 1731 2593 τίς
1781 2533 1806 2584 6
1852 2551 1950 2604 μο-

416 2604 608 2678 λυσμὸς
647 2612 738 2656 τοῦ
764 2604 1069 2678 πνεύματος·
1111 2610 1200 2658 καὶ
1250 2604 1364 2667 πῶς
1410 2607 1577 2656 αὐτῶν
1617 2605 1948 2678 καθαρεύσο-

416 2674 524 2748 μενί
566 2677 597 2737 ἢ
644 2696 725 2740 τις
772 2679 798 2729 6
845 2674 1131 2750 ἁγιασμὸς·
1163 2682 1385 2738 καὶπῶς
1431 2676 1588 2730 αὑτὸν
1619 2674 1946 2748 κτησόμεθα.

969 2861 1340 2909 ΑΙΙΟΚΡΙΣΙΣ.

421 2960 693 3035 Μολυσμος
723 2961 782 3013 ἂν
815 2967 890 3020 εἴη
926 2967 1120 3038 σαρκός
1166 2965 1256 3034 μὲν
1296 2965 1353 3014 τό
1415 2960 1800 3034 ἀναμίγνυσθαι
1844 2969 1953 3022 τοῖς

349 3049 694 3124 αὐτουργοῡσι
750 3053 862 3123 (76)
901 3055 965 3105 τὰ
1014 3051 1432 3126 ἀπηγορευμένα,
1465 3055 1755 3123 πνεύματος
1795 3049 1854 3103 δὲ
1897 3055 1952 3104 τὸ

347 3135 647 3217 ἀδιαφορείν
674 3146 805 3216 πρὸς
832 3146 953 3204 τοὺς
979 3143 1291 3216 φρονοῦντας
1330 3142 1360 3200 ἡ
1416 3149 1690 3202 ποιοῦντας
1729 3143 1796 3192 τά
1851 3159 1955 3192 τοι-

344 3228 497 3282 αὔτα.
526 3233 810 3304 Καθαρεύει
833 3228 893 3284 δέ
921 3233 1160 3300 τις,ίό’ταν
1184 3231 1491 3304 ἀνάσχηται
1520 3239 1611 3284 τοῦ
1637 3229 1954 3282 Ἀποστόλου

342 3318 580 3378 εἰπόντος
634 3327 706 3389 τῷ

1986 3279 2027 3334 C

802 3323 1020 3390 τοιούτῳ
1096 3318 1235 3392 μηδὲ
1317 3322 1629 3387 συνεσθίειν,
1703 3325 1791 3372 καὶ
1855 3321 1956 3372 ὅσα

341 3412 580 3457 τοιαῦταο
624 3406 651 3464 ἣ
713 3407 831 3458 ὅταν
892 3409 1029 3479 πάθη
1086 3412 1144 3459 τό
1199 3409 1460 3480 εἰρημένον
1491 3411 1590 3461 ὑπὸ
1624 3416 1714 3460 τοῦ
1763 3405 1950 3461 Δαϐιδι

339 3495 567 3566 Ἀθυμία
621 3500 858 3568 κατέσχε
907 3516 970 3570 με
1012 3495 1112 3548 ἀπὸ
1163 3496 1481 3572 ἁμαρτωλῶν
1511 3506 1611 3549 τῶν
1638 3496 1956 3570 ἓγκαταλιμ-

340 3586 600 3636 πανόντων
656 3587 744 3637 τόν
799 3589 954 3658 νόμον
999 3604 1114 3638 σου·
1147 3590 1237 3638 καὶ
1275 3584 1442 3643 λύπην
1498 3588 1743 3642 τοιαύτην
1837 3583 1956 3637 ἐνεί-

342 3673 519 3740 ξηται,
583 3675 694 3725 οἵαν
750 3671 1082 3738 ἐπεδείξαντο
1152 3675 1266 3748 (77)
1348 3677 1396 3728 οἱ
1453 3676 1737 3750 Κορίνθιοι,
1803 3676 1956 3728 ὁπότε

341 3761 714 3832 ἐνεκλήθησαν,
748 3765 828 3816 ὅτι
886 3769 1017 3838 πρὸς
1070 3767 1156 3816 τόν
1208 3767 1592 3838 ἁμαρτήσαντα
1649 3761 1950 3838 ἀδιαφόρως

341 3849 673 3920 διετέθησαν,
730 3851 778 3904 ἐν
829 3859 983 3906 παντὶ
1052 3859 1414 3916 συστήσαντες
1489 3853 1704 3916 ἑαυτοὺς
1770 3853 1954 3926 ἀγνοὺς

341 3937 469 3994 εἶναι
500 3940 549 3994 ἐν
587 3962 658 4015 τῳ
680 3945 972 4018 πράγματι.
1007 3943 1297 4017 ’Λγιασμὸς
1331 3939 1390 3996 δέ
1415 3942 1528 3997 ἐστι
1557 3948 1615 3995 τό
1649 3942 1955 3996 ἀνακεῖσθαι

857 4032 901 4050 ’ν

849 4054 899 4096 ες

337 4125 492 4172 παντὶ
540 4131 730 4196 καιρῷ,
767 4119 860 4174 διά
914 4121 1190 4196 φροντίδος
1238 4129 1328 4176 καὶ
1377 4120 1616 4185 σπουδῆς
1669 4131 1767 4176 τῶν
1813 4123 1955 4196 αὐτῷ

339 4039 412 4102 τῷ
479 4032 612 4104 ἀγίῳ
679 4038 787 4105 Θεῴ
849 4032 901 4096 ἐξ
976 4033 1278 4108 ὁλοκλήρου,
1366 4039 1451 4086 καὶ
1511 4030 1850 4094 ἀδιαστάτως
1907 4032 1955 4086 ἐν

337 4208 680 4285 ἀρεσκόντων.
714 4215 783 4263 Τό
805 4231 858 4263 τε
887 4215 989 4287 γάρ
1020 4212 1368 4286 λελωϐημένον
1396 4212 1444 4265 ἐν
1484 4221 1589 4275 τοῖς
1616 4211 1949 4286 ἀναθήμασιν

337 4295 715 4373 ἀπρόσδεκτον,
776 4306 866 4352 καὶ
925 4303 981 4352 τὸ
1036 4300 1176 4363 ἅπαξ
1242 4301 1481 4354 ἀνατεθὲν
1545 4310 1617 4374 τῷ
1665 4307 1773 4374 Θεῷ
1832 4303 1955 4374 (78)

336 4387 408 4450 εἰς
445 4392 621 4445 κοινὴν
651 4397 739 4440 καί
771 4388 1098 4461 ἀνθρωπίνην
1129 4398 1332 4465 χρῆσιν
1387 4390 1571 4443 ﬂexus
1621 4388 1800 4453 ἀσεϐὲς
1860 4397 1954 4445 καὶ

336 4475 623 4549 ἀτόλμητον
647 4477 784 4550 (79).

1983 4551 2029 4606 D

2060 462 2117 512 et
2143 461 2558 516 ostentationis
2600 463 2736 518 vitio
2765 465 2826 519 in
2869 465 3014 535 ipsis
3035 466 3217 522 etiam
3266 468 3446 524 rebus
3494 468 3710 526 vilibus

2060 545 2394 618 indulgere.

2563 657 2914 714 lNTERItOG
2936 661 3081 716 \TIO
3138 661 3224 716 LI.

2622 768 2774 826 Quid
2793 770 2868 823 sit
2900 769 3065 825 Raca
3092 769 3160 824 ³⁸⁵.

2689 878 3104 934 RESPONSIO.

2134 981 2536 1038 Vernaculum
2589 983 2842 1040 verbum
2896 990 3005 1050 est,
3036 986 3472 1044 contumeliam
3522 986 3728 1044 mitio-

2063 1084 2194 1126 rem
2215 1070 2588 1140 signiﬁcans,
2622 1073 2789 1144 quod
2812 1089 2955 1144 erga
2985 1075 3318 1133 familiares
3375 1080 3726 1148 usurpatur.

2565 1183 3080 1239 INTERROGATIO
3116 1186 3225 1242 LII.

2066 1268 2216 1343 Cum
2247 1269 2574 1337 Apostolus
2613 1271 2798 1338 dicat,
2830 1275 3006 1329 modo
3039 1275 3322 1343 quidem:
3345 1293 3373 1327 ‹
3405 1275 3541 1330 Νοη
3594 1275 3728 1343 effi-

2137 1341 2373 1396 ciamur
2400 1343 2602 1398 inanis
2637 1344 2854 1412 gloria,-
2898 1341 3110 1412 cupidi
3136 1347 3217 1412 31;
3254 1369 3282 1395 n
3312 1346 3486 1402 modo
3536 1341 3676 1402 vero
3711 1364 3725 1401 :

2138 1432 2164 1461 α
2188 1413 2324 1489 _N0n
2355 1414 2436 1469 ad
2483 1414 3137 1489 oculumAservientes.
3168 1419 3342 1489 quasi
3380 1417 3725 1474 hominibus

2128 1484 2375 1570 ptacere
2403 1483 2705 1570 studentes
2733 1486 2779 1520 ³⁸
2799 1500 2821 1558 ;
2844 1489 2976 1570 quis
3007 1494 3092 1543 est
3118 1483 3320 1570 inanis
3362 1489 3578 1570 αἰωνίῳ
3626 1503 3727 1570 cu-

2132 1555 2335 1622 pidus,
2368 1561 2424 1611 et
2448 1558 2580 1628 quis
2611 1563 2714 1629 est,
2750 1555 3115 1630 qui—placere
3142 1555 3482 1615 hominibus
3503 1558 3723 1614 studet.

2693 1666 3098 1723 RESPONSIO.

2137 1771 2440 1843 Cupidum
2487 1771 2737 1844 quidem
2790 1773 2986 1830 inanis
3036 1773 3242 1845 gloria:
3283 1773 3542 1830 arbitror
3590 1788 3727 1829 esse

2066 1875 2228 1926 eum,
2261 1861 2367 1932 qui
2397 1861 2477 1916 ob
2523 1867 2764 1918 tenuem
2808 1864 3022 1919 mundi
3053 1863 3331 1933 gloriam,
3365 1879 3402 1918 a
3433 1867 3726 1935 spectato-

2063 1949 2231 2004 ribus
2279 1956 2383 2005 aut
2422 1951 2500 2007 ab
2530 1951 2912 2008 auditoribus
2963 1953 3409 2025 accipiendam,
3443 1952 3584 2008 facit
3615 1951 3722 2007 ali-

2063 2039 2211 2110 quid
2236 2045 2343 2095 aut
2369 2041 2514 2096 dicit
2540 2058 2554 2108 ;
2586 2041 2926 2098 studiosum
2949 2059 3092 2098 vero
3143 2040 3563 2114 complacendi
3615 2039 3721 2096 ho-

2063 2128 2332 2185 minibus
2361 2146 2501 2187 eum
2539 2131 2645 2203 qui
2699 2132 2776 2186 ad
2808 2132 3062 2203 alicujus
3089 2132 3354 2187 hominis
3379 2131 3722 2197 arbitrium,

2063 2218 2178 2291 ipsi
2222 2219 2572 2290 placiturus,
2605 2220 2833 2292 aliquid
2885 2220 3395 2292 peragit,etiamsi
3439 2220 3502 2275 id
3553 2218 3724 2292 quod

2063 2308 2337 2377 efficitur,
2365 2310 2438 2365 sit
2468 2309 2804 2379 ignominia
2835 2310 3118 2380 dignum.

2440 2417 2616 2491 433
2652 2421 3167 2476 INTERROGATIO
3211 2419 3342 2474 Lm.

2065 2525 2378 2592 Quodnam
2407 2527 2481 2580 sit
2508 2526 3029 2598 inquinamentum
3081 2527 3307 2594 carnis,
3338 2530 3394 2582 et
3418 2524 3723 2598 quodnam

2133 2599 2210 2651 sit
2261 2599 2513 2669 spiritus
2568 2595 3137 2669 iiu'quinamentum,
3188 2603 3245 2654 et
3301 2595 3594 2669 quoinodo
3648 2595 3725 2651 ab

2135 2670 2278 2738 ipsis
2338 2670 2738 2740 purgabimus
2790 2673 3233 2740 nosmetipsos:
3281 2676 3389 2726 aut
3445 2683 3582 2740 qum
3639 2672 3726 2724 est

2131 2743 2557 2809 sanctimonia,
2586 2747 2642 2798 et
2686 2744 2979 2814 quomodo
3048 2745 3241 2812 ipsam
3293 2741 3720 2810 adipiscamur.

2690 2850 3100 2906 RESPONSIO.

2138 2955 2346 3010 Carnis
2402 2954 2649 3027 quidem
2696 2954 3228 3027 inquinamentum
3267 2954 3463 3022 fuerit,
3493 2950 3725 3009 admis-

2066 3044 2184 3099 ceri
2208 3043 2280 3098 iis
2319 3044 2424 3115 qui
2470 3048 2711 3112 patrant
2751 3043 3056 3116 prohibita
3090 3062 3102 3098 :
3157 3045 3402 3117 spiritus
3435 3057 3599 3109 vero,
3631 3039 3724 3095 in-

2065 3131 2441 3188 differentem
2500 3148 2637 3188 esse
2669 3147 2814 3202 erga
2845 3149 2949 3189 eos
2979 3133 3084 3206 qui
3118 3133 3264 3190 talia
3313 3133 3597 3196 sentiunt,
3622 3132 3727 3184 aut

2067 3227 2383 3295 peragunt.
2419 3222 2611 3277 Purus
2664 3227 2754 3278 est
2783 3228 2987 3280 autem
3036 3221 3279 3296 aliquis,
3325 3237 3466 3278 cum
3520 3218 3728 3276 obedit

2065 3311 2378 3386 Apostolo,
2404 3311 2510 3384 qui
2541 3311 2690 3368 dixit
2712 3315 2779 3382 39,
2806 3328 2881 3368 ne
2903 3311 3106 3368 cibum
3129 3312 3375 3386 quidem
3403 3327 3544 3368 cum
3567 3311 3728 3381 ejus-

2066 3402 2230 3458 modi
2255 3400 2504 3457 homine
2527 3401 2894 3458 sumendum
2919 3418 3079 3471 esse,
3106 3408 3162 3457 et
3181 3417 3563 3475 quaecunque
3585 3403 3727 3456 sunt

2064 3491 2125 3547 in
2154 3491 2316 3547 hanc
2357 3493 2716 3552 sententiam
2745 3510 2758 3559 ;
2807 3496 2914 3548 aut
2941 3508 3081 3547 cum
3113 3492 3175 3547 in
3223 3508 3287 3547 se
3317 3491 3529 3548 sentiet
3555 3489 3726 3563 quod

2065 3595 2102 3636 a
2133 3579 2356 3636 Davide
2386 3580 2614 3636 dictum
2640 3585 2732 3637 est
2761 3583 2842 3636 ‘0:
2880 3582 3145 3638 Tedium
3176 3584 3364 3638 tenuit
3393 3597 3488 3638 me
3515 3597 3553 3638 a
3592 3595 3727 3650 pec-

2066 3670 2370 3726 catoribus
2401 3670 2959 3741 derelinquentz’bus
2992 3672 3177 3742 legem
3206 3676 3396 3734 tuam,
3420 3670 3725 3742 talemque

2065 3758 2418 3815 maestitiam
2447 3759 2797 3827 ostenderit,
2831 3760 3074 3832 qualem
3104 3759 3500 3816 ostenderunt
3525 3758 3726 3815 Corin-

2066 3849 2190 3921 thii,
2220 3849 2464 3922 quando
2489 3849 2638 3921 ipsis
2671 3848 2811 3906 vitio
2842 3847 3054 3906 datum
3074 3856 3184 3917 est,
3212 3849 3381 3922 quod
3408 3863 3554 3918 erga
3582 3863 3724 3904 eum

2065 3938 2171 4011 qui
2219 3943 2594 4012 peccaverat,
2635 3937 2874 3996 fuerant
2931 3938 3339 3996 indifferenter
3387 3937 3584 3995 affecti
3623 3936 3720 4006 _“:

2067 4027 2369 4102 siquidem
2399 4028 2460 4085 in
2489 4029 2777 4086 omnibus
2817 4029 3116 4087 testiﬁcati
3159 4034 3300 4088 sunt
3327 4045 3389 4086 se
3415 4029 3478 4086 in
3520 4044 3592 4084 eo
3622 4043 3723 4084 ne-

2067 4121 2229 4194 gotio
2246 4137 2432 4194 puros
2458 4118 2672 4179 fuisse.
2699 4120 3112 4178 Sanctimonia
3141 4126 3346 4179 autem
3372 4126 3481 4192 est,
3515 4117 3722 4176 addic-

2065 4216 2198 4268 tum
2223 4229 2355 4269 esse
2382 4215 2502 4268 Deo
2528 4215 2738 4269 sancto
2759 4212 3010 4284 integre,
3039 4218 3097 4270 et
3124 4213 3535 4270 indesinenter
3555 4211 3726 4270 omni

2067 4305 2356 4375 tempore,
2397 4301 2493 4373 iis,
2524 4319 2662 4376 qua)
2700 4301 2820 4375 ipsi
2887 4306 3138 4375 accepta
3190 4308 3353 4369 sunt,
3411 4301 3722 4368 curandis,

2066 4387 2504 4462 diligenterque
2531 4388 2806 4459 agendis.
2839 4391 2992 4446 Nam
3021 4389 3190 4464 quod
3231 4391 3581 4448 mutilatum
3613 4396 3719 4462 est,

2063 4493 2454 4551 nequaquam
2507 4478 2802 4552 accipitur
2830 4477 2984 4535 inter
3026 4495 3198 4536 sacra
3238 4479 3440 4547 dona;
3475 4486 3532 4536 et
3559 4482 3722 4552 quod

2064 4567 2252 4624 semel
2278 4567 2628 4625 dedicatum
2668 4574 2756 4625 est
2805 4571 2943 4639 Deo,
2975 4569 3034 4622 in
3085 4584 3478 4624 communem
3508 4574 3565 4624 et
3615 4569 3725 4624 hu-

2051 4673 2308 4714 manum
2335 4674 2518 4714 usum
2545 4657 2835 4714 reducere
2860 4656 3119 4730 impium
3142 4661 3231 4713 est
3250 4663 3306 4714 et
3325 4655 3720 4714 horrendum.

406 4783 454 4818 3‘
493 4781 694 4839 Matth.
728 4798 782 4851 γ,
816 4785 906 4838 22.
986 4782 1028 4816 ³⁷
1072 4779 1272 4838 Galat.
1306 4795 1369 4850 ν,
1399 4783 1489 4838 26.
1567 4780 1616 4816 ³⁸
1654 4779 1876 4854 Ephes.
1918 4795 1951 4840 ν

2155 4784 2205 4818 ³³
2245 4783 2267 4837 ι
2305 4783 2440 4842 Cor.
2472 4799 2533 4852 ν,
2579 4788 2664 4840 H.
2741 4784 2790 4818 ‘0
2828 4781 2983 4839 Psal.
3013 4798 3204 4850 cum,
3242 4786 3330 4840 53.
3409 4784 3454 4818 ιι
3498 4783 3545 4839 ll
3581 4782 3721 4840 Cor.

335 4886 432 4943 vn,
474 4875 562 4928 11.

405 4997 516 5072 (72)
549 4995 700 5072 Editi
727 5000 956 5072 etunus
983 4996 1307 5071 ω8.ῥακκά.
1326 4995 1436 5072 .tlii
1455 4994 1580 5053 duo
1598 5011 1748 5052 mss.

406 5069 689 5142 (73}1ies;
724 5068 958 5142 Ρνίαψε
984 5073 1070 5142 Μὴ
1113 5068 1403 5142 remeet)?-

404 5138 515 5209 (74)
542 5136 957 5213 _Codei_Co_lb.
994 5140 1040 5192 ἐν
1073 5136 1320 5213 ὀφθαλμῷ
1343 5136 1597 5213 δουλείαςἼ
1632 5143 1760 5199 Mox
1793 5145 1936 5213 Reg.

331 5211 639 5287 secundus
663 5210 913 5284 perinde
937 5218 1004 5287 _u_t
1033 5210 1175 5268 editi
1200 5210 1361 5265 ποιῶν
1384 5233 1436 5265 τι
1469 5218 1560 5266 καί
1591 5212 1772 5287 λέγων.
1824 5210 1940 5271 ΑΠὶ

331 5286 448 5337 tres
479 5299 628 5339 mss.
662 5281 822 5336 ἶτοιῶν
854 5301 904 5333 τι
924 5282 952 5341 ἧ
975 5281 1158 5354 (λέγοιεν.

403 5356 514 5428 (75)
556 5355 798 5428 Antiqui
824 5359 942 5428 tres
969 5353 1110 5411 libri
1162 5369 1242 5420 τὶς
1275 5357 1435 5414 ἐστιν.
1486 5357 1638 5415 Εάίίί
1672 5364 1724 5412 τί
1772 5357 1936 5417 ἐστιν.

333 5425 534 5499 Statim
571 5425 726 5482 editi'
742 5435 846 5487 πῶς
880 5426 1062 5499 «6:00.
1116 5429 1354 5485 Veteres
1390 5430 1516 5486 duo
1551 5429 1688 5488 libri
1746 5430 1935 5499 αὐτῶν,

329 5497 567 5578 rectius.
600 5498 1034 5578 Ibidem‘Colb.
1058 5502 1481 5578 καθαρεύωμεν,
1511 5502 1650 5578 _H_oc
1690 5502 1826 5578 ipso
1874 5497 1938 5560 in

330 5524 567 5555 ι-τςυιιυδ.
600 5524 830 5557 [Diuum
852 5524 1017 5556 UUlU-
1058 5524 1368 5577 κασαρευσω
1411 5524 1481 5559 εν.
1523 5524 1650 5560 Hoc
1690 5524 1726 5578 ι]

329 5566 466 5625 loco
499 5570 623 5628 duo
651 5587 800 5628 mss.
832 5571 863 5631 ἢ
894 5576 974 5635 τίς
1013 5572 1038 5623 ό
1071 5570 1348 5644 ἁγιασμὸς.
1370 5524 1524 5641 Editi
1555 5575 1585 5636 ἣ
1609 5576 1726 5632 τιό.

2123 5002 2237 5070 (76)
2278 5001 2422 5069 Reg.
2450 4998 2685 5072 primus
2721 5006 2825 5072 τοῖς
2843 4997 3156 5072 αὐτουργεῖν
3185 4998 3459 5072 pelle-eat.

2143 5067 2234 5140 77)
2277 5067 2478 5126 Codei
2533 5070 2702 5127 Colb.
2740 5067 3090 5134 ἐπιδείξηται,
3132 5067 3244 5122 οἷαν
3294 5067 3577 5133 ἐδείξαντο.
3611 5071 3721 5128 lbi-

2051 5143 2188 5198 dem
2229 5145 2368 5212 Reg.
2403 5141 2636 5212 primus
2678 5142 3028 5201 ἐνεκλὴθησαν
3079 5142 3181 5198 ὅτε.
3230 5144 3358 5198 Mox
3399 5142 3554 5198 alius
3604 5159 3717 5198 ms.

2051 5212 2355 5293 ἀδιαφόρως
2369 5216 2665 5293 ’προσετέθη
2681 5234 2794 5269 σαν.

2121 5283 2428 5358 (78)Ἐ(1111
2459 5283 2694 5338 ἀνατιθεν
2745 5294 2816 5357 τῷ
2847 5295 2961 5357 Θεῷ
2995 5284 3236 5358 Antiqui
3289 5289 3409 5342 tres
3437 5284 3574 5342 libri
3599 5285 3722 5340 ἀνα·

2051 5361 2215 5414 τεθέν.

2121 5431 2232 5502 (79)
2272 5429 2578 5486 Editiones
2605 5429 2816 5501 prisca:
2860 5429 3127 5502 perinde
3166 5432 3245 5502 ut,
3280 5427 3420 5502 duo
3459 5445 3605 5484 mss.
3630 5435 3720 5482 καὶ

2050 5500 2358 5576 ἀτόλμητον,
2393 5499 2782 5576 horrendum.
2825 5499 2946 5559 non
3002 5499 3368 5576 audendum.
3404 5501 3545 5571 Reg.
3595 5502 3719 5574 pri-

2047 5573 2187 5631 mus
2220 5580 2277 5630 et
2305 5575 2474 5633 Voss.
2506 5579 2597 5628 καὶ
2623 5573 2904 5650 τολμηρόν.
2937 5575 3352 5634 temerarium.
