4114 6376
455 380 589 437 Ηὲῗ

1835 367 1897 426 S.
1937 367 2184 425 BASILII
2227 366 2448 425 MAGNI

3685 372 3828 427 H28

448 519 619 563 veam
649 499 865 559 cadent
881 499 950 555 αθ.
974 498 1044 554 Et
1072 494 1264 553 multa
1282 494 1710 567 hujuscemodi
1731 492 1947 567 poterit
1972 491 2111 565 quis

2226 496 2316 544 καὶ
2376 489 2423 544 ἓν
2477 499 2585 556 τοῖς
2639 491 2999 566 Εὗαγγελίοις,
3053 495 3145 547 καὶ
3200 494 3344 569 παρὰ
3398 501 3471 566 τῷ
3524 492 3829 568 Ἀποστόλῳ

445 592 717 651 invenire
752 595 882 646 tum
903 589 963 645 in
994 585 1356 655 Evangeliis,
1378 589 1505 641 tum
1534 584 1700 658 apud
1730 581 2107 657 Apostolum.

450 686 598 742 Cum
621 696 765 738 vero
777 679 857 736 ob
879 695 952 735 ea
970 692 1108 752 quae
1128 675 1188 732 in
1203 678 1496 748 potestate
1510 680 1718 731 nostra
1729 674 1927 747 posita
1947 676 2109 739 sunt,

451 771 783 831 offenditur
802 768 959 842 quis,
983 770 1088 822 aut
1117 764 1476 821 scandalum
1508 763 1752 836 patitur,
1770 767 1913 819 tunc
1940 777 2113 817 revo-

451 860 652 919 canda
677 862 817 915 sunt
846 856 906 912 in
945 853 1306 911 memoriam
1333 853 1460 908 haec
1491 848 1727 907 Demini
1767 850 1844 906 ad
1878 853 2112 906 Petrum

448 950 659 1018 verba,
691 946 942 1022 quando
965 943 1148 1001 dixit:
1180 943 1345 1014 Ergo
1373 943 1549 998 liberi
1575 946 1715 998 sunt
1743 942 1893 1011 filii;
1914 946 1978 996 ut
2007 955 2115 996 au-

450 1046 567 1098 tem
592 1056 715 1096 non
738 1036 1215 1094 scandalizemus
1237 1049 1351 1105 eos,
1374 1034 1676 1103 profectus
1697 1031 1778 1088 ad
1795 1045 1964 1087 mare
1982 1031 2115 1086 mit-

450 1136 508 1188 te
542 1130 829 1187 hamum:
860 1129 913 1182 et
939 1140 1072 1182 eum
1096 1123 1328 1194 piscem
1360 1122 1467 1193 qui
1483 1122 1718 1190 primus
1749 1119 2113 1184 ascenderit,

450 1221 642 1277 tolle:
670 1222 957 1287 etaperto
986 1229 1086 1271 ore
1115 1217 1263 1283 ejus,
1292 1213 1555 1269 invenies
1584 1216 1862 1268 staterem
1885 1223 1909 1282 ,°
1936 1211 2113 1266 illum

449 1308 805 1377 sumens,da
825 1306 906 1362 eis
924 1320 1038 1375 pro
1060 1317 1152 1359 me
1170 1308 1223 1358 et
1246 1302 1381 1367 te“,
1402 1302 1542 1356 item
1566 1317 1703 1373 quae
1727 1300 1806 1355 ab
1827 1298 2114 1372 Apostolo

449 1398 531 1456 ad
554 1396 890 1456 Corinthios
913 1393 1136 1466 scripta
1156 1397 1296 1448 sunt
1319 1392 1414 1448 his
1435 1391 1665 1447 verbis:
1688 1391 1828 1447 Non
1854 1387 2113 1447 mandu-

450 1489 597 1545 cabo
624 1501 867 1543 carnem
901 1486 964 1540 in
996 1490 1309 1549 aeternum,
1332 1496 1408 1538 ne
1431 1482 1694 1551 fratrem
1718 1495 1913 1537 meum
1943 1496 2115 1537 scan-

449 1577 802 1641 dalizem'“;
838 1590 907 1630 ac
938 1588 1183 1629 rursus:
1208 1572 1448 1627 Bonum
1474 1578 1556 1627 est
1589 1587 1712 1627 non
1741 1570 2118 1627 manducare

449 1681 718 1731 carnem,
751 1670 805 1720 et
836 1679 957 1719 non
989 1662 1185 1718 bibere
1205 1662 1436 1728 vinum,
1464 1676 1654 1732 neque
1677 1662 1741 1716 in
1770 1675 1887 1732 quo
1913 1659 2117 1730 frater

450 1762 590 1811 tuus
619 1754 969 1825 offenditur,
996 1758 1104 1809 aut
1132 1751 1616 1819 scandalizatur,
1638 1754 1745 1806 aut
1761 1750 2119 1818 inﬁrmatur

2225 581 2367 654 εὕροι
2409 600 2491 646 τις
2535 584 2618 637 άν.
2649 582 2810 637 Ὅταν
2856 578 2916 637 δι
2962 581 3046 637 ἐπὶ
3092 590 3203 653 τοῖς
3248 581 3298 637 ἐν
3339 581 3555 657 ἐξουσίᾳ
3599 586 3830 661 ἡμετέρᾳ

2223 673 2476 744 κειμένοις
2525 676 2831 747 προσκόπτῃ
2882 692 2982 740 τις,
3025 673 3055 732 ἦ
3101 668 3543 742 σκανδαλίζηται,
3576 673 3649 737 εἰς
3696 672 3828 728 ἀνά-

2225 779 2417 832 μνησιν
2462 759 2623 813 ἐλθεῖν
2668 757 2753 814 δεῖ
2793 764 2910 815 τότε
2955 770 3056 815 τῶν
3091 769 3183 815 τοῦ
3230 766 3425 838 Κυρίου
3455 763 3534 835 (5)
3572 767 3701 837 πρὸς
3737 768 3827 817 τὸν

2225 854 2418 926 Πέτρον
2463 851 2737 926 ῥημάτων,
2779 850 3045 914 εἰπόντος·
3096 849 3235 927 Ἀρα
3275 871 3336 925 γε
3392 849 3646 927 ἐλεύθεροί
3695 853 3828 908 εἰσιν

2224 943 2275 993 οἱ
2322 943 2468 994 υἱοί·
2519 944 2602 995 ἱνα
2650 938 2709 996 δὲ
2757 947 2829 1016 μὴ
2883 940 3313 1017 σκανδαλίσωμεν
3361 943 3581 1011 αὐτοὺς,
3632 964 3827 1021 πορευ-

2227 1032 2331 1092 θεὶς
2384 1030 2453 1093 εἰς
2511 1035 2606 1091 τὴν
2668 1031 2973 1105 θάλασσαν,
3037 1032 3166 1107 βάλε
3220 1035 3546 1110 ἄγκιστρον,
3601 1037 3691 1087 καὶ
3740 1038 3827 1087 τὸν

2226 1118 2573 1174 ἀναϐαίνοντα
2629 1123 2706 1193 (6)
2773 1130 2975 1198 πρῶτον
3055 1122 3212 1195 ἰχθῦν
3286 1117 3409 1198 ἆρον
3447 1143 3461 1157 ·
3525 1128 3617 1178 καὶ
3682 1122 3827 1178 ἀνοί-

2225 1210 2317 1274 ξας
2382 1214 2440 1263 τὸ
2509 1214 2680 1284 στόμα
2741 1211 2941 1279 αὐτοῦ,
2998 1213 3238 1285 εὑρήσεις
3304 1222 3581 1289 auriga.
3640 1211 3825 1268 insi-20v

2223 1299 2390 1354 λαϐὼν
2415 1344 2428 1370 ,
2487 1298 2577 1363 δός
2640 1302 2819 1364 αὐτοῖς
2880 1299 2993 1355 ἀντὶ
3050 1300 3174 1375 ἐμοῦ
3235 1307 3325 1356 καὶ
3381 1311 3475 1356 σοῦ
3500 1325 3513 1338 ·
3577 1310 3664 1357 καὶ
3722 1314 3821 1358 τῶν

2223 1399 2315 1443 τοῦ
2372 1390 2692 1445 Ἀποστόλου
2740 1395 2872 1466 πρὸς
2930 1394 3236 1465 Κορινθίους
3277 1395 3622 1468 γραμμάτων,
3658 1393 3704 1446 ἓν
3745 1397 3822 1458 οἷς

2225 1500 2424 1553 φησιν⁸
2471 1481 2547 1534 Οὐ
2599 1486 2671 1555 μὴ
2733 1484 2881 1554 φάγω
2933 1486 3059 1555 κρέα
3116 1482 3186 1545 εἰς
3233 1487 3321 1535 τὸν
3376 1489 3567 1553 αἰῶνα,
3615 1485 3697 1537 ἱνα
3748 1491 3818 1559 μὴ

2223 1574 2310 1623 τόν
2373 1567 2592 1644 ἀδελφόν
2658 1590 2760 1645 μου
2827 1568 3165 1624 σκανδαλίσω
3193 1592 3206 1607 ο
3263 1578 3352 1627 καὶ
3406 1572 3598 1627 πάλιν·
3661 1573 3826 1628 Καλόν

2224 1663 2284 1713 τὸ
2342 1664 2413 1733 μὴ
2472 1667 2651 1733 φαγεῖν
2701 1653 2853 1735 κρέα,
2909 1658 3051 1735 μηδὲ
3102 1669 3237 1715 πιεῖν
3286 1661 3448 1730 οἶνον,
3496 1658 3639 1737 μηδί
3689 1662 3737 1716 ἐν
3788 1664 3828 1736 ᾧ

2226 1750 2252 1802 ό
2317 1747 2533 1822 ἀδελφός
2599 1769 2694 1803 σου
2757 1754 3110 1826 προσκόπτει,
3179 1753 3209 1812 ἦ
3283 1748 3729 1818 σκανδαλίζεται,
3794 1754 3824 1814 ᾖ

447 1846 519 1901 ⁷³.
554 1846 751 1911 Quam
780 1847 986 1899 autem
1016 1840 1415 1897 metuendum
1438 1840 1517 1896 sit
1540 1840 1599 1895 in
1626 1839 1719 1910 iis,
1751 1854 1888 1912 qum
1912 1838 2116 1894 viden-

2230 1837 2451 1895 ἀσθενεῖ.
2495 1836 2674 1901 Ὀπως
2706 1835 2767 1893 δέ
2804 1839 2916 1893 ἔστι
2965 1839 3177 1916 φοϐερόν
3222 1845 3279 1894 τὸ
3325 1840 3409 1895 ἐπὶ
3438 1849 3542 1904 τοῖς
3584 1840 3633 1894 ἓν
3677 1842 3830 1908 ἐξου-

447 1938 546 1990 tur
565 1933 681 1989 sita
710 1948 844 1989 esse
868 1932 929 1988 in
953 1934 1251 2004 potestate
1273 1935 1503 1998 nostra,
1527 1928 1843 2002 aspernari
1868 1927 2117 1984 fratrem

448 2023 554 2095 qui
576 2021 657 2078 ob
679 2021 813 2078 haec
835 2018 1125 2078 seandalo
1147 2018 1425 2085 afﬁcitur,
1460 2018 1725 2074 ostendit
1742 2021 2116 2091 praeceptum

451 2111 714 2175 Domini,
744 2110 849 2182 qui
878 2111 938 2165 in
983 2107 1337 2164 universum
1385 2107 1668 2181 prohibet
1709 2105 1890 2179 438
1934 2121 2117 2162 omne

449 2199 729 2257 scandali
759 2214 973 2270 genus,
1002 2214 1073 2255 ae
1102 2197 1346 2253 dicit”:
1391 2197 1595 2254 Videte
1611 2211 1688 2253 ne
1717 2197 2116 2253 contemnatis

444 2304 635 2346 unum
664 2304 739 2346 ea:
765 2289 857 2345 his
873 2288 1124 2358 pusillis
1144 2302 1166 2343 .'
1192 2287 1327 2344 dico
1349 2287 1508 2343 enim
1532 2285 1717 2355 vobis,
1739 2288 1882 2358 quia
1911 2284 2121 2356 angeli

445 2391 655 2433 eorum
669 2391 902 2446 semper
918 2376 1126 2432 vident
1139 2376 1358 2445 faciem
1375 2375 1587 2431 Patris
1602 2375 1736 2446 mei,
1751 2375 1860 2446 qui
1871 2376 1933 2429 in
1950 2373 2117 2431 catis

447 2471 556 2524 est.
578 2467 735 2533 Quin
778 2471 834 2523 et
863 2466 1026 2522 idem
1056 2470 1313 2522 testatur
1341 2464 1697 2539 Apostolus,
1729 2465 1835 2537 qui
1866 2463 2118 2537 quidem

450 2555 640 2613 modo
664 2555 866 2612 dicit“
892 2574 907 2612 :
941 2556 1061 2613 Sed
1090 2556 1202 2612 hoc
1221 2556 1500 2624 judicate
1526 2556 1742 2626 magis,
1773 2570 1848 2611 ne
1873 2555 2118 2624 ponatis

449 2646 884 2716 oﬂ‘endiculum
899 2645 1114 2715 fratri,
1127 2646 1223 2702 vel
1237 2644 1597 2701 scandalum
1608 2643 1829 2701 .‘modo
1846 2659 1986 2699 vero
2000 2643 2119 2699 hoc

450 2734 741 2793 delictum
762 2733 1181 2791 vehementius
1201 2732 1499 2790 interdicit
1516 2732 1837 2789 verborum
1862 2747 2119 2805 appara-

449 2830 521 2883 tu
548 2823 854 2894 uberiore,
884 2822 992 2880 ubi
1033 2824 1113 2879 ait
1141 2844 1154 2878 :
1184 2822 1252 2879 Si
1290 2824 1425 2895 quis
1471 2828 1627 2879 enim
1658 2823 1877 2879 viderit
1907 2828 1982 2889 te,
2016 2822 2123 2894 qui

452 2915 635 2973 habes
655 2915 994 2978 scientiam,
1006 2914 1072 2969 in
1089 2913 1274 2969 idolio
1289 2912 1752 2982 recumbentem,
1769 2927 1971 2969 nonne
1986 2927 2120 2968 con-

449 3003 704 3062 scientia
725 3006 874 3073 ejus,
889 3004 997 3075 qui
1010 3003 1292 3071 inﬁrmus
1309 3007 1415 3069 est,
1429 3002 1834 3071 aediﬁcabitur
1853 3001 1934 3057 ad
1953 3016 2121 3058 man-

448 3092 802 3151 ducandum
818 3091 1157 3162 idolothyta
1170 3094 1199 3147 ?
1216 3091 1295 3146 Et
1308 3091 1530 3161 peribit
1546 3092 1826 3160 infirmus
1834 3091 2040 3161 frater
2051 3091 2119 3146 in

2228 1934 2318 2001 σία
2354 1930 2563 1981 κεῖσθαι
2595 1925 2818 1983 δοκοῦσι
2862 1936 3108 2005 περιορᾷν
3147 1934 3235 1983 τόν
3281 1928 3500 2005 ἀδελφὸν
3535 1929 3830 1986 σκανδαλι-

2227 2017 2438 2090 ζόμενον
2486 2016 2534 2070 ἐν
2586 2018 2791 2081 τούτοῖς
2830 2019 2931 2090 (⁸7),
2983 2015 3218 2072 δείκνυσι
3260 2024 3351 2094 μὲν
3403 2023 3434 2080 ἠ
3489 2029 3583 2076 τοῦ
3632 2028 3830 2096 Κυρίου

2224 2106 2587 2182 παραγγελία,
2653 2106 2877 2161 καθόλου
2937 2108 3109 2161 πάντα
3175 2106 3573 2186 σκανδαλισμοῦ
3639 2116 3830 2186 τρόπον

2227 2193 2675 2269 ἀπαγορεύοντος,
2738 2200 2829 2250 καὶ
2892 2196 3133 2270 λέγοντος
3164 2218 3179 2232 ο
3244 2198 3429 2274 Ὀρᾶτε
3510 2206 3583 2276 μὴ
3660 2221 3832 2256 κατα-

2226 2290 2519 2362 φρονήσητε
2595 2286 2705 2349 ἐνὸς
2776 2294 2877 2339 τῶν
2942 2296 3142 2364 μικρῶν
3217 2292 3410 2342 τούτων
3443 2310 3457 2325 ο
3524 2290 3656 2365 λέγω
3728 2295 3829 2371 γὰρ

2225 2376 2347 2448 ὑμῖν
2372 2419 2388 2446 ,
2443 2376 2525 2428 ὅτι
2589 2378 2639 2428 οἱ
2706 2375 2919 2449 ἄγγελοι
2984 2376 3154 2431 αὐτῶν
3216 2374 3504 2444 διαπαντὸς
3571 2380 3833 2457 βλέπουσι

2224 2466 2284 2517 τὸ
2349 2468 2629 2539 πρόσωπον
2690 2472 2784 2519 τοῦ
2846 2471 3053 2541 Πατρός
3108 2487 3244 2541 μου,
3302 2476 3395 2523 τοῦ
3453 2469 3502 2523 ἕν
3566 2472 3827 2547 οῦροωοῖς.

2227 2561 2500 2630 Μαρτυρεῖ
2538 2550 2597 2608 δὲ
2644 2560 2734 2608 καὶ
2773 2557 2799 2608 ὁ
2848 2555 3168 2620 ’Λπόστολος
3214 2558 3291 2630 (8)
3336 2558 3496 2633 λέγων
3534 2566 3659 2617 ποτε
3695 2568 3787 2638 μέν
3812 2585 3826 2600 ·

2231 2643 2387 2697 Ἀλλὰ
2440 2652 2594 2698 τοῦτο
2632 2650 2842 2721 κρίνατε
2898 2645 3090 2719 μᾶλλον
3115 2689 3128 2715 ,
3174 2650 3233 2701 τὸ
3285 2653 3356 2723 μὴ
3408 2652 3604 2705 τιθέναι
3653 2659 3829 2728 πρόσ-

2229 2753 2409 2807 κομμα
2472 2742 2545 2806 τῷ
2623 2731 2830 2809 ἀδελφῷ
2897 2735 2927 2795 ἣ
3000 2733 3294 2791 σκάνδαλον
3328 2759 3342 2773 ·
3417 2744 3541 2793 ποτε
3605 2737 3666 2794 δὲ
3733 2739 3830 2796 διὰ

2227 2828 2600 2898 περισσοτέρας
2665 2832 3000 2888 κατασκευῆς
3077 2824 3422 2903 σφοδρότερον
3498 2828 3829 2907 ἀπαγορεύων

2227 2916 2287 2966 τό
2336 2914 2549 2982 ἄτοπον,
2580 2909 2654 2967 δι’
2703 2915 2771 2967 ὧν
2814 2934 3011 2988 φησιν·
3053 2917 3170 2971 Ἐὰν
3212 2920 3313 2993 γάρ
3360 2939 3440 2983 τις
3483 2917 3578 2995 ἴδῃ
3622 2925 3699 2989 σε,
3741 2928 3831 2976 τὸν

2229 3004 2423 3075 ἔχοντα
2485 3011 2678 3076 γνῶσιν
2711 3046 2725 3071 ,
2794 3002 2843 3056 ἕν
2911 3001 3156 3078 εἰδωλείῳ
3221 3013 3590 3084 κατακείμενον
3619 3053 3639 3083 ,
3704 3013 3832 3086 οὐχὶ

2228 3094 2259 3151 ἠ
2352 3090 2659 3155 συνείδησις
2741 3093 2904 3147 αὐτοῦ
2989 3093 3239 3159 ἀσθενοῦς
3317 3102 3461 3161 ὄντος
3540 3098 3827 3177 οἰκοδομη-

448 3191 558 3242 tua
576 3184 853 3253 scientia,
873 3189 1124 3253 propter
1141 3196 1314 3254 quem
1346 3181 1624 3238 Christus
1649 3188 1925 3237 mortuus
1948 3182 2115 3239 est”.

2233 3184 2452 3241 θήσεται
2513 3182 2581 3244 εἰς
2634 3185 2694 3236 τό
2754 3185 2821 3236 τὰ
2873 3181 3197 3239 εἰδωλόθυτα
3252 3186 3486 3258 ἒσθίειν;
3546 3195 3637 3244 καὶ
3696 3189 3830 3245 ἁπο-

451 3272 684 3340 Quibus
707 3272 781 3329 ad
785 3271 1013 3344 jungit:
1033 3272 1135 3329 Sic
1157 3277 1355 3328 autem
1377 3277 1693 3341 peccantes
1713 3272 1777 3327 in
1796 3273 2048 3341 fratres,
2064 3277 2118 3328 et

444 3364 852 3435 percutientes
868 3361 1292 3418 conscientiam
1311 3375 1514 3417 eorum
1527 3362 1856 3430 inﬁrmam,
1867 3364 1930 3417 in
1945 3361 2120 3419 Chri-

450 3457 612 3509 stum
627 3451 908 3522 peccatis.
935 3451 1338 3521 QuaprOpter,
1360 3450 1415 3506 si
1433 3465 1566 3507 esca
1584 3451 1965 3509 scandalizat
1989 3451 2121 3521 fra-

456 3552 607 3600 trem
629 3556 848 3605 meum.
872 3556 995 3597 non
1035 3539 1417 3598 manducabo
1445 3556 1686 3598 carnem
1713 3543 1774 3597 in
1803 3546 2114 3606 aeternum,

453 3646 532 3690 ne
551 3633 818 3703 fratrem
856 3645 1050 3687 meum
1090 3630 1589 3687 scandalizem".
1630 3632 1698 3688 Et
1732 3630 1850 3688 alio
1878 3631 1940 3687 in
1982 3630 2117 3688 loco

452 3725 782 3796 postquam
802 3719 983 3776 dixit:
1008 3721 1105 3775 An
1131 3734 1237 3790 ego
1259 3721 1422 3776 solus
1443 3725 1499 3776 et
1519 3719 1842 3777 Barnabas
1871 3736 1992 3778 non
2014 3721 2119 3778 ha-

452 3812 653 3869 bemus
674 3815 1029 3881 potestatem
1057 3809 1169 3866 hoc
1194 3811 1587 3881 operandi'”?
1617 3810 1873 3866 subinde
1901 3810 2119 3882 adjun-

450 3902 578 3973 git:
606 3902 727 3958 Sed
756 3916 880 3958 non
912 3902 1010 3956 usi
1035 3915 1241 3956 sumus
1283 3898 1397 3957 hac
1423 3907 1743 3971 potestate,
1771 3903 1875 3958 sed
1915 3903 2119 3960 omnia

448 3992 835 4059 sustinemus,
849 4004 926 4046 ne
938 3990 1102 4062 quod
1118 3989 1547 4059 oﬂ'endiculum
1563 3990 1770 4047 demus
1784 3992 2118 4063 Evangelia

453 4080 765 4139 Christi".
802 4082 1118 4150 Caeterum,
1146 4095 1287 4136 cum
1316 4095 1446 4136 rem
1477 4080 1560 4137 ita
1579 4080 1952 4138 horrendam
1984 4098 2118 4138 esse

448 4170 934 4226 demonstratum
967 4169 1062 4231 sit,
1094 4169 1157 4225 in
1201 4169 1272 4225 iis
1314 4186 1452 4242 quin
1482 4171 1544 4226 in
1586 4176 1884 4244 potestate
1910 4176 2121 4230 nostra

448 4260 650 4333 posita
698 4263 860 4326 sunt,
891 4257 1057 4315 fratri
1089 4274 1220 4314 esse
1263 4259 1545 4333 exemplo
1590 4260 1774 4324 malo,
1815 4260 2117 4334 quidnam

446 4347 641 4423 possit
679 4346 818 4421 quis
864 4348 940 4404 de
984 4348 1056 4404 iis
1099 4347 1321 4417 dicere,
1349 4349 1455 4422 qui
1480 4349 1659 4406 vetita
1703 4350 1984 4408 faciendo
2014 4356 2120 4410 aut

443 4436 755 4511 loquendo
785 4437 936 4495 dant
964 4437 1326 4495 scandalum
1347 4439 1375 4495 ?
1405 4442 1462 4495 et
1508 4439 1798 4509 maxime,
1831 4457 1971 4497 cum
2013 4445 2119 4499 aut

2229 3272 2395 3325 λεῖται
2434 3274 2509 3345 (9)
2564 3274 2591 3325 ὁ
2647 3270 2874 3326 ἀσθενῶν
2935 3270 3156 3349 ἀδελφός
3208 3275 3292 3330 ἐπὶ
3348 3285 3411 3351 τῇ
3473 3287 3538 3353 σῇ
3601 3286 3790 3353 γνώσει
3814 3324 3829 3353 ,

2232 3357 2308 3415 δι’
2360 3360 2415 3415 ὃν
2466 3364 2704 3438 Χριστὸς
2759 3360 3029 3420 ἀπέθανεν.
3091 3367 3187 3429 Οἷς
3244 3365 3508 3444 ἐπιφέρει·
3564 3370 3717 3424 Οὕτω
3774 3367 3835 3425 δὲ

2229 3454 2611 3530 ἁμαρτάνοντες
2678 3452 2748 3516 εἰς
2832 3457 2951 3516 τοὺς
3030 3452 3282 3530 ἀδελφοὺς
3308 3462 3326 3525 ,’
3400 3462 3489 3513 καὶ
3555 3464 3832 3526 τύπτοντες

2230 3545 2398 3598 αὐτῶν
2463 3549 2559 3603 τὴν
2624 3541 2931 3604 συνείδησιν
2992 3544 3313 3602 ἀσθενοῦσαν
3356 3550 3508 3623 (10),
3561 3551 3637 3615 εἰς
3695 3561 3833 3630 xm-

2231 3640 2353 3690 στὸν
2439 3633 2778 3709 ἁμαρτάνετε.
2844 3640 3029 3713 Διόπερ
3097 3638 3141 3690 εἰ
3216 3637 3409 3716 βρῶμα
3490 3640 3834 3709 σκανδαλίζει

2226 3729 2315 3778 τὸν
2365 3721 2585 3797 ἀδελφόν
2634 3744 2757 3798 μου,
2799 3724 2859 3778 οὐ
2909 3729 2981 3799 μὴ
3035 3728 3182 3800 φάγω
3229 3732 3357 3803 κρέα
3398 3730 3469 3794 εἰς
3508 3736 3597 3785 τὸν
3646 3734 3826 3801 αἰῶνα,

2229 3815 2314 3868 ἵνα
2363 3819 2435 3889 μὴ
2501 3817 2589 3868 τόν
2639 3811 2858 3888 ἀδελφόν
2911 3835 3013 3889 μου
3074 3814 3441 3877 σκανδαλίσω,
3508 3827 3610 3877 Καὶ
3670 3821 3831 3877 ἀλλα-

2227 3913 2357 3979 χοῦ,
2406 3904 2598 3958 εἰπών·
2649 3902 2716 3957 ⁴Η
2764 3909 2917 3977 μόνος
2964 3903 3064 3978 ἐγὼ
3112 3912 3202 3961 καὶ
3249 3909 3515 3983 Βαρνάϐας
3563 3913 3657 3966 οὐκ
3703 3916 3834 3987 ἕχο-

2230 4013 2320 4069 μεν
2378 3992 2620 4058 ἐξουσίαν
2673 4000 2765 4047 τοῦ
2830 3997 2904 4068 μὴ
2977 3996 3327 4072 ἓργάζεσθαι;
3389 4000 3510 4065 ἑξῆς
3571 4001 3830 4076 ἐπιλέγειν

2231 4084 2369 4138 Ἀλλ’
2434 4084 2527 4137 οὐκ
2593 4081 2943 4159 ἐχρησάμεθα
3015 4094 3079 4160 τῇ
3150 4086 3362 4164 ἐξουσίᾳ
3430 4096 3635 4166 ταύτῃ,
3706 4092 3836 4146 ἀλλὰ

2228 4175 2398 4226 πάντα
2454 4177 2703 4245 στέγομεν
2733 4213 2746 4238 ,
2808 4174 2892 4226 ἶνα
2944 4178 3018 4248 μὴ
3076 4174 3304 4249 ἐγκοπήν
3356 4198 3471 4231 τινα
3539 4177 3707 4253 δῶμεν
3759 4191 3833 4253 τῷ

2228 4262 2527 4336 Εὐαγγελίῳ
2567 4270 2658 4315 τοῦ
2709 4270 2964 4338 Χριστοῦ.
3009 4265 3160 4318 Οὕτω
3216 4264 3275 4320 δὲ
3323 4266 3539 4341 φοϐεροῦ
3583 4265 3832 4342 δειχθέν-

2228 4373 2317 4415 τος
2369 4359 2462 4405 τοῦ
2509 4350 2594 4405 ἐπὶ
2639 4359 2751 4416 τοῖς
2802 4351 2851 4405 ἓν
2898 4352 3113 4429 ἐξουσίᾳ
3160 4360 3411 4432 κειμένοις
3461 4354 3831 4422 σκανδαλίζειν

2226 4444 2315 4495 τόν
2360 4438 2603 4515 ἀδελφὸν,
2644 4447 2698 4495 τί
2744 4443 2805 4496 ἄν
2841 4462 2923 4505 τις
2970 4447 3107 4498 εἴποι
3146 4451 3264 4520 περὶ
3292 4455 3392 4499 τῶν
3432 4445 3483 4500 ἓν
3512 4456 3583 4520 τῷ
3618 4449 3687 4502 τὰ
3725 4447 3831 4501 ἀπ-

445 4524 699 4583 seientia
719 4527 950 4599 majora
971 4528 1260 4601 praeditus
1284 4543 1415 4584 esse
1436 4527 1675 4586 videtur
1689 4530 1796 4602 qui
1815 4536 1906 4586 est
1924 4530 2114 4588 offen-

2230 4536 2555 4607 ηγορευμένα
2616 4540 2783 4587 ποιεῖν
2848 4534 2879 4594 ἦ
2945 4533 3111 4607 λέγειν
3180 4533 3673 4607 σκανδαλιζόντωη
3740 4544 3830 4593 καὶ

450 4615 629 4686 sioni,
652 4621 758 4673 aut
782 4616 1166 4674 constituitur
1186 4617 1249 4673 in
1270 4615 1478 4690 aliquo
1501 4620 1695 4687 gradu
1723 4619 2110 4678 sacerdotali:

446 4705 716 4780 quicum
746 4705 965 4762 debeat
996 4705 1131 4763 aliis
1161 4722 1293 4763 esse
1319 4707 1682 4781 praepositus
1712 4709 1877 4767 velut
1901 4710 2116 4781 regula

447 4799 505 4851 et
527 4795 857 4868 exemplar,
874 4794 926 4852 si
946 4794 1037 4851 vel
1052 4796 1376 4852 minimum
1393 4796 1544 4869 quid
1558 4797 1888 4868 neglexerit
1901 4815 2114 4857 eorum

445 4899 582 4958 quae
613 4885 838 4958 scripta
862 4889 1022 4953 sunt,
1056 4890 1161 4942 aut
1184 4885 1388 4943 fecerit
1416 4886 1790 4959 prohibitum
1813 4889 2114 4962 quiddam

446 4978 553 5032 aut
581 4973 807 5048 aliquid
839 4974 1009 5048 quod
1038 4980 1409 5048 praeceptum
1432 4976 1507 5033 sit
1530 4977 1819 5044 omiserit,
1854 4983 1959 5037 aut
1989 4996 2114 5038 uno

2225 4622 2459 4697 μάλιστα
2500 4624 2618 4676 ὅταν
2662 4625 2693 4685 ἦ
2749 4632 2943 4697 γνῶσιν
2988 4627 3124 4699 ἔχων
3167 4631 3544 4703 περισσοτέραν
3584 4633 3830 4702 φαίνηται

2226 4714 2252 4765 ό
2303 4708 2697 4784 σκανδαλίζων,
2748 4714 2778 4774 ἦ
2839 4713 2891 4767 ἐν
2941 4713 3133 4789 βαθμῷ
3183 4714 3494 4780 ἐξετάζηται
3549 4721 3826 4793 ἱερατικῷ·

2225 4803 2297 4870 ὃς,
2330 4804 2504 4879 ὥσπερ
2555 4808 2722 4856 κανὼν
2767 4808 2859 4859 καὶ
2900 4808 3064 4868 τύπος
3111 4805 3321 4880 ὀφείλων
3369 4810 3685 4882 προκεῖσθαι
3719 4817 3832 4873 τοῖς

2224 4892 2431 4961 ἄλλοις,
2460 4891 2556 4945 κᾶν
2615 4892 2802 4969 βραχύ
2849 4914 2902 4947 τι
2944 4890 3147 4969 παρίδῃ
3198 4902 3298 4948 τῶν
3340 4902 3748 4972 γεγραμμένων,
3794 4901 3825 4960 ᾖ

2225 4982 2430 5058 πράξας
2474 4986 2534 5037 τὸ
2582 4983 2951 5059 κεκωλυμένον,
2994 4985 3024 5044 ἣ
3073 4983 3284 5039 ἐλλιπὼν
3322 4989 3385 5040 τό
3430 4994 3832 5062 προστεταγμέ-

518 5102 565 5136 ⁶⁹
605 5100 807 5187 ξηρὴ.
849 5117 942 5169 xv,
993 5104 1172 5187 £2113.
1333 5100 1539 5187 μείω.
1579 5106 1982 5187 xvn,_§5,_2_6.
2029 5107 2107 5187 λι

2226 5110 2508 5187 ᾷοτᾲηνιιι,
2552 5113 2657 5187 l3_._
2700 5110 2976 5187 _"_Rom.
3018 5126 3138 5179 xxv,
3177 5114 3268 5187 νς.
3298 5183 3313 5187 _
3343 5112 3398 5187 ξιξ
3433 5113 3633 5171 Matth.
3674 5131 3831 5187 xvm,

450 5174 535 5228 10.
613 5174 663 5208 τ⁴
704 5175 874 5228 Rom.
918 5188 1032 5241 xw,
1077 5176 1162 5229 l3.
1240 5172 1290 5207 ⁷⁵
1330 5176 1352 5228 l
1393 5175 1525 5230 Cor.
1568 5189 1690 5245 ειη,
1736 5177 1820 5241 10,
1868 5181 1951 5232 lt.
2029 5178 2080 5213 τε

2226 5179 2269 5235 i.
2316 5183 2402 5247 42,
2447 5172 2535 5240 13.
2609 5182 2657 5216 ⁷⁷
2700 5184 2723 5239 1
2761 5184 2892 5238 Cor.
2935 5198 3010 5251 Ix,
3055 5172 3134 5254 s,’
3184 5184 3232 5218 τε
3273 5183 3424 5241 ibid.
3471 5189 3557 5242 12.

519 5315 595 5384 (5)
638 5313 943 5392 Εάἰῐὶ,τῶν
987 5317 1088 5368 ὑπὸ
1136 5322 1230 5368 τοῦ
1280 5319 1495 5390 Κυρίου.
1541 5317 1783 5392 Antiqui
1818 5323 1934 5376 tres
1976 5319 2115 5378 libri

449 5392 549 5436 τῶν
578 5393 694 5454 τοῦ,
717 5387 959 5443 rectius.

521 5459 602 5525 (6)
643 5457 843 5513 Codex
879 5460 1048 5514 Voss.
1078 5464 1165 5512 τόν
1194 5457 1478 5516 ἀναϐάντα.

522 5529 600 5599 (7)
639 5530 781 5596 Reg.
815 5531 1020 5585 tertius
1046 5529 1130 5584 ἐπὶ
1160 5534 1384 5592 τούτοις.

524 5601 605 5670 (8)
646 5600 848 5683 Codex
874 5600 1055 5683 Coll};
1067 5600 1353 5683 δεπόστολος
1380 5602 1604 5683 nuptas.
1629 5604 1952 5681 Aliquanto
1974 5613 2114 5683 post

453 5669 597 5743 Reg;
623 5671 857 5745 primus
882 5680 956 5745 τῷ
985 5669 1192 5747 ἀδελφῷ
1218 5674 1284 5737 εἰς
1311 5671 1623 5734 σκάνδαλον.

2299 5323 2375 5396 t9)
2417 5324 2569 5381 Editi
2611 5327 2856 5400 et_Reg.
2898 5326 3110 5382 tertius
3156 5325 3463 5398 ἀπόλλυται,
3494 5332 3673 5400 perit.
3722 5332 3836 5390 Alii

2222 5394 2523 5475 duo'mss,
2572 5395 2823 5475 perinde
2867 5402 2931 5453 ut
2974 5402 3172 5475 textus
3222 5416 3413 5469 sacer,
3444 5394 3540 5458 cui
3584 5402 3836 5475 vulgata

2222 5467 2545 5536 consentit,
2576 5466 2865 5536 ἆπολεῖται,
2889 5470 3131 5539 peribit.

2295 5540 2404 5607 (lO)
2448 5539 2532 5595 Ita
2562 5539 2759 5596 Vossii
2787 5541 2979 5597 codex
3024 5548 3081 5597 et
3109 5541 3210 5597 alii
3261 5547 3398 5600 tres.
3432 5547 3557 5601 Vox
3587 5544 3837 5601 ἀσθενου-

2223 5611 2525 5691 quaeest
2550 5610 2612 5691 in
2642 5611 2922 5691 vulgatis.
2951 5614 3073 5671 Nec
3111 5614 3196 5673 ita
3239 5614 3434 5674 multo
3462 5622 3601 5691 post
3637 5619 3836 5679 codex

2223 5680 2392 5739 Colb.
2425 5687 2497 5755 μὴ
2528 5687 2686 5757 μόνος
2712 5680 2835 5757 ἐγώ.
