4114 6408
319 371 452 429 H37

1444 350 1745 410 REGULE
1799 346 2094 405 BBEVIUS
2132 347 2542 407 TBACTATE.

3543 353 3686 407 H38

314 493 685 568 ματισςίμενος.
723 490 813 543 καὶ
842 491 1017 551 τοῦτο,
1067 484 1241 556 ὥσπερ
1301 475 1502 554 δέλεαρ,
1553 481 1655 531 τινὶ
1684 477 1882 552 προθεὶς

2027 471 2190 528 bono
2215 473 2484 546 quodam
2519 473 2820 532 simulato.
2843 488 3035 546 eoque
3065 473 3244 530 alicui
3272 474 3465 533 instar
3490 473 3686 532 illece-

317 579 351 640 δ
357 583 390 636 ι’
430 581 591 637 αὑτοῦ
629 581 694 632 τὰ
720 580 815 638 τῆς
845 572 1122 635 ἐπιϐουλῆς
1152 571 1556 644 κατεργάσηται.

885 686 1195 736 ΕΡΩΤΗΣΙΣ
1217 677 1341 732 ΟΗ’.

690 776 981 849 Ἐφευρεταὶ
1009 778 1180 823 κακῶν
1219 773 1347 830 τίνες
1387 765 1537 820 εἰσίν.

927 883 1298 934 ΑΠΟΚΡΙΣΙΣ.

385 979 451 1034 Οἱ
477 977 619 1050 παρά
643 977 710 1030 τὰ
750 973 945 1032 συνήθη
978 978 1082 1035 τοῖς
1114 969 1314 1028 πολλοῖς
1359 972 1448 1019 καὶ
1494 970 1734 1040 γνώριμα
1774 964 1912 1016 κακά

311 1066 444 1120 ἄλλα
473 1068 589 1119 τινὰ
616 1069 1071 1140 προσεπινοοῦντες
1095 1065 1185 1112 καὶ
1224 1057 1603 1132 ἐξευρίσκοντες
1633 1057 1764 1124 (40).

877 1262 1190 1312 ΕΡΩΤΗΣΙΣ
1211 1252 1336 1311 ΟΘ’.

301 1351 416 1408 Ἐάν
441 1371 518 1414 τις
550 1357 784 1423 συνεχῶς
808 1347 991 1405 ἑαυτοῦ
1023 1343 1436 1417 ἐπιλαμϐάνηται
1466 1344 1550 1402 (-H
1575 1369 1600 1404 ι,
1629 1342 1708 1394 ὅτι
1741 1340 1906 1400 σκλη-

371 1450 478 1518 ρῶς
506 1443 855 1516 προσφέρεται
885 1445 957 1508 τῷ
999 1431 1222 1508 ἀδελφῷ,
1256 1444 1360 1495 πως
1384 1430 1818 1507 διορθωθήσεται.

911 1547 1289 1600 ΔΠΟΚΡῘΣῙΣ.

372 1643 442 1693 T6
473 1641 564 1712 μεν
595 1644 816 1710 πρᾶγμα
847 1633 1140 1708 συμϐαίνει,
1173 1634 1244 1695 ὡς
1272 1630 1324 1698 ἐξ
1344 1631 1502 1686 αὐτοῦ
1534 1632 1645 1701 (42)
1697 1631 1903 1703 στοχά-

301 1729 483 1801 ζομαι,
516 1728 544 1786 ἡ
578 1725 678 1778 ἀπὸ
728 1730 1043 1799 φρονήματος
1089 1723 1358 1795 ὑπεροχὴν
1413 1721 1814 1794 φανταζομένου,
1868 1720 1898 1780 ἡ

298 1817 402 1874 διπό
431 1817 598 1878 λύπης
630 1823 724 1877 τῆς
763 1812 847 1866 ἐπὶ
872 1811 1201 1884 ἐλαττώμασι
1238 1820 1337 1863 τῶν
1365 1811 1652 1885 κατορθοῦν
1679 1809 1899 1882 ὀφειλόν-

2025 561 2150 618 brm
2180 562 2440 634 objecto,
2473 562 2630 619 illius
2662 578 2778 635 ope
2811 562 3054 618 molitur
3077 563 3350 622 insidias.

2445 671 2964 726 lNTERROGATIO
2999 671 3262 726 LXXVIII.

2382 759 2728 816 Inventores
2756 759 3054 815 malorum
3077 775 3180 832 qui
3206 759 3328 815 sint

2648 868 3059 924 BESPONSIO.

2096 960 2226 1028 Qui,
2254 964 2466 1032 praeter
2499 976 2570 1016 ea
2607 975 2744 1032 quae
2777 957 3077 1031 plerisque
3100 956 3418 1014 familiaria
3444 972 3516 1012 ac
3535 961 3683 1014 nota

2021 1056 2162 1105 sunt
2194 1050 2374 1109 mala.
2402 1048 2686 1123 quredam
2719 1049 2919 1104 adhuc
2951 1047 3066 1104 alia
3107 1045 3682 1104 comminiscuntin-

2020 1140 2416 1213 veniuntque.

2564 1247 3081 1303 INTERROGATIO
3133 1247 3351 1303 LXXIX.

2017 1337 2085 1394 Si
2111 1339 2243 1411 quis
2273 1340 2513 1394 assidue
2540 1339 2794 1406 sei’psum
2827 1343 3094 1394 accusat.
3125 1336 3287 1406 quod
3317 1351 3528 1405 aspere
3556 1341 3680 1392 tra-

2268 1434 2381 1484 ctet
2417 1426 2700 1497 fratrem,
2736 1427 3028 1498 quomodo
3058 1427 3420 1496 coriigetur.

2640 1535 3048 1591 RESPONSIO.

2087 1625 2202 1680 Res
2233 1625 2480 1699 quidem
2508 1623 2644 1692 ista,
2676 1631 2972 1697 quantum
3003 1640 3073 1679 ex
3107 1638 3178 1678 ea
3221 1623 3517 1693 conjecto,
3567 1637 3672 1677 ve-

2015 1716 2102 1772 nit
2132 1716 2224 1772 vel
2255 1717 2332 1772 ab
2365 1715 2570 1772 animo
2595 1713 2882 1769 eximium
2917 1713 3144 1786 aliquid
3194 1713 3268 1769 de
3314 1728 3376 1768 se
3425 1711 3670 1782 excogi-

2013 1813 2196 1875 tante,
2229 1812 2393 1863 auta
2423 1804 2658 1862 tristitia
2689 1820 2760 1860 ex
2808 1803 3040 1859 delictis
3087 1819 3319 1869 eorum,
3359 1802 3462 1875 qui
3509 1809 3669 1858 recte

297 1927 418 1962 των.
449 1910 519 1960 T6
548 1907 650 1978 γὰρ
683 1902 736 1966 ἐξ
775 1901 974 1974 ἀγαθοῦ
1000 1921 1130 1964 τινος
1166 1901 1493 1962 ἐλπισθέντος
1532 1898 1756 1952 ἕναντίον
1807 1905 1882 1953 καὶ

2009 1870 2522 1967 ageredeberent,
2554 1899 2753 1950 ortum
2779 1893 3063 1950 habente.
3097 1898 3244 1949 Cum
3295 1870 3455 1948 enim
3500 1891 3667 1949 bono

292 1995 526 2072 λυπηρόν
556 1993 862 2054 ἀπαντῆσαν
888 1998 977 2045 καὶ
1018 1988 1364 2067 σφοδρότερόν
1401 2011 1510 2052 πως
1562 1998 1658 2052 τῆς
1711 1989 1896 2062 ψυχῆς

294 2089 642 2141 καθάπτεται.
685 2084 1002 2156 Ἐπιμελείας
1034 2079 1092 2136 δε
1120 2085 1232 2154 (43)
1281 2086 1442 2156 χρεία
1493 2085 1891 2156 περισσοτέρας,

296 2177 399 2244 ἶνα,
433 2174 477 2228 εἰ
495 2177 584 2248 μεν
615 2176 674 2227 τὸ
705 2180 905 2247 πρῶτον
936 2174 1036 2240 εἴη,
1077 2169 1375 2244 κολάσωμεν
1406 2179 1501 2230 τῆς
1545 2171 1893 2244 ὑπερηφανίας

294 2269 354 2319 τὸ
383 2265 568 2332 πάθος,
609 2263 654 2316 εἰ
685 2258 742 2315 δε
773 2265 830 2314 τὸ
859 2257 1118 2336 δεύτερον,
1150 2263 1250 2334 πρὸ
1281 2268 1376 2321 τῆς
1406 2257 1809 2331 ἀγανακτήσεως
1844 2259 1892 2312 ἐν

293 2354 621 2430 παρακλήσει
649 2358 738 2405 καὶ
775 2353 1021 2424 νουθεσίᾳ
1058 2356 1150 2410 τὴν
1191 2349 1584 2422 εὐσπλαγχνίαν
1613 2347 1892 2415 ἕπιδειξώ-

294 2447 448 2518 μεθα.
475 2443 593 2498 Ἐὰν
619 2440 677 2496 δι
706 2444 810 2518 ἄρα
840 2444 865 2494 6
895 2447 1080 2515 τρόπος
1105 2437 1254 2503 οὗτος
1284 2447 1379 2504 τῆς
1406 2441 1670 2514 θεραπείας
1701 2439 1893 2516 ἀνενέρ-

294 2553 456 2606 γητος
478 2541 605 2606 φανῇ
633 2529 724 2585 διὰ
755 2537 850 2592 τὴν
872 2539 964 2584 τοῦ
991 2533 1328 2605 ὑποκειμένου
1349 2532 1549 2592 πάθους
1569 2535 1756 2584 κακίαν
1777 2535 1892 2584 τότε

294 2623 470 2676 λοιπόν
500 2628 588 2676 καὶ
613 2631 672 2696 τῇ
711 2619 1035 2697 σφοδρότητι
1064 2630 1160 2683 τῆς
1185 2620 1588 2693 ἀγανακτήσεως
1605 2623 1736 2693 μετά
1761 2639 1892 2695 συμ-

285 2714 506 2777 παθείας
530 2711 605 2765 ἐπ’
637 2713 850 2785 ὠφελείᾳ
870 2714 963 2776 (44
999 2716 1088 2764 καὶ
1120 2708 1402 2787 διορθώσει
1431 2719 1523 2764 τοῦ
1554 2710 1890 2786 ἁμαρτήσαν-

284 2821 373 2867 τος
401 2802 648 2878 εὐκαίρως
675 2807 766 2856 καὶ
795 2804 928 2876 μετὰ
954 2801 1110 2874 λόγου
1149 2802 1502 2875 χρησώμεθα.

867 3095 1184 3144 ΕΡΩΤΗΣΙΣ
1216 3089 1292 3145 Il'.

281 3181 441 3234 Πόθεν
482 3179 758 3254 συμϐαίνει
787 3183 846 3233 τό
873 3181 1048 3254 ὥσπερ
1078 3189 1140 3253 τῇ
1175 3176 1386 3253 διανοίᾳ
1407 3177 1681 3234 ἐπιλείπειν
1709 3179 1884 3254 λογισ-

348 3273 479 3332 μοὺς
511 3267 744 3340 ἀγαθοὺς
771 3273 862 3320 καὶ
881 3274 1134 3343 μερίμνας
1165 3268 1494 3345 ἀρεσκούσας
1518 3277 1590 3341 τῷ
1621 3274 1751 3343 Θεῷ,
1793 3275 1884 3325 καὶ

345 3365 479 3424 πῶς,
514 3358 596 3408 ἱνα
624 3361 696 3429 μή
721 3357 875 3410 τοῦτο
905 3361 1218 3430 πάσχωμεν.

884 3470 1262 3520 ΑΠΟΚΡΙΣΙΣ.

346 3561 450 3608 Τοῦ
507 3549 676 3608 Δαϐὶδ
734 3553 986 3622 εἰπόντος,
1055 3554 1359 3618 Ἐνύσταξεν
1432 3557 1463 3613 ᾖ
1547 3557 1702 3629 ψυχή
1778 3578 1880 3631 μου

278 3643 380 3697 ἀπὸ
429 3640 681 3713 mem,
737 3639 974 3710 εὔδηλον,
1007 3644 1088 3696 ὅτι
1143 3647 1202 3696 τὸ
1255 3652 1489 3698 τοιοῦτον
1537 3644 1639 3699 ἀπὸ
1687 3667 1880 3702 νυστα-⁵

273 3740 412 3807 γμοῦ
437 3742 532 3797 τῆς
568 3733 752 3806 ψυχῆς
781 3739 870 3786 καὶ
924 3732 1272 3797 ἀναισθησίας
1326 3733 1621 3809 συμϐαίνει.
1674 3743 1880 3813 P362676-

272 3826 442 3898 ρούσῃ
469 3827 572 3899 γὰρ
607 3832 669 3896 τῇ
710 3823 866 3896 ψυχῇ
898 3829 990 3877 καὶ
1035 3827 1271 3898 νηφοῦσῃ
1316 3825 1445 3898 οὐχὶ
1492 3830 1718 3902 μέριμνα
1763 3836 1878 3900 Θεῷ

275 3911 576 3990 ἀρέσκουσα
619 3918 710 3967 καὶ
756 3913 1012 3987 λογισμός
1058 3913 1250 3986 ἀγαθὸς
1297 3914 1560 3983 ἐπιλείπει,
1611 3915 1716 3968 ἀλλ’
1764 3918 1878 3972 ἑαυ-

150 4069 161 4077 ¹
270 4008 367 4064 τὴν
405 4007 608 4067 τούτοις
659 4007 768 4065 (45)
832 4002 1197 4058 ἕπιλείπουσαν
1251 4003 1529 4062 ἐπιϐλέπει.
1583 4006 1646 4060 Εἰ
1689 4011 1792 4083 γὰρ
1851 4010 1877 4061 6

267 4100 359 4147 τοῦ
391 4098 630 4166 σώματος
676 4092 940 4166 ὀφθαλμὸς
977 4097 1094 4146 οὔτε
1145 4094 1292 4168 ἀρκεῖ
1320 4095 1436 4160 (46)
1482 4099 1612 4170 πρὸς
1662 4097 1876 4171 θεωρίαν

266 4187 359 4235 καὶ
413 4183 598 4255 ὀλίγων
646 4191 798 4236 τινῶν
847 4190 938 4235 τοῦ
992 4190 1125 4236 Θεοῦ
1201 4179 1707 4259 δημιουργημάτων,
1761 4191 1877 4240 οὔτε

266 4271 410 4336 ἅπαξ
463 4291 514 4325 τε
558 4273 874 4343 θεασάμενος
921 4275 1072 4344 κόρον
1121 4274 1297 4343 ἔσχεν,
1355 4271 1484 4326 ἀλλὰ
1527 4280 1618 4328 καὶ
1681 4274 1760 4329 ἀεὶ
1816 4281 1875 4330 τὸ

266 4361 396 4414 αὐτὸ
447 4363 670 4434 θεωρῶν,
719 4360 778 4412 οῦ
827 4363 1048 4413 παύεται
1091 4361 1229 4432 ὅμως
1283 4369 1377 4414 τοῦ
1425 4361 1670 4435 βλέπειν·
1725 4371 1875 4438 πόσῳ

267 4450 460 4523 μᾶλλον
488 4452 516 4502 6
544 4458 642 4512 τῆς
668 4449 856 4522 ψυχῆς
886 4448 1170 4522 ὀφθαλμὸς,
1213 4449 1296 4502 ἐὰν
1344 4449 1640 4526 ἄγρηγορὼς
1781 4460 1873 4508 καὶ

267 4545 460 4612 νήφων,
491 4539 585 4592 οῦκ
615 4539 816 4614 ἔξαρκεί
854 4544 984 4614 πρὸς
1025 4541 1239 4614 θεωρίαν
1281 4548 1382 4592 τῶν
1424 4550 1516 4595 τοῦ
1557 4550 1691 4596 Θεοῦ
1741 4547 1872 4598 θαυ-

269 4635 476 4703 μασίων
504 4635 595 4682 καὶ
636 4631 940 4705 κριμάτωνς
991 4633 1067 4682 Τὰ
1105 4635 1337 4705 κρίματα
1373 4635 1475 4706 γὰρ
1528 4650 1644 4698 σου,
1692 4641 1869 4707 φησιν,

271 4719 504 4782 ἄϐυσσος
576 4719 738 4779 πολλή
766 4741 781 4755 ο
857 4725 948 4772 καὶ
1028 4719 1263 4792 ἀλλαχοῦ
1288 4741 1300 4753 ο
1366 4721 1778 4796 Ἐθαυμαστωθη
1837 4727 1868 4785 ἡ

267 4814 466 4883 γνῶσίς
523 4828 617 4862 σου
667 4809 720 4874 ἐξ
766 4808 891 4884 ἐμοῦ
919 4831 933 4844 ο
1006 4808 1353 4884 ἰκραταιωθη,
1431 4811 1490 4864 οῦ
1559 4818 1632 4886 μὴ
1698 4810 1870 4867 δύνω-

268 4920 366 4974 μαι
414 4903 546 4976 πρός
592 4899 755 4960 αὐτήν
781 4921 794 4934 ο
853 4905 943 4953 καὶ
983 4900 1148 4954 πολλά
1184 4909 1418 4960 τοιαῦτα.
1469 4903 1530 4958 Εἰ
1577 4900 1637 4957 δε
1675 4903 1870 4959 ἐπιλεί-

2006 1988 2212 2060 aliquo
2242 1993 2611 2060 exspectato,
2652 1984 3024 2041 contrarium
3055 1983 3349 2057 quiddam
3381 1987 3440 2039 et
3471 1982 3665 2039 mole-

2005 2083 2166 2134 stum
2189 2077 2648 2147 accidit,tumid
2669 2076 3086 2132 vehementius
3115 2075 3320 2130 nescio
3349 2073 3666 2148 quomodo

2004 2170 2279 2226 animum
2302 2168 2588 2242 percellit.
2613 2168 2768 2224 Cura
2799 2173 3001 2223 autem
3023 2181 3179 2238 opus
3199 2171 3292 2220 est
3310 2169 3565 2236 majore,
3598 2169 3668 2222 ut

2004 2259 2052 2316 si
2079 2259 2328 2332 quidem
2359 2257 2624 2331 primum
2647 2257 2822 2313 fuerit
2842 2255 3140 2328 superbia
3165 2254 3398 2321 vitium,
3425 2253 3486 2310 id
3503 2269 3668 2311 coer-

2003 2366 2283 2418 ceamus;
2319 2349 2408 2405 sin
2441 2347 2801 2412 secundum,
2834 2353 3164 2419 antequam
3194 2345 3272 2402 ad
3301 2344 3666 2414 indignatio.

2003 2455 2146 2496 nem
2176 2445 2473 2508 veniatur,
2527 2436 3008 2495 misericordiam
3047 2435 3427 2491 exhortando
3479 2440 3662 2508 atque

2003 2527 2606 2586 commonefaciendo
2630 2527 3046 2583 ostendamus.
3081 2524 3254 2592 Quod
3296 2525 3345 2581 si
3374 2523 3503 2580 hec
3533 2540 3660 2582 me-

2000 2620 2185 2677 dendi
2208 2620 2361 2676 ratio
2389 2616 2666 2675 inefﬁcax
2699 2617 3049 2690 apparuerit
3073 2622 3320 2689 propter
3346 2613 3663 2672 insidentis

2000 2711 2126 2768 vitii
2156 2711 2540 2784 pravitatem.
2567 2714 2698 2764 tum
2727 2707 2976 2763 demum
3016 2704 3455 2777 indignationis
3479 2704 3660 2762 vehe-

1997 2802 2291 2858 mentiam
2320 2814 2447 2856 una
2475 2814 2616 2854 cum
2655 2796 3182 2854 commiseratione
3226 2795 3303 2852 ad
3346 2795 3658 2868 peccantis

1995 2891 2314 2948 utilitatem
2359 2889 2972 2961 emendationemque
3005 2892 3351 2962 opportune
3401 2901 3473 2944 ac
3523 2885 3658 2958 jure

1994 2980 2479 3038 adhibuerimus.

2457 3087 2976 3144 INTERROGATIO
3001 3088 3188 3143 LXXX.

2001 3177 2272 3247 Undeﬁt,
2324 3183 2391 3235 ut
2435 3179 2832 3249 cogitationes
2883 3175 3051 3232 bona
3097 3175 3656 3248 sollicitudinesque

2062 3269 2184 3326 Deo
2199 3269 2447 3338 placita
2475 3274 2730 3326 mentem
2764 3269 2949 3324 veluti
2973 3266 3293 3338 deﬁciant:
3321 3271 3377 3323 et
3407 3281 3530 3339 qua
3557 3280 3655 3324 ra.

2065 3360 2227 3416 tione
2254 3360 2381 3429 ﬁet,
2412 3364 2477 3416 ut
2502 3360 2567 3416 id
2586 3373 2925 3416 caveamus.

2613 3468 3027 3525 BESPONSIO.

2061 3557 2211 3613 Cum
2262 3556 2453 3613 David
2495 3556 2790 3614 dixerit’:
2844 3557 3215 3614 Dormitavit
3265 3557 3472 3614 anima
3521 3572 3656 3617 mea

1988 3661 2119 3717 prae
2162 3648 2357 3714 taedio,
2397 3647 2793 3720 perspicuum
2823 3653 2915 3704 est
2951 3647 3310 3718 hujusmodi
3338 3648 3550 3704 vitium
3579 3663 3656 3707 ex

1990 3736 2180 3793 animi
2210 3752 2428 3810 sopore
2483 3752 2558 3793 ac
2596 3743 2842 3809 stupore
2879 3736 3120 3792 exoriri.
3165 3736 3480 3809 Siquidem
3523 3738 3654 3795 ani-

1989 3842 2158 3882 mum
2199 3826 2550 3898 vigilantem
2571 3831 2630 3884 et
2653 3826 2928 3883 sobrium
2953 3825 3297 3883 sollicitudo
3329 3828 3450 3884 Deo
3477 3814 3655 3898 grata

1988 3921 2046 3973 et
2073 3915 2240 3974 bona
2267 3917 2554 3988 cogitatio
2583 3933 2978 3991 nequaquam
3006 3916 3210 3974 deﬁcit
3235 3935 3248 3974 :
3277 3917 3424 3991 quin
3450 3917 3655 3991 potius

1987 4009 2074 4068 eis
2093 4007 2492 4080 semetipsum
2513 4007 2722 4063 deesse
2741 4007 2924 4064 videt.
2949 4011 3120 4076 Nam,
3136 4007 3185 4063 si
3209 4008 3482 4082 corporis
3499 4023 3650 4064 ocu-

1985 4099 2082 4157 lus
2111 4113 2309 4171 neque
2341 4097 2487 4154 satis
2515 4101 2607 4152 est
2635 4096 2715 4152 ad
2743 4097 3218 4170 contemplanda
3242 4098 3423 4154 etiam
3451 4112 3652 4171 pauca

1986 4189 2273 4264 quadam
2307 4187 2405 4244 Dei
2426 4187 2692 4260 opiﬁcia,
2721 4203 2921 4260 neque
2946 4188 2998 4244 si
3023 4187 3172 4261 quid
3197 4189 3381 4244 semel
3412 4188 3650 4262 conspio

1986 4285 2158 4337 catus
2189 4278 2284 4344 sit,
2306 4277 2653 4348 exsatiatur,
2696 4277 2804 4334 sed
2833 4277 3073 4334 etiamsi
3101 4293 3345 4352 semper
3369 4277 3533 4335 idem
3561 4279 3650 4336 vi-
3747 4281 3753 4287 '

1985 4368 2149 4435 deat,
2183 4373 2385 4424 tamen
2419 4366 2688 4440 aspicere
2722 4382 2845 4423 non
2876 4366 3120 4437 desinit,
3169 4374 3402 4441 quanto
3448 4369 3649 4440 magis

1984 4457 2205 4514 animae
2242 4455 2478 4523 oculus,
2502 4456 2552 4513 si
2581 4456 2840 4527 vigilans
2872 4456 2949 4513 sit
2972 4461 3030 4514 et
3057 4457 3538 4531 expergefactus,
3564 4458 3648 4516 ad

1905 4589 1949 4642 Β
1985 4546 2086 4602 Dei
2106 4545 2499 4642 mirahilia,et
2513 4545 2764 4642 adillius
2777 4547 3009 4642 judicia
3020 4547 3394 4642 speculanda
3418 4563 3648 4622 nequa-

1982 4651 2170 4710 quam
2199 4636 2436 4693 sufﬁcit.
2461 4638 2712 4694 Judicia
2751 4637 2936 4706 enim,
2968 4637 3184 4710 inquit,
3235 4644 3342 4694 tua
3387 4639 3643 4710 abyssus

1981 4727 2214 4782 multa’
2240 4743 2254 4795 ;
2288 4731 2347 4782 et
2373 4725 2494 4784 alio
2519 4727 2582 4784 in
2607 4727 2770 4783 loco:
2811 4727 3123 4784 Mirabitis
3139 4727 3314 4798 facta
3342 4733 3426 4784 est
3451 4729 3643 4785 scien-

1983 4817 2067 4873 tia
2089 4821 2198 4873 tua
2219 4831 2294 4874 ex
2317 4831 2441 4875 me:
2465 4819 2815 4888 confortata
2837 4823 2942 4883 est,
2969 4833 3091 4874 non
3108 4824 3320 4888 potero
3345 4818 3428 4874 ad
3449 4821 3644 4890 eam‘;

1981 4912 2040 4963 et
2094 4907 2286 4966 multa
2341 4907 2794 4981 hujuscemodi.
2878 4907 3053 4975 Quod
3114 4908 3166 4965 si
3237 4907 3438 4966 deﬁcit
3507 4908 3640 4966 ani-

338 5045 361 5080 ³
393 5041 552 5131 Ρεειι,
584 5059 778 5111 cxvru,
812 5047 904 5101 28.
981 5045 1003 5080 ³
1033 5043 1191 5102 Psal.
1223 5061 1405 5118 xxxv,
1440 5052 1495 5104 7.
1572 5049 1594 5083 δ
1627 5048 1777 5107 Psal.
1810 5065 2093 5119 cxxxvm,
2117 5056 2170 5108 6.

339 5190 449 5265 (ξοι
481 5185 726 5265 Antiqui
746 5186 873 5265 d_u_o_
890 5185 1025 5265 libri
1046 5194 1136 5241 καὶ
1167 5187 1566 5265 ἐξευρίσκοντες.
1600 5191 1761 5250 Alius
1786 5199 1876 5248 καὶ

265 5259 714 5335 ἐπεξευρίσκοντες
774 5259 1290 5335 Εάἱίξεῦρίσκοντεςζ

337 5331 451 5402 (41)
481 5330 720 5405 Veteres
742 5335 868 5405 tres
907 5330 1048 5405 libri
1089 5331 1439 5405 λαμϐάνηται.
1493 5337 1702 5393 Statim
1753 5337 1877 5393 vul-

267 5401 438 5472 getae
465 5409 584 5482 tres
611 5401 908 5482 editiones
929 5410 986 5458 et
1013 5402 1138 5459 duo
1155 5401 1465 5482 ’τηρεε-πῶς
1503 5405 1871 5482 διορθώσεται,

268 5479 570 5555 corrupte.
621 5477 765 5544 Reg.
806 5476 1040 5548 primus
1101 5481 1159 5532 et
1214 5476 1381 5534 Colb.
1434 5476 1871 5555 διορθωθήσιταιζ

269 5544 612 5602 emendate.

341 5619 451 5694 (ῥὲ)
484 5618 872 5694 Veteresduo
901 5618 1387 5694 libris’Eipaurozi.
1448 5624 1590 5694 Reg.
1640 5625 1876 5694 primus

270 5687 324 5753 ἐξ
351 5686 559 5744 ἑαυτοῦ.
584 5692 698 5746 Nec
722 5690 804 5748 ita
825 5690 1016 5749 multo
1044 5686 1198 5750 infra
1226 5709 1382 5750 unus
1403 5711 1518 5754 ms.
1534 5686 1626 5750 ἰαὶ
1644 5686 1874 5775 λυπηρὸν

1983 5197 2180 5271 {mem-ﬁ
2191 5216 2306 5261 σαν,
2333 5201 2420 5250 καὶ
2444 5193 2602 5271 apati.

2058 5270 2169 5411 (43)
2196 5271 2343 5348 Reg.
2363 5269 2599 5342 primus
2631 5274 2687 5326 et
2718 5273 2883 5326 Voss.
2908 5271 3197 5345 ἐπιμελείας
3225 5272 3334 5330 οὖν,
3581 5333 3590 5338 κ

2058 5344 2146 5411 (44
2199 5339 2347 5397 Edill
2377 5346 2468 5394 καὶ
2507 5341 2585 5394 ἐπ’
2613 5341 2846 5411 ὠφελείᾳ.
2879 5343 3100 5401 Vocula
3132 5349 3222 5396 καί
3247 5343 3310 5400 in
3361 5341 3494 5400 aliis
3538 5350 3590 5403 tr

2055 5339 2169 5411 (44)
2199 5339 2468 5415 Εάἱῑῖκαζ
2507 5341 2585 5415 ἐπ’
2613 5341 2846 5415 ὠφελείᾳ.
2879 5339 3100 5401 Vocula
3132 5349 3222 5396 καί
3247 5343 3310 5400 in
3361 5341 3494 5400 aliis
3538 5346 3640 5404 tri.

1982 5409 2098 5466 bus
2120 5409 2267 5467 mss.
2301 5428 2424 5470 non
2453 5409 2688 5484 legitur.

2053 5485 2167 5570 (45)
2200 5485 2341 5557 Reg.
2375 5486 2583 5542 tertius
2615 5491 2672 5542 et
2696 5485 2839 5543 editi
2863 5490 3135 5550 τοιούτοις.
3187 5486 3299 5544 Alii
3333 5487 3456 5544 duo
3483 5503 3635 5549 mss.

1981 5573 2208 5616 τουτοις.

2055 5629 2169 5700 (46)
2201 5627 2352 5688 Edili
2383 5628 2641 5706 ἀρκεῖται.
2674 5634 2744 5688 At
2771 5646 2922 5689 mss.
2951 5635 3070 5689 tres
3100 5630 3267 5708 ἀρκεῖ,
