4114 6432
457 325 599 379 1139

1839 319 1897 376 S.
1938 316 2186 374 BASILII
2235 315 2459 379 MAGNI

3697 321 3852 380 lii-0

453 463 620 504 mam
644 444 927 516 cogitatio
947 443 1136 524 bona,
1165 443 1438 517 profecto
1459 443 1660 500 adhuc
1681 442 1879 500 deﬁcit
1917 443 2113 515 ipsam

2228 461 2314 496 πει
2343 451 2406 516 τῇ
2441 443 2595 516 ψυχῇ
2626 442 2874 516 λογισμός
2917 439 3130 513 ἀγαθός,
3179 435 3418 498 δηλονότι
3456 443 3532 495 ἔτι
3562 440 3679 504 (47)
3719 442 3850 498 ἔπι..

451 536 812 594 illuminatio
837 554 850 592 :
883 551 1006 591 non
1028 535 1196 607 quod
1219 534 1463 591 deficiat
1479 535 1642 607 quod
1668 534 1989 602 illuminat,
2011 531 2118 589 sed

453 627 623 702 quod
654 626 938 684 dormitet
966 625 1134 700 quod
1164 624 1496 682 illuminari
1521 624 1722 681 debet.

1010 825 1528 882 INTERROGATIO
1562 824 1774 880 LXXXI.

453 917 522 975 Si
561 917 649 988 pii
674 923 814 972 sunt
837 913 1544 988 mqualiterobjurgandi
1567 920 1749 985 atque
1785 912 1981 986 quivis
2005 914 2120 968 alii

525 1007 936 1078 indi/ferentes
983 1005 1226 1078 quando
1256 1005 1319 1061 in
1363 1004 1564 1062 eodem
1599 1004 1842 1076 utrique
1869 1008 2117 1072 peccato

527 1096 1089 1169 deprehenduntur.

1081 1203 1492 1261 RESPONSIO.

527 1295 584 1353 Si
608 1293 1054 1368 respexerimus
1077 1293 1155 1350 ad
1176 1293 1448 1350 animum
1470 1291 1779 1366 peccantis
1805 1296 1862 1350 et
1890 1293 1964 1350 ad
1990 1307 2118 1349 mo-

452 1384 602 1441 dum
642 1384 897 1458 peccati,
943 1399 1384 1455 cognoscemus
1424 1383 1608 1440 etiam
1647 1383 1898 1440 modum
1928 1384 2120 1439 incre-

450 1475 661 1548 pandi.
686 1478 858 1543 Nam,
884 1474 1118 1531 etiamsi
1139 1473 1302 1530 idem
1326 1478 1647 1547 peccatum
1689 1490 1820 1530 esse
1841 1473 2121 1530 videatur

449 1569 580 1622 tum
628 1565 894 1622 hominis
932 1563 1345 1621 indifferenter
1392 1581 1454 1618 se
1503 1565 1786 1635 gerentis,
1835 1568 1963 1620 tum
2013 1562 2114 1637 pii,

449 1658 655 1712 tamen
688 1655 845 1712 inter
884 1659 1212 1727 utrumque
1262 1653 1573 1710 intercedit
1620 1653 1948 1710 discrimen
1995 1669 2119 1710 non

450 1745 778 1804 mediocre.
819 1744 958 1802 Pius
1006 1745 1191 1812 enim,
1226 1761 1365 1802 cum
1393 1743 1529 1818 pius
1561 1744 1635 1801 sit
1661 1744 2017 1817 laboretque
2043 1742 2118 1799 si-

2226 531 2388 585 λείπει
2418 533 2550 605 αὐτῇ
2585 537 2850 606 φωτισμός
2883 553 2896 565 υ
2941 530 2999 584 οὐ
3030 533 3174 606 παρὰ
3205 534 3262 584 τὸ
3295 530 3570 586 ἐπιλείπειν
3622 536 3680 586 τὸ
3735 557 3848 607 φω-

2226 621 2394 688 τίζον,
2478 621 2606 675 ἀλλὰ
2669 624 2812 699 παρά
2887 624 2946 676 τό
3021 622 3294 682 νυστάζειν
3367 624 3426 674 τὸ
3511 624 3847 694 φωτισθῆναι

2227 708 2443 784 ὀφεῖλον·

2797 824 3110 876 ΕΡΩΤΗΣΙΣ
3134 815 3258 875 IIA'.

2227 910 2288 965 Εἰ
2315 915 2426 985 χρὴ
2460 914 2587 974 ἴσως
2610 909 2853 985 ἐπιτιμᾷν
2885 918 2993 972 τοῖς
3026 908 3264 962 εὐλαϐέσι
3284 913 3374 961 καὶ
3394 914 3500 971 τοῖς
3524 904 3846 985 ἀδιαφόροις

2297 1005 2430 1073 (48),
2473 1003 2594 1054 ὅταν
2622 1003 2670 1054 ἐν
2703 1009 2775 1074 τῷ
2807 1001 2947 1072 αὐτῷ
2973 1000 3316 1078 ἁμαρτήματι
3354 999 3699 1075 εὐρίσκωνται
3728 997 3844 1074 ἀμ.-

2300 1095 2525 1166 φὸτεροι.

2856 1205 3210 1255 ΑΠΟΚΡῘΣΙΣ

2302 1287 2425 1344 Ἐὰν
2458 1286 2728 1364 ἀπίδωμεν
2775 1289 2846 1353 εἰς
2892 1294 2986 1349 τήν
3033 1286 3274 1343 διάθεσιν
3325 1296 3418 1342 τοῦ
3457 1288 3845 1364 ἁμαρτανοντος

2230 1383 2436 1432 καὶτὸν
2465 1385 2653 1454 τρόπον
2696 1387 2789 1432 τοῦ
2836 1380 3231 1455 ἁμαρτήματος,
3264 1380 3576 1452 γνωσόμεθα
3616 1385 3703 1433 καὶ
3747 1383 3840 1432 τὸν

2229 1489 2420 1543 τρόπον
2463 1479 2552 1530 τῆς
2601 1470 2970 1544 ἐπιτιμήσεως.
3021 1469 3127 1524 Κὰν
3174 1473 3272 1546 γὰρ
3304 1473 3363 1522 τὸ
3395 1469 3523 1522 αὐτὸ
3554 1469 3848 1544 ἁμάρτημα

2231 1556 2364 1612 εἶναι
2395 1556 2526 1632 δοκῇ
2561 1564 2620 1613 τό
2649 1580 2701 1613 τε
2730 1569 2822 1613 τοῦ
2855 1556 3148 1635 ἀδιαφόρου
3190 1565 3282 1612 καὶ
3328 1563 3388 1613 τό
3428 1567 3520 1612 τοῦ
3569 1558 3842 1627 εὐλαϐοῦς,

2230 1647 2358 1701 ἀλλὰ
2400 1649 2561 1708 πολλὴ
2623 1649 2818 1722 μεταξὺ
2878 1651 3047 1704 αὐτῶν
3098 1651 3129 1709 ἠ
3197 1646 3446 1724 διαφορά.
3495 1648 3556 1702 Ὀ
3598 1652 3690 1723 μὶν
3735 1653 3844 1725 γὰρ

2231 1737 2472 1802 εὐλαϐὴς,
2529 1738 2749 1803 εὐλαϐὴς
2793 1740 2861 1792 ὢν
2909 1741 3142 1812 ἀγωνιῶν
3182 1759 3234 1793 τε
3280 1739 3391 1812 ἅμα
3431 1744 3522 1793 καὶ
3581 1737 3845 1811 ἀγωνιζό-

449 1834 579 1893 mul
600 1852 672 1894 ac
699 1835 1023 1892 contendat
1044 1841 1108 1890 ut
1134 1834 1372 1908 placeat
1393 1816 1564 1906 _Deo,
1615 1851 1760 1892 casu
1808 1816 2013 1908 aliquo
2060 1844 2115 1896 et

2228 1849 2373 1904 μενος
2409 1833 2528 1904 περὶ
2581 1838 2678 1892 τῆς
2726 1833 2851 1905 πρὸς
2904 1833 3034 1883 Θεὸν
3074 1829 3187 1899 (49)
3248 1829 3652 1904 εὐαρεστήσεως,
3702 1831 3846 1882 κατά

450 1927 575 1984 fere
603 1926 782 2000 quasi
806 1925 1025 1982 invitus
1051 1924 1354 1982 aberravit
1378 1929 1434 1982 et
1460 1925 1671 1998 lapsus
1693 1929 1810 1991 est;
1850 1924 1956 1998 qui
1976 1939 2115 1980 vero

448 2017 602 2091 gerit
628 2033 691 2074 se
720 2015 1155 2083 indifferenter,
1177 2015 1407 2073 nullam
1434 2032 1630 2090 neque
1662 2016 1755 2072 sui
1784 2016 2116 2089 ipsius,ne-

449 2122 571 2180 que
598 2105 701 2163 Dei
737 2107 1039 2163 rationem
1061 2105 1319 2176 habens,
1360 2111 1542 2178 atque
1574 2104 1666 2160 vel
1695 2105 1828 2178 ipso
1868 2103 2114 2160 nomine

451 2196 514 2254 id
544 2196 872 2266 indicante,
903 2196 1142 2254 nullum
1172 2197 1496 2253 discrimen
1528 2211 1764 2270 ponens
1795 2199 2114 2268 peccatum

446 2286 605 2344 inter
633 2292 689 2344 et
719 2286 1022 2353 virtutem,
1068 2287 1392 2361 praecipuis
1425 2303 1496 2342 ac
1538 2286 1887 2358 ingentibus
1938 2285 2116 2342 malis

449 2382 721 2447 aegrotat,
749 2376 1023 2434 videlicet
1051 2376 1218 2451 quod
1257 2381 1361 2433 aut
1398 2380 1586 2434 Deum
1609 2381 1987 2450 aspernetur,
2014 2371 2116 2432 aut

449 2463 638 2518 Deum
678 2479 811 2518 esse
840 2477 964 2519 non
995 2462 1220 2518 credat.
1272 2465 1406 2519 Haec
1435 2463 1596 2519 enim
1644 2462 1768 2519 duo
1812 2463 1871 2518 in
1927 2478 2117 2519 causa

451 2555 613 2617 sunt,
641 2568 749 2608 cur
773 2558 980 2625 peccet
999 2553 1224 2621 anima,
1258 2559 1322 2609 ut
1349 2559 1600 2610 testatur
1627 2552 1952 2625 Scriptura,
1977 2568 2116 2610 cum

449 2658 614 2699 nunc
643 2642 893 2716 quidem
916 2643 1023 2699 ait:
1075 2644 1249 2700 Dixit
1270 2647 1557 2714 znjustus,
1590 2649 1655 2700 ut
1686 2644 2002 2716 delinquat
2055 2643 2117 2700 in

453 2733 802 2802 semetipso;
856 2748 977 2788 non
1016 2737 1103 2789 est
1151 2733 1329 2789 timor
1375 2734 1484 2789 Dei
1513 2737 1653 2790 ante
1682 2735 1886 2790 oculos
1910 2735 2074 2804 ejus‘
2096 2749 2121 2806 ,'

452 2837 618 2878 nunc
637 2837 778 2877 vero
805 2838 817 2878 :
881 2823 1050 2879 Dixit
1091 2823 1380 2893 insipiens
1413 2824 1474 2879 in
1508 2835 1687 2880 corde
1711 2839 1836 2894 suo,
1866 2825 1999 2880 Non
2032 2829 2116 2880 est

453 2913 645 2968 Deus:
692 2913 970 2982 corrupti
997 2919 1136 2968 sunt
1163 2917 1216 2969 et
1247 2913 1680 2970 abominabiles
1695 2914 1858 2984 facti
1877 2921 2019 2971 sunt
2049 2915 2116 2971 in

456 3001 673 3058 studiis
702 3003 748 3057 ³.
816 3001 1026 3075 Itaque
1086 3007 1190 3058 aut
1246 3003 1626 3075 contempsit,
1673 3008 2117 3077 proptereaque

453 3098 684 3166 peccat,
711 3098 817 3148 aut
837 3091 1136 3148 inﬁciatur
1165 3093 1349 3148 Deum
1374 3093 1578 3165 ipsum
1609 3109 1760 3162 esse,
1793 3101 1850 3150 et
1877 3111 2012 3151 eam
2035 3094 2117 3151 ob

2226 1924 2538 1992 περίστασίν
2599 1939 2714 1972 τινα
2760 1924 2851 1972 καὶ
2903 1917 3101 1992 σχεδόν
3160 1923 3230 1982 ὡς
3273 1919 3368 1972 οῦκ
3415 1918 3591 1978 ἤθελεν
3639 1916 3838 1991 ἐσφάλη

2226 2015 2316 2063 καὶ
2346 2010 2562 2064 ὤλισθεν
2589 2032 2600 2045 ’
2644 2013 2669 2062 ὸ
2701 2007 2760 2064 δε
2793 2007 3094 2085 ἀδιάφορος,
3137 2007 3327 2065 οὐδένα
3368 2010 3519 2082 λόγον
3549 2006 3674 2064 οὐδε
3713 2010 3839 2064 ἐαυ-

2224 2108 2316 2154 τοῦ
2342 2097 2466 2154 οὐδε
2487 2109 2578 2154 τοῦ
2633 2108 2766 2155 Θεοῦ
2815 2104 3136 2174 ποιούμενος,
3197 2104 3282 2154 καὶ
3339 2096 3592 2173 οὐδεμίαν
3640 2096 3837 2173 διαφο-

2225 2193 2320 2264 ρὰν
2353 2199 2444 2244 τοῦ
2485 2210 2540 2244 τε
2594 2191 2906 2268 ἁμαρτάνειν
2956 2196 3045 2244 καὶ
3082 2198 3173 2244 τοῦ
3210 2193 3500 2266 κατορθοῦν
3545 2192 3836 2263 τιθέμενος,

2227 2282 2292 2342 ὡς
2331 2281 2458 2334 αῦτό
2486 2277 2643 2340 δηλοῖ
2667 2284 2725 2334 τὸ
2757 2285 2936 2354 ὄνομα,
2990 2284 3054 2334 τά
3099 2289 3278 2356 πρῶτα
3314 2285 3405 2333 καὶ
3452 2280 3651 2354 μεγάλα
3696 2283 3840 2334 κακὰ

2225 2379 2404 2425 νοσεῖ·
2472 2373 2502 2432 ἦ
2552 2377 2938 2448 καταφρόνησιν
2989 2379 3145 2440 Θεοῦ,
3192 2372 3221 2432 ᾖ
3273 2370 3524 2425 ἀπιστίαν
3565 2379 3659 2426 τοῦ
3707 2369 3838 2425 εἶναι

2227 2467 2372 2518 Θεὸν.
2406 2465 2504 2516 Δύο
2533 2465 2635 2536 γὰρ
2680 2470 2845 2515 ταῦτα
2875 2466 3022 2515 αἴτια
3059 2471 3121 2536 τῇ
3177 2461 3332 2536 ψυχῇ
3390 2469 3482 2515 τοῦ
3521 2462 3837 2538 ἁμαρτάνειν

2225 2558 2445 2624 γίνεται,
2506 2555 2571 2614 ὡς
2617 2555 2647 2612 ἡ
2706 2558 2882 2627 Γραφὴ
2938 2559 3194 2626 μαρτυρεῖ
3231 2551 3460 2624 λέγουσα
3515 2555 3639 2606 ποτε
3694 2556 3785 2625 μίν
3821 2579 3834 2593 -

2229 2649 2393 2702 Φησὶν
2434 2644 2459 2696 ό
2510 2645 2811 2718 παράνομος
2857 2650 2949 2696 τοῦ
3007 2643 3319 2718 ἁμαρτάνειν
3369 2641 3418 2694 ἐν
3476 2642 3640 2712 ἐαυτῷ
3671 2663 3684 2676 ο
3738 2641 3836 2695 οὐκ

2229 2735 2343 2786 ἔστι
2392 2731 2547 2806 φόϐος
2600 2739 2732 2786 Θεοῦ
2792 2731 3037 2785 ἀπέναντι
3089 2741 3188 2785 τῶν
3267 2731 3536 2805 ὀφθαλμῶν
3608 2731 3768 2783 αὐτοῦ
3815 2751 3830 2767 ο

2227 2826 2350 2876 ποτε
2400 2819 2496 2876 δέ’
2543 2819 2694 2877 Εἶπεν
2747 2824 2922 2898 ἄφρων
2975 2820 3024 2875 ἐν
3067 2817 3266 2896 καρδίᾳ
3317 2821 3510 2875 αὑτοῦ·
3575 2820 3686 2873 Οὐκ
3716 2823 3830 2874 ἔστι

2229 2916 2394 2976 Θεὸς·
2452 2909 2814 2987 διεφθάρησαν
2880 2917 2970 2964 καὶ
3022 2907 3420 2984 ἐϐδελύχθησαν
3471 2909 3518 2964 ἐν
3558 2906 3831 2968 ἐπιτηδεύ-

2225 3021 2409 3075 μασιν.
2453 2999 2614 3055 Ὠστε
2643 3003 2673 3062 ἦ
2703 3007 3145 3075 καταπεφρόνηκε,
3185 3007 3274 3055 καὶ
3306 2998 3340 3054 δ
3347 3004 3401 3054 ιά
3425 3009 3572 3056 τοῦτο
3599 3000 3835 3075 ἁμαρτά-

2225 3111 2318 3160 νει,
2353 3093 2382 3152 ᾖ
2427 3092 2552 3145 αὐτὸ
2577 3096 2634 3146 τὸ
2666 3089 2795 3147 εἶναι
2820 3096 2907 3145 τόν
2935 3095 3064 3147 Θεὸν
3089 3091 3336 3167 ἀρνεῖται,
3368 3097 3458 3144 καὶ
3489 3088 3524 3144 δ
3530 3094 3583 3144 ιὰ
3610 3099 3764 3145 τοῦτο
3785 3088 3833 3142 ἐν

455 3192 707 3234 causam
751 3177 813 3233 in
845 3177 1058 3232 studiis
1114 3181 1540 3251 corrumpitur,
1596 3182 1835 3236 tametsi
1885 3180 2115 3236 videtur

2228 3190 2334 3245 τοῖς
2361 3179 2748 3257 ἐπιτηδεύμασι
2789 3179 3148 3258 διαφθείρεται
3217 3181 3314 3236 κάν
3361 3181 3630 3256 ὁμολογεῖν
3676 3177 3832 3254 δοκῇ.

455 3267 748 3324 conﬁteri.
783 3269 1164 3337 Conﬁtentur
1184 3269 1363 3333 enim,
1397 3269 1610 3342 inquit,
1640 3285 1700 3326 se
1719 3285 1889 3326 nosse
1907 3272 2113 3338 Deum,

453 3359 639 3430 factis
677 3364 880 3415 autem
928 3360 1206 3429 negant".
1261 3360 1406 3425 Quas
1454 3375 1594 3416 cum
1624 3359 1704 3416 ita
1735 3376 1796 3417 se
1826 3360 2112 3428 habeant,

455 3447 639 3504 etiam
659 3446 1028 3518 objurgandi
1057 3447 1312 3504 modum
1345 3464 1486 3522 erga
1515 3465 1618 3506 eos
1645 3449 1753 3522 qui
1789 3456 1930 3507 sunt
1955 3451 2116 3521 ejus-

455 3536 624 3595 modi
667 3536 976 3593 diversum
1025 3553 1160 3594 esse
1208 3545 1486 3612 oportere
1534 3545 1702 3612 puto.
1757 3540 1896 3597 Pius
1953 3540 2116 3598 enim

455 3627 630 3702 quasi
651 3626 828 3684 locati
849 3628 1118 3700 quodam
1139 3629 1424 3701 prmsndio
1449 3629 1698 3702 indiget,
1729 3637 1786 3686 et
1804 3631 1867 3689 in
1890 3632 2026 3706 ipsa
2053 3649 2117 3690 re

456 3719 518 3776 in
556 3734 682 3792 qua
740 3717 1019 3783 offendit,
1067 3718 1249 3776 debet
1284 3719 1774 3792 objurgationem
1822 3722 2114 3791 sufferre;

454 3805 808 3866 inditferens
838 3824 1006 3877 vero,
1038 3823 1179 3864 cum
1209 3813 1404 3866 totum
1435 3809 1616 3867 simul
1633 3812 1966 3885 corruperit
1993 3814 2118 3869 ani-

455 3915 572 3956 mae
593 3898 1229 3972 bonum.aegrotetque
1253 3899 1400 3972 ipsis
1422 3899 1898 3971 generalioribus
1916 3901 2118 3972 malis,

457 3993 561 4043 aut
592 3991 890 4060 tanquam
925 3994 1323 4061 contemptor,
1358 3990 1443 4046 uti
1476 3991 1606 4062 jam
1653 3991 1801 4060 dixi,
1849 3999 1954 4048 aut
1991 3998 2118 4050 tan-

455 4090 646 4149 quam
670 4075 1042 4143 incredulus,
1069 4083 1129 4133 et
1163 4076 1375 4150 lugeri,
1417 4085 1476 4133 et
1517 4079 1856 4148 admoneri,
1907 4085 1966 4138 et
2012 4081 2117 4137 ob-

449 4165 688 4238 jurgari
741 4165 944 4234 debet,
983 4166 1191 4242 quoad
1245 4168 1298 4224 ei
1343 4169 1695 4240 persuaderi
1751 4171 1960 4244 possit,
2013 4175 2120 4230 aut

453 4259 644 4314 Deum
675 4259 1058 4327 essejustum
1081 4257 1374 4329 judicem,
1397 4266 1456 4317 et
1477 4261 1561 4317 ita
1585 4267 1981 4334 expavescat;
2013 4267 2120 4320 aut

451 4346 515 4404 in
555 4347 928 4416 universum,
989 4351 1181 4405 Deum
1225 4365 1377 4416 esse,
1434 4351 1644 4424 sicque
1692 4358 2112 4425 perterreatur.

453 4441 650 4511 Atque
675 4437 858 4495 etiam
887 4437 952 4495 id
983 4439 1136 4495 scire
1175 4455 1376 4511 operae
1409 4442 1667 4513 pretium
1714 4447 1828 4505 est.
1885 4442 2116 4500 contin-

453 4541 595 4598 gere
623 4545 786 4601 stepe
817 4529 1060 4602 piorum
1089 4529 1329 4598 delicta,
1359 4530 1568 4588 divina
1611 4532 1993 4604 providentia
2029 4533 2114 4590 ita

451 4616 845 4692 dispensante
875 4619 951 4675 ad
983 4635 1194 4676 eorum
1226 4620 1538 4678 utilitatem
1565 4639 1578 4678 :
1619 4623 1778 4680 Deus
1805 4623 1968 4680 enim
1988 4622 2115 4680 labi

453 4727 560 4768 eos
603 4709 934 4783 aliquando
980 4711 1292 4784 permittit,
1353 4715 1431 4770 ad
1478 4717 1821 4770 sanandam
1847 4714 2114 4786 priorem

453 4801 792 4876 quamdam
823 4801 1010 4858 animi
1039 4801 1385 4871 elationem,
1416 4803 1598 4877 quale
1627 4809 1719 4862 est
1745 4804 1911 4877 quod
1939 4821 1978 4862 a
2005 4807 2115 4862 Pe-

453 4899 546 4950 tro
573 4891 803 4949 dictum
835 4891 963 4965 fuit,
997 4897 1054 4950 et
1093 4893 1156 4950 in
1181 4909 1253 4950 eo
1283 4893 1420 4966 ipso
1444 4893 1684 4967 obtigit.

523 5036 714 5095 “Psal.
746 5052 932 5105 xxxv,
968 5042 1017 5094 t.
1096 5040 1119 5075 ⁸
1145 5037 1299 5096 Psal.
1331 5055 1454 5099 xui.
1492 5044 1541 5096 t.
1617 5040 1638 5076 ⁷
1666 5039 1772 5098 Tit.
1803 5055 1845 5110 ι,
1882 5044 1966 5098 16.

519 5167 634 5238 (47)
663 5162 904 5238 Antiqui
935 5163 1061 5220 duo
1089 5163 1222 5221 libri
1257 5162 1414 5225 δῆλον
1445 5168 1546 5224 ὅτι.

523 5235 965 5315 (lr'llnter'pres
997 5243 1338 5315 vetuscum
1385 5237 1551 5315 lllltd,
1592 5242 1682 5315 καὶ
1731 5247 1836 5301 τοίς
1891 5237 2111 5315 ἀδιαφό-

447 5326 576 5382 ροις,
619 5307 978 5382 itas/ertth
1009 5310 1258 5381 quilibet
1285 5311 1358 5366 de
1380 5313 1583 5381 vulgo,
1619 5314 1794 5376 longe
1816 5328 1851 5368 a
1877 5307 2112 5370 senten-

415 5441 422 5450 I
448 5378 531 5435 tia
562 5378 752 5434 Basilii
776 5378 1096 5436 aberravit.
1123 5381 1274 5447 Quid
1299 5383 1459 5439 enim
1489 5378 1649 5438 aetat
1684 5385 1967 5440 eumdem
2000 5385 2110 5441 lio-

450 5451 674 5527 m_in_etu
709 5467 841 5507 esse
874 5451 1178 5527 plebeium
1223 5454 1404 5510 simul
1446 5463 1502 5510 et
1543 5455 1758 5527 ptum?
1805 5457 1956 5526 Ergo
1999 5474 2110 5513 Vn:

453 5519 761 5600 ἀδιάφορος,
778 5529 841 5578 ut
861 5519 1217 5590 solet,tleliet
1237 5527 1347 5600 tioc
1369 5527 1501 5582 loco
1523 5519 1711 5600 a'c-cipi
1745 5545 1850 5597 pro
1873 5519 2110 5600 indi/fe-

451 5599 639 5675 rente,
666 5594 760 5675 cui
783 5610 925 5675 cura
954 5612 1070 5652 non
1095 5604 1204 5675 est,
1237 5597 1388 5675 bene
1411 5615 1486 5654 an
1519 5594 1675 5656 male
1699 5594 1858 5675 agat.

524 5664 639 5737 (49)
673 5666 813 5736 Reg.
833 5668 1064 5740 primus
1087 5667 1158 5732 εἰς
1184 5673 1333 5727 Θεὸν.

2227 3276 2356 3328 Θεὸν
2397 3275 2518 3348 γὰρ,
2571 3278 2731 3347 φησὶν
2767 3276 2902 3344 (50),
2961 3273 3310 3346 ὁμολογοῦσιν
3356 3268 3572 3340 εἰδέναι,
3622 3279 3729 3332 τοῖς
3776 3267 3836 3324 δε

2226 3366 2395 3438 ἔργοις
2425 3362 2721 3438 ἀρνοῦνται.
2755 3363 2850 3416 Ὠν
2880 3364 3045 3425 οὕτως
3084 3364 3332 3436 ἐχόντων,
3369 3367 3460 3415 καὶ
3503 3365 3592 3416 τὸν
3645 3366 3831 3436 τρόπον

2226 3461 2322 3514 τῆς
2351 3453 2700 3526 ἐπιτιμήσεως
2725 3452 3006 3527 λογίζομαι
3027 3454 3157 3506 εἶναι
3185 3449 3292 3507 δεῖν
3321 3452 3404 3506 ἐπὶ
3444 3460 3544 3505 τῶν
3588 3454 3826 3505 τοιούτων

2228 3540 2495 3618 διάφορον.
2553 3543 2612 3596 Ὀ
2673 3546 2763 3616 μεν
2810 3546 2912 3616 γὰρ
2963 3542 3183 3605 εὐλαϐὴς
3223 3544 3377 3598 οἱονεὶ
3428 3549 3648 3596 τοπικοῦ
3695 3559 3828 3603 τινος

2225 3634 2422 3709 χρῄζει
2449 3641 2540 3687 τοῦ
2586 3631 2951 3707 βοηθήματος,
2991 3638 3081 3686 καὶ
3129 3637 3248 3708 περὶ
3297 3633 3425 3685 αὐτὸ
3473 3637 3532 3686 τὸ
3588 3637 3829 3707 πρᾶγμα,

2227 3725 2294 3785 εἰς
2323 3724 2350 3777 ὃ
2379 3723 2601 3798 ἐσφάλη,
2629 3728 2724 3782 τὴν
2761 3723 3066 3796 ἐπιτίμησιν
3096 3724 3392 3782 ὑποστῆναι
3418 3721 3598 3796 ὀφείλει
3618 3742 3630 3755 ·
3688 3721 3714 3774 ὸ
3771 3717 3830 3772 δε

2227 3811 2532 3891 ἀδιάφορος,
2564 3813 2677 3867 ὅλον
2707 3814 2837 3887 ὁμοῦ
2857 3817 2916 3866 τό
2943 3812 3132 3886 ψυχῆς
3161 3812 3316 3866 καλὸν
3361 3809 3690 3886 διαφθείρας,
3742 3813 3830 3863 καὶ

2227 3905 2362 3959 αὐτὰ
2397 3907 2463 3958 τὰ
2504 3911 2604 3957 τῶν
2657 3911 2830 3956 κακῶν
2868 3902 3258 3978 καθολικώτερα
3301 3912 3488 3966 νοσῶν,
3538 3903 3569 3962 ἡ
3618 3904 3683 3964 ὡς
3731 3920 3830 3954 κα-

2223 3999 2562 4070 ταφρονητὴς,
2631 3995 2804 4069 ὥσπερ
2868 3994 3008 4048 εἶπον
3044 3997 3179 4065 (5U,
3239 3993 3269 4053 ἦ
3321 3995 3391 4054 ὡς
3447 3994 3696 4059 ἄπιστος,
3743 3997 3832 4046 καὶ

2225 4086 2546 4152 πενθεῖσθαι,
2601 4088 2692 4136 καὶ
2743 4084 3121 4150 νουθετεῖσθαι,
3161 4086 3252 4136 καὶ
3299 4081 3647 4156 ἐπιτιμᾶσθαι
3700 4082 3834 4156 ὀφεί-

2224 4175 2320 4244 λει,
2349 4179 2543 4248 μέχρις
2571 4173 2632 4226 ἆν
2661 4173 3126 4249 πληροφορηθῆναι
3158 4169 3388 4245 δυνηθῇ,
3440 4176 3469 4231 ἣ
3504 4174 3585 4225 ὅτι
3628 4174 3656 4225 ό
3708 4176 3832 4236 Θεὸς

2225 4270 2410 4342 κριτής
2453 4263 2679 4331 δίκαιος,
2729 4269 2819 4316 καὶ
2869 4262 3095 4336 φοϐηθῇ,
3151 4263 3178 4322 ἣ
3237 4264 3318 4315 ὅτι
3379 4261 3505 4323 ὅλως
3535 4265 3648 4314 ἔστι
3687 4265 3826 4328 Θεὸς,

2225 4361 2316 4409 καὶ
2344 4354 2677 4428 καταπλαγῇ.
2718 4352 2934 4408 Κάκεῖνο
2965 4351 3025 4407 δε
3054 4348 3249 4407 εἰδέναι
3285 4357 3421 4426 χρὴ,
3449 4354 3531 4406 ότι
3579 4353 3646 4404 τά
3687 4350 3828 4405 ε’λατ-

2226 4452 2442 4519 τωματα
2501 4454 2601 4499 τῶν
2640 4443 2867 4498 mace»
2914 4448 3116 4516 γίνεται
3166 4441 3417 4506 πολλάκις
3450 4447 3539 4495 καὶ
3591 4443 3707 4494 κατ’
3760 4442 3830 4496 oi-

2151 4519 2193 4574 D
2226 4541 2470 4610 κονομίαν
2514 4539 2647 4609 πρὸς
2669 4538 2729 4588 τό
2763 4539 3055 4608 συμφέρον·
3102 4542 3193 4586 τοῦ
3234 4539 3362 4588 Θεοῦ
3423 4541 3828 4610 συγχωροῦντος

2225 4627 2383 4680 ἐνίοτε
2449 4625 2734 4685 ὀλισθῆσαι
2798 4625 2869 4688 εἰς
2929 4627 3202 4700 θεραπείαν
3241 4624 3352 4690 (52)
3397 4623 3667 4697 ἐπάρσεως
3708 4643 3830 4698 προσ

2223 4715 2509 4785 λαϐούσης,
2541 4714 2647 4770 οἶόν
2682 4716 2794 4770 ἐστι
2833 4719 2892 4768 τό
2917 4717 3017 4768 ὑπὸ
3043 4722 3136 4768 τοῦ
3167 4718 3367 4788 Πέτρου
3407 4713 3692 4788 εἰρημένον,
3741 4717 3829 4766 καὶ

2224 4807 2300 4863 ἐπ’
2333 4807 2491 4862 αὑτοῦ
2518 4810 2873 4881 γεγενημένον.

2221 5239 2260 5298 b
2293 5169 2414 5240 (50)
2453 5168 2627 5236 Illud,
2650 5173 2832 5242 φησίν,
2850 5167 3127 5226 additum
3149 5171 3329 5224 estex
3348 5167 3592 5225 duobus
3612 5165 3831 5224 codici-

2267 5259 2361 5297 US.

2267 5259 2361 5297 US.

2290 5316 2403 5388 (δι)
2429 5317 2664 5371 Veteres
2690 5314 2838 5388 _duoi
2861 5312 2995 5388 libri
3027 5318 3445 5388 καταφρονητὴς,
3491 5314 3614 5387 ὅπερ
3665 5308 3824 5388 εἶπον.

2226 5382 2408 5441 Paulo
2430 5395 2570 5460 post
2594 5384 2785 5441 codex
2809 5386 2974 5440 Colb.
3027 5392 3116 5439 καὶ
3156 5382 3444 5447 πιστεύσας
3492 5382 3825 5457 καταπλαγῇ,

2221 5463 2276 5514 et
2304 5461 2552 5516 credens
2580 5465 3017 5528 perlerreatur.

2289 5531 2678 5606 t52)_t2mlices
2722 5529 2848 5584 duo
2891 5531 3310 5606 prietet‘_Voss.
3352 5534 3482 5606 πρὸς
3529 5530 3823 5602 θεραπείαν.

2221 5603 2352 5662 Μοι
2391 5601 2535 5672 Reg.
2577 5604 2810 5676 primus
2839 5601 2929 5656 καὶ
2956 5601 3030 5656 ἐπ’
3065 5603 3224 5674 αὐτῷ·
