  <div class='ocr_page' id='page_1' title='image "/cluster/home/n/w/nwhite01/storage/ocr_20150623/31:no.3/coo.31924054869288/585.png"; bbox 0 0 4114 6390; ppageno 0'>
   <div class='ocr_carea' id='block_1_1' title="bbox 449 297 584 353">
    <p class='ocr_par' dir='ltr' id='par_1_1' title="bbox 449 297 584 353">
     <span class='ocr_line' id='line_1_1' title="bbox 449 297 584 353; baseline 0 -1"><span class='ocrx_word' id='word_1_1' title='bbox 449 297 584 353; x_wconf 70' lang='grc'><strong><em>1143</em></strong></span> 
     </span>
    </p>
   </div>
   <div class='ocr_carea' id='block_1_2' title="bbox 772 421 1787 498">
    <p class='ocr_par' dir='ltr' id='par_1_2' title="bbox 772 421 1787 498">
     <span class='ocr_line' id='line_1_2' title="bbox 772 421 1787 498; baseline -0.001 -18"><span class='ocrx_word' id='word_1_2' title='bbox 772 421 952 498; x_wconf 64' lang='grc'><strong>446</strong></span> <span class='ocrx_word' id='word_1_3' title='bbox 993 425 1510 483; x_wconf 79' lang='lat' dir='ltr'><strong><em>INTERROGATIO</em></strong></span> <span class='ocrx_word' id='word_1_4' title='bbox 1551 425 1787 482; x_wconf 80' lang='lat' dir='ltr'><strong><em>LXXXV.</em></strong></span> 
     </span>
    </p>
   </div>
   <div class='ocr_carea' id='block_1_3' title="bbox 447 511 2111 587">
    <p class='ocr_par' dir='ltr' id='par_1_3' title="bbox 447 511 2111 587">
     <span class='ocr_line' id='line_1_3' title="bbox 447 511 2111 587; baseline 0.002 -19"><span class='ocrx_word' id='word_1_5' title='bbox 447 511 748 586; x_wconf 79' lang='lat' dir='ltr'><strong><em>Nunquid</em></strong></span> <span class='ocrx_word' id='word_1_6' title='bbox 795 516 1115 571; x_wconf 82' lang='lat' dir='ltr'><strong><em>conveniat</em></strong></span> <span class='ocrx_word' id='word_1_7' title='bbox 1152 515 1391 587; x_wconf 89' lang='lat' dir='ltr'><strong><em>aliquid</em></strong></span> <span class='ocrx_word' id='word_1_8' title='bbox 1436 517 1756 586; x_wconf 87' lang='lat' dir='ltr'><strong><em>proprium</em></strong></span> <span class='ocrx_word' id='word_1_9' title='bbox 1804 514 2019 573; x_wconf 77' lang='lat' dir='ltr'><strong><em>habere</em></strong></span> <span class='ocrx_word' id='word_1_10' title='bbox 2045 515 2111 572; x_wconf 89' lang='lat' dir='ltr'><strong><em>in</em></strong></span> 
     </span>
    </p>
   </div>
   <div class='ocr_carea' id='block_1_4' title="bbox 971 603 1583 674">
    <p class='ocr_par' dir='ltr' id='par_1_4' title="bbox 971 603 1583 674">
     <span class='ocr_line' id='line_1_4' title="bbox 971 603 1583 674; baseline 0.008 -15"><span class='ocrx_word' id='word_1_11' title='bbox 971 603 1241 674; x_wconf 81' lang='lat' dir='ltr'><strong><em>fratrum</em></strong></span> <span class='ocrx_word' id='word_1_12' title='bbox 1282 606 1583 664; x_wconf 77' lang='lat' dir='ltr'><strong><em>societate.</em></strong></span> 
     </span>
    </p>
   </div>
   <div class='ocr_carea' id='block_1_5' title="bbox 1073 713 1488 770">
    <p class='ocr_par' dir='ltr' id='par_1_5' title="bbox 1073 713 1488 770">
     <span class='ocr_line' id='line_1_5' title="bbox 1073 713 1488 770; baseline 0.002 -3"><span class='ocrx_word' id='word_1_13' title='bbox 1073 713 1488 770; x_wconf 77' lang='lat' dir='ltr'><strong><em>RESPONSIO.</em></strong></span> 
     </span>
    </p>
   </div>
   <div class='ocr_carea' id='block_1_6' title="bbox 521 801 2110 876">
    <p class='ocr_par' dir='ltr' id='par_1_6' title="bbox 521 801 2110 876">
     <span class='ocr_line' id='line_1_6' title="bbox 521 801 2110 876; baseline 0 -18"><span class='ocrx_word' id='word_1_14' title='bbox 521 803 646 858; x_wconf 80' lang='lat' dir='ltr'><strong><em>Hoc</em></strong></span> <span class='ocrx_word' id='word_1_15' title='bbox 688 801 1060 858; x_wconf 83' lang='lat' dir='ltr'><strong><em>contrarium</em></strong></span> <span class='ocrx_word' id='word_1_16' title='bbox 1109 809 1197 858; x_wconf 90' lang='lat' dir='ltr'><strong><em>est</em></strong></span> <span class='ocrx_word' id='word_1_17' title='bbox 1236 803 1580 859; x_wconf 85' lang='lat' dir='ltr'><strong><em>testimonio</em></strong></span> <span class='ocrx_word' id='word_1_18' title='bbox 1623 801 1791 876; x_wconf 87' lang='lat' dir='ltr'><strong><em>quod</em></strong></span> <span class='ocrx_word' id='word_1_19' title='bbox 1837 803 1898 858; x_wconf 92' lang='lat' dir='ltr'><strong><em>in</em></strong></span> <span class='ocrx_word' id='word_1_20' title='bbox 1949 802 2110 860; x_wconf 77' lang='lat' dir='ltr'><strong><em>Actis</em></strong></span> 
     </span>
    </p>
   </div>
   <div class='ocr_carea' id='block_1_7' title="bbox 447 891 2107 966">
    <p class='ocr_par' dir='ltr' id='par_1_7' title="bbox 447 891 2107 966">
     <span class='ocr_line' id='line_1_7' title="bbox 447 891 2107 966; baseline 0.001 -18"><span class='ocrx_word' id='word_1_21' title='bbox 447 891 701 949; x_wconf 82' lang='lat' dir='ltr'><strong><em>refertur</em></strong></span> <span class='ocrx_word' id='word_1_22' title='bbox 729 891 804 947; x_wconf 76' lang='lat' dir='ltr'><strong><em>de</em></strong></span> <span class='ocrx_word' id='word_1_23' title='bbox 835 891 906 947; x_wconf 90' lang='lat' dir='ltr'><strong><em>iis</em></strong></span> <span class='ocrx_word' id='word_1_24' title='bbox 936 891 1041 965; x_wconf 86' lang='lat' dir='ltr'><strong><em>qui</em></strong></span> <span class='ocrx_word' id='word_1_25' title='bbox 1071 892 1539 952; x_wconf 82' lang='lat' dir='ltr'><strong><em>crediderant.in</em></strong></span> <span class='ocrx_word' id='word_1_26' title='bbox 1572 893 1795 966; x_wconf 87' lang='lat' dir='ltr'><strong><em>quibus</em></strong></span> <span class='ocrx_word' id='word_1_27' title='bbox 1817 893 2107 966; x_wconf 88' lang='lat' dir='ltr'><strong><em>scriptum</em></strong></span> 
     </span>
    </p>
   </div>
   <div class='ocr_carea' id='block_1_8' title="bbox 449 983 2110 1056">
    <p class='ocr_par' dir='ltr' id='par_1_8' title="bbox 449 983 2110 1056">
     <span class='ocr_line' id='line_1_8' title="bbox 449 983 2110 1056; baseline 0.001 -19"><span class='ocrx_word' id='word_1_28' title='bbox 449 988 582 1038; x_wconf 89' lang='lat' dir='ltr'><strong><em>est:</em></strong></span> <span class='ocrx_word' id='word_1_29' title='bbox 639 983 762 1038; x_wconf 91' lang='lat' dir='ltr'><strong><em>Nec</em></strong></span> <span class='ocrx_word' id='word_1_30' title='bbox 813 984 1130 1055; x_wconf 78' lang='lat' dir='ltr'><strong><em>quisquam</em></strong></span> <span class='ocrx_word' id='word_1_31' title='bbox 1180 999 1407 1054; x_wconf 88' lang='lat' dir='ltr'><strong><em>eorum,</em></strong></span> <span class='ocrx_word' id='word_1_32' title='bbox 1441 999 1570 1056; x_wconf 58' lang='lat' dir='ltr'><strong><em>qua</em></strong></span> <span class='ocrx_word' id='word_1_33' title='bbox 1606 985 1965 1054; x_wconf 87' lang='lat' dir='ltr'><strong><em>possidebat,</em></strong></span> <span class='ocrx_word' id='word_1_34' title='bbox 1999 985 2110 1040; x_wconf 86' lang='lat' dir='ltr'><strong><em>ali-</em></strong></span> 
     </span>
    </p>
   </div>
   <div class='ocr_carea' id='block_1_9' title="bbox 451 1073 2110 1146">
    <p class='ocr_par' dir='ltr' id='par_1_9' title="bbox 451 1073 2110 1146">
     <span class='ocr_line' id='line_1_9' title="bbox 451 1073 2110 1146; baseline 0.005 -20"><span class='ocrx_word' id='word_1_35' title='bbox 451 1073 600 1146; x_wconf 86' lang='lat' dir='ltr'><strong><em>quid</em></strong></span> <span class='ocrx_word' id='word_1_36' title='bbox 622 1087 796 1127; x_wconf 67' lang='lat' dir='ltr'><strong><em>suum</em></strong></span> <span class='ocrx_word' id='word_1_37' title='bbox 817 1087 938 1128; x_wconf 90' lang='lat' dir='ltr'><strong><em>esse</em></strong></span> <span class='ocrx_word' id='word_1_38' title='bbox 952 1073 1264 1128; x_wconf 83' lang='lat' dir='ltr'><strong><em>dicebat“.</em></strong></span> <span class='ocrx_word' id='word_1_39' title='bbox 1284 1074 1478 1139; x_wconf 82' lang='lat' dir='ltr'><strong><em>Quare</em></strong></span> <span class='ocrx_word' id='word_1_40' title='bbox 1509 1075 1613 1146; x_wconf 88' lang='lat' dir='ltr'><strong><em>qui</em></strong></span> <span class='ocrx_word' id='word_1_41' title='bbox 1633 1074 1775 1130; x_wconf 88' lang='lat' dir='ltr'><strong><em>dicit</em></strong></span> <span class='ocrx_word' id='word_1_42' title='bbox 1802 1092 1978 1132; x_wconf 91' lang='lat' dir='ltr'><strong><em>suum</em></strong></span> <span class='ocrx_word' id='word_1_43' title='bbox 2007 1076 2110 1134; x_wconf 86' lang='lat' dir='ltr'><strong><em>ali-</em></strong></span> 
     </span>
    </p>
   </div>
   <div class='ocr_carea' id='block_1_10' title="bbox 451 1160 2108 1235">
    <p class='ocr_par' dir='ltr' id='par_1_10' title="bbox 451 1160 2108 1235">
     <span class='ocr_line' id='line_1_10' title="bbox 451 1160 2108 1235; baseline 0.005 -21"><span class='ocrx_word' id='word_1_44' title='bbox 451 1160 600 1234; x_wconf 81' lang='lat' dir='ltr'><strong><em>quid</em></strong></span> <span class='ocrx_word' id='word_1_45' title='bbox 621 1176 774 1231; x_wconf 74' lang='lat' dir='ltr'><strong><em>esse,</em></strong></span> <span class='ocrx_word' id='word_1_46' title='bbox 811 1162 1078 1234; x_wconf 81' lang='lat' dir='ltr'><strong><em>seipsum</em></strong></span> <span class='ocrx_word' id='word_1_47' title='bbox 1109 1162 1375 1218; x_wconf 90' lang='lat' dir='ltr'><strong><em>alienum</em></strong></span> <span class='ocrx_word' id='word_1_48' title='bbox 1403 1162 1544 1219; x_wconf 85' lang='lat' dir='ltr'><strong><em>facit</em></strong></span> <span class='ocrx_word' id='word_1_49' title='bbox 1580 1163 1658 1220; x_wconf 89' lang='lat' dir='ltr'><strong><em>ab</em></strong></span> <span class='ocrx_word' id='word_1_50' title='bbox 1691 1164 1952 1221; x_wconf 81' lang='lat' dir='ltr'><strong><em>Ecclesia</em></strong></span> <span class='ocrx_word' id='word_1_51' title='bbox 1985 1167 2108 1235; x_wconf 88' lang='lat' dir='ltr'><strong><em>Dei,</em></strong></span> 
     </span>
    </p>
   </div>
   <div class='ocr_carea' id='block_1_11' title="bbox 451 1249 2112 1324">
    <p class='ocr_par' dir='ltr' id='par_1_11' title="bbox 451 1249 2112 1324">
     <span class='ocr_line' id='line_1_11' title="bbox 451 1249 2112 1324; baseline 0.005 -19"><span class='ocrx_word' id='word_1_52' title='bbox 451 1255 510 1306; x_wconf 88' lang='lat' dir='ltr'><strong><em>et</em></strong></span> <span class='ocrx_word' id='word_1_53' title='bbox 540 1266 575 1306; x_wconf 89' lang='lat' dir='ltr'><strong><em>a</em></strong></span> <span class='ocrx_word' id='word_1_54' title='bbox 596 1249 882 1306; x_wconf 80' lang='lat' dir='ltr'><strong><em>charitate</em></strong></span> <span class='ocrx_word' id='word_1_55' title='bbox 925 1251 1178 1321; x_wconf 87' lang='lat' dir='ltr'><strong><em>Domini,</em></strong></span> <span class='ocrx_word' id='word_1_56' title='bbox 1211 1251 1317 1324; x_wconf 87' lang='lat' dir='ltr'><strong><em>qui</em></strong></span> <span class='ocrx_word' id='word_1_57' title='bbox 1348 1257 1405 1308; x_wconf 90' lang='lat' dir='ltr'><strong><em>et</em></strong></span> <span class='ocrx_word' id='word_1_58' title='bbox 1442 1253 1628 1308; x_wconf 80' lang='lat' dir='ltr'><strong><em>verbo</em></strong></span> <span class='ocrx_word' id='word_1_59' title='bbox 1649 1260 1706 1310; x_wconf 86' lang='lat' dir='ltr'><strong><em>et</em></strong></span> <span class='ocrx_word' id='word_1_60' title='bbox 1728 1253 1885 1310; x_wconf 83' lang='lat' dir='ltr'><strong><em>facto</em></strong></span> <span class='ocrx_word' id='word_1_61' title='bbox 1905 1255 2112 1313; x_wconf 81' lang='lat' dir='ltr'><strong><em>docuit</em></strong></span> 
     </span>
    </p>
   </div>
   <div class='ocr_carea' id='block_1_12' title="bbox 452 1339 2110 1415">
    <p class='ocr_par' dir='ltr' id='par_1_12' title="bbox 452 1339 2110 1415">
     <span class='ocr_line' id='line_1_12' title="bbox 452 1339 2110 1415; baseline 0.004 -21"><span class='ocrx_word' id='word_1_62' title='bbox 452 1339 720 1396; x_wconf 92' lang='lat' dir='ltr'><strong><em>animam</em></strong></span> <span class='ocrx_word' id='word_1_63' title='bbox 745 1356 918 1395; x_wconf 90' lang='lat' dir='ltr'><strong><em>suam</em></strong></span> <span class='ocrx_word' id='word_1_64' title='bbox 947 1355 1058 1413; x_wconf 85' lang='lat' dir='ltr'><strong><em>pro</em></strong></span> <span class='ocrx_word' id='word_1_65' title='bbox 1089 1341 1298 1398; x_wconf 87' lang='lat' dir='ltr'><strong><em>amicis</em></strong></span> <span class='ocrx_word' id='word_1_66' title='bbox 1328 1343 1678 1415; x_wconf 84' lang='lat' dir='ltr'><strong><em>ponendam</em></strong></span> <span class='ocrx_word' id='word_1_67' title='bbox 1699 1359 1853 1414; x_wconf 88' lang='lat' dir='ltr'><strong><em>esse,</em></strong></span> <span class='ocrx_word' id='word_1_68' title='bbox 1883 1344 2110 1402; x_wconf 86' lang='lat' dir='ltr'><strong><em>nedum</em></strong></span> 
     </span>
    </p>
   </div>
   <div class='ocr_carea' id='block_1_13' title="bbox 452 1435 926 1504">
    <p class='ocr_par' dir='ltr' id='par_1_13' title="bbox 452 1435 926 1504">
     <span class='ocr_line' id='line_1_13' title="bbox 452 1435 926 1504; baseline -0.004 -19"><span class='ocrx_word' id='word_1_69' title='bbox 452 1444 600 1504; x_wconf 88' lang='lat' dir='ltr'><strong><em>opes</em></strong></span> <span class='ocrx_word' id='word_1_70' title='bbox 625 1435 926 1487; x_wconf 83' lang='lat' dir='ltr'><strong><em>externas.</em></strong></span> 
     </span>
    </p>
   </div>
   <div class='ocr_carea' id='block_1_14' title="bbox 862 1539 1682 1600">
    <p class='ocr_par' dir='ltr' id='par_1_14' title="bbox 862 1539 1682 1600">
     <span class='ocr_line' id='line_1_14' title="bbox 862 1539 1682 1600; baseline 0.007 -7"><span class='ocrx_word' id='word_1_71' title='bbox 862 1539 1377 1598; x_wconf 77' lang='lat' dir='ltr'><strong><em>INTERROGATIO</em></strong></span> <span class='ocrx_word' id='word_1_72' title='bbox 1420 1543 1682 1600; x_wconf 78' lang='lat' dir='ltr'><strong><em>LXXXVI.</em></strong></span> 
     </span>
    </p>
   </div>
   <div class='ocr_carea' id='block_1_15' title="bbox 451 1628 2110 1708">
    <p class='ocr_par' dir='ltr' id='par_1_15' title="bbox 451 1628 2110 1708">
     <span class='ocr_line' id='line_1_15' title="bbox 451 1628 2110 1708; baseline 0.005 -23"><span class='ocrx_word' id='word_1_73' title='bbox 451 1629 522 1685; x_wconf 87' lang='lat' dir='ltr'><strong><em>Si</em></strong></span> <span class='ocrx_word' id='word_1_74' title='bbox 548 1629 680 1701; x_wconf 90' lang='lat' dir='ltr'><strong><em>quis</em></strong></span> <span class='ocrx_word' id='word_1_75' title='bbox 706 1628 892 1697; x_wconf 92' lang='lat' dir='ltr'><strong><em>dicat,</em></strong></span> <span class='ocrx_word' id='word_1_76' title='bbox 922 1629 1129 1702; x_wconf 85' lang='lat' dir='ltr'><strong><em>Neque</em></strong></span> <span class='ocrx_word' id='word_1_77' title='bbox 1147 1632 1379 1702; x_wconf 89' lang='lat' dir='ltr'><strong><em>accipio</em></strong></span> <span class='ocrx_word' id='word_1_78' title='bbox 1405 1647 1441 1688; x_wconf 92' lang='lat' dir='ltr'><strong><em>a</em></strong></span> <span class='ocrx_word' id='word_1_79' title='bbox 1467 1633 2002 1708; x_wconf 68' lang='lat' dir='ltr'><strong><em>fratribusmeque</em></strong></span> <span class='ocrx_word' id='word_1_80' title='bbox 2030 1637 2110 1694; x_wconf 88' lang='lat' dir='ltr'><strong><em>eis</em></strong></span> 
     </span>
    </p>
   </div>
   <div class='ocr_carea' id='block_1_16' title="bbox 521 1713 2110 1794">
    <p class='ocr_par' dir='ltr' id='par_1_16' title="bbox 521 1713 2110 1794">
     <span class='ocr_line' id='line_1_16' title="bbox 521 1713 2110 1794; baseline 0.006 -25"><span class='ocrx_word' id='word_1_81' title='bbox 521 1714 619 1780; x_wconf 88' lang='lat' dir='ltr'><strong><em>do,</em></strong></span> <span class='ocrx_word' id='word_1_82' title='bbox 665 1713 767 1770; x_wconf 88' lang='lat' dir='ltr'><strong><em>sed</em></strong></span> <span class='ocrx_word' id='word_1_83' title='bbox 795 1715 938 1771; x_wconf 90' lang='lat' dir='ltr'><strong><em>meis</em></strong></span> <span class='ocrx_word' id='word_1_84' title='bbox 985 1721 1302 1772; x_wconf 88' lang='lat' dir='ltr'><strong><em>contentus</em></strong></span> <span class='ocrx_word' id='word_1_85' title='bbox 1352 1733 1482 1774; x_wconf 90' lang='lat' dir='ltr'><strong><em>sum</em></strong></span> <span class='ocrx_word' id='word_1_86' title='bbox 1527 1720 1743 1792; x_wconf 86' lang='lat' dir='ltr'><strong><em>ecquid</em></strong></span> <span class='ocrx_word' id='word_1_87' title='bbox 1769 1721 1937 1778; x_wconf 86' lang='lat' dir='ltr'><strong><em>nobis</em></strong></span> <span class='ocrx_word' id='word_1_88' title='bbox 1967 1737 2110 1794; x_wconf 86' lang='lat' dir='ltr'><strong><em>erga</em></strong></span> 
     </span>
    </p>
   </div>
   <div class='ocr_carea' id='block_1_17' title="bbox 526 1803 1414 1877">
    <p class='ocr_par' dir='ltr' id='par_1_17' title="bbox 526 1803 1414 1877">
     <span class='ocr_line' id='line_1_17' title="bbox 526 1803 1414 1877; baseline 0.005 -18"><span class='ocrx_word' id='word_1_89' title='bbox 526 1804 709 1862; x_wconf 88' lang='lat' dir='ltr'><strong><em>talem</em></strong></span> <span class='ocrx_word' id='word_1_90' title='bbox 739 1803 1177 1862; x_wconf 86' lang='lat' dir='ltr'><strong><em>observandum</em></strong></span> <span class='ocrx_word' id='word_1_91' title='bbox 1202 1807 1414 1877; x_wconf 86' lang='lat' dir='ltr'><strong><em>fuerit.</em></strong></span> 
     </span>
    </p>
   </div>
   <div class='ocr_carea' id='block_1_18' title="bbox 1083 1915 1489 1972">
    <p class='ocr_par' dir='ltr' id='par_1_18' title="bbox 1083 1915 1489 1972">
     <span class='ocr_line' id='line_1_18' title="bbox 1083 1915 1489 1972; baseline 0.01 -4"><span class='ocrx_word' id='word_1_92' title='bbox 1083 1915 1489 1972; x_wconf 82' lang='lat' dir='ltr'><strong><em>RESPONSIO.</em></strong></span> 
     </span>
    </p>
   </div>
   <div class='ocr_carea' id='block_1_19' title="bbox 527 1999 2111 2082">
    <p class='ocr_par' dir='ltr' id='par_1_19' title="bbox 527 1999 2111 2082">
     <span class='ocr_line' id='line_1_19' title="bbox 527 1999 2111 2082; baseline 0.006 -24"><span class='ocrx_word' id='word_1_93' title='bbox 527 2000 630 2058; x_wconf 82' lang='lat' dir='ltr'><strong><em>Hic</em></strong></span> <span class='ocrx_word' id='word_1_94' title='bbox 689 1999 804 2057; x_wconf 86' lang='lat' dir='ltr'><strong><em>nisi</em></strong></span> <span class='ocrx_word' id='word_1_95' title='bbox 865 2002 1392 2074; x_wconf 72' lang='lat' dir='ltr'><strong><em>pareatdoctrinte</em></strong></span> <span class='ocrx_word' id='word_1_96' title='bbox 1451 2006 1706 2080; x_wconf 86' lang='lat' dir='ltr'><strong><em>Domini,</em></strong></span> <span class='ocrx_word' id='word_1_97' title='bbox 1763 2008 1867 2082; x_wconf 88' lang='lat' dir='ltr'><strong><em>qui</em></strong></span> <span class='ocrx_word' id='word_1_98' title='bbox 1909 2009 2111 2068; x_wconf 82' lang='lat' dir='ltr'><strong><em>dixit:</em></strong></span> 
     </span>
    </p>
   </div>
   <div class='ocr_carea' id='block_1_20' title="bbox 453 2091 2116 2173">
    <p class='ocr_par' dir='ltr' id='par_1_20' title="bbox 453 2091 2116 2173">
     <span class='ocr_line' id='line_1_20' title="bbox 453 2091 2116 2173; baseline 0.007 -25"><span class='ocrx_word' id='word_1_99' title='bbox 453 2091 706 2162; x_wconf 84' lang='lat' dir='ltr'><strong><em>Diligite</em></strong></span> <span class='ocrx_word' id='word_1_100' title='bbox 733 2091 1008 2151; x_wconf 84' lang='lat' dir='ltr'><strong><em>invicem.</em></strong></span> <span class='ocrx_word' id='word_1_101' title='bbox 1038 2093 1191 2149; x_wconf 89' lang='lat' dir='ltr'><strong><em>sicut</em></strong></span> <span class='ocrx_word' id='word_1_102' title='bbox 1211 2109 1317 2164; x_wconf 85' lang='lat' dir='ltr'><strong><em>ego</em></strong></span> <span class='ocrx_word' id='word_1_103' title='bbox 1345 2096 1540 2153; x_wconf 73' lang='lat' dir='ltr'><strong><em>dilexi</em></strong></span> <span class='ocrx_word' id='word_1_104' title='bbox 1567 2113 1667 2156; x_wconf 90' lang='lat' dir='ltr'><strong><em>vos</em></strong></span> <span class='ocrx_word' id='word_1_105' title='bbox 1693 2101 1760 2164; x_wconf 83' lang='grc'><strong><em>¹²,</em></strong></span> <span class='ocrx_word' id='word_1_106' title='bbox 1791 2115 2116 2173; x_wconf 81' lang='lat' dir='ltr'><strong><em>pareamus</em></strong></span> 
     </span>
    </p>
   </div>
   <div class='ocr_carea' id='block_1_21' title="bbox 451 2180 2115 2257">
    <p class='ocr_par' dir='ltr' id='par_1_21' title="bbox 451 2180 2115 2257">
     <span class='ocr_line' id='line_1_21' title="bbox 451 2180 2115 2257; baseline 0.008 -21"><span class='ocrx_word' id='word_1_107' title='bbox 451 2196 566 2236; x_wconf 85' lang='lat' dir='ltr'><strong><em>nos</em></strong></span> <span class='ocrx_word' id='word_1_108' title='bbox 595 2180 904 2253; x_wconf 85' lang='lat' dir='ltr'><strong><em>Apostolo,</em></strong></span> <span class='ocrx_word' id='word_1_109' title='bbox 951 2182 1058 2255; x_wconf 87' lang='lat' dir='ltr'><strong><em>qui</em></strong></span> <span class='ocrx_word' id='word_1_110' title='bbox 1101 2183 1184 2238; x_wconf 87' lang='lat' dir='ltr'><strong><em>ait</em></strong></span> <span class='ocrx_word' id='word_1_111' title='bbox 1214 2201 1227 2240; x_wconf 92' lang='lat'><strong>:</strong></span> <span class='ocrx_word' id='word_1_112' title='bbox 1255 2184 1513 2256; x_wconf 80' lang='lat' dir='ltr'><strong><em>Auferte</em></strong></span> <span class='ocrx_word' id='word_1_113' title='bbox 1545 2203 1802 2257; x_wconf 86' lang='lat' dir='ltr'><strong><em>pravum</em></strong></span> <span class='ocrx_word' id='word_1_114' title='bbox 1838 2206 1915 2248; x_wconf 73' lang='lat' dir='ltr'><strong><em>ea:</em></strong></span> <span class='ocrx_word' id='word_1_115' title='bbox 1953 2193 2115 2250; x_wconf 83' lang='lat' dir='ltr'><strong><em>vobis</em></strong></span> 
     </span>
    </p>
   </div>
   <div class='ocr_carea' id='block_1_22' title="bbox 452 2270 2114 2352">
    <p class='ocr_par' dir='ltr' id='par_1_22' title="bbox 452 2270 2114 2352">
     <span class='ocr_line' id='line_1_22' title="bbox 452 2270 2114 2352; baseline 0.008 -26"><span class='ocrx_word' id='word_1_116' title='bbox 452 2270 685 2340; x_wconf 66' lang='lat' dir='ltr'><strong><em>ipsis”,</em></strong></span> <span class='ocrx_word' id='word_1_117' title='bbox 718 2286 794 2327; x_wconf 86' lang='lat' dir='ltr'><strong><em>ne</em></strong></span> <span class='ocrx_word' id='word_1_118' title='bbox 836 2271 988 2328; x_wconf 93' lang='lat' dir='ltr'><strong><em>illud</em></strong></span> <span class='ocrx_word' id='word_1_119' title='bbox 1039 2288 1151 2329; x_wconf 87' lang='lat' dir='ltr'><strong><em>usu</em></strong></span> <span class='ocrx_word' id='word_1_120' title='bbox 1202 2275 1453 2332; x_wconf 80' lang='lat' dir='ltr'><strong><em>veniat:</em></strong></span> <span class='ocrx_word' id='word_1_121' title='bbox 1501 2279 1803 2337; x_wconf 77' lang='lat' dir='ltr'><strong><em>Modicum</em></strong></span> <span class='ocrx_word' id='word_1_122' title='bbox 1846 2283 2114 2352; x_wconf 84' lang='lat' dir='ltr'><strong><em>fermen-</em></strong></span> 
     </span>
    </p>
   </div>
   <div class='ocr_carea' id='block_1_23' title="bbox 453 2364 1516 2424">
    <p class='ocr_par' dir='ltr' id='par_1_23' title="bbox 453 2364 1516 2424">
     <span class='ocr_line' id='line_1_23' title="bbox 453 2364 1516 2424; baseline 0.006 -8"><span class='ocrx_word' id='word_1_123' title='bbox 453 2365 581 2417; x_wconf 87' lang='lat' dir='ltr'><strong><em>tum</em></strong></span> <span class='ocrx_word' id='word_1_124' title='bbox 620 2365 804 2420; x_wconf 87' lang='lat' dir='ltr'><strong><em>totam</em></strong></span> <span class='ocrx_word' id='word_1_125' title='bbox 827 2377 1086 2420; x_wconf 88' lang='lat' dir='ltr'><strong><em>massam</em></strong></span> <span class='ocrx_word' id='word_1_126' title='bbox 1109 2364 1424 2424; x_wconf 81' lang='lat' dir='ltr'><strong><em>adulterat</em></strong></span> <span class='ocrx_word' id='word_1_127' title='bbox 1451 2370 1516 2422; x_wconf 72' lang='grc'><strong><em>¹⁶.</em></strong></span> 
     </span>
    </p>
   </div>
   <div class='ocr_carea' id='block_1_24' title="bbox 870 2472 1695 2536">
    <p class='ocr_par' dir='ltr' id='par_1_24' title="bbox 870 2472 1695 2536">
     <span class='ocr_line' id='line_1_24' title="bbox 870 2472 1695 2536; baseline 0.008 -10"><span class='ocrx_word' id='word_1_128' title='bbox 870 2472 1388 2533; x_wconf 79' lang='lat' dir='ltr'><strong><em>INTERROGATIO</em></strong></span> <span class='ocrx_word' id='word_1_129' title='bbox 1432 2479 1695 2536; x_wconf 80' lang='lat' dir='ltr'><strong><em>LXXXVII</em></strong></span> 
     </span>
    </p>
   </div>
   <div class='ocr_carea' id='block_1_25' title="bbox 453 2559 2116 2634">
    <p class='ocr_par' dir='ltr' id='par_1_25' title="bbox 453 2559 2116 2634">
     <span class='ocr_line' id='line_1_25' title="bbox 453 2559 2116 2634; baseline 0.009 -18"><span class='ocrx_word' id='word_1_130' title='bbox 453 2559 521 2616; x_wconf 88' lang='lat' dir='ltr'><strong><em>Si</em></strong></span> <span class='ocrx_word' id='word_1_131' title='bbox 548 2560 727 2617; x_wconf 86' lang='lat' dir='ltr'><strong><em>liceat</em></strong></span> <span class='ocrx_word' id='word_1_132' title='bbox 758 2562 1078 2634; x_wconf 86' lang='lat' dir='ltr'><strong><em>unicuique</em></strong></span> <span class='ocrx_word' id='word_1_133' title='bbox 1119 2578 1293 2621; x_wconf 88' lang='lat' dir='ltr'><strong><em>suum</em></strong></span> <span class='ocrx_word' id='word_1_134' title='bbox 1341 2573 1508 2624; x_wconf 88' lang='lat' dir='ltr'><strong><em>vetus</em></strong></span> <span class='ocrx_word' id='word_1_135' title='bbox 1538 2569 1959 2630; x_wconf 85' lang='lat' dir='ltr'><strong><em>indumentum</em></strong></span> <span class='ocrx_word' id='word_1_136' title='bbox 2007 2580 2116 2631; x_wconf 91' lang='lat' dir='ltr'><strong><em>aut</em></strong></span> 
     </span>
    </p>
   </div>
   <div class='ocr_carea' id='block_1_26' title="bbox 525 2651 2115 2738">
    <p class='ocr_par' dir='ltr' id='par_1_26' title="bbox 525 2651 2115 2738">
     <span class='ocr_line' id='line_1_26' title="bbox 525 2651 2115 2738; baseline 0.009 -31"><span class='ocrx_word' id='word_1_137' title='bbox 525 2651 997 2708; x_wconf 86' lang='lat' dir='ltr'><strong><em>calceamentum</em></strong></span> <span class='ocrx_word' id='word_1_138' title='bbox 1026 2652 1179 2712; x_wconf 86' lang='lat' dir='ltr'><strong><em>dare</em></strong></span> <span class='ocrx_word' id='word_1_139' title='bbox 1220 2656 1321 2712; x_wconf 81' lang='lat' dir='ltr'><strong><em>cui</em></strong></span> <span class='ocrx_word' id='word_1_140' title='bbox 1341 2658 1710 2729; x_wconf 74' lang='lat' dir='ltr'><strong><em>velit,juxta</em></strong></span> <span class='ocrx_word' id='word_1_141' title='bbox 1735 2663 2115 2738; x_wconf 60' lang='lat' dir='ltr'><strong><em>mandatum,</em></strong></span> 
     </span>
    </p>
   </div>
   <div class='ocr_carea' id='block_1_27' title="bbox 1075 2762 1484 2822">
    <p class='ocr_par' dir='ltr' id='par_1_27' title="bbox 1075 2762 1484 2822">
     <span class='ocr_line' id='line_1_27' title="bbox 1075 2762 1484 2822; baseline 0.015 -6"><span class='ocrx_word' id='word_1_142' title='bbox 1075 2762 1484 2822; x_wconf 80' lang='lat' dir='ltr'><strong><em>RESPONSIO.</em></strong></span> 
     </span>
    </p>
   </div>
   <div class='ocr_carea' id='block_1_28' title="bbox 528 2847 2110 2934">
    <p class='ocr_par' dir='ltr' id='par_1_28' title="bbox 528 2847 2110 2934">
     <span class='ocr_line' id='line_1_28' title="bbox 528 2847 2110 2934; baseline 0.012 -33"><span class='ocrx_word' id='word_1_143' title='bbox 528 2847 679 2904; x_wconf 86' lang='lat' dir='ltr'><strong><em>Dare</em></strong></span> <span class='ocrx_word' id='word_1_144' title='bbox 708 2852 814 2904; x_wconf 87' lang='lat' dir='ltr'><strong><em>aut</em></strong></span> <span class='ocrx_word' id='word_1_145' title='bbox 844 2848 1335 2922; x_wconf 84' lang='lat' dir='ltr'><strong><em>accipere,etiam</em></strong></span> <span class='ocrx_word' id='word_1_146' title='bbox 1359 2855 1698 2914; x_wconf 87' lang='lat' dir='ltr'><strong><em>secundum</em></strong></span> <span class='ocrx_word' id='word_1_147' title='bbox 1729 2859 2110 2934; x_wconf 85' lang='lat' dir='ltr'><strong><em>mandatum,</em></strong></span> 
     </span>
    </p>
   </div>
   <div class='ocr_carea' id='block_1_29' title="bbox 455 2938 2162 3023">
    <p class='ocr_par' dir='ltr' id='par_1_29' title="bbox 455 2938 2162 3023">
     <span class='ocr_line' id='line_1_29' title="bbox 455 2938 2162 3023; baseline 0.01 -30"><span class='ocrx_word' id='word_1_148' title='bbox 455 2951 581 2993; x_wconf 90' lang='lat' dir='ltr'><strong><em>non</em></strong></span> <span class='ocrx_word' id='word_1_149' title='bbox 619 2941 708 2994; x_wconf 85' lang='lat' dir='ltr'><strong><em>est</em></strong></span> <span class='ocrx_word' id='word_1_150' title='bbox 735 2938 1070 3008; x_wconf 87' lang='lat' dir='ltr'><strong><em>cujuslibet,</em></strong></span> <span class='ocrx_word' id='word_1_151' title='bbox 1112 2941 1218 2998; x_wconf 83' lang='lat' dir='ltr'><strong><em>sed</em></strong></span> <span class='ocrx_word' id='word_1_152' title='bbox 1259 2943 1310 3013; x_wconf 88' lang='lat' dir='ltr'><strong><em>ej</em></strong></span> <span class='ocrx_word' id='word_1_153' title='bbox 1323 2960 1392 2999; x_wconf 88' lang='lat' dir='ltr'><strong><em>us</em></strong></span> <span class='ocrx_word' id='word_1_154' title='bbox 1421 2945 1518 3001; x_wconf 89' lang='lat' dir='ltr'><strong><em>cui</em></strong></span> <span class='ocrx_word' id='word_1_155' title='bbox 1548 2952 1684 3020; x_wconf 89' lang='lat' dir='ltr'><strong><em>post</em></strong></span> <span class='ocrx_word' id='word_1_156' title='bbox 1706 2947 1932 3008; x_wconf 73' lang='lat' dir='ltr'><strong><em>factum</em></strong></span> <span class='ocrx_word' id='word_1_157' title='bbox 1965 2953 2116 3023; x_wconf 82' lang='lat' dir='ltr'><strong><em>peri-</em></strong></span> <span class='ocrx_word' id='word_1_158' title='bbox 2159 2945 2162 2948; x_wconf 69' lang='grc'><em>’</em></span> 
     </span>
    </p>
   </div>
   <div class='ocr_carea' id='block_1_30' title="bbox 1831 295 2444 358">
    <p class='ocr_par' dir='ltr' id='par_1_30' title="bbox 1831 295 2444 358">
     <span class='ocr_line' id='line_1_30' title="bbox 1831 295 2444 358; baseline 0 -2"><span class='ocrx_word' id='word_1_159' title='bbox 1831 299 1890 358; x_wconf 88' lang='lat' dir='ltr'><strong><em>S.</em></strong></span> <span class='ocrx_word' id='word_1_160' title='bbox 1932 299 2011 354; x_wconf 73' lang='lat' dir='ltr'><strong><em>BA</em></strong></span> <span class='ocrx_word' id='word_1_161' title='bbox 2027 295 2184 354; x_wconf 83' lang='lat' dir='ltr'><strong>SILII</strong></span> <span class='ocrx_word' id='word_1_162' title='bbox 2221 299 2444 358; x_wconf 72' lang='lat' dir='ltr'><strong><em>IAGNI</em></strong></span> 
     </span>
    </p>
   </div>
   <div class='ocr_carea' id='block_1_31' title="bbox 2141 422 2191 478">
    <p class='ocr_par' dir='ltr' id='par_1_31' title="bbox 2141 422 2191 478">
     <span class='ocr_line' id='line_1_31' title="bbox 2141 422 2191 478; baseline 0 -2"><span class='ocrx_word' id='word_1_163' title='bbox 2141 422 2191 478; x_wconf 80' lang='grc' dir='ltr'><strong>Α</strong></span> 
     </span>
    </p>
   </div>
   <div class='ocr_carea' id='block_1_32' title="bbox 3690 295 3835 352">
    <p class='ocr_par' dir='ltr' id='par_1_32' title="bbox 3690 295 3835 352">
     <span class='ocr_line' id='line_1_32' title="bbox 3690 295 3835 352; baseline -0.007 0"><span class='ocrx_word' id='word_1_164' title='bbox 3690 295 3835 352; x_wconf 70' lang='lat' dir='ltr'><strong><em>ll“</em></strong></span> 
     </span>
    </p>
   </div>
   <div class='ocr_carea' id='block_1_33' title="bbox 2799 427 3260 478">
    <p class='ocr_par' dir='ltr' id='par_1_33' title="bbox 2799 427 3260 478">
     <span class='ocr_line' id='line_1_33' title="bbox 2799 427 3260 478; baseline -0.004 -1"><span class='ocrx_word' id='word_1_165' title='bbox 2799 427 3114 478; x_wconf 76' lang='grc' dir='ltr'><strong><em>ΕΡΩΤΗΣῙΣ</em></strong></span> <span class='ocrx_word' id='word_1_166' title='bbox 3154 429 3260 478; x_wconf 76' lang='grc' dir='ltr'><strong><em>ΠΕ.</em></strong></span> 
     </span>
    </p>
   </div>
   <div class='ocr_carea' id='block_1_34' title="bbox 2496 507 3547 590">
    <p class='ocr_par' dir='ltr' id='par_1_34' title="bbox 2496 507 3547 590">
     <span class='ocr_line' id='line_1_34' title="bbox 2496 507 3547 590; baseline -0.004 -23"><span class='ocrx_word' id='word_1_167' title='bbox 2496 513 2557 568; x_wconf 79' lang='grc' dir='ltr'><strong><em>Εἰ</em></strong></span> <span class='ocrx_word' id='word_1_168' title='bbox 2577 518 2686 590; x_wconf 73' lang='grc' dir='ltr'><strong><em>χρὴ</em></strong></span> <span class='ocrx_word' id='word_1_169' title='bbox 2721 515 2864 586; x_wconf 71' lang='grc' dir='ltr'>ἔχειν</span> <span class='ocrx_word' id='word_1_170' title='bbox 2893 532 2944 567; x_wconf 90' lang='grc' dir='ltr'><strong><em>τι</em></strong></span> <span class='ocrx_word' id='word_1_171' title='bbox 2968 509 3108 566; x_wconf 76' lang='grc' dir='ltr'>ἴδιον</span> <span class='ocrx_word' id='word_1_172' title='bbox 3133 512 3180 566; x_wconf 72' lang='grc' dir='ltr'>ἐν</span> <span class='ocrx_word' id='word_1_173' title='bbox 3212 507 3547 585; x_wconf 70' lang='grc' dir='ltr'>ἀδελφότητι.</span> 
     </span>
    </p>
   </div>
   <div class='ocr_carea' id='block_1_35' title="bbox 2843 715 3213 767">
    <p class='ocr_par' dir='ltr' id='par_1_35' title="bbox 2843 715 3213 767">
     <span class='ocr_line' id='line_1_35' title="bbox 2843 715 3213 767; baseline -0.011 0"><span class='ocrx_word' id='word_1_174' title='bbox 2843 715 3213 767; x_wconf 77' lang='grc' dir='ltr'><strong><em>ΑΠΟΚΡΙΣῙΣ.</em></strong></span> 
     </span>
    </p>
   </div>
   <div class='ocr_carea' id='block_1_36' title="bbox 2289 798 3828 872">
    <p class='ocr_par' dir='ltr' id='par_1_36' title="bbox 2289 798 3828 872">
     <span class='ocr_line' id='line_1_36' title="bbox 2289 798 3828 872; baseline -0.002 -18"><span class='ocrx_word' id='word_1_175' title='bbox 2289 807 2455 854; x_wconf 84' lang='grc' dir='ltr'>Τοῦτο</span> <span class='ocrx_word' id='word_1_176' title='bbox 2488 801 2711 854; x_wconf 75' lang='grc' dir='ltr'>ἐναντίον</span> <span class='ocrx_word' id='word_1_177' title='bbox 2752 801 2867 854; x_wconf 74' lang='grc' dir='ltr'>ἐστὶ</span> <span class='ocrx_word' id='word_1_178' title='bbox 2915 811 3006 863; x_wconf 80' lang='grc' dir='ltr'>τῆς</span> <span class='ocrx_word' id='word_1_179' title='bbox 3037 801 3085 854; x_wconf 78' lang='grc' dir='ltr'>ἐν</span> <span class='ocrx_word' id='word_1_180' title='bbox 3113 809 3230 862; x_wconf 85' lang='grc' dir='ltr'>ταῖς</span> <span class='ocrx_word' id='word_1_181' title='bbox 3277 798 3507 868; x_wconf 81' lang='grc' dir='ltr'>Ῑίράξεσι</span> <span class='ocrx_word' id='word_1_182' title='bbox 3557 803 3675 872; x_wconf 79' lang='grc' dir='ltr'>περὶ</span> <span class='ocrx_word' id='word_1_183' title='bbox 3724 806 3828 851; x_wconf 83' lang='grc' dir='ltr'>τῶν</span> 
     </span>
    </p>
   </div>
   <div class='ocr_carea' id='block_1_37' title="bbox 2218 889 3827 965">
    <p class='ocr_par' dir='ltr' id='par_1_37' title="bbox 2218 889 3827 965">
     <span class='ocr_line' id='line_1_37' title="bbox 2218 889 3827 965; baseline -0.002 -22"><span class='ocrx_word' id='word_1_184' title='bbox 2218 893 2610 944; x_wconf 76' lang='grc' dir='ltr'><strong><em>πιστευσάντων</em></strong></span> <span class='ocrx_word' id='word_1_185' title='bbox 2669 893 2779 962; x_wconf 81' lang='grc' dir='ltr'>(6ορ</span> <span class='ocrx_word' id='word_1_186' title='bbox 2836 896 3146 965; x_wconf 78' lang='grc' dir='ltr'><strong><em>μαρτυρίας,</em></strong></span> <span class='ocrx_word' id='word_1_187' title='bbox 3210 889 3258 943; x_wconf 72' lang='grc' dir='ltr'>ἐν</span> <span class='ocrx_word' id='word_1_188' title='bbox 3332 889 3416 949; x_wconf 87' lang='grc' dir='ltr'>αἶς</span> <span class='ocrx_word' id='word_1_189' title='bbox 3478 890 3774 964; x_wconf 62' lang='grc' dir='ltr'>γεγραπται</span> <span class='ocrx_word' id='word_1_190' title='bbox 3812 910 3827 923; x_wconf 79' lang='grc' dir='ltr'><strong>ο</strong></span> 
     </span>
    </p>
   </div>
   <div class='ocr_carea' id='block_1_38' title="bbox 2221 974 3829 1055">
    <p class='ocr_par' dir='ltr' id='par_1_38' title="bbox 2221 974 3829 1055">
     <span class='ocr_line' id='line_1_38' title="bbox 2221 974 3829 1055; baseline -0.001 -21"><span class='ocrx_word' id='word_1_191' title='bbox 2221 985 2322 1034; x_wconf 87' lang='grc' dir='ltr'>Καὶ</span> <span class='ocrx_word' id='word_1_192' title='bbox 2389 978 2564 1044; x_wconf 72' lang='grc' dir='ltr'>οὐδείς</span> <span class='ocrx_word' id='word_1_193' title='bbox 2615 1001 2666 1035; x_wconf 92' lang='grc' dir='ltr'><strong><em>τι</em></strong></span> <span class='ocrx_word' id='word_1_194' title='bbox 2723 990 2822 1034; x_wconf 86' lang='grc' dir='ltr'>τῶν</span> <span class='ocrx_word' id='word_1_195' title='bbox 2878 983 3222 1055; x_wconf 78' lang='grc' dir='ltr'><strong><em>ὑπαρχόντων</em></strong></span> <span class='ocrx_word' id='word_1_196' title='bbox 3279 978 3420 1049; x_wconf 73' lang='grc' dir='ltr'>αὐτῷ</span> <span class='ocrx_word' id='word_1_197' title='bbox 3468 977 3633 1049; x_wconf 66' lang='grc' dir='ltr'>ἔλεγεν</span> <span class='ocrx_word' id='word_1_198' title='bbox 3684 974 3829 1032; x_wconf 82' lang='grc' dir='ltr'>ἴδιον</span> 
     </span>
    </p>
   </div>
   <div class='ocr_carea' id='block_1_39' title="bbox 2221 1066 3833 1144">
    <p class='ocr_par' dir='ltr' id='par_1_39' title="bbox 2221 1066 3833 1144">
     <span class='ocr_line' id='line_1_39' title="bbox 2221 1066 3833 1144; baseline -0.002 -20"><span class='ocrx_word' id='word_1_199' title='bbox 2221 1067 2369 1126; x_wconf 85' lang='grc' dir='ltr'>εἶναι.</span> <span class='ocrx_word' id='word_1_200' title='bbox 2398 1070 2456 1124; x_wconf 85' lang='grc' dir='ltr'><strong>Ὀ</strong></span> <span class='ocrx_word' id='word_1_201' title='bbox 2497 1067 2585 1124; x_wconf 83' lang='grc' dir='ltr'>οὖν</span> <span class='ocrx_word' id='word_1_202' title='bbox 2628 1071 2786 1144; x_wconf 73' lang='grc' dir='ltr'>λέγων</span> <span class='ocrx_word' id='word_1_203' title='bbox 2830 1068 2970 1124; x_wconf 77' lang='grc' dir='ltr'>ἴδιόν</span> <span class='ocrx_word' id='word_1_204' title='bbox 3023 1089 3076 1124; x_wconf 88' lang='grc' dir='ltr'><strong><em>τι</em></strong></span> <span class='ocrx_word' id='word_1_205' title='bbox 3123 1066 3272 1133; x_wconf 84' lang='grc' dir='ltr'>εἶναι,</span> <span class='ocrx_word' id='word_1_206' title='bbox 3324 1069 3500 1122; x_wconf 73' lang='grc' dir='ltr'>ἑαυτὸν</span> <span class='ocrx_word' id='word_1_207' title='bbox 3561 1066 3833 1142; x_wconf 76' lang='grc' dir='ltr'>ἀλλότριον</span> 
     </span>
    </p>
   </div>
   <div class='ocr_carea' id='block_1_40' title="bbox 2218 1161 3835 1224">
    <p class='ocr_par' dir='ltr' id='par_1_40' title="bbox 2218 1161 3835 1224">
     <span class='ocr_line' id='line_1_40' title="bbox 2218 1161 3835 1224; baseline 0 -12"><span class='ocrx_word' id='word_1_208' title='bbox 2218 1168 2315 1223; x_wconf 79' lang='grc' dir='ltr'>τῆς</span> <span class='ocrx_word' id='word_1_209' title='bbox 2380 1169 2474 1214; x_wconf 76' lang='grc' dir='ltr'>τοῦ</span> <span class='ocrx_word' id='word_1_210' title='bbox 2532 1165 2660 1215; x_wconf 82' lang='grc' dir='ltr'>Θεοῦ</span> <span class='ocrx_word' id='word_1_211' title='bbox 2720 1161 3035 1224; x_wconf 76' lang='grc' dir='ltr'>Ἐκκλησίας</span> <span class='ocrx_word' id='word_1_212' title='bbox 3084 1164 3397 1218; x_wconf 77' lang='grc' dir='ltr'>κατέστησε.</span> <span class='ocrx_word' id='word_1_213' title='bbox 3455 1162 3547 1210; x_wconf 79' lang='grc' dir='ltr'>καὶ</span> <span class='ocrx_word' id='word_1_214' title='bbox 3602 1167 3692 1220; x_wconf 77' lang='grc' dir='ltr'>τῆς</span> <span class='ocrx_word' id='word_1_215' title='bbox 3742 1166 3835 1212; x_wconf 81' lang='grc' dir='ltr'>τοῦ</span> 
     </span>
    </p>
   </div>
   <div class='ocr_carea' id='block_1_41' title="bbox 2224 1247 3835 1326">
    <p class='ocr_par' dir='ltr' id='par_1_41' title="bbox 2224 1247 3835 1326">
     <span class='ocr_line' id='line_1_41' title="bbox 2224 1247 3835 1326; baseline -0.001 -23"><span class='ocrx_word' id='word_1_216' title='bbox 2224 1255 2420 1326; x_wconf 88' lang='grc' dir='ltr'>Κυρίου</span> <span class='ocrx_word' id='word_1_217' title='bbox 2469 1249 2697 1324; x_wconf 67' lang='grc' dir='ltr'>ἀγάπης,</span> <span class='ocrx_word' id='word_1_218' title='bbox 2745 1271 2839 1304; x_wconf 89' lang='grc' dir='ltr'><strong><em>του</em></strong></span> <span class='ocrx_word' id='word_1_219' title='bbox 2895 1247 3214 1314; x_wconf 77' lang='grc' dir='ltr'><strong><em>διδάξαντος</em></strong></span> <span class='ocrx_word' id='word_1_220' title='bbox 3257 1254 3346 1302; x_wconf 82' lang='grc' dir='ltr'>καὶ</span> <span class='ocrx_word' id='word_1_221' title='bbox 3401 1248 3540 1320; x_wconf 72' lang='grc' dir='ltr'>λόγῳ</span> <span class='ocrx_word' id='word_1_222' title='bbox 3578 1253 3669 1301; x_wconf 78' lang='grc' dir='ltr'>καὶ</span> <span class='ocrx_word' id='word_1_223' title='bbox 3701 1249 3835 1323; x_wconf 72' lang='grc' dir='ltr'>ἑργω</span> 
     </span>
    </p>
   </div>
   <div class='ocr_carea' id='block_1_42' title="bbox 2219 1331 3836 1417">
    <p class='ocr_par' dir='ltr' id='par_1_42' title="bbox 2219 1331 3836 1417">
     <span class='ocr_line' id='line_1_42' title="bbox 2219 1331 3836 1417; baseline -0.004 -19"><span class='ocrx_word' id='word_1_224' title='bbox 2219 1345 2314 1398; x_wconf 81' lang='grc' dir='ltr'>τὴν</span> <span class='ocrx_word' id='word_1_225' title='bbox 2354 1341 2542 1414; x_wconf 75' lang='grc' dir='ltr'>ψυχὴν</span> <span class='ocrx_word' id='word_1_226' title='bbox 2573 1341 2760 1396; x_wconf 77' lang='grc' dir='ltr'>ἑαυτου</span> <span class='ocrx_word' id='word_1_227' title='bbox 2791 1345 2988 1396; x_wconf 71' lang='grc' dir='ltr'>τιθιδαι</span> <span class='ocrx_word' id='word_1_228' title='bbox 3027 1343 3154 1417; x_wconf 64' lang='grc' dir='ltr'>ὑπὲρ</span> <span class='ocrx_word' id='word_1_229' title='bbox 3196 1348 3294 1394; x_wconf 86' lang='grc' dir='ltr'>τῶν</span> <span class='ocrx_word' id='word_1_230' title='bbox 3328 1339 3504 1413; x_wconf 69' lang='grc' dir='ltr'>φίλων,</span> <span class='ocrx_word' id='word_1_231' title='bbox 3537 1339 3645 1412; x_wconf 74' lang='grc' dir='ltr'><strong><em>οὐχ</em></strong></span> <span class='ocrx_word' id='word_1_232' title='bbox 3667 1331 3747 1393; x_wconf 79' lang='grc' dir='ltr'>ὅτι</span> <span class='ocrx_word' id='word_1_233' title='bbox 3775 1359 3836 1412; x_wconf 75' lang='grc' dir='ltr'>γε</span> 
     </span>
    </p>
   </div>
   <div class='ocr_carea' id='block_1_43' title="bbox 2219 1447 2476 1492">
    <p class='ocr_par' dir='ltr' id='par_1_43' title="bbox 2219 1447 2476 1492">
     <span class='ocr_line' id='line_1_43' title="bbox 2219 1447 2476 1492; baseline 0.019 -11"><span class='ocrx_word' id='word_1_234' title='bbox 2219 1447 2286 1482; x_wconf 86' lang='grc' dir='ltr'><strong><em>τα</em></strong></span> <span class='ocrx_word' id='word_1_235' title='bbox 2314 1449 2476 1492; x_wconf 85' lang='grc' dir='ltr'>εκτος.</span> 
     </span>
    </p>
   </div>
   <div class='ocr_carea' id='block_1_44' title="bbox 2793 1537 3257 1602">
    <p class='ocr_par' dir='ltr' id='par_1_44' title="bbox 2793 1537 3257 1602">
     <span class='ocr_line' id='line_1_44' title="bbox 2793 1537 3257 1602; baseline -0.004 -11"><span class='ocrx_word' id='word_1_236' title='bbox 2793 1543 3110 1593; x_wconf 78' lang='grc' dir='ltr'><strong><em>ΕΡΩΤΗΣΙΣ</em></strong></span> <span class='ocrx_word' id='word_1_237' title='bbox 3161 1537 3257 1602; x_wconf 83' lang='grc' dir='ltr'><strong><em>ης-’</em></strong></span> 
     </span>
    </p>
   </div>
   <div class='ocr_carea' id='block_1_45' title="bbox 2224 1623 3834 1702">
    <p class='ocr_par' dir='ltr' id='par_1_45' title="bbox 2224 1623 3834 1702">
     <span class='ocr_line' id='line_1_45' title="bbox 2224 1623 3834 1702; baseline 0.001 -22"><span class='ocrx_word' id='word_1_238' title='bbox 2224 1626 2338 1680; x_wconf 77' lang='grc' dir='ltr'><strong><em>Ἐὰν</em></strong></span> <span class='ocrx_word' id='word_1_239' title='bbox 2382 1623 2441 1679; x_wconf 72' lang='grc' dir='ltr'>δι</span> <span class='ocrx_word' id='word_1_240' title='bbox 2486 1626 2608 1702; x_wconf 70' lang='grc' dir='ltr'><strong><em>λέγῃ</em></strong></span> <span class='ocrx_word' id='word_1_241' title='bbox 2656 1647 2754 1691; x_wconf 83' lang='grc' dir='ltr'>τις,</span> <span class='ocrx_word' id='word_1_242' title='bbox 2799 1631 2879 1681; x_wconf 84' lang='grc' dir='ltr'>ὅτι</span> <span class='ocrx_word' id='word_1_243' title='bbox 2933 1632 3067 1681; x_wconf 70' lang='grc' dir='ltr'>Οὔτε</span> <span class='ocrx_word' id='word_1_244' title='bbox 3094 1625 3341 1700; x_wconf 74' lang='grc' dir='ltr'>λαμϐάνω</span> <span class='ocrx_word' id='word_1_245' title='bbox 3364 1629 3506 1700; x_wconf 82' lang='grc' dir='ltr'>παρὰ</span> <span class='ocrx_word' id='word_1_246' title='bbox 3545 1635 3638 1688; x_wconf 74' lang='grc' dir='ltr'>τῆς</span> <span class='ocrx_word' id='word_1_247' title='bbox 3682 1625 3834 1681; x_wconf 78' lang='grc' dir='ltr'>ἀδελ-</span> 
     </span>
    </p>
   </div>
   <div class='ocr_carea' id='block_1_46' title="bbox 2294 1715 3833 1792">
    <p class='ocr_par' dir='ltr' id='par_1_46' title="bbox 2294 1715 3833 1792">
     <span class='ocr_line' id='line_1_46' title="bbox 2294 1715 3833 1792; baseline 0.002 -23"><span class='ocrx_word' id='word_1_248' title='bbox 2294 1722 2538 1790; x_wconf 67' lang='grc' dir='ltr'>φότητος,</span> <span class='ocrx_word' id='word_1_249' title='bbox 2573 1722 2690 1771; x_wconf 76' lang='grc' dir='ltr'>οὔτε</span> <span class='ocrx_word' id='word_1_250' title='bbox 2740 1715 2963 1792; x_wconf 81' lang='grc' dir='ltr'>δίδωμι,</span> <span class='ocrx_word' id='word_1_251' title='bbox 2999 1717 3127 1770; x_wconf 77' lang='grc' dir='ltr'><strong><em>ἀλλὰ</em></strong></span> <span class='ocrx_word' id='word_1_252' title='bbox 3151 1724 3262 1780; x_wconf 86' lang='grc' dir='ltr'>τοῖς</span> <span class='ocrx_word' id='word_1_253' title='bbox 3299 1717 3442 1791; x_wconf 74' lang='grc' dir='ltr'>ἐμοῖς</span> <span class='ocrx_word' id='word_1_254' title='bbox 3470 1716 3755 1791; x_wconf 87' lang='grc' dir='ltr'>ἀρκουμαι,</span> <span class='ocrx_word' id='word_1_255' title='bbox 3779 1723 3833 1772; x_wconf 89' lang='grc' dir='ltr'><strong><em>τί</em></strong></span> 
     </span>
    </p>
   </div>
   <div class='ocr_carea' id='block_1_47' title="bbox 2293 1808 3251 1884">
    <p class='ocr_par' dir='ltr' id='par_1_47' title="bbox 2293 1808 3251 1884">
     <span class='ocr_line' id='line_1_47' title="bbox 2293 1808 3251 1884; baseline -0.001 -24"><span class='ocrx_word' id='word_1_256' title='bbox 2293 1810 2426 1880; x_wconf 86' lang='grc' dir='ltr'>πρὸς</span> <span class='ocrx_word' id='word_1_257' title='bbox 2450 1826 2631 1860; x_wconf 84' lang='grc' dir='ltr'>τουτον</span> <span class='ocrx_word' id='word_1_258' title='bbox 2661 1808 3093 1884; x_wconf 78' lang='grc' dir='ltr'>παραφυλάξομεν</span> <span class='ocrx_word' id='word_1_259' title='bbox 3115 1809 3251 1878; x_wconf 82' lang='lat'><strong><em>(6|).</em></strong></span> 
     </span>
    </p>
   </div>
   <div class='ocr_carea' id='block_1_48' title="bbox 2843 1920 3216 1970">
    <p class='ocr_par' dir='ltr' id='par_1_48' title="bbox 2843 1920 3216 1970">
     <span class='ocr_line' id='line_1_48' title="bbox 2843 1920 3216 1970; baseline 0 0"><span class='ocrx_word' id='word_1_260' title='bbox 2843 1920 3216 1970; x_wconf 77' lang='grc' dir='ltr'><strong><em>ΑΠΟΚΡῙΣΙΣ.</em></strong></span> 
     </span>
    </p>
   </div>
   <div class='ocr_carea' id='block_1_49' title="bbox 2299 2001 3831 2080">
    <p class='ocr_par' dir='ltr' id='par_1_49' title="bbox 2299 2001 3831 2080">
     <span class='ocr_line' id='line_1_49' title="bbox 2299 2001 3831 2080; baseline 0.001 -24"><span class='ocrx_word' id='word_1_261' title='bbox 2299 2005 2359 2056; x_wconf 81' lang='grc' dir='ltr'>Εἰ</span> <span class='ocrx_word' id='word_1_262' title='bbox 2387 2009 2458 2078; x_wconf 81' lang='grc' dir='ltr'>μὴ</span> <span class='ocrx_word' id='word_1_263' title='bbox 2495 2004 2736 2077; x_wconf 75' lang='grc' dir='ltr'><strong><em>ἀνέχοιτο</em></strong></span> <span class='ocrx_word' id='word_1_264' title='bbox 2784 2014 2878 2068; x_wconf 83' lang='grc' dir='ltr'>τῆς</span> <span class='ocrx_word' id='word_1_265' title='bbox 2917 2025 3006 2057; x_wconf 89' lang='grc' dir='ltr'><strong><em>του</em></strong></span> <span class='ocrx_word' id='word_1_266' title='bbox 3040 2011 3239 2080; x_wconf 79' lang='grc' dir='ltr'>Κυρίου</span> <span class='ocrx_word' id='word_1_267' title='bbox 3285 2001 3641 2068; x_wconf 81' lang='grc' dir='ltr'><strong><em>διδασκαλίας</em></strong></span> <span class='ocrx_word' id='word_1_268' title='bbox 3667 2006 3831 2059; x_wconf 87' lang='grc' dir='ltr'>εἰπόν-</span> 
     </span>
    </p>
   </div>
   <div class='ocr_carea' id='block_1_50' title="bbox 2226 2093 3833 2168">
    <p class='ocr_par' dir='ltr' id='par_1_50' title="bbox 2226 2093 3833 2168">
     <span class='ocr_line' id='line_1_50' title="bbox 2226 2093 3833 2168; baseline 0.001 -22"><span class='ocrx_word' id='word_1_269' title='bbox 2226 2113 2331 2166; x_wconf 72' lang='grc' dir='ltr'>τος,</span> <span class='ocrx_word' id='word_1_270' title='bbox 2363 2094 2626 2166; x_wconf 77' lang='grc' dir='ltr'>Ἀγαπᾱτε</span> <span class='ocrx_word' id='word_1_271' title='bbox 2682 2093 2953 2162; x_wconf 69' lang='grc' dir='ltr'>ἀλλήλους,</span> <span class='ocrx_word' id='word_1_272' title='bbox 3004 2097 3177 2158; x_wconf 83' lang='grc' dir='ltr'>καθὼς</span> <span class='ocrx_word' id='word_1_273' title='bbox 3230 2095 3328 2168; x_wconf 73' lang='grc' dir='ltr'><strong><em>ἐγὼ</em></strong></span> <span class='ocrx_word' id='word_1_274' title='bbox 3367 2095 3625 2168; x_wconf 74' lang='grc' dir='ltr'>ἠγάπησα</span> <span class='ocrx_word' id='word_1_275' title='bbox 3671 2097 3833 2168; x_wconf 76' lang='grc' dir='ltr'>ὑμᾶς.</span> 
     </span>
    </p>
   </div>
   <div class='ocr_carea' id='block_1_51' title="bbox 2228 2182 3831 2261">
    <p class='ocr_par' dir='ltr' id='par_1_51' title="bbox 2228 2182 3831 2261">
     <span class='ocr_line' id='line_1_51' title="bbox 2228 2182 3831 2261; baseline 0.001 -25"><span class='ocrx_word' id='word_1_276' title='bbox 2228 2182 2584 2258; x_wconf 79' lang='grc' dir='ltr'>ἀνασχὼμεθα</span> <span class='ocrx_word' id='word_1_277' title='bbox 2635 2205 2727 2238; x_wconf 87' lang='grc' dir='ltr'><strong><em>του</em></strong></span> <span class='ocrx_word' id='word_1_278' title='bbox 2761 2185 3076 2239; x_wconf 81' lang='grc' dir='ltr'>Ἀποστόλου</span> <span class='ocrx_word' id='word_1_279' title='bbox 3130 2185 3360 2248; x_wconf 84' lang='grc' dir='ltr'>εἰπόντος</span> <span class='ocrx_word' id='word_1_280' title='bbox 3389 2206 3401 2218; x_wconf 89' lang='grc'>·</span> <span class='ocrx_word' id='word_1_281' title='bbox 3445 2184 3690 2261; x_wconf 19' lang='grc' dir='ltr'>Ἐξάρὶατε</span> <span class='ocrx_word' id='word_1_282' title='bbox 3743 2189 3831 2238; x_wconf 88' lang='grc' dir='ltr'>τὸν</span> 
     </span>
    </p>
   </div>
   <div class='ocr_carea' id='block_1_52' title="bbox 2224 2275 3836 2351">
    <p class='ocr_par' dir='ltr' id='par_1_52' title="bbox 2224 2275 3836 2351">
     <span class='ocr_line' id='line_1_52' title="bbox 2224 2275 3836 2351; baseline 0.002 -24"><span class='ocrx_word' id='word_1_283' title='bbox 2224 2279 2448 2348; x_wconf 75' lang='grc' dir='ltr'>πονηρόν</span> <span class='ocrx_word' id='word_1_284' title='bbox 2506 2275 2561 2339; x_wconf 72' lang='grc' dir='ltr'><strong><em>ἐξ</em></strong></span> <span class='ocrx_word' id='word_1_285' title='bbox 2611 2277 2753 2348; x_wconf 78' lang='grc' dir='ltr'>ὑμῶν</span> <span class='ocrx_word' id='word_1_286' title='bbox 2803 2276 3007 2328; x_wconf 68' lang='grc' dir='ltr'>αὐτῶν·</span> <span class='ocrx_word' id='word_1_287' title='bbox 3057 2277 3139 2328; x_wconf 85' lang='grc' dir='ltr'><strong><em>ἱνα</em></strong></span> <span class='ocrx_word' id='word_1_288' title='bbox 3169 2278 3240 2349; x_wconf 80' lang='grc' dir='ltr'><strong>μή</strong></span> <span class='ocrx_word' id='word_1_289' title='bbox 3273 2279 3488 2348; x_wconf 75' lang='grc' dir='ltr'>γένηται</span> <span class='ocrx_word' id='word_1_290' title='bbox 3539 2279 3618 2344; x_wconf 87' lang='grc' dir='ltr'>τὸ,</span> <span class='ocrx_word' id='word_1_291' title='bbox 3652 2280 3836 2351; x_wconf 82' lang='grc' dir='ltr'>Μικρά</span> 
     </span>
    </p>
   </div>
   <div class='ocr_carea' id='block_1_53' title="bbox 2229 2362 3087 2443">
    <p class='ocr_par' dir='ltr' id='par_1_53' title="bbox 2229 2362 3087 2443">
     <span class='ocr_line' id='line_1_53' title="bbox 2229 2362 3087 2443; baseline 0.007 -27"><span class='ocrx_word' id='word_1_292' title='bbox 2229 2369 2367 2440; x_wconf 79' lang='grc' dir='ltr'><strong><em>ζύμη</em></strong></span> <span class='ocrx_word' id='word_1_293' title='bbox 2403 2365 2516 2419; x_wconf 75' lang='grc' dir='ltr'>ὅλον</span> <span class='ocrx_word' id='word_1_294' title='bbox 2547 2369 2761 2443; x_wconf 69' lang='grc' dir='ltr'>φύραμα</span> <span class='ocrx_word' id='word_1_295' title='bbox 2788 2362 2934 2420; x_wconf 78' lang='grc' dir='ltr'>δολοί</span> <span class='ocrx_word' id='word_1_296' title='bbox 2955 2367 3087 2438; x_wconf 80' lang='grc'>(62).</span> 
     </span>
    </p>
   </div>
   <div class='ocr_carea' id='block_1_54' title="bbox 2789 2474 3264 2530">
    <p class='ocr_par' dir='ltr' id='par_1_54' title="bbox 2789 2474 3264 2530">
     <span class='ocr_line' id='line_1_54' title="bbox 2789 2474 3264 2530; baseline 0.004 -2"><span class='ocrx_word' id='word_1_297' title='bbox 2789 2480 3106 2530; x_wconf 79' lang='grc' dir='ltr'><strong><em>ΕΡΩΤΗΣΙΣ</em></strong></span> <span class='ocrx_word' id='word_1_298' title='bbox 3147 2474 3264 2530; x_wconf 70' lang='grc' dir='ltr'><strong><em>ΠΖ.</em></strong></span> 
     </span>
    </p>
   </div>
   <div class='ocr_carea' id='block_1_55' title="bbox 2227 2562 3836 2640">
    <p class='ocr_par' dir='ltr' id='par_1_55' title="bbox 2227 2562 3836 2640">
     <span class='ocr_line' id='line_1_55' title="bbox 2227 2562 3836 2640; baseline 0 -20"><span class='ocrx_word' id='word_1_299' title='bbox 2227 2565 2288 2620; x_wconf 84' lang='grc' dir='ltr'>Εἰ</span> <span class='ocrx_word' id='word_1_300' title='bbox 2313 2564 2510 2630; x_wconf 77' lang='grc' dir='ltr'>ἔξεστιν</span> <span class='ocrx_word' id='word_1_301' title='bbox 2539 2565 2745 2637; x_wconf 73' lang='grc' dir='ltr'>ἑκάστῳ</span> <span class='ocrx_word' id='word_1_302' title='bbox 2765 2568 2822 2617; x_wconf 82' lang='grc' dir='ltr'><strong><em>τό</em></strong></span> <span class='ocrx_word' id='word_1_303' title='bbox 2843 2563 3063 2618; x_wconf 79' lang='grc' dir='ltr'>παλαιόν</span> <span class='ocrx_word' id='word_1_304' title='bbox 3095 2566 3302 2638; x_wconf 82' lang='grc' dir='ltr'>ἱμάτιον</span> <span class='ocrx_word' id='word_1_305' title='bbox 3329 2565 3488 2619; x_wconf 67' lang='grc' dir='ltr'>αὐτου</span> <span class='ocrx_word' id='word_1_306' title='bbox 3519 2566 3547 2626; x_wconf 81' lang='grc' dir='ltr'><strong>ἣ</strong></span> <span class='ocrx_word' id='word_1_307' title='bbox 3579 2562 3836 2640; x_wconf 71' lang='grc' dir='ltr'>ὑπόδήμα</span> 
     </span>
    </p>
   </div>
   <div class='ocr_carea' id='block_1_56' title="bbox 2585 2651 3468 2718">
    <p class='ocr_par' dir='ltr' id='par_1_56' title="bbox 2585 2651 3468 2718">
     <span class='ocr_line' id='line_1_56' title="bbox 2585 2651 3468 2718; baseline 0.002 -10"><span class='ocrx_word' id='word_1_308' title='bbox 2585 2651 2769 2708; x_wconf 78' lang='grc' dir='ltr'>δουναι</span> <span class='ocrx_word' id='word_1_309' title='bbox 2800 2656 2928 2708; x_wconf 83' lang='grc' dir='ltr'>ὅπου</span> <span class='ocrx_word' id='word_1_310' title='bbox 2963 2653 3114 2710; x_wconf 70' lang='grc' dir='ltr'>θέλει.</span> <span class='ocrx_word' id='word_1_311' title='bbox 3144 2655 3214 2718; x_wconf 83' lang='grc' dir='ltr'>εἰς</span> <span class='ocrx_word' id='word_1_312' title='bbox 3246 2654 3468 2714; x_wconf 73' lang='grc' dir='ltr'>ἐντολήν.</span> 
     </span>
    </p>
   </div>
   <div class='ocr_carea' id='block_1_57' title="bbox 2835 2768 3209 2818">
    <p class='ocr_par' dir='ltr' id='par_1_57' title="bbox 2835 2768 3209 2818">
     <span class='ocr_line' id='line_1_57' title="bbox 2835 2768 3209 2818; baseline 0.003 -1"><span class='ocrx_word' id='word_1_313' title='bbox 2835 2768 3209 2818; x_wconf 83' lang='grc' dir='ltr'><strong><em>ΑΟΠΚΡΙΣΙΣ.</em></strong></span> 
     </span>
    </p>
   </div>
   <div class='ocr_carea' id='block_1_58' title="bbox 2295 2849 3822 2926">
    <p class='ocr_par' dir='ltr' id='par_1_58' title="bbox 2295 2849 3822 2926">
     <span class='ocr_line' id='line_1_58' title="bbox 2295 2849 3822 2926; baseline 0 -20"><span class='ocrx_word' id='word_1_314' title='bbox 2295 2857 2365 2906; x_wconf 83' lang='grc' dir='ltr'><strong><em>Τὸ</em></strong></span> <span class='ocrx_word' id='word_1_315' title='bbox 2415 2849 2627 2906; x_wconf 78' lang='grc' dir='ltr'>διδόναι</span> <span class='ocrx_word' id='word_1_316' title='bbox 2673 2854 2702 2911; x_wconf 77' lang='grc' dir='ltr'><strong>ἣ</strong></span> <span class='ocrx_word' id='word_1_317' title='bbox 2763 2851 3062 2926; x_wconf 78' lang='grc' dir='ltr'>λαμϐάνειν,</span> <span class='ocrx_word' id='word_1_318' title='bbox 3112 2851 3154 2906; x_wconf 89' lang='grc' dir='ltr'>εἰ</span> <span class='ocrx_word' id='word_1_319' title='bbox 3208 2858 3298 2906; x_wconf 82' lang='grc' dir='ltr'>καὶ</span> <span class='ocrx_word' id='word_1_320' title='bbox 3344 2854 3457 2906; x_wconf 82' lang='grc' dir='ltr'>κατ’</span> <span class='ocrx_word' id='word_1_321' title='bbox 3488 2851 3712 2916; x_wconf 71' lang='grc' dir='ltr'>ἐντολὴν,</span> <span class='ocrx_word' id='word_1_322' title='bbox 3760 2853 3822 2906; x_wconf 76' lang='grc' dir='ltr'>οὐ</span> 
     </span>
    </p>
   </div>
   <div class='ocr_carea' id='block_1_59' title="bbox 2221 2939 3830 3016">
    <p class='ocr_par' dir='ltr' id='par_1_59' title="bbox 2221 2939 3830 3016">
     <span class='ocr_line' id='line_1_59' title="bbox 2221 2939 3830 3016; baseline -0.001 -20"><span class='ocrx_word' id='word_1_323' title='bbox 2221 2946 2414 3008; x_wconf 82' lang='grc' dir='ltr'>παντός</span> <span class='ocrx_word' id='word_1_324' title='bbox 2453 2947 2566 3016; x_wconf 83' lang='grc'>(63)</span> <span class='ocrx_word' id='word_1_325' title='bbox 2607 2943 2768 3010; x_wconf 77' lang='grc' dir='ltr'>ἐστιν,</span> <span class='ocrx_word' id='word_1_326' title='bbox 2825 2940 2955 2994; x_wconf 72' lang='grc' dir='ltr'>ἀ).λά</span> <span class='ocrx_word' id='word_1_327' title='bbox 3000 2962 3089 2995; x_wconf 88' lang='grc' dir='ltr'><strong><em>του</em></strong></span> <span class='ocrx_word' id='word_1_328' title='bbox 3138 2946 3268 3016; x_wconf 89' lang='grc' dir='ltr'><strong><em>μετά</em></strong></span> <span class='ocrx_word' id='word_1_329' title='bbox 3315 2939 3636 3016; x_wconf 77' lang='grc' dir='ltr'>δοκιμασίας</span> <span class='ocrx_word' id='word_1_330' title='bbox 3678 2961 3830 2996; x_wconf 86' lang='grc' dir='ltr'>πεπι-</span> 
     </span>
    </p>
   </div>
   <div class='ocr_carea' id='block_1_60' title="bbox 457 3025 2118 3107">
    <p class='ocr_par' dir='ltr' id='par_1_60' title="bbox 457 3025 2114 3107">
     <span class='ocr_line' id='line_1_60' title="bbox 457 3025 2114 3107; baseline 0.01 -25"><span class='ocrx_word' id='word_1_331' title='bbox 457 3025 662 3082; x_wconf 89' lang='lat' dir='ltr'><strong><em>culum</em></strong></span> <span class='ocrx_word' id='word_1_332' title='bbox 688 3025 956 3083; x_wconf 87' lang='lat' dir='ltr'><strong><em>delatum</em></strong></span> <span class='ocrx_word' id='word_1_333' title='bbox 988 3033 1079 3084; x_wconf 87' lang='lat' dir='ltr'><strong><em>est</em></strong></span> <span class='ocrx_word' id='word_1_334' title='bbox 1108 3045 1333 3087; x_wconf 90' lang='lat' dir='ltr'><strong><em>munus</em></strong></span> <span class='ocrx_word' id='word_1_335' title='bbox 1389 3032 1808 3107; x_wconf 85' lang='lat' dir='ltr'><strong><em>dispensandi.</em></strong></span> <span class='ocrx_word' id='word_1_336' title='bbox 1855 3039 2114 3098; x_wconf 88' lang='lat' dir='ltr'><strong><em>Proinde</em></strong></span> 
     </span>
    </p>
   </div>
   <div class='ocr_carea' id='block_1_61' title="bbox 2225 3025 3820 3107">
    <p class='ocr_par' dir='ltr' id='par_1_61' title="bbox 2225 3031 3820 3105">
     <span class='ocr_line' id='line_1_61' title="bbox 2225 3031 3820 3105; baseline 0 -21"><span class='ocrx_word' id='word_1_337' title='bbox 2225 3036 2505 3105; x_wconf 78' lang='grc' dir='ltr'>στευμίνου</span> <span class='ocrx_word' id='word_1_338' title='bbox 2531 3038 2625 3091; x_wconf 79' lang='grc' dir='ltr'>τὴν</span> <span class='ocrx_word' id='word_1_339' title='bbox 2664 3032 2983 3105; x_wconf 82' lang='grc' dir='ltr'>οἰκονομίαν.</span> <span class='ocrx_word' id='word_1_340' title='bbox 3013 3031 3174 3086; x_wconf 84' lang='grc' dir='ltr'>Ὠστε</span> <span class='ocrx_word' id='word_1_341' title='bbox 3201 3035 3298 3086; x_wconf 82' lang='grc' dir='ltr'>εἴτε</span> <span class='ocrx_word' id='word_1_342' title='bbox 3329 3032 3548 3085; x_wconf 81' lang='grc' dir='ltr'>παλαιόν</span> <span class='ocrx_word' id='word_1_343' title='bbox 3581 3035 3680 3085; x_wconf 88' lang='grc' dir='ltr'>εἶτε</span> <span class='ocrx_word' id='word_1_344' title='bbox 3709 3051 3820 3084; x_wconf 63' lang='grc' dir='ltr'>καις</span> 
     </span>
    </p>
   </div>
   <div class='ocr_carea' id='block_1_62' title="bbox 458 3113 2118 3213">
    <p class='ocr_par' dir='ltr' id='par_1_62' title="bbox 458 3113 2113 3193">
     <span class='ocr_line' id='line_1_62' title="bbox 458 3113 2113 3193; baseline 0.011 -24"><span class='ocrx_word' id='word_1_345' title='bbox 458 3113 582 3170; x_wconf 82' lang='lat' dir='ltr'><strong><em>sive</em></strong></span> <span class='ocrx_word' id='word_1_346' title='bbox 607 3120 796 3186; x_wconf 89' lang='lat' dir='ltr'><strong><em>vetus,</em></strong></span> <span class='ocrx_word' id='word_1_347' title='bbox 841 3115 967 3174; x_wconf 85' lang='lat' dir='ltr'><strong><em>sive</em></strong></span> <span class='ocrx_word' id='word_1_348' title='bbox 1005 3133 1238 3176; x_wconf 87' lang='lat' dir='ltr'><strong><em>novum</em></strong></span> <span class='ocrx_word' id='word_1_349' title='bbox 1265 3119 1460 3190; x_wconf 80' lang='lat' dir='ltr'><strong><em>fuerit,</em></strong></span> <span class='ocrx_word' id='word_1_350' title='bbox 1488 3123 1607 3193; x_wconf 90' lang='lat' dir='ltr'><strong><em>hic,</em></strong></span> <span class='ocrx_word' id='word_1_351' title='bbox 1647 3125 1858 3184; x_wconf 88' lang='lat' dir='ltr'><strong><em>habita</em></strong></span> <span class='ocrx_word' id='word_1_352' title='bbox 1880 3131 2113 3189; x_wconf 76' lang='lat' dir='ltr'><strong><em>ratione</em></strong></span> 
     </span>
    </p>
   </div>
   <div class='ocr_carea' id='block_1_63' title="bbox 2225 3113 3829 3213">
    <p class='ocr_par' dir='ltr' id='par_1_63' title="bbox 2225 3117 3829 3198">
     <span class='ocr_line' id='line_1_63' title="bbox 2225 3117 3829 3198; baseline 0.001 -25"><span class='ocrx_word' id='word_1_353' title='bbox 2225 3126 2324 3193; x_wconf 83' lang='grc' dir='ltr'>νόν,</span> <span class='ocrx_word' id='word_1_354' title='bbox 2358 3124 2526 3189; x_wconf 72' lang='grc' dir='ltr'>οὗτος,</span> <span class='ocrx_word' id='word_1_355' title='bbox 2552 3125 2686 3175; x_wconf 81' lang='grc' dir='ltr'>κατὰ</span> <span class='ocrx_word' id='word_1_356' title='bbox 2722 3126 2810 3174; x_wconf 85' lang='grc' dir='ltr'>τὸν</span> <span class='ocrx_word' id='word_1_357' title='bbox 2840 3119 2979 3175; x_wconf 77' lang='grc' dir='ltr'>ἴδιον</span> <span class='ocrx_word' id='word_1_358' title='bbox 3027 3121 3252 3176; x_wconf 75' lang='grc' dir='ltr'>ἑκάστου</span> <span class='ocrx_word' id='word_1_359' title='bbox 3285 3125 3486 3198; x_wconf 85' lang='grc' dir='ltr'>καιρὸν,</span> <span class='ocrx_word' id='word_1_360' title='bbox 3520 3122 3612 3175; x_wconf 82' lang='grc' dir='ltr'><strong><em>καί</em></strong></span> <span class='ocrx_word' id='word_1_361' title='bbox 3643 3117 3829 3190; x_wconf 78' lang='grc' dir='ltr'>δώσει,</span> 
     </span>
    </p>
   </div>
   <div class='ocr_carea' id='block_1_64' title="bbox 456 3205 2118 3289">
    <p class='ocr_par' dir='ltr' id='par_1_64' title="bbox 456 3205 1753 3289">
     <span class='ocr_line' id='line_1_64' title="bbox 456 3205 1753 3289; baseline 0.009 -29"><span class='ocrx_word' id='word_1_362' title='bbox 456 3205 746 3278; x_wconf 85' lang='lat' dir='ltr'><strong><em>temporis</em></strong></span> <span class='ocrx_word' id='word_1_363' title='bbox 766 3207 1085 3281; x_wconf 88' lang='lat' dir='ltr'><strong><em>cujusque,</em></strong></span> <span class='ocrx_word' id='word_1_364' title='bbox 1111 3215 1168 3266; x_wconf 90' lang='lat' dir='ltr'><strong><em>et</em></strong></span> <span class='ocrx_word' id='word_1_365' title='bbox 1191 3210 1382 3279; x_wconf 87' lang='lat' dir='ltr'><strong><em>dabit,</em></strong></span> <span class='ocrx_word' id='word_1_366' title='bbox 1413 3219 1469 3270; x_wconf 89' lang='lat' dir='ltr'><strong><em>et</em></strong></span> <span class='ocrx_word' id='word_1_367' title='bbox 1489 3214 1753 3289; x_wconf 87' lang='lat' dir='ltr'><strong><em>recipiet.</em></strong></span> 
     </span>
    </p>
   </div>
   <div class='ocr_carea' id='block_1_65' title="bbox 2225 3205 2664 3289">
    <p class='ocr_par' dir='ltr' id='par_1_65' title="bbox 2225 3207 2664 3276">
     <span class='ocr_line' id='line_1_65' title="bbox 2225 3207 2664 3276; baseline 0.007 -12"><span class='ocrx_word' id='word_1_368' title='bbox 2225 3211 2312 3265; x_wconf 82' lang='grc' dir='ltr'>καὶ</span> <span class='ocrx_word' id='word_1_369' title='bbox 2335 3207 2664 3276; x_wconf 74' lang='grc' dir='ltr'>ὑποδέξεται.</span> 
     </span>
    </p>
   </div>
   <div class='ocr_carea' id='block_1_66' title="bbox 838 3315 1716 3380">
    <p class='ocr_par' dir='ltr' id='par_1_66' title="bbox 838 3315 1716 3380">
     <span class='ocr_line' id='line_1_66' title="bbox 838 3315 1716 3380; baseline 0.013 -11"><span class='ocrx_word' id='word_1_370' title='bbox 838 3315 1357 3378; x_wconf 79' lang='lat' dir='ltr'><strong><em>INTERROGATIO</em></strong></span> <span class='ocrx_word' id='word_1_371' title='bbox 1401 3323 1716 3380; x_wconf 78' lang='lat' dir='ltr'><strong><em>LXXXVIII.</em></strong></span> 
     </span>
    </p>
   </div>
   <div class='ocr_carea' id='block_1_67' title="bbox 744 3403 1827 3484">
    <p class='ocr_par' dir='ltr' id='par_1_67' title="bbox 744 3403 1827 3484">
     <span class='ocr_line' id='line_1_67' title="bbox 744 3403 1827 3484; baseline 0.015 -25"><span class='ocrx_word' id='word_1_372' title='bbox 744 3403 903 3474; x_wconf 83' lang='lat' dir='ltr'><strong><em>Quid</em></strong></span> <span class='ocrx_word' id='word_1_373' title='bbox 938 3407 1015 3462; x_wconf 91' lang='lat' dir='ltr'><strong><em>sit</em></strong></span> <span class='ocrx_word' id='word_1_374' title='bbox 1051 3409 1400 3466; x_wconf 89' lang='lat' dir='ltr'><strong><em>sollicitudo</em></strong></span> <span class='ocrx_word' id='word_1_375' title='bbox 1441 3411 1624 3484; x_wconf 83' lang='lat' dir='ltr'><strong><em>hujus</em></strong></span> <span class='ocrx_word' id='word_1_376' title='bbox 1671 3417 1827 3474; x_wconf 63' lang='lat' dir='ltr'><strong><em>vita.</em></strong></span> 
     </span>
    </p>
   </div>
   <div class='ocr_carea' id='block_1_68' title="bbox 1086 3518 1494 3578">
    <p class='ocr_par' dir='ltr' id='par_1_68' title="bbox 1086 3518 1494 3578">
     <span class='ocr_line' id='line_1_68' title="bbox 1086 3518 1494 3578; baseline 0.017 -6"><span class='ocrx_word' id='word_1_377' title='bbox 1086 3518 1494 3578; x_wconf 82' lang='lat' dir='ltr'><strong><em>RESPONSIO.</em></strong></span> 
     </span>
    </p>
   </div>
   <div class='ocr_carea' id='block_1_69' title="bbox 533 3603 2118 3689">
    <p class='ocr_par' dir='ltr' id='par_1_69' title="bbox 533 3603 2118 3689">
     <span class='ocr_line' id='line_1_69' title="bbox 533 3603 2118 3689; baseline 0.009 -28"><span class='ocrx_word' id='word_1_378' title='bbox 533 3603 742 3661; x_wconf 78' lang='lat' dir='ltr'><strong><em>Omnis</em></strong></span> <span class='ocrx_word' id='word_1_379' title='bbox 769 3618 936 3669; x_wconf 86' lang='lat' dir='ltr'><strong><em>cura,</em></strong></span> <span class='ocrx_word' id='word_1_380' title='bbox 949 3608 1186 3663; x_wconf 88' lang='lat' dir='ltr'><strong><em>tametsi</em></strong></span> <span class='ocrx_word' id='word_1_381' title='bbox 1210 3608 1360 3666; x_wconf 88' lang='lat' dir='ltr'><strong><em>nihil</em></strong></span> <span class='ocrx_word' id='word_1_382' title='bbox 1383 3625 1594 3670; x_wconf 85' lang='lat' dir='ltr'><strong><em>eorum</em></strong></span> <span class='ocrx_word' id='word_1_383' title='bbox 1645 3629 1783 3688; x_wconf 65' lang='lat' dir='ltr'><strong><em>qua</em></strong></span> <span class='ocrx_word' id='word_1_384' title='bbox 1811 3616 2118 3689; x_wconf 86' lang='lat' dir='ltr'><strong><em>prohibita</em></strong></span> 
     </span>
    </p>
   </div>
   <div class='ocr_carea' id='block_1_70' title="bbox 2225 3603 3828 3689">
    <p class='ocr_par' dir='ltr' id='par_1_70' title="bbox 2297 3603 3828 3684">
     <span class='ocr_line' id='line_1_70' title="bbox 2297 3603 3828 3684; baseline -0.002 -21"><span class='ocrx_word' id='word_1_385' title='bbox 2297 3615 2454 3663; x_wconf 85' lang='grc' dir='ltr'>Πᾶσα</span> <span class='ocrx_word' id='word_1_386' title='bbox 2489 3613 2733 3684; x_wconf 79' lang='grc' dir='ltr'>μέριμνα,</span> <span class='ocrx_word' id='word_1_387' title='bbox 2785 3607 2881 3661; x_wconf 81' lang='grc' dir='ltr'>κᾶν</span> <span class='ocrx_word' id='word_1_388' title='bbox 2923 3605 3091 3683; x_wconf 63' lang='grc' dir='ltr'>μηδὲν</span> <span class='ocrx_word' id='word_1_389' title='bbox 3142 3610 3284 3681; x_wconf 81' lang='grc' dir='ltr'>ἔχειν</span> <span class='ocrx_word' id='word_1_390' title='bbox 3324 3603 3454 3681; x_wconf 79' lang='grc' dir='ltr'>δοκῇ</span> <span class='ocrx_word' id='word_1_391' title='bbox 3487 3615 3588 3661; x_wconf 85' lang='grc' dir='ltr'>τῶν</span> <span class='ocrx_word' id='word_1_392' title='bbox 3627 3607 3828 3680; x_wconf 74' lang='grc' dir='ltr'>ἀπηγο-</span> 
     </span>
    </p>
   </div>
   <div class='ocr_carea' id='block_1_71' title="bbox 461 3693 2118 3771">
    <p class='ocr_par' dir='ltr' id='par_1_71' title="bbox 461 3693 2118 3769">
     <span class='ocr_line' id='line_1_71' title="bbox 461 3693 2118 3769; baseline 0.011 -21"><span class='ocrx_word' id='word_1_393' title='bbox 461 3698 620 3760; x_wconf 80' lang='lat' dir='ltr'><strong><em>sunt,</em></strong></span> <span class='ocrx_word' id='word_1_394' title='bbox 673 3693 912 3751; x_wconf 81' lang='lat' dir='ltr'><strong><em>videtur</em></strong></span> <span class='ocrx_word' id='word_1_395' title='bbox 939 3697 1281 3769; x_wconf 88' lang='lat' dir='ltr'><strong><em>complecti,</em></strong></span> <span class='ocrx_word' id='word_1_396' title='bbox 1331 3701 1445 3756; x_wconf 89' lang='lat' dir='ltr'><strong><em>nisi</em></strong></span> <span class='ocrx_word' id='word_1_397' title='bbox 1488 3705 1694 3761; x_wconf 83' lang='lat' dir='ltr'><strong><em>tamen</em></strong></span> <span class='ocrx_word' id='word_1_398' title='bbox 1719 3705 1991 3765; x_wconf 83' lang='lat' dir='ltr'><strong><em>conferat</em></strong></span> <span class='ocrx_word' id='word_1_399' title='bbox 2039 3707 2118 3765; x_wconf 84' lang='lat' dir='ltr'><strong><em>ad</em></strong></span> 
     </span>
    </p>
   </div>
   <div class='ocr_carea' id='block_1_72' title="bbox 2225 3693 3824 3771">
    <p class='ocr_par' dir='ltr' id='par_1_72' title="bbox 2225 3693 3824 3771">
     <span class='ocr_line' id='line_1_72' title="bbox 2225 3693 3824 3771; baseline -0.003 -20"><span class='ocrx_word' id='word_1_400' title='bbox 2225 3701 2498 3771; x_wconf 59' lang='lat' dir='ltr'><strong><em>pwyx’vow,</em></strong></span> <span class='ocrx_word' id='word_1_401' title='bbox 2550 3702 2621 3770; x_wconf 75' lang='grc' dir='ltr'>μὴ</span> <span class='ocrx_word' id='word_1_402' title='bbox 2668 3697 2880 3771; x_wconf 77' lang='grc' dir='ltr'>συντελῇ</span> <span class='ocrx_word' id='word_1_403' title='bbox 2939 3693 2998 3750; x_wconf 71' lang='grc' dir='ltr'><strong><em>δὲ</em></strong></span> <span class='ocrx_word' id='word_1_404' title='bbox 3045 3700 3170 3770; x_wconf 87' lang='grc' dir='ltr'>πρὸς</span> <span class='ocrx_word' id='word_1_405' title='bbox 3234 3695 3540 3763; x_wconf 77' lang='grc' dir='ltr'>θεοσέϐειαν,</span> <span class='ocrx_word' id='word_1_406' title='bbox 3599 3693 3824 3769; x_wconf 77' lang='grc' dir='ltr'>βιωτική</span> 
     </span>
    </p>
   </div>
   <div class='ocr_carea' id='block_1_73' title="bbox 459 3783 2385 3856">
    <p class='ocr_par' dir='ltr' id='par_1_73' title="bbox 459 3783 2385 3856">
     <span class='ocr_line' id='line_1_73' title="bbox 459 3783 2385 3856; baseline 0.005 -17"><span class='ocrx_word' id='word_1_407' title='bbox 459 3783 765 3856; x_wconf 86' lang='lat' dir='ltr'><strong><em>pietatem,</em></strong></span> <span class='ocrx_word' id='word_1_408' title='bbox 794 3783 979 3856; x_wconf 90' lang='lat' dir='ltr'><strong><em>hujus</em></strong></span> <span class='ocrx_word' id='word_1_409' title='bbox 1008 3785 1143 3842; x_wconf 73' lang='lat' dir='ltr'><strong><em>vitae</em></strong></span> <span class='ocrx_word' id='word_1_410' title='bbox 1173 3787 1511 3848; x_wconf 86' lang='lat' dir='ltr'><strong><em>sollicitudo</em></strong></span> <span class='ocrx_word' id='word_1_411' title='bbox 1533 3797 1641 3850; x_wconf 88' lang='lat' dir='ltr'><strong><em>est.</em></strong></span> <span class='ocrx_word' id='word_1_412' title='bbox 2226 3787 2385 3842; x_wconf 73' lang='grc' dir='ltr'>ἔστιν.</span> 
     </span>
    </p>
   </div>
   <div class='ocr_carea' id='block_1_74' title="bbox 890 3874 1710 3942">
    <p class='ocr_par' dir='ltr' id='par_1_74' title="bbox 890 3874 1710 3942">
     <span class='ocr_line' id='line_1_74' title="bbox 890 3874 1710 3942; baseline 0.016 -13"><span class='ocrx_word' id='word_1_413' title='bbox 890 3874 1406 3935; x_wconf 78' lang='lat' dir='ltr'><strong><em>INTERROGATIO</em></strong></span> <span class='ocrx_word' id='word_1_414' title='bbox 1450 3882 1710 3942; x_wconf 79' lang='lat' dir='ltr'><strong>LXXXIX.</strong></span> 
     </span>
    </p>
   </div>
   <div class='ocr_carea' id='block_1_75' title="bbox 463 3961 2120 4045">
    <p class='ocr_par' dir='ltr' id='par_1_75' title="bbox 463 3961 2120 4045">
     <span class='ocr_line' id='line_1_75' title="bbox 463 3961 2120 4045; baseline 0.01 -28"><span class='ocrx_word' id='word_1_415' title='bbox 463 3961 757 4030; x_wconf 83' lang='lat' dir='ltr'><strong><em>Quoniam</em></strong></span> <span class='ocrx_word' id='word_1_416' title='bbox 808 3965 1099 4033; x_wconf 86' lang='lat' dir='ltr'><strong><em>scriptum</em></strong></span> <span class='ocrx_word' id='word_1_417' title='bbox 1155 3972 1258 4032; x_wconf 83' lang='lat' dir='ltr'><strong><em>est,</em></strong></span> <span class='ocrx_word' id='word_1_418' title='bbox 1303 3990 1332 4018; x_wconf 87' lang='lat'><strong>«</strong></span> <span class='ocrx_word' id='word_1_419' title='bbox 1362 3970 1637 4028; x_wconf 85' lang='lat' dir='ltr'><strong><em>Pretium</em></strong></span> <span class='ocrx_word' id='word_1_420' title='bbox 1695 3974 2120 4045; x_wconf 78' lang='lat' dir='ltr'><strong><em>redemptionis</em></strong></span> 
     </span>
    </p>
   </div>
   <div class='ocr_carea' id='block_1_76' title="bbox 532 4053 2120 4138">
    <p class='ocr_par' dir='ltr' id='par_1_76' title="bbox 532 4053 2120 4138">
     <span class='ocr_line' id='line_1_76' title="bbox 532 4053 2120 4138; baseline 0.009 -28"><span class='ocrx_word' id='word_1_421' title='bbox 532 4053 752 4110; x_wconf 71' lang='lat' dir='ltr'><strong><em>animae</em></strong></span> <span class='ocrx_word' id='word_1_422' title='bbox 779 4053 900 4109; x_wconf 89' lang='lat' dir='ltr'><strong><em>viri</em></strong></span> <span class='ocrx_word' id='word_1_423' title='bbox 926 4060 1069 4110; x_wconf 90' lang='lat' dir='ltr'><strong><em>sunt</em></strong></span> <span class='ocrx_word' id='word_1_424' title='bbox 1087 4071 1211 4113; x_wconf 71' lang='lat' dir='ltr'><strong><em>suae</em></strong></span> <span class='ocrx_word' id='word_1_425' title='bbox 1229 4058 1418 4128; x_wconf 84' lang='lat' dir='ltr'><strong><em>ipsius</em></strong></span> <span class='ocrx_word' id='word_1_426' title='bbox 1441 4061 1667 4120; x_wconf 69' lang='lat' dir='ltr'><strong><em>divitiae</em></strong></span> <span class='ocrx_word' id='word_1_427' title='bbox 1686 4065 1760 4131; x_wconf 65' lang='lat'><strong><em>‘5;</em></strong></span> <span class='ocrx_word' id='word_1_428' title='bbox 1798 4089 1827 4115; x_wconf 85' lang='grc'><strong>››</strong></span> <span class='ocrx_word' id='word_1_429' title='bbox 1842 4066 1992 4138; x_wconf 88' lang='lat' dir='ltr'><strong><em>quid</em></strong></span> <span class='ocrx_word' id='word_1_430' title='bbox 2019 4082 2120 4124; x_wconf 89' lang='lat' dir='ltr'><strong><em>no-</em></strong></span> 
     </span>
    </p>
   </div>
   <div class='ocr_carea' id='block_1_77' title="bbox 2793 3320 3254 3375">
    <p class='ocr_par' dir='ltr' id='par_1_77' title="bbox 2793 3320 3254 3375">
     <span class='ocr_line' id='line_1_77' title="bbox 2793 3320 3254 3375; baseline 0 -1"><span class='ocrx_word' id='word_1_431' title='bbox 2793 3326 3110 3375; x_wconf 78' lang='grc' dir='ltr'><strong><em>ΕΡΩΤΗΣΙΣ</em></strong></span> <span class='ocrx_word' id='word_1_432' title='bbox 3150 3320 3254 3374; x_wconf 81' lang='grc' dir='ltr'><strong><em>ΙΙΗ’</em></strong></span> 
     </span>
    </p>
   </div>
   <div class='ocr_carea' id='block_1_78' title="bbox 2579 3409 3458 3487">
    <p class='ocr_par' dir='ltr' id='par_1_78' title="bbox 2579 3409 3458 3487">
     <span class='ocr_line' id='line_1_78' title="bbox 2579 3409 3458 3487; baseline -0.003 -22"><span class='ocrx_word' id='word_1_433' title='bbox 2579 3416 2670 3474; x_wconf 89' lang='grc' dir='ltr'>Τίς</span> <span class='ocrx_word' id='word_1_434' title='bbox 2701 3413 2730 3470; x_wconf 75' lang='grc' dir='ltr'>ἡ</span> <span class='ocrx_word' id='word_1_435' title='bbox 2763 3411 2874 3483; x_wconf 74' lang='grc'>(64)</span> <span class='ocrx_word' id='word_1_436' title='bbox 2912 3416 3136 3487; x_wconf 76' lang='grc' dir='ltr'>μέριμνα</span> <span class='ocrx_word' id='word_1_437' title='bbox 3170 3413 3196 3470; x_wconf 72' lang='grc' dir='ltr'><strong>ἠ</strong></span> <span class='ocrx_word' id='word_1_438' title='bbox 3233 3409 3458 3484; x_wconf 76' lang='grc' dir='ltr'>βιωτική</span> 
     </span>
    </p>
   </div>
   <div class='ocr_carea' id='block_1_79' title="bbox 2828 3522 3200 3572">
    <p class='ocr_par' dir='ltr' id='par_1_79' title="bbox 2828 3522 3200 3572">
     <span class='ocr_line' id='line_1_79' title="bbox 2828 3522 3200 3572; baseline -0.008 0"><span class='ocrx_word' id='word_1_439' title='bbox 2828 3522 3200 3572; x_wconf 82' lang='grc' dir='ltr'><strong><em>ΑΠΟΚΡΙΣΙΣ.</em></strong></span> 
     </span>
    </p>
   </div>
   <div class='ocr_carea' id='block_1_80' title="bbox 2797 3876 3254 3932">
    <p class='ocr_par' dir='ltr' id='par_1_80' title="bbox 2797 3876 3254 3932">
     <span class='ocr_line' id='line_1_80' title="bbox 2797 3876 3254 3932; baseline 0 -2"><span class='ocrx_word' id='word_1_440' title='bbox 2797 3882 3112 3931; x_wconf 81' lang='grc' dir='ltr'><strong><em>ΕΡΩΤΗΣΙΣ</em></strong></span> <span class='ocrx_word' id='word_1_441' title='bbox 3149 3876 3254 3932; x_wconf 84' lang='grc' dir='ltr'><strong><em>ῐῙΘ’</em></strong></span> 
     </span>
    </p>
   </div>
   <div class='ocr_carea' id='block_1_81' title="bbox 2209 3963 3834 4043">
    <p class='ocr_par' dir='ltr' id='par_1_81' title="bbox 2209 3963 3834 4043">
     <span class='ocr_line' id='line_1_81' title="bbox 2209 3963 3834 4043; baseline 0.002 -27"><span class='ocrx_word' id='word_1_442' title='bbox 2209 3965 2444 4028; x_wconf 73' lang='grc' dir='ltr'>ιἚπειδὴ</span> <span class='ocrx_word' id='word_1_443' title='bbox 2496 3974 2810 4042; x_wconf 72' lang='grc' dir='ltr'>γέγραπται,</span> <span class='ocrx_word' id='word_1_444' title='bbox 2844 3990 2872 4017; x_wconf 90' lang='grc'><strong><em>‹‹</em></strong></span> <span class='ocrx_word' id='word_1_445' title='bbox 2902 3971 3104 4043; x_wconf 78' lang='grc' dir='ltr'>Λυτρον</span> <span class='ocrx_word' id='word_1_446' title='bbox 3157 3967 3346 4042; x_wconf 60' lang='grc' dir='ltr'>ψυχῆς</span> <span class='ocrx_word' id='word_1_447' title='bbox 3390 3963 3582 4041; x_wconf 80' lang='grc' dir='ltr'>ἀνδρὸς</span> <span class='ocrx_word' id='word_1_448' title='bbox 3633 3969 3658 4020; x_wconf 86' lang='grc' dir='ltr'><strong>ὁ</strong></span> <span class='ocrx_word' id='word_1_449' title='bbox 3698 3963 3834 4028; x_wconf 67' lang='grc' dir='ltr'>ἴδιος</span> 
     </span>
    </p>
   </div>
   <div class='ocr_carea' id='block_1_82' title="bbox 2297 4055 3832 4135">
    <p class='ocr_par' dir='ltr' id='par_1_82' title="bbox 2297 4055 3832 4135">
     <span class='ocr_line' id='line_1_82' title="bbox 2297 4055 3832 4135; baseline 0.002 -24"><span class='ocrx_word' id='word_1_450' title='bbox 2297 4058 2540 4128; x_wconf 86' lang='grc' dir='ltr'>πλουτος,</span> <span class='ocrx_word' id='word_1_451' title='bbox 2564 4080 2592 4109; x_wconf 84' lang='grc'><strong>››</strong></span> <span class='ocrx_word' id='word_1_452' title='bbox 2617 4061 2742 4132; x_wconf 68' lang='grc' dir='ltr'>ἡμῖν</span> <span class='ocrx_word' id='word_1_453' title='bbox 2801 4055 2861 4112; x_wconf 67' lang='grc' dir='ltr'><strong><em>δὲ</em></strong></span> <span class='ocrx_word' id='word_1_454' title='bbox 2905 4057 2963 4111; x_wconf 71' lang='grc' dir='ltr'>οὐ</span> <span class='ocrx_word' id='word_1_455' title='bbox 2991 4064 3341 4135; x_wconf 81' lang='grc' dir='ltr'>ωροεχώρησε</span> <span class='ocrx_word' id='word_1_456' title='bbox 3369 4076 3522 4111; x_wconf 87' lang='grc' dir='ltr'>τουτο</span> <span class='ocrx_word' id='word_1_457' title='bbox 3545 4077 3559 4090; x_wconf 75' lang='grc' dir='ltr'><strong><em>ο</em></strong></span> <span class='ocrx_word' id='word_1_458' title='bbox 3593 4062 3645 4110; x_wconf 88' lang='grc' dir='ltr'><strong><em>τί</em></strong></span> <span class='ocrx_word' id='word_1_459' title='bbox 3675 4060 3832 4114; x_wconf 72' lang='grc' dir='ltr'>ποιή-</span> 
     </span>
    </p>
   </div>
   <div class='ocr_carea' id='block_1_83' title="bbox 537 4143 1928 4226">
    <p class='ocr_par' dir='ltr' id='par_1_83' title="bbox 537 4143 1928 4226">
     <span class='ocr_line' id='line_1_83' title="bbox 537 4143 1928 4226; baseline 0.012 -28"><span class='ocrx_word' id='word_1_460' title='bbox 537 4143 624 4199; x_wconf 86' lang='lat' dir='ltr'><strong><em>bis</em></strong></span> <span class='ocrx_word' id='word_1_461' title='bbox 646 4143 998 4213; x_wconf 83' lang='lat' dir='ltr'><strong><em>faciendum</em></strong></span> <span class='ocrx_word' id='word_1_462' title='bbox 1027 4152 1132 4213; x_wconf 84' lang='lat' dir='ltr'><strong><em>est,</em></strong></span> <span class='ocrx_word' id='word_1_463' title='bbox 1167 4149 1380 4220; x_wconf 86' lang='lat' dir='ltr'><strong><em>quibus</em></strong></span> <span class='ocrx_word' id='word_1_464' title='bbox 1406 4151 1472 4208; x_wconf 87' lang='lat' dir='ltr'><strong><em>id</em></strong></span> <span class='ocrx_word' id='word_1_465' title='bbox 1495 4168 1613 4210; x_wconf 91' lang='lat' dir='ltr'><strong><em>non</em></strong></span> <span class='ocrx_word' id='word_1_466' title='bbox 1640 4157 1928 4226; x_wconf 79' lang='lat' dir='ltr'><strong><em>suppetit.</em></strong></span> 
     </span>
    </p>
   </div>
   <div class='ocr_carea' id='block_1_84' title="bbox 1087 4256 1498 4318">
    <p class='ocr_par' dir='ltr' id='par_1_84' title="bbox 1087 4256 1498 4318">
     <span class='ocr_line' id='line_1_84' title="bbox 1087 4256 1498 4318; baseline 0.01 -6"><span class='ocrx_word' id='word_1_467' title='bbox 1087 4256 1498 4318; x_wconf 82' lang='lat' dir='ltr'><strong><em>RESPONSIO.</em></strong></span> 
     </span>
    </p>
   </div>
   <div class='ocr_carea' id='block_1_85' title="bbox 540 4341 2120 4420">
    <p class='ocr_par' dir='ltr' id='par_1_85' title="bbox 540 4341 2120 4420">
     <span class='ocr_line' id='line_1_85' title="bbox 540 4341 2120 4420; baseline 0.008 -19"><span class='ocrx_word' id='word_1_468' title='bbox 540 4342 599 4402; x_wconf 93' lang='lat' dir='ltr'><strong><em>Si</em></strong></span> <span class='ocrx_word' id='word_1_469' title='bbox 635 4341 886 4417; x_wconf 88' lang='lat' dir='ltr'><strong><em>quidem</em></strong></span> <span class='ocrx_word' id='word_1_470' title='bbox 939 4343 1056 4400; x_wconf 87' lang='lat' dir='ltr'><strong><em>hoc</em></strong></span> <span class='ocrx_word' id='word_1_471' title='bbox 1095 4345 1272 4403; x_wconf 84' lang='lat' dir='ltr'><strong><em>nobis</em></strong></span> <span class='ocrx_word' id='word_1_472' title='bbox 1311 4349 1511 4407; x_wconf 86' lang='lat' dir='ltr'><strong><em>studio</em></strong></span> <span class='ocrx_word' id='word_1_473' title='bbox 1549 4350 1740 4420; x_wconf 79' lang='lat' dir='ltr'><strong><em>fuerit,</em></strong></span> <span class='ocrx_word' id='word_1_474' title='bbox 1774 4370 1883 4412; x_wconf 91' lang='lat' dir='ltr'><strong><em>nec</em></strong></span> <span class='ocrx_word' id='word_1_475' title='bbox 1913 4360 2120 4413; x_wconf 87' lang='lat' dir='ltr'><strong><em>tamen</em></strong></span> 
     </span>
    </p>
   </div>
   <div class='ocr_carea' id='block_1_86' title="bbox 463 4434 2122 4514">
    <p class='ocr_par' dir='ltr' id='par_1_86' title="bbox 463 4434 2122 4514">
     <span class='ocr_line' id='line_1_86' title="bbox 463 4434 2122 4514; baseline 0.008 -23"><span class='ocrx_word' id='word_1_476' title='bbox 463 4434 863 4510; x_wconf 83' lang='lat' dir='ltr'><strong><em>potuerimus,</em></strong></span> <span class='ocrx_word' id='word_1_477' title='bbox 881 4435 1337 4496; x_wconf 86' lang='lat' dir='ltr'><strong><em>meminerimus</em></strong></span> <span class='ocrx_word' id='word_1_478' title='bbox 1366 4443 1640 4514; x_wconf 81' lang='lat' dir='ltr'><strong><em>responsi</em></strong></span> <span class='ocrx_word' id='word_1_479' title='bbox 1666 4446 1898 4503; x_wconf 90' lang='lat' dir='ltr'><strong><em>Domini</em></strong></span> <span class='ocrx_word' id='word_1_480' title='bbox 1917 4447 1994 4503; x_wconf 91' lang='lat' dir='ltr'><strong><em>ad</em></strong></span> <span class='ocrx_word' id='word_1_481' title='bbox 2017 4449 2122 4503; x_wconf 88' lang='lat' dir='ltr'><strong><em>Pe-</em></strong></span> 
     </span>
    </p>
   </div>
   <div class='ocr_carea' id='block_1_87' title="bbox 2300 4168 2474 4222">
    <p class='ocr_par' dir='ltr' id='par_1_87' title="bbox 2300 4168 2474 4222">
     <span class='ocr_line' id='line_1_87' title="bbox 2300 4168 2474 4222; baseline -0.006 -20"><span class='ocrx_word' id='word_1_482' title='bbox 2300 4168 2474 4222; x_wconf 80' lang='grc' dir='ltr'>σομεν.</span> 
     </span>
    </p>
   </div>
   <div class='ocr_carea' id='block_1_88' title="bbox 2850 4263 3222 4312">
    <p class='ocr_par' dir='ltr' id='par_1_88' title="bbox 2850 4263 3222 4312">
     <span class='ocr_line' id='line_1_88' title="bbox 2850 4263 3222 4312; baseline -0.005 0"><span class='ocrx_word' id='word_1_483' title='bbox 2850 4263 3222 4312; x_wconf 78' lang='grc' dir='ltr'><strong><em>ΑΠΟΚΡΙΣῙΣ.</em></strong></span> 
     </span>
    </p>
   </div>
   <div class='ocr_carea' id='block_1_89' title="bbox 2301 4343 3833 4423">
    <p class='ocr_par' dir='ltr' id='par_1_89' title="bbox 2301 4343 3833 4423">
     <span class='ocr_line' id='line_1_89' title="bbox 2301 4343 3833 4423; baseline -0.003 -22"><span class='ocrx_word' id='word_1_484' title='bbox 2301 4347 2361 4401; x_wconf 82' lang='grc' dir='ltr'><strong><em>Εἰ</em></strong></span> <span class='ocrx_word' id='word_1_485' title='bbox 2408 4352 2499 4423; x_wconf 64' lang='grc' dir='ltr'><strong><em>μιν</em></strong></span> <span class='ocrx_word' id='word_1_486' title='bbox 2551 4345 2944 4409; x_wconf 76' lang='grc' dir='ltr'>σπουδάσαντες</span> <span class='ocrx_word' id='word_1_487' title='bbox 3003 4347 3096 4400; x_wconf 77' lang='grc' dir='ltr'>οὐκ</span> <span class='ocrx_word' id='word_1_488' title='bbox 3133 4343 3491 4420; x_wconf 73' lang='grc' dir='ltr'>ἠδυνήθημεν,</span> <span class='ocrx_word' id='word_1_489' title='bbox 3547 4348 3833 4420; x_wconf 74' lang='grc' dir='ltr'>μνημονεύο</span> 
     </span>
    </p>
   </div>
   <div class='ocr_carea' id='block_1_90' title="bbox 2233 4437 3835 4514">
    <p class='ocr_par' dir='ltr' id='par_1_90' title="bbox 2233 4437 3835 4514">
     <span class='ocr_line' id='line_1_90' title="bbox 2233 4437 3835 4514; baseline -0.001 -23"><span class='ocrx_word' id='word_1_490' title='bbox 2233 4457 2400 4513; x_wconf 82' lang='grc' dir='ltr'>σωμεν</span> <span class='ocrx_word' id='word_1_491' title='bbox 2440 4441 2554 4510; x_wconf 85' lang='grc'>(65)</span> <span class='ocrx_word' id='word_1_492' title='bbox 2600 4449 2693 4502; x_wconf 76' lang='grc' dir='ltr'>τῆς</span> <span class='ocrx_word' id='word_1_493' title='bbox 2741 4437 3060 4514; x_wconf 79' lang='grc' dir='ltr'>ἀποκρίσεως</span> <span class='ocrx_word' id='word_1_494' title='bbox 3103 4457 3194 4490; x_wconf 90' lang='grc' dir='ltr'><strong><em>του</em></strong></span> <span class='ocrx_word' id='word_1_495' title='bbox 3228 4443 3423 4511; x_wconf 87' lang='grc' dir='ltr'>Κυρίου</span> <span class='ocrx_word' id='word_1_496' title='bbox 3453 4440 3581 4512; x_wconf 81' lang='grc' dir='ltr'>πρὸς</span> <span class='ocrx_word' id='word_1_497' title='bbox 3611 4439 3697 4488; x_wconf 86' lang='grc' dir='ltr'>τὸν</span> <span class='ocrx_word' id='word_1_498' title='bbox 3727 4439 3835 4489; x_wconf 75' lang='grc' dir='ltr'><strong><em>Πέ-</em></strong></span> 
     </span>
    </p>
   </div>
   <div class='ocr_carea' id='block_1_91' title="bbox 463 4525 2118 4609">
    <p class='ocr_par' dir='ltr' id='par_1_91' title="bbox 463 4525 2118 4609">
     <span class='ocr_line' id='line_1_91' title="bbox 463 4525 2118 4609; baseline 0.008 -28"><span class='ocrx_word' id='word_1_499' title='bbox 463 4525 755 4598; x_wconf 82' lang='lat' dir='ltr'><strong><em>trum,qui</em></strong></span> <span class='ocrx_word' id='word_1_500' title='bbox 775 4525 850 4582; x_wconf 89' lang='lat' dir='ltr'><strong><em>de</em></strong></span> <span class='ocrx_word' id='word_1_501' title='bbox 869 4525 1222 4598; x_wconf 80' lang='lat' dir='ltr'><strong><em>hujusmodi</em></strong></span> <span class='ocrx_word' id='word_1_502' title='bbox 1250 4546 1311 4586; x_wconf 83' lang='lat' dir='ltr'><strong><em>xe</em></strong></span> <span class='ocrx_word' id='word_1_503' title='bbox 1343 4531 1676 4590; x_wconf 87' lang='lat' dir='ltr'><strong><em>admodum</em></strong></span> <span class='ocrx_word' id='word_1_504' title='bbox 1703 4535 1876 4609; x_wconf 69' lang='grc'><strong>447</strong></span> <span class='ocrx_word' id='word_1_505' title='bbox 1908 4537 2118 4594; x_wconf 87' lang='lat' dir='ltr'><strong><em>sollici-</em></strong></span> 
     </span>
    </p>
   </div>
   <div class='ocr_carea' id='block_1_92' title="bbox 2225 4525 3833 4609">
    <p class='ocr_par' dir='ltr' id='par_1_92' title="bbox 2230 4526 3833 4605">
     <span class='ocr_line' id='line_1_92' title="bbox 2230 4526 3833 4605; baseline -0.002 -21"><span class='ocrx_word' id='word_1_506' title='bbox 2230 4551 2349 4605; x_wconf 88' lang='grc' dir='ltr'>τρον</span> <span class='ocrx_word' id='word_1_507' title='bbox 2420 4529 2502 4582; x_wconf 77' lang='grc' dir='ltr'><strong><em>ἐπὶ</em></strong></span> <span class='ocrx_word' id='word_1_508' title='bbox 2557 4537 2630 4601; x_wconf 84' lang='grc' dir='ltr'>τῷ</span> <span class='ocrx_word' id='word_1_509' title='bbox 2703 4532 2920 4602; x_wconf 72' lang='grc' dir='ltr'>τοιούτῳ</span> <span class='ocrx_word' id='word_1_510' title='bbox 2994 4527 3363 4600; x_wconf 73' lang='grc' dir='ltr'>ἀγωνιάσαντα</span> <span class='ocrx_word' id='word_1_511' title='bbox 3432 4532 3522 4580; x_wconf 80' lang='grc' dir='ltr'>καὶ</span> <span class='ocrx_word' id='word_1_512' title='bbox 3576 4526 3786 4579; x_wconf 76' lang='grc' dir='ltr'>εἰπόντα</span> <span class='ocrx_word' id='word_1_513' title='bbox 3819 4567 3833 4580; x_wconf 93' lang='grc'><strong>.</strong></span> 
     </span>
    </p>
   </div>
   <div class='ocr_carea' id='block_1_93' title="bbox 465 4617 2128 4696">
    <p class='ocr_par' dir='ltr' id='par_1_93' title="bbox 465 4617 2128 4696">
     <span class='ocr_line' id='line_1_93' title="bbox 465 4617 2128 4696; baseline 0.008 -24"><span class='ocrx_word' id='word_1_514' title='bbox 465 4620 561 4673; x_wconf 88' lang='lat' dir='ltr'><strong><em>tus</em></strong></span> <span class='ocrx_word' id='word_1_515' title='bbox 582 4617 904 4674; x_wconf 79' lang='lat' dir='ltr'><strong><em>dixerat&quot;:</em></strong></span> <span class='ocrx_word' id='word_1_516' title='bbox 929 4618 1084 4675; x_wconf 84' lang='lat' dir='ltr'><strong><em>Ecce</em></strong></span> <span class='ocrx_word' id='word_1_517' title='bbox 1110 4636 1217 4677; x_wconf 88' lang='lat' dir='ltr'><strong><em>nos</em></strong></span> <span class='ocrx_word' id='word_1_518' title='bbox 1247 4623 1598 4694; x_wconf 79' lang='lat' dir='ltr'><strong><em>reliquimus</em></strong></span> <span class='ocrx_word' id='word_1_519' title='bbox 1626 4629 1911 4696; x_wconf 85' lang='lat' dir='ltr'><strong><em>omnia,et</em></strong></span> <span class='ocrx_word' id='word_1_520' title='bbox 1938 4631 2128 4686; x_wconf 87' lang='lat' dir='ltr'><strong><em>secuti</em></strong></span> 
     </span>
    </p>
   </div>
   <div class='ocr_carea' id='block_1_94' title="bbox 466 4709 2126 4790">
    <p class='ocr_par' dir='ltr' id='par_1_94' title="bbox 466 4709 2126 4790">
     <span class='ocr_line' id='line_1_94' title="bbox 466 4709 2126 4790; baseline 0.008 -27"><span class='ocrx_word' id='word_1_521' title='bbox 466 4722 670 4764; x_wconf 90' lang='lat' dir='ltr'><strong><em>sumus</em></strong></span> <span class='ocrx_word' id='word_1_522' title='bbox 698 4713 756 4764; x_wconf 86' lang='lat' dir='ltr'><strong><em>te</em></strong></span> <span class='ocrx_word' id='word_1_523' title='bbox 773 4723 799 4764; x_wconf 86' lang='grc'><strong><em>.’</em></strong></span> <span class='ocrx_word' id='word_1_524' title='bbox 824 4709 973 4780; x_wconf 87' lang='lat' dir='ltr'><strong><em>quid</em></strong></span> <span class='ocrx_word' id='word_1_525' title='bbox 999 4725 1139 4780; x_wconf 87' lang='lat' dir='ltr'><strong><em>ergo</em></strong></span> <span class='ocrx_word' id='word_1_526' title='bbox 1168 4713 1280 4768; x_wconf 87' lang='lat' dir='ltr'><strong><em>erit</em></strong></span> <span class='ocrx_word' id='word_1_527' title='bbox 1311 4712 1518 4769; x_wconf 72' lang='lat' dir='ltr'><strong><em>nobis9</em></strong></span> <span class='ocrx_word' id='word_1_528' title='bbox 1543 4715 1628 4771; x_wconf 87' lang='lat' dir='ltr'><strong><em>sic</em></strong></span> <span class='ocrx_word' id='word_1_529' title='bbox 1667 4721 1869 4774; x_wconf 87' lang='lat' dir='ltr'><strong><em>autem</em></strong></span> <span class='ocrx_word' id='word_1_530' title='bbox 1895 4718 2008 4790; x_wconf 87' lang='lat' dir='ltr'><strong><em>ipsi</em></strong></span> <span class='ocrx_word' id='word_1_531' title='bbox 2039 4734 2126 4776; x_wconf 86' lang='lat' dir='ltr'><strong><em>re—</em></strong></span> 
     </span>
    </p>
   </div>
   <div class='ocr_carea' id='block_1_95' title="bbox 466 4792 2123 4874">
    <p class='ocr_par' dir='ltr' id='par_1_95' title="bbox 466 4792 2123 4874">
     <span class='ocr_line' id='line_1_95' title="bbox 466 4792 2123 4874; baseline 0.006 -23"><span class='ocrx_word' id='word_1_532' title='bbox 466 4792 771 4868; x_wconf 86' lang='lat' dir='ltr'><strong><em>spondet:</em></strong></span> <span class='ocrx_word' id='word_1_533' title='bbox 821 4794 1020 4851; x_wconf 90' lang='lat' dir='ltr'><strong><em>Omnis</em></strong></span> <span class='ocrx_word' id='word_1_534' title='bbox 1068 4798 1179 4867; x_wconf 85' lang='lat' dir='ltr'><strong><em>qui</em></strong></span> <span class='ocrx_word' id='word_1_535' title='bbox 1225 4799 1539 4870; x_wconf 76' lang='lat' dir='ltr'><strong><em>reliquerit</em></strong></span> <span class='ocrx_word' id='word_1_536' title='bbox 1577 4801 1839 4865; x_wconf 90' lang='lat' dir='ltr'><strong><em>domum.</em></strong></span> <span class='ocrx_word' id='word_1_537' title='bbox 1873 4805 1967 4860; x_wconf 87' lang='lat' dir='ltr'><strong><em>vel</em></strong></span> <span class='ocrx_word' id='word_1_538' title='bbox 1993 4805 2123 4874; x_wconf 84' lang='lat' dir='ltr'><strong><em>fra-</em></strong></span> 
     </span>
    </p>
   </div>
   <div class='ocr_carea' id='block_1_96' title="bbox 469 4889 2127 4961">
    <p class='ocr_par' dir='ltr' id='par_1_96' title="bbox 469 4889 2127 4961">
     <span class='ocr_line' id='line_1_96' title="bbox 469 4889 2127 4961; baseline 0.006 -21"><span class='ocrx_word' id='word_1_539' title='bbox 469 4891 609 4950; x_wconf 88' lang='lat' dir='ltr'><strong><em>tres,</em></strong></span> <span class='ocrx_word' id='word_1_540' title='bbox 641 4889 750 4941; x_wconf 88' lang='lat' dir='ltr'><strong><em>aut</em></strong></span> <span class='ocrx_word' id='word_1_541' title='bbox 793 4899 1044 4956; x_wconf 84' lang='lat' dir='ltr'><strong><em>sorores,</em></strong></span> <span class='ocrx_word' id='word_1_542' title='bbox 1099 4893 1208 4942; x_wconf 89' lang='lat' dir='ltr'><strong><em>aut</em></strong></span> <span class='ocrx_word' id='word_1_543' title='bbox 1260 4895 1520 4958; x_wconf 87' lang='lat' dir='ltr'><strong><em>patrem,</em></strong></span> <span class='ocrx_word' id='word_1_544' title='bbox 1553 4897 1660 4948; x_wconf 89' lang='lat' dir='ltr'><strong><em>aut</em></strong></span> <span class='ocrx_word' id='word_1_545' title='bbox 1706 4899 1978 4961; x_wconf 86' lang='lat' dir='ltr'><strong><em>matrem,</em></strong></span> <span class='ocrx_word' id='word_1_546' title='bbox 2018 4899 2127 4950; x_wconf 91' lang='lat' dir='ltr'><strong><em>aut</em></strong></span> 
     </span>
    </p>
   </div>
   <div class='ocr_carea' id='block_1_97' title="bbox 465 4977 2128 5052">
    <p class='ocr_par' dir='ltr' id='par_1_97' title="bbox 465 4977 2128 5052">
     <span class='ocr_line' id='line_1_97' title="bbox 465 4977 2128 5052; baseline 0.006 -19"><span class='ocrx_word' id='word_1_547' title='bbox 465 4990 741 5048; x_wconf 71' lang='lat' dir='ltr'><strong><em>uxorem,</em></strong></span> <span class='ocrx_word' id='word_1_548' title='bbox 766 4981 871 5033; x_wconf 84' lang='lat' dir='ltr'><strong><em>aut</em></strong></span> <span class='ocrx_word' id='word_1_549' title='bbox 893 4977 1076 5047; x_wconf 82' lang='lat' dir='ltr'><strong><em>ﬁlios,</em></strong></span> <span class='ocrx_word' id='word_1_550' title='bbox 1107 4984 1212 5035; x_wconf 90' lang='lat' dir='ltr'><strong><em>aut</em></strong></span> <span class='ocrx_word' id='word_1_551' title='bbox 1233 4994 1435 5052; x_wconf 83' lang='lat' dir='ltr'><strong><em>agros,</em></strong></span> <span class='ocrx_word' id='word_1_552' title='bbox 1457 4988 1713 5052; x_wconf 86' lang='lat' dir='ltr'><strong><em>propter</em></strong></span> <span class='ocrx_word' id='word_1_553' title='bbox 1734 4998 1827 5040; x_wconf 89' lang='lat' dir='ltr'><strong><em>me</em></strong></span> <span class='ocrx_word' id='word_1_554' title='bbox 1843 4989 1898 5041; x_wconf 85' lang='lat' dir='ltr'><strong><em>et</em></strong></span> <span class='ocrx_word' id='word_1_555' title='bbox 1927 4984 2128 5043; x_wconf 82' lang='lat' dir='ltr'><strong><em>Evan-</em></strong></span> 
     </span>
    </p>
   </div>
   <div class='ocr_carea' id='block_1_98' title="bbox 543 5148 2118 5227">
    <p class='ocr_par' dir='ltr' id='par_1_98' title="bbox 543 5148 2090 5227">
     <span class='ocr_line' id='line_1_98' title="bbox 543 5148 2090 5227; baseline 0.006 -24"><span class='ocrx_word' id='word_1_556' title='bbox 543 5149 584 5183; x_wconf 85' lang='lat'>“</span> <span class='ocrx_word' id='word_1_557' title='bbox 622 5148 747 5205; x_wconf 80' lang='lat' dir='ltr'><strong><em>Act.</em></strong></span> <span class='ocrx_word' id='word_1_558' title='bbox 780 5163 862 5219; x_wconf 79' lang='lat' dir='ltr'><strong><em>ix,</em></strong></span> <span class='ocrx_word' id='word_1_559' title='bbox 889 5151 980 5207; x_wconf 80' lang='lat'><strong><em>32.</em></strong></span> <span class='ocrx_word' id='word_1_560' title='bbox 1059 5151 1105 5186; x_wconf 72' lang='grc'><strong><em>³³</em></strong></span> <span class='ocrx_word' id='word_1_561' title='bbox 1127 5150 1306 5210; x_wconf 86' lang='lat' dir='ltr'><strong><em>Joan.</em></strong></span> <span class='ocrx_word' id='word_1_562' title='bbox 1337 5167 1459 5222; x_wconf 85' lang='lat' dir='ltr'><strong><em>xm,</em></strong></span> <span class='ocrx_word' id='word_1_563' title='bbox 1491 5155 1582 5210; x_wconf 80' lang='grc'><strong><em>34.</em></strong></span> <span class='ocrx_word' id='word_1_564' title='bbox 1661 5153 1706 5189; x_wconf 82' lang='grc'><strong><em>¹³</em></strong></span> <span class='ocrx_word' id='word_1_565' title='bbox 1737 5153 1758 5208; x_wconf 94' lang='grc' dir='ltr'><strong>Ι</strong></span> <span class='ocrx_word' id='word_1_566' title='bbox 1789 5157 1914 5212; x_wconf 88' lang='lat' dir='ltr'><strong><em>Cor.</em></strong></span> <span class='ocrx_word' id='word_1_567' title='bbox 1947 5160 2090 5227; x_wconf 46' lang='lat' dir='ltr'><strong><em>v,.2.</em></strong></span> 
     </span>
    </p>
   </div>
   <div class='ocr_carea' id='block_1_99' title="bbox 2225 5148 3113 5227">
    <p class='ocr_par' dir='ltr' id='par_1_99' title="bbox 2245 5154 3113 5225">
     <span class='ocr_line' id='line_1_99' title="bbox 2245 5154 3113 5225; baseline -0.006 -12"><span class='ocrx_word' id='word_1_568' title='bbox 2245 5154 2370 5213; x_wconf 89' lang='lat' dir='ltr'><strong><em>Gal.</em></strong></span> <span class='ocrx_word' id='word_1_569' title='bbox 2402 5172 2458 5225; x_wconf 72' lang='grc' dir='ltr'><strong><em>ν,</em></strong></span> <span class='ocrx_word' id='word_1_570' title='bbox 2492 5160 2546 5212; x_wconf 87' lang='lat'><strong><em>9.</em></strong></span> <span class='ocrx_word' id='word_1_571' title='bbox 2627 5155 2672 5190; x_wconf 81' lang='grc'>’⁸</span> <span class='ocrx_word' id='word_1_572' title='bbox 2706 5154 2882 5210; x_wconf 84' lang='lat' dir='ltr'><strong><em>Prov.</em></strong></span> <span class='ocrx_word' id='word_1_573' title='bbox 2915 5168 3032 5216; x_wconf 83' lang='lat' dir='ltr'><strong><em>xm,</em></strong></span> <span class='ocrx_word' id='word_1_574' title='bbox 3059 5155 3113 5208; x_wconf 90' lang='lat'><strong><em>8.</em></strong></span> 
     </span>
    </p>
   </div>
   <div class='ocr_carea' id='block_1_100' title="bbox 541 5300 2131 5383">
    <p class='ocr_par' dir='ltr' id='par_1_100' title="bbox 541 5300 2131 5383">
     <span class='ocr_line' id='line_1_100' title="bbox 541 5300 2131 5383; baseline 0.006 -26"><span class='ocrx_word' id='word_1_575' title='bbox 541 5301 654 5373; x_wconf 88' lang='grc'>(60)</span> <span class='ocrx_word' id='word_1_576' title='bbox 679 5300 883 5383; x_wconf 61' lang='lat' dir='ltr'><strong><em>Codex</em></strong></span> <span class='ocrx_word' id='word_1_577' title='bbox 911 5302 1079 5383; x_wconf 60' lang='lat' dir='ltr'><strong><em>golb.</em></strong></span> <span class='ocrx_word' id='word_1_578' title='bbox 1124 5310 1222 5356; x_wconf 82' lang='grc' dir='ltr'>τῶν</span> <span class='ocrx_word' id='word_1_579' title='bbox 1271 5310 1642 5362; x_wconf 83' lang='grc' dir='ltr'>πιστευόντων.</span> <span class='ocrx_word' id='word_1_580' title='bbox 1675 5309 1807 5364; x_wconf 84' lang='lat' dir='ltr'><strong><em>Mox</em></strong></span> <span class='ocrx_word' id='word_1_581' title='bbox 1843 5309 1985 5380; x_wconf 77' lang='lat' dir='ltr'><strong><em>Reg.</em></strong></span> <span class='ocrx_word' id='word_1_582' title='bbox 2012 5308 2131 5383; x_wconf 80' lang='lat' dir='ltr'><strong><em>pri-</em></strong></span> 
     </span>
    </p>
   </div>
   <div class='ocr_carea' id='block_1_101' title="bbox 471 5371 1169 5435">
    <p class='ocr_par' dir='ltr' id='par_1_101' title="bbox 471 5371 1169 5435">
     <span class='ocr_line' id='line_1_101' title="bbox 471 5371 1169 5435; baseline 0.001 -8"><span class='ocrx_word' id='word_1_583' title='bbox 471 5371 608 5432; x_wconf 73' lang='lat' dir='ltr'><strong><em>mtls</em></strong></span> <span class='ocrx_word' id='word_1_584' title='bbox 636 5371 724 5427; x_wconf 82' lang='grc' dir='ltr'>καὶ</span> <span class='ocrx_word' id='word_1_585' title='bbox 740 5371 865 5426; x_wconf 66' lang='grc' dir='ltr'>οὐδε</span> <span class='ocrx_word' id='word_1_586' title='bbox 886 5375 953 5435; x_wconf 84' lang='grc' dir='ltr'>εἷς</span> <span class='ocrx_word' id='word_1_587' title='bbox 976 5395 1027 5427; x_wconf 89' lang='grc' dir='ltr'><strong><em>τι</em></strong></span> <span class='ocrx_word' id='word_1_588' title='bbox 1048 5385 1169 5428; x_wconf 84' lang='grc' dir='ltr'>τῶν.</span> 
     </span>
    </p>
   </div>
   <div class='ocr_carea' id='block_1_102' title="bbox 543 5445 2127 5526">
    <p class='ocr_par' dir='ltr' id='par_1_102' title="bbox 543 5445 2127 5526">
     <span class='ocr_line' id='line_1_102' title="bbox 543 5445 2127 5526; baseline 0.003 -24"><span class='ocrx_word' id='word_1_589' title='bbox 543 5447 658 5526; x_wconf 70' lang='grc'>(61)</span> <span class='ocrx_word' id='word_1_590' title='bbox 706 5448 885 5501; x_wconf 82' lang='lat' dir='ltr'><strong><em>Vetus</em></strong></span> <span class='ocrx_word' id='word_1_591' title='bbox 932 5445 1084 5504; x_wconf 83' lang='lat' dir='ltr'><strong><em>liber</em></strong></span> <span class='ocrx_word' id='word_1_592' title='bbox 1127 5448 1314 5506; x_wconf 76' lang='lat' dir='ltr'><strong><em>Vossii</em></strong></span> <span class='ocrx_word' id='word_1_593' title='bbox 1345 5453 1402 5506; x_wconf 88' lang='lat' dir='ltr'><strong><em>et</em></strong></span> <span class='ocrx_word' id='word_1_594' title='bbox 1449 5448 1552 5506; x_wconf 89' lang='lat' dir='ltr'><strong><em>alii</em></strong></span> <span class='ocrx_word' id='word_1_595' title='bbox 1598 5451 1722 5507; x_wconf 91' lang='lat' dir='ltr'><strong><em>duo</em></strong></span> <span class='ocrx_word' id='word_1_596' title='bbox 1765 5452 2127 5526; x_wconf 70' lang='grc' dir='ltr'>παραφυλαξό-</span> 
     </span>
    </p>
   </div>
   <div class='ocr_carea' id='block_1_103' title="bbox 471 5521 2129 5667">
    <p class='ocr_par' dir='ltr' id='par_1_103' title="bbox 471 5521 2129 5667">
     <span class='ocr_line' id='line_1_103' title="bbox 471 5521 2129 5667; baseline 0.005 -22"><span class='ocrx_word' id='word_1_597' title='bbox 791 5588 888 5667; x_wconf 78' lang='lat' dir='ltr'><strong><em>hic</em></strong></span> <span class='ocrx_word' id='word_1_598' title='bbox 911 5605 1158 5667; x_wconf 64' lang='lat' dir='ltr'><strong><em>quoque</em></strong></span> <span class='ocrx_word' id='word_1_599' title='bbox 1180 5593 1434 5667; x_wconf 67' lang='lat' dir='ltr'><strong><em>variant,</em></strong></span> <span class='ocrx_word' id='word_1_600' title='bbox 1471 5600 1533 5651; x_wconf 87' lang='lat' dir='ltr'><strong><em>ut</em></strong></span> <span class='ocrx_word' id='word_1_601' title='bbox 1566 5572 1783 5667; x_wconf 75' lang='lat' dir='ltr'><strong><em>scient,</em></strong></span> <span class='ocrx_word' id='word_1_602' title='bbox 1803 5595 1939 5654; x_wconf 86' lang='lat' dir='ltr'><strong><em>libri</em></strong></span> <span class='ocrx_word' id='word_1_603' title='bbox 1976 5601 2129 5654; x_wconf 82' lang='lat' dir='ltr'><strong><em>vete-</em></strong></span> 
     </span>
    </p>
   </div>
   <div class='ocr_carea' id='block_1_104' title="bbox 471 5659 1515 5740">
    <p class='ocr_par' dir='ltr' id='par_1_104' title="bbox 471 5659 1515 5740">
     <span class='ocr_line' id='line_1_104' title="bbox 471 5659 1515 5740; baseline 0 -22"><span class='ocrx_word' id='word_1_604' title='bbox 471 5677 593 5720; x_wconf 85' lang='lat' dir='ltr'><strong><em>res.</em></strong></span> <span class='ocrx_word' id='word_1_605' title='bbox 623 5659 732 5717; x_wconf 70' lang='lat' dir='ltr'><strong><em>Alii</em></strong></span> <span class='ocrx_word' id='word_1_606' title='bbox 752 5659 981 5720; x_wconf 83' lang='lat' dir='ltr'><strong><em>habent</em></strong></span> <span class='ocrx_word' id='word_1_607' title='bbox 1010 5659 1176 5732; x_wconf 76' lang='grc' dir='ltr'>δολοῑ,</span> <span class='ocrx_word' id='word_1_608' title='bbox 1204 5663 1304 5721; x_wconf 87' lang='lat' dir='ltr'><strong><em>alii</em></strong></span> <span class='ocrx_word' id='word_1_609' title='bbox 1338 5666 1515 5740; x_wconf 74' lang='grc' dir='ltr'>ζυμοῖ.</span> 
     </span>
    </p>
   </div>
   <div class='ocr_carea' id='block_1_105' title="bbox 2235 4615 3814 4694">
    <p class='ocr_par' dir='ltr' id='par_1_105' title="bbox 2235 4615 3814 4694">
     <span class='ocr_line' id='line_1_105' title="bbox 2235 4615 3814 4694; baseline -0.006 -18"><span class='ocrx_word' id='word_1_610' title='bbox 2235 4618 2375 4677; x_wconf 73' lang='grc' dir='ltr'><strong><em>Ἰδοὺ</em></strong></span> <span class='ocrx_word' id='word_1_611' title='bbox 2446 4623 2594 4694; x_wconf 71' lang='grc' dir='ltr'>ἡμεῖς</span> <span class='ocrx_word' id='word_1_612' title='bbox 2672 4619 2939 4693; x_wconf 72' lang='grc' dir='ltr'>ἀφήκαμεν</span> <span class='ocrx_word' id='word_1_613' title='bbox 3015 4620 3220 4684; x_wconf 88' lang='grc' dir='ltr'>πάντα,</span> <span class='ocrx_word' id='word_1_614' title='bbox 3302 4623 3392 4670; x_wconf 88' lang='grc' dir='ltr'><strong><em>καί</em></strong></span> <span class='ocrx_word' id='word_1_615' title='bbox 3475 4615 3814 4676; x_wconf 74' lang='grc' dir='ltr'>ἠκολουθὴσοι</span> 
     </span>
    </p>
   </div>
   <div class='ocr_carea' id='block_1_106' title="bbox 2235 4703 3836 4786">
    <p class='ocr_par' dir='ltr' id='par_1_106' title="bbox 2235 4703 3836 4786">
     <span class='ocr_line' id='line_1_106' title="bbox 2235 4703 3836 4786; baseline -0.005 -21"><span class='ocrx_word' id='word_1_616' title='bbox 2235 4717 2326 4785; x_wconf 79' lang='grc' dir='ltr'>μέν</span> <span class='ocrx_word' id='word_1_617' title='bbox 2378 4729 2500 4764; x_wconf 90' lang='grc' dir='ltr'>σοι·</span> <span class='ocrx_word' id='word_1_618' title='bbox 2556 4715 2606 4764; x_wconf 92' lang='grc' dir='ltr'><strong><em>τί</em></strong></span> <span class='ocrx_word' id='word_1_619' title='bbox 2663 4712 2767 4786; x_wconf 78' lang='grc' dir='ltr'>ἄρα</span> <span class='ocrx_word' id='word_1_620' title='bbox 2812 4712 2961 4763; x_wconf 75' lang='grc' dir='ltr'>ἔσται</span> <span class='ocrx_word' id='word_1_621' title='bbox 3003 4711 3165 4782; x_wconf 49' lang='lat' dir='ltr'><strong><em>ipa;</em></strong></span> <span class='ocrx_word' id='word_1_622' title='bbox 3213 4707 3548 4783; x_wconf 86' lang='grc' dir='ltr'>ἀποκρίνεται</span> <span class='ocrx_word' id='word_1_623' title='bbox 3578 4703 3637 4760; x_wconf 62' lang='grc' dir='ltr'><strong><em>δὲ</em></strong></span> <span class='ocrx_word' id='word_1_624' title='bbox 3694 4706 3836 4776; x_wconf 78' lang='grc' dir='ltr'>αὐτῷ</span> 
     </span>
    </p>
   </div>
   <div class='ocr_carea' id='block_1_107' title="bbox 2235 4794 3833 4872">
    <p class='ocr_par' dir='ltr' id='par_1_107' title="bbox 2235 4794 3833 4872">
     <span class='ocr_line' id='line_1_107' title="bbox 2235 4794 3833 4872; baseline -0.005 -17"><span class='ocrx_word' id='word_1_625' title='bbox 2235 4803 2446 4864; x_wconf 76' lang='grc' dir='ltr'>οὕτως’</span> <span class='ocrx_word' id='word_1_626' title='bbox 2517 4807 2623 4862; x_wconf 84' lang='grc' dir='ltr'><strong><em>Πᾶς</em></strong></span> <span class='ocrx_word' id='word_1_627' title='bbox 2679 4803 2818 4861; x_wconf 83' lang='grc' dir='ltr'>ὅστις</span> <span class='ocrx_word' id='word_1_628' title='bbox 2873 4797 3066 4872; x_wconf 69' lang='grc' dir='ltr'>ἀφῆκεν</span> <span class='ocrx_word' id='word_1_629' title='bbox 3131 4799 3324 4867; x_wconf 83' lang='grc' dir='ltr'>οἰκίαν,</span> <span class='ocrx_word' id='word_1_630' title='bbox 3387 4797 3417 4856; x_wconf 75' lang='grc' dir='ltr'><strong>ἦ</strong></span> <span class='ocrx_word' id='word_1_631' title='bbox 3477 4794 3748 4869; x_wconf 71' lang='grc' dir='ltr'>ἀδελφοὺς,</span> <span class='ocrx_word' id='word_1_632' title='bbox 3801 4796 3833 4854; x_wconf 75' lang='grc' dir='ltr'><strong>ἣ</strong></span> 
     </span>
    </p>
   </div>
   <div class='ocr_carea' id='block_1_108' title="bbox 2236 4887 3834 4966">
    <p class='ocr_par' dir='ltr' id='par_1_108' title="bbox 2236 4887 3834 4966">
     <span class='ocr_line' id='line_1_108' title="bbox 2236 4887 3834 4966; baseline -0.003 -22"><span class='ocrx_word' id='word_1_633' title='bbox 2236 4888 2482 4965; x_wconf 70' lang='grc' dir='ltr'>ἀδελφὰς,</span> <span class='ocrx_word' id='word_1_634' title='bbox 2563 4893 2591 4950; x_wconf 71' lang='grc' dir='ltr'>ἦ</span> <span class='ocrx_word' id='word_1_635' title='bbox 2670 4895 2887 4966; x_wconf 79' lang='grc' dir='ltr'>πατέρα,</span> <span class='ocrx_word' id='word_1_636' title='bbox 2966 4891 2996 4949; x_wconf 77' lang='grc' dir='ltr'><strong>ἣ</strong></span> <span class='ocrx_word' id='word_1_637' title='bbox 3075 4893 3294 4964; x_wconf 77' lang='grc' dir='ltr'>μητέρα,</span> <span class='ocrx_word' id='word_1_638' title='bbox 3371 4887 3401 4946; x_wconf 77' lang='grc' dir='ltr'><strong>ἣ</strong></span> <span class='ocrx_word' id='word_1_639' title='bbox 3480 4895 3727 4960; x_wconf 75' lang='grc' dir='ltr'>γυναῖκα,</span> <span class='ocrx_word' id='word_1_640' title='bbox 3803 4890 3834 4948; x_wconf 74' lang='grc' dir='ltr'><strong>ἣ</strong></span> 
     </span>
    </p>
   </div>
   <div class='ocr_carea' id='block_1_109' title="bbox 2233 4978 3842 5057">
    <p class='ocr_par' dir='ltr' id='par_1_109' title="bbox 2233 4978 3842 5057">
     <span class='ocr_line' id='line_1_109' title="bbox 2233 4978 3842 5057; baseline -0.002 -20"><span class='ocrx_word' id='word_1_641' title='bbox 2233 4988 2402 5049; x_wconf 77' lang='grc' dir='ltr'>τέκνα,</span> <span class='ocrx_word' id='word_1_642' title='bbox 2475 4983 2503 5044; x_wconf 73' lang='grc' dir='ltr'><strong>ἠ</strong></span> <span class='ocrx_word' id='word_1_643' title='bbox 2570 4981 2796 5057; x_wconf 72' lang='grc' dir='ltr'>ἀγροὺς,</span> <span class='ocrx_word' id='word_1_644' title='bbox 2855 4983 3014 5034; x_wconf 76' lang='grc' dir='ltr'>ἕνεκεν</span> <span class='ocrx_word' id='word_1_645' title='bbox 3085 4980 3209 5054; x_wconf 74' lang='grc' dir='ltr'>ἐμου</span> <span class='ocrx_word' id='word_1_646' title='bbox 3280 4983 3372 5032; x_wconf 77' lang='grc' dir='ltr'>καὶ</span> <span class='ocrx_word' id='word_1_647' title='bbox 3446 4997 3537 5031; x_wconf 91' lang='grc' dir='ltr'><strong><em>του</em></strong></span> <span class='ocrx_word' id='word_1_648' title='bbox 3612 4978 3842 5052; x_wconf 49' lang='lat' dir='ltr'><strong><em>Euan/7s-</em></strong></span> 
     </span>
    </p>
   </div>
   <div class='ocr_carea' id='block_1_110' title="bbox 3194 5150 3834 5222">
    <p class='ocr_par' dir='ltr' id='par_1_110' title="bbox 3194 5150 3834 5222">
     <span class='ocr_line' id='line_1_110' title="bbox 3194 5150 3834 5222; baseline -0.002 -15"><span class='ocrx_word' id='word_1_649' title='bbox 3194 5154 3238 5188; x_wconf 72' lang='grc' dir='ltr'><strong>εδ</strong></span> <span class='ocrx_word' id='word_1_650' title='bbox 3267 5150 3467 5207; x_wconf 73' lang='lat' dir='ltr'><strong><em>Matth.</em></strong></span> <span class='ocrx_word' id='word_1_651' title='bbox 3499 5166 3616 5222; x_wconf 75' lang='lat' dir='ltr'><strong><em>xix,</em></strong></span> <span class='ocrx_word' id='word_1_652' title='bbox 3631 5153 3805 5206; x_wconf 80' lang='lat'><strong><em>27-29</em></strong></span> <span class='ocrx_word' id='word_1_653' title='bbox 3819 5193 3834 5206; x_wconf 95' lang='lat'><strong>.</strong></span> 
     </span>
    </p>
   </div>
   <div class='ocr_carea' id='block_1_111' title="bbox 2311 5302 3843 5379">
    <p class='ocr_par' dir='ltr' id='par_1_111' title="bbox 2311 5302 3843 5379">
     <span class='ocr_line' id='line_1_111' title="bbox 2311 5302 3843 5379; baseline -0.003 -14"><span class='ocrx_word' id='word_1_654' title='bbox 2311 5308 2419 5379; x_wconf 85' lang='lat'><strong><em>(63)</em></strong></span> <span class='ocrx_word' id='word_1_655' title='bbox 2451 5307 2738 5364; x_wconf 79' lang='lat' dir='ltr'><strong><em>Voculam</em></strong></span> <span class='ocrx_word' id='word_1_656' title='bbox 2771 5302 3662 5379; x_wconf 13' lang='lat' dir='ltr'><strong><em>ciaddidimus‘exRngertio.</em></strong></span> <span class='ocrx_word' id='word_1_657' title='bbox 3697 5303 3843 5374; x_wconf 78' lang='lat' dir='ltr'><strong><em>Reg.</em></strong></span> 
     </span>
    </p>
   </div>
   <div class='ocr_carea' id='block_1_112' title="bbox 2237 5376 3455 5455">
    <p class='ocr_par' dir='ltr' id='par_1_112' title="bbox 2237 5376 3455 5455">
     <span class='ocr_line' id='line_1_112' title="bbox 2237 5376 3455 5455; baseline -0.011 -17"><span class='ocrx_word' id='word_1_658' title='bbox 2237 5376 2472 5455; x_wconf 52' lang='lat' dir='ltr'><strong><em>primus</em></strong></span> <span class='ocrx_word' id='word_1_659' title='bbox 2500 5397 2610 5450; x_wconf 77' lang='lat' dir='ltr'><strong><em>pro</em></strong></span> <span class='ocrx_word' id='word_1_660' title='bbox 2639 5379 2702 5455; x_wconf 51' lang='lat' dir='ltr'><strong><em>oti</em></strong></span> <span class='ocrx_word' id='word_1_661' title='bbox 2729 5382 2920 5439; x_wconf 86' lang='grc' dir='ltr'>παντός</span> <span class='ocrx_word' id='word_1_662' title='bbox 2942 5377 3127 5455; x_wconf 73' lang='lat' dir='ltr'><strong><em>habet</em></strong></span> <span class='ocrx_word' id='word_1_663' title='bbox 3145 5376 3455 5455; x_wconf 41' lang='grc' dir='ltr'>οξ-πάντωνς</span> 
     </span>
    </p>
   </div>
   <div class='ocr_carea' id='block_1_113' title="bbox 2311 5441 3840 5524">
    <p class='ocr_par' dir='ltr' id='par_1_113' title="bbox 2311 5441 3840 5524">
     <span class='ocr_line' id='line_1_113' title="bbox 2311 5441 3840 5524; baseline -0.009 -11"><span class='ocrx_word' id='word_1_664' title='bbox 2311 5457 2424 5513; x_wconf 67' lang='grc'>(64)</span> <span class='ocrx_word' id='word_1_665' title='bbox 2445 5441 2588 5521; x_wconf 45' lang='lat' dir='ltr'><strong><em>Reg.</em></strong></span> <span class='ocrx_word' id='word_1_666' title='bbox 2615 5450 2850 5524; x_wconf 86' lang='lat' dir='ltr'><strong><em>primus</em></strong></span> <span class='ocrx_word' id='word_1_667' title='bbox 2874 5455 2923 5502; x_wconf 82' lang='grc' dir='ltr'><strong><em>τί</em></strong></span> <span class='ocrx_word' id='word_1_668' title='bbox 2945 5449 3084 5503; x_wconf 80' lang='grc' dir='ltr'>ἐστιν</span> <span class='ocrx_word' id='word_1_669' title='bbox 3106 5451 3160 5506; x_wconf 84' lang='grc' dir='ltr'><strong><em>ἠ.</em></strong></span> <span class='ocrx_word' id='word_1_670' title='bbox 3177 5451 3307 5505; x_wconf 71' lang='grc' dir='ltr'><strong><em>Μοι</em></strong></span> <span class='ocrx_word' id='word_1_671' title='bbox 3327 5447 3493 5524; x_wconf 71' lang='lat' dir='ltr'><strong><em>Co_ll_)_.</em></strong></span> <span class='ocrx_word' id='word_1_672' title='bbox 3511 5449 3653 5524; x_wconf 67' lang='grc' dir='ltr'>ξχειν</span> <span class='ocrx_word' id='word_1_673' title='bbox 3674 5441 3840 5524; x_wconf 60' lang='grc' dir='ltr'>δοκεῖ’</span> 
     </span>
    </p>
   </div>
   <div class='ocr_carea' id='block_1_114' title="bbox 2310 5519 3848 5598">
    <p class='ocr_par' dir='ltr' id='par_1_114' title="bbox 2310 5519 3848 5598">
     <span class='ocr_line' id='line_1_114' title="bbox 2310 5519 3848 5598; baseline -0.005 -18"><span class='ocrx_word' id='word_1_674' title='bbox 2310 5526 2424 5596; x_wconf 77' lang='grc'>(65)</span> <span class='ocrx_word' id='word_1_675' title='bbox 2460 5519 2875 5581; x_wconf 62' lang='lat' dir='ltr'><strong><em>Libri&#39;veteres</em></strong></span> <span class='ocrx_word' id='word_1_676' title='bbox 2908 5524 3360 5598; x_wconf 75' lang='grc' dir='ltr'>πνημονεύσωμεν.</span> <span class='ocrx_word' id='word_1_677' title='bbox 3388 5519 3539 5576; x_wconf 76' lang='lat' dir='ltr'><strong><em>Editi</em></strong></span> <span class='ocrx_word' id='word_1_678' title='bbox 3557 5521 3848 5593; x_wconf 73' lang='grc' dir='ltr'>μνημονεύο</span> 
     </span>
    </p>
   </div>
   <div class='ocr_carea' id='block_1_115' title="bbox 2239 5615 2414 5672">
    <p class='ocr_par' dir='ltr' id='par_1_115' title="bbox 2239 5615 2414 5672">
     <span class='ocr_line' id='line_1_115' title="bbox 2239 5615 2414 5672; baseline -0.017 -21"><span class='ocrx_word' id='word_1_679' title='bbox 2239 5615 2414 5672; x_wconf 83' lang='grc' dir='ltr'>σομεν.</span> 
     </span>
    </p>
   </div>
  </div>
