4114 6380
315 367 451 448 ms

1444 384 1751 444 REGULJE
1791 383 2087 442 BREVIUS
2126 388 2535 448 ἸἮΑΕΤΑΤΛΕ.

3524 391 3661 448 HM

300 515 435 581 λίου,
465 515 971 568 ἑκατονταπλασίονα
999 514 1116 583 (66)
1162 512 1406 584 λήψεται,
1447 517 1536 564 καὶ
1586 511 1723 572 ζωὴν
1773 509 1898 561 αἰὼ-

2025 512 2611 583 7etium,centuptum
2634 515 2902 583 arripiet,
2927 519 2981 570 et
3009 515 3190 570 vitam
3222 519 3507 570 aeternam
3530 529 3664 584 pos-

301 625 406 659 νιον
433 606 721 680 κληρονομή
733 624 833 661 σει.
858 604 916 658 Εἰ
943 601 1000 656 δὲ
1023 607 1157 655 κατὰ
1184 601 1418 676 ἀμέλειαν
1439 611 1590 654 τούτο
1612 601 1706 653 ούκ
1727 599 1900 658 ἕποιή-

306 714 486 770 σαμεν,
517 704 605 748 νυν
633 700 726 754 τήν
759 691 994 753 σπουδὴν
1015 689 1412 765 ἐπιδειξιδμεϐα.
1445 693 1504 746 Εἰ
1533 689 1592 745 δε
1617 694 1752 744 κατὰ
1769 689 1898 762 ἁμέ-

301 783 440 838 λειαν
466 792 618 838 τούτο
649 784 742 837 ούκ
773 783 1107 856 ἐποιήσαμεν,
1139 790 1227 834 νῦν
1281 787 1373 840 τὴν
1417 778 1648 839 σπουδὴν
1697 775 1898 833 ἐπιδει-

305 874 530 948 ξὼμεθα.
589 874 648 928 Εἰ
685 878 871 947 μηκέτι
897 871 1010 926 ἔστί
1074 878 1204 946 μήτε
1252 876 1432 948 καιρός
1482 877 1604 944 μήτε
1652 867 1895 943 δύναμις,

303 965 714 1038 παραμυθείσθω
744 966 881 1036 ἡμᾶς
929 965 954 1015 ό
1005 962 1316 1023 Ἀπόστολος
1353 961 1512 1035 λέγων
1555 981 1568 995 σ
1631 959 1707 1014 Ού
1756 960 1899 1022 ζητῶ

304 1055 370 1106 τὰ
400 1055 562 1128 ὑμῶν,
602 1051 708 1105 ἀλλ’
743 1055 896 1127 ὑμᾶς.

895 1166 1208 1216 ararum:
1238 1145 1301 1220 θ’.

309 1248 371 1302 Εἰ
396 1248 564 1312 ἔξεστι
593 1253 891 1328 νυκτερικόν
931 1253 1134 1323 ἱμάτιον
1181 1252 1345 1322 ἔχειν,
1383 1252 1478 1303 εἴτε
1523 1255 1758 1327 τρίχινον
1803 1255 1898 1304 εἴτε

985 1338 1186 1392 ἀλλοῖον
1203 1383 1212 1390 ,

908 1451 1259 1501 ΔΠΟΚΡῙΣῙΣ
1276 1491 1288 1503 .

367 1534 425 1589 Ἦ
457 1539 548 1608 μὶν
578 1543 670 1588 τοῦ
701 1541 947 1610 τριχίνου
979 1546 1178 1611 χρῆσις
1199 1543 1411 1614 καιρούς
1452 1543 1563 1609 εχει
1606 1535 1795 1601 ἰδίους.
1820 1540 1895 1593 Ού

296 1628 398 1698 γὰρ
437 1630 624 1697 χρείας
658 1634 959 1698 σωματικῆς
989 1628 1148 1679 ἕνεκέν
1195 1627 1335 1680 ἐστιν
1379 1631 1408 1686 ἠ
1461 1632 1657 1681 τούτων
1695 1639 1896 1704 χρῆσις

296 1715 428 1784 (67),
455 1712 581 1766 ἀλλὰ
619 1720 918 1787 κακουχίας
946 1721 1036 1768 καὶ
1065 1723 1420 1780 ταπεινώσεως
1449 1718 1654 1790 ψυχῆς.
1706 1727 1810 1782 Τῆς
1839 1717 1898 1773 δε

297 1809 396 1853 τῶν
437 1799 534 1854 δύο
570 1808 800 1864 κτήσεως
827 1801 1242 1877 ἀπαγορευθείση
1256 1827 1294 1871 ς,
1326 1806 1368 1858 εἰ
1390 1803 1611 1859 δύναται
1641 1809 1670 1865 ἡ
1695 1817 1897 1884 χρῆσις

2009 600 2240 656 sidebit.
2277 603 2332 658 Si
2365 618 2506 658 vero
2549 603 2662 658 hoc
2693 603 3249 674 praetermiserimus
3294 619 3366 659 ex
3409 603 3658 668 incuria,

2009 706 2172 748 nunc
2202 693 2468 749 studium
2509 695 2924 750 ostendamus.
2969 694 3137 759 Quod
3185 693 3233 748 si
3280 694 3408 762 jam
3465 708 3661 766 neque

2011 787 2248 855 tempus
2287 785 2567 855 suppetit,
2609 798 2805 855 neque
2853 782 3126 841 facultas.
3178 782 3522 838 consoletur
3552 797 3662 838 nos

2010 871 2348 945 Apostolus,
2383 873 2484 947 qui
2507 874 2747 930 dixit":
2775 873 2912 930 Non
2941 889 3141 948 quer
3167 878 3391 937 vestra,
3420 871 3524 928 sed
3539 887 3659 930 vos.

2506 1159 3025 1217 lNTEBROGATIO
3058 1161 3159 1217 XC.

2006 1247 2078 1304 Si
2094 1247 2226 1304 licet
2252 1255 2612 1303 nncmrnum
2638 1251 3046 1305 vestimentum
3071 1251 3312 1317 habere,
3339 1249 3458 1305 sive
3483 1263 3560 1304 ex
3576 1263 3666 1318 pi-

2153 1337 2225 1393 tis
2246 1338 2610 1406 confectum,
2637 1340 2761 1394 sire
2779 1340 2953 1394 aliud
2977 1340 3234 1395 alterius
3254 1339 3515 1410 generis.

2631 1446 3036 1503 BESPONSIO.

2082 1533 2200 1588 Sua
2231 1539 2370 1590 sunt
2401 1539 2674 1608 tempora
2705 1534 2836 1590 usui
2864 1535 2994 1606 ejus
3019 1534 3185 1608 quod
3215 1550 3286 1590 ex
3318 1535 3454 1608 pilis
3481 1533 3665 1590 confi-

2007 1623 2164 1678 citur
2189 1624 2546 1680 vestimenti.
2582 1628 2706 1682 Non
2737 1626 2895 1680 enim
2928 1625 3057 1680 haec
3095 1625 3154 1680 in
3188 1641 3304 1679 usu
3350 1630 3490 1680 sunt
3529 1639 3661 1679 cor-

2008 1713 2232 1785 poralis
2261 1714 2634 1770 necessitatis
2664 1730 2868 1785 causa,
2902 1713 3008 1770 sed
3040 1713 3440 1770 afﬂictationis
3470 1719 3527 1769 et
3553 1713 3664 1768 hu-

2011 1802 2352 1858 miliationis
2383 1803 2624 1862 animae.
2677 1811 2746 1860 At
2783 1820 2920 1860 cum
2967 1804 3268 1876 prohibita
3299 1803 3372 1859 sit
3397 1802 3661 1858 duorum

298 1889 701 1963 παραληφθῆναι
732 1893 851 1946 ἄνευ
891 1901 982 1954 τῆς
1020 1900 1392 1970 προειρημένης
1446 1895 1637 1964 αἰτίας,
1683 1898 1899 1960 ἕκαστος

2025 1892 2334 1966 possessio,
2363 1907 2440 1948 an
2470 1892 2659 1965 possit
2689 1909 2836 1948 usus
2864 1875 3264 1949 illeiadhiberi
3309 1893 3454 1948 citra
3502 1907 3659 1960 eam,

299 1979 463 2052 ἐαυτῷ
491 1979 804 2053 λογιζέσθω.

859 2099 1173 2148 εΡΩΤΗΣιΣ
1221 2078 1332 2154 SA'.

299 2177 416 2232 Ἐὰν
448 2175 687 2252 ἁδελφός,
717 2177 856 2233 ἴδιον
886 2182 978 2234 οὐκ
1007 2186 1144 2255 ἔχων
1175 2181 1346 2253 ούδὶν,
1377 2185 1564 2260 αἰτηθῇ
1598 2189 1739 2261 παρά
1760 2207 1896 2252 τινος

369 2267 496 2321 αύτὸ
523 2268 549 2320 ὃ
576 2276 738 2344 φορεῖ,
763 2275 815 2322 τί
847 2270 1036 2344 όφείλει
1067 2281 1307 2342 ποιῆσαι,
1339 2275 1572 2348 μάλιστα
1601 2271 1660 2328 δὲ
1682 2274 1766 2328 ἐὰν
1793 2297 1894 2350 γυ-

368 2361 490 2431 μνός
577 2360 602 2411 ό
634 2359 878 2422 αἰτήσας.

905 2476 1280 2526 ΑΠΟΚΡΙΣΙΣ.

373 2559 490 2610 Είτε
511 2561 720 2630 γυμνός,
755 2562 854 2612 εἶτε
884 2565 1123 2634 πονηρός,
1157 2567 1244 2614 καὶ
1266 2565 1364 2616 εἶτε
1389 2566 1524 2616 κατὰ
1555 2570 1762 2640 χρείαν,
1797 2569 1895 2620 ε’ίτε

301 2648 434 2698 κατὰ
461 2645 750 2710 πλεονεξίαν
777 2648 895 2722 αἰτῇ
929 2652 1064 2718 (68),
1096 2651 1238 2714 ἅπαξ
1275 2651 1490 2727 ἐρρήθη,
1533 2657 1614 2707 ότι
1651 2658 1709 2707 τό
1747 2652 1896 2709 διδό-

297 2755 382 2787 ναι
411 2737 441 2795 ἧ
470 2735 746 2810 λαμϐάνειν
771 2738 830 2791 ού
857 2745 1044 2801 παντός
1074 2739 1234 2809 ἐστιν,
1293 2741 1420 2794 ἀλλὰ
1467 2752 1559 2796 τού
1607 2744 1897 2820 ἐγκεχειριο

301 2829 490 2898 σμίνου
515 2829 646 2900 μετὰ
673 2825 993 2903 δοκιμασίας
1022 2835 1116 2890 τὴν
1154 2835 1400 2892 τοιαύτην
1430 2833 1726 2906 οἰκονομίαν
1757 2839 1890 2896 (69).

304 2921 405 2968 Καὶ
435 2916 780 2990 φυλασσίσθω
809 2923 889 2991 τὸ,
912 2918 1189 2988 Ἕκαστος,
1219 2921 1266 2974 ἐν
1389 2921 1601 2992 ἐκλήθη,
1653 2923 1700 2977 ἐν
1730 2927 1898 2998 τούτῳ

304 3010 510 3077 μενέτω.

867 3124 1179 3173 svorum
1217 3104 1326 3180 58'.

2008 1997 2193 2056 quam
2223 1989 2360 2037 ante
2389 1981 2526 2053 dixi,
2559 1998 2826 2054 causam,
2857 1999 3062 2038 secum
3091 1983 3349 2056 quisque
3379 1987 3633 2056 reputet.

2492 2091 3009 2148 INTERROGATIO
3050 2092 3181 2148 XCI.

2005 2177 2305 2247 Sifrater.
2331 2179 2431 2234 cui
2449 2179 2936 2250 nihitproprium
2958 2181 3501 2250 suppetit,rogatus
3531 2179 3662 2248 fue-

2076 2268 2156 2322 rit
2177 2267 2253 2323 ab
2273 2269 2497 2340 aliqua,
2531 2275 2596 2324 ut
2619 2269 2716 2325 det
2757 2269 3017 2338 idipsum
3056 2269 3218 2341 quod
3262 2274 3480 2340 gestat,
3512 2267 3661 2340 quid

2072 2355 2281 2426 facere
2298 2357 2488 2428 debet,
2521 2361 2784 2414 maxime
2811 2363 2865 2414 si
2886 2358 3087 2414 nudus
3104 2358 3315 2429 fuerit,
3347 2357 3453 2430 qui
3486 2357 3656 2427 petit.

2625 2467 3036 2524 RESPONSIO.

2079 2555 2212 2610 Sive
2241 2553 2465 2624 nudus,
2486 2555 2607 2611 sive
2635 2571 2880 2629 pravus,
2913 2555 3039 2612 sive
3069 2556 3250 2612 etiam
3289 2554 3428 2629 quis
3454 2569 3527 2611 ex
3554 2569 3661 2610 ne-

2008 2643 2309 2715 cessitate,
2337 2645 2458 2702 sive
2487 2661 2559 2701 ex
2587 2645 2838 2702 avaritia
2862 2651 3042 2718 petat,
3069 2644 3257 2702 semel
3300 2645 3527 2701 dictum
3576 2647 3666 2702 est

2005 2749 2128 2790 non
2155 2750 2284 2790 esse
2315 2734 2636 2807 cujuslibet
2665 2736 2832 2802 dare,
2866 2741 2970 2793 aut
2999 2735 3299 2809 accipere:
3353 2734 3459 2791 sed
3505 2735 3661 2806 ejus,

2005 2824 2112 2897 qui
2135 2824 2302 2896 prius
2333 2825 2644 2897 probatus,
2667 2826 2902 2883 muneri
2923 2825 3027 2897 huj
3039 2826 3277 2883 usmodi
3306 2825 3415 2882 fuit
3434 2839 3664 2898 praepo-

2007 2913 2180 2971 situs.
2223 2913 2588 2972 Observetur
2624 2923 2826 2973 autem
2871 2916 3058 2974 illud:
3117 2917 3546 2990 Unusquisque,
3596 2917 3662 2973 in

2005 3017 2121 3074 quo
2143 3009 2392 3060 vocatus
2418 3011 2524 3073 est,
2544 3007 2607 3060 in
2640 3005 2750 3062 hoc
2776 3013 3015 3062 maneat
3037 3007 3103 3062 ι’.

2473 3114 2987 3171 INTERROGATIO
3027 3115 3189 3171 XCll.

301 3209 402 3258 Τοῦ
437 3210 631 3280 Κυρίου
660 3210 1086 3280 προστάσσοντος
1123 3209 1308 3263 πωλεῖν
1347 3213 1413 3264 τὰ
1469 3213 1798 3288 ὑπάρχοντα,
1848 3218 1899 3265 τί

2025 3196 2158 3252 Cum
2192 3197 2481 3254 Dominus
2503 3199 2838 3268 facultates
2866 3199 3082 3270 jubeat
3116 3197 3390 3265 vendere,
3413 3211 3532 3270 qua
3567 3212 3667 3255 ra-

375 3291 739 3366 διανοούμενον
767 3301 878 3369 χρὴ
907 3306 1056 3350 τοῦτο
1086 3307 1250 3352 ποιεῖν
1275 3322 1287 3333 ·
1314 3304 1377 3361 ὡς
1403 3301 1570 3354 αὐτῶν
1601 3311 1701 3354 τῶν
1731 3305 1902 3378 ύπαρο

373 3386 576 3453 χόντων
607 3392 839 3454 φυσικῶς
873 3382 1229 3456 βλαπτόντων,
1254 3389 1282 3447 ἡ
1320 3385 1354 3440 ὃ
1361 3391 1414 3440 ιὰ
1439 3393 1525 3442 τόν
1551 3389 1904 3463 συμϐαίνοντα

373 3470 426 3534 ἐξ
456 3470 623 3523 αὐτῶν
654 3477 1022 3546 περισπασμόν
1046 3475 1161 3546 (70)
1189 3484 1249 3548 τῇ
1292 3475 1472 3550 ψυχῇ.

912 3587 1283 3640 ΛΠυΚΡῙΣΙΣ.

375 3673 509 3744 Πρὸς
563 3678 714 3724 τοῦτο
761 3679 965 3745 πρῶτον
1017 3675 1108 3745 μὲν
1165 3672 1324 3728 ἐκεῖνό
1390 3674 1530 3728 ἐστιν
1588 3676 1766 3743 εἰπεῖν,
1822 3680 1902 3731 ὅτι

302 3767 401 3812 τῶν
469 3760 814 3836 ὑπαρχόντων
871 3763 1111 3831 ἕκαστον,
1160 3764 1204 3816 εἰ
1262 3762 1322 3824 ἦν
1381 3766 1507 3818 αὐτὸ
1565 3767 1684 3819 καθ’
1750 3768 1900 3821 ἑαυτό

303 3853 481 3915 κακόν,
557 3847 674 3904 οὐδ’
720 3851 782 3904 ἆν
831 3849 890 3911 ἦν
935 3858 1136 3927 κτίσμα
1192 3863 1325 3908 Θεοῦ
1355 3877 1366 3889 ·
1429 3862 1537 3909 Πᾶν
1573 3861 1675 3930 γὰρ
1702 3864 1902 3932 κτίσμα

305 3946 460 4007 Θεοῦ,
530 3947 683 4012 φησὶ,
754 3941 930 4006 καλόν,
995 3950 1084 3996 καὶ
1139 3940 1292 3998 ούδεν
1349 3944 1678 4006 ἀπόϐλητον·
1730 3950 1904 4000 ἔπειτα

306 4025 386 4096 δε,
427 4030 507 4082 ὅτι
556 4033 585 4088 ἡ
637 4029 810 4090 ἐντολὴ
857 4041 949 4086 τοῦ
983 4039 1176 4108 Κυρίου
1227 4035 1355 4106 ούχὶ
1403 4036 1604 4110 ῥίπτειν
1652 4040 1720 4099 ὡς
1765 4040 1904 4090 κακὰ

305 4121 371 4170 τὰ
414 4121 728 4192 ὑπάρχοντα
790 4126 880 4173 καὶ
941 4125 1166 4194 φεύγειν,
1234 4122 1362 4175 ἀλλά
1420 4125 1702 4197 οἰκονομεῖν
1750 4125 1901 4179 ἐπαί-

307 4204 444 4263 δευε.
507 4213 608 4263 Καὶ
681 4215 1050 4284 κατακρίνεταί
1101 4231 1196 4281 τις,
1260 4213 1365 4286 οὐχ
1417 4215 1496 4266 ὅτι
1549 4218 1704 4288 ἔσχεν
1758 4215 1898 4283 ὅλως,

305 4297 416 4351 ἀλλ’
472 4301 552 4352 ὅτι
589 4306 762 4360 κακῶς
813 4298 1063 4371 ἐφρόνησε
1115 4305 1229 4375 περὶ
1276 4301 1466 4371 αὐτῶν,
1512 4305 1540 4362 ἦ
1595 4306 1675 4356 ὅτι
1704 4310 1775 4377 μη
1808 4326 1902 4358 κα·-

303 4388 399 4450 λῶς
421 4387 691 4463 ἐχρήσατο
731 4387 928 4449 αὐτοῖς.
977 4389 1031 4440 Ἠ
1072 4392 1172 4463 γὰρ
1215 4389 1562 4465 ἀπροσπαθης
1613 4398 1703 4446 καὶ
1751 4396 1904 4466 ὑγιὴς

303 4483 424 4551 περὶ
473 4477 607 4530 αύτὰ
655 4473 915 4543 διάθεσις,
967 4483 1057 4530 καὶ
1105 4481 1134 4537 ἡ
1184 4481 1297 4532 κατ’
1328 4479 1532 4540 ίντολην
1563 4483 1730 4534 αὐτῶν
1768 4484 1902 4537 οἰκο-

2084 3288 2242 3344 tione
2275 3287 2386 3344 hoc
2402 3288 2759 3359 faciendum
2781 3294 2865 3346 est
2882 3304 2904 3345 .°
2950 3296 3155 3345 utrum
3181 3289 3468 3362 quoniam
3509 3287 3666 3345 bona

2081 3393 2214 3447 ipsa
2225 3386 2440 3435 nocent
2459 3389 2685 3437 natura
2705 3396 2919 3444 sua,an
2939 3389 3192 3450 propter
3210 3379 3402 3436 animi
3418 3379 3664 3437 aberra-

2083 3469 2476 3541 tionem,qua2
2505 3484 2581 3526 ea:
2611 3474 2692 3527 eis
2721 3471 2841 3540 ipsi
2861 3471 3145 3528 accedere
3169 3470 3342 3526 solet.

2631 3578 3042 3634 RESPONSIO.

2081 3663 2172 3720 Ad
2209 3664 2324 3721 hoc
2354 3665 2617 3738 primum
2650 3665 2899 3740 quidem
2929 3666 3046 3722 dici
3076 3665 3219 3722 illud
3251 3670 3466 3740 potest,
3491 3663 3666 3739 quod

2010 3752 2175 3810 bona
2202 3755 2456 3826 singula,
2489 3755 2534 3810 si
2577 3756 2713 3828 ipsa
2739 3771 2844 3830 per
2874 3771 2936 3812 se
2965 3761 3166 3812 essent
3210 3755 3390 3822 mala,
3435 3771 3668 3830 nequa-

2010 3859 2198 3916 quam
2231 3845 2480 3900 tuissent
2504 3860 2540 3901 a
2573 3847 2690 3901 Deo
2708 3853 2938 3902 creata:
2992 3846 3194 3902 Omnis
3226 3850 3406 3914 enim,
3445 3845 3660 3919 inquit,

2012 3942 2298 3992 creatura
2341 3936 2448 3991 Dei
2501 3936 2656 3992 bona
2696 3940 2800 4006 est,
2853 3943 2907 3994 et
2963 3936 3124 3992 nihil
3156 3937 3662 4008 rejiczendum";

2012 4023 2230 4080 deinde
2263 4040 2422 4096 vero,
2453 4024 2619 4096 quod
2651 4025 3012 4082 mandatum
3046 4026 3282 4082 Domini
3310 4041 3431 4082 non
3461 4025 3667 4083 docuit

2012 4113 2177 4170 bona
2203 4121 2495 4188 tanquam
2528 4114 2690 4172 mala
2718 4115 3045 4187 rejicienda
3083 4133 3213 4172 esse
3256 4122 3313 4172 et
3358 4115 3664 4187 fugienda,

2013 4203 2119 4259 sed
2177 4203 2618 4278 dispensanda.
2672 4205 2740 4261 Et
2764 4204 3206 4262 condemnatur
3250 4205 3488 4278 aliquis,
3542 4221 3668 4263 non

2011 4294 2176 4368 quod
2209 4295 2488 4351 habuerit
2516 4295 2788 4359 omnino,
2818 4295 2922 4351 sed
2950 4295 3115 4369 quod
3145 4295 3396 4353 senserit
3417 4295 3494 4351 de
3519 4293 3666 4369 ipsis

2011 4399 2309 4456 perverse,
2342 4390 2446 4441 aut
2481 4385 2648 4458 quod
2695 4400 2817 4441 non
2847 4384 2995 4441 bene
3046 4385 3131 4440 eis
3175 4401 3320 4441 usus
3367 4385 3461 4442 sit.
3523 4383 3667 4442 Ani-

2012 4491 2149 4531 mus
2205 4475 2504 4548 siquidem
2569 4477 2789 4533 horum
2853 4491 3059 4532 amore
3110 4476 3281 4546 liber,
3337 4490 3664 4549 sanusque,

303 4572 460 4642 νομία
486 4571 616 4642 πρός
661 4561 729 4620 τε
780 4567 944 4621 πολλὰ
985 4575 1075 4622 καὶ
1143 4567 1530 4641 ἀναγκαιότατα
1576 4573 1701 4644 ἡμῖν
1771 4583 1899 4647 συμ-

2025 4581 2248 4622 necnon
2281 4575 2337 4622 et
2375 4567 2730 4624 earumdem
2761 4568 2930 4638 juxta
2963 4566 3317 4623 mandatum
3347 4567 3666 4638 dispensa-

306 4656 584 4711 ϐάλλεταν
661 4659 785 4710 ποτε
845 4661 934 4731 μὶν
1000 4662 1130 4731 πρὸς
1191 4661 1518 4736 καθαρισμὸν
1558 4670 1656 4713 τῶν
1705 4662 1903 4715 οἰκείων

306 4747 718 4822 ἁμαρτημάτων,
797 4743 883 4800 διὸ
953 4752 1248 4824 γέγραπται
1281 4770 1293 4782 ·
1382 4747 1515 4808 Πλὴν
1596 4753 1660 4802 τὰ
1712 4749 1901 4815 ἐνόντα,

307 4833 430 4890 δότε
518 4835 885 4910 δαημοσύνην,
958 4843 1047 4891 καὶ
1125 4834 1240 4890 ἰδού
1308 4841 1475 4891 πάντα
1528 4842 1733 4915 καθαρὰ
1785 4843 1905 4914 ὑμῖν

306 4925 421 4980 ἔστι
451 4927 566 4996 (71)
601 4947 613 4960 ’
663 4930 788 4980 ποτε
846 4923 905 4980 δέ
943 4931 1074 5003 πρός
1111 4927 1456 5004 κληρονομίαν
1507 4927 1781 5002 βασιλείας
1824 4930 1906 5007 οού-

305 5024 490 5090 ρανῶν,
537 5021 626 5068 καὶ
672 5025 863 5075 κτῆσιν
913 5019 1185 5093 θησαυροῦ
1253 5016 1601 5084 ἁνεκλείπτου,
1663 5023 1798 5072 κατὰ
1847 5024 1904 5074 τό

304 5104 355 5159 ἕν
413 5104 550 5178 ἄλλῳ
601 5110 742 5177 τόπῳ
799 5107 1100 5183 εἰρημένον*
1184 5113 1267 5167 Μὴ
1357 5108 1537 5182 φοϐοῦ,
1605 5114 1664 5162 τό
1719 5115 1905 5188 μικρόν

375 5287 419 5324 ιτ
454 5285 502 5340 ΙΙ
533 5289 664 5344 Cor.
699 5301 800 5357 xu,
829 5289 913 5342 14.
981 5287 1026 5320 ¹⁸
1060 5288 1080 5342 l
1113 5287 1244 5344 Cor.
1278 5289 1491 5356 vu,‘24.

375 5433 486 5496 (66)
519 5429 669 5486 Editi
713 5435 803 5482 καὶ
838 5430 997 5482 ἕνεκεν
1041 5437 1133 5481 τοῦ
1176 5429 1494 5501 Εύαγγελίου
1535 5430 1907 5485 ἑκατονταπλα-

311 5503 480 5556 σίονα.
503 5509 572 5558 At
605 5519 748 5557 mss.
775 5508 894 5557 tres
915 5501 1016 5570 ita,
1043 5508 1108 5556 ut
1136 5501 1461 5558 edidimus.

375 5573 709 5648 (67)t}odex
740 5573 906 5648 Colb.
932 5575 1178 5648 dim-310:4
1206 5581 1429 5648 χρῆσις.

377 5647 492 5709 (68)
526 5646 765 5700 Veteres
795 5645 919 5700 duo
947 5644 1077 5701 libri
1106 5644 1396 5707 πλεονεξίαν
1421 5646 1572 5705 αἰτεῖ.

379 5715 494 5790 (69)
534 5717 675 5787 Reg.
724 5715 956 5790 primus
1004 5714 1461 5793 ἕγκεχειρισμένον
1511 5723 1613 5790 ⁴τὴν
1661 5722 1907 5778 τοιαύτην

1573 5289 1618 5323 ¹⁹
1650 5287 1672 5342 Ι
1694 5287 1840 5344 Tim.
1868 5303 1950 5357 Iv,
1973 5291 2030 5346 4.

2013 4656 2094 4713 tio
2120 4657 2298 4713 nobis
2325 4657 2571 4729 prodest
2602 4657 2681 4713 ad
2710 4657 2992 4730 plurima,
3032 4673 3224 4729 eaque
3256 4656 3518 4712 maxime
3558 4670 3665 4712 ne-

2013 4747 2297 4815 cessaria,
2330 4746 2510 4820 448
2541 4745 2726 4804 modo
2754 4745 3003 4819 quidem
3041 4745 3119 4802 ad
3157 4745 3543 4802 emendanda
3561 4759 3670 4802 no-

2017 4840 2139 4893 stra
2165 4843 2450 4908 peccata;
2499 4844 2870 4911 quapropter
2919 4835 3208 4909 scriptum
3243 4841 3369 4892 est:
3427 4836 3666 4893 Verum-

2016 4933 2214 4985 tamen
2238 4927 2398 5000 quod
2414 4934 2703 4998 superest,
2731 4928 2872 4984 date
2916 4929 3397 4998 elemosynam:
3439 4931 3496 4983 et
3535 4941 3668 4984 ecce

2015 5021 2221 5076 omnia
2246 5019 2470 5075 munda
2494 5025 2635 5075 sunt
2657 5019 2820 5076 vobis
2835 5019 2883 5055 ²⁰
2909 5037 2923 5088 ;
2981 5018 3168 5074 modo
3193 5033 3336 5073 vero
3364 5015 3445 5072 ad
3474 5015 3668 5089 possi-

2014 5110 2286 5168 dendum
2314 5109 2607 5168 calorum
2634 5125 2914 5182 regnum,
2961 5114 3020 5166 et
3057 5108 3140 5167 ad
3186 5108 3537 5166 thesaurum
3560 5106 3666 5181 qui

2106 5290 2155 5325 ³ο
2179 5291 2318 5348 Luc.
2347 5305 2428 5358 ιι,
2453 5293 2542 5346 41.

2089 5429 2272 5511 assidu
2302 5436 2432 5511 μετὰ
2472 5431 2803 5511 δοκιμασίας⁸
2833 5433 3135 5511 οἰκονομεῖν.
3188 5430 3377 5488 Habet
3418 5446 3665 5511 quoque

2063 5504 2208 5580 Orssii
2235 5501 2431 5580 gdt‘lex
2468 5511 2559 5580 τὴν
2589 5501 2841 5580 φροντίδα
2869 5501 3172 5576 οἰκονομεῖν.

2111 5577 2201 5646 70)
2235 5576 2375 5644 Reg.
2409 5576 2891 5648 ιεΐῐίυὲῖξαύτών
2918 5581 3225 5648 πειρασμόν.

2093 5649 2203 5720 (71)
2232 5649 2476 5724 Antiqui
2523 5648 2647 5705 duo
2685 5647 2819 5705 libri
2859 5650 2980 5728 ὑμῖν
3005 5647 3188 5706 ἔσται.
