4114 6394
465 340 600 402 1147

1856 341 1911 398 5.
1939 339 2191 398 BASILII
2211 339 2431 398 MAGNI

3689 344 3829 402 H48

460 475 781 539 utinquam
808 461 1156 520 deiecturus
1176 470 1268 522 est
1304 467 1812 538 comparandum.
1867 464 2014 521 sicut
2060 461 2118 520 in

2233 468 2490 537 ποίμνιον.
2531 466 2610 518 ὄτι
2639 463 2935 524 ηὐδόκησεν
2965 466 2992 516 ό
3024 469 3202 539 Πατὴρ
3230 465 3371 538 ὑμῶν
3402 467 3427 518 ό
3450 465 3688 537 οὐράνιος
3709 463 3834 520 δούς

465 557 580 614 alio
624 555 758 613 loco
803 555 1033 613 dlCltlm
1081 562 1170 612 est
1191 559 1272 613 ²¹ε
1330 549 1530 615 Nolite
1568 561 1798 622 timere,
1856 550 2120 626 pusillus

461 663 636 719 grex,
665 649 810 719 quia
859 647 1221 714 complacuit
1261 649 1438 704 Patri
1478 657 1673 705 vestro
1711 648 1934 704 caelesti
1974 646 2124 701 dare

463 737 627 796 vobis
647 753 920 809 regnum.
956 737 1201 793 Vendite
1221 753 1354 811 quce
1375 738 1720 808 possidetis:
1741 746 1792 794 et
1811 737 1952 793 date
1980 735 2101 791 eiee

462 845 799 899 mosynam.
831 828 1036 884 Facite
1057 829 1218 886 vobis
1243 830 1539 898 sacculos,
1597 829 1701 902 qui
1750 844 1871 884 non
1902 832 2123 884 retera-

463 923 661 985 scunt,
694 917 1044 976 thesaurum
1074 935 1194 975 non
1227 919 1592 988 deﬁcientem
1624 921 1688 974 in
1717 918 1906 975 cceiis.

931 1027 1443 1084 INTERROGATIO
1473 1029 1658 1083 XCIII.

466 1115 580 1186 Qui
605 1117 787 1174 semel
812 1115 964 1172 bona
981 1131 1092 1172 sua
1116 1118 1384 1190 reliquit,
1408 1125 1461 1174 et
1483 1116 1640 1173 nihil
1666 1115 1983 1184 proprium
2017 1112 2124 1168 ha-

537 1205 671 1262 bere
688 1205 994 1275 professus
1021 1211 1122 1276 est,
1154 1221 1269 1278 quo
1299 1209 1502 1262 animo
1533 1205 1626 1262 uti
1642 1205 1805 1261 de'et
1837 1205 2014 1262 rebus
2043 1201 2126 1259 ad

532 1295 718 1352 vitam
745 1296 1115 1363 necessariis,
1139 1295 1330 1351 veluti
1356 1295 1570 1352 vestitu
1600 1309 1673 1352 ac
1699 1298 1883 1352 victu.

1088 1403 1496 1460 RESPONSIO.

538 1492 624 1548 Ita
649 1495 712 1547 ut
738 1491 1100 1561 meminerit,
1133 1491 1215 1548 uti
1247 1492 1537 1564 scriptum
1579 1496 1668 1547 est
1688 1492 1757 1555 ³³,
1787 1491 1973 1546 Deum
1996 1503 2127 1544 esse

465 1581 691 1655 quidat
713 1597 915 1638 escam
951 1582 1114 1638 carni
1147 1582 1334 1639 omni.
1363 1584 1782 1638 Verumtamen
1807 1595 1953 1636 cura
1973 1594 2128 1652 opus

464 1677 954 1744 est,uttanquam
985 1671 1081 1728 Dei
1113 1672 1426 1744 operarius
1458 1670 1595 1727 cibo
1625 1687 1738 1726 suo
1780 1669 1856 1726 sit
1879 1668 2127 1740 dignus,

467 1759 641 1834 isque
671 1761 731 1817 in
759 1761 949 1835 ipsius
968 1767 1260 1827 potestate
1293 1761 1528 1833 positus
1551 1777 1674 1817 non
1709 1759 1804 1820 sit.
1829 1758 1931 1815 sed
1952 1757 2030 1814 ab
2058 1771 2130 1813 eo

2232 571 2317 605 ναι
2339 556 2459 626 ὑμῖν
2479 557 2571 613 τὴν
2604 553 2897 630 βασιλείαν.
2930 554 3214 612 Πωλήσατε
3233 558 3298 607 τὰ
3327 557 3638 628 ὑπάρχοντα
3666 558 3829 629 ὑμῶν,

2232 649 2322 710 καὶ
2350 640 2385 696 δ
2389 658 2471 698 ore
2501 643 2871 718 ἐλεημοσύνην.
2906 649 3166 704 Ποιήσατε
3196 644 3392 705 ἑαυτοῖς
3441 643 3702 718 βαλάντια
3755 651 3829 720 μὴ

2232 733 2606 808 παλαιούμενα,
2629 737 2690 794 θη
2701 738 2894 812 σανρὸν
2908 732 3226 789 ἀνέκλειπτον
3248 733 3294 788 ἐν
3311 743 3417 800 τοῖς
3432 733 3672 810 οὐρανοῖς
3692 737 3831 810 (72).

2803 1029 3118 1079 arman
3157 1008 3262 1084 ΒΓ.

2232 1115 2329 1167 Τὸν
2360 1112 2501 1176 άπαξ
2531 1111 2958 1188 ἀποκτησάμενον
2986 1119 3113 1185 (73),
3155 1120 3244 1167 καὶ
3290 1111 3429 1167 ἴδιον
3475 1109 3643 1188 μηδεν
3694 1115 3838 1187 ἔχειν

2306 1203 2735 1277 ἐπαγγειλάμενον
2786 1211 2912 1278 ποίᾳ
2978 1201 3188 1277 διανοίᾳ
3233 1206 3537 1280 κεχρῆσθαι
3587 1200 3673 1258 δεῖ
3726 1212 3839 1268 τοῖς

2307 1298 2436 1372 πρὸς
2460 1298 2518 1347 τό
2562 1298 2654 1368 ζῇν
2683 1293 2999 1368 ἀναγκαίοις,
3042 1296 3147 1347 οἷον
3169 1292 3354 1354 ἐσθῆτι
3383 1299 3473 1348 καὶ
3503 1303 3692 1369 τροφῇ.

2841 1407 3221 1460 ΛΠΟΚΡΙΣῙΣ.

2310 1493 2728 1567 Μνημονεύιντα,
2755 1495 2891 1545 κατά
2907 1496 2963 1544 τό
2985 1496 3357 1567 γεγραμμένον,
3383 1492 3464 1545 ὃτι
3493 1491 3520 1544 ό
3543 1495 3672 1555 Θεὸς
3697 1490 3842 1546 ἔστιν

2239 1585 2265 1637 ό
2295 1579 2476 1644 διδούς
2521 1588 2713 1658 τροφὴν
2765 1583 2911 1657 πάσῃ
2965 1587 3142 1658 σαρκί.
3201 1581 3340 1640 Πλὴν
3395 1579 3520 1634 ἀλλά
3568 1577 3843 1655 φροντίδος

2239 1678 2418 1748 χρεία,
2454 1674 2534 1725 ἶνα
2561 1675 2625 1733 ὡς
2663 1677 2790 1726 Θεοῦ
2823 1664 3053 1747 ’ἐργάτης
3082 1671 3223 1737 ἄξιος
3317 1678 3411 1733 τῆς
3449 1678 3640 1746 τροφῆς
3679 1671 3842 1726 αὐτοῦ

2245 1766 2376 1830 (74),
2407 1766 2495 1816 καὶ
2523 1765 2720 1825 ταύτης
2749 1761 2843 1814 οὐκ
2892 1760 2940 1814 ἄν
2994 1757 3108 1833 ἰδίᾳ
3147 1760 3362 1833 ἐξουσίᾳ
3406 1765 3665 1834 κειμένης.
3711 1759 3845 1814 ἀλλά

473 1849 572 1907 cui
612 1849 722 1907 fuit
763 1866 910 1906 cura
938 1851 1068 1907 hac
1098 1851 1463 1913 concredita,
1505 1856 1565 1908 et
1600 1850 1661 1906 in
1695 1856 1964 1923 tempore
1986 1854 2043 1904 et
2069 1847 2118 1904 in

2242 1854 2385 1926 παρά
2412 1860 2503 1904 τοῦ
2528 1854 2723 1910 ταύτην
2753 1849 3152 1924 ἐπιτεταγμένον
3205 1855 3299 1908 τὴν
3348 1845 3606 1925 φροντίδα
3643 1850 3842 1904 οἰκονο-

463 1955 752 2002 mensura
779 1941 892 1998 sibi
916 1940 1426 2000 subministretur.
1449 1941 1602 1999 sicut
1632 1940 1922 2013 scriptum
1945 1938 2128 1996 est":

462 2031 783 2089 Dividebat
791 2048 867 2091 ur
887 2038 1082 2090 autem
1096 2033 1564 2104 singuh’s,prout
1578 2032 1794 2107 cuique
1805 2046 1954 2102 opus
1975 2035 2127 2086 erat.

929 2231 1449 2289 INTERROGATIO
1481 2231 1660 2288 XCIV.

463 2321 536 2380 Si
555 2322 688 2394 quis
714 2321 942 2378 relictis
968 2322 1215 2378 tributis
1241 2320 1324 2378 ad
1347 2320 1577 2388 fratres
1598 2319 2130 2390 accedat,cognati

538 2417 740 2467 autem
771 2411 958 2479 ipsius
973 2426 1086 2480 pro
1107 2412 1234 2480 ipso
1253 2410 1612 2466 divexentur
1622 2409 1698 2466 ab
1716 2409 2122 2478 exactoribus,

538 2506 742 2556 utrum
765 2500 946 2557 detur
965 2501 1105 2557 inde
1132 2499 1459 2556 hcesitandi
1479 2501 1664 2566 locus,
1689 2505 1795 2556 aut
1824 2498 2126 2568 a/feratur

535 2589 985 2660 detrimentum,
1011 2596 1137 2650 tum
1161 2589 1300 2646 huic
1324 2597 1448 2646 tum
1480 2590 1574 2654 iis,
1603 2589 1712 2665 qui
1753 2589 1931 2647 illum
1961 2602 2122 2645 rece-

531 2683 782 2751 perunt.

1084 2789 1496 2847 RESPONSIO.

534 2878 827 2936 Dominus
858 2881 1064 2935 noster
1090 2880 1261 2934 Jesus
1283 2879 1548 2935 Christus
1571 2878 1642 2935 iis
1656 2878 1763 2952 qui
1782 2893 1846 2935 se
1872 2893 2123 2952 percon-

460 2967 768 3029 tabantur.
794 2968 1076 3031 liceretne
1103 2983 1352 3024 censum
1383 2968 1599 3025 Cmsari
1621 2968 1789 3038 dare,
1838 2984 1919 3024 an
1971 2983 2118 3036 non,

454 3057 782 3133 respondet
809 3060 856 3094 ’⁸
886 3074 899 3114 :
931 3058 1237 3115 Ostendite
1261 3057 1413 3114 mihi
1447 3059 1798 3116 denarium:
1819 3060 1994 3128 cujus
2007 3057 2120 3114 ha-

2243 1945 2501 2014 μουμίνης
2530 1943 2577 1994 ἓν
2602 1960 2655 1996 τε
2679 1948 2844 2016 καιρῷ
2882 1941 2998 2012 (75)
3029 1943 3118 1992 καὶ
3146 1943 3336 2014 μέτρῳ.
3365 1942 3501 1992 κατά
3526 1942 3584 1993 τὸ
3613 1958 3844 2016 γεγραμ-

2241 2036 2390 2104 μίνον
2422 2053 2434 2067 ·
2465 2027 2738 2086 Διεδίδοτο
2781 2028 2840 2086 δι
2880 2030 3103 2106 ἑκάστῳ,
3161 2031 3348 2084 καθότι
3404 2031 3466 2082 ἄν
3519 2049 3596 2092 τις
3654 2035 3842 2104 χρείαν

2241 2117 2404 2195 εἶχεν.

2810 2234 3123 2284 sparum
3160 2211 3266 2288 SA’.

2239 2319 2355 2378 Ἐάν
2387 2339 2462 2380 τις
2492 2318 2788 2372 καταλιπὼν
2829 2325 3020 2392 φόρους
3059 2314 3333 2376 ἀδελότητι
3373 2316 3658 2392 προσέλθῃ,
3709 2313 3843 2372 οἱδὶ

2308 2411 2490 2465 οἰκεῖοι
2515 2409 2676 2463 αὐτοῦ
2702 2410 2829 2482 ὑπερ
2863 2410 3022 2462 αὐτοῦ
3064 2407 3437 2481 ἀπαιτούμενοι
3476 2405 3777 2474 θλίϐωνται,
3797 2407 3844 2462 εἰ

2305 2504 2376 2574 μὴ
2408 2505 2546 2573 φέρει
2568 2502 2680 2570 (76)
2712 2507 2865 2554 τοῦτο
2893 2495 3165 2575 διάκρισιν
3191 2502 3282 2553 καὶ
3314 2495 3518 2573 βλάϐην
3566 2498 3597 2558 ἣ
3641 2495 3837 2572 ἐκείνῳ,

2307 2589 2336 2651 ἢ
2379 2598 2484 2651 τοῖς
2514 2585 2904 2665 προσδεξαμένο
2916 2610 2979 2656 ις.

2843 2791 3221 2844 ΑΠΟΚΡῙΣΙΣ.

2230 2865 2232 2869 ’
2304 2885 2347 2932 Ο
2381 2881 2572 2951 Κύριος
2601 2878 2747 2950 ἡμῶν
2776 2874 2977 2936 Ἰησοῦς
3018 2877 3253 2950 Χριστὸς
3296 2876 3424 2949 πρὸς
3450 2875 3574 2936 τοὺς
3638 2869 3833 2947 ἐπερω-

2232 2977 2428 3030 τῶντας
2451 2970 2585 3038 (77),
2628 2967 2673 3022 εἰ
2703 2965 2874 3029 ἔξεστι
2905 2961 3091 3020 δοῦναι
3121 2973 3314 3024 κῆνσον
3368 2967 3620 3034 Καίσαρι,
3671 2961 3700 3022 ᾖ
3755 2959 3838 3027 οὒ,

2231 3063 2400 3130 φησί·
2463 3056 2668 3120 Δείξατέ
2693 3075 2784 3128 μοι
2828 3051 3076 3127 δηνάριον
3106 3075 3118 3087 ·
3166 3054 3306 3115 τίνος
3359 3055 3473 3125 ἔχει
3521 3051 3696 3104 εἰκόνα
3752 3055 3843 3104 καὶ

455 3148 548 3208 bet
577 3150 902 3220 imaginem
946 3155 1001 3205 et
1058 3149 1557 3218 inscriptionem?
1583 3165 1724 3206 cum
1773 3155 1977 3206 autem
2031 3147 2118 3203 di-

2233 3147 2523 3221 ἔπι-γραφήν
2552 3163 2565 3213 ;
2607 3154 2707 3198 τῶν
2735 3142 2794 3198 δε
2828 3144 3095 3210 εἰπόντων,
3148 3145 3224 3196 ότι
3259 3147 3540 3216 Καίσαρος,
3575 3139 3846 3214 ἀποκρίνε-

2885 3229 3164 3246 ..--.
3358 3237 3455 3246 ...
3730 3231 3830 3246 .-

453 3239 1004 3302 Iissent.Ccesaris.
1059 3238 1374 3310 respondit
1433 3239 1527 3295 his
1571 3239 1812 3296 verbis:
1866 3239 2120 3296 Reddite

455 3344 597 3399 ergo
622 3343 757 3401 qute
777 3334 919 3384 sunt
942 3329 1223 3389 Caesaris,
1250 3328 1514 3386 Ctesari:
1555 3335 1610 3386 et
1638 3344 1774 3401 qua?
1797 3335 1941 3385 sunt
1985 3329 2115 3398 Dei,

456 3420 578 3476 Deo
594 3437 616 3473 :
645 3434 784 3474 cum
810 3418 990 3488 igitur
1010 3434 1082 3475 ex
1106 3419 1221 3474 hoc
1244 3419 1629 3492 perspicuum
1653 3420 1749 3476 sit.
1773 3418 2116 3476 declarasse

457 3506 804 3574 Dominum,
838 3522 941 3562 eos
963 3506 1266 3578 subjectos
1303 3523 1435 3564 esse
1480 3507 1784 3564 mandatis
1837 3507 2113 3576 Caesaris,

456 3597 620 3671 apud
650 3612 806 3670 quos
847 3595 1233 3652 inveniantur
1261 3612 1398 3670 quae
1430 3603 1572 3654 sunt
1603 3597 1853 3654 Caesaris
1883 3615 1896 3665 ;
1951 3597 1998 3653 si
2041 3597 2112 3667 is,

457 3703 594 3744 cum
625 3692 699 3742 ad
726 3687 980 3743 fratrum
1013 3691 1377 3743 conventum
1412 3687 1685 3755 accessit,
1731 3687 1845 3743 tale
1885 3686 2113 3760 aliquid

455 3793 528 3835 ex
558 3776 648 3849 iis,
683 3792 820 3850 quae
852 3776 928 3832 ad
957 3777 1256 3832 Cesarem
1280 3776 1680 3849 pertinebant,
1707 3775 1988 3839 attulerit.
2019 3777 2118 3833 tri-

454 3866 601 3924 buta
630 3865 936 3924 exsolvere
963 3865 1163 3923 debet.
1199 3865 1371 3932 Quod
1403 3865 1452 3921 si
1486 3881 1625 3922 cum
1666 3865 1962 3936 discessit,
2005 3881 2117 3923 sua

455 3957 664 4014 omnia
694 3955 1054 4030 propinquis
1087 3954 1212 4011 suis
1243 3953 1503 4029 reliquit,
1555 3955 1760 4011 nullus
1804 3960 1897 4013 est
1942 3955 2114 4012 haesi-

452 4046 1028 4118 tandilocusmeque
1042 4045 1726 4119 ipsinequeiis,quieum
1740 4049 2112 4118 receperunt.

811 4151 992 4226 448
1043 4155 1558 4211 INTERROGATIO
1599 4155 1751 4211 XCV.

453 4243 554 4307 An
600 4243 881 4314 expediat
929 4244 1025 4313 iis,
1061 4245 1173 4315 qui
1201 4259 1408 4301 recens
1454 4245 1852 4315 advenerunt,
1910 4244 2111 4301 statim

703 4334 1176 4406 Scripturarum
1214 4335 1541 4392 sententias
1583 4334 1862 4392 ediscere.

1076 4445 1488 4504 RESPONSIO.

2228 3255 2316 3289 ται
2339 3235 2492 3288 εἰπών
2519 3256 2531 3270 ·
2563 3229 2824 3289 Ἀπόδοτε
2849 3229 2938 3286 οὖν
2968 3236 3036 3286 τά
3063 3237 3329 3307 Καίσαρος
3358 3237 3587 3307 Καίσαρι
3611 3251 3624 3264 ο
3658 3235 3748 3282 καὶ
3777 3231 3845 3282 τὰ

2227 3333 2318 3377 τοῦ
2351 3331 2484 3379 Θεοῦ
2515 3333 2588 3396 τῷ
2621 3332 2737 3396 Θεῷ
2769 3345 2782 3357 ⁸
2809 3331 3025 3399 φανεροῦ
3049 3327 3220 3376 τοίνυν
3247 3321 3300 3374 ἐκ
3326 3324 3514 3376 τούτου
3554 3324 3718 3387 ὄντος,
3760 3321 3840 3372 ὅτι

2227 3411 2373 3468 οὗτοι
2403 3416 2716 3467 ὑποκεῖσθαι
2755 3420 2864 3476 τοῖς
2891 3421 2985 3466 τοῦ
3017 3417 3280 3488 Καίσαρος
3310 3410 3665 3484 έπιτάγμασιν
3698 3405 3835 3462 ἔδεέ-

2227 3507 2444 3576 χθησαν
2475 3507 2610 3572 ί,78),
2635 3503 2756 3579 παρ’
2781 3505 2859 3566 οἷς
2899 3502 2959 3556 ἃν
2991 3505 3302 3579 εὑρίσκηται
3321 3503 3386 3554 τὰ
3415 3507 3506 3554 τοῦ
3531 3507 3794 3576 Καίσαρος
3817 3518 3832 3533 ο

2227 3595 2270 3647 εἰ
2298 3598 2388 3668 μέν
2414 3614 2463 3647 τι
2493 3602 2726 3648 τοιοῦτον
2753 3601 2854 3646 τῶν
2885 3592 2939 3646 in
2969 3600 3062 3646 τοῦ
3104 3596 3367 3667 Καίσαρος
3414 3596 3505 3644 καὶ
3548 3590 3699 3652 οὗτος
3729 3588 3837 3642 ἔπι-

2225 3684 2566 3758 κομιζόμενος
2596 3684 2668 3746 εἰς
2693 3687 2787 3742 τὴν
2819 3678 3153 3756 ἀδελφότητα
3179 3683 3321 3748 ἧκεν,
3371 3682 3642 3754 ὑπόχρεως
3698 3680 3834 3730 ἵστω

2224 3775 2338 3845 (79)
2371 3781 2477 3836 τοῖς
2507 3779 2681 3847 φόροις
2709 3794 2723 3807 ·
2776 3773 2820 3826 εἰ
2852 3769 2912 3827 δε
2940 3774 3112 3825 πάντα
3139 3769 3578 3845 προσκαταλιπὼν
3608 3775 3719 3830 τοίς
3757 3767 3832 3820 οἱ·

2224 3868 2386 3927 κείοις
2429 3863 2627 3923 ἀπῆλθε
2681 3860 2922 3937 μηδεμία
2965 3859 3235 3939 διάκρισις
3282 3864 3437 3929 ἵστω,
3486 3863 3621 3934 μήτε
3665 3857 3830 3930 αύτῷ,

2225 3959 2358 4030 μήτε
2381 3963 2489 4017 τοῖς
2529 3949 2954 4027 ὑποδεξαμένοις.

2797 4158 3111 4207 ΕΡΩΤΗΣΙΣ
3149 4137 3257 4213 SE‘.

2225 4245 2284 4302 Εἰ
2310 4249 2560 4319 συμφέρει
2589 4249 2694 4305 τοῖς
2731 4243 2853 4318 ἄρτι
2877 4246 3321 4318 προσερχομένας
3351 4239 3502 4303 εὐθὺς
3521 4242 3579 4294 τό
3603 4236 3704 4292 ἀπό
3730 4244 3832 4289 τῶν

2653 4339 2869 4408 Γραιρῶν
2911 4330 3243 4406 ἱκμανθάνειν
3268 4333 3399 4403 (80).

2831 4447 3210 4497 ΔΠΟΚΡῘΣΙΣ.

525 4536 595 4592 Et
633 4533 766 4592 haec
794 4533 930 4608 ipsa
957 4533 1220 4606 quastio
1242 4549 1312 4590 ex
1344 4533 1440 4604 iis,
1482 4549 1623 4606 quae
1664 4533 1944 4608 superius
1982 4533 2113 4606 jam

2298 4539 2400 4589 Καὶ
2457 4540 2610 4588 τοῦτο
2657 4535 2716 4588 τὸ
2787 4530 3035 4607 ἐρώτημα
3093 4533 3194 4584 ύπό
3264 4538 3364 4584 τῶν
3442 4530 3829 4605 προειρημένων

449 4623 614 4682 dicta
638 4629 798 4690 sunt,
819 4623 1202 4697 explanetur.
1237 4623 1468 4680 Etenim
1497 4639 1637 4698 quas
1661 4623 1740 4681 ad
1772 4639 1957 4681 usum
1987 4639 2118 4697 spe-

438 4720 636 4784 ctant,
667 4730 742 4773 ea
761 4729 874 4789 par
896 4717 988 4770 est
1015 4717 1071 4770 et
1099 4713 1511 4772 necessarium
1541 4713 1621 4771 ab
1644 4729 2019 4788 unoquoque
2043 4730 2118 4773 ex

524 4897 568 4934 ⁸³
600 4897 863 4963 Luc.xn,
892 4895 1093 4964 32,33.
1171 4894 1220 4930 ³³
1251 4891 1411 4951 Psal.
1443 4909 1658 4962 cxxxv,
1685 4896 1780 4952 25.

521 5096 638 5167 (72I
676 5097 820 5159 Reg.
849 5091 1194 5167 primus};
1233 5100 1340 5154 τοῖς
1391 5093 1652 5166 οὐρανοῖς,
1709 5093 1839 5144 ὅπου
1893 5089 2114 5154 κλέπτης

448 5161 548 5222 οὐκ
580 5167 775 5238 ἐγγίζει
805 5161 930 5218 οὐδε
963 5170 1062 5227 σὴς
1102 5161 1414 5238 διαφθείρει,

523 5233 814 5311 (73Ϊξῖθετ,
837 5239 1071 5311 primus
1111 5244 1168 5292 et
1189 5233 1355 5311 Coll}.
1381 5240 1468 5311 τὸν
1518 5235 1659 5311 άπαξ
1705 5233 2109 5311 ἀποταξάμενον.

523 5305 1118 5380 (74)Cnt1idesiitiem
1150 5305 1392 5367 Σπουδὴν
1426 5305 1485 5360 δε
1533 5307 1721 5380 ἔχέτω,
1769 5309 1851 5360 ἵνα
1879 5305 1951 5370 ὡς
1979 5315 2112 5361 Θεοῦ

445 5381 673 5456 ἐργάτης
699 5382 843 5444 ἄξιος
874 5382 1054 5455 εὑρεθῇ
1079 5390 1169 5442 τῆς
1196 5389 1408 5456 τροφῆς.
1444 5380 1538 5456 det
1571 5387 1768 5456 autem
1800 5386 2111 5436 strenuam

445 5451 718 5519 liberam,
755 5458 816 5506 ut
845 5451 953 5506 suo
993 5451 1156 5510 victu
1182 5451 1403 5524 dignus
1438 5451 1792 5508 inveniatur
1820 5458 2111 5524 tanquam

454 5525 567 5584 Dei
606 5525 938 5589 operarius.

531 5597 643 5667 (75)
675 5597 1068 5670 Reg._primus
1109 5603 1164 5652 et
1196 5597 1366 5656 COIh.
1409 5595 1535 5648 ἀλλά
1583 5598 1724 5670 ποιρά
1767 5603 1858 5647 τοῦ
1915 5598 2111 5670 ταύτην

455 5666 555 5731 τὴν
631 5666 883 5745 φροντίδα
955 5674 1362 5746 πεπιστευμένου
1431 5675 1519 5722 καὶ
1595 5666 1982 5743 οἰκονομοῦντος
2060 5666 2111 5724 ἐν

2225 4625 2640 4680 κατευθυνέσθω.
2682 4626 2751 4678 Τό
2798 4625 2900 4696 γὰρ
2945 4625 3072 4698 πρὸς
3117 4625 3212 4680 τὴν
3257 4625 3445 4697 χρείαν
3485 4619 3706 4674 ἕκαστον
3749 4615 3830 4670 έκ-

2225 4715 2502 4788 μανθάνειν
2540 4711 2596 4766 ἔκ
2625 4720 2717 4774 τῆς
2766 4713 3108 4768 θεοπνεύστου
3149 4717 3366 4786 Γραφῆς
3412 4708 3696 4764 ἀκόλουθον
3737 4713 3830 4763 καὶ

1854 4894 1904 4932 ’³
1933 4897 2065 4950 Act.
2096 4905 2176 4965 tv,
2205 4897 2295 4951 35.
2372 4894 2420 4931 “
2451 4894 2588 4951 Luc.
2620 4907 2719 4958 xx.
2746 4894 2926 4951 22-25,.

2222 5111 2343 5148 καιρ
2350 5113 2410 5148 ω.

2438 5163 2588 5237 Editi
2621 5167 2784 5237 φέροι,
2816 5163 3062 5237 Veteres
3098 5164 3362 5233 quatuor
3389 5159 3526 5216 libri
3558 5163 3716 5234 φέρει.

2297 5233 2411 5299 (77)
2435 5233 2636 5310 Codei
2654 5233 3085 5310 _(':91b._t:_n,o_me
3099 5251 3310 5310 σαντας.

2295 5311 2396 5370 (781
2426 5307 2664 5378 Antiqui
2692 5305 2815 5362 duo
2846 5299 2978 5363 libri
3006 5322 3143 5360 cum
3175 5306 3321 5378 Voss
3355 5302 3678 5375 ἐπιτάγμασι
3709 5299 3836 5378 ἐδι-

2224 5375 2530 5450 δάχθησαν,
2561 5375 2759 5435 edocti
2785 5385 2946 5436 sunt.
2999 5380 3207 5436 Statim
3263 5375 3387 5431 duo
3428 5392 3575 5432 mss.
3603 5375 3728 5450 παρ’
3756 5377 3838 5436 οἷς

2221 5455 2310 5503 καὶ
2341 5454 2656 5526 εὑρίσκεται.

2293 5516 2406 5579 (79ί
2428 5523 2676 5578 Codices
2697 5521 2820 5577 duo
2841 5521 3090 5593 perinde
3109 5527 3171 5575 ut
3195 5516 3638 5593 νοεε.ύποδικος
3667 5519 3830 5577 ἔστω,

2293 5595 2588 5677 (βόμβυξι.
2630 5590 2863 5677 primus
2907 5599 3119 5677 Γραφῶν
3159 5592 3457 5677 μανθάνειν.
3502 5590 3838 5664 Aliquanto

2217 5673 2356 5744 post
2385 5666 2544 5725 idem
2575 5665 2689 5722 ms.
2731 5670 2824 5725 τὴν
2861 5665 3048 5744 χρείαν
3075 5665 3322 5724 ἑκάστην,
