4114 6402
323 305 458 359 1153

1453 295 1753 352 REGULE
1790 295 2087 353 BREVIUS
2123 297 2508 356 TRACTATE

3548 310 3689 368 lt“

322 445 510 480 στασιν
573 424 815 498 γίνεσθαι
880 420 1075 495 ὀφεῖλον
1123 421 1274 491 (93).
1344 421 1740 494 Προηγούμενον
1811 421 1912 494 γὰρ

2066 419 2132 477 ed
2162 437 2308 478 casu
2337 422 2610 496 quodam
2643 424 2941 494 exigente,
2981 425 3163 484 debet
3202 428 3430 500 perﬁci.
3485 431 3687 504 Siqui-

319 520 640 590 πρόσταγμα
687 521 777 566 τοῦ
830 517 1025 588 Κυρίου
1073 511 1208 578 ἐστὶ,
1263 515 1344 578 τὸ,
1400 511 1650 568 Πώλησόν
1710 529 1804 562 σου
1853 508 1919 562 τά

322 607 650 679 ὑπάρχοντα,
693 608 783 656 καὶ
833 598 921 664 δός
973 609 1228 673 πτωχοῖς·
1281 606 1370 653 καὶ
1418 601 1591 653 πάλιν·
1636 599 1921 658 Πωλήσατε

322 698 388 748 τὰ
416 697 726 769 ὑπάρχοντα
773 694 934 765 ὑμῶν,
967 697 1056 744 καὶ
1100 688 1220 744 δότε
1249 689 1619 763 ἐλεημοσύνην.
1673 690 1732 744 Εἰ
1775 686 1834 742 δὲ
1863 691 1919 740 τό

323 785 498 847 ἄλλοις
557 785 855 855 ἄποταχθὶν
911 783 982 844 εἰς
1037 780 1222 842 ἄλλους
1278 784 1443 856 φέρειν
1500 781 1594 833 οῦκ
1645 775 1920 832 ἀκίνδυνόν

325 873 455 943 ἐστι,
504 881 595 926 τοῦ
639 878 832 948 Κυρίου
875 871 1126 942 λέγοντος,
1161 872 1239 923 ὅτι
1269 871 1382 923 Οὐκ
1429 868 1723 928 ἀπεστάλην
1765 870 1807 922 εἰ
1848 873 1919 941 μὴ

326 964 396 1027 εἰς
453 967 520 1016 τὰ
565 960 802 1036 πρόϐατα
856 963 922 1012 τὰ
975 957 1278 1013 ἀπολωλότα
1327 963 1472 1012 οῖκου
1522 959 1755 1033 Ἰσραήλ·
1810 963 1922 1021 καὶ,

325 1053 438 1106 Οὐκ
464 1055 576 1105 ἔστι
607 1053 725 1121 (94)
747 1049 900 1102 καλὸν
930 1048 1102 1103 λαϐεῖν
1128 1054 1214 1102 τόν
1241 1052 1396 1125 ἄρτον
1441 1057 1540 1101 τῶν
1585 1052 1790 1112 τέκνων,
1836 1051 1926 1100 καὶ

327 1140 504 1215 βαλεῖν
527 1145 634 1202 τοῖς
662 1143 950 1212 κυναρίοις·
982 1144 1033 1192 τί
1077 1145 1166 1192 καὶ
1209 1137 1295 1212 ἀφ’
1344 1139 1528 1192 ἑαυτοῦ
1558 1158 1640 1199 τις
1669 1137 1730 1190 οὐ
1768 1142 1928 1212 κρίνει

326 1235 384 1284 τό
414 1227 619 1282 δίκαιον
646 1246 659 1296 ;

911 1323 1224 1372 ΕΡΩΤΗΣΙΣ
1264 1316 1352 1371 ΡΒ’

321 1407 381 1462 Εἰ
409 1413 518 1482 χρὴ
551 1427 638 1460 τον
679 1406 1014 1482 ἐξερχόμενον
1047 1406 1148 1459 ἀπὸ
1182 1403 1532 1479 ἀδελφότητος
1563 1405 1681 1460 καθ’
1713 1402 1928 1464 οἱονδή-

391 1516 515 1551 ποτε
561 1497 711 1569 λόγον
738 1499 848 1568 (95)
888 1494 1218 1568 παρακλήσει
1265 1498 1609 1569 κατέχεσθαι,
1642 1498 1670 1556 ᾖ
1715 1498 1794 1549 οῦ·
1839 1499 1930 1548 καὶ

397 1586 441 1640 εἰ
460 1590 596 1660 χρὴ,
621 1584 705 1639 έπὶ
735 1590 897 1641 τίσιν.

944 1769 1323 1820 ΑΠΟΚΡΙΣΙΣ.

395 1861 499 1908 Τοῦ
531 1859 727 1929 Κυρίου
770 1854 1024 1916 εἰπόντος’
1079 1859 1177 1907 Τὸν
1236 1853 1519 1930 ἐρχόμενον
1574 1857 1704 1929 πρὸς
1759 1857 1823 1928 με
1870 1854 1928 1908 οὗ

326 1948 396 2018 μὴ
449 1942 646 1996 ἐκϐαλῶ
703 1942 818 2006 ἴξωο
878 1949 969 1996 καὶ
1009 1943 1186 1996 πάλιν⁹
1247 1944 1323 1997 Οὐ
1360 1949 1549 2018 χρείαν
1606 1948 1829 2018 ἔχουσιν
1881 1947 1930 1997 οἱ

329 2033 600 2106 ἰσχύοντες
633 2032 835 2106 ἰατροῦ,
869 2030 975 2084 ἀλλ’
1011 2034 1059 2084 οἱ
1089 2042 1263 2094 κακῶς
1293 2036 1520 2105 ἔχοντες
1550 2039 1640 2086 καὶ
1671 2033 1926 2106 ἀλλαχοῦ·

324 2128 417 2186 Τίς
445 2121 497 2186 έξ
521 2123 685 2195 ὑμῶν,
730 2124 867 2193 έχων
899 2119 1080 2174 ἑκατόν
1119 2122 1380 2196 πρόϐατα,
1416 2121 1500 2176 έάν
1530 2123 1765 2197 πλανηθῇ
1799 2123 1848 2176 ἓν
1878 2123 1931 2188 ἐξ

325 2210 493 2265 αὐτῶν
522 2253 536 2280 ,
617 2211 747 2283 οὐχὶ
827 2208 1016 2283 ἀφίησι
1100 2215 1166 2264 τὰ
1251 2211 1550 2271 ένενὴκοντα
1597 2212 1755 2280 έννέα,
1841 2219 1930 2266 καὶ

323 2303 593 2378 πορευθεὶς
624 2299 775 2361 ζητεί
802 2305 859 2353 τό
889 2300 1237 2374 πλανώμενον,
1285 2303 1377 2365 ἕως
1412 2305 1532 2356 ὅτου
1565 2303 1687 2377 εὕρῃ
1715 2321 1729 2371 ;
1773 2309 1930 2356 παντὶ

324 2397 499 2467 τρόπῳ
527 2394 634 2466 χρὴ
677 2393 766 2442 τόν
793 2388 1111 2443 ἀσθενοῦντα
1141 2393 1458 2464 Θεραπεῦειν,
1488 2398 1578 2445 καὶ
1610 2389 1930 2454 σπουδάζειν

327 2483 440 2553 (96)
465 2483 521 2533 τέ
551 2479 953 2554 έξηρθρωμένον,
985 2482 1067 2532 ἱνα
1088 2483 1252 2542 οὕτως
1277 2484 1422 2549 είπω,
1455 2481 1601 2554 μέλος
1631 2481 1928 2557 έναρθροῦν,

328 2570 450 2622 Ἐὰν
500 2566 559 2622 δε
606 2567 817 2642 έπιμένη
866 2577 928 2642 τῇ
981 2574 1140 2642 κακίᾳ
1178 2567 1552 2642 οἰᾳδηποτοῦν,
1606 2570 1808 2645 ἀφιέναι
1864 2574 1933 2634 ὡς

330 2658 617 2735 ἀλλότριον.
661 2664 958 2734 Γέγραπται
995 2662 1120 2733 γάρ,
1153 2660 1234 2712 ὅτι
1280 2665 1436 2714 Πᾶσα
1477 2667 1678 2734 φυτεία,
1735 2663 1796 2722 ἢν
1839 2663 1934 2716 οὐκ

331 2747 604 2821 ἐφύτευσεν
647 2750 674 2801 ό
731 2754 912 2822 Πατήρ
959 2769 1061 2821 μου
1109 2750 1136 2801 ό
1187 2749 1446 2825 οὐράνιος,
1497 2751 1932 2827 έκριζωθήσεται,

332 2837 519 2912 ’Ἄγετε
545 2838 755 2902 αὐτούς·
787 2838 971 2911 τυφλοί
1002 2838 1153 2893 εἰσιν.

917 3111 1234 3162 ΕΡΩἸἮΣΙΣ
1271 3106 1359 3160 ΡΓ’

338 3194 458 3250 Ὅτι
486 3199 578 3272 μεν
607 3215 718 3272 χρη
769 3203 878 3260 τοῖς
907 3196 1278 3273 πρεσϐυτέροις
1324 3197 1418 3259 ἕως
1452 3198 1674 3250 Θανάτου
1703 3197 1940 3250 ὑποτάσ-

412 3291 622 3357 σεσθαι,
648 3297 802 3342 τοῦτο
831 3286 939 3348 ἤδη
973 3286 1364 3363 ἐδιδάχθημεν
1399 3285 1580 3348 ἐπειδὴ
1612 3287 1672 3343 δε
1707 3289 1940 3363 συμϐαί-

406 3397 480 3430 νει
509 3381 581 3438 εἷς
609 3396 726 3430 τινα
753 3383 843 3429 και
883 3378 1037 3430 αὐτόν
1088 3378 1400 3431 ὀλισθαίνειν
1441 3383 1527 3431 τόν
1570 3378 1940 3454 πρεσϐύτερον,

407 3466 452 3520 εἰ
478 3462 590 3519 δέοι
619 3465 773 3519 αὐτόν
824 3465 1151 3539 ἐλέγχεσθαι,
1182 3473 1274 3520 καὶ
1321 3475 1445 3532 πῶς,
1479 3472 1569 3520 καὶ
1597 3471 1740 3543 παρὰ
1767 3474 1939 3536 τίνων,

410 3550 747 3627 διδαχθῆναι
783 3551 1029 3628 δεόμεθα’
1067 3554 1110 3608 εἰ
1137 3552 1197 3607 δε
1225 3560 1296 3628 μὴ
1330 3553 1706 3628 καταδέχοιτο,
1747 3561 1799 3608 τί
1827 3561 1938 3630 χρή

407 3647 653 3718 γενέσθαι
673 3651 810 3716 (97).

951 3740 1325 3792 ΑΠΟΚΡΙΣΙΣ.

411 3831 538 3903 Περὶ
582 3829 777 3880 τούτων
807 3827 1012 3902 εἴρηται
1060 3835 1233 3900 eam;
1281 3825 1329 3879 έν
1372 3833 1434 3900 τῇ
1477 3826 1772 3902 πλατυτέρα
1819 3824 1921 3879 ἀπο

340 3922 534 3992 κρίσει.

912 4011 1226 4060 ΕΡΩΤΗΣῙΣ
1268 4004 1376 4060 ΡΔ’.

342 4101 458 4159 Πως
515 4101 624 4172 χρὴ
686 4099 780 4159 τὰς
823 4092 1117 4171 φροντίδας
1161 4095 1478 4170 ἐγχειρίζειν
1521 4103 1627 4158 τοῖς
1679 4091 1945 4170 ἀδελφοῖς·

412 4205 570 4259 μόνου
614 4195 706 4238 τοῦ
754 4204 1081 4258 προεστωτος
1127 4192 1221 4244 τὴν
1271 4183 1593 4259 δοκιμασίαν
1639 4191 1948 4258 ποιουμένου

417 4282 554 4343 .98t,
604 4277 632 4336 ἦ
683 4279 905 4327 καὶτῶν
951 4271 1183 4347 ἀδελρών
1225 4275 1612 4350 ψηφιζομένων·
1661 4278 1847 4349 ὁμοίως
1890 4273 1950 4329 δε

414 4375 504 4419 καί
530 4365 578 4420 έν
611 4371 728 4426 ταῖς
759 4361 1031 4436 ἀδελφαῖς.

949 4457 1325 4508 ΑΠΟΚΡΙΣῙΣ.

375 4543 476 4599 ,Εἰ
539 4547 656 4618 περὶ
712 4539 780 4595 ὧν
842 4550 1015 4618 φρονεί
1070 4543 1310 4609 ἕκαστος,
1373 4540 1712 4596 ἀνατίθεσθαι
1765 4543 1952 4619 ἑτέροις

343 4629 641 4708 έδιδάχθη,
671 4653 818 4706 πόσῳ
860 4633 1050 4707 μᾶλλον
1092 4637 1158 4686 τὰ
1203 4643 1424 4686 τοιαῦτα
1451 4635 1580 4706 μετὰ
1627 4631 1951 4707 δοκιμασίας

343 4734 443 4778 τῶν
503 4727 573 4787 εἰς
625 4733 780 4778 τοῦτο
832 4719 1143 4782 ἐπιτηδείων
1199 4725 1437 4795 γίνεσθαι
1484 4740 1641 4798 χρη;
1699 4727 1769 4787 ὡς
1817 4731 1950 4778 Θεοῦ

1979 4495 2026 4551 D

2025 510 2167 567 dem
2185 511 2541 584 primarium
2567 514 2798 570 Domini
2821 521 3188 586 praeceptum
3205 517 3353 574 illud
3365 526 3472 576 est:
3497 522 3691 578 Vende

2027 616 2160 672 quae
2183 600 2382 663 habes,
2410 609 2462 658 et
2489 603 2569 658 da
2589 602 2959 672 pauperibus
2984 605 3052 671 37;
3087 610 3144 660 et
3166 621 3404 664 rursus:
3447 609 3696 668 Vendite

2030 704 2162 761 quae
2199 684 2531 760 possidetis,
2572 697 2627 748 et
2667 692 2808 747 date
2847 692 3281 762 eleemosynam
3305 696 3375 752 ³⁸.
3424 697 3600 762 Quod
3646 697 3692 755 si

2029 793 2153 834 non
2183 779 2310 835 sine
2341 781 2608 852 periculo
2647 780 2727 838 ad
2775 779 2928 836 alios
2970 781 3327 839 transfertur
3355 785 3522 857 quod
3564 786 3698 844 aliis

2031 867 2403 926 destinatum
2423 875 2532 940 est,
2550 885 2689 926 cum
2721 871 3010 926 Dominus
3032 869 3226 928 dicat:
3251 873 3386 929 Non
3407 890 3538 932 sum
3565 877 3700 933 mis-

2032 974 2131 1014 sus
2158 959 2274 1013 nisi
2302 958 2384 1015 ad
2409 974 2562 1029 oves,
2604 974 2740 1031 quae
2786 961 3100 1029 perierunt
3149 961 3358 1017 domus
3402 964 3594 1020 Israel
3615 965 3694 1033 3’;

2034 1049 2176 1103 item
2201 1064 2214 1102 :
2235 1047 2375 1103 Non
2405 1055 2487 1103 est
2534 1048 2753 1106 bonum
2800 1064 3033 1106 sumere
3065 1065 3284 1120 panem
3316 1053 3614 1123 ﬁliorum,
3643 1060 3700 1110 et

2035 1138 2297 1206 abjicere
2320 1138 2558 1193 catellis
2576 1139 2646 1206 ιο,
2672 1136 2889 1210 quidni
2915 1143 2974 1194 et
3018 1154 3053 1195 α
3080 1155 3143 1194 se
3172 1141 3434 1214 quisque
3470 1142 3703 1214 judicet

2035 1225 2204 1298 quod
2223 1226 2460 1298 justum
2486 1232 2575 1283 est
2602 1227 2629 1281 Ἰ

2525 1317 3039 1373 INTERROGATIO
3092 1319 3206 1376 CII.

2038 1405 2134 1460 An
2161 1419 2518 1477 quacunque
2547 1405 2621 1461 de
2645 1420 2828 1461 causa
2859 1422 2888 1462 e
2915 1407 3189 1475 fratrum
3220 1421 3511 1466 conventu
3541 1425 3704 1483 egre-

2108 1493 2366 1550 dientem
2396 1494 2778 1550 exhortando
2805 1501 3077 1564 oporteat
3109 1496 3396 1565 detinere,
3425 1514 3506 1555 an
3537 1512 3704 1570 non;

2109 1589 2187 1648 et,
2216 1585 2269 1639 si
2295 1590 2549 1653 oportet,
2580 1584 2796 1655 quibus
2819 1585 3063 1642 tandem
3092 1587 3534 1646 conditionibus
3562 1590 3708 1647 deti-

2109 1673 2349 1730 nendus'
2369 1675 2471 1730 sit.

2664 1765 3080 1822 RESPONSIO.

2111 1855 2260 1910 Cum
2309 1852 2599 1909 Dominus
2642 1853 2893 1910 dixerit:
2937 1854 3090 1911 Eum
3126 1857 3231 1927 qui
3276 1858 3435 1914 venit
3465 1858 3549 1914 ad
3591 1875 3704 1932 me,

2038 1958 2160 1998 non
2190 1944 2432 2012 ejiciam
2456 1943 2629 2012 foras
2651 1943 2721 2010 ⁴¹;
2746 1959 2818 1998 ac.
2847 1959 3088 2000 ruisum
3117 1961 3130 2000 :
3162 1945 3301 2001 Non
3327 1954 3410 2003 est
3437 1964 3586 2018 opus
3609 1965 3708 2006 va-

2041 2033 2302 2090 lentibus
2333 2033 2739 2100 medicus,sed
2758 2034 2919 2088 male
2937 2033 3292 2092 habentibus
3316 2037 3363 2071 "
3378 2049 3399 2106 ,'
3423 2043 3478 2093 et
3498 2038 3617 2094 alio
3643 2039 3704 2096 in

2037 2123 2171 2180 loco
2190 2141 2212 2178 .·
2235 2122 2376 2190 Quis
2401 2138 2476 2179 ea:
2507 2122 2670 2178 vobis
2692 2122 2916 2179 habens
2938 2130 3175 2180 centum
3207 2141 3358 2196 oves,
3390 2129 3444 2182 si
3463 2128 3707 2186 aberra-

2039 2214 2192 2269 verit
2211 2227 2334 2268 una
2363 2228 2432 2268 e1
2460 2212 2750 2281 ipsis,non
2773 2211 3026 2267 dimittit
3045 2217 3382 2284 nonaginta
3400 2232 3627 2286 novem,
3651 2224 3707 2274 et

2035 2303 2348 2374 profectus
2371 2305 2593 2376 quaerit
2623 2302 3059 2370 errabundum,
3091 2305 3278 2361 donec
3307 2307 3602 2363 invenerit
3628 2307 3708 2364 "?

2041 2392 2188 2450 nihil
2216 2409 2330 2448 non
2359 2391 2778 2449 adhibendum
2802 2398 2890 2448 est
2910 2393 2989 2448 ad
3011 2393 3348 2450 curandum
3372 2395 3705 2465 inﬁrmum,

2041 2489 2222 2556 atque
2247 2482 2456 2539 danda
2495 2487 2585 2538 est
2621 2480 2835 2538 sedula
2865 2497 3074 2554 opera,
3125 2489 3188 2539 ut
3217 2482 3492 2542 luxatum
3519 2501 3709 2544 mem-

2042 2573 2244 2633 brum.
2276 2578 2340 2628 ut
2382 2570 2462 2629 ita
2509 2570 2732 2642 dicam,
2767 2570 2828 2628 in
2873 2587 3051 2628 suum
3085 2571 3286 2630 locum
3339 2574 3706 2633 restituatur.

2043 2662 2214 2728 Quod
2245 2662 2295 2718 si
2321 2663 2380 2719 in
2403 2677 2514 2718 suo
2543 2661 2704 2729 vitio,
2732 2661 3155 2737 qualecunque
3173 2663 3420 2722 tandem
3449 2667 3548 2737 sit,
3580 2683 3710 2740 per-

2044 2752 2555 2820 severaverit,tum
2579 2751 2829 2824 perinde
2849 2757 3033 2825 atque
3053 2752 3289 2810 alienus
3313 2755 3708 2814 dimittendus

2045 2845 2154 2897 est.
2181 2841 2482 2912 Scriptum
2507 2839 2797 2896 estenim:
2823 2841 3024 2896 Omnis
3043 2841 3348 2910 plantatio
3375 2859 3557 2915 quam
3586 2859 3708 2901 non

2041 2932 2342 3002 plantavit
2365 2932 2552 2987 Pater
2572 2945 2736 2987 meus
2756 2931 3026 2998 celestis,
3052 2933 3482 2991 eradicabitur.
3515 2935 3710 2992 Sinite

2045 3021 2206 3088 illos,
2240 3021 2381 3078 caeci
2402 3023 2542 3076 sunt
2569 3021 2636 3074 δι.

2528 3108 3044 3165 INTERROGATIO
3085 3109 3222 3166 Clll.

2047 3200 2219 3268 Quod
2236 3198 2472 3272 quidem
2493 3197 2829 3255 senioribus
2847 3197 3186 3267 parendum
3197 3201 3275 3255 sit
3304 3201 3401 3257 vel
3422 3216 3608 3274 usque
3625 3203 3709 3260 ad

2118 3287 2504 3354 mortem,hoc
2511 3291 2648 3358 jam
2669 3287 3019 3343 didicimus:
3046 3303 3250 3344 verum
3277 3293 3561 3361 quoniam
3594 3307 3706 3349 usu

2116 3380 2280 3436 venit
2304 3393 2766 3449 nonnunquam.
2794 3383 2860 3432 ut
2891 3383 2945 3433 et
2977 3378 3104 3446 ipse
3125 3382 3326 3434 senior
3365 3381 3612 3437 labatur
3642 3384 3706 3438 in

2117 3468 2450 3540 aliquibus,
2479 3483 2560 3524 an
2591 3469 2665 3522 sit
2694 3469 2817 3536 ipse
2836 3466 3314 3538 redarguendus,
3337 3475 3390 3526 et
3416 3473 3708 3544 quomodo

2119 3564 2174 3615 et
2204 3573 2240 3613 a
2269 3557 2508 3629 quibus.
2529 3556 2764 3612 edoceri
2778 3557 3162 3625 postulamus
3181 3571 3205 3628 ,'
3245 3559 3299 3614 si
3325 3574 3464 3616 vero
3496 3561 3560 3617 id
3587 3578 3709 3617 non

2117 3648 2302 3717 ferat,
2333 3645 2483 3717 quid
2494 3645 2852 3715 faciendum
2887 3651 2991 3701 est.

2679 3735 3088 3791 RESPUNSIO.

2125 3825 2202 3881 De
2232 3824 2327 3881 his
2357 3820 2670 3880 enucleate
2715 3823 2945 3879 dictum
2985 3829 3074 3880 est
3103 3823 3162 3880 in
3207 3822 3417 3882 latiore
3460 3841 3710 3901 respon-

2051 3932 2222 3972 ssone

2429 4000 2605 4076 452
2653 4003 3165 4061 INTERROGATIO
3208 4005 3340 4062 CIV.

2056 4093 2358 4164 Ou..mudo
2393 4096 2602 4150 debent
2629 4094 2930 4162 fratribus
2960 4110 3212 4150 munera
3243 4101 3295 4151 et
3335 4097 3540 4164 ofﬁcia
3565 4113 3714 4155 com-

2127 4185 2321 4240 mitti:
2361 4193 2562 4238 utrum
2595 4200 2629 4238 ιι
2677 4185 2804 4239 solo
2847 4184 3094 4253 prae/ert
3117 4209 3132 4237 ι
3155 4186 3239 4239 ita
3259 4186 3603 4252 judicunte.
3629 4205 3711 4245 an

2127 4275 2306 4331 etiam
2329 4291 2363 4326 η
2377 4274 2680 4343 fratribus
2703 4275 3062 4343 su/frugium
3072 4275 3410 4343 ferentibus
3423 4293 3445 4331 .'
3465 4275 3718 4350 itemque

2129 4367 2190 4420 in
2213 4364 2517 4420 sororibus
2542 4362 2840 4419 similiter.

2683 4455 3100 4512 RESPONSIO.

2132 4544 2187 4601 Si
2222 4543 2644 4617 unusquisque
2681 4559 2755 4599 ea
2793 4559 2930 4616 quas
2961 4543 3159 4609 sentit,
3204 4543 3336 4601 aliis
3380 4559 3718 4619 proponere

2056 4635 2307 4691 edoctus
2327 4642 2439 4701 est,
2469 4640 2701 4706 quanto
2728 4635 2922 4701 magis
2947 4649 3083 4704 quas
3106 4642 3245 4689 sunt
3273 4634 3720 4705 hujusmodinea

2056 4724 2181 4780 ﬁeri
2213 4721 2455 4791 debent,
2487 4723 2760 4778 adhibito
2789 4738 3021 4778 eorum.
3051 4723 3151 4795 qui
3174 4722 3252 4779 ad
3277 4723 3388 4780 hoc
3411 4723 3533 4796 apti
3556 4731 3716 4797 sunt,

344 4815 642 4888 οἰκονομίας
698 4815 830 4866 κατά
883 4816 1011 4866 Θεὸν
1052 4811 1358 4885 ὀφειλούσης
1407 4812 1801 4888 ἐγχειριζεσθαι
1837 4817 1938 4885 (99]

2066 4810 2330 4883 iudicio?
2381 4828 2571 4885 quare
2615 4811 2712 4868 Dei
2770 4811 3080 4882 negotium
3137 4813 3475 4869 secundum
3527 4813 3718 4872 Deum

343 4911 455 4966 τοῖς
484 4901 591 4964 ἤδη
625 4899 896 4965 ἀπόδειξιν
928 4898 1197 4954 δεδωκόσι
1226 4910 1318 4955 τοῦ
1361 4899 1624 4955 ὃννασθαι
1657 4902 1947 4978 εὐαρέστως

419 5022 462 5056 ³⁷
509 5024 648 5077 Luc.
673 5036 828 5087 xvui,
854 5023 944 5074 2'2.
1021 5020 1069 5054 ³⁸
1114 5021 1380 5092 1,ιιο.νχη,
1406 5023 1494 5076 33.
1573 5021 1620 5056 ³⁹
1663 5021 1862 5076 Matth.
1888 5036 1976 5092 xv,
2007 5022 2096 5076 24.

347 5093 396 5129 ⁸³
434 5093 631 5150 Matth.
661 5107 822 5155 xvui,
869 5096 950 5146 12.
1031 5093 1077 5126 ⁸⁵
1118 5091 1320 5149 Matth.
1349 5107 1440 5160 xv,
1497 5095 1578 5157 t3,
1620 5095 1704 5147 14.

418 5195 530 5260 (93)
561 5192 724 5248 Unus
756 5205 867 5245 ms.
901 5192 1037 5259 Reg.
1065 5191 1306 5260 γίνεσθαι
1329 5189 1541 5262 ὀφείλει.

419 5264 532 5334 (94)
562 5267 701 5331 Reg.
734 5262 966 5334 primus
994 5266 1087 5334 xui
1114 5263 1195 5313 ὅτι
1221 5262 1315 5334 οῦκ
1359 5264 1489 5334 ἔστι.

417 5329 527 5408 (95)
561 5329 699 5399 Περὶ,
735 5329 1089 5408 tertius‘xab'
1130 5329 1438 5391 οἱονδήποτε
1465 5333 1637 5405 λόγον.
1677 5331 1787 5388 Alii
1828 5330 1952 5408 duo

351 5400 588 5464 mssfet
637 5408 804 5460 Voss.
836 5400 1131 5477 οἰῳδῄποτε
1167 5420 1361 5477 τροπῳ,
1396 5400 1623 5460 omissa
1653 5405 1951 5477 praeposi-

351 5455 1360 5547 sanitatemsumasne:

427 5554 537 5624 (νϐ)
567 5552 706 5621 Reg.
748 5548 986 5624 primus
1028 5553 1118 5624 καὶ
1159 5545 1481 5624 σπουδάζειν
1526 5552 1673 5624 χρή.
1713 5550 1828 5604 Nec
1871 5548 1953 5624 ita

2058 4902 2546 4959 concredendum
2581 4906 2669 4957 est
2699 4899 2769 4957 iis
2798 4901 2902 4974 qui
2936 4918 3001 4954 se
3027 4901 3158 4973 jam
3190 4902 3562 4959 ostenderint
3589 4920 3717 4961 cre-

2193 5021 2240 5055 ⁴⁰
2279 5018 2426 5076 ibid.
2456 5021 2546 5074 40.
2623 5020 2665 5053 ’δ’
2709 5020 2882 5074 Joan.
2921 5035 2994 5086 vr,
3027 5022 3116 5074 37.
3195 5019 3241 5054 ‘3
3281 5017 3480 5087 Matth,
3511 5035 3586 5089 IX,
3630 5023 3718 5079 t2.

2057 5195 2199 5248 sunt
2228 5189 2407 5246 duces
2437 5203 2754 5247 caecorum.

2133 5266 2242 5333 (97)
2284 5263 2445 5334 Unus
2473 5262 2662 5334 codex
2695 5263 2834 5326 Reg.
2863 5263 2916 5313 τί
2935 5263 3045 5334 χρὴ
3074 5258 3334 5332 γίνεσθαι.

2131 5326 2247 5396 (93)
2289 5332 2434 5402 Reg.
2469 5333 2701 5404 primus
2731 5326 3056 5404 προεστᾶἶτος
3081 5326 3179 5390 ⁷τὴν
3220 5326 3474 5406 φροντιδα
3501 5337 3591 5386 καὶ
3625 5339 3718 5393 τὴν

2061 5401 2381 5476 δοκιμασίαν
2398 5401 2736 5476 ποιουμένου.

2133 5465 2244 5550 (99)
2287 5478 2518 5550 Veteres
2547 5465 2671 5550 duo
2699 5475 2831 5550 libri
2863 5477 2927 5536 ὡς
2955 5481 3083 5550 Θεου
3114 5476 3412 5550 οἰκονομίαν
3438 5479 3571 5529 κατὰ
3595 5479 3721 5530 Θεὸν

2061 5547 2369 5636 ὸτιίὶρυσαν
2418 5547 2852 5636 ἐγχειρίζεσθαί.
2908 5547 3093 5604 Paulo
3151 5547 3297 5621 post
3333 5548 3522 5605 iidem
3571 5564 3718 5604 mss.

354 5615 546 5677 multo
576 5615 716 5692 poit
735 5615 900 5677 Culb.
944 5617 1126 5692 τυφλοί
1170 5619 1302 5672 εἰσιν
1339 5615 1782 5692 ὀδηγοῐῖυφλῶν,
1814 5634 1938 5677 ρεστ

2066 5615 2354 5695 εὐαρέστως
2383 5615 2456 5688 τῷ
2476 5615 2623 5690 Θεῷ.
