4114 6386
448 284 585 366 uss

1825 298 1884 354 8.
1925 292 2174 352 BASILII
2213 289 2435 350 MAGV'I

3678 306 3818 362 H56

361 421 366 424 ’
445 435 569 492 dito
602 447 848 490 munere
878 429 1046 498 fungi
1075 441 1254 500 posse
1292 424 1478 482 modo
1523 423 1776 482 Domino
1807 428 1999 491 grato.
2039 420 2090 475 El

2210 424 2282 488 τῷ
2317 423 2492 492 Κυρίῳ
2534 424 2590 474 τὸ
2640 420 2969 498 ἐγχειρισθῆ
3017 423 3319 498 οἰκονομεῖν.
3364 432 3465 481 Καὶ
3493 429 3717 483 καθόλου
3767 431 3818 484 ἐν

443 522 504 578 in
537 539 781 578 summa
810 518 1217 577 necessarium
1258 515 1433 572 fuerit
1458 514 1805 588 praefectum
1840 511 1898 567 in
1936 508 2102 566 omni

445 614 689 684 negotio
721 627 907 667 sacrae
949 610 1267 682 Scriptura:
1312 605 1683 674 meminisse,
1718 619 1854 677 quae
1886 601 1970 657 sic
1999 599 2102 656 ha-

443 702 582 760 bet:
616 703 740 760 Fac
763 702 964 759 omnia
995 717 1130 756 cum
1158 698 1408 754 consitio
1436 697 1503 751 ⁸⁸.

944 788 1460 847 INTERROGATIO
1493 787 1600 842 CV.

443 882 738 956 Nunquid
757 883 804 938 ii
823 882 933 954 qui
951 880 1246 937 accedunt
1267 877 1348 934 ad
1362 878 1592 947 fratres
1623 872 1875 930 debeant
1896 869 2101 928 statim

1031 977 1194 1027 artes
1232 967 1513 1024 ediscere.

1070 1057 1477 1115 RESPONSIO.

519 1151 823 1226 Praepositi
845 1149 1226 1223 judicabunt.

925 1237 1442 1297 INTERROGATIO
1485 1237 1618 1293 CVI.

446 1349 802 1422 Cujusmodi
817 1349 1022 1406 multis
1040 1349 1100 1402 in
1118 1347 1390 1416 fratrum
1414 1344 1693 1400 societate
1722 1342 1811 1397 uti
1834 1344 2103 1411 oporteat

798 1439 880 1497 ad
909 1443 1254 1507 peccatores
1293 1433 1745 1491 convertendos.

1064 1545 1477 1603 RESPONSIO.

512 1659 774 1730 Tempus
805 1661 862 1712 et
888 1655 1111 1711 modus
1135 1653 1597 1726 praepositorum
1616 1649 1846 1722 judicio
1892 1647 2102 1704 decer-

2210 512 2365 559 παντὶ
2418 512 2692 584 πράγματι
2747 516 2832 565 τὸν
2884 524 3190 590 προσετώτα
3254 520 3588 590 μνημονεύειν
3646 521 3818 593 ἀναγ-

2210 605 2356 650 καῖον
2395 607 2485 661 τῆς
2538 600 2689 674 ἁγίας
2729 608 2806 675 (ί)
2863 611 3067 679 Γραφῆς
3111 605 3383 678 λεγούσης·
3432 612 3574 663 Μετὰ
3622 607 3820 684 βουλῆς

2210 707 2380 741 παντα
2408 709 2474 742 πο
2482 709 2565 746 ιιι.

2783 790 3097 840 ΕΡΩΤΗΣῘΣ
3130 785 3239 843 ΡΗ.

2213 867 2273 920 Εἰ
2323 873 2434 944 χρὴ
2490 874 2613 936 τοὺς
2665 876 3062 949 εἰσερχομένους
3111 876 3184 938 εἰς
3255 872 3586 950 ἀδελφότητα
3637 878 3822 944 εὐθέως

2743 969 2930 1036 τέχνας
2970 961 3248 1019 διδάσκειν
3266 1009 3278 1023 .

2817 1060 3170 1109 ΔΠΟΚΡΙΣῘΣ
3196 1097 3209 1111 .

2283 1139 2350 1191 Οἱ
2383 1149 2695 1214 προεστῶτες
2727 1137 3136 1216 δοκιμάσουσιν.

2783 1239 3096 1287 armum
3133 1235 3240 1300 Ρς·’.

2215 1343 2389 1400 ῐιοίοις
2420 1338 2698 1414 ἐπιτιμίοις
2719 1344 3020 1416 κεχρῆσθαι
3045 1339 3127 1396 δεῖ
3161 1343 3207 1396 ἐν
3235 1341 3549 1419 ἀδελφοτητι
3575 1349 3694 1423 τρός
3722 1354 3822 1408 τῆν

2555 1439 2652 1482 τῶν
2692 1429 3091 1508 ἁμαρτανόντων
3123 1433 3463 1510 ἐπιστροφήν.

2820 1547 3202 1597 ΑΠΟΚΡΙΣΙΣ.

2284 1645 2366 1700 Ἐν
2392 1652 2454 1719 τῇ
2487 1655 2586 1698 τῶν
2612 1654 2951 1723 προεστώτων
2979 1646 3274 1725 δοκιμασίᾳ
3295 1653 3630 1726 γνωριζέσθω
3657 1655 3683 1706 ὁ
3703 1674 3825 1709 και-

440 1760 641 1817 natur,
675 1748 958 1819 spectatis
990 1752 1117 1802 tum
1147 1745 1350 1814 vigore
1375 1759 1446 1798 ac
1472 1747 1644 1797 astate
1675 1739 2090 1813 corporis,tum

2209 1739 2296 1808 ρός
2321 1741 2410 1789 καὶ
2440 1738 2466 1789 ὁ
2499 1756 2684 1812 τροπος
2714 1741 2847 1792 κατά
2877 1757 2932 1792 τε
2961 1743 3056 1798 τήν
3093 1740 3301 1800 ἠλικίαν
3331 1751 3424 1796 τοῦ
3458 1753 3699 1817 σώματος
3725 1750 3822 1799 καὶ

440 1837 654 1895 habitu
684 1837 892 1903 animi,
928 1843 1050 1893 tum
1079 1835 1424 1892 discrimine
1455 1831 1706 1905 peccati.

921 1943 1433 2000 INTERROGATIO
1475 1942 1635 1997 CVII.

443 2051 510 2110 Si
529 2052 660 2124 quis
683 2052 845 2108 dicat
866 2067 1085 2121 cupere
1104 2065 1163 2106 se
1183 2066 1314 2105 cum
1335 2047 1633 2118 fratribus
1653 2047 1868 2112 vicere,
1882 2045 1986 2101 sed
2011 2050 2098 2100 ta-

514 2159 648 2198 men
671 2146 921 2212 propter
939 2141 1279 2212 obsequium
1301 2139 1460 2210 quod
1479 2139 1600 2193 suis
1619 2135 1944 2193 secundum
1966 2150 2097 2190 car-

512 2248 645 2289 nem
705 2231 1063 2304 propinquis
1109 2228 1524 2300 praestandum
1573 2233 1692 2292 est,
1753 2231 1858 2282 aut
1915 2226 2094 2280 etiam

509 2327 763 2393 propter
792 2323 1023 2377 tributa
1052 2336 1206 2388 saepe
1235 2320 1606 2388 impediatur
1635 2315 1951 2389 quominus
1977 2331 2098 2370 om-

513 2417 659 2468 nino
688 2412 1097 2480 amplectatur
1119 2409 1469 2480 huiusmodi
1496 2409 1700 2476 vitam,
1726 2422 1807 2463 an
1828 2419 2097 2463 accessus

515 2503 595 2560 ad
619 2504 850 2573 fratres
881 2502 935 2558 ei
956 2501 1232 2571 permitti
1260 2498 1490 2556 debeat.

1065 2608 1479 2665 RESPONSIO.

512 2717 748 2791 Cupido
785 2715 1032 2789 quidem
1064 2715 1219 2788 aequi
1251 2713 1517 2786 bonique
1557 2728 1682 2770 non
1730 2711 2100 2769 exscinditur

439 2809 568 2866 sine
590 2808 894 2880 periculo:
936 2821 1134 2878 neque
1164 2811 1366 2862 tamen
1392 2804 1468 2872 ei,
1509 2803 1616 2877 qui
1653 2803 1837 2860 semel
1865 2803 2095 2873 ingres-

442 2915 547 2955 sus
571 2897 665 2967 sit,
698 2903 939 2968 tempus
958 2902 1016 2952 et
1039 2895 1384 2952 facultatem
1405 2911 1500 2950 res
1526 2899 1807 2950 externas
1826 2900 1884 2949 et
1913 2911 1950 2950 a
1977 2894 2098 2950 vita

439 2987 774 3044 secundum
809 2987 993 3042 Deum
1041 2986 1313 3042 instituta
1342 2986 1570 3042 alienas
1613 2984 1906 3041 tractandi
1949 2982 2097 3040 dare

440 3081 636 3134 tutum
667 3082 772 3133 est.
822 3078 995 3142 Quod
1023 3076 1072 3132 si
1097 3076 1408 3146 ingressus
1437 3075 1574 3148 quis
1615 3075 1882 3147 seipsum
1913 3073 2096 3130 rebus

2208 1823 2312 1887 ἕξιν
2336 1823 2546 1898 ψυχῆς,
2577 1831 2668 1880 καὶ
2697 1827 3072 1902 ἁμαρτηματος
3105 1825 3383 1907 διαφοράν.

2776 1941 3092 1990 ΕΡΩΤΗΣΙΣ
3134 1937 3244 1994 ΡΖ’.

2207 2029 2326 2096 Ἐάν
2372 2061 2452 2103 τις
2498 2041 2776 2116 ἐπιθυμίαν
2824 2045 2967 2116 ἔχειν
3005 2043 3126 2118 λέγῃ
3172 2046 3251 2118 (2)
3301 2053 3393 2099 τοῦ
3444 2047 3611 2121 συζῇν
3658 2045 3821 2103 ἀδελ-

2279 2138 2485 2205 φότητι,
2523 2128 2614 2186 διὰ
2641 2129 2701 2186 δι
2731 2138 2824 2193 τὴν
2873 2138 3003 2208 πρὸς
3041 2140 3162 2198 τοὺς
3206 2135 3429 2199 οἰκείους
3473 2142 3604 2191 κατὰ
3646 2142 3824 2215 σάρκα

2280 2224 2574 2298 θεραπείαν,
2607 2225 2636 2282 ἢ
2684 2228 2773 2276 καὶ
2819 2221 2913 2277 διὰ
2951 2225 3244 2299 τελέσματα
3290 2226 3538 2291 πολλάκις
3588 2227 3820 2302 ἐμποδίο

2281 2312 2460 2382 ζηται,
2511 2313 2652 2376 ἅπαξ
2683 2317 2864 2367 εαυτόν
2901 2312 3194 2369 ἀποδουναι
3237 2324 3309 2388 τῷ
3348 2321 3569 2392 τοιούτῳ
3619 2317 3747 2392 βίῳ,
3775 2320 3822 2374 εἰ

2279 2408 2388 2477 χρὴ
2427 2412 2726 2480 συγχωρεῖν
2753 2404 2895 2476 αὐτῷ
2926 2410 3020 2465 τὴν
3049 2408 3180 2484 πρὸς
3211 2403 3463 2482 ἀδελφοὺς
3490 2405 3717 2465 εἶσοδον.

2813 2608 3167 2660 ΔΠΟΚΡῙΣῘΣ
3189 2645 3204 2660 .

2279 2717 2386 2771 Τὴν
2414 2713 2505 2785 μὶν
2551 2719 2644 2764 τοῦ
2693 2709 2853 2765 καλοῦ
2903 2712 3182 2787 ἐπιθυμίαν
3221 2712 3486 2786 ἕγκόπτειν
3525 2715 3616 2769 οὐκ
3656 2714 3811 2770 ἀκίν-

2210 2794 2384 2852 δυνονο
2441 2801 2499 2853 οὐ
2548 2805 2652 2874 μὴν
2702 2798 2826 2855 οὐδὲ
2878 2811 2951 2873 τῷ
2997 2803 3212 2857 εὶσίοντι
3258 2809 3435 2881 καιρὸν
3479 2801 3692 2858 διδόναι
3739 2807 3808 2859 τὰ

2208 2891 2389 2953 ἔξωθεν
2419 2897 2509 2945 καὶ
2538 2892 2784 2968 ἀλλότρια
2829 2913 2920 2946 του
2979 2897 3115 2948 κατὰ
3167 2901 3295 2949 Θεὸν
3350 2895 3472 2968 βίου
3521 2896 3809 2968 λογοποιεῖν

2206 2982 2448 3054 ἀσφαλές.
2483 2983 2541 3036 Εἰ
2595 2980 2654 3037 δὲ
2697 2983 2870 3037 εἰσιὼν
2924 2984 3104 3038 ἑαυτὸν
3157 2983 3465 3040 ἀποδίδωσι
3513 2994 3621 3049 τοῖς
3677 2990 3814 3040 ἔσω-

2209 3073 2391 3139 θεν(3)
2447 3068 2614 3146 μηδεν
2667 3082 2767 3126 τῶν
2819 3074 3000 3138 ἔξωθεν
3055 3074 3389 3151 ἐπεισγίρων,
3449 3073 3641 3130 ἐλπίδα
3701 3079 3816 3150 ἔχει

433 3167 686 3224 internis
698 3165 903 3234 dedat,
929 3181 1038 3221 nec
1062 3143 1402 3238 quidquam
1426 3143 1631 3220 secum
1654 3143 1866 3220 afferat
1883 3179 2090 3219 eorum

2205 3143 2592 3237 χρηστοτίραν.

435 3271 574 3328 quae
597 3262 846 3312 externa
862 3259 1019 3320 sunt,
1042 3253 1092 3309 is
1113 3253 1422 3310 meliorem
1447 3253 1522 3308 de
1540 3269 1601 3308 se
1623 3269 1794 3325 spem
1809 3251 2095 3310 ostendit.

1007 3360 1520 3418 IN'I‘ERROGATIO
1560 3363 1742 3418 CVIII.

435 3472 534 3529 An
556 3473 871 3530 conveniat
898 3477 1272 3543 praefectum,
1302 3472 1596 3539 prae/"ecta
1639 3469 1902 3537 absente,
1955 3486 2088 3527 cum

505 3578 710 3620 sorore
738 3565 950 3635 aliqua
993 3563 1158 3633 loqui
1195 3561 1269 3617 de
1296 3561 1370 3616 iis
1395 3577 1525 3633 qua:
1553 3561 1634 3617 ad
1657 3562 1804 3631 ﬁdei
1829 3561 2090 3633 edi/ica-

505 3657 722 3712 tionem
744 3656 1074 3725 pertinent.

1057 3743 1466 3800 RESPONS'O.

502 3834 566 3890 In
597 3834 691 3890 his
739 3850 858 3891 non
909 3839 1183 3890 servatur
1230 3839 1601 3906 praeceptum
1647 3831 1936 3905 Apostoli,
1983 3831 2088 3905 qui

428 3923 612 3982 dixit:
643 3925 856 3982 Omnia
879 3925 1123 3982 honeste
1141 3929 1196 3981 et
1210 3924 1537 3980 secundum
1559 3925 1830 3980 ordinem
1845 3924 2001 3992 ﬁant
2017 3924 2084 3976 “.

910 4104 1425 4161 INTERROGATIO
1468 4104 1597 4160 CIX.

427 4197 527 4252 An
553 4195 866 4252 conveniat
885 4197 1240 4264 praefectum
1267 4211 1400 4251 cum
1423 4195 1710 4264 praefecto
1730 4194 2088 4267 frequenter

500 4284 765 4356 colloqui
788 4300 800 4337 :
835 4291 887 4340 et
918 4285 1184 4340 maxime
1210 4284 1264 4339 si
1291 4283 1353 4338 id
1381 4284 1618 4357 aliquos
1640 4285 1872 4354 fratres
1902 4285 2085 4355 o/fen-

499 4373 634 4430 dat.

1047 4463 1454 4522 RESPONSIO.

499 4555 646 4614 Cum
689 4554 1012 4628 Apostolus
1053 4554 1303 4611 dixerit:
1355 4555 1424 4613 Ut
1452 4554 1600 4629 quid
1632 4558 1787 4612 enim
1831 4556 2080 4613 libertas

424 4661 554 4702 mea
585 4647 704 4717 jurt
731 4653 910 4703 catur
938 4645 1012 4702 ab
1041 4647 1168 4702 alia
1194 4648 1558 4703 conscientia
1583 4648 1630 4681 ‘7
1652 4646 1680 4703 ?
1721 4663 1841 4703 non
1873 4647 1985 4702 abs
2017 4663 2078 4703 re

423 4735 597 4792 fuerit
624 4736 837 4792 imitari
868 4736 1065 4808 ipsum
1089 4736 1387 4793 dicentem
1416 4753 1429 4792 :
1456 4737 1591 4794 Non
1616 4738 1711 4792 usi
1730 4753 1935 4793 sumus
1963 4736 2080 4794 hac

418 4833 734 4896 potestate,
763 4841 840 4882 ne
856 4826 1018 4897 quod
1041 4826 1470 4895 o/fendiculum
1501 4827 1708 4883 demus
1743 4827 2075 4896 Evangelio

425 4917 744 4992 Christi“;
778 4925 836 4970 et
859 4915 1060 4988 quoad
1106 4914 1226 4970 ﬁeri
1261 4924 1475 4988 potest.
1504 4917 1730 4971 rariora
1771 4915 2074 4972 breviora-

419 5022 540 5079 que
565 5005 868 5079 colloquia
898 5007 1092 5061 facere
1123 5022 1323 5077 operte
1355 5013 1612 5078 pretium
1643 5012 1751 5061 est.

2773 3367 3089 3417 ΕΡΩΤΗΣῙΣ
3115 3362 3233 3418 PII"

2199 3468 2260 3522 Εἰ
2343 3473 2452 3544 χρὴ
2541 3471 2627 3522 τὸν
2708 3479 3016 3545 προεστῶτα
3085 3469 3230 3533 ἐκτὸς
3303 3479 3399 3535 τῆς
3464 3477 3806 3548 προεστώσης

2267 3557 2437 3612 λαλεῖν
2462 3562 2539 3632 (4)
2606 3557 2802 3634 ἀδελφῇ
2872 3579 2975 3613 τινι
3049 3565 3113 3614 τὰ
3174 3565 3303 3636 πρὸς
3366 3559 3651 3637 οἰκοδομὴν
3710 3571 3807 3627 τῆς

2267 3667 2509 3710 πιστεως,

2803 3745 3156 3795 ΑΠΟΚΡΙΣΙΣ
3178 3783 3190 3796 .

2270 3828 2349 3883 Ἐν
2391 3831 2594 3892 τούτοις
2632 3829 2691 3882 οὐ
2737 3831 2963 3891 σώζεται
3014 3834 3074 3885 τὸ
3100 3849 3190 3884 του
3234 3828 3550 3885 Ἀποστόλου
3588 3833 3803 3907 παράγ-

2193 3919 2381 3994 γελμα,
2424 3921 2673 3983 εἰπόντος·
2732 3921 2912 3976 Πάντα
2959 3921 3307 3997 εὐσχημόνως
3363 3928 3454 3976 καὶ
3496 3926 3633 3976 κατὰ
3658 3919 3804 3986 τάξιν

2195 4013 2442 4083 γινέσθω.

2767 4107 3080 4157 ΕΡΩΤΗΣῘΣ
3104 4101 3222 4158 ΡΘ’.

2195 4191 2254 4246 Εἰ
2282 4195 2391 4266 χρή
2420 4194 2506 4245 τὸν
2541 4203 2849 4267 προεστῶτα
2888 4196 3020 4267 μετὰ
3061 4202 3154 4254 τῆς
3191 4198 3534 4267 προεστὼσης
3565 4201 3801 4266 συνεχῶς

2268 4279 2624 4355 διαλέγεσθαι,
2651 4288 2740 4336 καὶ
2771 4283 3004 4357 μάλιστα
3039 4282 3122 4336 ἐάν
3163 4301 3296 4346 τινες
3327 4293 3428 4336 τῶν
3457 4280 3686 4356 ἀδελφῶν
3712 4282 3798 4336 ἐπὶ

2264 4375 2429 4446 τούτῳ
2456 4393 2466 4435 ι
2481 4378 2510 4430 5
2520 4388 2535 4439 )
2579 4371 2938 4447 βλάπτωνται.

2801 4465 3153 4518 ΔΠΟΚΡΙΣῘΣ
3174 4505 3188 4518 .

2260 4561 2363 4608 Του
2395 4553 2716 4609 ’Δποστόλου
2765 4553 3010 4615 εἰπόντος·
3055 4551 3166 4607 Ἵνα
3211 4556 3264 4606 τί
3301 4553 3405 4630 γὰρ
3458 4554 3488 4612 ἡ
3537 4549 3800 4626 ἴλευθερία

2189 4662 2290 4717 μου
2317 4649 2546 4720 κρίνεται
2577 4647 2676 4697 ὑπὸ
2711 4642 2870 4707 sint);
2927 4639 3314 4710 συνειδήσεως;
3356 4641 3512 4696 καλὸν
3547 4647 3797 4716 μιμήσα-

2193 4736 2317 4787 σθαι
2383 4734 2533 4788 αὐτὸν
2583 4737 2664 4806 (6)
2728 4733 2963 4806 λέγοντα.
3032 4735 3113 4786 ὃτι
3170 4733 3282 4786 Οὐκ
3336 4732 3686 4810 ἐχρησάμεθα
3729 4740 3792 4806 τῇ

2190 4823 2400 4898 ἐξουσίᾳ
2419 4829 2607 4900 ταύτῃ,
2639 4826 2721 4877 ἵνα
2749 4829 2820 4898 μὴ
2864 4824 3082 4896 ἐγκοπὴν
3115 4844 3230 4878 τινα
3261 4821 3431 4898 δῶμεν
3458 4833 3531 4895 τῷ
3557 4823 3796 4897 Εὗαγγε-

2185 4913 2278 4988 λίῳ
2308 4935 2399 4968 του
2434 4923 2686 4991 Χριστου·
2721 4920 2810 4968 καὶ
2841 4917 2938 4973 ὅση
2983 4911 3205 4988 δύναμις
3238 4915 3322 4968 ἐπὶ
3355 4920 3412 4968 τό
3443 4919 3795 4989 σπανίώτερον

2185 5011 2275 5059 καὶ
2317 5005 2817 5078 εὐαπαλλακτοτερον
2864 5008 3155 5079 συντέμνειν
3209 5007 3302 5068 τὰς
3353 5007 3663 5078 συντυχίας.

493 5185 540 5220 ⁴⁸
581 5182 1055 5253 Eccle.xxxu,2i.
1134 5184 1181 5220 ‘°
1222 5187 1401 5241 lCor.
1430 5195 1548 5256 xxv,
1579 5186 1666 5240 40.
1745 5182 1789 5219 ⁸⁷
1835 5185 2014 5242 lCor.
2040 5199 2090 5258 χ,
2127 5188 2218 5242 29.
2298 5185 2344 5222 "
2387 5185 2669 5258 ICor.'ix,
2703 5187 2790 5242 t2.

487 5365 562 5433 (I)
605 5363 1002 5434 Vocem'o'zytu;
1027 5363 1230 5419 addidi
1259 5379 1326 5418 ex
1365 5362 1628 5435 antiquis
1659 5361 1852 5419 tribus
1881 5361 2072 5420 libris.

491 5443 570 5500 (2i
613 5435 761 5492 Edui
787 5435 941 5506 λέγει.
969 5443 1040 5491 At
1064 5443 1188 5491 duo
1223 5453 1364 5491 mss.
1394 5435 1537 5507 λέγῃ.
1960 5437 1964 5440 ’

492 5512 566 5573 i3)
612 5510 844 5562 Veteres
890 5521 1003 5562 tres
1053 5508 1185 5562 libri
1242 5515 1346 5567 τοῖς
1393 5509 1512 5562 ἔσω.
1563 5507 1880 5579 Aliquanto
1940 5514 2076 5579 post

421 5581 560 5647 Reg.
587 5585 891 5654 secundus
945 5589 1000 5654 et
1038 5580 1175 5633 editi
1207 5578 1412 5654 tamen
1447 5578 1751 5654 περιφέρων.
1793 5580 1902 5636 Alii
1947 5578 2078 5637 duo

418 5665 569 5706 mss.
601 5650 930 5726 ἕπεισγέρων.
965 5653 1104 5723 Reg.
1129 5650 1362 5723 primus
1393 5650 1667 5727 ἐπιφερων.

2255 5367 2308 5420 ¹ι¹ιι
2369 5364 2566 5421 Codex
2601 5362 2770 5435 Colb.
2813 5368 3156 5435 προεστώσης
3187 5357 3436 5435 ἀδελφαῖς
3477 5360 3645 5415 λαλεῖν
3685 5363 3786 5435 τά.

2181 5438 2298 5523 l‘iec
2323 5435 2404 5492 ita
2435 5438 2623 5492 multo
2650 5434 2807 5491 infra
2828 5431 2952 5491 duo
2974 5452 3124 5490 mss.
3153 5444 3210 5491 et
3238 5431 3405 5490 voss.
3444 5431 3798 5509 παράγγελμα

2183 5526 2438 5579 Λεγοντος.

2255 5585 2334 5648 (ὅ)
2368 5578 2568 5636 tiodex
2600 5577 2766 5634 Colb.
2800 5579 2882 5632 ἐπὶ
2913 5597 3086 5634 τουτο.

2258 5647 2337 5723 (6)
2363 5654 2513 5722 Reg.
2549 5656 2784 5724 primus
2813 5661 2871 5708 οι
2897 5652 3059 5708 Voss.
3092 5651 3373 5723 μιμεῖσθαι
3399 5647 3576 5705 αὐτόν.
