4114 6412
535 318 671 372 H63

1887 303 1925 359 S
1938 344 1954 358 .
2007 297 2260 357 BASlLII
2305 301 2529 359 MAGNI

3761 315 3906 370 1164

530 454 672 494 suos
694 437 771 493 ad
802 438 1059 492 mortem
1091 447 1285 505 usque
1312 430 1616 492 extendat,
1646 428 1915 485 delatum
1961 438 2166 480 munus

2298 443 2389 476 του
2421 428 2655 497 ἐχούσης
2678 431 2736 480 τὸ
2765 433 2947 502 μέτρον
2969 427 3107 501 (26),
3139 431 3166 481 ὁ
3206 431 3268 482 τὸ
3315 428 3646 506 ἔγχειρισθέν
3698 455 3906 510 παραι-

529 528 635 601 qui
660 531 920 596 recusat,
950 523 1273 596 etrequirit
1302 521 1488 591 aliud,
1517 521 1788 593 primum
1816 515 2001 573 violat
2047 513 2186 569 obe-

530 618 842 685 dientiam,
875 618 930 670 et
960 619 1166 686 aperte
1187 611 1456 668 declarat
1486 626 1549 666 se
1572 609 1818 665 minime
1849 607 2185 673 abnegasse

531 707 922 779 semetipsum
948 721 961 758 :
992 703 1210 758 deinde
1227 702 1407 757 etiam
1431 699 1684 756 aliorum
1712 697 1973 770 plurium
2001 692 2186 749 malo—

525 813 666 854 rum
707 800 834 852 tum
887 794 1022 864 sibi,
1053 795 1181 848 tum
1237 789 1466 846 caeteris
1497 793 1706 844 auctor
1734 785 1948 842 existit.
1981 781 2188 855 Aperit

529 888 688 943 enim
702 885 1001 959 plerisque
1009 883 1263 954 januam
1294 877 1780 936 contradictionis
1803 892 1894 943 ac,
1918 873 2185 945 seipsum

530 978 603 1034 ad
629 977 787 1033 hanc
818 973 1163 1030 assuefacit.
1204 973 1271 1027 Et
1304 970 1598 1044 quoniam
1629 984 1750 1024 non
1781 970 1975 1039 potest
2001 979 2186 1019 unus-

527 1067 790 1140 quisque
806 1063 1078 1135 judicare
1096 1061 1243 1133 quid
1263 1059 1566 1116 conducat
1587 1057 1848 1127 sibi,non
1867 1069 2006 1110 raro
2030 1067 2184 1124 opus

527 1157 641 1212 sibi
666 1153 916 1210 noxium
935 1151 1146 1220 diligit.
1173 1148 1260 1204 Ad
1290 1149 1418 1204 haec
1437 1163 1658 1220 pravas
1679 1144 1964 1200 fratribus
1989 1141 2184 1214 suspi-

529 1246 732 1302 ciones
761 1245 981 1309 movet,
1006 1245 1299 1312 tanquam
1314 1239 1362 1293 si
1383 1237 1549 1310 operi
1563 1235 1731 1310 quod
1743 1235 2008 1308 requirit,
2029 1237 2187 1288 esset

525 1335 723 1405 magis
753 1331 1055 1395 addictus,
1084 1345 1272 1401 quam
1303 1328 1374 1384 iis
1405 1327 1772 1399 quibuscum
1795 1324 2032 1397 operari
2076 1340 2183 1379 ne-

525 1441 690 1481 cesse
721 1427 828 1479 est.
855 1424 1071 1488 Quare,
1101 1435 1224 1475 uno
1247 1418 1453 1484 verbo,
1492 1417 1816 1489 imperium
1853 1415 2182 1471 detrectare

522 1515 853 1571 multorum
885 1528 956 1567 ac
976 1510 1313 1580 ingentium
1339 1508 1641 1564 malorum
1669 1507 1841 1562 radix
1867 1512 1975 1561 est.
2010 1507 2179 1571 Quod

524 1606 575 1661 si
602 1605 802 1660 inesse
834 1601 948 1657 sibi
978 1600 1274 1656 rationem
1307 1588 1576 1672 aliquam
1626 1595 1825 1670 operis
1855 1596 2182 1653 recusandi

520 1697 709 1769 putet,
737 1691 1003 1747 declaret
1030 1689 1197 1745 illam
1223 1688 1544 1762 praefectis,
1577 1686 1760 1760 idque
1788 1686 1939 1759 ipsis
1962 1702 2182 1758 expen-

519 1782 792 1842 dendum
821 1780 1142 1853 relinquat.

981 1887 1502 1944 INTERROGATIO
1561 1886 1710 1942 CXX.

516 2000 617 2058 An
644 1998 957 2058 conveniat
977 1997 1179 2068 aliquo
1205 1994 1392 2064 abire,
1435 1994 1816 2068 moderatore
1839 2008 1961 2052 non
2001 1999 2178 2065 prius

1109 2082 1374 2124 common
1384 2067 1599 2137 efacto.

1131 2174 1547 2231 RESPONSIO.

586 2289 734 2344 Cum
766 2284 1057 2342 Dominus
1087 2281 1251 2339 dicat
1277 2297 1290 2336 :
1323 2281 1528 2354 Neque
1546 2281 1702 2337 enim
1735 2296 1772 2337 α
1802 2282 2021 2352 mez'pso
2041 2287 2178 2342 veni

517 2375 622 2432 sed
647 2375 756 2430 ille
779 2388 872 2430 me
899 2372 1064 2428 misit
1084 2371 1154 2442 ⁸⁸,
1178 2374 1408 2443 quanto
1432 2369 1627 2440 magis
1649 2371 2039 2443 unusquique
2069 2389 2175 2430 no-

515 2469 707 2521 strum
736 2479 863 2519 non
893 2462 1074 2518 debet
1107 2461 1342 2534 sibiipsi
1369 2447 1517 2516 illud
1551 2461 1890 2532 permittere
1920 2462 1948 2518 ?
1980 2463 2176 2520 Enim-

515 2570 659 2610 vero
709 2552 772 2608 id
829 2553 934 2625 qui
963 2551 1078 2607 sibi
1106 2550 1387 2621 indulgit,
1420 2550 1578 2606 clare
1610 2551 1872 2607 ostendit
1894 2551 2174 2610 laborare

517 2660 580 2700 se
603 2643 820 2700 morbo
846 2641 1170 2714 superbiae,
1200 2655 1384 2712 seque
1413 2655 1546 2696 esse
1577 2639 1909 2696 obnoxium
1945 2643 2174 2713 judicio

516 2733 754 2791 Domini
778 2733 880 2806 qui
925 2731 1111 2788 dixit:
1138 2731 1309 2800 Quod
1325 2730 1666 2787 hominibus
1692 2732 1888 2788 altum
1910 2740 2016 2802 est,
2041 2735 2178 2792 abo-

513 2825 771 2880 minatio
791 2831 875 2880 est
897 2828 1039 2879 ante
1058 2823 1249 2878 Deum
1271 2821 1340 2876 το.
1375 2823 1441 2876 Et
1468 2819 1530 2875 in
1561 2836 1804 2878 summa
1832 2822 2176 2897 quidquam

515 2913 630 2970 sibi
657 2912 1028 2986 permittere,
1058 2911 1121 2968 id
1141 2910 1284 2967 vitio
1310 2911 1511 2966 datur.

872 3018 1047 3091 457
1082 3018 1601 3075 INTERROGATIO
1634 3019 1806 3074 CXXI.

749 3128 848 3182 An
879 3127 1059 3184 liceat
1110 3126 1400 3197 graviora
1428 3139 1611 3195 opera
1634 3140 1930 3184 recusare.

1131 3305 1542 3362 RESPONSIO.

583 3413 694 3482 Qui
713 3427 852 3470 vere
881 3416 939 3469 et
970 3411 1200 3469 sincere
1251 3415 1439 3469 Deum
1469 3412 1680 3485 diligit,
1715 3417 1773 3471 et
1822 3419 2172 3474 constanter

509 3521 580 3562 ac
607 3507 771 3560 certo
796 3506 1070 3576 expectat
1096 3502 1552 3558 retribuendam
1585 3519 1620 3560 a
1660 3505 1915 3561 Domino
1941 3522 2166 3562 merce-

506 3594 668 3662 dem,
701 3609 1096 3667 nequaquam
1125 3593 1530 3665 praasentibus
1555 3599 1874 3650 contentus
1906 3599 2013 3666 est,
2059 3597 2168 3653 sed

505 3701 747 3757 semper
775 3684 1044 3756 aliquam
1074 3684 1323 3756 requirit
1343 3684 1776 3757 accessionem,
1800 3687 2166 3758 etquiddam

505 3774 772 3848 amplius
797 3777 1061 3846 exoptat.
1091 3776 1156 3829 Et
1189 3774 1421 3830 tametsi
1447 3789 1632 3847 supra
1659 3775 1816 3830 vires
1846 3776 2165 3848 quidpiam

502 3864 736 3922 efﬁcere
764 3863 1024 3926 videtur,
1055 3878 1180 3918 non
1208 3868 1410 3919 tamen
1436 3868 1527 3918 cst
1566 3880 1835 3932 securus,
1867 3869 2164 3939 tanquam

502 3954 606 4028 qui
628 3969 986 4010 mensuram
1012 3952 1379 4025 impleverit;
1402 3952 1548 4025 quin
1578 3953 1778 4026 potius
1821 3954 2164 4012 sollicitudi-

500 4059 641 4100 nem
667 4041 982 4099 assiduam
1003 4043 1246 4114 patitur,
1269 4042 1431 4097 velut
1449 4042 1555 4114 qui
1595 4042 1776 4113 longe
1802 4044 1960 4101 absit
1991 4061 2025 4101 a
2054 4045 2160 4102 de-

497 4132 625 4188 bita
652 4129 1041 4204 perfectione,
1070 4131 1326 4187 audiens
1347 4131 1678 4188 Dominum
1702 4132 1782 4188 ita
1810 4134 2160 4206 praecipien-

497 4227 621 4277 tem
645 4239 656 4275 :
681 4221 829 4276 Cum
857 4221 1128 4290 feceritis
1156 4222 1358 4277 omnia
1374 4237 1506 4294 qua:
1523 4228 1828 4292 praecepta.
1851 4231 2012 4291 sunt,
2031 4231 2158 4280 tum

497 4311 720 4367 dicite:
745 4309 920 4366 Servi
941 4311 1188 4366 inutiles
1207 4326 1446 4367 sumus:
1475 4311 1638 4382 quod
1676 4312 2029 4369 debebamus
2072 4317 2161 4384 fa-

495 4413 647 4470 cere,
685 4399 1050 4469 fecimus";
1078 4401 1219 4454 item
1251 4415 1392 4456 cum
1423 4399 1594 4457 audit
1629 4401 2009 4473 Apostolum,
2061 4401 2156 4458 cui

2296 517 2560 587 τούμενος,
2648 522 2739 570 καὶ
2805 517 2928 570 ἄλλο
3009 517 3290 586 ἐπιζητῶν,
3367 529 3568 594 πρῶτον
3657 527 3748 596 μὲν
3807 532 3904 586 τήν

2296 604 2530 664 ὑπακοήν
2589 604 2899 680 διαφθείρει,
2955 613 3045 660 καὶ
3104 612 3317 684 φανερὸς
3367 609 3480 662 ἐστι
3553 616 3624 683 μή
3671 611 3907 686 ἀρνησά-

2295 713 2438 765 μενος
2513 696 2711 748 ἑαυτόν·
2791 700 2968 750 ἔπειτα
3031 704 3120 750 καὶ
3170 699 3349 771 ἐτέρων
3421 708 3595 752 κακῶν
3655 703 3904 758 πλειόνων

2287 781 2460 853 ’ἐαυτῷ
2528 804 2581 837 τε
2633 791 2722 838 καὶ
2769 793 2874 846 τοῖς
2919 786 3115 848 λοιποῖς
3174 790 3339 849 αἴτιος
3382 792 3600 858 γίνεται.
3655 796 3757 844 Καὶ
3797 796 3904 868 γὰρ

2298 872 2456 946 θύραν
2531 873 2831 947 ἀντιλογίας
2888 884 2999 938 τοῖς
3073 876 3279 937 πολλοῖς
3340 875 3534 950 ἀνοίγει
3601 879 3741 951 (27),
3809 890 3905 937 καὶ

2294 959 2474 1014 ἑαυτὸν
2527 967 2657 1036 πρὸς
2707 966 2902 1023 ταύτην
2961 964 3141 1028 ἐθίζει.
3207 971 3306 1019 Καὶ
3354 964 3463 1020 ἐπεί
3523 972 3594 1042 μή
3678 966 3904 1026 δύναται

2292 1053 2506 1114 ἕκαστος
2557 1049 2871 1126 δοκιμάζειν
2919 1058 2978 1107 τὸ
3050 1060 3330 1131 συμφέρον,
3389 1055 3645 1129 ἐκλέγεται
3701 1061 3902 1114 πολλοί-

2291 1162 2374 1204 κις
2411 1145 2469 1195 τὸ
2537 1141 2790 1218 βλαϐερὸν
2840 1144 3006 1215 ἐαυτῷ
3074 1148 3242 1220 ἔργον.
3297 1150 3397 1198 Καὶ
3429 1148 3676 1211 ὑπονοίας
3709 1147 3768 1204 δε
3800 1172 3902 1205 πο-

2290 1234 2452 1306 νηρὰς
2501 1231 2702 1304 ἐμποιεῖ
2754 1240 2863 1294 τοῖς
2923 1230 3188 1307 ἀδελφοῖς,
3243 1237 3308 1295 ὡς
3360 1241 3733 1309 προπεπονθώς
3829 1250 3902 1313 τῷ

2293 1325 2424 1395 ἔργῳ
2456 1324 2566 1394 (28)
2606 1325 2726 1396 ὅπερ
2768 1323 3082 1389 ἐπιζητεινή
3134 1325 3208 1386 οἷς
3244 1327 3636 1398 συνργάζεσθαι
3674 1327 3898 1402 ἀνάγκη.

2289 1409 2450 1463 Ὠστε
2497 1411 2720 1463 καθόλου
2774 1415 2830 1464 τὸ
2884 1416 2955 1484 μή
3013 1413 3294 1464 ὑπακούειν
3357 1413 3557 1467 πολλῶν
3612 1422 3701 1470 καὶ
3731 1421 3900 1491 μεγά-

2290 1500 2389 1553 λων
2431 1511 2602 1553 κακῶν
2651 1500 2764 1554 ἐστι
2812 1501 2960 1577 ῥίζα.
3021 1503 3080 1556 Εἰ
3121 1499 3180 1556 δὲ
3227 1523 3345 1557 τινα
3401 1504 3554 1577 λόγον
3610 1510 3752 1579 ἔχειν
3809 1531 3898 1563 νο-

2290 1592 2432 1664 μίζεῖ
2497 1599 2588 1650 τῆς
2634 1597 3002 1665 παραιτήσεως
3048 1599 3141 1645 τοῦ
3185 1595 3358 1667 ἔργον,
3417 1598 3712 1671 φανερούτω
3780 1607 3898 1652 τοῦ-

2288 1700 2375 1733 τον
2428 1687 2538 1743 τοῖς
2583 1680 2904 1756 προεστῶσι,
2953 1687 3043 1735 καὶ
3109 1683 3544 1756 καταλιμπανέτω
3595 1696 3658 1760 τῇ
3694 1685 3896 1742 ἐκείνων

2209 1783 2251 1838 Β
2291 1767 2604 1844 δοκιμασίᾳ.

2860 1882 3177 1931 ΕΡΩΤΗΣΙΣ
3214 1876 3334 1933 ΡΚ’.

2287 1986 2349 2042 Εἰ
2432 1982 2519 2040 δεῖ
2577 1984 2786 2040 ἀπιέναι
2850 2005 2951 2040 που
3000 1991 3172 2062 χωρὶς
3223 1988 3566 2061 ὑπομνήσεως
3620 1997 3713 2044 τοῦ
3769 2012 3894 2068 προ-

2971 2077 3208 2119 εστωτος.

2882 2173 3254 2222 ΑΠΟΚΡΙΣΙΣ.

2356 2279 2458 2325 Τοῦ
2519 2275 2712 2347 Κυρίου
2754 2271 3006 2345 λέγοντος·
3057 2269 3198 2326 Οὗδε
3243 2276 3344 2350 γὰρ
3390 2277 3503 2347 (29)
3556 2275 3645 2330 ἀπ’
3669 2277 3894 2352 ἐμαυτοῦ

2284 2361 2528 2428 ἐλήλυθα,
2621 2362 2731 2415 ἀλλ’
2807 2363 2996 2427 ἐκεῖνός
3070 2383 3133 2438 με
3199 2364 3489 2421 ἀπέστειλε·
3548 2372 3711 2443 ,πόσῳ
3768 2372 3894 2445 μᾶλ-

2283 2452 2368 2506 λον
2435 2454 2654 2515 ἕκαστος
2713 2455 2859 2528 ἡμῶν
2931 2454 3096 2526 ἑαυτῷ
3166 2454 3453 2532 ἐπιτρέπειν
3510 2459 3605 2512 οὐκ
3661 2462 3892 2534 ipsi)“;

2299 2551 2341 2596 Ο
2396 2544 2497 2619 γὰρ
2565 2543 2729 2616 ἐαυτῷ
2783 2543 3065 2618 ἐπιτρέπων
3113 2541 3268 2608 δῆλός
3319 2545 3460 2600 ἐστιν
3514 2549 3892 2625 ὑψηλοφροσύ-

2285 2654 2376 2692 νην
2432 2642 2616 2701 νοσῶν,
2664 2639 2753 2687 καὶ
2784 2636 3119 2708 ὑποκείμενος
3146 2643 3219 2706 τῷ
3276 2642 3493 2710 κρίματι
3550 2648 3643 2692 τοῦ
3697 2648 3892 2715 Κυρίου

2287 2723 2536 2784 εἰπόντος·
2592 2726 2660 2776 Τὸ
2729 2727 2776 2776 ἐν
2839 2723 3129 2800 ἀνθρώποις
3185 2724 3386 2797 ὑψηλὸν
3439 2724 3715 2801 βδέλυγμα
3772 2733 3892 2803 (30)

2287 2813 2499 2866 ἐνώπιον
2551 2821 2644 2865 τοῦ
2698 2822 2854 2870 Θεοῦ.
2917 2818 3018 2868 Καὶ
3071 2815 3294 2868 καθόλου
3341 2820 3396 2870 τὸ
3463 2815 3628 2890 ἑαυτῷ
3684 2817 3886 2892 ἐπιτρί-

2285 2922 2399 2956 πειν
2420 2905 2686 2960 ὑπαίτιον.

2834 3016 3151 3066 ΕΡΩΤΗΣΙΣ
3180 3011 3343 3067 PKA'.

2285 3119 2347 3174 Εἰ
2424 3119 2589 3182 ἔξεστι
2662 3119 2774 3191 (31)
2853 3122 3230 3206 παραιτεῖσθαι
3321 3123 3390 3174 τὰ
3463 3120 3734 3199 βαρύτερα
3782 3131 3885 3177 τῶν

3007 3211 3188 3265 εργων,

2907 3303 3260 3354 ΚΠΟΚΙΡΣΙΣ

2357 3411 2415 3464 Ὀ
2463 3417 2680 3485 γνήσιος
2737 3411 2785 3464 ἐν
2951 3413 3081 3486 πρὸς
3113 3415 3242 3466 Θεὸν
3283 3411 3487 3488 ἀγάπῃ,
3537 3419 3628 3468 καὶ
3679 3415 3887 3489 βέϐαιος

2283 3501 2330 3555 ἐν
2386 3501 2714 3576 πληροφορίᾳ
2750 3509 2845 3563 τῆς
2878 3503 3020 3574 παρά
3065 3509 3157 3554 τοῦ
3189 3506 3386 3578 Κυρίου
3437 3503 3883 3577 μισθαποδοσίας,

2279 3593 2340 3646 οὐ
2386 3599 2496 3655 τοῖς
2546 3596 2831 3664 γινομένοις
2877 3590 3133 3664 ἀρκεῖται,
3186 3590 3265 3645 ἀεὶ
3322 3590 3382 3646 δὲ
3429 3597 3739 3670 προσθήκην
3769 3597 3885 3650 ἐπι-

2281 3683 2447 3750 ζητεῖ,
2489 3686 2599 3747 καὶ,
2669 3687 2762 3732 τοῦ
2818 3678 3046 3741 πλείονος
3090 3679 3343 3755 ὀρέγεται.
3400 3682 3505 3735 Κᾶν
3545 3686 3668 3759 ὑπὲρ
3718 3681 3884 3738 δύνα-

2277 3793 2366 3845 μιν
2408 3773 2522 3842 (32)
2574 3767 2702 3844 δόξῃ
2762 3777 2927 3824 ποιεῖν
2968 3790 3040 3836 τι,
3069 3771 3164 3823 οὐκ
3195 3769 3483 3846 ἀμεριμνεῖ,
3511 3777 3576 3834 ὡς
3599 3773 3885 3846 πληρώσας

2275 3867 2334 3914 τὸ
2374 3866 2580 3937 μέτρον·
2647 3859 2847 3932 ἀγωνιᾷ
2897 3856 2956 3912 δὲ
3011 3858 3110 3924 ἀεὶ,
3161 3863 3227 3922 ὡς
3271 3860 3750 3937 ἀπολιμπανόμενος
3789 3874 3883 3919 τοῦ

2275 3955 2401 4028 πρὸς
2467 3950 2636 4018 ἀξίαν,
2723 3957 2814 4002 τοῦ
2885 3955 3080 4025 Κυρίου
3161 3949 3361 4004 ἀκούων
3433 3956 3880 4026 προστάσσοντος,

2275 4044 2375 4097 ὃτὶ.
2459 4041 2621 4093 Ὀταν
2705 4045 2964 4098 ποιήσητε
3046 4042 3218 4094 πάντα
3304 4045 3370 4095 τὰ
3469 4040 3879 4119 διατεταγμένα,

2273 4151 2389 4186 τοτε
2433 4131 2618 4203 λέγετε·
2685 4130 2865 4183 Δοῦλοι
2927 4133 3137 4206 ἀχρεῖοί
3211 4131 3397 4204 ἐσμεν·
3491 4133 3518 4185 ὃ
3603 4135 3881 4210 ὠφείλομεν

2271 4230 2518 4290 ποιῆσαι,
2592 4225 2970 4294 πεποιήκαμεν·
3055 4229 3145 4274 τοῦ
3234 4217 3293 4273 δὲ
3349 4221 3686 4291 Ἀποστόλου,
3751 4227 3790 4298 ᾧ
3846 4229 3874 4280 ὁ

2271 4317 2472 4384 κόσμος
2515 4311 2831 4386 ἐσταυρωτο,
2878 4316 2968 4363 καὶ
3023 4311 3180 4372 αὐτὸς
3222 4320 3295 4382 τῷ
3344 4317 3544 4386 κόσμῳ,
3595 4319 3668 4386 μή
3733 4315 3883 4369 ἐπαι-

2275 4404 2592 4474 σχυνθέντος
2681 4401 2858 4467 εἰπεῖν,
2931 4403 3010 4454 ὅτι
3092 4401 3222 4473 Ἐγὼ
3295 4401 3517 4474 ἐμαυτὸν
3592 4407 3735 4456 οὔπω
3796 4405 3884 4459 λο-

490 4487 764 4545 mundus
783 4487 1105 4544 cruciﬁxus
1135 4493 1278 4559 erat,
1315 4494 1370 4544 et
1399 4489 1528 4562 ipse
1557 4491 1876 4557 mundo",
1903 4492 2010 4563 qui
2027 4491 2156 4548 haec

2285 4493 2492 4566 γὶςομαι
2543 4491 2924 4564 κατειληφέναι.
2974 4491 3060 4546 Ἓν
3109 4488 3189 4558 δὲ,
3254 4495 3321 4544 τὰ
3370 4496 3461 4566 μὲν
3520 4493 3690 4547 ὀπίσω
3767 4495 3881 4549 ἐπι-

487 4579 687 4635 dicere
715 4578 938 4634 veritus
967 4593 1091 4634 non
1113 4582 1202 4635 est
1233 4579 1396 4649 ;Ego
1434 4595 1527 4636 me
1569 4580 1836 4636 nondum
1885 4581 2158 4638 arbitror

485 4667 1018 4738 comprehendisse.
1034 4669 1228 4724 Unum
1240 4675 1440 4724 autem
1453 4684 1586 4740 qua?
1598 4669 2156 4741 quidemretrosunt

485 4758 858 4826 obliviscens,
885 4757 968 4814 ad
995 4772 1066 4814 ea
1085 4772 1226 4815 vero
1249 4773 1384 4830 quae
1409 4765 1552 4814 sunt
1574 4759 1789 4829 priora
1819 4761 2150 4818 extendens

553 4937 600 4972 ⁸ο
621 4936 801 4994 Joan.
824 4951 921 5005 vn,
953 4938 1044 4991 28.
1122 4937 1173 4972 ⁷ο
1201 4937 1338 4992 Luc.
1366 4952 1482 5007 xw,
1522 4940 1608 4992 15.

546 5115 660 5196 (26)
685 5119 750 5171 In
777 5113 969 5170 Vossii
995 5113 1205 5170 codice
1235 5119 1292 5171 et
1311 5115 1373 5172 in
1404 5119 1544 5186 Reg.
1579 5117 1777 5189 primo
1800 5133 1912 5191 pro
1941 5123 2126 5192 μέτρον

478 5183 698 5242 legitur
726 5185 864 5242 ὅρον.

503 5201 698 5256 egitur
726 5201 864 5256 ορον.

545 5205 962 5332 ῗὲζιίΐὲἕῖἷίθθξ
1019 5257 1291 5314 nonnulli
1347 5258 1642 5332 ἀντιλογίας
1712 5269 1820 5322 τοῖς
1904 5261 2126 5331 λοιποῖς,

470 5332 723 5406 caeteris.
760 5333 888 5386 Mox
915 5330 1038 5387 duo
1068 5347 1214 5386 mss.
1243 5336 1333 5406 καὶ
1365 5330 1544 5406 ἑαυτόν
1582 5335 1916 5406 πμοσεθίζει.
1977 5330 2130 5391 Sub?-

473 5401 616 5456 inde
637 5400 770 5474 duo
791 5417 1036 5474 quoque
1064 5419 1211 5458 mss.
1246 5404 1460 5464 ἕκαστος
1494 5400 1797 5474 δοκιμάσει.

499 5417 616 5456 nae
647 5417 770 5457 auo
791 5417 1036 5527 quoque
1064 5419 1211 5458 mss.
1246 5423 1460 5464 εκαστος
1494 5417 1797 5477 δοκιμάσει.

499 5473 654 5558 ν(ἓξ)
710 5475 910 5558 Co_ex
952 5474 1125 5558 Colb.
1179 5481 1247 5558 1-_d_
1297 5478 1462 5558 ἔργον.
1522 5478 1650 5558 Mox
1683 5475 1824 5558 editi
1850 5477 2040 5558 μᾶλλον
2093 5478 2123 5538 ἢ

467 5543 562 5622 οἷς.
593 5547 715 5600 Vox
765 5543 952 5622 μᾶλλον
1006 5552 1064 5602 et
1112 5546 1173 5603 in
1203 5543 1392 5604 Vossii
1435 5547 1641 5604 codice
1682 5553 1739 5605 et
1777 5543 2130 5622 in'quatuor

465 5613 597 5671 aliis
627 5613 1013 5687 non'legitur.

536 5690 646 5755 (29)
669 5690 810 5758 Reg.
841 5685 1077 5763 primus
1103 5685 1245 5742 Οὐδὲ
1281 5692 1383 5767 γὰρ
1427 5691 1546 5764 ἐγῳ.
1599 5691 1923 5766 Aliquanto
1960 5695 2125 5768 post.

1690 4938 1733 4973 ⁷¹
1764 4939 1903 4994 Luc.
1932 4955 2068 5008 xvn,
2095 4944 2181 4997 10.

2271 4582 2679 4656 λανθανόμενος,
2774 4589 2886 4645 τοῖς
2987 4578 3046 4635 δε
3134 4584 3426 4655 ἔμπροσθεν

2267 4692 2367 4740 νος,
2441 4675 2579 4724 κατὰ
2663 4675 2856 4725 σκοπὸν
2927 4668 3101 4724 διώκω
3178 4671 3262 4724 ἐπὶ
3339 4676 3399 4725 τὸ
3467 4671 3712 4748 βραϐεῖον
3777 4685 3878 4736 τῆς

2265 4764 2371 4815 ἄνω
2426 4762 2655 4823 κλήσεως
2720 4769 2812 4815 τοῦ
2870 4769 3005 4816 Θεοῦ
3076 4762 3124 4815 ἐν
3181 4770 3400 4838 Χριστῷ
3476 4761 3671 4821 Ἰησοῦ.
3757 4763 3874 4830 Ὃς,

3522 4586 3878 4658 ἕπετοεινόμε-

2259 4942 2308 4976 τ’
2341 4939 2468 4998 Gal.
2499 4941 2696 5011 v1,14.

2240 5119 2432 5177 codex
2455 5119 2621 5177 Colb.
2650 5120 2873 5192 ἕκασῂος
2917 5121 3081 5192 ὑμῶν.

2310 5196 2424 5264 (30)
2453 5195 2612 5248 Unus
2643 5208 2756 5246 ms.
2789 5189 3068 5265 βδέλυνμά
3103 5193 3266 5247 ἐστιν.
3294 5191 3530 5250 Ibidem
3566 5196 3716 5263 Reg.
3749 5199 3874 5251 ter-

2239 5263 2357 5319 tius
2397 5271 2610 5317 ενώπιον
2636 5263 2854 5337 Κυρίου.

2310 5337 2420 5409 (31)
2457 5340 2593 5404 Reg.
2631 5335 2860 5406 primus
2892 5336 3126 5409 zi_§§sari
3163 5356 3284 5392 τινι.
3322 5338 3473 5393 Mox.
3508 5335 3676 5392 idem
3742 5355 3870 5394 ms.

2237 5405 2382 5482 παρὰ
2401 5405 2503 5460 ’τοῦ
2527 5405 2660 5461 Θεοῦ
2687 5405 3134 5482 μισθαποδοσίας.

2465 5482 2605 5554 Heg.
2660 5476 2892 5550 primus
2937 5478 3164 5554 δύναμιν
3193 5476 3321 5552 δόξῃ
3353 5484 3408 5533 τὸ
3445 5483 3612 5554 ἔργον·
3654 5478 3873 5554 ἀγωνιᾷ

2239 5547 2914 5626 δεωςάπολῖμπανόμενος,
2941 5558 3050 5608 etc.
3071 5547 3078 5553 ’
3103 5547 3426 5626 Aliquanto
3466 5547 3616 5626 post
3658 5547 3871 5611 codex

2237 5623 2405 5681 Colb.
2441 5619 2826 5698 διατεταγμένα
2864 5619 3012 5698 ὑμῖν.
