4114 6386
289 305 422 360 1168

1423 297 1724 354 BEGULE
1765 293 2065 350 BREVIUS
2102 297 2507 356 TRACTAT/E.

3517 313 3650 365 H66

285 432 457 480 καίτοι
503 424 740 488 ἐξουσίαν
797 423 954 496 ἔχων,
999 426 1057 476 τὸ
1134 421 1444 495 Εὐαγγέλιον
1502 419 1879 494 χαταγγελλων,

2000 421 2313 490 meipsum,
2335 425 2416 479 ad
2434 427 2798 483 destinatum
2817 444 2912 498 pe:
2930 432 3252 501 sequor,ad
3273 433 3542 489 bravium
3561 451 3657 489 su-

287 517 341 571 ἐκ
371 524 464 569 τοῦ
514 513 834 586 Εὐαγγελίου
881 515 1000 586 ζῇν.
1028 512 1110 565 Ἐν
1167 521 1309 584 κόπῳ
1357 516 1446 564 καὶ
1485 513 1698 584 μόχθῳ,
1732 514 1887 582 φησὶ,

284 610 470 669 νυκτός
525 610 615 657 καὶ
679 606 874 678 ἡμέρας
927 603 1276 677 ἐργαζόμενοι,
1326 601 1431 674 οὐχ
1484 605 1598 672 (33)
1657 603 1737 653 ὅτι
1790 600 1885 652 οὐκ

288 699 476 769 ἔχομεν
530 693 790 760 ἐξουσίαν,
848 691 957 744 ἀλλ’
1025 694 1106 744 ἶνα
1179 691 1396 752 ἑαυτοὺς
1479 694 1639 744 τύπον
1716 687 1883 762 δῶμεν

285 788 407 858 ὑμῖν
455 783 525 845 εἰς
579 786 639 835 τὸ
687 784 962 855 μιμεῖσθαι
1015 783 1171 854 ἡμᾶς.
1229 786 1321 843 Τίς
1362 777 1450 834 οὖν
1499 781 1662 843 οὕτως
1744 778 1886 832 ἀναί-

297 877 494 936 σθητος
542 876 632 924 καὶ
671 873 913 939 ἄπιστος,
963 873 1032 932 ὡς
1087 869 1409 945 ἀρκεσθῆναί
1435 890 1559 924 ποτε
1614 876 1727 931 τοῖς
1773 865 1879 927 ἤδη

290 965 600 1035 γενομένοις,
662 959 692 1018 ἣ
750 961 1184 1035 παραιτήσασθαί
1243 978 1295 1011 τι
1359 963 1428 1023 ὡς
1482 959 1788 1036 βαρύτερον,
1848 957 1878 1016 ἣ

285 1047 521 1113 κοπῶδες
545 1067 560 1117 ;

829 1249 1144 1298 ΕΡΩΤιιΣΙΣ
1186 1243 1342 1300 PKB'.

283 1335 400 1409 ἐοξν
457 1351 568 1409 τις,
614 1331 972 1409 ἐπιτιμηθεὶςΔ
1022 1333 1255 1409 εὐλογίαν
1316 1337 1388 1408 μὴ
1432 1405 1444 1409 _
1474 1331 1666 1409 λαβεῖν»
1730 1332 1875 1409 λέγω

348 1357 400 1387 κν
457 1357 554 1401 τις,
614 1357 943 1406 επιτιμησιις
1022 1357 1153 1386 ενΛον
1177 1357 1255 1386 ιαν
1476 1357 1666 1401 ΛαΟειν,
1731 1357 1875 1409 Λεγῃ,

348 1406 452 1478 ότι,
495 1427 523 1454 ιι
557 1405 681 1478 Ἐὰν.
718 1410 789 1476 μὴ
874 1403 1014 1456 λάϐω
1081 1357 1338 1478 εὐλογίαν,
1389 1405 1482 1459 οὐκ
1543 1404 1776 1458 ἐσθίωυιο
1836 1407 1879 1459 εί

349 1473 384 1530 δ
390 1473 444 1530 εῑ-
459 1477 620 1530 αὐτοῦ
662 1473 968 1549 ἀνέχεσθαι.

881 1589 1261 1642 ΛΠΟΚΡΙΣῙΣ.

346 1674 408 1729 Εἰ
462 1673 553 1748 μὶν
609 1674 864 1726 τοσούτου
912 1672 1177 1747 ἐπιτιμίου
1209 1674 1352 1738 ἄξιον
1400 1679 1459 1728 τὸ
1511 1681 1772 1748 πταῖσμα,
1809 1677 1879 1738 ὡς

1996 523 2204 578 perna:
2232 514 2564 570 vocationis
2594 518 2705 572 Dei
2728 519 2790 572 in
2816 518 3058 574 Christo
3081 522 3307 576 Jesu”.
3355 523 3466 587 Qui
3513 539 3653 579 cum

1996 597 2128 661 sibi,
2163 604 2369 673 utpote
2392 604 2782 674 Evangelium
2813 608 3215 671 annuntianti,
3239 625 3310 666 ex
3332 611 3655 683 Evangelia

1993 687 2194 746 vivere
2212 689 2418 748 liceret
2439 695 2510 763 τίν,
2535 695 2618 751 ait
2641 713 2654 750 :
2683 697 2756 751 In
2781 697 2986 754 labore
3005 705 3058 754 et
3081 701 3460 769 fatigatione,
3482 710 3655 758 nocte

1995 785 2051 836 et
2082 781 2178 838 die
2200 790 2540 851 operantes,
2565 802 2684 842 non
2707 788 2868 858 quod
2897 803 3013 843 non
3049 788 3373 846 habeamus
3395 797 3656 860 potesta-

1994 878 2131 937 tem,
2159 873 2262 928 sed
2285 879 2351 928 ut
2376 891 2484 931 nos
2505 877 2664 945 ipsos
2682 877 2950 946 formam
2990 878 3198 934 demus
3225 880 3386 936 vobis
3407 882 3489 937 ad
3512 883 3652 938 imi-

1992 961 2240 1016 tandum
2255 978 2362 1017 nos
2383 965 2452 1018 75.
2487 965 2627 1030 Quis
2656 966 2837 1036 igitur
2861 968 3016 1022 adeo
3042 968 3320 1040 stupidus
3351 974 3440 1025 est
3467 976 3523 1027 et
3563 970 3650 1026 in-

1991 1049 2302 1118 credulus,
2333 1056 2398 1108 ut
2439 1052 2512 1108 iis
2545 1069 2682 1126 quae
2727 1053 2952 1119 fecerit,
2998 1071 3284 1128 unquam
3307 1058 3654 1130 acquiescat

1989 1145 2093 1194 aut
2109 1138 2339 1212 aliquid
2357 1141 2522 1198 velut
2549 1143 2796 1212 gravius
2826 1149 2931 1200 aut
2953 1143 3297 1202 laboriosus
3318 1147 3651 1204 detrectet?

2442 1251 2957 1308 INTERROGATIO
2999 1251 3196 1308 CXXII.

1993 1335 2113 1391 Cui
2129 1335 2254 1392 lucc
2275 1337 2476 1393 multa
2498 1339 2774 1409 irrogata
2791 1340 2935 1409 fuit,
2961 1341 3244 1396 nimirum
3271 1347 3335 1398 ut
3356 1359 3477 1400 non
3499 1346 3654 1401 acci-

2055 1410 2192 1486 piat
2227 1409 2715 1486 benedictionem,
2744 1415 2797 1486 si
2834 1413 2883 1467 is
2925 1413 3124 1467 dicat:
3151 1434 3178 1462 ‹‹
3201 1414 3338 1469 Nisi
3374 1431 3651 1486 accepero

2061 1480 2556 1551 benedictionem,
2571 1498 2695 1538 non
2712 1485 2820 1539 edo
2845 1498 2859 1549 ;
2893 1501 2923 1536 ›
2945 1486 3225 1554 nunquid
3243 1480 3531 1555 ferendus
3551 1493 3650 1544 sit.

2610 1591 3024 1647 RESPONSIO.

2058 1680 2225 1734 Certe
2256 1693 2336 1734 an
2364 1681 2679 1751 peccatum
2713 1682 2879 1736 tanta
2910 1678 3104 1737 multa
3154 1679 3412 1751 dignum
3450 1683 3544 1752 sit,
3587 1688 3653 1742 ut

273 1768 366 1817 καὶ
411 1771 502 1817 τοῦ
535 1768 712 1836 φαγεῖν
755 1762 1074 1831 κωλυθῆναι,
1123 1765 1149 1816 ό
1204 1765 1520 1839 ἐπιτιμήσας
1595 1761 1878 1839 δοκιμάσει

2000 1767 2122 1841 quis
2154 1773 2433 1825 arceatur
2462 1784 2499 1824 a
2545 1768 2846 1825 sumendo
2893 1769 3052 1836 cibo,
3083 1785 3333 1842 prorsus
3357 1772 3656 1844 judicabit

273 1856 496 1916 πάντως⁸
547 1851 592 1904 εἰ
635 1849 694 1905 δὲ
733 1856 895 1925 μόνης
949 1860 1042 1916 τῆς
1074 1853 1312 1927 εὐλογίας
1360 1854 1564 1919 ἀνάξιός
1607 1875 1686 1917 τις
1738 1854 1877 1930 ἐκρί-

278 1946 366 2015 θη,
427 1943 795 2014 συγχωρηθεὶς
843 1937 902 1995 δὲ
946 1949 1121 2016 φαγεῖν
1175 1944 1268 1996 οὐκ
1323 1947 1585 2018 ἀνέχεται,
1621 1947 1689 2008 ὡς
1734 1943 1878 1998 ἀπει-

277 2037 374 2097 θὴς
425 2033 472 2086 ἐν
518 2034 706 2104 τούτῳ,
751 2036 842 2084 καὶ
913 2033 1195 2106 φιλόνεικος
1256 2037 1529 2109 κρινέσθω·
1591 2035 1703 2108 ἅμα
1787 2037 1876 2086 καὶ

275 2126 455 2177 ἐαυτὸν
505 2122 771 2196 γνωρίζων
806 2126 919 2184 ,καὶ
984 2122 1363 2195 ἐπιγινώσκων,
1417 2127 1496 2176 ὅτι
1553 2125 1682 2196 οὐχὶ
1731 2126 1876 2196 θερα-

273 2217 416 2268 πεύει
468 2213 649 2266 ἐαυτὸν
692 2219 844 2265 τοῦτο
898 2213 1177 2285 ἐπιξητῶν,
1238 2213 1366 2267 ἀλλά
1410 2216 1517 2288 (34)
1587 2213 1878 2290 ἁμάρτημα

273 2305 613 2380 ἁμαρτήματι
645 2303 912 2358 συνάπτει.

827 2506 1140 2555 urorum:
1167 2498 1328 2557 PKI".

281 2589 400 2646 Ἐάν
423 2611 524 2668 τις-
541 2589 772 2668 λυπῆται
796 2594 868 2666 μὴ
894 2591 1284 2668 ἐπιτρᾼεπόμενος
1303 2599 1487 2668 ποιεῖν,
1512 2592 1537 2645 ὃ
1559 2598 1632 2668 μὴ
1658 2590 1880 2647 δύναται

445 2660 756 2727 ἐπιτηδείως
785 2660 971 2732 ποιεῖν,
1005 2660 1048 2717 εἰ
1071 2660 1181 2740 χρὴ
1211 2665 1370 2718 αὐτοῦ
1401 2660 1706 2738 ἀνέχεσθαι.

895 2776 1269 2826 ΑΠΟΚΡΙΣΙΣ.

335 2865 476 2938 ,Περὶ
527 2864 715 2916 τούτου
769 2863 972 2937 εἴρηται
1032 2861 1326 2935 πολλαχοῦ,
1379 2865 1459 2915 ὅτι
1533 2860 1757 2916 καθόλου
1806 2869 1880 2935 τῷ

284 2950 536 3024 θελήματι
589 2961 662 3024 τῷ
719 2947 839 3023 ἰδίῳ
882 2953 1206 3028 κεχρῆσθαι,
1256 2953 1285 3012 ἦ
1345 2953 1656 3026 ἐπιτρέπειν,
1735 2957 1880 3026 παρὰ

281 3044 367 3092 τόν
395 3043 513 3114 ὑγιῆ
569 3041 682 3095 ἐστι
726 3041 896 3114 λόγον·
929 3046 1020 3093 καὶ
1062 3049 1122 3108 τῇ
1159 3037 1452 3115 δοκιμασίᾳ
1497 3051 1598 3093 τῶν
1631 3041 1876 3096 πλειόνων

1985 1861 2090 1932 qui
2117 1874 2367 1932 poenam
2400 1860 2558 1915 hanc
2588 1860 2898 1930 irrogavit.
2922 1861 3098 1926 Quod
3129 1861 3179 1916 si
3199 1861 3506 1935 quispiam
3532 1864 3654 1922 ha-

1982 1950 2146 2006 bitus
2168 1949 2344 2005 fuerit
2367 1949 2789 2006 benedictione
2837 1949 2968 2006 sola
2996 1950 3309 2021 indignus,
3343 1957 3398 2008 et
3427 1953 3652 2012 edendi

1982 2039 2268 2097 facultate
2292 2039 2344 2094 ei
2373 2039 2537 2106 data,
2570 2037 2748 2094 edere
2769 2043 2971 2094 tamen
2991 2045 3245 2107 recuset,
3276 2041 3328 2096 is
3356 2047 3651 2116 tanquam

1984 2135 2314 2186 contumax
2369 2129 2430 2184 in
2477 2129 2592 2185 hoc
2644 2133 2702 2184 et
2747 2129 3034 2200 pervicax
3080 2130 3406 2200 judicetur.
3452 2136 3651 2206 Atque

1985 2219 2166 2276 etiam
2213 2219 2447 2275 noverit
2494 2217 2914 2291 semetipsum,
2959 2218 3373 2291 intelligatque
3403 2237 3467 2278 se
3511 2223 3647 2289 sibi,

1985 2312 2136 2366 dum
2157 2309 2272 2365 hoc
2294 2308 2492 2364 facere
2524 2309 2710 2380 cupit,
2737 2323 2867 2364 non
2907 2307 3158 2380 mederi,
3191 2309 3298 2365 sed
3327 2316 3648 2382 peccatum

1985 2401 2235 2472 peccato
2261 2396 2614 2468 adjungere.

2426 2507 2493 2561 IN
2503 2504 2945 2561 TERROGATIO
2986 2505 3208 2562 CXXI".

1987 2595 2058 2654 Si
2079 2595 2211 2668 quis
2235 2608 2394 2669 agre
2418 2593 2582 2664 ferat
2612 2609 2734 2648 non
2752 2595 3031 2669 permetti
3050 2595 3181 2669 sibi,
3207 2599 3272 2650 ut
3291 2595 3486 2669 faciat
3507 2611 3652 2669 qua

2097 2667 2237 2738 apte
2261 2668 2472 2737 facere
2509 2681 2630 2722 non
2659 2672 2874 2735 potest,
2898 2667 3030 2723 isne
3063 2667 3415 2724 tolerandus
3438 2667 3543 2726 est.

2613 2774 3024 2830 RESPONSIO.

2061 2867 2142 2923 De
2165 2865 2283 2923 hac
2305 2879 2370 2922 re
2395 2864 2624 2922 dictum
2663 2868 2754 2921 est
2782 2863 3090 2938 plerisque
3109 2864 3173 2921 in
3195 2864 3367 2936 locis,
3391 2865 3559 2940 quod
3588 2867 3654 2924 in

1986 2957 2338 3013 universum
2393 2953 2644 3027 propria
2690 2953 2994 3010 voluntate
3026 2954 3133 3022 uti,
3186 2961 3290 3011 aut
3340 2971 3452 3028 pro
3491 2956 3651 3036 arbi_

1983 3047 2094 3104 trio
2127 3060 2328 3115 agere,
2360 3043 2627 3098 alienum
2654 3044 2728 3098 sit
2756 3058 2792 3098 a
2816 3047 2980 3098 recta
3019 3044 3255 3100 ratione
3285 3063 3297 3101 :
3353 3044 3644 3132 itemque,

276 3134 349 3203 μὴ
405 3133 803 3186 ὑποτάσσεσθαι
861 3130 1124 3195 ἀπειθείας
1161 3136 1252 3185 καὶ
1304 3131 1596 3206 ἀντιλογίας
1648 3131 1761 3205 ἐχει
1790 3135 1876 3184 τόν

2000 3131 2152 3206 quod
2210 3130 2479 3206 plurium
2525 3131 2756 3203 judicio
2811 3130 2992 3204 458
3077 3147 3202 3188 non
3259 3148 3490 3206 parere,
3554 3130 3646 3194 est

274 3216 535 3275 κίνδυνον.

807 3336 1124 3385 ΕΡΩΤΗΣΙΣ
1182 3331 1338 3388 ΡΚΔ’.

269 3419 332 3474 Εἰ
363 3414 448 3494 ὁξεί
475 3419 606 3494 μετὰ
635 3419 906 3494 αἱρετικῷν
937 3420 966 3478 ἣ
989 3420 1236 3494 Ἑλλήνων
1407 3423 1560 3494 κατὰ,
1587 3426 1876 3494 συντυχίαν

363 3440 444 3472 οει
518 3440 606 3472 ετα
635 3440 906 3493 αιρετικων
937 3440 966 3478 η
992 3440 1236 3478 ιΑΛηνων
1257 3440 1370 3490 (δυ)
1407 3441 1543 3474 κατα
1587 3440 1876 3494 συντυχιαν

347 3440 618 3580 εὑρεθὲντα
666 3510 790 3561 που,
837 3491 866 3552 ἦ
917 3493 1204 3544 συνεσθίειν
1252 3493 1450 3562 αὐτοῖς,
1479 3493 1509 3552 ἢ
1540 3492 1877 3560 ἀσπάζεσθαι

343 3582 550 3624 αυτους.

896 3677 1271 3728 ΑΠΟΚΡΙΣῙΣ.

341 3763 442 3814 Τόν
494 3763 585 3836 μεν
645 3759 928 3835 ἀσπασμόν
985 3769 1166 3816 τοῦτον
1239 3757 1486 3821 δηλονότι
1551 3764 1640 3815 τὸν
1707 3765 1878 3816 κοινόν

270 3849 353 3904 ἐπ’
416 3848 627 3913 οὐδενός
683 3853 710 3904 ὁ
792 3854 981 3926 Κύριος
1059 3851 1436 3926 ἀπηγόρευσεν,
1498 3853 1672 3906 εἰπών’
1761 3853 1878 3906 Ἐἀν

272 3939 590 4000 ἀσπάσησθε
665 3944 785 4004 τοὺς
861 3941 1040 4014 φίλους
1117 3942 1260 4016 ὑμῶν
1343 3946 1516 4015 μόνον,
1583 3947 1637 3995 τί
1700 3962 1880 4016 περισ-

275 4035 366 4084 σόν
430 4038 665 4099 ποιεῖτε;
726 4030 872 4103 Οὑχί
930 4036 1020 4085 καὶ
1085 4033 1134 4085 οἱ
1197 4030 1390 4085 ἐθνικοὶ
1465 4033 1601 4086 οὕτω
1700 4040 1878 4086 ποιοῦ-

276 4139 357 4173 σιν
381 4123 499 4192 (36)
532 4139 546 4188 ;
585 4125 706 4193 περὶ
759 4117 818 4174 δὲ
871 4128 966 4174 τοῦ
1027 4123 1318 4175 συνεσθίειν
1369 4123 1557 4196 ἔχομεν
1613 4142 1878 4199 παραγγε-

271 4210 385 4264 λίαν
439 4219 530 4264 τοῦ
589 4210 931 4280 Ἀποστόλου,
980 4210 1062 4263 ἐπὶ
1118 4216 1268 4263 τίνων
1317 4217 1427 4287 χρὴ
1500 4215 1875 4288 παραιτεῖσθαι

272 4308 447 4369 τοῦτο,
506 4301 752 4360 εἰπόντος·
823 4298 1072 4373 Ἔγραψα
1132 4300 1252 4372 ὑμῖν
1320 4301 1368 4354 ἐν
1427 4309 1489 4375 τῇ
1525 4303 1769 4378 ἐπιστολῇ
1797 4307 1870 4377 μὴ

275 4391 767 4464 συναναμίγνυσθαι
858 4389 967 4457 (3)
1057 4392 1288 4464 πόρνοις,
1377 4395 1467 4443 καὶ
1555 4391 1613 4444 οὐ
1669 4393 1874 4456 πάντως

1981 3221 2382 3279 contumacia
2410 3226 2469 3278 et
2493 3221 2894 3278 contentionis
2924 3221 3262 3293 periculum
3291 3222 3480 3280 adire.

2412 3329 2935 3387 INTERROGATIO
2987 3329 3206 3386 CXXIV.

1981 3424 2053 3480 Si
2073 3421 2318 3495 quando
2341 3421 2504 3495 forte
2542 3421 2825 3495 inciderit
2855 3420 3162 3491 quispiam
3210 3423 3274 3478 in
3324 3421 3638 3484 haereticos

2053 3492 2160 3551 a'ut
2188 3493 2532 3564 ingeutiles,
2554 3507 2635 3548 an
2655 3493 2705 3547 is
2722 3492 2931 3548 debeat
2961 3497 3069 3549 aut
3099 3507 3235 3550 cum
3264 3495 3413 3564 ipsis
3440 3498 3636 3556 cibum

2054 3579 2290 3635 capere,
2311 3571 2418 3621 aut
2449 3565 2603 3634 ipsos
2623 3565 2916 3620 salutare.

2615 3670 3022 3728 RESPONSIO.

2056 3761 2494 3821 Salutationem
2514 3758 2848 3833 quidem,si
2870 3759 3147 3816 videlicet
3175 3764 3520 3821 communis
3539 3765 3642 3826 illa

1985 3853 2059 3910 sit
2087 3858 2145 3909 et
2175 3851 2461 3924 vulgaris,
2493 3848 2660 3906 nullo
2708 3849 2894 3906 modo
2939 3850 3126 3907 vetuit
3152 3851 3465 3927 Dominus,
3499 3870 3640 3914 cum

1984 3943 2220 4000 dixerit:
2244 3943 2313 3998 Si
2321 3940 2736 3998 salutaveritis
2746 3941 2966 3996 amicos
2982 3945 3207 3998 uestros
3226 3947 3643 4016 tantum,quid

1983 4034 2250 4104 amplius
2269 4033 2476 4103 facitis
2496 4029 2525 4086 ?
2562 4031 2778 4087 Nonne
2813 4034 2870 4087 et
2898 4031 3128 4087 ethnici
3171 4033 3257 4088 sic
3280 4034 3525 4102 faciunt
3542 4037 3591 4072 ⁷⁸
3613 4037 3641 4094 ?

1985 4122 2161 4191 Quod
2184 4137 2328 4178 vero
2353 4121 2434 4178 ad
2459 4119 2665 4176 cibum
2685 4136 2809 4175 una
2829 4119 3197 4193 capiendum
3218 4121 3444 4190 attinet,
3459 4123 3643 4182 habe-

1982 4230 2122 4269 mus
2153 4215 2523 4285 praaceptum
2549 4207 2837 4282 Apostoli,
2867 4223 2991 4282 quo
3018 4209 3310 4266 docemur
3339 4211 3401 4268 in
3421 4213 3642 4286 quibus

1981 4303 2100 4360 hoc
2129 4301 2304 4360 vitari
2329 4300 2567 4367 debeat,
2598 4299 2683 4356 ita
2728 4297 3031 4371 loquentis
3064 4317 3077 4354 :
3115 4299 3349 4371 Scripsi
3384 4304 3548 4360 vobis
3573 4306 3639 4361 in

1985 4393 2259 4465 epistoia,
2290 4406 2367 4447 ne
2401 4389 2933 4446 commisceremini
2973 4403 3107 4445 cum
3154 4390 3533 4462 fornicariis,
3566 4410 3640 4452 ac

270 4485 380 4540 τοῖς
435 4482 640 4552 πόρνοις
713 4485 806 4532 τοῦ
869 4482 1072 4552 κόσμου
1138 4481 1348 4550 τούτου,
1410 4481 1439 4540 ἦ
1527 4481 1872 4554 πλεονέκταις,

2000 4499 2103 4539 son
2155 4482 2398 4537 omnino
2456 4495 2590 4536 cum
2628 4478 2990 4550 fornicariis
3039 4477 3224 4548 hujus
3268 4481 3502 4548 mundi,
3527 4488 3640 4540 aut

272 4570 304 4630 ᾖ
373 4567 618 4642 ἅρπαξιν,
678 4570 709 4628 ἣ
778 4565 1200 4645 εἰδωλολάτραις
1262 4569 1369 4622 ἐπεὶ
1471 4569 1689 4644 ὀφείλετε
1774 4574 1878 4648 ἄρα

272 4658 330 4713 ἐκ
376 4677 468 4712 του
517 4663 720 4732 κόσμου
798 4658 1034 4723 ἐξελθεῖν.
1091 4665 1200 4713 Νῦν
1247 4655 1308 4713 δὲ
1373 4659 1580 4735 ἔγραψα
1643 4663 1764 4736 ὑμῖν
1802 4667 1874 4737 μὴ

275 4752 765 4824 συναναμίγνυσθαι
839 4751 974 4823 (38).
1039 4749 1159 4804 Ἐάν
1245 4771 1328 4814 τις
1417 4747 1639 4826 ἀδελφός
1696 4753 1881 4829 ὀνομα-

275 4841 509 4916 ζόμενος,
576 4843 606 4900 ᾖ
691 4845 897 4916 πόρνος,
960 4841 991 4902 ἦ
1075 4840 1406 4914 πλεανέκτης,
1487 4843 1517 4901 ἣ
1607 4839 1881 4899 εἰδωλολά-

1987 4590 2118 4630 cum
2151 4572 2379 4638 avaris,
2402 4572 2507 4626 aut
2529 4585 2658 4625 cum
2679 4567 3028 4638 rapacibus,
3061 4575 3168 4623 aut
3192 4569 3495 4627 idolorum
3518 4575 3644 4631 cul-

1988 4664 2221 4722 toribus
2251 4678 2264 4717 :
2298 4661 2566 4734 alioquin
2593 4658 2878 4715 deberetis
2906 4659 3113 4728 utique
3158 4657 3233 4714 de
3266 4657 3373 4714 hoc
3416 4660 3642 4719 mundo

1986 4755 2219 4813 exiisse.
2247 4751 2426 4808 Nunc
2454 4754 2655 4807 autem
2685 4747 2907 4817 scripsi
2947 4746 3131 4816 vobis,
3153 4752 3222 4802 ut
3272 4763 3350 4805 ne
3377 4751 3644 4808 commis-

1990 4840 2268 4902 ceamini.
2297 4837 2368 4894 Si
2394 4837 2636 4908 aliquis,
2671 4834 2779 4906 qui
2789 4833 2994 4903 frater
3021 4832 3396 4904 nominatur,
3419 4839 3506 4892 est
3534 4843 3644 4894 aut

325 4985 395 5065 ,⁷³
432 4983 684 5058 Philipp.
718 5000 799 5058 ιιι,
827 4989 914 5055 13,
945 4988 1031 5043 lt.
1105 4987 1157 5022 ’τι
1196 4986 1219 5041 Ι
1261 4987 1400 5044 Cor.
1439 4988 1632 5054 11,”.
1713 4989 1759 5024 ⁷⁸
1801 4989 1849 5044 ΙΙ

2000 5002 2098 5044 uss.
2129 5001 2208 5055 ιιι,
2233 4987 2287 5053 8,
2319 4985 2374 5040 9.
2450 4981 2500 5018 ’⁷⁸
2538 4979 2742 5038 Matth.
2774 4994 2831 5038 v.
2861 4979 2954 5032 47.

344 5130 461 5201 (33)
510 5127 712 5206 Οοάθξ
754 5129 918 5206 Golb.
955 5129 1290 5204 ἐργαζόμενοι
1335 5135 1468 5206 πρὸς
1503 5134 1560 5185 τό
1601 5135 1673 5205 μὴ
1706 5132 1881 5187 ἐπιϐα-

272 5209 601 5276 ρῆσοιιτινα,
647 5201 773 5276 οὐχ.
807 5201 1310 5276 Αιίιῃιιιιιῐσροξι
1350 5201 1514 5260 idem
1570 5201 1688 5262 ms.
1738 5221 1881 5262 cum

276 5272 421 5344 Reg.
444 5273 653 5348 primo
681 5272 1080 5348 ﬁupurapouxu‘i
1104 5272 1360 5338 κοπῶδες.

346 5345 472 5418 (34)’
502 5345 903 5424 Veteres'duo
918 5345 1062 5424 libri
1094 5363 1111 5424 ε
1151 5349 1232 5424 ὅτι
1251 5348 1394 5424 ριξχὶ⁸
1425 5349 1743 5424 θεραπεύων-
1766 5348 1882 5424 ἐαυ-

274 5419 364 5469 τὸν
379 5436 534 5470 τουτο
565 5418 820 5484 ἐπιζητεῖ,
855 5417 982 5469 ἀλλά
1009 5423 1124 5474 καί.
1169 5417 1435 5476 Subinde
1481 5417 1674 5476 codex
1713 5420 1882 5476 Colb.

277 5488 362 5564 ἐπὶ
401 5489 762 5564 ἁμαρτήματι.
809 5489 1004 5564 Quaeri
1032 5494 1229 5562 potest
1251 5491 1560 5564 quidihoc
1588 5492 1722 5548 loco
1765 5507 1885 5564 vox

276 5559 490 5633 ερλόγία
511 5559 851 5631 signiﬁcet:
884 5562 1012 5630 sed,
1035 5559 1110 5618 'ut
1137 5559 1354 5620 verum
1399 5563 1610 5633 fatear,
1633 5563 1782 5621 nihil
1813 5580 1887 5621 ea

275 5631 353 5689 de
381 5631 446 5689 re
476 5639 640 5690 certo
660 5633 949 5691 afﬁrmari
969 5649 1155 5709 posse
1181 5635 1462 5695 arbitror.
1483 5631 1683 5694 Potest
1704 5635 1889 5708 igitur

1989 5130 2109 5203 cipi
2133 5129 2212 5203 ad
2243 5125 2556 5203 arbitrium
2587 5129 2691 5182 aut
2712 5141 2824 5203 pro
2849 5123 3130 5203 simplici
3179 5124 3643 5199 prmpositorum

1990 5197 2430 5268 benedictione,
2457 5203 2562 5254 aut
2587 5213 2694 5270 pro
2729 5197 3114 5270 EuicbariStia.

2063 5275 2375 5346 (35)7Reg._
2410 5269 2664 5346 primus
2697 5275 2755 5346 βι
2792 5269 3264 5346 (Σο-Ψκαίρετικῶν
3287 5269 3317 5328 ἦ
3363 5271 3496 5346 μετά
3539 5269 3648 5324 Ἐλ-

1991 5339 2212 5405 λήνωίῆ
2238 5339 2529 5397 Ἰουδαίων.
2562 5340 2713 5397 Εάὶιί
2743 5346 2800 5397 et
2826 5339 2925 5396 alii
2946 5339 3068 5396 (1υὸ
3106 5358 3257 5400 mss.
3288 5339 3455 5398 ut'in
3497 5358 3646 5399 con-

1991 5422 2180 5475 textu.

2063 5492 2181 5559 (36)
2217 5486 2462 5561 Antiqui
2491 5486 2612 5561 duo
2642 5484 2780 5541 libri
2809 5487 3002 5538 ἐθνικοὶ
3021 5504 3176 5561 τουτο
3196 5505 3430 5542 ποιουσι.

2091 5562 2183 5631 37)
2226 5558 2424 5618 Codex
2451 5558 2618 5617 Colb.
2646 5562 2716 5630 μὴ
2740 5559 3222 5631 συναναμίγνυσθε.

2091 5628 2177 5705 38)
2218 5635 2362 5704 Reg.
2389 5631 2624 5704 primu
2645 5628 2706 5688 δι
2729 5628 2898 5686 C011).
3065 5631 3539 5705 συναναμίγνυσθε.
