4114 6380
292 353 419 405 1181
1424 338 1722 394 REGULA‘]
1765 335 1908 392 BRE'

2048 337 2064 391 Ξ
2101 337 2482 394 ΤΒΑΕΤΑἹῈ
2494 383 2506 394 .
3517 345 3538 396 1
3557 343 3658 396 182

284 471 480 534 πολλῆς
536 468 887 543 περισκέψεως
946 463 1333 540 δοκιμάζεσθαι
1379 467 1505 538 πρὸς
1565 465 1617 514 τί
1670 462 1888 522 ἕκαστος

2048 460 2266 518 endum
2283 466 2370 520 est
2388 467 2591 520 autem
2605 462 3204 535 circumspectius,ad
3221 463 3370 536 quid
3393 463 3658 537 quisque

285 557 592 620 ἐπιτηδείως
621 562 751 630 ἔχει,
786 560 874 608 καὶ
902 557 1064 618 οὕτως
1123 554 1521 629 ἐγχειρίζεσθαι
1560 553 1731 603 ὁτιοῦν
1791 552 1882 623 ἔρ-

2048 549 2252 606 loneus
2282 552 2588 625 sit,sicque
2615 551 3118 608 committendum
3151 567 3381 608 munus
3419 553 3659 625 quodli-

283 669 376 722 γον
419 651 534 718 (80)
564 671 576 682 ο
637 649 719 699 ἵνα
777 651 910 719 μήτε
962 648 1009 697 οἱ
1039 643 1419 719 ἐγχειρίζοντες
1451 645 1510 694 τὸ
1541 645 1611 714 μὴ
1657 639 1886 714 ἁρμόζον

2048 645 2191 707 et,ut
2219 641 2261 696 ii
2284 641 2391 710 qui
2421 641 2686 715 cuipiam
2711 640 3094 698 committunt
3121 642 3288 714 quod
3304 643 3357 697 ei
3371 658 3494 698 non
3516 658 3662 698 cou-

284 745 387 793 τινὶ
425 739 812 812 κατακριθῶσιν
860 739 929 797 ὡς
965 739 1119 787 κακοὶ
1166 733 1430 804 οἰκονόμοι
1476 739 1573 783 τῶν
1611 749 1666 781 τε
1695 728 1887 799 ψυχῶν

2048 730 2578 804 anit,nequaquam
2599 730 2780 788 veluti
2807 730 2950 786 mali
2972 735 3027 786 et
3050 729 3394 786 animarum
3413 735 3469 786 et
3489 746 3664 786 man-

287 835 376 884 καὶ
428 838 527 883 τῶν
582 827 791 880 ἐντολῶν
844 833 935 878 τοῦ
995 827 1212 901 Κυρίου,
1289 828 1421 897 μήτε
1509 823 1558 874 οἱ
1651 818 1889 891 ἐγχειρι-

2048 826 2282 877 atorum
2332 823 2572 878 Domini
2634 823 3096 895 dispensatores
3151 821 3660 891 condemnentur,

292 922 498 994 ζόμενοε
560 922 819 994 πρόφασιν
877 913 1136 991 ἁμαρτίας
1194 912 1418 968 ἐντεῦθεν
1469 913 1726 988 εὑρίσκειν
1793 904 1890 961 δό-

2048 927 2112 966 ec
2139 910 2178 967 ii
2206 927 2453 986 quoque
2484 912 2708 986 quibus
2738 927 2964 969 munus
3018 909 3437 980 committitur,
3481 921 3666 968 excu'

295 1010 478 1074 ξωσιν.
2001 1000 2177 1062 sandi
2206 1001 2439 1073 peccati
2465 1003 2763 1059 rationem
2789 1002 2929 1057 hinc
2955 999 3228 1057 invenire
3258 999 3563 1056 videntur.

2496 1110 3016 1166 INTERROGATIO
3056 1107 3163 1164 CL.

2036 1199 2106 1256 Si
2133 1213 2207 1256 ea:
2226 1201 2598 1271 negligentia
2626 1213 2748 1256 non
2775 1197 3007 1255 dederit
3031 1199 3231 1268 fratri
3254 1195 3624 1254 necessaria.

858 1118 1173 1170 ΕΡΩΤΗΣῙΣ
1203 1110 1321 1166 PN.

298 1208 414 1261 Ἐὰν
463 1203 522 1260 δί
579 1203 839 1279 ἀμελήσας
899 1207 974 1278 μὴ
1034 1199 1113 1274 δῷ
1169 1209 1243 1274 τῷ
1274 1198 1479 1275 ἀδελφῷ
1517 1203 1584 1253 τὰ
1610 1200 1738 1272 πρὸς
1796 1200 1891 1255 τὴν

985 1279 1196 1350 χρείαν.

899 1389 1252 1438 ΔΠΟΚΡΙΣῙΣ
1268 1425 1280 1438 .

357 1479 524 1529 Τοῦτο
569 1477 630 1528 τό
681 1479 847 1550 κρῖμα
907 1476 1120 1548 φανερόν
1159 1471 1212 1525 ἐκ
1258 1479 1358 1524 τῶν
1402 1477 1494 1524 τοῦ
1544 1473 1739 1542 Κυρίου
1791 1469 1892 1542 ρη-

2623 1380 3036 1436 RESPONSIO.

2077 1468 2200 1524 Hoc
2223 1468 2523 1539 judicium
2543 1467 2933 1524 manifestum
2961 1471 3050 1522 est
3069 1481 3143 1522 ex
3173 1465 3374 1522 verbis
3407 1463 3664 1535 Domini,

286 1565 486 1637 μάτων,
529 1564 794 1626 εἰπόντος·
847 1564 1174 1636 Πορεύσεσθε
1223 1559 1309 1613 ἀπ’
1367 1558 1513 1633 ἐμοῦ,
1561 1561 1610 1611 οἱ
1661 1575 1894 1633 κατηραα

2048 1559 2109 1613 ui
2134 1557 2282 1614 dixit
2315 1575 2328 1613 :
2355 1558 2650 1614 Discedite
2665 1573 2702 1614 a
2717 1573 2828 1623 me,
2853 1557 3167 1614 maledicti
3174 1557 3256 1623 ,in
3275 1557 3474 1625 ignem
3492 1560 3668 1611 aeter~

287 1657 453 1726 μένοι,
487 1653 554 1715 εἰς
591 1656 650 1706 τὸ
689 1659 792 1728 πῦρ
821 1655 882 1704 τὸ
922 1651 1146 1716 αἰώνιον,
1179 1653 1239 1702 τὸ
1269 1652 1650 1722 ἡτοιμασμένον
1679 1655 1752 1718 τῷ
1775 1643 1894 1699 δια-

2051 1652 2282 1721 um,qui
2286 1654 2547 1718 paratus
2562 1653 2646 1704 est
2663 1647 2988 1709 diabolo,et
3005 1647 3243 1716 angelis
3259 1645 3672 1716 ejus,Esurivi

291 1742 445 1815 σόλῳ,
472 1747 562 1795 καὶ
591 1748 696 1803 τοῖς
728 1739 963 1814 ἀγγέλοις
1002 1741 1182 1795 αὐτοῦ.
1210 1740 1488 1793 Ἐπείνασα
1515 1741 1640 1814 γὰρ,
1681 1742 1771 1790 καὶ
1803 1736 1897 1790 οὐκ

2048 1739 2246 1808 nim,et
2262 1753 2382 1794 non
2397 1738 2644 1794 dedistis
2662 1738 2816 1794 mihi
2831 1735 3205 1794 manducare
3232 1751 3246 1792 :
3270 1735 3524 1800 sitivi,et
3543 1749 3668 1790 non

293 1829 522 1886 ὶδὼκατί
547 1851 636 1906 μοι
676 1837 854 1904 φαγεῖν
885 1849 897 1861 ·
933 1827 1187 1902 ἆδίψησα,
1228 1833 1414 1884 καὶτὰ
1459 1829 1572 1893 ἑξῆς
1599 1849 1612 1863 ·
1679 1834 1768 1881 καὶ
1816 1829 1898 1880 ὅτι

2048 1828 2256 1884 edistis
2293 1829 2445 1884 mihi
2465 1833 2676 1897 potum
2695 1829 2882 1896 “,etc.
2911 1830 3057 1882 Item
3087 1839 3162 1882 ex
3189 1824 3284 1881 his
3312 1823 3510 1880 dictis:
3542 1823 3671 1879 Μα-

291 1921 698 1997 Ἐπικατάρατος
726 1926 829 1984 πᾶς
868 1921 893 1972 ὀ
919 1929 1079 1973 ποιῶν
1116 1922 1182 1973 τὰ
1205 1923 1336 1994 ἔργα
1366 1924 1563 1996 Κυρίου
1604 1917 1825 1991 ἀμελῶς.

2048 1919 2264 1975 edictus
2281 1919 2471 1974 omnis
2487 1919 2593 1990 qui
2601 1918 2758 1987 facit
2787 1932 2971 1987 opera
2988 1917 3236 1972 Domini
3241 1914 3662 1986 negligenter”

829 2032 1142 2081 ΕΡΩἸἭΣΙΣ
1182 2024 1351 2082 ΡΝΑ’.

2404 2023 2583 2098 433
2608 2008 3130 2081 INTERROGATIO
3155 2008 3316 2081 cu.‘

293 2119 354 2174 Εἰ
377 2113 636 2190 ἕξεστιτῷ
667 2117 1012 2195 ὑπηρετοῦντι
1044 2118 1170 2191 μετὰ
1221 2123 1392 2190 φωνῆς
1429 2115 1666 2190 μείζονος
1711 2113 1895 2170 λαλεῖν.

2150 2113 2250 2173 Αη
2271 2116 2650 2173 ministranti
2695 2117 2872 2172 liceat
2919 2127 3060 2172 voce
3087 2115 3307 2172 altiore
3338 2113 3523 2186 loqui.

900 2230 1282 2283 ΔΠΟΚΡΙΣΙΣ.

2635 2223 3044 2281 RESPONSIO.

362 2325 468 2381 Τῆς
499 2325 670 2390 φωνῆς
705 2318 766 2368 τὸ
805 2320 987 2390 μέτρον
1028 2316 1195 2391 ὁρίζει
1253 2317 1283 2373 ἡ
1331 2303 1493 2387 χρεία
1529 2321 1631 2366 τῶν
1681 2310 1898 2365 ἀκουόν-

2080 2314 2259 2371 Vocis
2288 2313 2542 2371 modum
2579 2313 2842 2386 praeﬂuit
2885 2312 3266 2371 audientium
3313 2311 3669 2368 necessitas.

292 2428 413 2463 των.
463 2408 666 2460 Ούκοῦν
714 2408 798 2458 ἐὰν
837 2409 926 2478 μὶν
976 2404 1196 2457 ἔλαττων
1254 2401 1308 2477 ᾖ,
1370 2405 1440 2466 ὡς
1481 2403 1774 2479 νωθροτέρα
1820 2401 1901 2473 ἰγ-

2048 2415 2205 2469 !uare
2236 2420 2308 2460 ea
2339 2404 2412 2462 sit
2442 2401 2826 2471 submissior,
2852 2407 3146 2474 tanquam
3196 2401 3544 2472 languidior
3593 2399 3674 2456 ad

293 2501 391 2570 γύς
438 2496 553 2549 ἑστι
615 2495 969 2568 ψιθυρισμοῦ,
1029 2499 1120 2547 καὶ
1184 2499 1555 2566 καταγνώσεως
1613 2491 1773 2555 ἀξίαο
1816 2490 1898 2543 ἐὰν

2048 2510 2330 2550 usurrum
2368 2509 2558 2566 prope
2587 2491 2840 2560 accedit,
2881 2495 3064 2565 atque
3096 2489 3525 2561 redarguenda
3551 2493 3672 2556 est;

299 2583 360 2640 δε
413 2586 538 2659 ὑπὲρ
596 2589 690 2645 τὴν
733 2589 944 2660 χρείαν,
1001 2579 1290 2656 δυναμένου
1343 2590 1436 2636 τοῦ
1496 2581 1772 2644 ἀκούοντος
1811 2585 1898 2633 καὶ

2048 2583 2106 2640 in
2145 2588 2350 2640 autem
2381 2582 2558 2640 altior
2590 2581 2667 2638 sit
2692 2581 2840 2636 citra
2875 2580 3324 2648 necessitatem,
3351 2595 3492 2635 cum
3519 2577 3675 2634 scili-

298 2676 468 2749 ἠρέμα
514 2673 788 2738 λαλοῦντος
855 2672 1102 2741 ἀκοῦσαι,
1169 2677 1374 2749 κραυγὴ
1433 2677 1632 2746 γίνεται
1683 2673 1713 2730 ἡ
1773 2691 1902 2724 κατι

2049 2681 2106 2732 et
2129 2674 2180 2730 is
2196 2674 2300 2748 qui
2325 2673 2706 2743 audit,etiam
2728 2671 3090 2728 submissius
3101 2670 3453 2744 loquentem
3467 2671 3679 2743 posset

2011 2764 2244 2833 audire,
2274 2768 2418 2822 tunc
2446 2763 2497 2820 is
2527 2764 2630 2837 qui
2664 2762 2996 2820 damnatus
3023 2760 3372 2827 est,clamor
3398 2762 3442 2795 ιδ
3493 2757 3678 2816 efﬁci-

2013 2854 2255 2926 tur,nisi
2272 2854 2572 2911 audientis
2600 2853 2863 2923 languor
2884 2868 2954 2909 eo
2985 2851 3358 2908 necessitatis
3404 2865 3516 2906 nos
3571 2847 3677 2906 ad-

2015 2945 2218 3012 ducat,
2242 2947 2310 3001 ut
2332 2944 2597 3000 clamore
2628 2947 2893 3008 utamur,
2944 2943 3152 3014 sicque
3200 2957 3342 2996 eum
3389 2939 3573 2996 veluti
3603 2953 3679 2995 ex

2019 3047 2238 3089 somno
2270 3032 2627 3088 excitemus.
2672 3031 2795 3086 Hoc
2821 3029 2985 3086 enim
3014 3034 3073 3085 et
3122 3029 3418 3085 Dominus
3462 3027 3678 3084 fecisse

2019 3118 2593 3188 memoratur,velut
2620 3118 2704 3174 ait
2726 3116 3114 3187 evangelista:
3138 3117 3308 3173 Jesus
3331 3121 3532 3172 autem
3555 3115 3678 3172 cla-

2017 3212 2228 3279 mavit,
2260 3216 2316 3268 et
2354 3210 2512 3266 dixit
2546 3225 2559 3266 :
2617 3209 2732 3276 Qui
2781 3208 2971 3265 credit
3015 3208 3081 3263 in
3110 3222 3222 3278 me,
3254 3221 3376 3262 non
3406 3205 3597 3262 credit
3613 3206 3678 3261 in

2019 3317 2131 3372 me,
2161 3301 2265 3359 sed
2292 3301 2356 3358 in
2385 3317 2518 3358 eum
2544 3301 2651 3372 qui
2683 3300 2842 3356 misit
2879 3313 2972 3356 me
3006 3299 3074 3353 ιθ.

2502 3409 3024 3467 INTERROGATIO
3064 3408 3221 3464 CLII.

2093 3502 2224 3628 guis
2237 3500 2366 3556 vice
2386 3514 2500 3555 sua
2515 3499 2660 3554 dum
2676 3499 2898 3579 culinae
2923 3498 3030 3580 dat
3050 3510 3510 3578 operam,supra
3522 3496 3678 3554 vires

2121 3572 2350 3628 aboret.
2381 3571 2530 3627 adeo
2560 3577 2625 3625 ut
2646 3585 2752 3628 per
2780 3569 2905 3626 dies
2934 3571 3168 3628 aliquot
3194 3583 3232 3626 a
3261 3569 3440 3625 solito
3498 3582 3676 3628 onere

2121 3572 2350 3640 aboret,
2381 3571 2530 3627 adeo
2560 3577 2625 3625 ut
2642 3585 2752 3639 per
2780 3569 2905 3626 dies
2934 3570 3168 3640 aliquot
3194 3583 3232 3626 α
3261 3569 3440 3625 solito
3498 3582 3676 3640 opere

2096 3639 2486 3713 impediatur,
2557 3641 2836 3714 nunquid
2901 3639 3221 3698 conveniat
3273 3640 3504 3710 imponi
3531 3639 3673 3696 huic

2093 3713 2390 3785 ejusmodi
2415 3728 2650 3769 munus.

2647 3819 3055 3878 RESPONSIO.

2096 3911 2328 3968 Dictum
2356 3914 2446 3967 est
2472 3913 2853 3984 oportere,ut
2879 3909 2977 3965 cui
3007 3921 3266 3982 operum
3295 3906 3672 3982 dispensatio

2023 3999 2302 4070 delegata
2329 4003 2440 4070 est,
2461 3999 2511 4055 is
2539 3998 2709 4072 prius
2734 3997 3064 4055 habilitatis
3089 3997 3375 4054 etvirium
3398 3995 3683 4053 laboran-

2025 4091 2100 4149 tis
2127 4090 2336 4148 habita
2356 4090 2610 4158 ratione,
2640 4089 2933 4146 mandata
2957 4105 3071 4146 sua
3107 4088 3350 4159 dirigat,
3374 4092 3440 4145 ut
3469 4103 3545 4145 ne
3577 4102 3684 4144 au-

2024 4180 2152 4237 diat
2172 4179 2342 4236 illud:
2374 4179 2490 4248 Qui
2511 4180 2692 4251 ﬁngis
2725 4179 2986 4236 laborem
3012 4179 3077 4234 in
3104 4181 3472 4248 praeceptum
3503 4179 3686 4232 ιπε-

2024 4275 2370 4326 rumtamen
2401 4269 2691 4340 refragari
2715 4283 2840 4326 non
2855 4267 3386 4330 debet,cuidatum
3420 4272 3689 4324 estman-

2026 4360 2270 4417 datum:
2333 4359 2834 4434 quandoquidem
2882 4357 3227 4416 obedientia
3282 4358 3361 4415 ad
3426 4362 3684 4415 mortem

2023 4465 2217 4524 usque
2235 4447 2456 4506 limites
2488 4465 2634 4505 suos
2664 4447 2950 4507 extendit.

845 4555 1161 4603 sparum:
1208 4547 1376 4608 er.
1949 4533 1996 4587 ο
2481 4554 2995 4614 INTERROGATIO
3038 4555 3221 4612 CLIII.

310 4645 370 4714 εΗ
395 4641 462 4693 τὰ
491 4640 606 4716 ἔρια
639 4641 982 4716 πιστευθεῖσα
1013 4647 1119 4700 πῶς
1147 4637 1346 4716 ’ὀφείλει
1392 4634 1542 4716 ,αὐτὰ
1582 4639 1744 4712 ἔχειν,
1804 4645 1915 4702 πῶς
2025 4646 2326 4716 Quomodo
2371 4662 2463 4712 θα,
2516 4649 2616 4703 cui
2669 4647 2824 4703 ιαηκ

667 4715 968 4787 ξπροσέχειν
995 4719 1108 4778 ταῖς
1140 4709 1533 4786 ἐργαζομέναις.

297 2767 588 2838 εγνωσμὲνη
615 2785 628 2798 ·
689 2763 837 2826 tua;
863 2763 907 2816 εί
935 2767 1007 2837 μή
1052 2783 1153 2817 που
1197 2766 1256 2816 τὸ
1299 2763 1493 2838 νωθρὸν
1539 2769 1632 2815 τοῦ
1691 2759 1904 2814 ἀκούον-

299 2873 391 2916 τος
420 2854 493 2916 εἰς
521 2853 751 2927 ἀνάγκην
801 2856 941 2927 ἡμᾶς
1001 2851 1194 2926 ἀγάγοι
1226 2853 1340 2924 (81)
1391 2860 1451 2926 τῇ
1503 2859 1705 2927 κραυγῇ
1766 2855 1904 2926 χρή-

307 2945 527 3010 σασθαι,
556 2949 648 2997 καὶ
676 2946 848 3019 ὥσπερ
881 2943 933 3007 ἐξ
971 2944 1134 2996 ύπνου
1182 2950 1365 2996 τοῦτον
1412 2938 1689 3016 διεγεῖραι.
1741 2948 1904 2995 Τοῦτο

305 3033 406 3104 γὰρ
454 3037 542 3084 καὶ
599 3033 625 3084 ὁ
684 3035 874 3106 Κύριος
925 3035 1158 3093 ποιήσας
1207 3032 1512 3104 ἱστορεῖται,
1567 3030 1636 3090 ὥς
1681 3047 1839 3102 φησιν
1877 3028 1905 3079 ό

305 3119 714 3194 εύαγγελιστής·
767 3120 974 3184 Ἰησοῦς
1006 3118 1065 3174 δὲ
1094 3119 1294 3194 ἓκραξε,
1343 3124 1432 3173 καὶ
1481 3114 1655 3173 εἶπενο
1712 3117 1770 3170 Ὀ
1824 3136 1907 3169 πι-

309 3207 500 3263 στεύὼν
525 3211 598 3274 εἰς
629 3209 716 3284 ἐμὲ
740 3211 799 3264 ού
845 3213 1083 3265 πιστεύει
1121 3211 1188 3273 εἰς
1235 3209 1344 3285 ἐμὲ,
1377 3207 1481 3264 ἀλλ’
1529 3209 1600 3272 εἰς
1646 3212 1733 3262 τὸν
1781 3212 1908 3282 πίμ-

302 3297 481 3372 ψαντοὶ
522 3318 608 3372 με.

1937 3173 1980 3234 C

838 3413 1154 3461 ΕΡΩΤΗΣΙΣ
1200 3406 1365 3464 ΡΝΒ’.

305 3495 428 3570 Ἐάν
446 3515 544 3561 τις,
574 3499 667 3570 τὴν
697 3493 751 3559 ἓξ
774 3493 1056 3570 ὶεημερίας
1071 3497 1364 3569 ὑπηρεσίαν
1511 3502 1583 3570 τῷ
1629 3498 1909 3570 μαγειρείῳ
2020 3501 2085 3558 Si

377 3567 610 3643 πληρῶν,
636 3568 761 3643 ὑπὲρ
784 3563 1026 3643 ,δύναμιν
1056 3563 1199 3640 κείμῂ
1227 3569 1362 3643 (82),
1424 3569 1493 3643 ὡς
1525 3563 1911 3643 ἐμποδίζεσθαι

381 3636 885 3712 αύτῦνῗέπὶ-ἠμέρας
923 3636 989 3700 εἰς
1033 3643 1091 3691 τὸ
1127 3636 1276 3691 ’κατὰ
1320 3636 1598 3697 συνήθειαν
1638 3638 1806 3712 ἔργον,
1868 3636 1913 3692 εἰ

381 3708 464 3764 δεῖ
487 3711 628 3783 αὐτῷ
660 3708 960 3764 ἐπιτάσσειν
989 3715 1085 3770 τὴν
1117 3713 1363 3769 τοιαύτην
1399 3708 1712 3785 ὑπηρεσίανέ

915 3824 1268 3874 ΑΠΟΚΡΙΣΙΣ
1283 3864 1295 3878 .

382 3912 622 3985 Εἴρηται,
671 3911 752 3962 ὅτε
799 3905 885 3962 δεῖ
934 3911 1022 3962 τὸν
1071 3907 1528 3985 ἐγκεχειρισμένον
1573 3912 1666 3966 τὴν
1721 3907 1914 3960 οἰκονο-

309 3999 434 4073 μίαν
500 4005 600 4052 τῶν
658 3998 816 4075 ἔργων
855 3995 1262 4072 ἕστοχασμένως
1307 4006 1405 4059 τῆς
1450 4015 1507 4051 τε
1553 3993 1916 4056 ἐπιτηδειότη-

309 4107 396 4151 τος
442 4087 532 4140 xui
587 4094 684 4149 τῆς
741 4083 1011 4161 δυνάμεως
1061 4093 1152 4141 τοῦ
1204 4085 1553 4163 ἐργαζομένου
1611 4093 1812 4140 τυποῦν
1849 4089 1917 4140 τὰ

312 4175 660 4249 ἐπιτάγματα,
716 4180 788 4249 μὴ
845 4175 1045 4249 ἀκούσῃ
1078 4197 1092 4210 ·
1173 4176 1232 4230 Ὀ
1307 4177 1560 4231 πλάσσων
1626 4182 1787 4229 κόπον
1832 4174 1915 4229 ἐπὶ

309 4271 630 4342 πρόσταγμα
658 4265 793 4336 (83).
849 4265 924 4317 Ού
964 4268 1050 4317 τὸν
1081 4268 1317 4338 μέντοιγε
1367 4265 1761 4339 ἐπιτεταγμένον
1800 4268 1912 4339 χρὴ

312 4347 630 4428 ἂντιλέγεινο
695 4355 725 4413 ἠ
770 4354 869 4430 γὰρ
924 4354 1127 4412 ὑπακοή
1174 4357 1339 4429 μέχρι
1389 4357 1610 4408 θανάτου
1661 4356 1775 4428 ἔχει
1827 4359 1915 4407 τὸν

313 4463 452 4517 ορον.

2877 4648 3133 4715 fuerunt
3161 4643 3537 4710 concreditae,
3571 4643 3684 4700 has

2092 4719 2304 4776 debeat
2331 4733 2591 4785 servare,
2625 4724 2680 4776 et
2708 4716 2996 4791 quomodo
3025 4716 3232 4773 debeat
3255 4715 3328 4773 iis
3377 4729 3510 4788 quae
3539 4729 3681 4786 ope-

2091 4796 2318 4850 rantur
2344 4791 2678 4850 attendere.

2651 4903 3057 4963 RESPONSIO.

2093 4999 2298 5056 Servet
2324 4997 2498 5056 lanas
2527 4999 2824 5070 tanquam
2871 5011 3009 5069 quae
3060 4992 3239 5052 fuerit
3280 4992 3680 5052 custodiendo

918 4911 1271 4965 ΑΠΟΚΡΙΣῙΣ
1284 4952 1298 4968 .

383 5003 461 5056 Τὰ
660 5002 777 5078 ἔρια
830 5002 896 5063 ὡς
949 5002 1400 5079 παρακαταθήκην
1477 5005 1612 5054 Θεοῦ
1698 5018 1911 5054 πιστευ-

387 5180 435 5218 ¹³
463 5179 669 5238 Matth.
706 5193 847 5247 xxv,
874 5179 966 5248 41,
991 5181 1080 5237 42.
1160 5180 1207 5216 ιι
1236 5179 1458 5236 Jerem.
1490 5194 1686 5248 xum,
1719 5180 1808 5236 10.
1888 5179 1904 5214 ¹

2048 5177 2184 5235 ὤθει.
2213 5192 2290 5245 iv,
2318 5180 2412 5234 31.
2490 5176 2535 5212 ¹⁸
2562 5177 2736 5233 Joan.
2761 5191 2864 5240 xu,
2894 5176 2986 5232 44.
3067 5173 3114 5210 ¹⁷
3142 5171 3296 5230 Psal.
3325 5186 3488 5244 xcm,
3519 5177 3610 5230 20.

385 5359 498 5431 (80)
553 5361 700 5429 Reg.
757 5357 990 5431 primus
1041 5361 1132 5409 καὶ
1185 5357 1344 5419 οὕτως
1399 5355 1796 5431 ἔγχειρίξεσθαι
1845 5360 1905 5409 τὸ

2090 5355 2208 5431 (82)
2239 5355 2482 5431 Veteres
2504 5354 2629 5410 duo
2647 5353 2800 5431 libri
2831 5369 2974 5431 cum
3006 5348 3450 5431 νο3β;-δύναμιν
3482 5352 3680 5431 κᾴμνῃ,

313 5422 545 5505 ἁρμόζον
569 5422 673 5483 rivi
701 5449 714 5464 ο
759 5422 842 5482 ἵνα
863 5433 947 5505 μὴ-
968 5422 1500 5505 κατακριθῶσε-μῆτῖ
1530 5422 1579 5482 ὁὶ
1622 5429 1906 5505 ὀἰκονόμοι

2048 5422 2134 5505 ἰβό
2154 5422 2236 5484 ita
2260 5427 2459 5505 multo
2477 5432 2618 5499 post
2638 5429 2789 5505 AReg.
2815 5427 3050 5500 primus
3078 5427 3136 5480 et
3164 5422 3341 5480 Voss.
3360 5422 3682 5477 'tméa‘u‘w

312 5499 412 5556 τῶν
443 5521 496 5554 τε
517 5501 732 5575 ψυχῶν,
763 5499 898 5566 etcL,
931 5499 1176 5558 brevius
1217 5499 1486 5574 quidem,
1534 5500 1644 5558 sed
1669 5517 1796 5558 non
1817 5499 1908 5557 ita

2049 5504 2108 5559 ὴν
2132 5503 2381 5557 τοιαύτην
2412 5499 2728 5571 οἰκονομίαν.

313 5566 540 5632 τθοιθ.’
595 5566 638 5575 ’⁷
718 5566 725 5569 ’
1234 5566 1257 5574 ’
1432 5566 1478 5643 γ’

2087 5575 2196 5642 (83)
2226 5572 2377 5643 Editi
2406 5566 2605 5643 etduo
2633 5585 2784 5643 mss.
2816 5571 2900 5624 ἐπὶ
2936 5572 3274 5643 πρόσταγμα.
3308 5569 3386 5626 At
3403 5567 3466 5625 in
3507 5566 3676 5624 Colb.

382 5646 502 5719 (81)
529 5646 678 5718 Reg.
704 5645 938 5720 primu
966 5648 1026 5704 et
1056 5643 1223 5704 Colb.
1251 5645 1392 5720 ὑμᾶς
1419 5642 1618 5722 ἀνάγῃ.

2053 5647 2074 5702 ι
2099 5640 2267 5717 ιριιά.
2296 5645 2426 5702 LXX
2450 5642 2671 5715 legitur
2707 5640 2800 5698 ἐπὶ
2826 5640 3226 5720 προστάγματι.
