4114 6376
445 337 581 394 1183

1821 341 1877 395 S.
1924 339 2174 395 BASlLll
2204 337 2428 394 MAGNI

3674 345 3808 399 1184

443 461 543 518 Dei
574 461 1166 536 depositopraefecta;
1199 461 1524 537 unicuique
1553 468 1756 520 autem
1790 465 1980 521 sorori
2017 463 2094 519 ci-

2209 462 2357 516 θεῖσα
2383 483 2395 496 ·
2430 461 2758 536 ἀφιλονείκως
2811 458 2870 516 δὲ
2923 465 3013 514 καὶ
3062 460 3557 536 ἀπροσωπολήπτως
3616 464 3807 540 ἑκάστῃ

440 555 534 606 tra
559 551 747 608 ullam
765 553 1236 619 contentionem,
1253 553 1561 626 ullamque
1588 571 2091 627 personarumra-

442 639 666 698 tionem
698 658 854 714 opus
867 643 1182 715 proprium
1202 644 1746 718 assignabit,atque
1759 644 2091 701 distribuet.

897 750 1412 810 INTERROGATIO
1454 756 1630 810 CLIV.

444 839 514 896 Si
537 840 700 909 forte
729 841 972 912 quando
999 842 1188 910 pauci
1215 849 1355 898 sunt
1383 844 1638 912 fratres,
1671 848 1727 900 et
1757 844 2095 900 inserviunt

513 912 792 981 pluribus
825 914 1152 980 sororibus,
1185 929 1250 970 eo
1270 917 1640 971 necessitatis
1665 916 2005 982 deveniunt,
2029 921 2095 970 ut

515 998 554 1039 a
583 985 922 1057 seinvicem
955 991 1338 1054 separentur,
1373 993 1576 1056 utpote
1601 987 1682 1043 ad
1713 987 1952 1057 agenda
1971 1002 2097 1057 cpe-

515 1069 589 1112 ra
617 1055 815 1125 divisi,
842 1056 984 1113 idne
1001 1059 1275 1126 periculo
1307 1055 1482 1115 vacat
1500 1063 1528 1114 ?

1057 1165 1471 1224 RESPONSIO.

515 1251 572 1307 Si
603 1267 748 1309 cura
778 1253 908 1310 haec
938 1270 974 1310 ει
1005 1255 1241 1310 Domini
1268 1256 1564 1313 mandato
1593 1256 1812 1330 accipit
1837 1256 2099 1314 testimo-

443 1340 698 1407 nium,et
723 1343 1062 1399 secundum
1081 1345 1929 1420 Deumimpenditur,quilibet
1951 1362 2098 1420 ope-

442 1431 706 1488 rantium
745 1432 806 1489 in
837 1449 948 1490 suo
976 1449 1158 1506 opere
1188 1435 1384 1506 placet
1413 1437 1553 1495 Deo.
1587 1438 1864 1511 Ipsorum
1895 1441 2099 1493 autem

442 1521 791 1592 conjunctio
819 1523 974 1580 inter
1005 1541 1068 1580 se
1084 1523 1256 1597 467
1289 1526 1350 1582 in
1372 1543 1443 1582 eo
1474 1526 1672 1600 posita
1699 1528 1863 1593 est,si
1885 1541 2100 1583 omnes

439 1610 764 1667 unanimes
781 1611 1449 1683 sint,sentientesidem,
1473 1616 1797 1690 implentes
1826 1616 1993 1690 quod
2020 1615 2099 1672 ab

440 1701 728 1771 Apostolo
758 1701 984 1760 dictum
1014 1709 1109 1761 est
1135 1721 1148 1760 :
1176 1706 1335 1762 Nam
1390 1711 1446 1762 et
1494 1708 1547 1762 si
1597 1722 1849 1778 corpore
1885 1707 2098 1764 absens

439 1804 594 1860 sum,
621 1792 726 1850 sed
747 1795 968 1863 spiritu
999 1795 1299 1853 vobiscum
1328 1811 1456 1854 sum
1493 1799 1560 1854 1⁸.

907 1993 1436 2053 INTERROGATIO
1480 1998 1634 2054 CLV.

449 2079 942 2166 Quandoquidem
963 2099 1071 2140 nos
1100 2086 1205 2166 qui
1234 2085 1295 2140 in
1325 2085 1579 2156 hospitio
1615 2086 1870 2166 inﬁrmis
1907 2086 2100 2166 inser-

517 2155 729 2229 vimus.
761 2154 1079 2229 edocemur
1105 2154 1192 2213 ita
1223 2154 1465 2226 operam
1495 2154 1778 2227 praebere,
1809 2160 2100 2229 quasiDo-

515 2225 670 2300 mini
685 2225 991 2294 fratribus
1014 2225 1365 2284 serviamus:
1399 2231 1451 2284 si
1483 2225 1624 2286 talis
1651 2225 1771 2286 non
1792 2225 1983 2300 fuerit
2006 2229 2103 2287 cui

517 2296 929 2366 ministratur,
964 2300 1258 2372 quomodo
1290 2301 1466 2358 illum
1488 2302 1763 2359 debemus
1785 2296 2024 2360 curare.

1061 2496 1482 2557 RESPONSIO.

519 2585 667 2641 Cum
701 2584 992 2641 Dominus
1024 2586 1240 2644 dixerit
1273 2605 1286 2643 :
1323 2590 1674 2662 Quicunque
1704 2591 1859 2648 enim
1889 2591 2103 2662 fecerit

446 2674 817 2731 voluntatem
844 2675 1056 2733 Patris
1081 2680 1328 2750 mei,qui
1349 2681 1414 2734 in
1446 2681 1608 2736 caelis
1661 2687 1767 2747 est,
1823 2679 1919 2738 hic
1943 2695 2104 2738 meus

441 2766 666 2834 frater,
693 2770 748 2822 et
774 2781 968 2835 soror,
995 2771 1049 2824 et
1073 2775 1271 2826 mater
1289 2775 1373 2826 est
1404 2771 1472 2840 *9,
1535 2770 1585 2827 si
1627 2771 1765 2845 quis
1803 2771 2106 2843 ejusmodi

442 2869 568 2910 non
596 2853 795 2924 fuerit,
827 2855 934 2912 sed
977 2863 1259 2929 peccator
1297 2875 1426 2914 esse
1447 2859 1954 2932 deprehendatur,
2006 2861 2104 2917 sit-

445 2958 565 3016 que
595 2943 820 3014 dignus
848 2946 1145 3003 sententia
1175 2947 1276 3005 illa
1308 2966 1321 3016 ;
1358 2949 1562 3006 Omnis
1600 2951 1706 3022 qui
1723 2951 1877 3022 facit
1892 2966 2102 3021 pecca-

446 3036 594 3099 tum,
624 3051 830 3091 servus
861 3040 1206 3107 est‘peccali
1223 3040 1292 3109 ²⁰,
1320 3039 1583 3112 primum
1618 3040 1865 3113 quidem
1887 3041 2102 3098 cohor-

443 3123 671 3180 tatione
703 3129 883 3198 atque
910 3126 1327 3185 admonitione
1341 3130 1606 3202 praefecti
1633 3130 1878 3202 indiget.
1910 3131 2026 3188 Sed
2052 3131 2103 3188 si

443 3217 916 3286 perseveraverit
938 3216 995 3273 in
1029 3217 1246 3274 iisdem
1277 3219 1458 3288 vitiis,
1486 3221 1845 3294 perpicuum
1884 3227 1976 3279 est
1999 3221 2102 3279 ad—
2133 3185 2174 3240 Ο

443 3319 686 3360 versum
717 3305 916 3378 ipsum
945 3307 1244 3378 judicium
1277 3309 1554 3380 ejusdem
1589 3311 1844 3382 Domini,
1885 3312 1989 3385 qui
2019 3312 2105 3371 ita

446 3393 782 3466 subjungit:
835 3397 1060 3453 Servus
1090 3405 1288 3455 autem
1338 3416 1460 3456 non
1484 3408 1685 3458 manet
1716 3403 1780 3458 in
1833 3403 2005 3460 domo
2028 3405 2102 3470 ²¹,

443 3485 711 3559 itemque
738 3487 1029 3559 Apostoli,
1088 3489 1171 3546 ita
1208 3491 1653 3564 praecipientis:
1687 3495 1936 3565 Auferte
1974 3509 2104 3553 ma-

451 3576 579 3632 lum
610 3591 687 3634 ex
727 3579 1030 3651 vobz‘sipsis
1069 3582 1138 3633 ³⁵.
1175 3581 1266 3637 Sic
1293 3581 1454 3638 enim
1487 3583 1691 3639 nullus
1718 3585 2103 3642 ministranti-

455 3665 574 3723 bus
598 3666 773 3724 inerit
803 3668 1126 3727 hmsitandi
1156 3670 1350 3737 locus,
1372 3689 1712 3748 omnesque
1731 3675 2103 3750 quibuscum

445 3755 729 3829 degebat,
754 3759 864 3816 tuti
892 3767 1069 3816 erunt
1093 3766 1150 3818 et
1180 3763 1396 3820 securi.
1420 3801 1436 3806 —

907 3868 1428 3930 INTERROGATIO
1457 3872 1636 3930 CLVI.

425 3954 744 4030 _Nunquid
773 3959 952 4035 is‘eui
978 3961 1240 4035 cellarii,
1268 3968 1375 4019 aut
1395 3963 1652 4020 alterius
1683 3965 1774 4022 rei
1811 3965 2107 4035 ejusmodi

519 4045 670 4106 cura
702 4031 934 4087 tradita
961 4033 1284 4106 est,debeat
1322 4050 1554 4106 semper
1572 4037 1738 4093 illius
1761 4031 1970 4095 curam
2000 4038 2105 4095 ha-

522 4101 678 4173 bere,
719 4109 826 4160 aut
851 4105 1214 4174 permutari.

424 4192 430 4196 ’
1081 4210 1472 4274 nnsrousuo

522 4294 580 4355 Si
600 4296 743 4356 recti
774 4298 1005 4359 ordinis
1056 4303 1374 4364 scientiam
1428 4312 1486 4365 et
1522 4306 1744 4380 regulae
1800 4306 2105 4382 integrita-

445 4386 564 4444 tem
599 4393 798 4447 servat
827 4406 1347 4465 supervacaneum
1404 4393 1568 4454 hunc
1613 4400 1959 4471 permutari,
2011 4401 2108 4458 vel

446 4478 649 4552 potius
670 4494 849 4551 grave
875 4489 964 4538 est
986 4488 1042 4540 et
1063 4481 1329 4542 difﬁcile.
1365 4483 1600 4544 Habeat
1625 4495 1828 4546 autem
1857 4506 2107 4549 necesse

446 4572 536 4624 est
559 4570 857 4628 asseclam
889 4572 1175 4647 aliquem,
1211 4575 1316 4649 qui
1355 4575 1647 4650 paulatim
1678 4579 1756 4636 ad
1785 4580 1847 4636 id
1875 4581 2107 4639 institu-
2137 4556 2182 4612 Ῑ)

429 4663 583 4736 ⁴ειιων
607 4662 900 4732 muneris,
933 4669 998 4720 ut
1023 4681 1100 4721 ne
1136 4666 1492 4724 necessitate
1547 4683 1962 4728 successorem
2000 4687 2106 4746 po-

447 4749 727 4822 stulante,
757 4749 809 4809 si
836 4750 934 4810 hic
971 4751 1224 4825 deesset,
1247 4758 1672 4830 perturbemur
1704 4760 1866 4819 :imo
1921 4761 2105 4820 etiam

445 4853 522 4896 ne
544 4857 705 4915 saepe
726 4842 1014 4918 aliquem,
1040 4846 1316 4920 ineptum
1341 4849 1484 4907 huic
1500 4852 1668 4925 cperi
1687 4852 1988 4924 praeﬁcere
2008 4869 2106 4912 co-

521 5057 565 5094 ίθ
589 5058 820 5119 Coloss.
854 5079 908 5130 ιι,
941 5065 996 5120 5.
1076 5063 1122 5100 ¹⁹
1153 5060 1352 5122 Matth.
1385 5081 1483 5134 xu,
1515 5069 1603 5124 50.

450 5329 484 5385 ὃ
519 5258 634 5345 (84)
669 5265 810 5335 Reg.
836 5261 1072 5336 primus
1135 5263 1302 5322 solus
1355 5269 1445 5317 καὶ
1504 5265 1856 5340 οἰκονομουσα
1905 5263 2105 5322 διδότω

489 5352 688 5385 εοντως-

489 5352 688 5396 εοντως.

515 5409 633 5484 (85)
663 5408 903 5484 nptiqu
931 5409 1054 5465 duo
1078 5409 1215 5466 libri
1246 5410 1515 5484 ἐμπίπτειν
1546 5431 1637 5464 του
1671 5408 2101 5471 διασπάσασθαι.

449 5476 647 5533 Codex
678 5476 845 5538 Voss:
870 5477 1227 5536 διασπᾶσθαι.

434 5595 438 5602 .
654 5553 834 5642 Χθῐυε
862 5552 1208 5642 libet-Coll).
1242 5558 1498 5642 πνεύματι
1517 5560 1742 5642 σύνειμι.

519 5623 794 5701 (δηιῖθε.
839 5641 1076 5701 primus
1121 5626 1208 5680 ἐὰν
1261 5631 1332 5701 μή
1361 5623 1590 5682 τοιοῦτοι
1629 5623 1758 5684 ὦσιν
1815 5631 1865 5682 oi
1907 5632 2101 5701 ὑπηρε·

447 5685 706 5766 τοῦμενοι,
736 5685 879 5761 Vncti;
933 5693 1196 5771 ὀφείλομεν
1247 5685 1422 5763 αὐτοῖς
1486 5707 1790 5780 προσέχειν,
1879 5705 1939 5761 et
1999 5685 2100 5764 ita

1682 5067 1732 5103 ²⁰
1756 5069 1924 5126 Joan.
1955 5084 2076 5138 vnn,
2107 5071 2199 5130 34.

2206 549 2402 625 ἀδελφῇ
2437 556 2494 605 τὸ
2529 553 2713 606 οἰκεῖον
2746 557 2888 628 ἔργον
2909 561 3154 605 τυποῦσα
3180 557 3270 605 καὶ
3299 554 3652 628 οἰκονομοῦσα
3671 557 3809 628 (84).

2740 756 3054 806 ΕΡΩΤΗΣΙΣ
3101 750 3264 808 ΡΝΔ’⁸

2207 839 2321 894 Ἐὰν
2351 839 2524 914 συμϐῇ
2556 840 2756 914 ὀλίγους
2795 847 2942 905 ὄντας
2973 839 3243 914 ἀδελφοὺς,
3278 846 3367 895 καὶ
3398 841 3632 914 πλείοσιν
3662 841 3811 897 ἀδελ-

2277 911 2955 998 φαῖςέξυπηριετουμένους,
3008 915 3077 977 εἰς
3105 911 3352 998 ⁷(Σινοέγκνπν
3403 913 3675 987 ἐμπίπτειν
3718 923 3809 969 τοῦ

2278 982 2712 1064 admoneant-651K
2753 982 2981 1064 αλλήλων
3009 988 3140 1058 (85),
3187 982 3651 1063 διαμεριξομένους
3680 993 3810 1064 πρὸς

2275 1059 2342 1108 τὰ
2368 1058 2512 1130 ἔργα,
2548 1057 2590 1110 εἰ
2629 1054 2902 1110 ἀκινδυνον
2941 1062 2998 1110 τὸ
3019 1054 3278 1113 τοιοῦτον.

2813 1170 3192 1222 ΑΠΟΚΡΙΣΙΣ.

2279 1253 2340 1306 Εἰ
2370 1255 2398 1313 ἠ
2429 1259 2635 1330 φροντὶς
2681 1255 2780 1307 ὑπὸ
2829 1263 2922 1316 τῆς
2967 1254 3169 1316 ἐντολῆς
3217 1263 3310 1308 τοῦ
3363 1260 3556 1331 Κυρίου
3613 1278 3814 1334 μαρτυ·

2207 1350 2392 1417 ρείται,
2419 1349 2510 1396 καὶ
2541 1345 2676 1396 κατὰ
2702 1347 2830 1397 Θεὸν
2853 1343 3161 1413 ἕκπονείται,
3181 1343 3382 1417 ἑκάστῳ
3412 1347 3501 1418 μεν
3531 1355 3631 1398 τῶν
3660 1345 3814 1423 ἐργα-

2212 1434 2434 1504 ζομένων
2473 1431 2522 1486 ἐν
2551 1442 2623 1504 τῷ
2675 1431 2794 1506 ἰδίῳ
2848 1437 2978 1509 ἔργῳ
3034 1437 3062 1493 ἡ
3117 1439 3246 1510 πρὸς
3289 1439 3419 1488 Θεὸν
3469 1435 3814 1511 εὐαρέστησις

2209 1525 2558 1599 κατορθοῦται
2587 1545 2600 1557 ·
2633 1526 2663 1584 ἡ
2709 1521 2768 1577 δὲ
2800 1523 2975 1586 ἑνότης
2999 1524 3163 1577 αὐτῶν
3194 1529 3326 1601 πρὸς
3355 1524 3630 1596 ἀλλήλους,
3661 1526 3713 1579 ἂν
3744 1535 3816 1598 τῷ

2211 1613 2338 1666 εἶναι
2377 1612 2562 1674 αὐτοὺς
2597 1617 2712 1675 τοὺς
2735 1615 2929 1676 πάντας
2953 1613 3295 1687 συμψύχους,
3320 1617 3379 1667 τὸ
3406 1613 3455 1668 ἓν
3483 1623 3817 1691 φρονοῦντας,

2208 1701 2539 1776 πληροῦντας
2561 1705 2619 1755 τὸ
2651 1705 2751 1757 ὑπὸ
2775 1711 2866 1756 τοῦ
2904 1702 3220 1757 ’Λποστὸλου
3255 1703 3520 1778 εἰρημένον
3548 1724 3562 1740 ο
3621 1705 3682 1760 Εἰ
3709 1708 3810 1779 γὰρ

2125 1819 2170 1876 Β
2208 1796 2299 1845 καὶ
2351 1800 2411 1866 τῇ
2467 1797 2623 1868 σαρκὶ
2661 1794 2868 1868 ἄπειμι,
2914 1791 3044 1846 ἀλλά
3106 1802 3178 1866 τῷ
3252 1796 3510 1868 πνεύματι
3559 1798 3651 1847 σὺν
3691 1795 3810 1867 ὑμῖν

2209 1882 2316 1956 εἰμι
2342 1883 2487 1956 (86).

2744 1997 3060 2046 ΕΡΩΤΗΣΙΣ
3099 1990 3266 2050 PNE'.

2212 2077 2425 2156 Ἐπειδή
2460 2076 2830 2156 διδασκόμεθα
2854 2085 2903 2136 οἱ
2933 2084 3448 2156 ὑπηρετοῦντεςᾼτοῖς
3485 2079 3536 2135 ἕν
3573 2090 3647 2154 τῷ
3674 2081 3811 2146 ξενο-

2282 2150 2479 2225 δοχείῳ
2521 2149 2811 2229 ἀρρώστοις
2849 2157 2979 2227 μετὰ
3003 2149 3252 2216 τοιαύτης
3295 2149 3583 2229 διαθέσεως.
3613 2149 3811 2229 ὗπηρες

2281 2223 2404 2293 τείν,
2438 2223 2506 2286 ὡς
2533 2223 2776 2298 ἆδελφοίς
2803 2223 2896 2278 τοῦ
2925 2230 3120 2301 Κυρίου
3147 2228 3534 2301 ὑπηρετοῦντες,
3555 2226 3649 2301 μίαν
3680 2223 3752 2300 μὴ

2281 2299 2547 2360 ὁτοιοῦτος
2575 2297 3013 2372 ὑπηρετούμπος,
3051 2307 3158 2359 πῶς
3197 2297 3456 2371 ὀφείλομεν
3506 2298 3649 2371 αὐτῷ
3681 2297 3816 2372 προσ

2283 2372 2462 2443 σέχειν
2493 2371 2626 2443 (87).

2819 2500 3172 2550 ΑΠΟΚΡΙΣῙΣ
3187 2538 3200 2552 .

2281 2591 2385 2639 Τοῦ
2410 2589 2605 2660 Κυρίου
2647 2585 2923 2649 εἰπόντος’
2980 2586 3076 2649 Ὃς
3121 2589 3223 2660 γὰρ
3265 2585 3326 2638 ἆν
3379 2589 3578 2660 ποιήσῃ
3631 2588 3691 2639 τὸ
3743 2587 3820 2640 θί-

2210 2673 2355 2749 λημα
2411 2682 2501 2728 τοῦ
2563 2681 2761 2752 Πατρός
2807 2696 2907 2750 μου
2951 2683 3043 2729 τοῦ
3092 2675 3142 2727 ἐν
3193 2675 3452 2752 οὐρανοῖς,
3509 2672 3662 2736 οὗτος
3715 2693 3816 2748 μου

2214 2762 2453 2840 ἀδελφὸς,
2487 2771 2575 2819 καὶ
2596 2763 2813 2839 ἀδελφὴ,
2838 2771 2928 2819 καὶ
2957 2769 3133 2840 μήτηρ
3175 2764 3289 2819 ἔστί
3323 2785 3336 2800 ·
3390 2766 3432 2819 εἰ
3461 2769 3533 2840 μὴ
3575 2767 3689 2819 ἔστι
3735 2784 3820 2828 τις

2211 2864 2464 2924 τοιοῦτος,
2491 2855 2798 2932 ἁμαρτάνων
2830 2852 2889 2910 δι
2915 2854 3186 2928 ἐλέγχεται
3215 2855 3358 2920 ἄξιος
3389 2855 3456 2908 ὢν
3487 2864 3584 2918 τῆς
3622 2853 3822 2928 ἀποφά-

2215 2967 2343 3010 σεως
2373 2946 2586 3013 ἐκείνης,
2618 2948 2698 2999 ὅτι
2717 2945 2775 2998 Ὀ
2795 2954 2955 2999 ποιῶν
2981 2950 3075 3004 τὴν
3105 2945 3358 3020 ἁμαρτίαν
3386 2943 3572 3008 δοῦλός
3595 2943 3820 3008 ἐστιτῆς

2213 3037 2470 3114 ἁμαρτίας
2495 3057 2507 3071 ο
2545 3045 2746 3113 πρῶτον
2777 3039 2868 3110 μεν
2915 3035 3284 3112 παρακλήσεως
3333 3036 3528 3108 χρῄζει
3567 3039 3658 3087 καὶ
3704 3053 3820 3086 νου-

2215 3129 2394 3190 θεσίας
2420 3128 2532 3191 (88)
2565 3131 2710 3202 παρὰ
2732 3134 2824 3180 τοῦ
2851 3134 3196 3200 προεστῶτος.
3239 3124 3354 3178 Ἐὰν
3387 3120 3445 3176 δι
3467 3123 3679 3197 ἐπιμένῃ
3708 3128 3818 3184 τοῖς

2213 3217 2413 3290 αὐτοῖς,
2445 3221 2657 3292 φανερόν
2687 3215 2826 3269 ἐστιν
2853 3213 2930 3269 ἐπ’
2963 3215 3102 3287 αὐτῷ
3130 3217 3189 3268 τὸ
3216 3221 3383 3289 κρῖμα
3401 3221 3492 3266 τοῦ
3526 3213 3688 3266 αὐτοῦ
3717 3219 3820 3266 Ku-

2211 3313 2327 3386 ρίου
2359 3307 2639 3380 ἐπάγοντος
2667 3307 2802 3380 (89),
2832 3305 2891 3358 Ὀ
2933 3301 2991 3358 δὲ
3031 3301 3211 3366 δοῦλος
3242 3304 3300 3357 οῦ
3345 3307 3483 3378 μένει
3526 3302 3573 3356 ἐν
3629 3311 3692 3377 τῇ
3747 3301 3822 3356 οἰ-

2211 3403 2323 3472 κίᾳ,
2345 3403 2436 3451 καὶ
2463 3407 2554 3451 τοῦ
2583 3395 2907 3452 Ἀποστόλου
2941 3395 3380 3472 παραγγείλαντος
3405 3415 3420 3429 ο
3464 3393 3712 3468 Ἐξάρατε
3732 3396 3819 3446 τὸν

2211 3491 2435 3564 πονηρὸν
2467 3486 2521 3551 ἐξ
2548 3489 2693 3561 ὑμῶν
2725 3486 2915 3543 αὐτῶν.
2951 3484 3100 3538 Οὕτω
3127 3488 3226 3563 γὰρ
3257 3491 3363 3546 τοῖς
3399 3502 3451 3537 τε
3498 3484 3822 3559 ὑπηρετοῦσι

2212 3581 2270 3632 τὸ
2331 3575 2639 3653 ἀδιάκριτον
2696 3580 2788 3632 καὶ
2845 3583 2951 3638 τοῖς
2996 3576 3202 3638 συζῶσι
3253 3581 3385 3629 πᾶσι
3461 3577 3519 3626 τὸ
3596 3571 3818 3646 ἀσφαλες

2212 3668 2452 3747 ὑπάρξει.

2746 3871 3064 3923 ΕΡΩΤΗΣΙΣ
3121 3863 3278 3930 ΡΝςί.

2211 3964 2309 4017 Τὸν
2333 3962 2738 4032 πεπιστευμένον
2769 3953 3021 4041 φρρντίδα
3063 3954 3514 4041 ἤτοιηκελλαρίου,
3573 3955 3602 4014 ᾖ
3647 3953 3817 4041 illo?

2283 4037 2418 4094 τινὸς
2456 4023 2715 4099 τοιοῦτον,
2750 4023 2909 4083 εἶ’δεί
2942 4031 3162 4083 πάντοτε
3193 4030 3332 4100 ἔχειν
3358 4023 3447 4087 τὴν
3479 4023 3750 4104 φροντίδα,
3785 4027 3814 4086 ἦ

2283 4110 2374 4159 καὶ
2405 4103 2838 4158 ἒναλλάσσεσθαι.

2823 4214 3205 4268 ΑΠΟΚΡῙΣΙΣ.

2284 4305 2347 4360 Εἰ
2376 4308 2469 4365 τὴν
2509 4301 2806 4378 ἐπιστήμην
2836 4311 2927 4364 τῆς
2959 4301 3219 4370 εὐταξίας,
3273 4303 3364 4354 καὶ
3410 4304 3503 4358 τὴν
3549 4295 3818 4372 ἀκρίϐειαν

2215 4407 2307 4452 τοῦ
2345 4403 2557 4461 κανόνος
2600 4395 2877 4470 φυλάσσει,
2931 4396 2988 4448 τὸ
3032 4392 3444 4446 ἐναλλάσσεσθαι
3495 4393 3584 4464 μὲν
3640 4410 3821 4464 περισ-

2219 4491 2330 4558 σὸν,
2365 4488 2554 4564 μᾶλλον
2591 4484 2651 4541 δε
2691 4483 2948 4540 δύσκολον
2987 4488 3076 4537 καὶ
3126 4480 3484 4558 δυσπόριστον
3507 4503 3520 4516 ·
3571 4484 3711 4553 ἔχειν
3760 4474 3820 4534 δε

2213 4599 2329 4632 τινα
2387 4578 2884 4656 παρακολουθοῦντα
2954 4573 3252 4647 ἀναγκαῖον,
3341 4573 3601 4647 ὀφείλοντα
3683 4573 3822 4623 κατὰ

2213 4672 2368 4747 μέρος
2410 4675 2540 4748 πρὸς
2587 4675 2675 4729 τὴν
2734 4662 2989 4746 φροντίδα
3033 4666 3332 4720 τυποῦσθαι
3361 4685 3374 4699 ι
3427 4666 3508 4716 ἱνα
3553 4666 3648 4735 μὴ,
3695 4662 3816 4713 ὅταν

2214 4765 2244 4824 ἡ
2278 4766 2439 4838 χρεία
2468 4761 2689 4834 ἓπιξητῇ
2722 4763 2810 4812 τὸν
2843 4754 3231 4832 διαδεξόμενον,
3283 4754 3332 4808 ἐν
3381 4753 3574 4830 ἀπορία
3627 4754 3815 4806 τούτου

2215 4855 2494 4928 εὑρεθέντες
2543 4850 2975 4928 ταρασσώμεθαο
3039 4847 3288 4910 πολλάκις
3340 4841 3400 4899 δι
3445 4848 3536 4898 καὶ
3581 4846 3666 4897 τὸν
3723 4841 3818 4897 οὐκ

2275 5070 2320 5107 τι
2351 5067 2500 5127 ibid.
2533 5072 2622 5127 35.
2700 5067 2791 5123 ἐι
2825 5067 2959 5125 Cor.
2991 5081 3051 5138 ν,
3087 5069 3172 5123 13.

2215 5283 2460 5359 quoque
2489 5267 2562 5359 in.
2581 5267 2922 5359 (lolbertino
2949 5265 3186 5337 legitur,
3235 5262 3353 5322 nisi
3377 5257 3546 5338 quod
3563 5276 3690 5342 pro
3729 5258 3818 5313 αὖ·

2214 5341 2318 5402 τοῖς
2345 5341 2570 5398 habeat
2597 5341 2820 5401 ἑαυτοῖς.
3564 5341 3568 5342 ί

2287 5415 2400 5486 (88)
2432 5413 2587 5488 Εᾴᾕὶ
2614 5422 2817 5488 πρῶτον
2857 5413 2946 5488 μεν
2995 5412 3194 5488 χρῇ-ζει
3240 5411 3535 5488 νονοισίει-ς.
3581 5409 3820 5463 Veteres

2211 5481 2477 5558 quatuor
2496 5484 2630 5540 libri
2655 5481 2878 5558 printer
2903 5481 3204 5558 Voss'ita,
3236 5489 3300 5538 ut
3337 5481 3666 5558 edidimus.

2287 5559 2398 5629 (89)
2435 5561 2573 5629 Reg.
2607 5552 2818 5613 tertius
2846 5564 2938 5610 τοῦ
2971 5556 3131 5608 αὐτοῦ
3160 5559 3355 5629 Κυρίου
3395 5552 3650 5629 λέγοντος.
3700 5555 3820 5629 Nec

2211 5626 2305 5687 ita
2320 5626 2511 5686 multo
2526 5626 2704 5686 'infra
2739 5629 2866 5688 duo
2897 5645 3049 5687 mss.
3092 5626 3248 5684 cum
3275 5628 3448 5683 Voss.
3495 5626 3820 5680 ’Δποστόλου

2208 5721 2310 5781 παρ
2318 5701 2618 5776 αγγὲλλοντο
2627 5723 2648 5766 ς
2656 5744 2670 5758 .
