4114 6370
277 282 418 338 118ὅ

1409 264 1713 326 ΒΕϐῐΠιιΕ
1747 258 2049 318 BREVIUS
2085 261 2494 325 ΤΒΑΟΤΑΤᾸΞ.

3507 277 3646 336 “86

281 400 590 465 ἐπιτηδείως
642 404 831 476 ἔχοντα
878 405 1134 480 παράγειν
1192 402 1261 466 εἰς
1315 401 1373 454 τὸ
1430 399 1579 472 ἔργον
1648 407 1883 461 αναγκα-

2005 402 2215 459 gamur
2237 409 2250 449 :
2275 394 2437 452 unde
2463 397 2528 463 ﬁt
2555 397 2917 469 necessario,
2948 404 3014 459 ut
3036 407 3462 478 corrumpatur
3498 404 3648 464 inte-

283 494 511 568 ζώμεθα·
547 495 680 549 ὥστε
714 492 1017 567 συμϐαίνειν
1047 493 1100 558 ἕξ
1130 492 1363 566 ἀνάγκης
1392 489 1539 559 παρὰ
1574 488 1668 544 τὴν
1697 482 1881 536 ταύταν

283 580 522 657 ἀπειρίαν
583 586 678 640 τήν
734 601 788 636 τε
854 581 1120 658 ἀκρίϐειαν
1178 579 1594 656 διαφθείρεσθαι,
1650 576 1741 627 καὶ
1789 573 1883 630 τὴν

281 672 594 745 κατὰλόγον
635 671 872 738 εὐταξίαν
905 669 1238 728 διαλύεσθαι.

818 786 1093 835 ΕΡΩΤΗΣΙ
1098 789 1130 835 Σ
1186 778 1346 834 ΡΝΖ’.

286 896 502 958 Ποταπῇ
555 886 791 943 διαθέσει
835 890 1021 958 ὀφείλει
1063 911 1142 954 τις
1192 887 1454 943 δουλεύειν
1501 894 1574 958 τῷ
1613 890 1751 956 Θεῷ,
1791 886 1882 935 καὶ

477 949 488 965 ⁸
535 961 662 1023 ὅλως
696 963 728 1021 ἠ
768 949 1008 1026 διάθεσις
1043 949 1177 1021 αὕτη
1217 967 1268 1016 τί
1307 960 1448 1015 ἐστιν
1492 949 1628 1032 (90).

892 1076 1267 1128 ΑΠΟΚΡΙΣΙΣ.

361 1173 595 1226 Διάθεσιν
635 1174 837 1248 ἀγαθὴν
866 1179 1101 1252 ἡγοῦμαι
1144 1173 1272 1231 εὗδαι
1321 1174 1599 1248 ἐπιθυμίαν
1626 1179 1719 1234 τῆς
1756 1173 1883 1244 πρὸς

292 1264 416 1314 Θεὸν
480 1267 873 1339 εὐαρεστήσεως
902 1336 905 1341 ἱ
939 1264 1192 1342 σφοδρὰν,
1260 1270 1351 1319 καὶ
1416 1263 1714 1338 ἀκόρεστον,
1792 1264 1883 1313 καὶ

286 1359 599 1424 πεπηγυῖαν,
652 1358 743 1407 καὶ
782 1354 1113 1428 ἀμετάθετον.
1163 1356 1521 1431 Κατορθοῦται
1560 1349 1618 1405 δὲ
1658 1351 1788 1409 αὕτη
1832 1348 1883 1402 ἓν

284 1442 473 1515 θεωρία
506 1451 687 1516 συνετῇ
723 1448 811 1497 καὶ
842 1440 1069 1504 διηνεκεῖ
1097 1453 1188 1507 τῆς
1216 1444 1613 1519 μεγαλειότητος
1644 1440 1755 1512 (91)
1783 1446 1884 1492 τῶν

285 1525 452 1593 δοξῶν
473 1538 566 1584 τοῦ
593 1539 746 1599 Θεοῦ,
768 1533 1045 1608 λογισμοῖς
1062 1554 1115 1588 τε
1135 1535 1428 1608 εὐγνώμοσι
1448 1536 1537 1586 καὶ
1564 1526 1885 1601 ἀδιαλείπτῳ

283 1623 463 1693 μνήμη
496 1629 597 1673 τῶν
627 1622 963 1698 ὑπαρξάντων
997 1627 1121 1697 ἤμῖν
1152 1625 1295 1697 παρά
1331 1630 1466 1677 Θεοῦ
1497 1621 1730 1694 ἀγαθῶν.
1772 1617 1884 1691 Ἀφ’

1994 481 2177 628 gritas
2197 482 2279 539 ob
2298 483 2431 557 ejus
2448 485 2832 562 imperitiam,
2861 496 3145 564 rectaque
3175 491 3499 568 disciplina
3527 495 3647 553 dis-

1994 586 2060 628 so
2088 576 2279 628 vatur.

1992 576 2279 630 solvatur.

2431 776 2949 834 INTERROGATIO
2982 778 3189 838 CLVII.

1993 879 2118 950 Quo
2137 880 2356 951 a/I‘ectu
2381 882 2589 941 debeat
2620 888 2753 957 quis
2781 888 3009 944 servire
3042 889 3157 944 Deo
3187 904 3208 943 .·
3238 892 3291 945 et
3312 889 3376 946 in
3412 892 3647 949 univer-

2382 970 2533 1023 sum,
2564 958 2710 1030 quid
2744 960 2820 1014 sit
2852 961 2950 1016 hic
2973 960 3245 1031 affectus.

2611 1065 3015 1122 RESPONSIO.

2062 1167 2296 1225 Bonum
2314 1167 2594 1226 aﬁ‘ectum
2613 1175 2760 1244 puto
2776 1187 2909 1228 esse
2930 1173 3257 1231 vehemens
3281 1173 3651 1235 desiderium

1989 1253 2269 1329 placendi
2301 1260 2421 1315 Deo
2455 1276 2468 1315 :
2501 1260 2666 1333 quod
2707 1259 2782 1317 sit
2808 1267 2864 1317 et
2892 1261 3255 1331 insatiabile,
3295 1269 3352 1320 et
3380 1265 3650 1338 ﬁrmum,

1991 1349 2050 1401 et
2083 1346 2484 1429 immutabile.
2538 1352 2936 1423 Comparatur
2974 1358 3177 1409 autem
3214 1352 3311 1409 hic
3353 1355 3556 1412 solerti
3596 1360 3653 1414 et

1993 1435 2240 1494 assidua
2260 1437 2764 1512 contemplatione
2786 1441 3117 1511 majestatis
3134 1441 3337 1512 glorias
3355 1443 3655 1510 Dei,item-

1992 1542 2112 1600 que
2129 1526 2592 1598 cogitationibus
2608 1544 2679 1584 ex
2697 1533 2866 1599 grato
2883 1530 3090 1587 animo
3106 1530 3650 1608 proﬁciscentibus,

1997 1615 2177 1689 468
2190 1632 2259 1673 ac
2281 1618 2568 1675 continua
2586 1618 3000 1676 recordatione
3022 1635 3450 1678 concessorum
3473 1624 3651 1680 nobis

282 1707 351 1759 ὧν
408 1706 665 1782 ἰγγίνεται
718 1719 781 1784 τῇ
835 1711 991 1785 ψυχῇ
1048 1717 1128 1766 τό⁸
1172 1713 1492 1786 Ἀγαπήσεις
1544 1713 1735 1785 Κύριον
1797 1711 1884 1762 τὸν

2005 1722 2031 1763 a
2057 1710 2168 1763 Deo
2189 1706 2512 1764 bonorum.
2538 1711 2617 1765 Ex
2631 1707 2857 1782 quibus
2878 1709 3095 1767 animm
3116 1710 3450 1768 innascitur
3469 1711 3617 1770 illud
3631 1732 3653 1772 :-

284 1800 414 1850 Θεόν
464 1817 560 1850 σου
610 1798 661 1863 EE
707 1800 824 1862 ὅλης
868 1810 959 1863 τῆς
997 1799 1219 1879 καρδίας
1265 1823 1360 1856 σου
1408 1807 1498 1856 καὶ
1542 1802 1595 1866 ἑξ
1636 1800 1757 1863 ὅλης
1795 1807 1887 1861 τῆς

286 1886 482 1961 ἰσχύος
536 1908 649 1960 σου,
694 1895 784 1944 καὶ
833 1890 887 1955 ἐξ
915 1892 1033 1954 ὅλης
1061 1901 1157 1955 τῆς
1190 1890 1429 1955 διανοίας
1467 1912 1585 1959 σου,
1619 1892 1756 1944 κατά
1798 1892 1886 1942 τὸν

283 1977 513 2031 εἰπόντα·
557 1977 651 2032 “Ov
685 1984 873 2056 τρόπον
917 1981 1155 2038 ἐπιποθεῖ
1191 1986 1220 2044 ἡ
1265 1983 1450 2056 ἔλαφος
1481 1981 1565 2035 ἰπὶ
1592 1984 1681 2043 τὰς
1708 1983 1886 2053 πηγὰς

282 2075 383 2121 τῶν
419 2065 649 2140 ὑδάτων,
690 2070 854 2133 οὕτως
896 2070 1134 2126 ἐπιποθεί
1166 2074 1198 2132 ἡ
1234 2072 1390 2145 ψυχή
1442 2091 1542 2145 μου
1582 2073 1707 2146 πρὸς
1747 2089 1827 2133 σε.
1859 2070 1886 2122 ὃ

285 2160 438 2221 Θεὸς⁸
480 2162 642 2214 Μετὰ.
669 2164 917 2225 τοιαύτης
944 2158 1032 2215 οὖν
1057 2160 1341 2224 διαθέσεως
1373 2158 1632 2215 δουλεύειν
1661 2165 1771 2237 χρὴ
1813 2166 1886 2232 τῷ

287 2253 423 2319 Θεῷ,
453 2247 753 2325 πληροῦντα
780 2254 839 2303 τὸ
872 2252 983 2323 (92)
1005 2252 1105 2305 ὑπὸ
1128 2258 1220 2305 τοῦ
1248 2250 1565 2305 Ἀποστόλου
1598 2250 1883 2324 εἰρημένον·

285 2341 378 2398 Τίς
416 2339 554 2411 ἡμᾶς
592 2343 820 2415 χωρίσει
870 2338 971 2394 ἀπὸ
1019 2350 1114 2404 τῆς
1167 2340 1375 2414 ἀγάπης
1430 2346 1522 2393 τοῦ
1587 2346 1824 2413 Χριστου
1869 2355 1884 2409 ;

291 2425 488 2498 θλιψις,
554 2428 584 2488 ἢ
639 2434 985 2506 στενοχωρία,
1036 2431 1068 2490 ἢ
1126 2427 1383 2504 διωγμὸς,
1436 2430 1466 2490 ἢ
1517 2432 1798 2505 γυμνότης,
1853 2428 1883 2490 ἦ

291 2511 546 2585 κίνδυνος,
602 2518 632 2579 ἣ
672 2522 923 2596 μάχαιρα
953 2536 966 2588 ;
998 2525 1090 2575 καὶ
1118 2523 1186 2574 τὰ
1214 2519 1297 2584 έξῆ
1310 2540 1351 2583 ς.

831 2633 1148 2683 ΕΡΩΤΗΣΙΣ
1177 2635 1262 2683 ΡΝ
1266 2627 1345 2686 Η’.

287 2734 502 2806 Ποταπῇ
555 2727 789 2789 διαθέσει
830 2734 1017 2810 sese“
1066 2733 1326 2811 δέχεσθαι
1376 2737 1437 2790 τὸ
1477 2733 1736 2810 ἰπιτίμιον
1785 2753 1888 2797 τις.

891 2921 1264 2973 ΑΠΟΚΡΙΣΙΣ.

356 3023 428 3091 Τῇ
486 3024 753 3099 πρεπούσῃ
811 3026 908 3098 υἱῷ
963 3024 1075 3097 (93)
1132 3023 1384 3101 ἀρρώστῴ
1448 3028 1542 3078 καὶ
1602 3022 1890 3096 ἀγωνιῶντι

1994 1796 2222 1867 Diliges
2270 1798 2584 1854 Dominum
2633 1800 2819 1856 Deum
2853 1806 3020 1856 tuum
3060 1814 3135 1857 ex
3165 1805 3286 1856 toto
3315 1802 3496 1859 corde
3525 1809 3650 1872 tuo,

1995 1895 2048 1945 et
2092 1903 2168 1945 ex
2206 1890 2343 1944 totis
2382 1889 2611 1945 viribus
2652 1890 2789 1957 tuis,
2838 1898 2891 1946 et
2932 1904 3007 1946 ex
3056 1896 3181 1947 tota
3222 1897 3418 1949 mente
3448 1897 3555 1950 tua
3580 1894 3651 1963 ³⁸,

1995 1976 2268 2051 exemplo
2296 1977 2453 2033 illius
2472 1977 2580 2051 qui
2599 1978 2748 2034 dixit
2778 1995 2791 2034 :
2818 1979 3327 2047 Quemadmodum
3352 1981 3655 2040 desiderat

1995 2084 2206 2127 cervus
2248 2068 2332 2125 ad
2356 2069 2556 2140 fontes
2599 2084 2923 2141 aquarum,
2965 2072 3054 2127 ita
3093 2070 3396 2128 desiderat
3448 2074 3654 2131 anima

1992 2175 2125 2218 mea
2153 2159 2237 2216 ad
2264 2173 2336 2227 te,
2366 2160 2522 2217 Deus
2538 2161 2605 2213 ’⁸.
2642 2157 3038 2217 Serviendum
3061 2159 3270 2234 itaque
3291 2160 3410 2217 Deo
3431 2169 3519 2219 est
3537 2163 3654 2222 hoc

1993 2249 2236 2321 affectu,
2266 2249 2349 2306 ita
2375 2255 2442 2306 ut
2469 2248 2791 2322 impleatur
2816 2249 2984 2322 quod
3004 2249 3083 2305 ab
3104 2248 3394 2322 Apostolo
3421 2250 3652 2310 dictum

1994 2342 2084 2397 est
2111 2356 2124 2395 :
2159 2339 2300 2408 Quis
2334 2338 2639 2409 separabit
2670 2354 2777 2395 nos
2805 2353 2844 2396 a
2870 2338 3172 2396 charitate
3203 2339 3434 2396 Christi
3460 2341 3489 2397 ?
3524 2342 3655 2399 Tri-

1996 2430 2244 2500 butatio,
2275 2444 2357 2487 an
2406 2431 2714 2501 angustia,
2759 2444 2841 2486 an
2869 2430 3226 2498 persecutio,
3260 2444 3343 2487 an
3383 2431 3652 2503 nuditas,
3738 2452 3747 2467 ε

1996 2534 2078 2578 an
2096 2520 2462 2593 periculum,
2493 2534 2575 2577 an
2598 2519 2844 2591 gladius
2868 2520 2916 2556 η
2944 2519 2973 2574 ‘I
3003 2522 3117 2577 etc.

2444 2626 2961 2684 INTERROGATIO
3001 2627 3220 2685 CLVIII

2003 2737 2128 2808 Quo
2158 2736 2360 2795 animo
2389 2734 2598 2794 debeat
2624 2736 2772 2820 quis.
2787 2736 3123 2806 irrogatam
3152 2735 3268 2795 sibi
3285 2752 3529 2809 poenam
3566 2752 3658 2797 re-

2714 2821 2932 2878 czpere.

2612 2914 3003 2972 RESPONSIO
3017 2956 3031 2970 .

2070 3025 2153 3079 Eo
2201 3022 2443 3091 scilicet,
2492 3020 2598 3094 qui
2634 3019 2760 3078 ﬁlio
2807 3022 3087 3079 convenit
3117 3022 3454 3094 aegrotanti,
3495 3026 3551 3081 et
3590 3024 3655 3081 in

284 3111 400 3181 περὶ
432 3116 522 3163 τοῦ
555 3110 670 3185 ζῇν,
712 3117 858 3190 παρά
885 3118 1082 3191 πατρὸς
1122 3120 1213 3168 καὶ
1254 3114 1435 3190 ἰατροῦ
1477 3115 1884 3189 θεραπευομένῳ,

2005 3113 2132 3172 vitae
2157 3111 2483 3169 discrimen
2524 3109 2808 3179 adducto,
2844 3126 2983 3167 cum
3029 3127 3066 3168 a
3100 3118 3270 3185 patre
3315 3118 3371 3169 et
3417 3113 3655 3171 medico

283 3195 377 3249 κάν
422 3204 613 3274 πικρὸς
649 3208 740 3255 καὶ
787 3200 1107 3278 ἔπὼδυνοςῇ
1158 3207 1184 3258 ὀ
1224 3210 1416 3281 τρόπος
1451 3213 1548 3268 τῆς
1590 3206 1883 3279 θεραπείας,

282 3283 333 3338 ἓν
369 3287 700 3365 πληροφορίᾳ
742 3300 837 3355 τῆς
887 3313 940 3347 τε
971 3292 1182 3366 ἀγάπης
1217 3300 1307 3349 καὶ
1352 3304 1443 3356 τῆς
1485 3294 1755 3373 ἐμπειρίας
1792 3300 1885 3347 τοῦ

283 3371 641 3449 ἓπιτιμῶντος,
681 3383 773 3432 καὶ
813 3378 863 3434 ἰν
895 3379 1146 3456 ἐπιθυμίᾳ
1184 3392 1280 3447 τῆς
1319 3384 1527 3446 ἰάσεως.

816 3582 1133 3634 ΕΡΩΤΗΣΙΣ
1178 3586 1264 3634 PN
1269 3578 1349 3637 ϐ’.

283 3669 331 3716 0
384 3662 698 3739 λυπούμενος
752 3669 890 3721 κατὰ
933 3675 1055 3756 τοῡο
1096 3668 1506 3757 ἐπιτιμήσαντος
1562 3669 1704 3742 αὐτῷ
1769 3669 1889 3743 (94)

854 3760 1089 3804 ποταπος
1127 3760 1290 3798 εστιν.

892 3856 1269 3909 ΑΠΟΚΡΙΣΙΣ.

356 3956 491 4009 Οὔτε
535 3958 623 4009 τὸν
651 3953 892 4012 κίνδυνον
920 3966 1016 4023 τῆς
1058 3960 1323 4036 ἄμαρτίας
1359 3956 1627 4032 έγνῶρισε,
1668 3962 1761 4013 καὶ
1788 3960 1891 4034 μάο

275 4043 439 4099 λιστα
491 4048 579 4099 τὸν
623 4050 752 4123 πρὸς
803 4051 955 4116 Θεὸν,
995 4048 1113 4104 οὒτε
1151 4053 1211 4103 τὸ
1249 4046 1439 4126 κέρδος
1469 4057 1567 4113 τῆς
1594 4055 1887 4123 μετανοίας,

277 4137 400 4190 οὔτε
442 4134 721 4190 ἕπιστευσε
780 4146 853 4209 τῷ
905 4138 1116 4192 εἰπόντι·
1175 4138 1234 4192 Ὀ
1287 4136 1348 4193 δὲ
1403 4138 1641 4213 ἀγαπῶν,
1702 4138 1887 4213 ἐπιμε-

272 4223 383 4288 λῶς
426 4222 686 4280 παιδεύει·
743 4230 835 4280 καὶ
884 4225 1065 4280 ἑαυτὸν
1122 4228 1390 4302 ἀλλότριον
1441 4234 1736 4289 κατέστησε
1791 4238 1884 4293 τῆς

276 4314 517 4389 ὠφελείας
557 4322 650 4368 τοῦ
676 4314 921 4377 εἰπόντος’
973 4312 1262 4371 Παιδεύσει
1298 4337 1362 4390 με
1411 4315 1616 4381 δίκαιος
1653 4318 1702 4372 έν
1734 4318 1881 4391 ίλέει,

276 4408 375 4458 καὶ
401 4402 592 4476 ἕλέγξει
633 4424 715 4479 με.
751 4409 853 4458 Καὶ
891 4403 1179 4469 ὶπιϐλαϐῶς
1212 4408 1451 4462 σύνεστιν
1481 4410 1507 4462 ὁ
1545 4416 1777 4471 τοιοῦτος
1815 4417 1881 4486 τῇ

283 4490 620 4568 ἀδελφότητι,
665 4492 987 4570 ἀπασχολῶν
1032 4499 1151 4558 τοὺς
1188 4494 1602 4572 ἀγωνιζομένους
1637 4500 1773 4572 (95).

1997 3207 2263 3274 curatur,
2310 3201 2546 3259 etiamsi
2594 3216 2841 3257 amarus
2880 3200 3257 3274 acerbusque
3303 3201 3482 3259 fuerit
3532 3219 3656 3260 me-

1995 3292 2182 3351 dendi
2234 3291 2477 3359 modus,
2510 3306 2651 3348 cum
2689 3289 2742 3346 ei
2786 3306 3152 3364 persuasum
3191 3306 3325 3348 esse
3354 3297 3655 3365 oporteat,

1994 3382 2164 3454 diligi
2184 3398 2268 3450 se,
2286 3397 2358 3438 ac
2378 3381 2637 3455 peritum
2658 3396 2790 3438 esse
2810 3380 3287 3454 obiurgatorem,
3309 3381 3653 3457 debeatque

1995 3472 2314 3531 sanitatem
2338 3488 2581 3547 cupere.

2459 3580 2970 3638 lNTERROtlATIO
3010 3581 3188 3637 CLIX.

2140 3670 2255 3742 Qui
2281 3685 2441 3742 agre
2461 3671 2586 3742 fert
2614 3672 3027 3739 increpantem
3055 3684 3137 3734 se,
3169 3669 3372 3744 quatis
3401 3675 3510 3731 est.

2600 3846 2784 3906 RESP
2791 3849 2882 3905 ΟΝ
2892 3848 3029 3910 SIO.

2067 3962 2276 4034 Neque
2301 3955 2472 4014 novit
2492 3953 2829 4029 periculum
2849 3954 3105 4027 peccati,
3134 3958 3193 4011 et
3219 3955 3486 4014 maxime
3507 3972 3653 4029 erga

1998 4053 2208 4118 Deum,
2234 4062 2433 4121 neque
2455 4044 2934 4102 emolumentum
2953 4043 3344 4116 paenitentiae,
3369 4061 3567 4120 neque
3586 4045 3656 4104 ﬁ-

1997 4142 2139 4200 dem
2162 4138 2376 4197 habuit
2403 4136 2457 4194 ei
2484 4134 2591 4209 qui
2618 4133 2806 4191 dixit:
2831 4134 2948 4201 Qui
2972 4150 3112 4191 vero
3138 4135 3365 4208 diligit,
3398 4136 3655 4208 diligen-

1997 4232 2088 4288 ter
2114 4229 2364 4298 castigat
2390 4226 2438 4262 ³⁸
2464 4242 2478 4293 ;
2503 4230 2684 4297 atque
2713 4223 2898 4280 etiam
2928 4223 3320 4296 semetipsum
3351 4225 3655 4291 constituit

1998 4319 2267 4377 alienum
2307 4332 2345 4375 a
2371 4318 2613 4389 qumstu
2636 4312 2800 4370 illius
2852 4312 2959 4387 qui
2993 4313 3185 4370 dixit:
3231 4312 3533 4384 Corripiet
3561 4331 3655 4373 me

1989 4413 2194 4482 justus
2216 4411 2279 4464 in
2310 4405 2748 4471 misericordia,
2773 4410 2830 4461 et
2859 4404 3196 4474 increpabit
3218 4420 3313 4463 me
3338 4406 3409 4461 ³⁷.
3443 4408 3654 4464 Praete-

1996 4514 2225 4572 reaque
2252 4496 2356 4571 qui
2376 4493 2729 4567 hujusmodi
2748 4500 2862 4561 est,
2892 4494 3023 4565 ejus
3053 4494 3428 4551 consuetudo
3459 4494 3652 4552 fratri-

1996 4590 2116 4648 bus
2140 4587 2391 4646 exitiosa
2417 4590 2548 4657 est;
2581 4584 2884 4660 siquidem
2921 4599 3026 4641 eos
3062 4599 3100 4642 a
3131 4589 3407 4658 suscepto
3455 4589 3653 4646 certa-

1997 4681 2160 4739 mine
2186 4676 2457 4738 abducit.

350 4929 596 4989 "lare.
625 4947 731 4999 xu,
768 4930 860 4990 30.
892 4932 985 5004 ξι
1006 4930 1162 4992 Psal.
1184 4914 1302 5005 xui,
1328 4936 1378 4991 l.
1455 4934 1504 4972 ³⁵
1534 4935 1708 4994 Rom.
1736 4948 1861 5006 mn.
1894 4938 1986 4995 35.
2062 4935 2113 4973 ³⁸
2142 4935 2314 4991 Prov.
2346 4947 2468 5000 xm,
2500 4930 2594 4989 24.
2669 4928 2713 4964 ³⁷
2748 4923 2902 4984 Psal.
2934 4939 3062 4996 cn,
3094 4927 3148 4981 5-

350 5168 466 5240 (90)
498 5165 699 5224 Codex
729 5164 897 5240 C_olb.
922 5171 1008 5229 τίς
1044 5165 1207 5222 ἰστιν.

349 5237 466 5312 (91)
496 5241 638 5314 Reg,
671 5237 906 5311 primus
936 5242 994 5314 et
1021 5240 1186 5295 Voss.
1234 5240 1428 5314 θεωρία
1463 5243 1668 5314 συνέσει
1703 5245 1878 5314 τεκαὶ

278 5309 315 5366 δ
319 5309 515 5385 ιηνεκείί
522 5309 700 5385 μελέτῄ
723 5317 785 5369 τῆ
798 5331 820 5372 ς
839 5309 1253 5385 μεγαλειότητος,
1277 5309 1386 5382 ρέν
1401 5309 1642 5384 intellig
1652 5313 1876 5370 entiam

278 5391 335 5441 et
353 5382 701 5441 continuam
729 5382 1179 5453 meditationem
1208 5385 1561 5453 maiestatis.

348 5454 461 5527 (92)
511 5453 768 5530 A_ntiqui_
800 5453 931 5530 duo
972 5452 1120 5530 libri,
1155 5452 1478 5530 πληροῦντας
1524 5459 1604 5512 τό.
1666 5455 1878 5513 Statim

278 5521 701 5610 Beg_"primu's’
716 5521 992 5610 _6ta:7f.&‘6§,
1036 5526 1083 5610 ir
1107 5521 1311 5600 λιμὸςῆ
1343 5531 1625 5610 γυμνότης.
1643 5599 1684 5610 __
1717 5598 1728 5610 ·

353 5597 620 5671 (93)“νοχ
646 5600 745 5673 υἱῷ
764 5597 974 5658 addita
999 5602 1090 5658 est
1116 5597 1189 5656 ex
1216 5597 1366 5658 mss.
1387 5597 1612 5659 multis.
1643 5598 1877 5659 Ibidem

1987 5171 2130 5238 Res.
2154 5167 2391 5241 primu!
2421 5166 2479 5241 εί
2506 5163 2685 5241 Ϋοεετ
2713 5161 2923 5241 “913°.
2953 5159 3073 5241 ξῆν·
3191 5228 3224 5241 ,.
3318 5227 3330 5239 .

2060 5227 2176 5311 (94)
2221 5240 2333 5295 Pro
2377 5236 2517 5308 αὐτῷ
2549 5227 2958 5307 Ιθείιιιι-ἀύτόν
2992 5227 3072 5288 ’ἱη
3105 5227 3367 5303 antiquis
3396 5227 3640 5287 duobus

1935 5340 1939 5346 -
1983 5311 2177 5369 libris.

2220 5382 2419 5465 codex
2465 5379 2630 5438 Colb.
2652 5375 2996 5465 ’ξπμσζολοῖξν
3017 5378 3158 5456 ⁸τοὺς

1981 5446 2213 5599 ῗίἐιὶάὶ
2257 5454 2421 5511 idem
2472 5469 2586 5509 ms.
2643 5446 2884 5522 ἀδελφοῖς
2938 5446 3319 5522 ἀῤῥωστοῡσιν,
3380 5446 3641 5515 inﬁrmis

2015 5529 2178 5586 ratri
2218 5543 2306 5585 us.
