4114 6382
449 303 586 359 1187

918 411 1438 473 INTERROGATIO
1480 409 1629 467 CLX.

595 513 723 584 Quo
753 509 954 568 animo
979 505 1292 562 debeam-us
1319 499 1620 571 fratribus
1646 496 1958 554 inservire.

1067 591 1482 648 RESPONSIO.
1710 597 1713 599 ’

519 691 710 750 Veluti
736 688 990 746 Domino
1019 683 1133 757 ipsi
1156 681 1504 749 servientes,
1535 678 1639 752 qui
1667 675 1817 733 dixit
1855 693 1869 730 :
1897 674 2108 742 Quate-

444 801 561 843 nus
612 782 844 853 fecistis
891 777 1001 833 uni
1039 790 1113 832 ea:
1155 775 1246 829 his
1287 770 1593 842 fratribus
1640 769 1784 823 meis
1821 763 2104 829 minimis,

444 850 868 942 mihi‘fecistis
915 868 984 922 ³⁸.
1027 868 1320 922 Caeterum
1367 860 1417 916 si
1460 857 1681 916 fuerint
1718 852 2018 926 ejusmodi
2067 850 2109 906 ii

445 938 671 1038 quibus
703 959 1064 1030 obsequium
1094 955 1438 1027 praestatur,
1469 948 1531 1004 id
1557 961 1798 1021 quoque
1825 938 2110 999 conducit

444 1036 525 1110 ad
541 1047 1027 1124 comparandam
1048 1039 1400 1114 hujusmodi
1420 1037 1821 1094 affectionem.
1843 1036 2111 1124 Quapro-

444 1148 576 1220 pter
600 1120 810 1198 curam
834 1137 1079 1194 illorum
1108 1131 1552 1201 diligentiorem
1583 1123 1894 1200 praepositi
1921 1120 2108 1220 susci-

445 1209 588 1306 pere
627 1229 869 1289 debent,
902 1230 968 1282 ut
1005 1239 1100 1290 ne,
1145 1220 1306 1276 velut
1337 1216 1607 1290 corporis
1659 1213 1858 1270 studio
1898 1209 2107 1281 dediti,

443 1303 638 1377 ventri
669 1316 950 1382 serviant,
983 1316 1164 1384 atque
1190 1306 1604 1380 voluptatibus
1637 1322 1649 1358 :
1677 1303 1785 1359 sed
1814 1307 2109 1374 tanquam

445 1410 547 1466 Dei
576 1414 633 1466 et
653 1405 867 1464 Christi
887 1408 1213 1467 amatores,
1245 1414 1353 1472 per
1375 1395 1730 1470 patientiam
1753 1391 2108 1466 perfectam,

445 1499 597 1556 ﬁant
634 1495 910 1568 gloriatio
959 1490 1218 1551 Domini,
1267 1487 1348 1546 ad
1399 1484 1630 1541 diaboli
1685 1480 2110 1554 ignominiam,

443 1604 569 1646 non
599 1585 769 1644 aliter
806 1587 990 1656 atque
1013 1581 1216 1652 justus
1244 1577 1376 1634 Job.

804 1690 984 1764 469
1016 1684 1545 1744 INTERROGATIO
1579 1683 1750 1738 CLXI.

448 1787 579 1856 Qua
622 1783 967 1842 humilitate
1009 1779 1216 1836 debeat
1251 1778 1395 1860 'quis
1439 1790 1478 1832 a
1522 1775 1726 1844 fratre
1763 1768 2105 1842 obsequium

1127 1863 1422 1918 arripere.

1067 1957 1481 2016 RESPONSIO.

517 2053 688 2111 Velut
713 2066 926 2108 servus
956 2048 1034 2107 ab
1060 2048 1230 2113 hero,
1263 2051 1318 2102 et
1342 2043 1589 2118 qualem
1617 2039 1880 2100 ostendit
1906 2041 2109 2095 Petrus

443 2141 781 2218 apostolus,
817 2138 1069 2196 Domino
1098 2136 1213 2192 sibi
1240 2135 1621 2191 ministrante
1653 2132 1752 2187 :in
1773 2145 1896 2202 quo
1926 2128 2109 2184 etiam

445 2216 785 2309 periculum
815 2245 1029 2287 eorum
1069 2226 1176 2300 qui
1223 2223 1496 2297 aliquam
1538 2221 1652 2278 sibi
1690 2234 1946 2294 operam
1976 2216 2110 2275 dari

443 2325 755 2388 recusant,
785 2318 1138 2377 ediscimus.

891 2423 1416 2482 INTERROGATIO
1457 2421 1659 2479 CLXII.

449 2495 699 2588 Qualem
739 2518 900 2574 alter
936 2529 1084 2586 erga
1119 2514 1380 2640 aitetrum
1413 2509 1623 2568 debeat
1655 2507 1876 2566 habere
1902 2506 2102 2564 chari-

1195 2599 1231 2640 a
1261 2599 1371 2640 em.

1195 2599 1371 2641 atem.

1064 2690 1478 2748 RESPONSIO.

515 2787 768 2855 Qualem
811 2783 1103 2841 Dominus
1132 2780 1396 2836 ostendit
1423 2782 1480 2834 et
1499 2776 1726 2839 docuit,
1751 2791 1891 2831 cum
1922 2773 2098 2831 dixit:

438 2879 693 2948 Ditigite
709 2873 1142 2939 invicem,sicut
1162 2886 1269 2942 ego
1289 2869 1480 2927 dilexi
1498 2867 1920 2936 vos.Majorem
1943 2865 2103 2921 hanc

442 2969 802 3026 charitatem
836 2979 1008 3021 nemo
1055 2962 1254 3028 habet,
1297 2966 1361 3016 ut
1410 2961 1673 3015 animam
1705 2972 1877 3013 suam
1908 2961 2103 3026 ponat

1805 281 1871 340 S.
1912 275 2165 336 BASILII
2204 275 2425 333 MAGNI

3686 291 3826 348 “88

2139 402 2188 456 Α
2790 412 3106 461 Epnrnziz
3137 407 3250 464 ΡΞ.

2214 492 2364 544 Μετὰ
2380 495 2537 556 ποίας
2555 489 2840 559 διαθέσεως
2855 495 3116 570 ὀφείλομεν
3137 500 3410 572 ὑπηρετεῖν
3430 508 3541 564 τοῖς
3561 500 3827 580 ἀδελφοῖς.

2831 595 3204 643 ΑΠΟΚΡῘΣΙΣ.

2285 670 2380 762 Ὡς,
2417 673 2557 746 αὐτῷ
2613 683 2683 746 τῷ
2730 684 2908 751 Κυρίῳ
2959 686 3332 757 προσφέροντες
3375 688 3469 743 τὴν
3509 687 3825 762 ὑπηρεσίαν,

2216 768 2288 831 τῷ
2345 761 2558 814 εἱπόντι·
2627 764 2734 838 Ἐφ’
2804 769 2924 821 ὅσον
2979 769 3261 830 ἐποιήσατε
3326 773 3398 826 ἑνὶ
3465 761 3658 829 τούτων
3723 788 3823 831 τῶν

2219 847 2453 941 αδελφῶν
2482 873 2584 925 μου
2624 863 2723 907 τῶν
2755 855 3071 931 ἐλαχίστων,
3105 861 3220 936 ἐμοὶ
3246 862 3546 923 ἐποιήσατε.
3580 867 3824 941 Συμϐάλ-

2215 939 2356 993 λεται
2407 937 2466 994 δὲ
2518 947 2646 1016 πρὸς
2692 951 3020 1021 κατόρθωσιν
3070 961 3165 1014 τῆς
3227 957 3481 1017 τοιαύτης
3534 937 3821 1023 διαθέσεως

2215 1035 2307 1082 καὶ
2349 1035 2408 1082 τὸ
2449 1036 2564 1102 (96)
2595 1038 2865 1100 τοιούτους
2905 1037 3034 1093 εἶναι
3071 1046 3188 1105 τοὺς
3231 1045 3688 1119 θεραπευομενους.
3731 1053 3818 1102 Διό

2217 1120 2573 1195 ἐπιμελεῖσθαι
2604 1125 2772 1177 αὑτῶν
2810 1133 2920 1202 χρὴ
2961 1134 3077 1192 τοὺς
3105 1143 3439 1208 προεστῶτας
3466 1133 3821 1192 σπουδαιότε-

2215 1229 2326 1283 ρον,
2361 1211 2443 1262 ἵνα
2470 1216 2542 1285 μὴ
2590 1216 2659 1275 ὡς
2699 1215 3052 1291 φιλοσώματοι
3081 1228 3278 1299 γαστρὶ
3315 1229 3406 1277 καὶ
3448 1223 3659 1290 ἡδοναῖς
3699 1225 3822 1284 δου-

2215 1299 2472 1352 λεύσωσιν
2503 1306 2634 1374 (97)·
2685 1303 2790 1357 ἀλλ’
2822 1309 2890 1370 ὡς
2936 1307 3162 1382 φιλόθεοι
3213 1318 3302 1366 καὶ
3342 1314 3701 1390 φιλόχριστοι,
3744 1315 3820 1373 δι’

2219 1395 2485 1483 ὑπομονῆς
2513 1393 2728 1459 τελείας,
2774 1400 3021 1470 γένωνται
3049 1404 3313 1477 καύχημα
3355 1413 3448 1460 τοῦ
3497 1413 3714 1483 Κυρίου,
3749 1410 3822 1474 εἰς

2220 1479 2417 1547 ὄνειδος
2446 1492 2538 1537 τοῦ
2565 1479 2834 1556 διαϐόλου,
2868 1491 2933 1550 ὡς
2965 1490 2990 1542 ὁ
3023 1485 3230 1558 δίκαιος
3253 1494 3388 1552 Ἰώϐ.

2760 1672 3075 1725 ΕΡΩΤΗΣΙΣ
3116 1673 3271 1730 ΡΞΑ’.

2139 1761 2185 1817 Β
2217 1753 2363 1837 Μετὰ
2390 1757 2778 1843 ποταπῆς’(98)
2819 1766 3174 1843 ταπεινώσεως
3213 1763 3400 1843 ὀφείλει
3439 1787 3522 1832 τις
3561 1765 3816 1843 δέχεσθαι

2503 1831 2596 1885 τὴν
2637 1831 2928 1904 ὑπηρεσίαν
2966 1837 3110 1909 παρά
3151 1831 3529 1912 τοῦάδελφοῦ.

2822 1945 3197 1999 ΑΠΟΚΡΙΣΙΣ.

2286 2023 2375 2088 Ὠς
2405 2020 2591 2089 δοῦλος
2632 2029 2778 2104 παρὰ
2827 2025 3110 2101 δεσπότου,
3152 2038 3241 2087 καὶ
3281 2034 3392 2088 οἷαν
3433 2033 3592 2102 ἔδειξε
3620 2043 3816 2117 Πέτρος

2217 2116 2243 2169 ὀ
2298 2113 2608 2184 ἀπόστολος,
2657 2125 2747 2172 τοῦ
2807 2126 3003 2196 Κυριου
3047 2124 3444 2198 ὑπηρετοῦντος
3485 2126 3560 2201 ἐφ’
3617 2130 3678 2182 οὗ
3724 2113 3818 2184 οιαὶ

2216 2208 2302 2258 τὸν
2351 2203 2591 2260 κίνδυνον
2639 2216 2739 2261 τῶν
2777 2213 2850 2284 μὴ
2896 2208 3333 2288 καταδεχομένων
3384 2220 3478 2276 τὴν
3527 2218 3820 2294 ὑπηρεσίαν

2215 2292 2598 2372 παιδευόμεθα,
3064 2287 3072 2297 ’

2760 2415 3076 2465 ΕΡΩΤΗΣΙΣ
3116 2411 3263 2468 ΡΞΒ’·

2363 2500 2610 2556 Ποταπην
2650 2496 2698 2550 ἐν
2740 2497 2980 2565 ἀλλήλοις
3018 2504 3160 2574 ἔχειν
3192 2499 3277 2558 δεῖ
3310 2507 3406 2564 την
3439 2503 3672 2579 ἀγάπην,

2821 2685 3195 2738 ΑΠΟΚΡΙΣΙΣ.

2285 2768 2413 2819 Οῖαν
2457 2767 2482 2818 ὀ
2532 2770 2720 2844 Κύριος
2762 2766 2943 2840 ἔδειξε,
2991 2777 3082 2826 καὶ
3127 2769 3390 2844 ἐδίδαξεν,
3435 2774 3609 2830 εἰπών’
3651 2775 3814 2851 Ἀγα-

2209 2862 2341 2911 πᾶτε
2401 2855 2667 2927 ἀλλήλους,
2729 2863 2900 2922 καθὼς
2967 2862 3070 2936 ἐγὼ
3137 2865 3396 2937 ἠγάπησα
3461 2870 3611 2941 ὑμᾶς.
3679 2873 3814 2922 Μεί-

2211 2945 2338 3006 ζονα
2389 2949 2584 3010 ταύτης
2634 2948 2842 3021 ἀγάπην
2891 2948 3064 3015 οὐδεὶς
3109 2955 3240 3026 ἔχει,
3296 2957 3380 3007 ἵνα
3425 2959 3540 3027 (99)
3588 2977 3670 3019 τις
3719 2961 3814 3017 τὴν

440 3060 575 3131 quis
604 3071 718 3126 pro
765 3053 974 3112 amicis
1015 3053 1138 3107 suis
1177 3052 1245 3106 ιθ.
1303 3049 1477 3116 Quod
1517 3047 1564 3103 si
1602 3048 1804 3119 ipsam
1855 3060 2101 3119 quoque

2208 3034 2395 3107 ψυχὴν
2433 3038 2594 3090 αὑτοῦ
2639 3041 2701 3112 θῇ
2757 3042 2884 3114 ὑπὲρ
2931 3050 3033 3093 τῶν
3081 3042 3240 3114 φίλων
3280 3045 3462 3099 αὑτοῦ.
3505 3043 3566 3099 Εἰ
3614 3043 3674 3098 δε
3721 3052 3812 3098 καὶ

440 3148 712 3205 animam
759 3159 988 3218 ponere
1034 3144 1291 3214 oportet,
1337 3142 1571 3212 quanto
1608 3137 1804 3207 magis
1851 3149 2100 3192 necesse

2208 3130 2303 3184 τὴν
2344 3127 2532 3199 ψυχήν
2581 3130 2742 3181 θεῖναι
2781 3127 2883 3190 δεῖ,
2915 3150 3064 3203 ποσῳ
3093 3131 3284 3204 μᾶλλον
3322 3137 3418 3191 τήν
3448 3131 3496 3186 ἓν
3524 3140 3635 3198 τοῖς
3675 3137 3814 3188 κατὰ

439 3238 617 3293 fuerit
665 3235 728 3290 in
781 3232 966 3290 rebus
1019 3229 1360 3287 minoribus
1428 3227 1721 3292 studium,
1787 3223 2100 3297 animique

439 3321 986 3400 promptitudinem
1023 3318 1365 3388 ostendere,
1422 3331 1549 3373 non
1599 3315 1769 3389 quod
1814 3314 2100 3370 humanis

441 3414 657 3472 ofﬁciis
688 3411 1031 3468 satisfacere
1060 3424 1428 3483 quaeramus,
1471 3406 1579 3462 sed
1616 3421 1689 3462 eo
1729 3403 2002 3475 consilio,
2038 3408 2102 3460 ut

442 3508 563 3562 Deo
591 3503 964 3577 placeamus,
999 3500 1079 3556 ad
1102 3498 1588 3570 uniuscujusque
1610 3495 1954 3571 utilitatem.

873 3603 1392 3663 INTERROGATIO
1442 3605 1668 3662 CLXIII.

443 3703 556 3772 Qui
577 3699 805 3773 poterit
850 3699 983 3771 quis
1013 3697 1395 3778 dilectionem
1423 3709 1570 3765 erga
1587 3693 1938 3764 proximum
1964 3707 2101 3749 con-

1179 3783 1363 3839 sequi.

1062 3875 1478 3932 RESPONSIO.

509 3971 775 4028 Primum
785 3965 1038 4041 quidem
1056 3965 1107 4021 si
1123 3966 1332 4021 timeat
1343 3962 1644 4034 judicium
1659 3961 2104 4032 transgredien-

435 4064 589 4120 tium
630 4059 990 4117 mandatum
1029 4054 1287 4119 Domini,
1321 4054 1426 4126 qui
1454 4053 1605 4108 dixit
1634 4070 1648 4108 :
1683 4054 1800 4120 Qui
1825 4052 2101 4108 incredu-

439 4157 535 4211 lus
556 4157 638 4210 est
661 4151 838 4216 Filio,
860 4163 982 4204 non
1003 4146 1222 4203 videbit
1244 4148 1451 4208 vitam,
1475 4145 1577 4201 sed
1597 4145 1693 4200 ira
1711 4144 1824 4200 Dei
1836 4144 2101 4200 manebit

437 4257 622 4312 super
647 4255 781 4296 eum
815 4241 864 4274 δι’
892 4256 904 4290 :
937 4236 1156 4293 deinde
1190 4236 1239 4291 si
1265 4235 1532 4308 requirat
1554 4239 1739 4291 Vitam
1768 4239 2056 4290 mternam
2083 4249 2097 4301 ;

436 4349 585 4390 nam
625 4331 987 4388 Mandatum
1029 4329 1158 4399 ejus
1187 4329 1313 4383 vita
1344 4332 1572 4382 aeterna
1597 4331 1678 4381 est
1709 4326 1782 4382 δι.
1822 4326 2098 4382 Primum

437 4428 639 4482 autem
670 4429 725 4478 et
754 4434 1044 4490 magnum
1074 4417 1433 4473 mandatum
1457 4421 1542 4472 est
1575 4431 1590 4469 :
1631 4416 1860 4487 Diliges
1891 4416 2098 4472 Domi-

437 4531 581 4571 num
637 4515 828 4569 Deum
893 4517 1062 4566 tuum
1121 4522 1199 4566 ex
1235 4511 1355 4564 toto
1401 4507 1582 4562 corde
1619 4511 1743 4573 tuo,
1781 4511 1838 4564 et
1863 4521 1940 4562 ex
1971 4511 2099 4564 tota

434 4610 632 4663 mente
659 4609 788 4670 tua,
820 4607 876 4658 et
907 4615 983 4657 ex
1013 4600 1154 4655 totis
1180 4597 1408 4654 viribus
1430 4598 1546 4653 tuis
1571 4613 1583 4651 :
1611 4596 1938 4653 secundum
1959 4611 2098 4653 vero

506 4785 554 4821 ’³
581 4781 780 4840 Matth.
812 4797 946 4850 xxv,
970 4782 1059 4836 40.
1137 4779 1184 4813 ²⁹
1213 4778 1396 4834 Joan.
1435 4793 1529 4845 xv,
1567 4780 1653 4846 i2,
1690 4779 1778 4832 13.
1855 4775 1904 4810 ³ο
1935 4777 2107 4832 Joan.

507 4963 622 5034 (96)
651 4961 744 5017 Sic
772 4962 1002 5034 veteres
1037 4956 1161 5013 duo
1190 4954 1327 5034 libri
1364 4954 1554 5034 Regii.
1595 4953 1760 5010 Alius
1793 4955 2094 5034 ms.‘Reg.

482 5028 683 5106 lioque
740 5030 990 5104 perinde
1039 5035 1105 5106 u_t
1159 5028 1298 5106 editi
1349 5030 1674 5102 κατόρθωσιν
1723 5035 1815 5087 τῆς
1852 5028 2098 5087 τοιαύτης

480 5100 797 5181 ιορθώσᾼεως,
825 5108 914 5154 καὶ
945 5106 1023 5181 τό,
1065 5100 1233 5181 haud
1275 5105 1450 5181 recte.

505 5169 631 5250 (.97)
657 5169 908 5234 Codices
954 5174 1078 5228 duo
1109 5169 1353 5250 -ᾑδοναίς
1385 5169 1728 5250 δρυλξύωσιν.
1769 5169 2099 5250 Aliquanto

433 5239 724 5325 po‘stduo
754 5263 908 5325 mss.
940 5261 1080 5300 cum
1109 5246 1277 5325 Voss.
1313 5244 1380 5302 εἰς
1408 5239 1811 5325 exclamasse.
1843 5239 2093 5325 δῖαϐολῳ.

509 5322 625 5394 (98)
651 5323 792 5394 Reg.
821 5319 1055 5394 primus
1087 5313 1660 5394 perajtotagdbidem
1692 5314 1884 5394 Vossii
1906 5313 2099 5394 chex

437 5399 494 5450 et
517 5385 623 5448 alii
653 5385 776 5460 duo
809 5385 1096 5449 διαθέσεως
1124 5386 1332 5460 ὀφείλει.
1368 5385 1491 5442 Hoc
1522 5385 1656 5460 ipso
1671 5385 1750 5460 _in
1787 5385 1922 5442 loco
1955 5388 2094 5456 Reg.

434 5467 683 5539 primus
702 5459 957 5539 δέξασθαι
986 5465 1081 5539 τὴν
1121 5454 1411 5539 ὑπηρεσία(
1441 5454 1825 5539 τῶνῖὰδελφῶν.

507 5536 622 5612 (99)
646 5533 848 5612 Editii‘p
876 5527 1292 5612 Eva._Vocu__lam
1314 5535 1342 5589 ἤ
1377 5527 1717 5612 delevimus
1743 5527 2009 5612 antiquis
2026 5528 2097 5612 li:

434 5597 564 5666 bris
590 5597 962 5662 auctoribus.
989 5607 1121 5661 Mox
1141 5603 1266 5659 duo
1286 5619 1436 5659 mss.
1467 5617 1611 5658 cum
1641 5603 1808 5658 Voss.
1841 5597 1911 5654 Εἴ
1927 5597 1985 5652 δὲ
2009 5604 2099 5652 καὶ

2209 3223 2364 3292 μέρος
2414 3221 2713 3293 προθυμίαν
2769 3217 3165 3274 ἕπιδείκνυσθαι
3231 3221 3511 3295 ἀναγκαῖον
3577 3223 3673 3278 οὐκ
3739 3225 3811 3289 εἰς

2208 3310 2273 3362 τὰ
2323 3307 2622 3381 ἀνθρώπινα
2681 3311 2999 3378 καθήκοντα,
3063 3309 3192 3364 ἀλλὰ
3267 3317 3406 3366 κατὰ
3465 3317 3660 3367 σκοπὸν
3715 3321 3815 3378 τῆς

2207 3401 2335 3471 πρὸς
2399 3402 2527 3452 Θεὸν
2579 3399 2991 3474 εὐαρεστήσεως,
3056 3405 3188 3475 πρὸς
3261 3407 3322 3455 τὸ
3398 3401 3602 3477 ἑκάστῳ
3671 3423 3813 3478 συμ-

2209 3492 2358 3560 φέρον
2391 3505 2404 3555 ;

2758 3605 3074 3654 ΕΡΩἹἮΣΙΣ
3111 3600 3263 3657 ΡΞΓ.

2209 3691 2352 3760 Ποίῳ
2399 3693 2574 3763 τρόπῳ
2625 3687 2825 3768 δυνηθῇ
2896 3710 2976 3768 τις
3017 3694 3355 3768 κατορθῶσαι
3398 3695 3492 3752 τήν
3543 3694 3674 3766 πρὸς
3723 3695 3811 3746 τὸν

2762 3747 2863 3822 πλη
2873 3747 2984 3816 σίου
3027 3747 3256 3836 ἀγάπην.

2815 3876 3190 3928 ΑΠΟΚΡΙΣῙΣ.

2280 3967 2493 4036 Πρῶτον
2545 3964 2636 4034 μεν
2687 3960 3000 4035 φοϐούμενος
3052 3965 3111 4015 τὸ
3170 3969 3337 4036 κρῖμα
3388 3971 3488 4017 τῶν
3553 3961 3813 4038 παραϐαι-

2207 4056 2394 4106 νόντων
2441 4055 2538 4110 τὴν
2586 4050 2789 4109 ἐντολὴν
2828 4059 2921 4104 τοῦ
2965 4056 3158 4126 Κυρίου
3205 4052 3389 4119 αὑτοῦ,
3442 4053 3691 4124 εἰπόντος,
3730 4052 3812 4106 ὃτι

2207 4143 2264 4194 '0
2312 4142 2542 4195 ’ἀπειθῶν
2593 4149 2668 4212 τῷ
2719 4142 2822 4204 Υἰῲ
2879 4141 2973 4195 οὑκ
3020 4141 3206 4214 ὄψεται
3255 4146 3349 4201 τὴν
3411 4144 3572 4212 ζωὴν,
3628 4142 3737 4197 ἀλλ’
3776 4147 3806 4204 ἠ

2209 4233 2339 4309 ὀργὴ
2389 4240 2484 4286 τοῦ
2529 4239 2663 4285 Θεοῦ
2703 4239 2842 4305 μενεί
2891 4232 2966 4304 (ί)
3013 4232 3092 4286 ἐπ’
3141 4232 3318 4286 αὐτόν·
3370 4236 3545 4286 ἔπειτα
3602 4231 3662 4286 δι
3714 4233 3810 4286 ἀν-

2207 4326 2564 4397 τιποιούμενος
2618 4323 2760 4386 ζωῆς
2825 4323 3056 4376 αἰωνίου·
3114 4322 3173 4376 Ἠ
3238 4325 3341 4399 ’γὰρ
3405 4321 3578 4382 ἕντολὴ
3646 4322 3809 4378 αὐτοῦ

2210 4411 2317 4477 ζωὴ
2380 4415 2586 4477 αἰώνιός
2643 4412 2776 4469 ἔστι.
2820 4420 3007 4489 Πρώτη
3066 4411 3126 4467 δὲ
3190 4417 3281 4466 καὶ
3345 4414 3541 4487 μεγάλη
3609 4412 3808 4474 ἐντολή·

2215 4510 2518 4577 Αγαπήσεις
2601 4507 2792 4579 Κύριον
2857 4506 2946 4556 τὸν
3021 4507 3150 4557 Θεὸν
3229 4521 3325 4557 σου
3397 4502 3452 4567 ἐξ
3526 4503 3650 4565 ὃλης
3716 4511 3812 4567 τῆς

2209 4592 2437 4672 καρδίας
2488 4613 2582 4647 σου
2626 4599 2718 4646 καὶ
2772 4593 2826 4656 ἐξ
2869 4593 2992 4654 ὅλης
3033 4601 3129 4654 τῆς
3155 4589 3393 4656 διανοίας
3433 4595 3506 4667 (2)
3563 4613 3680 4662 σου,
3721 4599 3812 4648 καὶ

2135 4791 2215 4844 ιιι,
2258 4779 2347 4832 36.
2423 4773 2671 4830 ³¹1οειιι.
2703 4788 2805 4837 xu,
2832 4775 2918 4827 50.

2206 4956 2302 5012 τὴν
2328 4951 2516 5025 ψυχὴν
2546 4951 2709 5004 αὑτοῦ
2744 4953 2906 5025 θ-εῖναι
2937 4946 3040 5025 δεῖ.
3068 4949 3179 5025 Alli
3204 4951 3329 5008 duo
3359 4968 3507 5009 mss.
3546 4953 3608 5008 Εἰ
3637 4949 3698 5008 δὲ
3722 4958 3814 5008 καὶ

2204 5031 2296 5084 τὴν
2335 5021 2516 5096 ψυχὴν
2563 5026 2723 5076 θεῖναι
2755 5021 2857 5092 δεῖ,
2891 5028 2948 5079 et
2969 5023 3072 5096 ita
3100 5023 3408 5080 edendum
3436 5027 3809 5083 curavimus.

2207 5094 2430 5152 νοούὶὰ
2456 5101 2546 5147 καί
2568 5096 2780 5152 aberat
2810 5112 2846 5150 a
2884 5094 3166 5163 vulgatis.

2278 5172 2356 5239 (1)
2388 5169 2634 5240 Antiqui
2659 5174 2773 5224 tres
2795 5167 2930 5223 libri
2963 5175 3118 5240 μενεῖ.
3143 5169 3434 5226 manebit.
3474 5171 3625 5228 Editi
3651 5173 3808 5245 μένει,

2206 5246 2431 5297 manet.

2281 5313 2358 5392 (2)
2391 5315 2531 5381 Reg.
2566 5313 2800 5392 primitus
2847 5307 3076 5392 καρδία-ς
3107 5331 3225 5392 σου,
3252 5316 3341 5365 καὶ
3379 5313 3502 5375 ὅλης
3529 5323 3627 5392 τῆς
3658 5310 3816 5367 δυνά-

2206 5390 2342 5465 μεως
2392 5403 2508 5451 σου,
2542 5383 2633 5436 καὶ
2663 5383 2727 5465 ἐξ⁹
2745 5383 2870 5445 ὅλης
2911 5383 3002 5444 τῆς
3041 5385 3234 5456 ἰσχύος
3269 5404 3385 5438 σου·
3427 5392 3518 5439 καὶ
3571 5384 3814 5461 δευτέρα.

2208 5456 2437 5513 Ibidem
2464 5473 2576 5510 ms.
2605 5454 2854 5527 perinde
2879 5460 2942 5511 ut
2963 5456 3132 5512 Coll).
3163 5463 3219 5514 et
3247 5459 3418 5514 Voss.
3447 5460 3606 5527 ὁμοία
3626 5458 3814 5521 αὐτῆς.

2208 5467 2437 5513 ωιαθω
2464 5473 2576 5537 ΨΒ.
2605 5467 2854 5527 pennae
2879 5467 2942 5511 ιιι
2963 5467 3132 5512 Θου).
3163 5467 3219 5514 ΘῙ
3253 5467 3418 5514 VOSS.
3447 5467 3606 5531 ὁμοία
3626 5467 3816 5521 αὐτῆς.

2207 5530 2351 5601 Reg.
2385 5533 2591 5585 tertius
2621 5529 2780 5600 ὁμοία
2805 5547 3021 5590 ταυτης.
