4114 6366
227 355 359 408 1209

754 482 1066 529 ΕΡΩΤΗΣΙΣ
1115 475 1283 531 ΡΠΘ’.

220 564 335 619 Ἐαν
369 562 426 619 δέ
456 570 544 640 καὶ
575 565 920 640 παρακαλῶσι
953 566 1172 640 θῇαιντες
1223 565 1508 638 ἀπαγαγεῖν
1536 567 1647 638 (60)
1680 567 1821 640 ἡμᾶς

470 638 541 699 εἰς
579 635 809 705 titiam,
845 638 886 690 εἰ
916 643 1024 712 χρὴ
1055 638 1221 691 αὐτῶν
1249 635 1553 711 ἀνέχεσθαι,

833 732 1207 782 ΑΙΙΟΚΡΙΣΙΣ.

290 815 351 869 Εἰ
406 818 496 888 μὶν
554 812 648 868 διὰ
700 812 979 889 οἰκοδομὴν
1032 825 1124 877 τῆς
1162 808 1405 889 πίστεως,
1467 818 1494 870 ὁ
1541 813 1822 890 δυνάμενος

221 906 384 966 οὕτως
442 903 675 957 ἀπελθεῖν
738 908 869 977 μετὰ
917 902 1240 981 δοκιμασίας
1296 909 1575 980 πεμπέσθω
1604 924 1617 938 ⁸
1661 908 1704 959 εἰ
1762 904 1821 961 δι

222 992 316 1047 διὰ
363 996 592 1053 καθῆκον
649 992 986 1070 ἀνθρώπινον,
1042 995 1269 1050 ἀκουέτω
1327 1005 1417 1051 τοῦ
1478 1001 1671 1071 Κυρίου
1737 996 1820 1050 λέ-

221 1103 405 1156 γοντος
457 1088 584 1157 πρὸς
634 1087 721 1136 τόν
762 1085 971 1138 εἰπόντα
1003 1107 1016 1120 ·
1069 1086 1374 1160 Ἐπίτρεψόν
1423 1107 1513 1159 μοι
1563 1085 1816 1154 ἀπελθεῖν,

223 1177 316 1225 καὶ
344 1170 702 1235 ἀποτάξασθαι
743 1182 852 1236 τοῖς
881 1166 993 1246 (61)
1039 1176 1108 1237 εἰς
1148 1179 1235 1228 τὸν
1267 1172 1407 1227 οἶκον
1437 1195 1538 1249 μου
1564 1198 1577 1209 ·
1630 1172 1818 1236 Οὐδείς

225 1260 470 1313 ἕπιϐαλὼν
504 1266 597 1320 τὴν
627 1270 787 1336 χεῖρα
815 1265 975 1315 αὑτοῦ
1022 1261 1098 1315 ἔπ’
1127 1264 1363 1340 οἶροτρον,
1395 1270 1485 1316 καὶ
1516 1263 1719 1337 βλέπων
1752 1264 1819 1325 εἰς

219 1351 283 1400 τὰ
328 1351 441 1421 (62)
496 1349 687 1420 ὀπίσω,
730 1354 929 1413 εὔθετος
968 1351 1107 1405 ἔστιν
1148 1353 1215 1413 εἰς
1262 1356 1355 1411 τὴν
1405 1351 1679 1426 βασιλείαν
1726 1361 1818 1407 τοῦ

217 1445 373 1493 Θεοῦ.
425 1440 486 1493 Εἰ
533 1437 594 1493 δι
649 1446 768 1515 περὶ
825 1448 916 1494 τοῦ
946 1441 1314 1506 ἀποτάξασθαι
1342 1442 1483 1506 ἀπαξ
1514 1443 1821 1504 θελήσαντος

214 1538 449 1584 τοιοῦτον
479 1534 537 1584 τὸ
578 1539 762 1606 κρῖμα,
793 1536 845 1584 τί
861 1537 972 1606 χρὴ
1005 1533 1169 1606 λέγειν
1195 1539 1311 1609 περὶ
1342 1536 1570 1605 τούτους

778 1626 1090 1675 sparum
1131 1607 1241 1682 γ’γ’.

210 1709 275 1765 Εἰ
307 1706 391 1763 δεῖ
418 1708 569 1764 ἐλεεῖν
625 1714 747 1772 τοὺς
795 1712 931 1763 κατά
962 1712 1135 1787 σάρκα
1163 1711 1406 1781 οἰκείους,
1440 1710 1822 1787 ἐπιθυμοῦντας

643 1786 737 1841 τὴν
765 1782 1040 1858 σωτηρίαν
1056 1782 1224 1836 αὐτῶν
1255 1786 1389 1857 (63).

822 1879 1197 1929 ΑΠΟΚΡΙΣΙΣ.

285 1961 344 2018 Ὀ
390 1966 755 2037 γεγεννημένος
796 1962 853 2017 ἐκ
907 1972 1001 2017 τοῦ
1065 1968 1363 2039 Πνεύματος
1414 1968 1548 2020 κατά
1598 1971 1692 2027 τὴν
1729 1974 1821 2021 τοῦ

215 2057 413 2129 Κυρίου
475 2058 665 2126 φωνὴν,
720 2058 810 2106 καὶ
864 2052 1105 2117 ἐξουσίαν
1152 2052 1322 2108 λαϐὼν
1366 2058 1609 2128 γενέσθαι
1649 2061 1822 2112 τέκνον

213 2148 363 2212 Θεου,
398 2147 695 2216 συγγένειαν
747 2147 839 2217 μὲν
878 2148 971 2203 τὴν
1025 2146 1161 2198 κατά
1202 2147 1377 2220 σάρκα
1422 2145 1820 2220 ἐπαισχύνεται,

216 2232 438 2295 οἰκείους
491 2229 553 2286 δὶ
581 2233 826 2309 γνωρίζει
873 2236 998 2295 τοὺς
1045 2235 1266 2299 οἰκείους
1311 2243 1405 2297 τῆς
1446 2241 1669 2298 πίστεως
1718 2238 1820 2290 ύπὸ

138 2365 145 2376 .
216 2323 309 2377 τοῦ
367 2326 562 2398 Κυρίου
615 2341 1092 2399 μαρτυρουμενους,
1142 2326 1371 2388 εἰπόντος
1401 2346 1415 2361 ·
1470 2331 1661 2401 Μήτηρ
1719 2346 1822 2400 μου

218 2413 310 2466 καί
372 2410 584 2488 ἀδελφοί
658 2433 758 2488 μου
827 2415 971 2468 οὗτοι
1028 2416 1180 2487 εἰσιν,
1242 2417 1295 2470 οἰ
1355 2420 1442 2471 τὸν
1515 2416 1664 2490 λόγον
1728 2424 1821 2471 τοῦ

222 2510 355 2556 θεοῦ
403 2502 692 2569 ἀκούοντες,
753 2509 844 2557 καὶ
908 2513 1194 2567 ποιοῦντες.
1257 2506 1361 2560 Καὶ
1411 2507 1607 2561 ἐλεείτω
1667 2507 1823 2571 οὗτος

223 2593 412 2655 πάντας
456 2595 547 2667 μὶν
608 2597 729 2657 τοὺς
791 2599 1211 2670 μακρυνομένους
1260 2595 1361 2650 ἀπὸ
1416 2605 1507 2651 τοῦ
1569 2602 1766 2673 κυρίου
1798 2618 1814 2634 ο

216 2686 303 2735 καὶ
342 2685 457 2744 τοὺς
482 2690 740 2756 συγγενεῖς
793 2681 874 2755 δι,
905 2688 1030 2748 τοὺς
1069 2687 1208 2739 κατὰ
1257 2689 1430 2762 σάρκα
1480 2689 1551 2750 ὡς
1597 2687 1809 2750 πάντας.

212 2772 275 2825 Εἰ
301 2768 363 2827 δέ
407 2792 483 2835 τις
538 2776 744 2837 τούτοις
794 2773 945 2828 πλέον
974 2795 1055 2845 ,τι
1106 2780 1477 2852 προσπάσχων
1524 2783 1813 2853 συνήγορον

209 2864 349 2935 ἔχειν
402 2866 567 2917 οἴεται
619 2872 713 2918 τοῦ
769 2861 910 2918 ἰδίου
957 2868 1156 2929 πάθους
1212 2871 1299 2921 τὸν
1332 2867 1646 2922 ’Ᾱπόστολον
1695 2870 1812 2941 (64)

205 2949 420 3023 λέγοντα
458 2973 472 2988 ·
528 2956 784 3029 Ηύχόμην
843 2957 945 3030 γὰρ

207 3038 306 3095 ἀπὸ
380 3052 472 3097 τοῦ
538 3052 773 3122 Χριστοῦ
839 3047 968 3123 ύπὶρ
1051 3055 1149 3100 τῶν
1213 3043 1448 3121 ἀδελφῶν
1531 3068 1632 3121 μου
1706 3056 1806 3102 τῶν

204 3142 460 3204 συγγενῶν
512 3155 614 3208 μου
678 3138 816 3189 κατὰ
873 3137 1093 3213 σάρκαε
1148 3138 1448 3211 μανθανέτω
1499 3139 1527 3191 ὁ
1574 3146 1805 3203 τοιοῦτος

197 3220 252 3275 ἐκ
317 3233 417 3278 τῶν
480 3225 872 3300 ἐπιφερομένων,
931 3228 1011 3279 ὅτι
1076 3227 1136 3280 ού
1194 3232 1288 3288 τήν
1353 3232 1654 3302 συγγένειαν
1709 3234 1804 3290 τὴν

192 3316 332 3367 κατά
369 3317 562 3387 σάρκα,
594 3312 722 3366 ἀλλὰ
758 3318 846 3366 τὸν
879 3314 1093 3390 Ἰσραήλ
1122 3321 1212 3370 καὶ
1249 3319 1317 3370 τὰ
1361 3318 1429 3379 εἰς
1467 3319 1622 3372 αὐτὸν
1669 3320 1806 3383 ἐξαί-

188 3421 319 3476 ρετα
372 3410 466 3456 τοῦ
518 3409 653 3456 Θεοῦ
712 3404 738 3454 ὁ
792 3402 1106 3466 Ἀπόστολος
1152 3411 1324 3478 τιμᾷ·
1358 3404 1475 3459 οὐδ’
1522 3405 1802 3484 ἐπειδήπερ

192 3500 458 3565 συγγενεῖς
518 3491 680 3545 αὐτοῦ
729 3494 780 3545 οἱ
831 3492 1176 3569 Ἰσραηλῖται.
1234 3493 1344 3547 ἀλλ’
1397 3493 1579 3556 ἐπειδὴ
1622 3496 1803 3573 Ἰσρα-

189 3582 372 3641 ηλῖται
433 3579 567 3642 ἦσαν
606 3584 655 3635 οἱ
706 3584 844 3635 κατὰ
906 3584 1078 3658 σάρκα
1127 3590 1413 3656 συγγενεῖς,
1473 3591 1565 3640 καὶ
1616 3583 1798 3647 ἐπειδὴ

187 3674 454 3728 τοσούτων
506 3676 596 3726 καὶ
644 3675 892 3725 τοιούτοιν
939 3672 1053 3744 (65)
1092 3676 1238 3748 παρὰ
1284 3682 1418 3729 Θεοῦ
1468 3675 1801 3740 κατηξιώθη-

190 3782 315 3819 σαν.
357 3758 573 3822 Ἐπειδὴ
625 3762 794 3815 αὐτῶν
819 3765 910 3836 μὲν
962 3759 1022 3821 ἦν
1070 3764 1101 3822 ἠ
1149 3766 1387 3817 υἱοθεσία
1432 3769 1524 3819 καὶ
1568 3768 1596 3826 ἡ
1647 3762 1798 3833 δόξα,

188 3854 361 3908 αὐτῶν
393 3850 453 3907 δε
500 3855 531 3912 ἡ
582 3854 868 3928 νομοθεσία
896 3856 987 3906 καὶ
1024 3854 1055 3911 ἠ
1088 3852 1297 3929 λατρεία
1327 3874 1343 3889 ο
1390 3852 1567 3916 ἐπειδὴ
1623 3856 1801 3921 αύτοίς

185 3950 278 4020 μὲν
330 3945 387 3997 αἱ
425 3939 703 4013 διαθῆκαι,
758 3964 851 3997 και
901 3945 957 3997 αἱ
1011 3942 1343 4018 ἐπαγγελίαι,
1409 3943 1577 3999 αύτῶν
1630 3944 1691 4001 δι
1750 3950 1801 4003 οἱ

184 4040 446 4111 πατέρες·
482 4030 662 4093 ἐπειδὴ
716 4034 768 4098 ἐξ
805 4033 974 4086 αὐτῶν
1024 4033 1050 4087 ὁ
1092 4038 1322 4108 Χριστὸς
1350 4037 1408 4088 τὸ
1438 4038 1575 4090 κατά
1603 4040 1796 4113 σάρκα,

183 4126 444 4180 τοσούτου
476 4128 694 4197 τιμᾶται
724 4123 895 4175 αὐτῶν
926 4126 1019 4182 τὴν
1071 4129 1331 4201 σωτηρίαν
1366 4145 1379 4161 ο
1436 4125 1532 4178 ούκ
1585 4125 1657 4190 εἰς
1702 4132 1797 4188 τὴν

185 4217 494 4289 συγγένειαν
527 4210 848 4281 ἀποϐλέπων,
883 4209 990 4265 ἀλλ’
1030 4211 1103 4275 εἰς
1154 4214 1249 4274 τῆν
1279 4221 1371 4267 τοῦ
1426 4220 1623 4292 Κυρίου
1668 4218 1795 4293 ὑπὲρ

1022 2955 1179 3018 αὐτὸς
1244 2956 1341 3028 ἐγὼ
1407 2955 1641 3031 ἀνάθεμα
1678 2956 1808 3011 εἶναι

183 4308 357 4361 αὐτῶν
405 4304 794 4380 ἕνανθρώπησιν
825 4309 918 4355 τοῦ
944 4302 1173 4366 εἰπόντος
1203 4319 1219 4335 ·
1266 4305 1377 4358 Ούκ
1428 4302 1724 4368 ἀπεστάλην
1754 4307 1797 4363 εἰ

182 4399 256 4472 μὴ
295 4396 367 4458 εἰς
392 4396 459 4447 τὰ
483 4391 724 4469 πρόϐατα
746 4393 812 4445 τά
837 4389 1136 4446 ἀπολωλότα
1170 4397 1312 4446 οἴκου
1347 4393 1580 4471 Ἰσραήλ.

256 4611 308 4650 ⁸⁸
343 4612 585 4680 Luc.1x,
612 4612 702 4679 61,
733 4614 825 4669 62.

187 4687 210 4723 ⁸
236 4682 453 4745 Matth.
485 4698 576 4754 xv,
602 4686 691 4740 53.

916 4611 965 4647 "
989 4610 1163 4669 Joan.
1193 4626 1279 4682 ιιι,
1305 4614 1359 4668 8.

252 4858 373 4931 (60)
401 4858 544 4931 tias:
573 4852 806 4931 primus
837 4852 1078 4931 ἀγαγεῖν.

254 4924 968 5002 (61)111ιῖς1,’ἀποτάξασθαι
996 4933 1126 5002 τοῖς,
1285 4924 1361 4984 de
1382 4926 1797 5002 personis,alii

180 4998 464 5075 derebus
503 4998 862 5071 intelligunt.
895 4998 1076 5073 Sequi
1101 4998 1418 5072 vulgatam
1446 4999 1665 5074 poterit
1687 5000 1795 5075 qui

180 5072 370 5232 ήοὲἕὲε)
399 5142 604 5202 Vossii
652 5147 823 5202 vetus
849 5142 1002 5202 liber
1038 5148 1099 5203 et
1126 5143 1228 5202 alii
1252 5143 1377 5203 duo
1406 5150 1499 5200 καὶ
1546 5148 1794 5222 στραφεὶς

183 5237 225 5271 ει
276 5237 365 5271 τα.

233 5238 371 5365 ς(63)
397 5291 542 5365 Reg.
568 5287 803 5365 primus
820 5296 915 5365 τῆς
948 5293 1213 5365 σωτηρίας
1239 5288 1429 5365 αύτῷν.

251 5360 371 5432 (64)
401 5358 601 5418 Codei
632 5358 798 5433 Colb.
824 5362 911 5414 τὸν
935 5358 1456 5433 οἷγιονἾΑπόστολον.

248 5429 366 5505 (65)
406 5435 547 5506 Reg.
578 5429 1013 5506 primitiuae?"
1043 5430 1168 5486 ούδὶ
1215 5429 1498 5506 ἕπειδὴπερ
1527 5440 1792 5506 συγγενεῖς

181 5501 362 5591 αὐτου,
375 5501 777 5596 ’Ἰσραξλίται
798 5501 937 5563 ἦσαν
950 5501 987 5564 ’ᾖ
1035 5508 1171 5558 κατὰ
1203 5507 1376 5581 σάρκα
1411 5501 1677 5596 συγγενεῖς
1702 5505 1791 5559 αύ-

492 5576 503 5585 ⁵
554 5595 564 5596 κ
643 5581 655 5596 ι
722 5595 731 5596 κ
850 5579 862 5595 Ι
1046 5582 1126 5596 ΑΔ-
1205 5578 1364 5596 “-λεὲ
1405 5593 1577 5596 _______
1636 5593 1701 5596 _-_
1743 5580 1791 5596 ,Δ

179 5597 295 5647 του,
338 5574 450 5629 ἀλλ’
479 5573 661 5636 ἐπειδὴ
710 5579 995 5644 τοσούτων,
1039 5582 1151 5634 etc.
1201 5573 1368 5648 Regii
1398 5573 1706 5634 secundus
1735 5580 1794 5634 et

180 5648 392 5710 tertius
414 5651 473 5707 et
490 5646 634 5707 editi
661 5652 730 5708 ut
754 5649 819 5711 in
837 5648 1289 5724 centonarius
1303 5654 1513 5712 autem
1524 5648 1644 5710 loci
1660 5649 1792 5709 hac

1354 352 1660 409 REGULE
1703 350 2010 409 BREVIUS
2047 355 2437 415 TRACTATIE
2450 402 2462 415 .

1465 4612 1481 4648 ¹
1512 4612 1686 4670 Joan.
1717 4629 1758 4685 ι,
1790 4618 1877 4675 12.

3456 360 3593 420 1210

2326 486 2838 541 ΙΝΤΕΗΒΟΘᾹΤΙΟ
2890 487 3192 543 CLXXXIX.

1932 566 2103 634 Quod
2128 570 2184 646 si
2226 572 2406 628 etiam
2448 575 2832 631 adhortando
2882 576 3066 631 velint
3096 592 3203 631 nos
3231 577 3313 631 ad
3332 578 3591 646 propria

2045 641 2350 707 reducere,
2382 646 2653 717 nunquid
2682 648 2824 716 ipsis
2862 641 3460 703 auscultandunisitl

2552 736 2965 794 RESPONSIO.

1999 819 2057 875 Si
2088 819 2151 876 id
2198 822 2304 879 ﬁat
2347 830 2594 898 propter
2640 826 2780 882 ﬁdei
2825 826 3314 897 aediﬁcationem,
3347 826 3451 899 qui
3502 825 3591 883 sic

1927 913 2122 981 potest
2140 910 2325 980 abire,
2360 914 2408 968 is
2436 916 2750 986 prtemisso
2772 916 2999 987 praevio
3021 916 3297 972 examine
3329 916 3592 971 dimitta-

1926 996 2024 1055 tur
2047 1017 2060 1066 ;
2084 999 2176 1056 sin
2206 1007 2405 1058 autem
2428 1010 2674 1077 propter
2702 1004 2969 1061 oiﬁcium
2998 1005 3359 1072 humanum,
3382 1004 3593 1060 audiat

1928 1089 2250 1145 Dominum
2279 1093 2744 1165 respondentem
2778 1093 2832 1149 ei
2863 1095 2966 1165 qui
2996 1093 3271 1150 dixerat:
3306 1092 3593 1149 Permitte

1927 1179 2076 1235 mihi
2104 1181 2276 1249 prius
2322 1183 2507 1250 abire,
2532 1190 2584 1239 et
2624 1184 2825 1241 dicere
2855 1185 2991 1241 vale
3019 1185 3091 1239 iis
3122 1187 3229 1256 qui
3249 1188 3391 1239 sunt
3429 1182 3594 1239 domi

1928 1284 2089 1341 meas.
2115 1271 2297 1327 Nemo
2319 1274 2556 1329 mittens
2586 1290 2832 1329 manum
2864 1290 3037 1329 suum
3082 1274 3164 1329 ad
3193 1279 3493 1338 aratrum,
3535 1275 3593 1328 et

1928 1359 2248 1427 respiciens
2274 1367 2456 1433 retro,
2488 1368 2667 1431 aptus
2693 1368 2777 1419 est
2808 1378 2992 1433 regno
3019 1362 3130 1419 Dei
3145 1364 3212 1417 93.
3247 1360 3417 1428 Quod
3444 1360 3491 1415 si
3517 1360 3593 1416 de

1928 1462 2001 1504 eo
2048 1450 2151 1522 qui
2196 1452 2541 1507 renuntiare
2583 1456 2816 1508 tantum
2872 1451 3168 1522 voluerat,
3229 1449 3591 1523 hujusmodi

1928 1539 2231 1614 prolatum
2253 1547 2340 1598 est
2353 1542 2371 1613 j
2385 1542 2787 1615 udicium,ecq
2798 1542 2897 1598 uid
2916 1542 2990 1599 de
3006 1542 3119 1598 hoc
3134 1541 3459 1599 dicendum
3475 1539 3593 1596 est?

2393 1632 2905 1689 INTERROGATIO
2974 1634 3124 1689 CXC.

1931 1721 2028 1778 An
2060 1721 2300 1778 debeam
2311 1738 2375 1777 us
2397 1723 2669 1779 misereri
2692 1727 3086 1793 cognatorum
3111 1721 3439 1778 secundum
3461 1732 3592 1777 car-

2142 1809 2275 1850 nem
2304 1795 2558 1851 salutem
2588 1795 2833 1850 illorum
2865 1794 3368 1865 concupiscentes.

2552 1884 2960 1941 RESPONSIO.

2002 1973 2116 2042 Qui
2143 1978 2322 2032 natus
2348 1979 2440 2031 est
2460 1989 2530 2030 ex
2561 1972 2783 2047 Spiritu
2815 1974 2990 2045 juxta
3021 1972 3258 2029 Domini
3282 1986 3490 2028 vocem
3513 1972 3585 2042 9°,

1930 2065 2159 2138 quique
2206 2056 2567 2137 potestatem
2620 2063 2853 2135 accepit
2895 2069 2961 2119 ut
2996 2062 3166 2119 ﬁeret
3208 2060 3369 2118 ﬁlius
3417 2061 3586 2129 Dei‘,

1930 2154 2091 2211 hunc
2109 2154 2294 2227 pudet
2314 2153 2694 2225 cognationis
2725 2153 3062 2210 secundum
3084 2167 3353 2220 carnem,
3368 2155 3424 2207 et
3452 2166 3589 2223 pro-

1929 2245 2195 2318 pinquos
2232 2243 2508 2314 agnoscit
2533 2258 2638 2300 eos
2665 2242 2771 2317 qui
2800 2242 2942 2298 ﬁdei
2960 2241 3414 2315 propinquitate
3471 2238 3587 2295 sibi

1930 2333 2404 2405 conjunguntur,
2440 2333 2664 2405 quibus
2695 2331 3106 2388 testimonium
3136 2330 3241 2386 dat
3272 2328 3587 2395 Dominus,

1928 2423 2022 2479 his
2059 2422 2258 2479 verbis
2286 2440 2299 2479 :
2332 2416 2531 2479 Mater
2553 2437 2702 2489 mea,
2731 2427 2784 2478 et
2803 2422 3035 2492 fratres
3063 2421 3178 2477 mei
3203 2419 3269 2476 hi
3307 2424 3452 2474 sunt
3480 2417 3588 2489 qui

1928 2513 2173 2571 verbum
2204 2513 2305 2570 Dei
2316 2512 2577 2570 audiunt
2594 2518 2649 2568 et
2662 2512 2900 2582 faciunt
2917 2514 3160 2583 ’.Atque
3180 2508 3277 2565 ille
3305 2508 3587 2565 miserea-

1926 2606 2023 2660 tur
2050 2602 2327 2660 omnium
2357 2602 2626 2676 quidem,
2654 2601 2760 2674 qui
2794 2617 2858 2657 se
2896 2617 2934 2657 a
2964 2599 3221 2657 Domino
3249 2599 3584 2664 removent,

1926 2692 2035 2751 sed
2060 2709 2183 2750 non
2212 2691 2382 2749 aliter
2410 2692 2889 2765 propinquorum
2924 2688 3266 2748 secundum
3312 2701 3579 2757 carnem,

1922 2797 2110 2857 quam
2140 2782 2438 2840 omnium.
2468 2781 2639 2849 Quod
2671 2782 2723 2838 si
2749 2781 3056 2859 quispiam
3075 2794 3223 2850 erga
3246 2777 3357 2834 hos
3382 2774 3583 2846 magis

1920 2873 2189 2943 affectus,
2224 2872 2555 2929 affectionis
2588 2888 2717 2927 suae
2769 2876 3094 2944 patronum
3142 2867 3367 2925 habere
3410 2869 3583 2937 putat

1917 2960 2418 3035 Apostolum,qui
2448 2960 2630 3027 dicit;
2656 2961 2950 3029 Optabam
2974 2959 3130 3017 enim
3152 2974 3257 3028 ego
3277 2958 3405 3027 ipse
3432 2970 3580 3012 ana-

1915 3050 2116 3109 thema
2133 3065 2257 3107 esse
2284 3065 2323 3107 a
2355 3049 2592 3106 Christo
2619 3064 2733 3118 pro
2766 3048 3074 3119 fratribus
3119 3046 3263 3102 meis
3293 3045 3399 3117 qui
3431 3048 3577 3100 sunt

1911 3142 2158 3213 cognati
2173 3140 2291 3198 mei
2314 3139 2641 3196 secundum
2667 3152 2910 3196 carnem
2937 3137 2981 3207 ³,
3008 3137 3059 3193 is
3089 3133 3381 3205 intelligat
3400 3149 3469 3190 ex
3497 3132 3573 3189 iis

1910 3248 2049 3306 qum
2081 3236 2439 3305 sequuntur,
2478 3244 2602 3286 non
2628 3227 3052 3299 cognationem
3074 3222 3412 3283 secundum
3444 3238 3571 3279 car-

1908 3339 2075 3393 nem,
2107 3322 2213 3379 sed
2253 3319 2434 3378 Israel
2481 3319 2702 3393 ipsum,
2735 3317 3101 3391 egregiaque
3154 3313 3449 3372 beneﬁcia
3504 3312 3569 3369 in

1910 3428 2050 3470 eum
2077 3428 2114 3469 a
2134 3411 2251 3468 Deo
2282 3409 2502 3468 collata
2530 3409 2591 3466 in
2622 3408 2811 3481 pretio
2863 3407 2942 3465 ab
2981 3405 3266 3480 Apostolo
3308 3402 3521 3461 haberi
3553 3418 3566 3459 :

1907 3517 2034 3559 non
2061 3500 2230 3574 quod
2263 3498 2444 3573 580
2481 3498 2759 3555 Israelitse
2804 3501 3010 3555 essent
3057 3495 3250 3568 ipsius
3300 3492 3572 3566 cognati-

1908 3591 2017 3649 sed
2045 3590 2213 3664 quod
2245 3588 2487 3660 cognati
2535 3588 2666 3660 ejus
2704 3585 3046 3644 secundum
3072 3600 3319 3643 carnem
3372 3586 3573 3640 essent

1908 3680 2207 3744 Israelita,
2239 3678 2530 3753 quodque
2575 3680 2664 3734 tot
2715 3693 2785 3734 ac
2832 3675 3014 3733 tantis
3066 3675 3320 3731 fuissent
3365 3689 3404 3729 ιι
3450 3675 3570 3729 Deo

1907 3769 2105 3828 aﬁ‘ecti
2158 3767 2484 3825 beneﬁciis.
2536 3769 2603 3823 Et
2649 3765 2900 3840 quidem
2938 3763 3233 3839 quoniam
3291 3761 3567 3834 ipsorum

1906 3865 2034 3919 erat
2057 3857 2326 3932 adoptio,
2360 3862 2416 3914 et
2442 3856 2655 3928 gloria,
2677 3855 2903 3927 etlegis
2934 3851 3303 3921 constitutio,
3349 3850 3571 3909 cultus-

1904 3948 2345 4023 que,quoniam
2371 3947 2449 4004 ad
2467 3946 2633 4020 ipsos
2664 3944 3339 4019 pertinenttestamenta
3354 3945 3411 3998 et
3432 3955 3570 4014 pro~

1904 4036 2546 4111 missiones,quoniam
2571 4036 2847 4110 ipsorum
2873 4040 3013 4091 sunt
3036 4039 3257 4107 patres,
3274 4031 3569 4106 quoniam

1904 4146 1979 4188 ex
2007 4130 2156 4204 ipsis
2194 4134 2285 4186 est
2306 4127 2570 4187 Christus
2603 4125 2942 4183 secundum
2984 4138 3232 4182 carnem
3254 4124 3273 4159 ⁸
3300 4138 3313 4191 ;
3343 4120 3568 4177 idcirco

1902 4219 2049 4278 tanti
2103 4217 2362 4275 salutem
2408 4216 2650 4273 illorum
2707 4215 2849 4271 facit
2883 4230 2895 4271 :
2933 4229 3056 4271 non
3113 4211 3442 4287 respiciens
3490 4208 3570 4267 ad

1903 4307 2351 4380 cognationem,
2393 4303 2500 4361 sed
2533 4304 2611 4361 ad
2668 4303 2902 4361 Domini
2931 4301 3416 4361 incarnationem
3456 4314 3569 4372 pro

1902 4397 2050 4472 ipsis
2081 4397 2323 4465 factam,
2346 4411 2451 4469 qui
2480 4394 2750 4451 dixerat:
2778 4394 2913 4452 Non
2935 4410 3062 4451 sum
3095 4394 3310 4450 missus
3341 4390 3462 4449 nisi
3487 4387 3570 4445 ad

1828 4491 1875 4547 D
1902 4504 2057 4561 oves,
2081 4498 2213 4560 quas
2224 4487 2554 4557 perierunt,
2577 4486 2790 4541 domus
2814 4484 3011 4541 Israel
3030 4484 3075 4541 ⁸.

1976 4616 1999 4652 ³
2021 4615 2161 4672 Luc.
2192 4628 2316 4676 vm.
2348 4615 2442 4671 21.
2546 4613 2761 4669 ³Βοιιι.
2795 4626 2868 4681 lx,
2899 4614 2956 4668 3.
3056 4610 3078 4645 ’δ
3105 4611 3278 4666 Rom.
3301 4623 3379 4674 xx,
3413 4608 3470 4678 4,
3497 4609 3558 4661 5.

1900 4855 2140 4915 videtur
2161 4871 2294 4914 esse
2324 4855 2624 4913 sententia
2653 4870 2667 4912 :
2717 4853 3043 4928 Apostolus
3066 4852 3275 4928 magni
3304 4848 3567 4928 faciebat

1900 4927 2203 5003 populum
2227 4923 2871 5003 Israeliticummon'eo
2887 4923 3271 5003 potissimum
3295 4923 3565 5003 nomine,

1901 4992 2069 5075 quod
2098 5017 2173 5058 ex
2204 5016 2277 5075 eo
2302 4999 2602 5075 originem
2626 4992 3017 5075 duceretCsed
3035 4992 3115 5054 ob
3145 4996 3206 5054 id
3239 4996 3563 5075 praecipue,

1900 5070 2069 5146 quod
2092 5071 2356 5146 populus
2398 5070 2763 5146 Israeliticu‘s
2790 5076 2847 5128 et
2875 5070 3098 5146 electus
3148 5074 3305 5146 esset
3350 5083 3388 5125 a
3419 5071 3557 5131 Deo,

1900 5140 1960 5202 ἐι
1987 5143 2067 5203 ab
2087 5140 2307 5202 Eodem
2345 5142 2550 5201 multis
2595 5142 2776 5201 bonis
2801 5142 3168 5199 cumulatus.
3192 5140 3330 5211 Sed,
3359 5146 3424 5197 ut
3460 5155 3567 5195 ve-

1884 5212 2035 5273 rum
2085 5214 2294 5285 fatear,
2317 5215 2494 5271 valde
2524 5231 2750 5284 vereor,
2781 5230 2857 5271 ne
2898 5214 2997 5270 hic
3025 5213 3197 5285 locus
3244 5214 3565 5284 corruptus

1901 5288 1975 5359 sit
1999 5287 2334 5359 alibrariis.
2364 5286 2764 5343 Combetisius
2794 5285 3044 5359 quidem
3075 5286 3157 5342 ita
3187 5284 3566 5359 Ιεειιίιςισραῃέ

1899 5358 2040 5414 λῖται
2071 5357 2228 5425 ἦσαν,
2260 5360 2289 5419 ἡ
2343 5362 2479 5413 κατά
2520 5362 2692 5434 σάρκα
2718 5351 2984 5429 συγγενεῖς
3012 5377 3197 5423 αυτου,
3245 5355 3351 5408 ἀλλ’
3378 5351 3560 5434 ἐπειδὴ

1898 5435 2181 5499 τοσούτων,
2226 5446 2336 5487 nec
2365 5447 2520 5502 nego
2548 5425 2709 5487 hanc
2753 5425 3116 5502 scripturam
3146 5429 3444 5502 optimam
3475 5425 3561 5482 vi-

1899 5503 2026 5560 deri
2074 5521 2088 5561 :
2150 5503 2259 5560 sed
2305 5499 2564 5561 arbitror
2615 5503 2814 5558 virum
2864 5499 3282 5557 doctissimum
3331 5499 3450 5562 hic,
3496 5503 3564 5554 ut

1899 5592 2061 5654 sape
2089 5575 2263 5654 alias,
2285 5575 2360 5632 de
2381 5590 2507 5654 suo
2523 5573 2906 5654 emendasse.
2937 5575 3139 5646 quue
3167 5568 3565 5644 magis,un

1898 5645 2135 5711 nullum
2157 5652 2419 5707 veterem
2446 5645 2674 5706 librum
2693 5645 2852 5705 citet.
3043 5645 3061 5646 ί
3440 5684 3443 5687 -
3592 5682 3597 5689 .
