  <div class='ocr_page' id='page_1' title='image "/cluster/home/n/w/nwhite01/storage/ocr_20150623/31:no.3/coo.31924054869288/622.png"; bbox 0 0 4114 6376; ppageno 0'>
   <div class='ocr_carea' id='block_1_1' title="bbox 275 329 411 386">
    <p class='ocr_par' dir='ltr' id='par_1_1' title="bbox 275 329 411 386">
     <span class='ocr_line' id='line_1_1' title="bbox 275 329 411 386; baseline 0 0"><span class='ocrx_word' id='word_1_1' title='bbox 275 329 411 386; x_wconf 70' lang='grc'><strong>1217</strong></span> 
     </span>
    </p>
   </div>
   <div class='ocr_carea' id='block_1_2' title="bbox 844 439 1961 505">
    <p class='ocr_par' dir='ltr' id='par_1_2' title="bbox 844 439 1961 505">
     <span class='ocr_line' id='line_1_2' title="bbox 844 439 1961 505; baseline -0.011 -1"><span class='ocrx_word' id='word_1_2' title='bbox 844 454 1158 505; x_wconf 77' lang='grc' dir='ltr'><strong>ΕΡΩΤΗΣΙΣ</strong></span> <span class='ocrx_word' id='word_1_3' title='bbox 1217 445 1309 501; x_wconf 78' lang='grc' dir='ltr'><strong>ΣΓ.</strong></span> <span class='ocrx_word' id='word_1_4' title='bbox 1913 439 1961 492; x_wconf 76' lang='grc' dir='ltr'><strong>Α</strong></span> 
     </span>
    </p>
   </div>
   <div class='ocr_carea' id='block_1_3' title="bbox 271 566 1879 650">
    <p class='ocr_par' dir='ltr' id='par_1_3' title="bbox 271 566 1879 650">
     <span class='ocr_line' id='line_1_3' title="bbox 271 566 1879 650; baseline -0.015 -12"><span class='ocrx_word' id='word_1_5' title='bbox 271 592 384 639; x_wconf 84' lang='grc' dir='ltr'><strong>Τῶν</strong></span> <span class='ocrx_word' id='word_1_6' title='bbox 449 581 562 636; x_wconf 84' lang='grc' dir='ltr'>κατ’</span> <span class='ocrx_word' id='word_1_7' title='bbox 639 579 842 638; x_wconf 70' lang='grc' dir='ltr'>ἐντολὴν</span> <span class='ocrx_word' id='word_1_8' title='bbox 900 584 992 630; x_wconf 84' lang='grc' dir='ltr'><strong>τοῦ</strong></span> <span class='ocrx_word' id='word_1_9' title='bbox 1057 577 1253 650; x_wconf 78' lang='grc' dir='ltr'><strong>Κυρίου</strong></span> <span class='ocrx_word' id='word_1_10' title='bbox 1317 566 1879 650; x_wconf 42' lang='grc' dir='ltr'>κατρρᾷωμοίτωηπὸ-</span> 
     </span>
    </p>
   </div>
   <div class='ocr_carea' id='block_1_4' title="bbox 343 643 1879 730">
    <p class='ocr_par' dir='ltr' id='par_1_4' title="bbox 343 643 1879 730">
     <span class='ocr_line' id='line_1_4' title="bbox 343 643 1879 730; baseline -0.015 -21"><span class='ocrx_word' id='word_1_11' title='bbox 343 676 484 730; x_wconf 93' lang='grc' dir='ltr'>τερον</span> <span class='ocrx_word' id='word_1_12' title='bbox 522 654 571 708; x_wconf 75' lang='grc' dir='ltr'>ἓν</span> <span class='ocrx_word' id='word_1_13' title='bbox 624 657 809 728; x_wconf 75' lang='grc' dir='ltr'>μέτρον</span> <span class='ocrx_word' id='word_1_14' title='bbox 867 649 1004 703; x_wconf 83' lang='grc' dir='ltr'>ἐστὶν</span> <span class='ocrx_word' id='word_1_15' title='bbox 1072 643 1358 712; x_wconf 73' lang='grc' dir='ltr'>ἕν’πᾶσιν,</span> <span class='ocrx_word' id='word_1_16' title='bbox 1415 643 1455 702; x_wconf 73' lang='grc' dir='ltr'><em>ἦ</em></span> <span class='ocrx_word' id='word_1_17' title='bbox 1495 643 1520 695; x_wconf 88' lang='lat'><strong>6</strong></span> <span class='ocrx_word' id='word_1_18' title='bbox 1576 643 1667 714; x_wconf 70' lang='grc' dir='ltr'><strong>μεν</strong></span> <span class='ocrx_word' id='word_1_19' title='bbox 1706 643 1879 691; x_wconf 78' lang='grc' dir='ltr'>πλεῖον</span> 
     </span>
    </p>
   </div>
   <div class='ocr_carea' id='block_1_5' title="bbox 344 721 900 803">
    <p class='ocr_par' dir='ltr' id='par_1_5' title="bbox 344 721 900 803">
     <span class='ocr_line' id='line_1_5' title="bbox 344 721 900 803; baseline -0.002 -22"><span class='ocrx_word' id='word_1_20' title='bbox 344 721 478 803; x_wconf 53' lang='grc' dir='ltr'>ἔχει,</span> <span class='ocrx_word' id='word_1_21' title='bbox 515 728 541 780; x_wconf 94' lang='lat'><strong>6</strong></span> <span class='ocrx_word' id='word_1_22' title='bbox 573 721 634 780; x_wconf 66' lang='grc' dir='ltr'><strong><em>δῖ</em></strong></span> <span class='ocrx_word' id='word_1_23' title='bbox 674 721 900 780; x_wconf 54' lang='lat' dir='ltr'><strong>auster.</strong></span> 
     </span>
    </p>
   </div>
   <div class='ocr_carea' id='block_1_6' title="bbox 897 851 1274 904">
    <p class='ocr_par' dir='ltr' id='par_1_6' title="bbox 897 851 1274 904">
     <span class='ocr_line' id='line_1_6' title="bbox 897 851 1274 904; baseline -0.003 0"><span class='ocrx_word' id='word_1_24' title='bbox 897 851 1274 904; x_wconf 75' lang='grc' dir='ltr'><strong>ΔΠΟΚΡῙΣΙΣ.</strong></span> 
     </span>
    </p>
   </div>
   <div class='ocr_carea' id='block_1_7' title="bbox 343 961 1882 1049">
    <p class='ocr_par' dir='ltr' id='par_1_7' title="bbox 343 961 1882 1049">
     <span class='ocr_line' id='line_1_7' title="bbox 343 961 1882 1049; baseline -0.018 -10"><span class='ocrx_word' id='word_1_25' title='bbox 343 983 466 1038; x_wconf 72' lang='grc' dir='ltr'><strong>Ὀτι</strong></span> <span class='ocrx_word' id='word_1_26' title='bbox 507 983 601 1037; x_wconf 78' lang='grc' dir='ltr'><strong>οῦκ</strong></span> <span class='ocrx_word' id='word_1_27' title='bbox 655 983 796 1033; x_wconf 76' lang='grc' dir='ltr'>ἔστιν</span> <span class='ocrx_word' id='word_1_28' title='bbox 862 981 911 1032; x_wconf 71' lang='grc' dir='ltr'>ἰν</span> <span class='ocrx_word' id='word_1_29' title='bbox 975 979 1161 1049; x_wconf 75' lang='grc' dir='ltr'>μέτρον</span> <span class='ocrx_word' id='word_1_30' title='bbox 1223 971 1271 1024; x_wconf 79' lang='grc' dir='ltr'>ἐν</span> <span class='ocrx_word' id='word_1_31' title='bbox 1332 975 1513 1040; x_wconf 82' lang='grc' dir='ltr'>πᾶσιν,</span> <span class='ocrx_word' id='word_1_32' title='bbox 1572 963 1676 1019; x_wconf 77' lang='grc' dir='ltr'>ἀλλ’</span> <span class='ocrx_word' id='word_1_33' title='bbox 1721 964 1746 1015; x_wconf 93' lang='lat'><strong>6</strong></span> <span class='ocrx_word' id='word_1_34' title='bbox 1790 961 1882 1034; x_wconf 70' lang='grc' dir='ltr'><strong>μεν</strong></span> 
     </span>
    </p>
   </div>
   <div class='ocr_carea' id='block_1_8' title="bbox 276 1053 1885 1130">
    <p class='ocr_par' dir='ltr' id='par_1_8' title="bbox 276 1053 1885 1130">
     <span class='ocr_line' id='line_1_8' title="bbox 276 1053 1885 1130; baseline -0.017 0"><span class='ocrx_word' id='word_1_35' title='bbox 276 1076 447 1130; x_wconf 78' lang='grc' dir='ltr'>πλεῖον</span> <span class='ocrx_word' id='word_1_36' title='bbox 469 1121 474 1124; x_wconf 95' lang='grc'><strong>.</strong></span> <span class='ocrx_word' id='word_1_37' title='bbox 493 1077 582 1126; x_wconf 86' lang='grc' dir='ltr'><strong>καί</strong></span> <span class='ocrx_word' id='word_1_38' title='bbox 627 1074 928 1125; x_wconf 74' lang='grc' dir='ltr'><strong>πιστεύεται</strong></span> <span class='ocrx_word' id='word_1_39' title='bbox 967 1071 1058 1120; x_wconf 80' lang='grc' dir='ltr'>καὶ</span> <span class='ocrx_word' id='word_1_40' title='bbox 1089 1061 1466 1130; x_wconf 72' lang='grc' dir='ltr'>ἐπιδείκνυται,</span> <span class='ocrx_word' id='word_1_41' title='bbox 1499 1063 1530 1112; x_wconf 80' lang='grc' dir='ltr'>ὅ</span> <span class='ocrx_word' id='word_1_42' title='bbox 1555 1055 1616 1112; x_wconf 72' lang='grc' dir='ltr'>δε</span> <span class='ocrx_word' id='word_1_43' title='bbox 1647 1053 1885 1110; x_wconf 70' lang='grc' dir='ltr'>ἔλαττον»</span> 
     </span>
    </p>
   </div>
   <div class='ocr_carea' id='block_1_9' title="bbox 282 1141 1886 1234">
    <p class='ocr_par' dir='ltr' id='par_1_9' title="bbox 282 1141 1886 1234">
     <span class='ocr_line' id='line_1_9' title="bbox 282 1141 1886 1234; baseline -0.015 -15"><span class='ocrx_word' id='word_1_44' title='bbox 282 1163 437 1225; x_wconf 76' lang='grc' dir='ltr'>δῆλον</span> <span class='ocrx_word' id='word_1_45' title='bbox 465 1162 520 1216; x_wconf 69' lang='grc' dir='ltr'>ἐκ</span> <span class='ocrx_word' id='word_1_46' title='bbox 551 1170 650 1215; x_wconf 85' lang='grc' dir='ltr'>τῶν</span> <span class='ocrx_word' id='word_1_47' title='bbox 678 1167 771 1214; x_wconf 84' lang='grc' dir='ltr'><strong>τοῦ</strong></span> <span class='ocrx_word' id='word_1_48' title='bbox 800 1162 995 1234; x_wconf 77' lang='grc' dir='ltr'><strong>Κυρίου</strong></span> <span class='ocrx_word' id='word_1_49' title='bbox 1045 1156 1316 1232; x_wconf 75' lang='grc' dir='ltr'><strong>ῥημάτων,</strong></span> <span class='ocrx_word' id='word_1_50' title='bbox 1370 1153 1495 1204; x_wconf 67' lang='grc' dir='ltr'>ποτὲ</span> <span class='ocrx_word' id='word_1_51' title='bbox 1556 1149 1646 1221; x_wconf 61' lang='grc' dir='ltr'><strong>μεν</strong></span> <span class='ocrx_word' id='word_1_52' title='bbox 1715 1141 1886 1199; x_wconf 76' lang='grc' dir='ltr'>εἰπόν⁶</span> 
     </span>
    </p>
   </div>
   <div class='ocr_carea' id='block_1_10' title="bbox 280 1239 1873 1318">
    <p class='ocr_par' dir='ltr' id='par_1_10' title="bbox 280 1239 1873 1318">
     <span class='ocr_line' id='line_1_10' title="bbox 280 1239 1873 1318; baseline -0.014 -9"><span class='ocrx_word' id='word_1_53' title='bbox 280 1274 380 1315; x_wconf 87' lang='grc' dir='ltr'>τος·</span> <span class='ocrx_word' id='word_1_54' title='bbox 441 1253 498 1305; x_wconf 84' lang='grc' dir='ltr'><strong>Ὀ</strong></span> <span class='ocrx_word' id='word_1_55' title='bbox 547 1247 608 1305; x_wconf 67' lang='grc' dir='ltr'>δε</span> <span class='ocrx_word' id='word_1_56' title='bbox 675 1249 758 1304; x_wconf 71' lang='grc' dir='ltr'><strong>ἐπὶ</strong></span> <span class='ocrx_word' id='word_1_57' title='bbox 843 1254 938 1306; x_wconf 79' lang='grc' dir='ltr'>τὴν</span> <span class='ocrx_word' id='word_1_58' title='bbox 1030 1255 1130 1318; x_wconf 72' lang='grc' dir='ltr'><strong>γῆν</strong></span> <span class='ocrx_word' id='word_1_59' title='bbox 1222 1247 1317 1302; x_wconf 80' lang='grc' dir='ltr'>τήν</span> <span class='ocrx_word' id='word_1_60' title='bbox 1402 1239 1564 1299; x_wconf 83' lang='grc' dir='ltr'>καλὴν</span> <span class='ocrx_word' id='word_1_61' title='bbox 1631 1240 1873 1309; x_wconf 80' lang='grc' dir='ltr'>σπαρεὶς,</span> 
     </span>
    </p>
   </div>
   <div class='ocr_carea' id='block_1_11' title="bbox 277 1331 1876 1408">
    <p class='ocr_par' dir='ltr' id='par_1_11' title="bbox 277 1331 1876 1408">
     <span class='ocr_line' id='line_1_11' title="bbox 277 1331 1876 1408; baseline -0.013 -11"><span class='ocrx_word' id='word_1_62' title='bbox 277 1340 422 1406; x_wconf 82' lang='grc' dir='ltr'>οὗτός</span> <span class='ocrx_word' id='word_1_63' title='bbox 480 1341 618 1395; x_wconf 71' lang='grc' dir='ltr'>ἔστιν</span> <span class='ocrx_word' id='word_1_64' title='bbox 673 1342 698 1392; x_wconf 92' lang='lat'><strong>6</strong></span> <span class='ocrx_word' id='word_1_65' title='bbox 765 1342 851 1391; x_wconf 79' lang='grc' dir='ltr'>τὸν</span> <span class='ocrx_word' id='word_1_66' title='bbox 914 1337 1065 1408; x_wconf 76' lang='grc' dir='ltr'>λόγον</span> <span class='ocrx_word' id='word_1_67' title='bbox 1123 1335 1239 1406; x_wconf 81' lang='lat'><strong>(8‘2)</strong></span> <span class='ocrx_word' id='word_1_68' title='bbox 1312 1331 1512 1384; x_wconf 80' lang='grc' dir='ltr'>ἀκούων</span> <span class='ocrx_word' id='word_1_69' title='bbox 1581 1331 1670 1380; x_wconf 85' lang='grc' dir='ltr'>καὶ</span> <span class='ocrx_word' id='word_1_70' title='bbox 1748 1345 1876 1378; x_wconf 75' lang='grc' dir='ltr'>συνε-</span> 
     </span>
    </p>
   </div>
   <div class='ocr_carea' id='block_1_12' title="bbox 279 1416 1872 1502">
    <p class='ocr_par' dir='ltr' id='par_1_12' title="bbox 279 1416 1872 1502">
     <span class='ocr_line' id='line_1_12' title="bbox 279 1416 1872 1502; baseline -0.013 -17"><span class='ocrx_word' id='word_1_71' title='bbox 279 1438 384 1485; x_wconf 80' lang='grc' dir='ltr'><strong>εὼνο</strong></span> <span class='ocrx_word' id='word_1_72' title='bbox 441 1432 498 1494; x_wconf 83' lang='grc' dir='ltr'><strong>ὃς</strong></span> <span class='ocrx_word' id='word_1_73' title='bbox 565 1428 632 1489; x_wconf 79' lang='grc' dir='ltr'><strong>δὴ</strong></span> <span class='ocrx_word' id='word_1_74' title='bbox 689 1433 1026 1502; x_wconf 76' lang='grc' dir='ltr'><strong>καρποφορεῖ,</strong></span> <span class='ocrx_word' id='word_1_75' title='bbox 1092 1429 1184 1477; x_wconf 89' lang='grc' dir='ltr'>καὶ</span> <span class='ocrx_word' id='word_1_76' title='bbox 1235 1428 1375 1476; x_wconf 79' lang='grc' dir='ltr'>ποιεῖ</span> <span class='ocrx_word' id='word_1_77' title='bbox 1431 1422 1457 1472; x_wconf 98' lang='lat'><strong>6</strong></span> <span class='ocrx_word' id='word_1_78' title='bbox 1512 1421 1602 1492; x_wconf 66' lang='grc' dir='ltr'>μὶν</span> <span class='ocrx_word' id='word_1_79' title='bbox 1671 1416 1872 1480; x_wconf 74' lang='grc' dir='ltr'>ἑκατὸν,</span> 
     </span>
    </p>
   </div>
   <div class='ocr_carea' id='block_1_13' title="bbox 273 1505 1874 1592">
    <p class='ocr_par' dir='ltr' id='par_1_13' title="bbox 273 1505 1874 1592">
     <span class='ocr_line' id='line_1_13' title="bbox 273 1505 1874 1592; baseline -0.012 -16"><span class='ocrx_word' id='word_1_80' title='bbox 273 1524 300 1576; x_wconf 86' lang='lat'><strong>6</strong></span> <span class='ocrx_word' id='word_1_81' title='bbox 353 1519 414 1575; x_wconf 72' lang='grc' dir='ltr'>δε</span> <span class='ocrx_word' id='word_1_82' title='bbox 470 1521 737 1584; x_wconf 72' lang='grc' dir='ltr'>ἑξήκοντα,</span> <span class='ocrx_word' id='word_1_83' title='bbox 785 1519 812 1570; x_wconf 93' lang='lat'><strong>6</strong></span> <span class='ocrx_word' id='word_1_84' title='bbox 870 1514 930 1570; x_wconf 76' lang='grc' dir='ltr'><strong>δέ</strong></span> <span class='ocrx_word' id='word_1_85' title='bbox 984 1516 1282 1592; x_wconf 74' lang='grc' dir='ltr'>τριάκοντα·</span> <span class='ocrx_word' id='word_1_86' title='bbox 1341 1513 1463 1584; x_wconf 87' lang='grc' dir='ltr'>ὅπερ</span> <span class='ocrx_word' id='word_1_87' title='bbox 1511 1513 1602 1562; x_wconf 89' lang='grc' dir='ltr'>καὶ</span> <span class='ocrx_word' id='word_1_88' title='bbox 1659 1505 1743 1560; x_wconf 74' lang='grc' dir='ltr'><strong>ἰπὶ</strong></span> <span class='ocrx_word' id='word_1_89' title='bbox 1772 1511 1874 1558; x_wconf 80' lang='grc' dir='ltr'>τῶν</span> 
     </span>
    </p>
   </div>
   <div class='ocr_carea' id='block_1_14' title="bbox 271 1595 1876 1684">
    <p class='ocr_par' dir='ltr' id='par_1_14' title="bbox 271 1595 1876 1684">
     <span class='ocr_line' id='line_1_14' title="bbox 271 1595 1876 1684; baseline -0.009 -20"><span class='ocrx_word' id='word_1_90' title='bbox 271 1615 368 1674; x_wconf 80' lang='grc' dir='ltr'><strong>τὰς</strong></span> <span class='ocrx_word' id='word_1_91' title='bbox 405 1617 533 1684; x_wconf 82' lang='grc' dir='ltr'>μνᾶς</span> <span class='ocrx_word' id='word_1_92' title='bbox 589 1605 983 1680; x_wconf 70' lang='grc' dir='ltr'><strong>ὑποδεξαμένων</strong></span> <span class='ocrx_word' id='word_1_93' title='bbox 1049 1607 1364 1679; x_wconf 81' lang='grc' dir='ltr'>εὑρίσκεται·</span> <span class='ocrx_word' id='word_1_94' title='bbox 1420 1602 1544 1654; x_wconf 70' lang='grc' dir='ltr'>ποτε</span> <span class='ocrx_word' id='word_1_95' title='bbox 1577 1595 1655 1666; x_wconf 64' lang='grc' dir='ltr'><strong>δξ,</strong></span> <span class='ocrx_word' id='word_1_96' title='bbox 1684 1598 1756 1670; x_wconf 73' lang='grc' dir='ltr'><strong>’.ῼ</strong></span> <span class='ocrx_word' id='word_1_97' title='bbox 1784 1597 1876 1669; x_wconf 62' lang='grc' dir='ltr'>μὲν</span> 
     </span>
    </p>
   </div>
   <div class='ocr_carea' id='block_1_15' title="bbox 273 1689 1467 1768">
    <p class='ocr_par' dir='ltr' id='par_1_15' title="bbox 273 1689 1467 1768">
     <span class='ocr_line' id='line_1_15' title="bbox 273 1689 1467 1768; baseline -0.007 -14"><span class='ocrx_word' id='word_1_98' title='bbox 273 1698 438 1755; x_wconf 69' lang='grc' dir='ltr'>ἔδωκε</span> <span class='ocrx_word' id='word_1_99' title='bbox 473 1704 619 1754; x_wconf 66' lang='grc' dir='ltr'>πέντε</span> <span class='ocrx_word' id='word_1_100' title='bbox 643 1698 890 1765; x_wconf 72' lang='grc' dir='ltr'>τάλαντα,</span> <span class='ocrx_word' id='word_1_101' title='bbox 990 1693 1050 1749; x_wconf 69' lang='grc' dir='ltr'><strong>δὲ</strong></span> <span class='ocrx_word' id='word_1_102' title='bbox 1090 1690 1208 1761; x_wconf 76' lang='grc' dir='ltr'>δύο,</span> <span class='ocrx_word' id='word_1_103' title='bbox 1242 1692 1281 1764; x_wconf 79' lang='grc' dir='ltr'><em>ᾧ</em></span> <span class='ocrx_word' id='word_1_104' title='bbox 1304 1689 1364 1746; x_wconf 71' lang='grc' dir='ltr'><strong>δί</strong></span> <span class='ocrx_word' id='word_1_105' title='bbox 1393 1691 1467 1746; x_wconf 80' lang='grc' dir='ltr'><strong>ἓν.</strong></span> 
     </span>
    </p>
   </div>
   <div class='ocr_carea' id='block_1_16' title="bbox 842 1979 1292 2040">
    <p class='ocr_par' dir='ltr' id='par_1_16' title="bbox 842 1979 1292 2040">
     <span class='ocr_line' id='line_1_16' title="bbox 842 1979 1292 2040; baseline -0.011 -1"><span class='ocrx_word' id='word_1_106' title='bbox 842 1989 1158 2040; x_wconf 80' lang='grc' dir='ltr'><strong>ΕΡΩἸἮΣῘΣ</strong></span> <span class='ocrx_word' id='word_1_107' title='bbox 1187 1979 1292 2035; x_wconf 81' lang='grc' dir='ltr'><strong>ΣΔ’.</strong></span> 
     </span>
    </p>
   </div>
   <div class='ocr_carea' id='block_1_17' title="bbox 274 2106 1876 2184">
    <p class='ocr_par' dir='ltr' id='par_1_17' title="bbox 274 2106 1876 2184">
     <span class='ocr_line' id='line_1_17' title="bbox 274 2106 1876 2184; baseline -0.008 -14"><span class='ocrx_word' id='word_1_108' title='bbox 274 2122 391 2179; x_wconf 83' lang='grc' dir='ltr'><strong>Πῶς</strong></span> <span class='ocrx_word' id='word_1_109' title='bbox 436 2113 778 2178; x_wconf 81' lang='grc' dir='ltr'>καταξιοῦται</span> <span class='ocrx_word' id='word_1_110' title='bbox 832 2112 948 2184; x_wconf 73' lang='lat'>(83)</span> <span class='ocrx_word' id='word_1_111' title='bbox 994 2131 1076 2172; x_wconf 84' lang='grc' dir='ltr'>τις</span> <span class='ocrx_word' id='word_1_112' title='bbox 1137 2111 1431 2182; x_wconf 76' lang='grc' dir='ltr'>Πνεῦματος</span> <span class='ocrx_word' id='word_1_113' title='bbox 1512 2106 1667 2180; x_wconf 79' lang='grc' dir='ltr'>ἁγίου</span> <span class='ocrx_word' id='word_1_114' title='bbox 1733 2106 1876 2179; x_wconf 74' lang='grc' dir='ltr'>γενέ-</span> 
     </span>
    </p>
   </div>
   <div class='ocr_carea' id='block_1_18' title="bbox 886 2185 1281 2254">
    <p class='ocr_par' dir='ltr' id='par_1_18' title="bbox 886 2185 1281 2254">
     <span class='ocr_line' id='line_1_18' title="bbox 886 2185 1281 2254; baseline -0.008 -17"><span class='ocrx_word' id='word_1_115' title='bbox 886 2185 1010 2237; x_wconf 81' lang='grc' dir='ltr'>σθαι</span> <span class='ocrx_word' id='word_1_116' title='bbox 1030 2186 1281 2254; x_wconf 80' lang='grc' dir='ltr'>μέτοχος.</span> 
     </span>
    </p>
   </div>
   <div class='ocr_carea' id='block_1_19' title="bbox 893 2311 1268 2365">
    <p class='ocr_par' dir='ltr' id='par_1_19' title="bbox 893 2311 1268 2365">
     <span class='ocr_line' id='line_1_19' title="bbox 893 2311 1268 2365; baseline -0.005 0"><span class='ocrx_word' id='word_1_117' title='bbox 893 2311 1268 2365; x_wconf 78' lang='grc' dir='ltr'><strong>ΔΠΟΚΡΙΣΙΣ.</strong></span> 
     </span>
    </p>
   </div>
   <div class='ocr_carea' id='block_1_20' title="bbox 344 2430 1874 2516">
    <p class='ocr_par' dir='ltr' id='par_1_20' title="bbox 344 2430 1874 2516">
     <span class='ocr_line' id='line_1_20' title="bbox 344 2430 1874 2516; baseline -0.01 -20"><span class='ocrx_word' id='word_1_118' title='bbox 344 2443 404 2496; x_wconf 87' lang='lat'><strong>&#39;0</strong></span> <span class='ocrx_word' id='word_1_119' title='bbox 443 2445 634 2516; x_wconf 78' lang='grc' dir='ltr'>Κύριος</span> <span class='ocrx_word' id='word_1_120' title='bbox 663 2441 808 2512; x_wconf 81' lang='grc' dir='ltr'>ἡμῶν</span> <span class='ocrx_word' id='word_1_121' title='bbox 841 2437 1044 2498; x_wconf 80' lang='grc' dir='ltr'>Ἰησοῦς</span> <span class='ocrx_word' id='word_1_122' title='bbox 1092 2437 1326 2498; x_wconf 78' lang='grc' dir='ltr'>Χριστὸς</span> <span class='ocrx_word' id='word_1_123' title='bbox 1379 2430 1641 2503; x_wconf 75' lang='grc' dir='ltr'>ἔδίδαξεν,</span> <span class='ocrx_word' id='word_1_124' title='bbox 1699 2431 1874 2486; x_wconf 68' lang='grc' dir='ltr'>εἰπών’</span> 
     </span>
    </p>
   </div>
   <div class='ocr_carea' id='block_1_21' title="bbox 281 2524 1876 2604">
    <p class='ocr_par' dir='ltr' id='par_1_21' title="bbox 281 2524 1876 2604">
     <span class='ocr_line' id='line_1_21' title="bbox 281 2524 1876 2604; baseline -0.008 -17"><span class='ocrx_word' id='word_1_125' title='bbox 281 2536 398 2588; x_wconf 72' lang='grc' dir='ltr'><strong>Ἐὰν</strong></span> <span class='ocrx_word' id='word_1_126' title='bbox 461 2532 693 2604; x_wconf 71' lang='grc' dir='ltr'>ἀγαπᾶτέ</span> <span class='ocrx_word' id='word_1_127' title='bbox 745 2548 826 2601; x_wconf 79' lang='grc' dir='ltr'><strong>με,</strong></span> <span class='ocrx_word' id='word_1_128' title='bbox 887 2529 982 2589; x_wconf 76' lang='grc' dir='ltr'><strong>τὰς</strong></span> <span class='ocrx_word' id='word_1_129' title='bbox 1033 2525 1240 2589; x_wconf 69' lang='grc' dir='ltr'>ἐντολὰς</span> <span class='ocrx_word' id='word_1_130' title='bbox 1279 2528 1375 2578; x_wconf 80' lang='grc' dir='ltr'>τὰτ</span> <span class='ocrx_word' id='word_1_131' title='bbox 1426 2524 1552 2598; x_wconf 73' lang='grc' dir='ltr'><strong>ἐμὰς</strong></span> <span class='ocrx_word' id='word_1_132' title='bbox 1582 2529 1876 2598; x_wconf 76' lang='grc' dir='ltr'>τηρήσατε.</span> 
     </span>
    </p>
   </div>
   <div class='ocr_carea' id='block_1_22' title="bbox 283 2613 1878 2696">
    <p class='ocr_par' dir='ltr' id='par_1_22' title="bbox 283 2613 1878 2696">
     <span class='ocr_line' id='line_1_22' title="bbox 283 2613 1878 2696; baseline -0.008 -19"><span class='ocrx_word' id='word_1_133' title='bbox 283 2628 382 2677; x_wconf 83' lang='grc' dir='ltr'>Καὶ</span> <span class='ocrx_word' id='word_1_134' title='bbox 440 2626 534 2696; x_wconf 69' lang='grc' dir='ltr'><strong>ἐγὼ</strong></span> <span class='ocrx_word' id='word_1_135' title='bbox 577 2620 823 2695; x_wconf 77' lang='grc' dir='ltr'>ίρωτήσω</span> <span class='ocrx_word' id='word_1_136' title='bbox 868 2620 957 2669; x_wconf 86' lang='grc' dir='ltr'>τὸν</span> <span class='ocrx_word' id='word_1_137' title='bbox 1009 2621 1242 2691; x_wconf 74' lang='grc' dir='ltr'>Πατέρα,</span> <span class='ocrx_word' id='word_1_138' title='bbox 1311 2619 1400 2668; x_wconf 85' lang='grc' dir='ltr'>καὶ</span> <span class='ocrx_word' id='word_1_139' title='bbox 1473 2613 1624 2668; x_wconf 82' lang='grc' dir='ltr'>ἄλλον</span> <span class='ocrx_word' id='word_1_140' title='bbox 1701 2614 1878 2688; x_wconf 79' lang='grc' dir='ltr'>Παρά-</span> 
     </span>
    </p>
   </div>
   <div class='ocr_carea' id='block_1_23' title="bbox 277 2703 1875 2782">
    <p class='ocr_par' dir='ltr' id='par_1_23' title="bbox 277 2703 1875 2782">
     <span class='ocr_line' id='line_1_23' title="bbox 277 2703 1875 2782; baseline -0.008 -15"><span class='ocrx_word' id='word_1_141' title='bbox 277 2713 462 2772; x_wconf 83' lang='grc' dir='ltr'>κ).ητον</span> <span class='ocrx_word' id='word_1_142' title='bbox 537 2709 701 2765; x_wconf 82' lang='grc' dir='ltr'>δώσει</span> <span class='ocrx_word' id='word_1_143' title='bbox 759 2711 900 2782; x_wconf 84' lang='grc' dir='ltr'>ὑμῖν,</span> <span class='ocrx_word' id='word_1_144' title='bbox 962 2708 1046 2760; x_wconf 80' lang='grc' dir='ltr'>ἵνα</span> <span class='ocrx_word' id='word_1_145' title='bbox 1100 2711 1222 2780; x_wconf 72' lang='grc' dir='ltr'>μένῃ</span> <span class='ocrx_word' id='word_1_146' title='bbox 1293 2705 1406 2780; x_wconf 85' lang='grc' dir='ltr'>μεθ’</span> <span class='ocrx_word' id='word_1_147' title='bbox 1473 2707 1615 2778; x_wconf 80' lang='grc' dir='ltr'>ὑμῶν</span> <span class='ocrx_word' id='word_1_148' title='bbox 1665 2703 1731 2766; x_wconf 85' lang='grc' dir='ltr'><strong>εἰς</strong></span> <span class='ocrx_word' id='word_1_149' title='bbox 1787 2705 1875 2757; x_wconf 88' lang='grc' dir='ltr'>τὸν</span> 
     </span>
    </p>
   </div>
   <div class='ocr_carea' id='block_1_24' title="bbox 275 2795 1873 2872">
    <p class='ocr_par' dir='ltr' id='par_1_24' title="bbox 275 2795 1873 2872">
     <span class='ocr_line' id='line_1_24' title="bbox 275 2795 1873 2872; baseline -0.005 -17"><span class='ocrx_word' id='word_1_150' title='bbox 275 2803 456 2872; x_wconf 83' lang='grc' dir='ltr'>αἰῶνα,</span> <span class='ocrx_word' id='word_1_151' title='bbox 521 2805 578 2856; x_wconf 81' lang='grc' dir='ltr'>τὸ</span> <span class='ocrx_word' id='word_1_152' title='bbox 633 2807 842 2872; x_wconf 78' lang='grc' dir='ltr'>Πνεῦμα</span> <span class='ocrx_word' id='word_1_153' title='bbox 888 2799 1006 2867; x_wconf 71' lang='grc'><strong>(84)</strong></span> <span class='ocrx_word' id='word_1_154' title='bbox 1049 2805 1145 2860; x_wconf 74' lang='grc' dir='ltr'>τῆς</span> <span class='ocrx_word' id='word_1_155' title='bbox 1203 2797 1468 2865; x_wconf 79' lang='grc' dir='ltr'>ἀληθείας,</span> <span class='ocrx_word' id='word_1_156' title='bbox 1523 2795 1549 2848; x_wconf 90' lang='lat'><strong>6</strong></span> <span class='ocrx_word' id='word_1_157' title='bbox 1589 2796 1615 2847; x_wconf 94' lang='lat'><strong>6</strong></span> <span class='ocrx_word' id='word_1_158' title='bbox 1672 2798 1873 2867; x_wconf 82' lang='grc' dir='ltr'>κόσμος</span> 
     </span>
    </p>
   </div>
   <div class='ocr_carea' id='block_1_25' title="bbox 273 2885 1874 2961">
    <p class='ocr_par' dir='ltr' id='par_1_25' title="bbox 273 2885 1874 2961">
     <span class='ocr_line' id='line_1_25' title="bbox 273 2885 1874 2961; baseline -0.005 -16"><span class='ocrx_word' id='word_1_159' title='bbox 273 2893 332 2945; x_wconf 75' lang='grc' dir='ltr'>οὗ</span> <span class='ocrx_word' id='word_1_160' title='bbox 391 2889 612 2945; x_wconf 74' lang='grc' dir='ltr'>δύναται</span> <span class='ocrx_word' id='word_1_161' title='bbox 657 2889 850 2956; x_wconf 73' lang='grc' dir='ltr'>λαϐεῖν,</span> <span class='ocrx_word' id='word_1_162' title='bbox 916 2886 1047 2952; x_wconf 82' lang='grc' dir='ltr'><strong>Ἕως</strong></span> <span class='ocrx_word' id='word_1_163' title='bbox 1101 2885 1190 2940; x_wconf 70' lang='grc' dir='ltr'>οὖν</span> <span class='ocrx_word' id='word_1_164' title='bbox 1255 2887 1314 2939; x_wconf 78' lang='grc' dir='ltr'><strong>οῦ</strong></span> <span class='ocrx_word' id='word_1_165' title='bbox 1371 2893 1629 2961; x_wconf 70' lang='grc' dir='ltr'>τηροῦμεν</span> <span class='ocrx_word' id='word_1_166' title='bbox 1696 2887 1874 2948; x_wconf 73' lang='grc' dir='ltr'>πασας</span> 
     </span>
    </p>
   </div>
   <div class='ocr_carea' id='block_1_26' title="bbox 273 2974 1872 3055">
    <p class='ocr_par' dir='ltr' id='par_1_26' title="bbox 273 2974 1872 3055">
     <span class='ocr_line' id='line_1_26' title="bbox 273 2974 1872 3055; baseline -0.005 -22"><span class='ocrx_word' id='word_1_167' title='bbox 273 2983 368 3044; x_wconf 80' lang='grc' dir='ltr'><strong>τὰς</strong></span> <span class='ocrx_word' id='word_1_168' title='bbox 409 2980 606 3043; x_wconf 72' lang='grc' dir='ltr'>ἐντολὰς</span> <span class='ocrx_word' id='word_1_169' title='bbox 656 2988 748 3034; x_wconf 90' lang='grc' dir='ltr'><strong>τοῦ</strong></span> <span class='ocrx_word' id='word_1_170' title='bbox 793 2983 1010 3055; x_wconf 85' lang='grc' dir='ltr'>Κυρίου,</span> <span class='ocrx_word' id='word_1_171' title='bbox 1067 2974 1193 3031; x_wconf 71' lang='grc' dir='ltr'><strong>οὐδε</strong></span> <span class='ocrx_word' id='word_1_172' title='bbox 1235 2975 1386 3049; x_wconf 76' lang='grc' dir='ltr'>ἔσμεν</span> <span class='ocrx_word' id='word_1_173' title='bbox 1435 2982 1682 3041; x_wconf 83' lang='grc' dir='ltr'>τοιοῦτοι,</span> <span class='ocrx_word' id='word_1_174' title='bbox 1737 2976 1872 3026; x_wconf 77' lang='grc' dir='ltr'>ὥστε</span> 
     </span>
    </p>
   </div>
   <div class='ocr_carea' id='block_1_27' title="bbox 267 3061 1869 3145">
    <p class='ocr_par' dir='ltr' id='par_1_27' title="bbox 267 3061 1869 3145">
     <span class='ocr_line' id='line_1_27' title="bbox 267 3061 1869 3145; baseline -0.006 -21"><span class='ocrx_word' id='word_1_175' title='bbox 267 3073 667 3145; x_wconf 77' lang='grc' dir='ltr'>μαρτυρηθῆναι</span> <span class='ocrx_word' id='word_1_176' title='bbox 718 3068 807 3122; x_wconf 76' lang='grc' dir='ltr'><strong>ὑπ’</strong></span> <span class='ocrx_word' id='word_1_177' title='bbox 856 3068 1039 3135; x_wconf 69' lang='grc' dir='ltr'>αὐτοῦ,</span> <span class='ocrx_word' id='word_1_178' title='bbox 1098 3067 1176 3119; x_wconf 85' lang='grc' dir='ltr'>ὅτι</span> <span class='ocrx_word' id='word_1_179' title='bbox 1225 3065 1396 3139; x_wconf 78' lang='grc' dir='ltr'>Ὑμεῖς</span> <span class='ocrx_word' id='word_1_180' title='bbox 1469 3064 1564 3118; x_wconf 76' lang='grc' dir='ltr'><strong>οῦκ</strong></span> <span class='ocrx_word' id='word_1_181' title='bbox 1629 3062 1746 3117; x_wconf 68' lang='grc' dir='ltr'>ἕστε</span> <span class='ocrx_word' id='word_1_182' title='bbox 1814 3061 1869 3116; x_wconf 73' lang='grc' dir='ltr'>ἔκ</span> 
     </span>
    </p>
   </div>
   <div class='ocr_carea' id='block_1_28' title="bbox 263 3149 1944 3233">
    <p class='ocr_par' dir='ltr' id='par_1_28' title="bbox 263 3149 1944 3233">
     <span class='ocr_line' id='line_1_28' title="bbox 263 3149 1944 3233; baseline -0.002 -21"><span class='ocrx_word' id='word_1_183' title='bbox 263 3166 355 3212; x_wconf 84' lang='grc' dir='ltr'><strong>τοῦ</strong></span> <span class='ocrx_word' id='word_1_184' title='bbox 397 3164 601 3233; x_wconf 87' lang='grc' dir='ltr'>κόσμου</span> <span class='ocrx_word' id='word_1_185' title='bbox 652 3160 860 3226; x_wconf 75' lang='grc' dir='ltr'>τούτου,</span> <span class='ocrx_word' id='word_1_186' title='bbox 915 3157 1209 3230; x_wconf 82' lang='grc' dir='ltr'>Πνεύματος</span> <span class='ocrx_word' id='word_1_187' title='bbox 1277 3155 1432 3228; x_wconf 75' lang='grc' dir='ltr'>ἁγίου</span> <span class='ocrx_word' id='word_1_188' title='bbox 1479 3154 1870 3220; x_wconf 79' lang='grc' dir='ltr'><strong>καταξιωθῆναι</strong></span> <span class='ocrx_word' id='word_1_189' title='bbox 1901 3149 1944 3208; x_wconf 88' lang='lat' dir='ltr'>C</span> 
     </span>
    </p>
   </div>
   <div class='ocr_carea' id='block_1_29' title="bbox 261 3233 835 3326">
    <p class='ocr_par' dir='ltr' id='par_1_29' title="bbox 261 3233 835 3326">
     <span class='ocr_line' id='line_1_29' title="bbox 261 3233 835 3326; baseline -0.002 -23"><span class='ocrx_word' id='word_1_190' title='bbox 261 3253 331 3323; x_wconf 77' lang='grc' dir='ltr'>μὴ</span> <span class='ocrx_word' id='word_1_191' title='bbox 359 3246 634 3326; x_wconf 80' lang='grc' dir='ltr'>προσδοκή</span> <span class='ocrx_word' id='word_1_192' title='bbox 645 3233 835 3321; x_wconf 85' lang='grc' dir='ltr'>σωμεν.</span> 
     </span>
    </p>
   </div>
   <div class='ocr_carea' id='block_1_30' title="bbox 834 3351 1297 3408">
    <p class='ocr_par' dir='ltr' id='par_1_30' title="bbox 834 3351 1297 3408">
     <span class='ocr_line' id='line_1_30' title="bbox 834 3351 1297 3408; baseline 0.002 -2"><span class='ocrx_word' id='word_1_193' title='bbox 834 3358 1150 3406; x_wconf 81' lang='grc' dir='ltr'><strong>ΕΡΩἸἮΣΙΣ</strong></span> <span class='ocrx_word' id='word_1_194' title='bbox 1191 3351 1297 3408; x_wconf 64' lang='grc' dir='ltr'><strong>ΣΕ.</strong></span> 
     </span>
    </p>
   </div>
   <div class='ocr_carea' id='block_1_31' title="bbox 547 3495 1581 3570">
    <p class='ocr_par' dir='ltr' id='par_1_31' title="bbox 547 3495 1581 3570">
     <span class='ocr_line' id='line_1_31' title="bbox 547 3495 1581 3570; baseline 0.002 -19"><span class='ocrx_word' id='word_1_195' title='bbox 547 3501 690 3559; x_wconf 83' lang='grc' dir='ltr'>Τίνες</span> <span class='ocrx_word' id='word_1_196' title='bbox 719 3495 854 3551; x_wconf 78' lang='grc' dir='ltr'>εἰσὶν</span> <span class='ocrx_word' id='word_1_197' title='bbox 885 3498 934 3551; x_wconf 86' lang='grc' dir='ltr'>οἱ</span> <span class='ocrx_word' id='word_1_198' title='bbox 969 3501 1182 3570; x_wconf 82' lang='grc' dir='ltr'>πτωχοὶ</span> <span class='ocrx_word' id='word_1_199' title='bbox 1209 3504 1280 3569; x_wconf 84' lang='grc' dir='ltr'>τῷ</span> <span class='ocrx_word' id='word_1_200' title='bbox 1301 3497 1581 3570; x_wconf 75' lang='grc' dir='ltr'>πνεύματι.</span> 
     </span>
    </p>
   </div>
   <div class='ocr_carea' id='block_1_32' title="bbox 867 3645 1248 3698">
    <p class='ocr_par' dir='ltr' id='par_1_32' title="bbox 867 3645 1248 3698">
     <span class='ocr_line' id='line_1_32' title="bbox 867 3645 1248 3698; baseline 0.005 -3"><span class='ocrx_word' id='word_1_201' title='bbox 867 3645 1220 3696; x_wconf 80' lang='grc' dir='ltr'><strong>ΑΠΟΚΡΙΣΙΣ</strong></span> <span class='ocrx_word' id='word_1_202' title='bbox 1235 3683 1248 3698; x_wconf 92' lang='grc'><strong>.</strong></span> 
     </span>
    </p>
   </div>
   <div class='ocr_carea' id='block_1_33' title="bbox 331 3775 1869 3854">
    <p class='ocr_par' dir='ltr' id='par_1_33' title="bbox 331 3775 1869 3854">
     <span class='ocr_line' id='line_1_33' title="bbox 331 3775 1869 3854; baseline -0.003 -20"><span class='ocrx_word' id='word_1_203' title='bbox 331 3786 434 3834; x_wconf 87' lang='grc' dir='ltr'>Τοῦ</span> <span class='ocrx_word' id='word_1_204' title='bbox 487 3783 686 3854; x_wconf 78' lang='grc' dir='ltr'>Κυρίου</span> <span class='ocrx_word' id='word_1_205' title='bbox 741 3777 971 3850; x_wconf 68' lang='grc' dir='ltr'>λέγοντος</span> <span class='ocrx_word' id='word_1_206' title='bbox 1020 3781 1144 3832; x_wconf 79' lang='grc' dir='ltr'>ποτέ</span> <span class='ocrx_word' id='word_1_207' title='bbox 1186 3779 1276 3850; x_wconf 70' lang='grc' dir='ltr'>μὶν</span> <span class='ocrx_word' id='word_1_208' title='bbox 1321 3777 1422 3849; x_wconf 84' lang='grc' dir='ltr'>ὅτι,</span> <span class='ocrx_word' id='word_1_209' title='bbox 1477 3779 1554 3830; x_wconf 73' lang='lat' dir='ltr'><strong>Tit</strong></span> <span class='ocrx_word' id='word_1_210' title='bbox 1598 3775 1869 3851; x_wconf 81' lang='grc' dir='ltr'>ῥήματαᾶ</span> 
     </span>
    </p>
   </div>
   <div class='ocr_carea' id='block_1_34' title="bbox 260 3866 1862 3942">
    <p class='ocr_par' dir='ltr' id='par_1_34' title="bbox 260 3866 1862 3942">
     <span class='ocr_line' id='line_1_34' title="bbox 260 3866 1862 3942; baseline -0.001 -19"><span class='ocrx_word' id='word_1_211' title='bbox 260 3869 360 3942; x_wconf 77' lang='grc' dir='ltr'><strong>ἕγὼ</strong></span> <span class='ocrx_word' id='word_1_212' title='bbox 423 3868 679 3928; x_wconf 81' lang='grc' dir='ltr'>λελάληκα</span> <span class='ocrx_word' id='word_1_213' title='bbox 731 3867 873 3942; x_wconf 74' lang='grc' dir='ltr'>ὑμῖν,</span> <span class='ocrx_word' id='word_1_214' title='bbox 931 3869 1134 3941; x_wconf 87' lang='grc' dir='ltr'>πνεῦμὰ</span> <span class='ocrx_word' id='word_1_215' title='bbox 1199 3866 1332 3935; x_wconf 78' lang='grc' dir='ltr'>ἕστε,</span> <span class='ocrx_word' id='word_1_216' title='bbox 1383 3871 1474 3920; x_wconf 78' lang='grc' dir='ltr'>καὶ</span> <span class='ocrx_word' id='word_1_217' title='bbox 1541 3867 1649 3928; x_wconf 80' lang='grc' dir='ltr'><strong>ζωή</strong></span> <span class='ocrx_word' id='word_1_218' title='bbox 1726 3867 1862 3921; x_wconf 78' lang='grc' dir='ltr'>ἓστεο</span> 
     </span>
    </p>
   </div>
   <div class='ocr_carea' id='block_1_35' title="bbox 257 3952 1866 4032">
    <p class='ocr_par' dir='ltr' id='par_1_35' title="bbox 257 3952 1866 4032">
     <span class='ocr_line' id='line_1_35' title="bbox 257 3952 1866 4032; baseline -0.002 -20"><span class='ocrx_word' id='word_1_219' title='bbox 257 3962 382 4013; x_wconf 66' lang='grc' dir='ltr'>ποτε</span> <span class='ocrx_word' id='word_1_220' title='bbox 431 3955 491 4013; x_wconf 67' lang='grc' dir='ltr'>δε</span> <span class='ocrx_word' id='word_1_221' title='bbox 545 3960 646 4023; x_wconf 84' lang='grc' dir='ltr'>ὅτι,</span> <span class='ocrx_word' id='word_1_222' title='bbox 705 3961 776 4012; x_wconf 84' lang='grc' dir='ltr'><strong>Τὸ</strong></span> <span class='ocrx_word' id='word_1_223' title='bbox 835 3964 1043 4032; x_wconf 88' lang='grc' dir='ltr'>Πνεῦμα</span> <span class='ocrx_word' id='word_1_224' title='bbox 1089 3959 1148 4010; x_wconf 86' lang='grc' dir='ltr'>τὸ</span> <span class='ocrx_word' id='word_1_225' title='bbox 1206 3955 1354 4028; x_wconf 79' lang='grc' dir='ltr'>ἅγιον</span> <span class='ocrx_word' id='word_1_226' title='bbox 1437 3952 1648 4020; x_wconf 79' lang='grc' dir='ltr'><strong>διδάξει</strong></span> <span class='ocrx_word' id='word_1_227' title='bbox 1725 3959 1866 4030; x_wconf 83' lang='grc' dir='ltr'><strong>ὑμᾶς</strong></span> 
     </span>
    </p>
   </div>
   <div class='ocr_carea' id='block_1_36' title="bbox 255 4043 1862 4121">
    <p class='ocr_par' dir='ltr' id='par_1_36' title="bbox 255 4043 1862 4121">
     <span class='ocr_line' id='line_1_36' title="bbox 255 4043 1862 4121; baseline -0.001 -20"><span class='ocrx_word' id='word_1_228' title='bbox 255 4051 446 4110; x_wconf 74' lang='grc' dir='ltr'>πάντα,</span> <span class='ocrx_word' id='word_1_229' title='bbox 500 4053 591 4102; x_wconf 75' lang='grc' dir='ltr'>καὶ</span> <span class='ocrx_word' id='word_1_230' title='bbox 637 4049 928 4121; x_wconf 79' lang='grc' dir='ltr'>ὑπομνήσει</span> <span class='ocrx_word' id='word_1_231' title='bbox 976 4043 1097 4117; x_wconf 75' lang='grc'><strong>(85)’</strong></span> <span class='ocrx_word' id='word_1_232' title='bbox 1134 4046 1169 4099; x_wconf 81' lang='grc' dir='ltr'><strong><em>ἄ</em></strong></span> <span class='ocrx_word' id='word_1_233' title='bbox 1224 4045 1284 4099; x_wconf 84' lang='grc' dir='ltr'>ἆν</span> <span class='ocrx_word' id='word_1_234' title='bbox 1320 4049 1445 4100; x_wconf 76' lang='grc' dir='ltr'>ειπω</span> <span class='ocrx_word' id='word_1_235' title='bbox 1473 4047 1616 4119; x_wconf 81' lang='grc' dir='ltr'>ὑμῖν·</span> <span class='ocrx_word' id='word_1_236' title='bbox 1651 4046 1709 4099; x_wconf 79' lang='grc' dir='ltr'>οὐ</span> <span class='ocrx_word' id='word_1_237' title='bbox 1761 4050 1862 4121; x_wconf 77' lang='grc' dir='ltr'>γὰρ</span> 
     </span>
    </p>
   </div>
   <div class='ocr_carea' id='block_1_37' title="bbox 253 4133 1858 4211">
    <p class='ocr_par' dir='ltr' id='par_1_37' title="bbox 253 4133 1858 4211">
     <span class='ocr_line' id='line_1_37' title="bbox 253 4133 1858 4211; baseline -0.001 -20"><span class='ocrx_word' id='word_1_238' title='bbox 253 4137 491 4206; x_wconf 77' lang='grc' dir='ltr'>λαλήσει,</span> <span class='ocrx_word' id='word_1_239' title='bbox 549 4141 728 4211; x_wconf 74' lang='grc' dir='ltr'>φησὶν,</span> <span class='ocrx_word' id='word_1_240' title='bbox 781 4136 865 4209; x_wconf 65' lang='grc' dir='ltr'><strong>ἀφ’</strong></span> <span class='ocrx_word' id='word_1_241' title='bbox 925 4135 1131 4207; x_wconf 73' lang='grc' dir='ltr'>ἑαυτοῦ,</span> <span class='ocrx_word' id='word_1_242' title='bbox 1193 4133 1302 4188; x_wconf 76' lang='grc' dir='ltr'>ἀλλ’</span> <span class='ocrx_word' id='word_1_243' title='bbox 1337 4137 1459 4206; x_wconf 35' lang='grc' dir='ltr'>,ὅσα</span> <span class='ocrx_word' id='word_1_244' title='bbox 1514 4134 1575 4187; x_wconf 79' lang='grc' dir='ltr'>ἂν</span> <span class='ocrx_word' id='word_1_245' title='bbox 1657 4135 1858 4211; x_wconf 74' lang='grc' dir='ltr'>ἀκούσῃ</span> 
     </span>
    </p>
   </div>
   <div class='ocr_carea' id='block_1_38' title="bbox 255 4225 1862 4302">
    <p class='ocr_par' dir='ltr' id='par_1_38' title="bbox 255 4225 1862 4302">
     <span class='ocr_line' id='line_1_38' title="bbox 255 4225 1862 4302; baseline -0.001 -21"><span class='ocrx_word' id='word_1_246' title='bbox 255 4228 379 4302; x_wconf 89' lang='grc' dir='ltr'>παρ’</span> <span class='ocrx_word' id='word_1_247' title='bbox 431 4227 576 4302; x_wconf 81' lang='grc' dir='ltr'>ὶμοῦ,</span> <span class='ocrx_word' id='word_1_248' title='bbox 653 4234 823 4279; x_wconf 89' lang='grc' dir='ltr'>ταῦτα</span> <span class='ocrx_word' id='word_1_249' title='bbox 876 4225 1108 4284; x_wconf 76' lang='grc' dir='ltr'>λαλήσειο</span> <span class='ocrx_word' id='word_1_250' title='bbox 1165 4225 1309 4277; x_wconf 77' lang='grc' dir='ltr'>οὗτοί</span> <span class='ocrx_word' id='word_1_251' title='bbox 1366 4225 1498 4278; x_wconf 90' lang='grc' dir='ltr'>εἰσιν</span> <span class='ocrx_word' id='word_1_252' title='bbox 1546 4227 1595 4278; x_wconf 81' lang='grc' dir='ltr'>οἱ</span> <span class='ocrx_word' id='word_1_253' title='bbox 1647 4231 1862 4298; x_wconf 79' lang='grc' dir='ltr'>πτωχοὶ</span> 
     </span>
    </p>
   </div>
   <div class='ocr_carea' id='block_1_39' title="bbox 256 4311 1861 4390">
    <p class='ocr_par' dir='ltr' id='par_1_39' title="bbox 256 4311 1861 4390">
     <span class='ocr_line' id='line_1_39' title="bbox 256 4311 1861 4390; baseline -0.002 -18"><span class='ocrx_word' id='word_1_254' title='bbox 256 4325 329 4389; x_wconf 82' lang='grc' dir='ltr'>τῷ</span> <span class='ocrx_word' id='word_1_255' title='bbox 358 4319 635 4390; x_wconf 79' lang='grc' dir='ltr'>πνεύματι,</span> <span class='ocrx_word' id='word_1_256' title='bbox 667 4319 852 4377; x_wconf 77' lang='grc' dir='ltr'>οἵτινες</span> <span class='ocrx_word' id='word_1_257' title='bbox 881 4314 940 4367; x_wconf 81' lang='grc' dir='ltr'>οὐ</span> <span class='ocrx_word' id='word_1_258' title='bbox 968 4311 1041 4366; x_wconf 84' lang='grc' dir='ltr'><strong>δι’</strong></span> <span class='ocrx_word' id='word_1_259' title='bbox 1095 4313 1254 4372; x_wconf 80' lang='grc' dir='ltr'>ἄλλην</span> <span class='ocrx_word' id='word_1_260' title='bbox 1292 4316 1410 4367; x_wconf 81' lang='grc' dir='ltr'>τινὰ</span> <span class='ocrx_word' id='word_1_261' title='bbox 1469 4315 1642 4368; x_wconf 77' lang='grc' dir='ltr'>αἰτίαν</span> <span class='ocrx_word' id='word_1_262' title='bbox 1698 4314 1861 4368; x_wconf 76' lang='grc' dir='ltr'><strong>ἕπτὼ-</strong></span> 
     </span>
    </p>
   </div>
   <div class='ocr_carea' id='block_1_40' title="bbox 255 4399 1864 4482">
    <p class='ocr_par' dir='ltr' id='par_1_40' title="bbox 255 4399 1864 4482">
     <span class='ocr_line' id='line_1_40' title="bbox 255 4399 1864 4482; baseline -0.003 -21"><span class='ocrx_word' id='word_1_263' title='bbox 255 4427 482 4482; x_wconf 86' lang='grc' dir='ltr'>χευσαν,</span> <span class='ocrx_word' id='word_1_264' title='bbox 509 4405 638 4458; x_wconf 75' lang='grc' dir='ltr'>ἀλλὰ</span> <span class='ocrx_word' id='word_1_265' title='bbox 658 4401 752 4458; x_wconf 78' lang='grc' dir='ltr'><strong>διᾶ</strong></span> <span class='ocrx_word' id='word_1_266' title='bbox 780 4408 874 4462; x_wconf 73' lang='grc' dir='ltr'>τήν</span> <span class='ocrx_word' id='word_1_267' title='bbox 907 4399 1261 4456; x_wconf 72' lang='grc' dir='ltr'>διδασκαλίαν</span> <span class='ocrx_word' id='word_1_268' title='bbox 1305 4410 1398 4456; x_wconf 89' lang='grc' dir='ltr'><strong>τοῦ</strong></span> <span class='ocrx_word' id='word_1_269' title='bbox 1457 4408 1656 4479; x_wconf 66' lang='grc' dir='ltr'>Κυρίου</span> <span class='ocrx_word' id='word_1_270' title='bbox 1695 4404 1864 4458; x_wconf 80' lang='grc' dir='ltr'>εἰπόν-</span> 
     </span>
    </p>
   </div>
   <div class='ocr_carea' id='block_1_41' title="bbox 1409 309 2493 376">
    <p class='ocr_par' dir='ltr' id='par_1_41' title="bbox 1409 309 2493 376">
     <span class='ocr_line' id='line_1_41' title="bbox 1409 309 2493 376; baseline 0.003 -2"><span class='ocrx_word' id='word_1_271' title='bbox 1409 315 1706 374; x_wconf 70' lang='lat' dir='ltr'><strong>REGULE</strong></span> <span class='ocrx_word' id='word_1_272' title='bbox 1743 309 2048 370; x_wconf 82' lang='lat' dir='ltr'><strong>BREVIUS</strong></span> <span class='ocrx_word' id='word_1_273' title='bbox 2085 317 2493 376; x_wconf 66' lang='grc' dir='ltr'><strong>ΤΒΑΟΤΛΤΑεῙ.</strong></span> 
     </span>
    </p>
   </div>
   <div class='ocr_carea' id='block_1_42' title="bbox 3521 331 3656 388">
    <p class='ocr_par' dir='ltr' id='par_1_42' title="bbox 3521 331 3656 388">
     <span class='ocr_line' id='line_1_42' title="bbox 3521 331 3656 388; baseline -0.022 0"><span class='ocrx_word' id='word_1_274' title='bbox 3521 331 3656 388; x_wconf 77' lang='grc'><strong>1218</strong></span> 
     </span>
    </p>
   </div>
   <div class='ocr_carea' id='block_1_43' title="bbox 2453 444 3192 509">
    <p class='ocr_par' dir='ltr' id='par_1_43' title="bbox 2453 444 3192 509">
     <span class='ocr_line' id='line_1_43' title="bbox 2453 444 3192 509; baseline 0.011 -9"><span class='ocrx_word' id='word_1_275' title='bbox 2453 444 2973 506; x_wconf 76' lang='grc' dir='ltr'><strong>ΙΝΤΕΒΒΟΘΑΤΙΟ</strong></span> <span class='ocrx_word' id='word_1_276' title='bbox 3001 451 3192 509; x_wconf 93' lang='lat' dir='ltr'>CCIII.</span> 
     </span>
    </p>
   </div>
   <div class='ocr_carea' id='block_1_44' title="bbox 2000 567 3652 651">
    <p class='ocr_par' dir='ltr' id='par_1_44' title="bbox 2000 567 3652 651">
     <span class='ocr_line' id='line_1_44' title="bbox 2000 567 3652 651; baseline 0.007 -25"><span class='ocrx_word' id='word_1_277' title='bbox 2000 567 2210 626; x_wconf 83' lang='lat' dir='ltr'><strong><em>Utrum</em></strong></span> <span class='ocrx_word' id='word_1_278' title='bbox 2242 584 2440 651; x_wconf 80' lang='lat' dir='ltr'><strong>eorum</strong></span> <span class='ocrx_word' id='word_1_279' title='bbox 2472 587 2604 642; x_wconf 61' lang='lat' dir='ltr'><strong>qua</strong></span> <span class='ocrx_word' id='word_1_280' title='bbox 2629 589 2705 629; x_wconf 78' lang='lat' dir='ltr'><strong>ea:</strong></span> <span class='ocrx_word' id='word_1_281' title='bbox 2731 575 3014 651; x_wconf 83' lang='lat' dir='ltr'><strong>mandato</strong></span> <span class='ocrx_word' id='word_1_282' title='bbox 3039 578 3280 651; x_wconf 81' lang='lat' dir='ltr'><strong><em>Domini</em></strong></span> <span class='ocrx_word' id='word_1_283' title='bbox 3298 586 3456 638; x_wconf 87' lang='lat' dir='ltr'><strong>recte</strong></span> <span class='ocrx_word' id='word_1_284' title='bbox 3475 583 3652 651; x_wconf 80' lang='lat' dir='ltr'><strong>ﬁunt,</strong></span> 
     </span>
    </p>
   </div>
   <div class='ocr_carea' id='block_1_45' title="bbox 2070 643 3650 722">
    <p class='ocr_par' dir='ltr' id='par_1_45' title="bbox 2070 643 3650 722">
     <span class='ocr_line' id='line_1_45' title="bbox 2070 643 3650 722; baseline 0.011 -28"><span class='ocrx_word' id='word_1_285' title='bbox 2070 655 2194 722; x_wconf 81' lang='lat' dir='ltr'><strong>una</strong></span> <span class='ocrx_word' id='word_1_286' title='bbox 2217 645 2269 696; x_wconf 85' lang='lat' dir='ltr'><strong>et</strong></span> <span class='ocrx_word' id='word_1_287' title='bbox 2299 643 2502 722; x_wconf 77' lang='lat' dir='ltr'><strong>eadem</strong></span> <span class='ocrx_word' id='word_1_288' title='bbox 2533 659 2816 722; x_wconf 77' lang='lat' dir='ltr'><strong>mensura</strong></span> <span class='ocrx_word' id='word_1_289' title='bbox 2845 649 3213 722; x_wconf 87' lang='lat' dir='ltr'><strong>in_omnibus</strong></span> <span class='ocrx_word' id='word_1_290' title='bbox 3242 655 3336 722; x_wconf 80' lang='lat' dir='ltr'><strong>sit,</strong></span> <span class='ocrx_word' id='word_1_291' title='bbox 3366 669 3444 710; x_wconf 87' lang='lat' dir='ltr'><strong>an</strong></span> <span class='ocrx_word' id='word_1_292' title='bbox 3475 643 3650 712; x_wconf 49' lang='lat' dir='ltr'><strong>&#39;alius</strong></span> 
     </span>
    </p>
   </div>
   <div class='ocr_carea' id='block_1_46' title="bbox 2066 715 3149 784">
    <p class='ocr_par' dir='ltr' id='par_1_46' title="bbox 2066 715 3149 784">
     <span class='ocr_line' id='line_1_46' title="bbox 2066 715 3149 784; baseline 0.008 -18"><span class='ocrx_word' id='word_1_293' title='bbox 2066 715 2378 784; x_wconf 83' lang='lat' dir='ltr'><strong>majorem,</strong></span> <span class='ocrx_word' id='word_1_294' title='bbox 2407 717 2566 772; x_wconf 84' lang='lat' dir='ltr'><strong>alius</strong></span> <span class='ocrx_word' id='word_1_295' title='bbox 2593 719 2882 775; x_wconf 78' lang='lat' dir='ltr'><strong>minorem</strong></span> <span class='ocrx_word' id='word_1_296' title='bbox 2905 719 3149 778; x_wconf 83' lang='lat' dir='ltr'><strong>habeat.</strong></span> 
     </span>
    </p>
   </div>
   <div class='ocr_carea' id='block_1_47' title="bbox 2626 843 3042 902">
    <p class='ocr_par' dir='ltr' id='par_1_47' title="bbox 2626 843 3042 902">
     <span class='ocr_line' id='line_1_47' title="bbox 2626 843 3042 902; baseline 0.012 -5"><span class='ocrx_word' id='word_1_297' title='bbox 2626 843 3042 902; x_wconf 78' lang='lat' dir='ltr'><strong>RESPONSIO.</strong></span> 
     </span>
    </p>
   </div>
   <div class='ocr_carea' id='block_1_48' title="bbox 2064 968 3648 1050">
    <p class='ocr_par' dir='ltr' id='par_1_48' title="bbox 2064 968 3648 1050">
     <span class='ocr_line' id='line_1_48' title="bbox 2064 968 3648 1050; baseline 0.01 -28"><span class='ocrx_word' id='word_1_298' title='bbox 2064 968 2458 1041; x_wconf 79' lang='lat' dir='ltr'><strong>Nequaquam</strong></span> <span class='ocrx_word' id='word_1_299' title='bbox 2488 985 2679 1026; x_wconf 88' lang='lat' dir='ltr'><strong>unam</strong></span> <span class='ocrx_word' id='word_1_300' title='bbox 2705 987 2836 1029; x_wconf 90' lang='lat' dir='ltr'><strong>esse</strong></span> <span class='ocrx_word' id='word_1_301' title='bbox 2865 973 2924 1029; x_wconf 91' lang='lat' dir='ltr'><strong>in</strong></span> <span class='ocrx_word' id='word_1_302' title='bbox 2956 974 3244 1033; x_wconf 88' lang='lat' dir='ltr'><strong>omnibus</strong></span> <span class='ocrx_word' id='word_1_303' title='bbox 3276 994 3648 1050; x_wconf 80' lang='lat' dir='ltr'><strong>mensuram,</strong></span> 
     </span>
    </p>
   </div>
   <div class='ocr_carea' id='block_1_49' title="bbox 1991 1055 3653 1152">
    <p class='ocr_par' dir='ltr' id='par_1_49' title="bbox 1991 1055 3653 1152">
     <span class='ocr_line' id='line_1_49' title="bbox 1991 1055 3653 1152; baseline 0.01 -42"><span class='ocrx_word' id='word_1_304' title='bbox 1991 1055 2100 1152; x_wconf 79' lang='lat' dir='ltr'><strong>sed</strong></span> <span class='ocrx_word' id='word_1_305' title='bbox 2136 1056 2323 1115; x_wconf 89' lang='lat' dir='ltr'><strong>alium</strong></span> <span class='ocrx_word' id='word_1_306' title='bbox 2349 1063 2407 1116; x_wconf 92' lang='lat' dir='ltr'><strong>et</strong></span> <span class='ocrx_word' id='word_1_307' title='bbox 2433 1059 2570 1131; x_wconf 82' lang='lat' dir='ltr'><strong>plus</strong></span> <span class='ocrx_word' id='word_1_308' title='bbox 2591 1065 2924 1134; x_wconf 79' lang='lat' dir='ltr'><strong>accepisse,</strong></span> <span class='ocrx_word' id='word_1_309' title='bbox 2947 1069 3005 1120; x_wconf 89' lang='lat' dir='ltr'><strong>et</strong></span> <span class='ocrx_word' id='word_1_310' title='bbox 3033 1065 3173 1137; x_wconf 84' lang='lat' dir='ltr'><strong>plus</strong></span> <span class='ocrx_word' id='word_1_311' title='bbox 3199 1081 3325 1139; x_wconf 75' lang='lat' dir='ltr'><strong>prae</strong></span> <span class='ocrx_word' id='word_1_312' title='bbox 3352 1084 3416 1124; x_wconf 89' lang='lat' dir='ltr'><strong>se</strong></span> <span class='ocrx_word' id='word_1_313' title='bbox 3447 1068 3598 1127; x_wconf 81' lang='lat' dir='ltr'><strong>ferre</strong></span> <span class='ocrx_word' id='word_1_314' title='bbox 3637 1100 3653 1152; x_wconf 67' lang='grc' dir='ltr'>ς</span> 
     </span>
    </p>
   </div>
   <div class='ocr_carea' id='block_1_50' title="bbox 1988 1146 3653 1224">
    <p class='ocr_par' dir='ltr' id='par_1_50' title="bbox 1988 1146 3653 1224">
     <span class='ocr_line' id='line_1_50' title="bbox 1988 1146 3653 1224; baseline 0.01 -23"><span class='ocrx_word' id='word_1_315' title='bbox 1988 1146 2179 1204; x_wconf 86' lang='lat' dir='ltr'><strong>alium</strong></span> <span class='ocrx_word' id='word_1_316' title='bbox 2223 1163 2371 1205; x_wconf 88' lang='lat' dir='ltr'><strong>vero</strong></span> <span class='ocrx_word' id='word_1_317' title='bbox 2411 1149 2637 1217; x_wconf 89' lang='lat' dir='ltr'><strong>minus,</strong></span> <span class='ocrx_word' id='word_1_318' title='bbox 2683 1159 3066 1224; x_wconf 84' lang='lat' dir='ltr'><strong>compertum</strong></span> <span class='ocrx_word' id='word_1_319' title='bbox 3093 1160 3276 1212; x_wconf 84' lang='lat' dir='ltr'><strong>estex</strong></span> <span class='ocrx_word' id='word_1_320' title='bbox 3306 1157 3506 1215; x_wconf 83' lang='lat' dir='ltr'><strong>verbis</strong></span> <span class='ocrx_word' id='word_1_321' title='bbox 3538 1146 3653 1217; x_wconf 51' lang='lat' dir='ltr'><strong>Do;</strong></span> 
     </span>
    </p>
   </div>
   <div class='ocr_carea' id='block_1_51' title="bbox 1987 1235 3646 1312">
    <p class='ocr_par' dir='ltr' id='par_1_51' title="bbox 1987 1235 3646 1312">
     <span class='ocr_line' id='line_1_51' title="bbox 1987 1235 3646 1312; baseline 0.01 -21"><span class='ocrx_word' id='word_1_322' title='bbox 1987 1235 2156 1302; x_wconf 87' lang='lat' dir='ltr'><strong>mini,</strong></span> <span class='ocrx_word' id='word_1_323' title='bbox 2178 1237 2286 1310; x_wconf 88' lang='lat' dir='ltr'><strong>qui</strong></span> <span class='ocrx_word' id='word_1_324' title='bbox 2313 1237 2496 1294; x_wconf 90' lang='lat' dir='ltr'><strong>modo</strong></span> <span class='ocrx_word' id='word_1_325' title='bbox 2527 1239 2776 1312; x_wconf 88' lang='lat' dir='ltr'><strong>quidem</strong></span> <span class='ocrx_word' id='word_1_326' title='bbox 2826 1242 2944 1298; x_wconf 90' lang='lat' dir='ltr'><strong>ait:</strong></span> <span class='ocrx_word' id='word_1_327' title='bbox 2977 1243 3096 1309; x_wconf 84' lang='lat' dir='ltr'><strong>Qui</strong></span> <span class='ocrx_word' id='word_1_328' title='bbox 3128 1259 3268 1301; x_wconf 87' lang='lat' dir='ltr'><strong>vero</strong></span> <span class='ocrx_word' id='word_1_329' title='bbox 3311 1248 3372 1302; x_wconf 91' lang='lat' dir='ltr'><strong>in</strong></span> <span class='ocrx_word' id='word_1_330' title='bbox 3420 1253 3646 1308; x_wconf 84' lang='lat' dir='ltr'><strong>terram</strong></span> 
     </span>
    </p>
   </div>
   <div class='ocr_carea' id='block_1_52' title="bbox 1988 1326 3654 1408">
    <p class='ocr_par' dir='ltr' id='par_1_52' title="bbox 1988 1326 3654 1408">
     <span class='ocr_line' id='line_1_52' title="bbox 1988 1326 3654 1408; baseline 0.009 -27"><span class='ocrx_word' id='word_1_331' title='bbox 1988 1326 2201 1382; x_wconf 83' lang='lat' dir='ltr'><strong>bonam</strong></span> <span class='ocrx_word' id='word_1_332' title='bbox 2223 1329 2552 1384; x_wconf 87' lang='lat' dir='ltr'><strong>seminatus</strong></span> <span class='ocrx_word' id='word_1_333' title='bbox 2582 1336 2684 1387; x_wconf 88' lang='lat' dir='ltr'><strong>est.</strong></span> <span class='ocrx_word' id='word_1_334' title='bbox 2721 1331 2817 1388; x_wconf 86' lang='lat' dir='ltr'><strong>hic</strong></span> <span class='ocrx_word' id='word_1_335' title='bbox 2846 1338 2929 1388; x_wconf 88' lang='lat' dir='ltr'><strong>est</strong></span> <span class='ocrx_word' id='word_1_336' title='bbox 2952 1335 3056 1405; x_wconf 88' lang='lat' dir='ltr'><strong>qui</strong></span> <span class='ocrx_word' id='word_1_337' title='bbox 3081 1335 3254 1391; x_wconf 90' lang='lat' dir='ltr'><strong>audit</strong></span> <span class='ocrx_word' id='word_1_338' title='bbox 3286 1338 3559 1408; x_wconf 83' lang='lat' dir='ltr'><strong>verbum,</strong></span> <span class='ocrx_word' id='word_1_339' title='bbox 3595 1346 3654 1398; x_wconf 90' lang='lat' dir='ltr'><strong>et</strong></span> 
     </span>
    </p>
   </div>
   <div class='ocr_carea' id='block_1_53' title="bbox 1984 1416 3648 1495">
    <p class='ocr_par' dir='ltr' id='par_1_53' title="bbox 1984 1416 3648 1495">
     <span class='ocr_line' id='line_1_53' title="bbox 1984 1416 3648 1495; baseline 0.008 -23"><span class='ocrx_word' id='word_1_340' title='bbox 1984 1416 2295 1487; x_wconf 69' lang='lat' dir='ltr'><strong>intelligit,</strong></span> <span class='ocrx_word' id='word_1_341' title='bbox 2321 1420 2428 1490; x_wconf 87' lang='lat' dir='ltr'><strong>qui</strong></span> <span class='ocrx_word' id='word_1_342' title='bbox 2455 1425 2614 1476; x_wconf 80' lang='lat' dir='ltr'><strong>recte</strong></span> <span class='ocrx_word' id='word_1_343' title='bbox 2643 1423 2921 1491; x_wconf 84' lang='lat' dir='ltr'><strong>fructum</strong></span> <span class='ocrx_word' id='word_1_344' title='bbox 2963 1424 3166 1493; x_wconf 74' lang='lat' dir='ltr'><strong>a/l&#39;ert,</strong></span> <span class='ocrx_word' id='word_1_345' title='bbox 3193 1431 3248 1480; x_wconf 87' lang='lat' dir='ltr'><strong>et</strong></span> <span class='ocrx_word' id='word_1_346' title='bbox 3269 1426 3453 1495; x_wconf 80' lang='lat' dir='ltr'><strong>facit,</strong></span> <span class='ocrx_word' id='word_1_347' title='bbox 3486 1430 3648 1487; x_wconf 82' lang='lat' dir='ltr'><strong>alius</strong></span> 
     </span>
    </p>
   </div>
   <div class='ocr_carea' id='block_1_54' title="bbox 1983 1507 3646 1585">
    <p class='ocr_par' dir='ltr' id='par_1_54' title="bbox 1983 1507 3646 1585">
     <span class='ocr_line' id='line_1_54' title="bbox 1983 1507 3646 1585; baseline 0.01 -25"><span class='ocrx_word' id='word_1_348' title='bbox 1983 1507 2221 1578; x_wconf 85' lang='lat' dir='ltr'><strong>quidem</strong></span> <span class='ocrx_word' id='word_1_349' title='bbox 2237 1510 2617 1565; x_wconf 86' lang='lat' dir='ltr'><strong>centesimum</strong></span> <span class='ocrx_word' id='word_1_350' title='bbox 2631 1511 2790 1568; x_wconf 84' lang='lat' dir='ltr'><strong>alius</strong></span> <span class='ocrx_word' id='word_1_351' title='bbox 2805 1519 3006 1568; x_wconf 81' lang='lat' dir='ltr'><strong>autem</strong></span> <span class='ocrx_word' id='word_1_352' title='bbox 3021 1516 3454 1584; x_wconf 72' lang='lat' dir='ltr'><strong>sexagesimum</strong></span> <span class='ocrx_word' id='word_1_353' title='bbox 3465 1520 3646 1585; x_wconf 84' lang='lat' dir='ltr'><strong>,atius</strong></span> 
     </span>
    </p>
   </div>
   <div class='ocr_carea' id='block_1_55' title="bbox 1983 1598 3648 1678">
    <p class='ocr_par' dir='ltr' id='par_1_55' title="bbox 1983 1598 3648 1678">
     <span class='ocr_line' id='line_1_55' title="bbox 1983 1598 3648 1678; baseline 0.008 -27"><span class='ocrx_word' id='word_1_354' title='bbox 1983 1610 2122 1652; x_wconf 86' lang='lat' dir='ltr'><strong>vero</strong></span> <span class='ocrx_word' id='word_1_355' title='bbox 2153 1598 2516 1656; x_wconf 79' lang='lat' dir='ltr'><strong>tricesimum</strong></span> <span class='ocrx_word' id='word_1_356' title='bbox 2541 1601 2584 1635; x_wconf 86' lang='grc'><strong>²¹</strong></span> <span class='ocrx_word' id='word_1_357' title='bbox 2614 1617 2628 1656; x_wconf 88' lang='lat'><strong>:</strong></span> <span class='ocrx_word' id='word_1_358' title='bbox 2661 1601 2830 1672; x_wconf 92' lang='lat' dir='ltr'><strong>quod</strong></span> <span class='ocrx_word' id='word_1_359' title='bbox 2858 1601 2920 1658; x_wconf 91' lang='lat' dir='ltr'><strong>in</strong></span> <span class='ocrx_word' id='word_1_360' title='bbox 2954 1601 3024 1660; x_wconf 90' lang='lat' dir='ltr'><strong>iis</strong></span> <span class='ocrx_word' id='word_1_361' title='bbox 3056 1619 3303 1676; x_wconf 88' lang='lat' dir='ltr'><strong>quoque</strong></span> <span class='ocrx_word' id='word_1_362' title='bbox 3330 1605 3436 1678; x_wconf 92' lang='lat' dir='ltr'><strong>qui</strong></span> <span class='ocrx_word' id='word_1_363' title='bbox 3471 1623 3648 1664; x_wconf 89' lang='lat' dir='ltr'><strong>mnas</strong></span> 
     </span>
    </p>
   </div>
   <div class='ocr_carea' id='block_1_56' title="bbox 1983 1689 3645 1766">
    <p class='ocr_par' dir='ltr' id='par_1_56' title="bbox 1983 1689 3645 1766">
     <span class='ocr_line' id='line_1_56' title="bbox 1983 1689 3645 1766; baseline 0.008 -26"><span class='ocrx_word' id='word_1_364' title='bbox 1983 1691 2344 1758; x_wconf 89' lang='lat' dir='ltr'><strong>acceperant</strong></span> <span class='ocrx_word' id='word_1_365' title='bbox 2373 1689 2665 1760; x_wconf 83' lang='lat' dir='ltr'><strong>reperitur</strong></span> <span class='ocrx_word' id='word_1_366' title='bbox 2694 1691 2740 1726; x_wconf 82' lang='grc'>²²</span> <span class='ocrx_word' id='word_1_367' title='bbox 2771 1706 2784 1757; x_wconf 91' lang='lat'><strong>;</strong></span> <span class='ocrx_word' id='word_1_368' title='bbox 2818 1691 3004 1748; x_wconf 90' lang='lat' dir='ltr'><strong>modo</strong></span> <span class='ocrx_word' id='word_1_369' title='bbox 3035 1707 3180 1749; x_wconf 85' lang='lat' dir='ltr'><strong>vero</strong></span> <span class='ocrx_word' id='word_1_370' title='bbox 3209 1710 3222 1747; x_wconf 88' lang='lat'><strong>:</strong></span> <span class='ocrx_word' id='word_1_371' title='bbox 3259 1695 3378 1750; x_wconf 87' lang='lat' dir='ltr'><strong>Uni</strong></span> <span class='ocrx_word' id='word_1_372' title='bbox 3406 1696 3645 1766; x_wconf 85' lang='lat' dir='ltr'><strong>quidem</strong></span> 
     </span>
    </p>
   </div>
   <div class='ocr_carea' id='block_1_57' title="bbox 1982 1774 3646 1853">
    <p class='ocr_par' dir='ltr' id='par_1_57' title="bbox 1982 1774 3646 1853">
     <span class='ocr_line' id='line_1_57' title="bbox 1982 1774 3646 1853; baseline 0.008 -21"><span class='ocrx_word' id='word_1_373' title='bbox 1982 1774 2148 1832; x_wconf 87' lang='lat' dir='ltr'><strong>dedit</strong></span> <span class='ocrx_word' id='word_1_374' title='bbox 2193 1777 2456 1850; x_wconf 87' lang='lat' dir='ltr'><strong>quinque</strong></span> <span class='ocrx_word' id='word_1_375' title='bbox 2493 1779 2749 1846; x_wconf 80' lang='lat' dir='ltr'><strong>talenta,</strong></span> <span class='ocrx_word' id='word_1_376' title='bbox 2797 1783 2912 1838; x_wconf 86' lang='lat' dir='ltr'><strong>atii</strong></span> <span class='ocrx_word' id='word_1_377' title='bbox 2947 1788 3148 1840; x_wconf 89' lang='lat' dir='ltr'><strong>autem</strong></span> <span class='ocrx_word' id='word_1_378' title='bbox 3195 1783 3338 1853; x_wconf 91' lang='lat' dir='ltr'><strong>duo,</strong></span> <span class='ocrx_word' id='word_1_379' title='bbox 3362 1785 3476 1842; x_wconf 81' lang='lat' dir='ltr'><strong>alii</strong></span> <span class='ocrx_word' id='word_1_380' title='bbox 3505 1801 3646 1845; x_wconf 89' lang='lat' dir='ltr'><strong>vero</strong></span> 
     </span>
    </p>
   </div>
   <div class='ocr_carea' id='block_1_58' title="bbox 1985 1868 2263 1924">
    <p class='ocr_par' dir='ltr' id='par_1_58' title="bbox 1985 1868 2263 1924">
     <span class='ocr_line' id='line_1_58' title="bbox 1985 1868 2263 1924; baseline 0.004 -3"><span class='ocrx_word' id='word_1_381' title='bbox 1985 1880 2174 1924; x_wconf 88' lang='lat' dir='ltr'><strong>unum</strong></span> <span class='ocrx_word' id='word_1_382' title='bbox 2195 1868 2263 1922; x_wconf 79' lang='grc'><strong>³³.</strong></span> 
     </span>
    </p>
   </div>
   <div class='ocr_carea' id='block_1_59' title="bbox 2447 1994 3180 2057">
    <p class='ocr_par' dir='ltr' id='par_1_59' title="bbox 2447 1994 3180 2057">
     <span class='ocr_line' id='line_1_59' title="bbox 2447 1994 3180 2057; baseline 0.01 -7"><span class='ocrx_word' id='word_1_383' title='bbox 2447 1994 2975 2055; x_wconf 76' lang='lat' dir='ltr'><strong>INTERROGATIO</strong></span> <span class='ocrx_word' id='word_1_384' title='bbox 3000 1998 3180 2057; x_wconf 89' lang='lat' dir='ltr'>CCIV.</span> 
     </span>
    </p>
   </div>
   <div class='ocr_carea' id='block_1_60' title="bbox 1989 2119 3641 2206">
    <p class='ocr_par' dir='ltr' id='par_1_60' title="bbox 1989 2119 3641 2206">
     <span class='ocr_line' id='line_1_60' title="bbox 1989 2119 3641 2206; baseline 0.006 -30"><span class='ocrx_word' id='word_1_385' title='bbox 1989 2119 2292 2190; x_wconf 80' lang='lat' dir='ltr'><strong>Quomodo</strong></span> <span class='ocrx_word' id='word_1_386' title='bbox 2322 2122 2453 2194; x_wconf 87' lang='lat' dir='ltr'><strong>quis</strong></span> <span class='ocrx_word' id='word_1_387' title='bbox 2475 2123 2785 2206; x_wconf 79' lang='lat' dir='ltr'><strong>efﬁciatur</strong></span> <span class='ocrx_word' id='word_1_388' title='bbox 2807 2125 3049 2206; x_wconf 80' lang='lat' dir='ltr'><strong>dignus,</strong></span> <span class='ocrx_word' id='word_1_389' title='bbox 3097 2126 3206 2198; x_wconf 89' lang='lat' dir='ltr'><strong>qui</strong></span> <span class='ocrx_word' id='word_1_390' title='bbox 3227 2127 3340 2196; x_wconf 75' lang='lat' dir='ltr'><strong>ﬁat</strong></span> <span class='ocrx_word' id='word_1_391' title='bbox 3367 2126 3641 2199; x_wconf 76' lang='lat' dir='ltr'><strong>Spiritus</strong></span> 
     </span>
    </p>
   </div>
   <div class='ocr_carea' id='block_1_61' title="bbox 2555 2201 3074 2268">
    <p class='ocr_par' dir='ltr' id='par_1_61' title="bbox 2555 2201 3074 2268">
     <span class='ocr_line' id='line_1_61' title="bbox 2555 2201 3074 2268; baseline 0.002 -17"><span class='ocrx_word' id='word_1_392' title='bbox 2555 2201 2753 2252; x_wconf 83' lang='lat' dir='ltr'><strong>sancti</strong></span> <span class='ocrx_word' id='word_1_393' title='bbox 2770 2201 3074 2268; x_wconf 84' lang='lat' dir='ltr'><strong>particeps</strong></span> 
     </span>
    </p>
   </div>
   <div class='ocr_carea' id='block_1_62' title="bbox 2604 2321 3012 2378">
    <p class='ocr_par' dir='ltr' id='par_1_62' title="bbox 2604 2321 3012 2378">
     <span class='ocr_line' id='line_1_62' title="bbox 2604 2321 3012 2378; baseline 0.007 -2"><span class='ocrx_word' id='word_1_394' title='bbox 2604 2321 3012 2378; x_wconf 78' lang='lat' dir='ltr'><strong>RESPONSIO.</strong></span> 
     </span>
    </p>
   </div>
   <div class='ocr_carea' id='block_1_63' title="bbox 2061 2444 3642 2507">
    <p class='ocr_par' dir='ltr' id='par_1_63' title="bbox 2061 2444 3642 2507">
     <span class='ocr_line' id='line_1_63' title="bbox 2061 2444 3642 2507; baseline 0.006 -9"><span class='ocrx_word' id='word_1_395' title='bbox 2061 2444 2354 2500; x_wconf 88' lang='lat' dir='ltr'><strong>Dominus</strong></span> <span class='ocrx_word' id='word_1_396' title='bbox 2374 2449 2582 2502; x_wconf 87' lang='lat' dir='ltr'><strong>noster</strong></span> <span class='ocrx_word' id='word_1_397' title='bbox 2608 2447 2780 2501; x_wconf 84' lang='lat' dir='ltr'><strong>Jesus</strong></span> <span class='ocrx_word' id='word_1_398' title='bbox 2813 2445 3080 2502; x_wconf 81' lang='lat' dir='ltr'><strong>Christus</strong></span> <span class='ocrx_word' id='word_1_399' title='bbox 3119 2446 3330 2504; x_wconf 83' lang='lat' dir='ltr'><strong>docuit</strong></span> <span class='ocrx_word' id='word_1_400' title='bbox 3370 2449 3465 2506; x_wconf 89' lang='lat' dir='ltr'><strong>his</strong></span> <span class='ocrx_word' id='word_1_401' title='bbox 3506 2465 3642 2507; x_wconf 86' lang='lat' dir='ltr'><strong>ver-</strong></span> 
     </span>
    </p>
   </div>
   <div class='ocr_carea' id='block_1_64' title="bbox 1987 2533 3641 2612">
    <p class='ocr_par' dir='ltr' id='par_1_64' title="bbox 1987 2533 3641 2612">
     <span class='ocr_line' id='line_1_64' title="bbox 1987 2533 3641 2612; baseline 0.003 -21"><span class='ocrx_word' id='word_1_402' title='bbox 1987 2534 2120 2591; x_wconf 88' lang='lat' dir='ltr'><strong>bis:</strong></span> <span class='ocrx_word' id='word_1_403' title='bbox 2153 2533 2220 2590; x_wconf 92' lang='lat' dir='ltr'><strong>Si</strong></span> <span class='ocrx_word' id='word_1_404' title='bbox 2240 2535 2498 2606; x_wconf 80' lang='lat' dir='ltr'><strong>diligitis</strong></span> <span class='ocrx_word' id='word_1_405' title='bbox 2519 2551 2630 2603; x_wconf 89' lang='lat' dir='ltr'><strong>me,</strong></span> <span class='ocrx_word' id='word_1_406' title='bbox 2658 2535 2952 2592; x_wconf 88' lang='lat' dir='ltr'><strong>mandata</strong></span> <span class='ocrx_word' id='word_1_407' title='bbox 2976 2551 3108 2593; x_wconf 90' lang='lat' dir='ltr'><strong>mea</strong></span> <span class='ocrx_word' id='word_1_408' title='bbox 3137 2543 3390 2595; x_wconf 80' lang='lat' dir='ltr'><strong>servate.</strong></span> <span class='ocrx_word' id='word_1_409' title='bbox 3439 2540 3514 2596; x_wconf 86' lang='lat' dir='ltr'><strong>Et</strong></span> <span class='ocrx_word' id='word_1_410' title='bbox 3537 2555 3641 2612; x_wconf 88' lang='lat' dir='ltr'><strong>ego</strong></span> 
     </span>
    </p>
   </div>
   <div class='ocr_carea' id='block_1_65' title="bbox 1985 2625 3648 2697">
    <p class='ocr_par' dir='ltr' id='par_1_65' title="bbox 1985 2625 3648 2697">
     <span class='ocr_line' id='line_1_65' title="bbox 1985 2625 3648 2697; baseline 0.002 -15"><span class='ocrx_word' id='word_1_411' title='bbox 1985 2625 2210 2695; x_wconf 83' lang='lat' dir='ltr'><strong>rogabo</strong></span> <span class='ocrx_word' id='word_1_412' title='bbox 2239 2625 2507 2696; x_wconf 85' lang='lat' dir='ltr'><strong>Patrem,</strong></span> <span class='ocrx_word' id='word_1_413' title='bbox 2529 2626 2783 2682; x_wconf 86' lang='lat' dir='ltr'><strong>etatium</strong></span> <span class='ocrx_word' id='word_1_414' title='bbox 2798 2626 3187 2682; x_wconf 85' lang='lat' dir='ltr'><strong>Paracletum</strong></span> <span class='ocrx_word' id='word_1_415' title='bbox 3201 2627 3369 2685; x_wconf 89' lang='lat' dir='ltr'><strong>dabit</strong></span> <span class='ocrx_word' id='word_1_416' title='bbox 3393 2629 3648 2697; x_wconf 88' lang='lat' dir='ltr'><strong>vobis,ut</strong></span> 
     </span>
    </p>
   </div>
   <div class='ocr_carea' id='block_1_66' title="bbox 1985 2715 3643 2791">
    <p class='ocr_par' dir='ltr' id='par_1_66' title="bbox 1985 2715 3643 2791">
     <span class='ocr_line' id='line_1_66' title="bbox 1985 2715 3643 2791; baseline 0.002 -19"><span class='ocrx_word' id='word_1_417' title='bbox 1985 2721 2226 2773; x_wconf 86' lang='lat' dir='ltr'><strong>maneat</strong></span> <span class='ocrx_word' id='word_1_418' title='bbox 2247 2715 2546 2772; x_wconf 84' lang='lat' dir='ltr'><strong>vobiscum</strong></span> <span class='ocrx_word' id='word_1_419' title='bbox 2577 2717 2641 2771; x_wconf 91' lang='lat' dir='ltr'><strong>in</strong></span> <span class='ocrx_word' id='word_1_420' title='bbox 2679 2721 2971 2772; x_wconf 69' lang='lat' dir='ltr'><strong>aeternum</strong></span> <span class='ocrx_word' id='word_1_421' title='bbox 3005 2717 3304 2785; x_wconf 83' lang='lat' dir='ltr'><strong>Spiritum</strong></span> <span class='ocrx_word' id='word_1_422' title='bbox 3350 2718 3643 2791; x_wconf 81' lang='lat' dir='ltr'><strong>veritatis,</strong></span> 
     </span>
    </p>
   </div>
   <div class='ocr_carea' id='block_1_67' title="bbox 1985 2806 3647 2878">
    <p class='ocr_par' dir='ltr' id='par_1_67' title="bbox 1985 2806 3647 2878">
     <span class='ocr_line' id='line_1_67' title="bbox 1985 2806 3647 2878; baseline 0.003 -18"><span class='ocrx_word' id='word_1_423' title='bbox 1985 2821 2157 2878; x_wconf 88' lang='lat' dir='ltr'><strong>quem</strong></span> <span class='ocrx_word' id='word_1_424' title='bbox 2174 2806 2433 2861; x_wconf 88' lang='lat' dir='ltr'><strong>mundus</strong></span> <span class='ocrx_word' id='word_1_425' title='bbox 2451 2821 2572 2862; x_wconf 86' lang='lat' dir='ltr'><strong>non</strong></span> <span class='ocrx_word' id='word_1_426' title='bbox 2593 2811 2782 2876; x_wconf 89' lang='lat' dir='ltr'><strong>potest</strong></span> <span class='ocrx_word' id='word_1_427' title='bbox 2803 2806 3448 2874; x_wconf 69' lang='lat' dir='ltr'><strong>accipere&quot;.Quandiu</strong></span> <span class='ocrx_word' id='word_1_428' title='bbox 3466 2807 3647 2877; x_wconf 76' lang='lat' dir='ltr'><strong>igitur</strong></span> 
     </span>
    </p>
   </div>
   <div class='ocr_carea' id='block_1_68' title="bbox 1981 2894 3646 2970">
    <p class='ocr_par' dir='ltr' id='par_1_68' title="bbox 1981 2894 3646 2970">
     <span class='ocr_line' id='line_1_68' title="bbox 1981 2894 3646 2970; baseline 0.003 -19"><span class='ocrx_word' id='word_1_429' title='bbox 1981 2909 2106 2951; x_wconf 90' lang='lat' dir='ltr'><strong>non</strong></span> <span class='ocrx_word' id='word_1_430' title='bbox 2153 2910 2471 2951; x_wconf 87' lang='lat' dir='ltr'><strong>servamus</strong></span> <span class='ocrx_word' id='word_1_431' title='bbox 2510 2895 2718 2952; x_wconf 85' lang='lat' dir='ltr'><strong>omnia</strong></span> <span class='ocrx_word' id='word_1_432' title='bbox 2765 2894 3060 2952; x_wconf 87' lang='lat' dir='ltr'><strong>mandata</strong></span> <span class='ocrx_word' id='word_1_433' title='bbox 3092 2897 3347 2968; x_wconf 88' lang='lat' dir='ltr'><strong>Domini,</strong></span> <span class='ocrx_word' id='word_1_434' title='bbox 3374 2913 3573 2970; x_wconf 89' lang='lat' dir='ltr'><strong>neque</strong></span> <span class='ocrx_word' id='word_1_435' title='bbox 3603 2898 3646 2956; x_wconf 93' lang='lat' dir='ltr'><strong>ii</strong></span> 
     </span>
    </p>
   </div>
   <div class='ocr_carea' id='block_1_69' title="bbox 1982 2984 3639 3059">
    <p class='ocr_par' dir='ltr' id='par_1_69' title="bbox 1982 2984 3639 3059">
     <span class='ocr_line' id='line_1_69' title="bbox 1982 2984 3639 3059; baseline 0.002 -20"><span class='ocrx_word' id='word_1_436' title='bbox 1982 3001 2214 3055; x_wconf 90' lang='lat' dir='ltr'><strong>sumus,</strong></span> <span class='ocrx_word' id='word_1_437' title='bbox 2247 2984 2349 3057; x_wconf 90' lang='lat' dir='ltr'><strong>qui</strong></span> <span class='ocrx_word' id='word_1_438' title='bbox 2370 2985 2484 3041; x_wconf 91' lang='lat' dir='ltr'><strong>hoc</strong></span> <span class='ocrx_word' id='word_1_439' title='bbox 2517 2984 2930 3042; x_wconf 89' lang='lat' dir='ltr'><strong>testimonium</strong></span> <span class='ocrx_word' id='word_1_440' title='bbox 2960 2984 3038 3042; x_wconf 90' lang='lat' dir='ltr'><strong>ab</strong></span> <span class='ocrx_word' id='word_1_441' title='bbox 3067 2984 3202 3058; x_wconf 89' lang='lat' dir='ltr'><strong>ipso</strong></span> <span class='ocrx_word' id='word_1_442' title='bbox 3245 2985 3639 3059; x_wconf 84' lang='lat' dir='ltr'><strong>recipiamus,</strong></span> 
     </span>
    </p>
   </div>
   <div class='ocr_carea' id='block_1_70' title="bbox 1990 3073 3637 3149">
    <p class='ocr_par' dir='ltr' id='par_1_70' title="bbox 1990 3073 3637 3149">
     <span class='ocr_line' id='line_1_70' title="bbox 1990 3073 3637 3149; baseline 0.004 -20"><span class='ocrx_word' id='word_1_443' title='bbox 1990 3074 2100 3130; x_wconf 87' lang='lat' dir='ltr'><strong>Vos</strong></span> <span class='ocrx_word' id='word_1_444' title='bbox 2129 3090 2250 3129; x_wconf 90' lang='lat' dir='ltr'><strong>non</strong></span> <span class='ocrx_word' id='word_1_445' title='bbox 2272 3075 2408 3130; x_wconf 87' lang='lat' dir='ltr'><strong>estis</strong></span> <span class='ocrx_word' id='word_1_446' title='bbox 2438 3089 2516 3131; x_wconf 77' lang='lat' dir='ltr'><strong>ea:</strong></span> <span class='ocrx_word' id='word_1_447' title='bbox 2546 3073 2657 3130; x_wconf 84' lang='lat' dir='ltr'><strong>hoc</strong></span> <span class='ocrx_word' id='word_1_448' title='bbox 2687 3074 2912 3129; x_wconf 86' lang='lat' dir='ltr'><strong>mundo</strong></span> <span class='ocrx_word' id='word_1_449' title='bbox 2933 3075 3005 3141; x_wconf 77' lang='lat'><strong>&quot;,</strong></span> <span class='ocrx_word' id='word_1_450' title='bbox 3036 3089 3111 3130; x_wconf 89' lang='lat' dir='ltr'><strong>ne</strong></span> <span class='ocrx_word' id='word_1_451' title='bbox 3139 3074 3202 3130; x_wconf 90' lang='lat' dir='ltr'><strong>id</strong></span> <span class='ocrx_word' id='word_1_452' title='bbox 3227 3079 3637 3149; x_wconf 84' lang='lat' dir='ltr'><strong>expectemus,</strong></span> 
     </span>
    </p>
   </div>
   <div class='ocr_carea' id='block_1_71' title="bbox 1979 3161 3298 3236">
    <p class='ocr_par' dir='ltr' id='par_1_71' title="bbox 1979 3161 3298 3236">
     <span class='ocr_line' id='line_1_71' title="bbox 1979 3161 3298 3236; baseline -0.001 -17"><span class='ocrx_word' id='word_1_453' title='bbox 1979 3166 2046 3221; x_wconf 86' lang='lat' dir='ltr'><strong>ut</strong></span> <span class='ocrx_word' id='word_1_454' title='bbox 2065 3162 2318 3236; x_wconf 78' lang='lat' dir='ltr'><strong>Spiritus</strong></span> <span class='ocrx_word' id='word_1_455' title='bbox 2347 3164 2541 3221; x_wconf 84' lang='lat' dir='ltr'><strong>sancti</strong></span> <span class='ocrx_word' id='word_1_456' title='bbox 2569 3161 2898 3236; x_wconf 86' lang='lat' dir='ltr'><strong>participes</strong></span> <span class='ocrx_word' id='word_1_457' title='bbox 2926 3161 3298 3222; x_wconf 45' lang='lat' dir='ltr'><strong>efﬁciamur;</strong></span> 
     </span>
    </p>
   </div>
   <div class='ocr_carea' id='block_1_72' title="bbox 3211 3255 3229 3279">
    <p class='ocr_par' dir='ltr' id='par_1_72' title="bbox 3211 3255 3229 3279">
     <span class='ocr_line' id='line_1_72' title="bbox 3211 3255 3229 3279; baseline 0 0"><span class='ocrx_word' id='word_1_458' title='bbox 3211 3255 3229 3279; x_wconf 84' lang='lat' dir='ltr'><em>I</em></span> 
     </span>
    </p>
   </div>
   <div class='ocr_carea' id='block_1_73' title="bbox 2440 3359 3174 3420">
    <p class='ocr_par' dir='ltr' id='par_1_73' title="bbox 2440 3359 3174 3420">
     <span class='ocr_line' id='line_1_73' title="bbox 2440 3359 3174 3420; baseline 0.001 -2"><span class='ocrx_word' id='word_1_459' title='bbox 2440 3361 2967 3420; x_wconf 77' lang='lat' dir='ltr'><strong>INTERROGATIO</strong></span> <span class='ocrx_word' id='word_1_460' title='bbox 2996 3359 3174 3419; x_wconf 62' lang='grc' dir='ltr'>νίζον.</span> 
     </span>
    </p>
   </div>
   <div class='ocr_carea' id='block_1_74' title="bbox 2362 3503 3250 3576">
    <p class='ocr_par' dir='ltr' id='par_1_74' title="bbox 2362 3503 3250 3576">
     <span class='ocr_line' id='line_1_74' title="bbox 2362 3503 3250 3576; baseline 0 -16"><span class='ocrx_word' id='word_1_461' title='bbox 2362 3503 2482 3572; x_wconf 80' lang='lat' dir='ltr'><strong>Qui</strong></span> <span class='ocrx_word' id='word_1_462' title='bbox 2503 3505 2628 3561; x_wconf 87' lang='lat' dir='ltr'><strong>sint</strong></span> <span class='ocrx_word' id='word_1_463' title='bbox 2640 3518 2944 3576; x_wconf 79' lang='lat' dir='ltr'><strong>pauperes</strong></span> <span class='ocrx_word' id='word_1_464' title='bbox 2963 3504 3186 3576; x_wconf 83' lang='lat' dir='ltr'><strong>spiritu</strong></span> <span class='ocrx_word' id='word_1_465' title='bbox 3201 3504 3250 3540; x_wconf 82' lang='grc'><strong>²⁶</strong></span> 
     </span>
    </p>
   </div>
   <div class='ocr_carea' id='block_1_75' title="bbox 2594 3651 3014 3710">
    <p class='ocr_par' dir='ltr' id='par_1_75' title="bbox 2594 3651 3014 3710">
     <span class='ocr_line' id='line_1_75' title="bbox 2594 3651 3014 3710; baseline 0.01 -4"><span class='ocrx_word' id='word_1_466' title='bbox 2594 3651 2984 3709; x_wconf 83' lang='lat' dir='ltr'><strong>RESPONSIO</strong></span> <span class='ocrx_word' id='word_1_467' title='bbox 2998 3694 3014 3710; x_wconf 92' lang='lat'><strong>.</strong></span> 
     </span>
    </p>
   </div>
   <div class='ocr_carea' id='block_1_76' title="bbox 2047 3774 3639 3850">
    <p class='ocr_par' dir='ltr' id='par_1_76' title="bbox 2047 3774 3639 3850">
     <span class='ocr_line' id='line_1_76' title="bbox 2047 3774 3639 3850; baseline 0.001 -16"><span class='ocrx_word' id='word_1_468' title='bbox 2047 3779 2197 3834; x_wconf 90' lang='lat' dir='ltr'><strong>Cum</strong></span> <span class='ocrx_word' id='word_1_469' title='bbox 2239 3774 2530 3832; x_wconf 87' lang='lat' dir='ltr'><strong>Dominus</strong></span> <span class='ocrx_word' id='word_1_470' title='bbox 2572 3775 2754 3843; x_wconf 87' lang='lat' dir='ltr'><strong>dicat,</strong></span> <span class='ocrx_word' id='word_1_471' title='bbox 2784 3774 2936 3833; x_wconf 85' lang='lat' dir='ltr'><strong>alias</strong></span> <span class='ocrx_word' id='word_1_472' title='bbox 2959 3775 3211 3848; x_wconf 87' lang='lat' dir='ltr'><strong>quidem</strong></span> <span class='ocrx_word' id='word_1_473' title='bbox 3236 3791 3251 3832; x_wconf 90' lang='lat'><strong>:</strong></span> <span class='ocrx_word' id='word_1_474' title='bbox 3273 3775 3466 3834; x_wconf 88' lang='lat' dir='ltr'><strong>Verba</strong></span> <span class='ocrx_word' id='word_1_475' title='bbox 3501 3790 3639 3850; x_wconf 70' lang='lat' dir='ltr'><strong>que</strong></span> 
     </span>
    </p>
   </div>
   <div class='ocr_carea' id='block_1_77' title="bbox 1974 3865 3641 3938">
    <p class='ocr_par' dir='ltr' id='par_1_77' title="bbox 1974 3865 3641 3938">
     <span class='ocr_line' id='line_1_77' title="bbox 1974 3865 3641 3938; baseline 0 -14"><span class='ocrx_word' id='word_1_476' title='bbox 1974 3882 2080 3938; x_wconf 84' lang='lat' dir='ltr'><strong>ego</strong></span> <span class='ocrx_word' id='word_1_477' title='bbox 2110 3867 2346 3923; x_wconf 83' lang='lat' dir='ltr'><strong>locutus</strong></span> <span class='ocrx_word' id='word_1_478' title='bbox 2375 3881 2508 3922; x_wconf 89' lang='lat' dir='ltr'><strong>sum</strong></span> <span class='ocrx_word' id='word_1_479' title='bbox 2538 3865 2724 3934; x_wconf 82' lang='lat' dir='ltr'><strong>vobis,</strong></span> <span class='ocrx_word' id='word_1_480' title='bbox 2756 3866 3010 3935; x_wconf 85' lang='lat' dir='ltr'><strong>spiritus</strong></span> <span class='ocrx_word' id='word_1_481' title='bbox 3025 3869 3081 3922; x_wconf 83' lang='lat' dir='ltr'><strong>et</strong></span> <span class='ocrx_word' id='word_1_482' title='bbox 3095 3865 3220 3923; x_wconf 90' lang='lat' dir='ltr'><strong>vita</strong></span> <span class='ocrx_word' id='word_1_483' title='bbox 3234 3871 3379 3922; x_wconf 89' lang='lat' dir='ltr'><strong>sunt</strong></span> <span class='ocrx_word' id='word_1_484' title='bbox 3395 3868 3441 3903; x_wconf 77' lang='grc'><strong>³⁷</strong></span> <span class='ocrx_word' id='word_1_485' title='bbox 3466 3865 3641 3936; x_wconf 80' lang='lat' dir='ltr'><strong>;alias</strong></span> 
     </span>
    </p>
   </div>
   <div class='ocr_carea' id='block_1_78' title="bbox 1970 3953 3644 4027">
    <p class='ocr_par' dir='ltr' id='par_1_78' title="bbox 1970 3953 3644 4027">
     <span class='ocr_line' id='line_1_78' title="bbox 1970 3953 3644 4027; baseline 0.001 -15"><span class='ocrx_word' id='word_1_486' title='bbox 1970 3972 2116 4012; x_wconf 85' lang='lat' dir='ltr'><strong>vero</strong></span> <span class='ocrx_word' id='word_1_487' title='bbox 2140 3972 2154 4012; x_wconf 89' lang='lat'><strong>:</strong></span> <span class='ocrx_word' id='word_1_488' title='bbox 2178 3955 2441 4025; x_wconf 85' lang='lat' dir='ltr'><strong>Spiritus</strong></span> <span class='ocrx_word' id='word_1_489' title='bbox 2464 3960 2714 4010; x_wconf 87' lang='lat' dir='ltr'><strong>sanctus</strong></span> <span class='ocrx_word' id='word_1_490' title='bbox 2739 3953 2970 4011; x_wconf 87' lang='lat' dir='ltr'><strong>docebit</strong></span> <span class='ocrx_word' id='word_1_491' title='bbox 2989 3970 3091 4012; x_wconf 81' lang='lat' dir='ltr'><strong>vos</strong></span> <span class='ocrx_word' id='word_1_492' title='bbox 3113 3956 3338 4024; x_wconf 82' lang='lat' dir='ltr'><strong>omnia,</strong></span> <span class='ocrx_word' id='word_1_493' title='bbox 3359 3960 3416 4013; x_wconf 83' lang='lat' dir='ltr'><strong>et</strong></span> <span class='ocrx_word' id='word_1_494' title='bbox 3435 3971 3644 4027; x_wconf 83' lang='lat' dir='ltr'><strong>sugge-</strong></span> 
     </span>
    </p>
   </div>
   <div class='ocr_carea' id='block_1_79' title="bbox 1970 4045 3639 4120">
    <p class='ocr_par' dir='ltr' id='par_1_79' title="bbox 1970 4045 3639 4120">
     <span class='ocr_line' id='line_1_79' title="bbox 1970 4045 3639 4120; baseline 0.001 -18"><span class='ocrx_word' id='word_1_495' title='bbox 1970 4053 2063 4104; x_wconf 90' lang='lat' dir='ltr'><strong>ret</strong></span> <span class='ocrx_word' id='word_1_496' title='bbox 2084 4059 2457 4118; x_wconf 77' lang='lat' dir='ltr'><strong>qucecunque</strong></span> <span class='ocrx_word' id='word_1_497' title='bbox 2481 4045 2696 4101; x_wconf 71' lang='lat' dir='ltr'><strong>dixero</strong></span> <span class='ocrx_word' id='word_1_498' title='bbox 2726 4045 2891 4101; x_wconf 87' lang='lat' dir='ltr'><strong>vobis</strong></span> <span class='ocrx_word' id='word_1_499' title='bbox 2923 4045 2972 4081; x_wconf 82' lang='grc'><strong>’⁸</strong></span> <span class='ocrx_word' id='word_1_500' title='bbox 2998 4060 3010 4108; x_wconf 91' lang='grc'><strong>;</strong></span> <span class='ocrx_word' id='word_1_501' title='bbox 3038 4059 3160 4100; x_wconf 90' lang='lat' dir='ltr'><strong>non</strong></span> <span class='ocrx_word' id='word_1_502' title='bbox 3208 4045 3389 4110; x_wconf 82' lang='lat' dir='ltr'><strong>enim,</strong></span> <span class='ocrx_word' id='word_1_503' title='bbox 3422 4045 3639 4120; x_wconf 87' lang='lat' dir='ltr'><strong>inquit,</strong></span> 
     </span>
    </p>
   </div>
   <div class='ocr_carea' id='block_1_80' title="bbox 1973 4134 3638 4210">
    <p class='ocr_par' dir='ltr' id='par_1_80' title="bbox 1973 4134 3638 4210">
     <span class='ocr_line' id='line_1_80' title="bbox 1973 4134 3638 4210; baseline 0.001 -16"><span class='ocrx_word' id='word_1_504' title='bbox 1973 4138 2301 4209; x_wconf 83' lang='lat' dir='ltr'><strong>loquetura</strong></span> <span class='ocrx_word' id='word_1_505' title='bbox 2315 4136 2648 4205; x_wconf 82' lang='lat' dir='ltr'><strong>semetipso,</strong></span> <span class='ocrx_word' id='word_1_506' title='bbox 2671 4135 2776 4192; x_wconf 85' lang='lat' dir='ltr'><strong>sed</strong></span> <span class='ocrx_word' id='word_1_507' title='bbox 2793 4149 3166 4208; x_wconf 61' lang='lat' dir='ltr'><strong>quascunque</strong></span> <span class='ocrx_word' id='word_1_508' title='bbox 3174 4135 3441 4192; x_wconf 85' lang='lat' dir='ltr'><strong>audierit</strong></span> <span class='ocrx_word' id='word_1_509' title='bbox 3456 4134 3638 4210; x_wconf 64' lang='grc'><strong>484</strong></span> 
     </span>
    </p>
   </div>
   <div class='ocr_carea' id='block_1_81' title="bbox 1970 4223 3644 4300">
    <p class='ocr_par' dir='ltr' id='par_1_81' title="bbox 1970 4223 3644 4300">
     <span class='ocr_line' id='line_1_81' title="bbox 1970 4223 3644 4300; baseline 0.001 -18"><span class='ocrx_word' id='word_1_510' title='bbox 1970 4241 2008 4283; x_wconf 90' lang='lat' dir='ltr'><strong>a</strong></span> <span class='ocrx_word' id='word_1_511' title='bbox 2029 4240 2122 4282; x_wconf 90' lang='lat' dir='ltr'><strong>me</strong></span> <span class='ocrx_word' id='word_1_512' title='bbox 2144 4225 2272 4281; x_wconf 70' lang='lat' dir='ltr'><strong>haec</strong></span> <span class='ocrx_word' id='word_1_513' title='bbox 2299 4225 2629 4294; x_wconf 68' lang='lat' dir='ltr'><strong>toquetur&#39;9</strong></span> <span class='ocrx_word' id='word_1_514' title='bbox 2658 4241 2672 4292; x_wconf 92' lang='lat'><strong>;</strong></span> <span class='ocrx_word' id='word_1_515' title='bbox 2707 4223 2747 4279; x_wconf 90' lang='lat' dir='ltr'><strong>ii</strong></span> <span class='ocrx_word' id='word_1_516' title='bbox 2771 4237 3077 4296; x_wconf 80' lang='lat' dir='ltr'><strong>pauperes</strong></span> <span class='ocrx_word' id='word_1_517' title='bbox 3110 4226 3252 4280; x_wconf 87' lang='lat' dir='ltr'><strong>sunt</strong></span> <span class='ocrx_word' id='word_1_518' title='bbox 3281 4223 3516 4298; x_wconf 86' lang='lat' dir='ltr'><strong>spiritu,</strong></span> <span class='ocrx_word' id='word_1_519' title='bbox 3535 4225 3644 4300; x_wconf 85' lang='lat' dir='ltr'><strong>qui</strong></span> 
     </span>
    </p>
   </div>
   <div class='ocr_carea' id='block_1_82' title="bbox 1967 4312 3634 4386">
    <p class='ocr_par' dir='ltr' id='par_1_82' title="bbox 1967 4312 3634 4386">
     <span class='ocr_line' id='line_1_82' title="bbox 1967 4312 3634 4386; baseline 0.001 -16"><span class='ocrx_word' id='word_1_520' title='bbox 1967 4329 2091 4370; x_wconf 92' lang='lat' dir='ltr'><strong>non</strong></span> <span class='ocrx_word' id='word_1_521' title='bbox 2117 4313 2197 4369; x_wconf 91' lang='lat' dir='ltr'><strong>ob</strong></span> <span class='ocrx_word' id='word_1_522' title='bbox 2229 4313 2416 4369; x_wconf 81' lang='lat' dir='ltr'><strong>ullam</strong></span> <span class='ocrx_word' id='word_1_523' title='bbox 2439 4313 2624 4371; x_wconf 87' lang='lat' dir='ltr'><strong>aliam</strong></span> <span class='ocrx_word' id='word_1_524' title='bbox 2654 4328 2910 4369; x_wconf 81' lang='lat' dir='ltr'><strong>causam</strong></span> <span class='ocrx_word' id='word_1_525' title='bbox 2958 4328 3256 4386; x_wconf 86' lang='lat' dir='ltr'><strong>pauperes</strong></span> <span class='ocrx_word' id='word_1_526' title='bbox 3301 4312 3443 4370; x_wconf 81' lang='lat' dir='ltr'><strong>facti</strong></span> <span class='ocrx_word' id='word_1_527' title='bbox 3473 4318 3634 4385; x_wconf 85' lang='lat' dir='ltr'><strong>sunt,</strong></span> 
     </span>
    </p>
   </div>
   <div class='ocr_carea' id='block_1_83' title="bbox 1967 4401 3642 4475">
    <p class='ocr_par' dir='ltr' id='par_1_83' title="bbox 1967 4401 3642 4475">
     <span class='ocr_line' id='line_1_83' title="bbox 1967 4401 3642 4475; baseline 0.002 -18"><span class='ocrx_word' id='word_1_528' title='bbox 1967 4401 2082 4458; x_wconf 88' lang='lat' dir='ltr'><strong>nisi</strong></span> <span class='ocrx_word' id='word_1_529' title='bbox 2112 4401 2194 4458; x_wconf 93' lang='lat' dir='ltr'><strong>ob</strong></span> <span class='ocrx_word' id='word_1_530' title='bbox 2219 4401 2562 4459; x_wconf 85' lang='lat' dir='ltr'><strong>doctrinam</strong></span> <span class='ocrx_word' id='word_1_531' title='bbox 2594 4401 2853 4470; x_wconf 87' lang='lat' dir='ltr'><strong>Domini,</strong></span> <span class='ocrx_word' id='word_1_532' title='bbox 2875 4401 2981 4475; x_wconf 90' lang='lat' dir='ltr'><strong>qui</strong></span> <span class='ocrx_word' id='word_1_533' title='bbox 3010 4401 3161 4460; x_wconf 85' lang='lat' dir='ltr'><strong>dixit</strong></span> <span class='ocrx_word' id='word_1_534' title='bbox 3193 4417 3207 4456; x_wconf 88' lang='lat'><strong>:</strong></span> <span class='ocrx_word' id='word_1_535' title='bbox 3247 4403 3427 4472; x_wconf 89' lang='lat' dir='ltr'><strong>Vade,</strong></span> <span class='ocrx_word' id='word_1_536' title='bbox 3452 4403 3642 4461; x_wconf 84' lang='lat' dir='ltr'><strong>vende</strong></span> 
     </span>
    </p>
   </div>
   <div class='ocr_carea' id='block_1_84' title="bbox 255 4492 1872 4568">
    <p class='ocr_par' dir='ltr' id='par_1_84' title="bbox 255 4493 1857 4568">
     <span class='ocr_line' id='line_1_84' title="bbox 255 4493 1857 4568; baseline 0.021 -40"><span class='ocrx_word' id='word_1_537' title='bbox 255 4515 362 4557; x_wconf 69' lang='grc' dir='ltr'><strong>τος.</strong></span> <span class='ocrx_word' id='word_1_538' title='bbox 427 4494 644 4568; x_wconf 48' lang='grc' dir='ltr'><strong>’Υπαγη</strong></span> <span class='ocrx_word' id='word_1_539' title='bbox 693 4494 938 4552; x_wconf 82' lang='grc' dir='ltr'>πώλησον</span> <span class='ocrx_word' id='word_1_540' title='bbox 994 4493 1165 4545; x_wconf 81' lang='grc' dir='ltr'>πάντα</span> <span class='ocrx_word' id='word_1_541' title='bbox 1211 4493 1313 4546; x_wconf 82' lang='grc' dir='ltr'>ὅσα</span> <span class='ocrx_word' id='word_1_542' title='bbox 1364 4494 1503 4564; x_wconf 75' lang='grc' dir='ltr'>ἔχεις</span> <span class='ocrx_word' id='word_1_543' title='bbox 1558 4493 1690 4564; x_wconf 69' lang='grc'>(86),</span> <span class='ocrx_word' id='word_1_544' title='bbox 1765 4498 1857 4548; x_wconf 66' lang='grc' dir='ltr'><strong>καὶ</strong></span> 
     </span>
    </p>
   </div>
   <div class='ocr_carea' id='block_1_85' title="bbox 1991 4492 3642 4568">
    <p class='ocr_par' dir='ltr' id='par_1_85' title="bbox 1991 4492 3642 4565">
     <span class='ocr_line' id='line_1_85' title="bbox 1991 4492 3642 4565; baseline 0.001 -19"><span class='ocrx_word' id='word_1_545' title='bbox 1991 4494 2172 4550; x_wconf 70' lang='grc' dir='ltr'><strong>ιηιηία</strong></span> <span class='ocrx_word' id='word_1_546' title='bbox 2194 4507 2330 4565; x_wconf 70' lang='lat' dir='ltr'><strong>qua!</strong></span> <span class='ocrx_word' id='word_1_547' title='bbox 2353 4492 2554 4559; x_wconf 85' lang='lat' dir='ltr'><strong>habes,</strong></span> <span class='ocrx_word' id='word_1_548' title='bbox 2575 4499 2630 4550; x_wconf 91' lang='lat' dir='ltr'><strong>et</strong></span> <span class='ocrx_word' id='word_1_549' title='bbox 2647 4493 2728 4550; x_wconf 88' lang='lat' dir='ltr'><strong>da</strong></span> <span class='ocrx_word' id='word_1_550' title='bbox 2747 4492 3118 4562; x_wconf 81' lang='lat' dir='ltr'><strong>pauperibus</strong></span> <span class='ocrx_word' id='word_1_551' title='bbox 3132 4493 3200 4548; x_wconf 86' lang='grc' dir='ltr'><strong>³ο.</strong></span> <span class='ocrx_word' id='word_1_552' title='bbox 3226 4492 3401 4557; x_wconf 87' lang='lat' dir='ltr'><strong>Quod</strong></span> <span class='ocrx_word' id='word_1_553' title='bbox 3417 4492 3642 4565; x_wconf 82' lang='lat' dir='ltr'><strong>siquis-</strong></span> 
     </span>
    </p>
   </div>
   <div class='ocr_carea' id='block_1_86' title="bbox 265 4580 1860 4657">
    <p class='ocr_par' dir='ltr' id='par_1_86' title="bbox 265 4580 1860 4657">
     <span class='ocr_line' id='line_1_86' title="bbox 265 4580 1860 4657; baseline -0.003 -17"><span class='ocrx_word' id='word_1_554' title='bbox 265 4583 357 4647; x_wconf 85' lang='grc' dir='ltr'><strong>δὸς</strong></span> <span class='ocrx_word' id='word_1_555' title='bbox 402 4591 661 4657; x_wconf 84' lang='grc' dir='ltr'>πτωχοῖς.</span> <span class='ocrx_word' id='word_1_556' title='bbox 720 4584 836 4638; x_wconf 79' lang='grc' dir='ltr'>Ἐὰν</span> <span class='ocrx_word' id='word_1_557' title='bbox 890 4580 950 4637; x_wconf 73' lang='grc' dir='ltr'><strong>δέ</strong></span> <span class='ocrx_word' id='word_1_558' title='bbox 1001 4602 1101 4649; x_wconf 85' lang='grc' dir='ltr'>τις,</span> <span class='ocrx_word' id='word_1_559' title='bbox 1166 4586 1256 4635; x_wconf 76' lang='grc' dir='ltr'>καὶ</span> <span class='ocrx_word' id='word_1_560' title='bbox 1306 4586 1392 4640; x_wconf 76' lang='grc' dir='ltr'>τὴν</span> <span class='ocrx_word' id='word_1_561' title='bbox 1450 4583 1691 4635; x_wconf 81' lang='grc' dir='ltr'>ὁπωσοῦν</span> <span class='ocrx_word' id='word_1_562' title='bbox 1726 4602 1860 4657; x_wconf 88' lang='grc' dir='ltr'>συμ-</span> 
     </span>
    </p>
   </div>
   <div class='ocr_carea' id='block_1_87' title="bbox 258 4670 1856 4747">
    <p class='ocr_par' dir='ltr' id='par_1_87' title="bbox 258 4670 1856 4747">
     <span class='ocr_line' id='line_1_87' title="bbox 258 4670 1856 4747; baseline -0.002 -18"><span class='ocrx_word' id='word_1_563' title='bbox 258 4675 424 4729; x_wconf 77' lang='grc' dir='ltr'>ϐᾶσαν</span> <span class='ocrx_word' id='word_1_564' title='bbox 476 4679 744 4747; x_wconf 85' lang='grc' dir='ltr'>πτωχείαν</span> <span class='ocrx_word' id='word_1_565' title='bbox 798 4670 1234 4746; x_wconf 76' lang='grc' dir='ltr'>καταδεξαμενος,</span> <span class='ocrx_word' id='word_1_566' title='bbox 1273 4670 1569 4747; x_wconf 74' lang='grc' dir='ltr'>κυϐερνήσῃ</span> <span class='ocrx_word' id='word_1_567' title='bbox 1618 4675 1746 4746; x_wconf 87' lang='grc' dir='ltr'>πρὸς</span> <span class='ocrx_word' id='word_1_568' title='bbox 1797 4676 1856 4726; x_wconf 82' lang='grc' dir='ltr'>τὸ</span> 
     </span>
    </p>
   </div>
   <div class='ocr_carea' id='block_1_88' title="bbox 261 4757 1856 4838">
    <p class='ocr_par' dir='ltr' id='par_1_88' title="bbox 261 4757 1856 4838">
     <span class='ocr_line' id='line_1_88' title="bbox 261 4757 1856 4838; baseline -0.002 -19"><span class='ocrx_word' id='word_1_569' title='bbox 261 4765 458 4838; x_wconf 75' lang='grc' dir='ltr'>θέλημα</span> <span class='ocrx_word' id='word_1_570' title='bbox 504 4770 596 4819; x_wconf 90' lang='grc' dir='ltr'><strong>τοῦ</strong></span> <span class='ocrx_word' id='word_1_571' title='bbox 643 4769 792 4832; x_wconf 72' lang='grc' dir='ltr'>Θεοῦ,</span> <span class='ocrx_word' id='word_1_572' title='bbox 851 4766 917 4826; x_wconf 83' lang='grc' dir='ltr'>ὡς</span> <span class='ocrx_word' id='word_1_573' title='bbox 959 4764 986 4818; x_wconf 91' lang='lat'><strong>6</strong></span> <span class='ocrx_word' id='word_1_574' title='bbox 1026 4763 1292 4836; x_wconf 80' lang='grc' dir='ltr'>Λάζαρος,</span> <span class='ocrx_word' id='word_1_575' title='bbox 1360 4757 1485 4815; x_wconf 69' lang='grc' dir='ltr'><strong>οὐδὲ</strong></span> <span class='ocrx_word' id='word_1_576' title='bbox 1546 4761 1699 4826; x_wconf 71' lang='grc' dir='ltr'>οὗτος</span> <span class='ocrx_word' id='word_1_577' title='bbox 1761 4769 1856 4816; x_wconf 90' lang='grc' dir='ltr'><strong>τοῦ</strong></span> 
     </span>
    </p>
   </div>
   <div class='ocr_carea' id='block_1_89' title="bbox 256 4853 914 4930">
    <p class='ocr_par' dir='ltr' id='par_1_89' title="bbox 256 4853 914 4930">
     <span class='ocr_line' id='line_1_89' title="bbox 256 4853 914 4930; baseline 0.005 -22"><span class='ocrx_word' id='word_1_578' title='bbox 256 4861 598 4930; x_wconf 84' lang='grc' dir='ltr'>μακαρισμοῦ</span> <span class='ocrx_word' id='word_1_579' title='bbox 622 4853 914 4917; x_wconf 80' lang='grc' dir='ltr'>ἀλλότοιος.</span> 
     </span>
    </p>
   </div>
   <div class='ocr_carea' id='block_1_90' title="bbox 328 5031 1872 5100">
    <p class='ocr_par' dir='ltr' id='par_1_90' title="bbox 328 5031 1872 5097">
     <span class='ocr_line' id='line_1_90' title="bbox 328 5031 1872 5097; baseline 0.001 -9"><span class='ocrx_word' id='word_1_580' title='bbox 328 5034 374 5069; x_wconf 79' lang='lat'><strong>&quot;</strong></span> <span class='ocrx_word' id='word_1_581' title='bbox 403 5031 604 5089; x_wconf 81' lang='lat' dir='ltr'><strong>Matth.</strong></span> <span class='ocrx_word' id='word_1_582' title='bbox 660 5047 778 5097; x_wconf 85' lang='lat' dir='ltr'><strong>xm,</strong></span> <span class='ocrx_word' id='word_1_583' title='bbox 835 5033 924 5088; x_wconf 78' lang='lat'><strong>23.</strong></span> <span class='ocrx_word' id='word_1_584' title='bbox 1003 5033 1051 5068; x_wconf 77' lang='grc'>³³</span> <span class='ocrx_word' id='word_1_585' title='bbox 1086 5032 1224 5088; x_wconf 88' lang='lat' dir='ltr'><strong>Luc.</strong></span> <span class='ocrx_word' id='word_1_586' title='bbox 1284 5047 1406 5097; x_wconf 77' lang='lat' dir='ltr'><strong>xix,</strong></span> <span class='ocrx_word' id='word_1_587' title='bbox 1452 5034 1536 5087; x_wconf 76' lang='grc'><strong>16.</strong></span> <span class='ocrx_word' id='word_1_588' title='bbox 1614 5032 1664 5068; x_wconf 81' lang='grc'>³³</span> <span class='ocrx_word' id='word_1_589' title='bbox 1691 5033 1872 5090; x_wconf 83' lang='lat' dir='ltr'><strong>Matth</strong></span> 
     </span>
    </p>
   </div>
   <div class='ocr_carea' id='block_1_91' title="bbox 1991 5031 2231 5100">
    <p class='ocr_par' dir='ltr' id='par_1_91' title="bbox 1994 5037 2231 5100">
     <span class='ocr_line' id='line_1_91' title="bbox 1994 5037 2231 5100; baseline 0.008 -12"><span class='ocrx_word' id='word_1_590' title='bbox 1994 5050 2090 5100; x_wconf 85' lang='lat' dir='ltr'><strong>xv,</strong></span> <span class='ocrx_word' id='word_1_591' title='bbox 2148 5037 2231 5090; x_wconf 82' lang='lat' dir='ltr'><strong>l5.</strong></span> 
     </span>
    </p>
   </div>
   <div class='ocr_carea' id='block_1_92' title="bbox 253 5103 1891 5176">
    <p class='ocr_par' dir='ltr' id='par_1_92' title="bbox 253 5103 1891 5176">
     <span class='ocr_line' id='line_1_92' title="bbox 253 5103 1891 5176; baseline 0 -14"><span class='ocrx_word' id='word_1_592' title='bbox 253 5104 302 5140; x_wconf 83' lang='grc'>²⁶</span> <span class='ocrx_word' id='word_1_593' title='bbox 333 5104 536 5163; x_wconf 78' lang='lat' dir='ltr'><strong>Matth.</strong></span> <span class='ocrx_word' id='word_1_594' title='bbox 566 5120 627 5175; x_wconf 89' lang='lat' dir='ltr'><strong>v,</strong></span> <span class='ocrx_word' id='word_1_595' title='bbox 659 5108 712 5161; x_wconf 87' lang='lat'><strong>3.</strong></span> <span class='ocrx_word' id='word_1_596' title='bbox 789 5105 834 5140; x_wconf 74' lang='grc'><strong>³⁷</strong></span> <span class='ocrx_word' id='word_1_597' title='bbox 867 5103 1044 5161; x_wconf 87' lang='lat' dir='ltr'><strong>Joan.</strong></span> <span class='ocrx_word' id='word_1_598' title='bbox 1074 5119 1153 5173; x_wconf 74' lang='lat' dir='ltr'><strong>vr,</strong></span> <span class='ocrx_word' id='word_1_599' title='bbox 1187 5105 1278 5162; x_wconf 69' lang='grc'><strong>64.</strong></span> <span class='ocrx_word' id='word_1_600' title='bbox 1355 5104 1402 5140; x_wconf 75' lang='grc'><strong>³⁸</strong></span> <span class='ocrx_word' id='word_1_601' title='bbox 1441 5106 1613 5162; x_wconf 84' lang='lat' dir='ltr'><strong>Joan.</strong></span> <span class='ocrx_word' id='word_1_602' title='bbox 1646 5121 1770 5176; x_wconf 72' lang='lat' dir='ltr'><strong>xxv,</strong></span> <span class='ocrx_word' id='word_1_603' title='bbox 1801 5109 1891 5162; x_wconf 82' lang='lat'><strong>26.</strong></span> 
     </span>
    </p>
   </div>
   <div class='ocr_carea' id='block_1_93' title="bbox 326 5299 1853 5373">
    <p class='ocr_par' dir='ltr' id='par_1_93' title="bbox 326 5299 1853 5373">
     <span class='ocr_line' id='line_1_93' title="bbox 326 5299 1853 5373; baseline -0.001 -17"><span class='ocrx_word' id='word_1_604' title='bbox 326 5301 440 5370; x_wconf 73' lang='lat'><strong>(82)</strong></span> <span class='ocrx_word' id='word_1_605' title='bbox 469 5300 671 5373; x_wconf 81' lang='lat' dir='ltr'><strong>Codex</strong></span> <span class='ocrx_word' id='word_1_606' title='bbox 690 5299 865 5373; x_wconf 84' lang='lat' dir='ltr'><strong>Colb.</strong></span> <span class='ocrx_word' id='word_1_607' title='bbox 893 5299 1043 5373; x_wconf 80' lang='grc' dir='ltr'>λόγον</span> <span class='ocrx_word' id='word_1_608' title='bbox 1064 5320 1191 5373; x_wconf 84' lang='grc' dir='ltr'>μου.</span> <span class='ocrx_word' id='word_1_609' title='bbox 1222 5304 1362 5371; x_wconf 80' lang='lat' dir='ltr'><strong>Reg.</strong></span> <span class='ocrx_word' id='word_1_610' title='bbox 1397 5301 1605 5358; x_wconf 87' lang='lat' dir='ltr'><strong>tertius</strong></span> <span class='ocrx_word' id='word_1_611' title='bbox 1630 5311 1731 5355; x_wconf 82' lang='grc' dir='ltr'>τῶν</span> <span class='ocrx_word' id='word_1_612' title='bbox 1759 5301 1853 5373; x_wconf 71' lang='grc' dir='ltr'><strong>λό-</strong></span> 
     </span>
    </p>
   </div>
   <div class='ocr_carea' id='block_1_94' title="bbox 289 5370 1854 5448">
    <p class='ocr_par' dir='ltr' id='par_1_94' title="bbox 289 5370 1854 5448">
     <span class='ocr_line' id='line_1_94' title="bbox 289 5370 1854 5448; baseline 0 -19"><span class='ocrx_word' id='word_1_613' title='bbox 289 5393 383 5448; x_wconf 75' lang='grc' dir='ltr'>ων.</span> <span class='ocrx_word' id='word_1_614' title='bbox 406 5375 536 5448; x_wconf 79' lang='lat' dir='ltr'><strong>Mox</strong></span> <span class='ocrx_word' id='word_1_615' title='bbox 559 5371 703 5448; x_wconf 80' lang='lat' dir='ltr'><strong>editi</strong></span> <span class='ocrx_word' id='word_1_616' title='bbox 732 5377 789 5448; x_wconf 55' lang='lat' dir='ltr'><strong>ei</strong></span> <span class='ocrx_word' id='word_1_617' title='bbox 813 5371 936 5448; x_wconf 66' lang='lat' dir='ltr'><strong>duo</strong></span> <span class='ocrx_word' id='word_1_618' title='bbox 961 5370 1114 5448; x_wconf 32' lang='lat' dir='ltr'><strong>&#39;m_s&#39;s.</strong></span> <span class='ocrx_word' id='word_1_619' title='bbox 1145 5372 1228 5426; x_wconf 74' lang='grc' dir='ltr'><strong>ἐπὶ</strong></span> <span class='ocrx_word' id='word_1_620' title='bbox 1373 5379 1466 5433; x_wconf 79' lang='grc' dir='ltr'>τὴν</span> <span class='ocrx_word' id='word_1_621' title='bbox 1492 5379 1621 5448; x_wconf 86' lang='grc' dir='ltr'>μνᾶν</span> <span class='ocrx_word' id='word_1_622' title='bbox 1666 5370 1854 5429; x_wconf 73' lang='grc' dir='ltr'>ὐποδε·</span> 
     </span>
    </p>
   </div>
   <div class='ocr_carea' id='block_1_95' title="bbox 251 5393 1426 5516">
    <p class='ocr_par' dir='ltr' id='par_1_95' title="bbox 251 5393 1426 5516">
     <span class='ocr_line' id='line_1_95' title="bbox 289 5393 1426 5444; baseline -0.002 -16"><span class='ocrx_word' id='word_1_623' title='bbox 289 5393 376 5428; x_wconf 73' lang='grc' dir='ltr'><strong>ων.</strong></span> <span class='ocrx_word' id='word_1_624' title='bbox 407 5393 532 5429; x_wconf 67' lang='lat' dir='ltr'><strong>MOI</strong></span> <span class='ocrx_word' id='word_1_625' title='bbox 559 5393 703 5428; x_wconf 79' lang='lat' dir='ltr'><strong>eam</strong></span> <span class='ocrx_word' id='word_1_626' title='bbox 732 5393 789 5428; x_wconf 74' lang='grc' dir='ltr'>ει</span> <span class='ocrx_word' id='word_1_627' title='bbox 813 5393 936 5427; x_wconf 80' lang='grc' dir='ltr'><strong>(1υο</strong></span> <span class='ocrx_word' id='word_1_628' title='bbox 969 5393 1114 5429; x_wconf 75' lang='lat' dir='ltr'><strong>H158.</strong></span> <span class='ocrx_word' id='word_1_629' title='bbox 1145 5393 1228 5426; x_wconf 82' lang='grc' dir='ltr'><strong>επε</strong></span> <span class='ocrx_word' id='word_1_630' title='bbox 1257 5393 1330 5444; x_wconf 80' lang='grc' dir='ltr'><strong>τῳ</strong></span> <span class='ocrx_word' id='word_1_631' title='bbox 1373 5393 1426 5433; x_wconf 66' lang='grc' dir='ltr'>τη</span> 
     </span>
     <span class='ocr_line' id='line_1_96' title="bbox 251 5393 1426 5516; baseline 0.007 -21"><span class='ocrx_word' id='word_1_632' title='bbox 251 5393 474 5516; x_wconf 68' lang='grc' dir='ltr'>Ξαμὲνῳ.</span> <span class='ocrx_word' id='word_1_633' title='bbox 511 5443 712 5501; x_wconf 91' lang='lat' dir='ltr'><strong>Codex</strong></span> <span class='ocrx_word' id='word_1_634' title='bbox 739 5443 906 5501; x_wconf 90' lang='lat' dir='ltr'><strong>Colb.</strong></span> <span class='ocrx_word' id='word_1_635' title='bbox 941 5449 1006 5500; x_wconf 89' lang='lat' dir='ltr'><strong>ut</strong></span> <span class='ocrx_word' id='word_1_636' title='bbox 1027 5444 1088 5516; x_wconf 79' lang='lat' dir='ltr'><strong>in</strong></span> <span class='ocrx_word' id='word_1_637' title='bbox 1120 5450 1426 5504; x_wconf 83' lang='lat' dir='ltr'><strong>contextu.</strong></span> 
     </span>
    </p>
   </div>
   <div class='ocr_carea' id='block_1_96' title="bbox 328 5513 1286 5584">
    <p class='ocr_par' dir='ltr' id='par_1_96' title="bbox 328 5513 1286 5584">
     <span class='ocr_line' id='line_1_97' title="bbox 328 5513 1286 5584; baseline 0 -16"><span class='ocrx_word' id='word_1_638' title='bbox 328 5513 434 5584; x_wconf 70' lang='grc' dir='ltr'><strong>(83ὶ</strong></span> <span class='ocrx_word' id='word_1_639' title='bbox 468 5516 669 5572; x_wconf 83' lang='lat' dir='ltr'><strong>Codex</strong></span> <span class='ocrx_word' id='word_1_640' title='bbox 697 5515 863 5571; x_wconf 92' lang='lat' dir='ltr'><strong>Colb.</strong></span> <span class='ocrx_word' id='word_1_641' title='bbox 895 5522 1001 5577; x_wconf 84' lang='grc' dir='ltr'>πῶς</span> <span class='ocrx_word' id='word_1_642' title='bbox 1024 5513 1286 5579; x_wconf 78' lang='grc' dir='ltr'>ἁξιουται.</span> 
     </span>
    </p>
   </div>
   <div class='ocr_carea' id='block_1_97' title="bbox 328 5585 1854 5664">
    <p class='ocr_par' dir='ltr' id='par_1_97' title="bbox 328 5585 1854 5664">
     <span class='ocr_line' id='line_1_98' title="bbox 328 5585 1854 5664; baseline 0.002 -23"><span class='ocrx_word' id='word_1_643' title='bbox 328 5587 443 5654; x_wconf 77' lang='grc'><strong>(84)</strong></span> <span class='ocrx_word' id='word_1_644' title='bbox 479 5588 620 5664; x_wconf 56' lang='lat' dir='ltr'><strong>Reg.</strong></span> <span class='ocrx_word' id='word_1_645' title='bbox 645 5587 848 5664; x_wconf 74' lang='lat' dir='ltr'><strong>tertius</strong></span> <span class='ocrx_word' id='word_1_646' title='bbox 879 5586 1227 5664; x_wconf 78' lang='lat' dir='ltr'><strong>perinde_ut</strong></span> <span class='ocrx_word' id='word_1_647' title='bbox 1255 5587 1398 5646; x_wconf 84' lang='lat' dir='ltr'><strong>editi</strong></span> <span class='ocrx_word' id='word_1_648' title='bbox 1428 5585 1589 5664; x_wconf 64' lang='grc' dir='ltr'>δξώσει</span> <span class='ocrx_word' id='word_1_649' title='bbox 1619 5591 1740 5664; x_wconf 80' lang='grc' dir='ltr'>ὑμῖν</span> <span class='ocrx_word' id='word_1_650' title='bbox 1795 5593 1854 5644; x_wconf 85' lang='grc' dir='ltr'>τὸ</span> 
     </span>
    </p>
   </div>
   <div class='ocr_carea' id='block_1_98' title="bbox 253 5657 1854 5732">
    <p class='ocr_par' dir='ltr' id='par_1_98' title="bbox 253 5657 1854 5732">
     <span class='ocr_line' id='line_1_99' title="bbox 253 5657 1854 5732; baseline 0.004 -18"><span class='ocrx_word' id='word_1_651' title='bbox 253 5664 488 5732; x_wconf 76' lang='grc' dir='ltr'>Πνιυμα.</span> <span class='ocrx_word' id='word_1_652' title='bbox 512 5657 624 5716; x_wconf 80' lang='lat' dir='ltr'><strong>Alii</strong></span> <span class='ocrx_word' id='word_1_653' title='bbox 641 5657 766 5718; x_wconf 91' lang='lat' dir='ltr'><strong>duo</strong></span> <span class='ocrx_word' id='word_1_654' title='bbox 793 5657 940 5718; x_wconf 46' lang='lat' dir='ltr'><strong>ms‘s.</strong></span> <span class='ocrx_word' id='word_1_655' title='bbox 963 5675 1104 5719; x_wconf 88' lang='lat' dir='ltr'><strong>cum</strong></span> <span class='ocrx_word' id='word_1_656' title='bbox 1133 5659 1313 5719; x_wconf 87' lang='lat' dir='ltr'><strong>Voss.</strong></span> <span class='ocrx_word' id='word_1_657' title='bbox 1335 5665 1400 5721; x_wconf 92' lang='lat' dir='ltr'><strong>ut</strong></span> <span class='ocrx_word' id='word_1_658' title='bbox 1444 5662 1508 5721; x_wconf 89' lang='lat' dir='ltr'><strong>in</strong></span> <span class='ocrx_word' id='word_1_659' title='bbox 1550 5657 1854 5724; x_wconf 82' lang='lat' dir='ltr'><strong>contextu.</strong></span> 
     </span>
    </p>
   </div>
   <div class='ocr_carea' id='block_1_99' title="bbox 1963 4580 3635 4657">
    <p class='ocr_par' dir='ltr' id='par_1_99' title="bbox 1963 4580 3635 4657">
     <span class='ocr_line' id='line_1_100' title="bbox 1963 4580 3635 4657; baseline 0.002 -18"><span class='ocrx_word' id='word_1_660' title='bbox 1963 4583 2576 4657; x_wconf 87' lang='lat' dir='ltr'><strong>piam,paupertatem</strong></span> <span class='ocrx_word' id='word_1_661' title='bbox 2589 4582 2702 4639; x_wconf 87' lang='lat' dir='ltr'><strong>sibi</strong></span> <span class='ocrx_word' id='word_1_662' title='bbox 2713 4582 2892 4639; x_wconf 88' lang='lat' dir='ltr'><strong>etiam</strong></span> <span class='ocrx_word' id='word_1_663' title='bbox 2905 4580 3344 4654; x_wconf 90' lang='lat' dir='ltr'><strong>quoquomodo</strong></span> <span class='ocrx_word' id='word_1_664' title='bbox 3361 4581 3635 4642; x_wconf 87' lang='lat' dir='ltr'><strong>oblatam</strong></span> 
     </span>
    </p>
   </div>
   <div class='ocr_carea' id='block_1_100' title="bbox 1965 4670 3638 4746">
    <p class='ocr_par' dir='ltr' id='par_1_100' title="bbox 1965 4670 3638 4746">
     <span class='ocr_line' id='line_1_101' title="bbox 1965 4670 3638 4746; baseline 0 -16"><span class='ocrx_word' id='word_1_665' title='bbox 1965 4673 2304 4746; x_wconf 87' lang='lat' dir='ltr'><strong>amplexus,</strong></span> <span class='ocrx_word' id='word_1_666' title='bbox 2332 4673 2493 4729; x_wconf 90' lang='lat' dir='ltr'><strong>hanc</strong></span> <span class='ocrx_word' id='word_1_667' title='bbox 2515 4672 2595 4730; x_wconf 92' lang='lat' dir='ltr'><strong>ad</strong></span> <span class='ocrx_word' id='word_1_668' title='bbox 2612 4672 2714 4730; x_wconf 91' lang='lat' dir='ltr'><strong>Dei</strong></span> <span class='ocrx_word' id='word_1_669' title='bbox 2730 4672 3104 4729; x_wconf 90' lang='lat' dir='ltr'><strong>voluntatem</strong></span> <span class='ocrx_word' id='word_1_670' title='bbox 3132 4670 3419 4728; x_wconf 82' lang='lat' dir='ltr'><strong>direxerit</strong></span> <span class='ocrx_word' id='word_1_671' title='bbox 3435 4687 3638 4730; x_wconf 88' lang='lat' dir='ltr'><strong>exem-</strong></span> 
     </span>
    </p>
   </div>
   <div class='ocr_carea' id='block_1_101' title="bbox 1964 4759 3638 4837">
    <p class='ocr_par' dir='ltr' id='par_1_101' title="bbox 1964 4759 3638 4837">
     <span class='ocr_line' id='line_1_102' title="bbox 1964 4759 3638 4837; baseline 0.002 -19"><span class='ocrx_word' id='word_1_672' title='bbox 1964 4762 2069 4836; x_wconf 89' lang='lat' dir='ltr'><strong>plo</strong></span> <span class='ocrx_word' id='word_1_673' title='bbox 2095 4764 2317 4836; x_wconf 85' lang='lat' dir='ltr'><strong>Lazari,</strong></span> <span class='ocrx_word' id='word_1_674' title='bbox 2347 4778 2424 4820; x_wconf 88' lang='lat' dir='ltr'><strong>ne</strong></span> <span class='ocrx_word' id='word_1_675' title='bbox 2451 4763 2552 4821; x_wconf 90' lang='lat' dir='ltr'><strong>hic</strong></span> <span class='ocrx_word' id='word_1_676' title='bbox 2580 4763 2832 4837; x_wconf 91' lang='lat' dir='ltr'><strong>quidem</strong></span> <span class='ocrx_word' id='word_1_677' title='bbox 2858 4761 2940 4820; x_wconf 90' lang='lat' dir='ltr'><strong>ab</strong></span> <span class='ocrx_word' id='word_1_678' title='bbox 2973 4761 3077 4819; x_wconf 88' lang='lat' dir='ltr'><strong>illa</strong></span> <span class='ocrx_word' id='word_1_679' title='bbox 3095 4759 3471 4820; x_wconf 86' lang='lat' dir='ltr'><strong>beatitudine</strong></span> <span class='ocrx_word' id='word_1_680' title='bbox 3497 4761 3638 4821; x_wconf 87' lang='lat' dir='ltr'><strong>alie-</strong></span> 
     </span>
    </p>
   </div>
   <div class='ocr_carea' id='block_1_102' title="bbox 1964 4857 2224 4911">
    <p class='ocr_par' dir='ltr' id='par_1_102' title="bbox 1964 4857 2224 4911">
     <span class='ocr_line' id='line_1_103' title="bbox 1964 4857 2224 4911; baseline 0.004 -1"><span class='ocrx_word' id='word_1_681' title='bbox 1964 4867 2081 4910; x_wconf 89' lang='lat' dir='ltr'><strong>nus</strong></span> <span class='ocrx_word' id='word_1_682' title='bbox 2115 4857 2224 4911; x_wconf 91' lang='lat' dir='ltr'><strong>est.</strong></span> 
     </span>
    </p>
   </div>
   <div class='ocr_carea' id='block_1_103' title="bbox 2311 5031 3628 5106">
    <p class='ocr_par' dir='ltr' id='par_1_103' title="bbox 2311 5031 3628 5106">
     <span class='ocr_line' id='line_1_104' title="bbox 2311 5031 3628 5106; baseline 0 -16"><span class='ocrx_word' id='word_1_683' title='bbox 2311 5035 2360 5070; x_wconf 72' lang='grc'>³⁸</span> <span class='ocrx_word' id='word_1_684' title='bbox 2387 5035 2736 5106; x_wconf 67' lang='lat' dir='ltr'><strong>Joan._xw,</strong></span> <span class='ocrx_word' id='word_1_685' title='bbox 2798 5031 3001 5106; x_wconf 59' lang='lat'><strong>1547.</strong></span> <span class='ocrx_word' id='word_1_686' title='bbox 3077 5031 3126 5068; x_wconf 76' lang='grc'>³⁵</span> <span class='ocrx_word' id='word_1_687' title='bbox 3164 5033 3335 5090; x_wconf 83' lang='lat' dir='ltr'><strong>Joan.</strong></span> <span class='ocrx_word' id='word_1_688' title='bbox 3394 5048 3495 5103; x_wconf 86' lang='lat' dir='ltr'><strong>xv,</strong></span> <span class='ocrx_word' id='word_1_689' title='bbox 3539 5034 3628 5092; x_wconf 79' lang='lat' dir='ltr'><strong>t9.</strong></span> 
     </span>
    </p>
   </div>
   <div class='ocr_carea' id='block_1_104' title="bbox 1971 5104 3131 5176">
    <p class='ocr_par' dir='ltr' id='par_1_104' title="bbox 1971 5104 3131 5176">
     <span class='ocr_line' id='line_1_105' title="bbox 1971 5104 3131 5176; baseline 0.001 -16"><span class='ocrx_word' id='word_1_690' title='bbox 1971 5107 2020 5142; x_wconf 74' lang='grc'><strong>³⁸</strong></span> <span class='ocrx_word' id='word_1_691' title='bbox 2046 5106 2221 5164; x_wconf 88' lang='lat' dir='ltr'><strong>Joan.</strong></span> <span class='ocrx_word' id='word_1_692' title='bbox 2253 5122 2374 5176; x_wconf 79' lang='lat' dir='ltr'><strong>xv1,</strong></span> <span class='ocrx_word' id='word_1_693' title='bbox 2408 5111 2493 5164; x_wconf 82' lang='lat' dir='ltr'><strong>l3.</strong></span> <span class='ocrx_word' id='word_1_694' title='bbox 2570 5105 2619 5140; x_wconf 77' lang='grc' dir='ltr'><strong>⁸ο</strong></span> <span class='ocrx_word' id='word_1_695' title='bbox 2658 5104 2856 5163; x_wconf 80' lang='lat' dir='ltr'><strong>Matth.</strong></span> <span class='ocrx_word' id='word_1_696' title='bbox 2889 5104 3008 5170; x_wconf 76' lang='lat' dir='ltr'><strong>xix,</strong></span> <span class='ocrx_word' id='word_1_697' title='bbox 3039 5107 3131 5162; x_wconf 82' lang='grc'><strong>21.</strong></span> 
     </span>
    </p>
   </div>
   <div class='ocr_carea' id='block_1_105' title="bbox 2036 5300 3626 5378">
    <p class='ocr_par' dir='ltr' id='par_1_105' title="bbox 2036 5300 3626 5378">
     <span class='ocr_line' id='line_1_106' title="bbox 2036 5300 3626 5378; baseline 0.001 -18"><span class='ocrx_word' id='word_1_698' title='bbox 2036 5303 2144 5375; x_wconf 76' lang='grc'><strong>(85)</strong></span> <span class='ocrx_word' id='word_1_699' title='bbox 2179 5303 2381 5378; x_wconf 80' lang='lat' dir='ltr'><strong>Codex</strong></span> <span class='ocrx_word' id='word_1_700' title='bbox 2411 5303 2593 5378; x_wconf 46' lang='lat' dir='ltr'><strong>Colb.</strong></span> <span class='ocrx_word' id='word_1_701' title='bbox 2614 5305 2905 5378; x_wconf 73' lang='grc' dir='ltr'>ὑπομνήσει</span> <span class='ocrx_word' id='word_1_702' title='bbox 2926 5303 3056 5378; x_wconf 51' lang='lat' dir='ltr'><strong>fidat.</strong></span> <span class='ocrx_word' id='word_1_703' title='bbox 3110 5300 3434 5375; x_wconf 72' lang='lat' dir='ltr'><strong>Aliquanto</strong></span> <span class='ocrx_word' id='word_1_704' title='bbox 3488 5307 3626 5378; x_wconf 89' lang='lat' dir='ltr'><strong>post</strong></span> 
     </span>
    </p>
   </div>
   <div class='ocr_carea' id='block_1_106' title="bbox 1965 5374 3162 5449">
    <p class='ocr_par' dir='ltr' id='par_1_106' title="bbox 1965 5374 3162 5449">
     <span class='ocr_line' id='line_1_107' title="bbox 1965 5374 3162 5449; baseline -0.002 -17"><span class='ocrx_word' id='word_1_705' title='bbox 1965 5379 2106 5445; x_wconf 76' lang='lat' dir='ltr'><strong>Reg.</strong></span> <span class='ocrx_word' id='word_1_706' title='bbox 2133 5374 2368 5449; x_wconf 88' lang='lat' dir='ltr'><strong>primus</strong></span> <span class='ocrx_word' id='word_1_707' title='bbox 2394 5381 2450 5449; x_wconf 84' lang='lat' dir='ltr'><strong>et</strong></span> <span class='ocrx_word' id='word_1_708' title='bbox 2473 5375 2640 5432; x_wconf 89' lang='lat' dir='ltr'><strong>Colb.</strong></span> <span class='ocrx_word' id='word_1_709' title='bbox 2672 5374 2899 5449; x_wconf 44' lang='lat' dir='ltr'><strong>ageses,</strong></span> <span class='ocrx_word' id='word_1_710' title='bbox 2925 5374 3053 5449; x_wconf 73' lang='grc' dir='ltr'>λαλή</span> <span class='ocrx_word' id='word_1_711' title='bbox 3065 5393 3162 5430; x_wconf 83' lang='grc' dir='ltr'>σεε.</span> 
     </span>
    </p>
   </div>
   <div class='ocr_carea' id='block_1_107' title="bbox 2035 5446 3625 5520">
    <p class='ocr_par' dir='ltr' id='par_1_107' title="bbox 2035 5446 3625 5520">
     <span class='ocr_line' id='line_1_108' title="bbox 2035 5446 3625 5520; baseline -0.003 -17"><span class='ocrx_word' id='word_1_712' title='bbox 2035 5446 2151 5518; x_wconf 64' lang='grc'><strong>(861</strong></span> <span class='ocrx_word' id='word_1_713' title='bbox 2184 5449 2322 5513; x_wconf 71' lang='lat' dir='ltr'><strong>Reg.</strong></span> <span class='ocrx_word' id='word_1_714' title='bbox 2351 5447 2586 5520; x_wconf 86' lang='lat' dir='ltr'><strong>primus</strong></span> <span class='ocrx_word' id='word_1_715' title='bbox 2619 5446 2879 5520; x_wconf 55' lang='lat' dir='ltr'><strong>etVoss&#39;.</strong></span> <span class='ocrx_word' id='word_1_716' title='bbox 2905 5446 3150 5520; x_wconf 66' lang='grc' dir='ltr'>πώλῃσόν</span> <span class='ocrx_word' id='word_1_717' title='bbox 3183 5465 3277 5520; x_wconf 63' lang='grc' dir='ltr'><strong>σου</strong></span> <span class='ocrx_word' id='word_1_718' title='bbox 3331 5447 3397 5497; x_wconf 83' lang='grc' dir='ltr'><strong>τὰ</strong></span> <span class='ocrx_word' id='word_1_719' title='bbox 3449 5446 3625 5520; x_wconf 67' lang='grc' dir='ltr'>ὑπάρ-</span> 
     </span>
    </p>
   </div>
   <div class='ocr_carea' id='block_1_108' title="bbox 1964 5514 3620 5592">
    <p class='ocr_par' dir='ltr' id='par_1_108' title="bbox 1964 5514 3620 5592">
     <span class='ocr_line' id='line_1_109' title="bbox 1964 5514 3620 5592; baseline -0.001 -20"><span class='ocrx_word' id='word_1_720' title='bbox 1964 5514 2154 5592; x_wconf 47' lang='grc' dir='ltr'>χοθτα,</span> <span class='ocrx_word' id='word_1_721' title='bbox 2181 5524 2290 5575; x_wconf 83' lang='grc' dir='ltr'>καὶ.</span> <span class='ocrx_word' id='word_1_722' title='bbox 2326 5514 2555 5575; x_wconf 85' lang='lat' dir='ltr'><strong>Ibidem</strong></span> <span class='ocrx_word' id='word_1_723' title='bbox 2583 5519 2780 5592; x_wconf 74' lang='lat' dir='ltr'><strong>codex</strong></span> <span class='ocrx_word' id='word_1_724' title='bbox 2816 5517 2983 5572; x_wconf 90' lang='lat' dir='ltr'><strong>Colb.</strong></span> <span class='ocrx_word' id='word_1_725' title='bbox 3017 5517 3208 5592; x_wconf 70' lang='lat' dir='ltr'><strong>iusius</strong></span> <span class='ocrx_word' id='word_1_726' title='bbox 3233 5514 3322 5577; x_wconf 83' lang='grc' dir='ltr'><strong>δὸς</strong></span> <span class='ocrx_word' id='word_1_727' title='bbox 3359 5514 3620 5592; x_wconf 74' lang='grc' dir='ltr'>πτωχοῗς,</span> 
     </span>
    </p>
   </div>
   <div class='ocr_carea' id='block_1_109' title="bbox 1964 5577 3626 5666">
    <p class='ocr_par' dir='ltr' id='par_1_109' title="bbox 1964 5577 3626 5666">
     <span class='ocr_line' id='line_1_110' title="bbox 1964 5577 3626 5666; baseline 0 -22"><span class='ocrx_word' id='word_1_728' title='bbox 1964 5577 2054 5644; x_wconf 50' lang='lat' dir='ltr'><strong>gari</strong></span> <span class='ocrx_word' id='word_1_729' title='bbox 2112 5577 2241 5655; x_wconf 68' lang='grc' dir='ltr'>ἕξεις</span> <span class='ocrx_word' id='word_1_730' title='bbox 2307 5593 2572 5666; x_wconf 79' lang='grc' dir='ltr'>θησαυρὸν</span> <span class='ocrx_word' id='word_1_731' title='bbox 2630 5589 2677 5643; x_wconf 79' lang='grc' dir='ltr'>ἕν</span> <span class='ocrx_word' id='word_1_732' title='bbox 2712 5589 2981 5666; x_wconf 40' lang='grc' dir='ltr'>ὀὐρανοῖῇ</span> <span class='ocrx_word' id='word_1_733' title='bbox 3037 5593 3126 5640; x_wconf 85' lang='grc' dir='ltr'><strong>καὶ</strong></span> <span class='ocrx_word' id='word_1_734' title='bbox 3168 5585 3322 5662; x_wconf 83' lang='grc' dir='ltr'>δευρο</span> <span class='ocrx_word' id='word_1_735' title='bbox 3356 5577 3626 5644; x_wconf 54' lang='grc' dir='ltr'>ἀκολούθεὶ</span> 
     </span>
    </p>
   </div>
   <div class='ocr_carea' id='block_1_110' title="bbox 1966 5659 3065 5737">
    <p class='ocr_par' dir='ltr' id='par_1_110' title="bbox 1966 5659 3065 5737">
     <span class='ocr_line' id='line_1_111' title="bbox 1966 5659 3065 5737; baseline -0.002 -19"><span class='ocrx_word' id='word_1_736' title='bbox 1966 5683 2078 5736; x_wconf 83' lang='grc' dir='ltr'>μοι.</span> <span class='ocrx_word' id='word_1_737' title='bbox 2111 5665 2244 5723; x_wconf 90' lang='lat' dir='ltr'><strong>Mox</strong></span> <span class='ocrx_word' id='word_1_738' title='bbox 2264 5678 2423 5722; x_wconf 89' lang='lat' dir='ltr'><strong>unus</strong></span> <span class='ocrx_word' id='word_1_739' title='bbox 2441 5659 2558 5724; x_wconf 79' lang='lat' dir='ltr'><strong>nis.</strong></span> <span class='ocrx_word' id='word_1_740' title='bbox 2590 5659 2870 5737; x_wconf 77' lang='grc' dir='ltr'>συμϐᾶσαν</span> <span class='ocrx_word' id='word_1_741' title='bbox 2900 5659 3065 5733; x_wconf 76' lang='grc' dir='ltr'>αὐτῷ.</span> 
     </span>
    </p>
   </div>
  </div>
