4114 6368
334 289 466 341 1225
1472 287 1512 339 Β
1524 285 1606 337 ΕΘ
1619 287 1656 339 [τ
1669 284 1780 339 LE
1819 285 2117 339 BREVIUS
2155 288 2545 346 TRACTAT/E
3547 307 3686 360 1220

321 414 693 484 χρηστότητα,
751 408 818 470 εἰς
871 409 1167 483 εῦιργεσίαν
1221 409 1297 481 (5)
1349 417 1450 460 τῶν
1502 404 1917 465 ὀπωσὸηποτοῦν

2058 409 2253 482 [υὶρρρ
2283 429 2419 484 quae
2444 417 2761 487 quoslibet,
2797 419 3022 492 quibus
3046 437 3202 493 opus
3233 428 3338 494 est,
3371 424 3683 483 beneﬁciis

314 496 662 572 ἐπιδεομίνων
737 501 928 559 ταύτης
970 515 983 529 ·
1045 503 1370 571 συνηγμένην
1455 494 1514 552 δὲ
1578 497 1767 571 μᾶλλον
1819 503 1914 556 την

2057 497 2248 556 meiat
2266 518 2279 568 ;
2304 505 2764 561 contractiorem
2781 523 2922 563 vero
2943 524 3075 563 esse
3093 509 3445 579 bonitatem,
3462 519 3527 570 ut
3545 531 3682 589 qua

316 586 687 658 ἁγαθωσύνην,
720 592 810 640 καὶ
865 595 974 650 τοῖς
996 597 1088 650 τῆς
1142 586 1485 649 δικαιοσύνης
1525 586 1697 659 λόγοις
1724 585 1772 640 ἓν
1799 595 1914 650 ταῖς

2022 587 2083 643 in
2113 588 2334 647 dandis
2355 591 2666 650 beneﬁciis
2700 596 2946 666 justitiae
2976 599 3241 656 rationes
3267 585 3570 662 adhibeat.

307 676 626 752 εὐεργεσίαις
657 683 1027 751 συγχωμίνην.

867 775 1184 823 ΕΡΩΤΗΣΙΣ
1224 769 1356 825 ΣῘΕ.
2466 778 2485 830 l

2466 776 2990 832 lNTERROGATlO
3031 778 3228 834 CCXV.

307 861 400 921 Τίς
453 856 596 910 ἔστιν
649 859 675 912 ὁ
713 860 814 912 ὑπὸ
863 867 954 913 τοῦ
1003 865 1198 945 Κυρίου
1243 861 1660 933 μακαριζόμενος
1705 859 1908 933 εἰρηνο-

2052 857 2164 925 luis
2192 862 2268 917 sit
2286 864 2604 933 paciﬁcus,
2649 867 2752 938 qui
2781 880 2818 923 a
2851 866 3106 924 Domino
3134 867 3364 925 dicitur
3395 870 3677 930 beatus“.

1016 951 1159 988 ποιος
1184 975 1196 988 ο

1016 953 1159 993 ποιος
1184 975 1196 988 .

909 1027 1261 1077 ΑΠΟΚΡΙΣῙΣ
1286 1061 1301 1078 .

2639 1028 3046 1086 RESPONSIO.

365 1111 437 1164 ’Ὁ
489 1118 560 1181 τῷ
619 1116 794 1184 Κυρίῳ
849 1119 1104 1186 συνεργῶν
1137 1111 1236 1181 (6),
1293 1111 1430 1164 κατὰ
1457 1112 1544 1163 τὸν
1590 1109 1905 1164 ’Δπόστολον

2088 1113 2140 1167 ls
2169 1112 2272 1185 qui
2299 1129 2422 1172 una
2453 1130 2591 1172 cum
2613 1115 2869 1173 Domino
2892 1121 3203 1190 operatur,
3225 1118 3402 1190 juxta
3431 1123 3680 1194 Aposto-

311 1201 537 1255 εἰπόντα’
601 1200 748 1275 ’Υπὲρ
803 1209 1040 1275 Χριστοῦ
1095 1202 1464 1275 πρεσϐεύομεν,
1523 1202 1588 1261 ὡς
1635 1207 1726 1253 τοῦ
1771 1207 1904 1254 Θεοῦ

2054 1215 2164 1270 1m,
2195 1202 2300 1274 qui
2341 1203 2513 1260 dicit:
2553 1207 2676 1262 Pro
2730 1205 2972 1262 Christo
3003 1207 3299 1278 legatione
3333 1211 3679 1282 fungimur,

305 1290 724 1366 παρακαλοῦντος
781 1287 856 1342 δι’
915 1293 1080 1364 ἡμῶνο
1146 1287 1371 1363 δεόμεθα
1441 1291 1566 1362 ὑπὲρ
1643 1296 1901 1365 Χριστοῦ,

2055 1305 2305 1364 mquam
2329 1294 2448 1350 Deo
2476 1295 2841 1352 exhortante
2867 1311 2978 1365 per
3001 1311 3138 1353 nos:
3162 1298 3543 1356 obsecramus
3562 1316 3680 1372 pro

301 1379 660 1454 καταλλάγητε
707 1387 780 1452 τῷ
833 1387 945 1451 Θεῷ
986 1397 999 1410 ·
1065 1385 1154 1433 καὶ
1202 1379 1380 1432 πάλινο
1447 1381 1810 1442 Δικαιωθίντες
1849 1378 1903 1432 ἐκ

2056 1380 2274 1453 'hristo,
2302 1385 2788 1442 reconcilzamini
2820 1386 2998 1443 Deo"
3033 1391 3124 1456 ;et
3153 1403 3404 1447 rursus:
3445 1392 3681 1462 Justiﬁ-

300 1474 540 1535 πίστεως,
575 1470 780 1542 εἰρήνην
807 1472 995 1544 ἔχομεν
1048 1474 1178 1546 πρός
1202 1473 1288 1523 τὸν
1334 1473 1483 1524 Θεὸν.
1514 1469 1571 1523 Ἠ
1603 1472 1704 1544 γὰρ
1737 1470 1903 1532 ἄλλως

2055 1471 2226 1528 atiex
2251 1473 2389 1543 ﬁde,
2401 1489 2612 1543 pacem
2635 1474 2915 1532 habemus
2944 1476 3023 1532 ad
3046 1479 3318 1536 Deum”.
3350 1481 3471 1537 Pax
3495 1481 3680 1542 enim.

297 1562 504 1631 ἔχουσα
552 1559 726 1634 εἰρήνη
761 1560 962 1633 ἠρνήθη
991 1561 1067 1631 (7)
1107 1562 1207 1614 ὑπὸ
1253 1568 1344 1613 τοῦ
1392 1564 1585 1634 Κυρίου
1641 1559 1892 1620 εἰπόντος·

2058 1575 2149 1615 uae
2177 1560 2350 1618 aliter
2380 1579 2443 1619 se
2469 1563 2670 1636 habet,
2705 1565 2928 1637 rejecta
2954 1569 3042 1623 est
3071 1583 3108 1624 a
3138 1568 3561 1638 Domino,cum
3592 1571 3681 1628 di-

297 1649 523 1724 Εἰρήνην
547 1653 642 1708 τὴν
673 1647 799 1721 ἐμὴν
831 1645 1036 1722 δίδωμι
1065 1651 1212 1723 ὑμῖν·
1251 1649 1311 1704 οὐ
1338 1651 1512 1710 καθὼς
1537 1649 1564 1701 ὁ
1589 1653 1788 1723 κόσμος
1815 1646 1900 1703 δι-

2056 1648 2128 1706 it:
2161 1651 2381 1709 Pacem
2402 1669 2592 1710 meam
2615 1655 2692 1711 do
2722 1655 2914 1713 vobis:
2945 1671 3066 1714 non
3097 1659 3389 1730 quomodo
3416 1661 3677 1718 mundus

299 1735 486 1805 δωσιν;
511 1738 611 1810 ἑγὼ
643 1734 847 1810 δίδωμι
885 1741 1026 1811 ὑμῖν.

1935 1772 1975 1826 Β
2011 1738 2142 1811 dat,
2173 1755 2280 1812 ego
2309 1742 2386 1798 do
2413 1744 2576 1800 vobis
2603 1746 2671 1800 59.

861 1835 1182 1886 ΕΡΩΤΗΣΙΣ
1208 1835 1265 1885 ΣΙ
1273 1850 1328 1896 ς.
2422 1835 2970 1896 INTERROGATIO.
3029 1837 3250 1895 CCXVI.

300 1934 379 1989 Ἐν
439 1938 542 1986 τίνι
602 1945 897 2009 στραφῆναι
953 1933 1039 1989 δεῖ
1069 1942 1176 2069 (καὶ
1241 1939 1483 2010 γενέσθαι
1538 1941 1602 2000 ὡς
1671 1940 1738 1992 τὰ
1799 1942 1898 1998 νή-

934 2026 1033 2062 πια
1094 2013 1176 2072 8).

2075 1951 2140 1995 ua
2170 1940 2234 1996 in
2284 1951 2353 1996 re
2380 1942 2652 1999 converti
2691 1943 2958 2072 εξιῶξβθςί
2982 1942 3138 2001 sicut
3185 1945 3440 2016 parvuli
3460 1946 3700 2006 debet»:

902 2105 1276 2156 ΑιιοιιΡιΣιΣ.
2628 2105 3043 2164 BESPONSIO.

364 2205 505 2266 Αὐτὴ
539 2207 569 2265 ἠ
616 2211 869 2280 περικοπή
925 2215 1018 2260 τοῦ
1060 2207 1378 2280 Εὐαγγελίου
1437 2202 1688 2262 διδάσκει
1735 2207 1892 2282 ἡμας,

2077 2211 2258 2268 Docet
2286 2226 2400 2268 nos
2421 2211 2549 2286 ipse
2577 2210 2883 2284 Evangelii
2908 2213 3100 2280 locus,
3129 2213 3236 2270 ubi
3263 2214 3563 2273 rationem
3593 2216 3673 2274 ob

291 2302 385 2356 τὴν
439 2299 687 2350 ὑπόθεσιν
743 2294 983 2356 δηλοῦσα
1038 2301 1164 2372 πρὸς
1195 2297 1256 2357 ἣν
1287 2301 1490 2372 εἴρηται
1519 2306 1672 2351 τοῦτο
1709 2316 1722 2330 ⁸
1761 2299 1895 2352 ὥστε

2050 2318 2192 2360 nam
2249 2301 2365 2358 hoc
2417 2302 2649 2359 dictum
2700 2303 2796 2371 sit,
2823 2301 3126 2360 declarat:
3173 2302 3465 2362 nimirum
3512 2309 3578 2363 ut
3599 2321 3675 2362 ne

293 2393 365 2461 μὴ
424 2387 596 2448 ζητεῖν
650 2389 941 2461 ὑπεροχὴν,
985 2393 1078 2446 τὴν
1135 2385 1193 2441 δι
1245 2389 1509 2462 ἰσοτιμίαν
1557 2396 1651 2451 τῆς
1693 2392 1895 2462 φύσεως

2049 2408 2353 2447 uaeramus
2381 2392 2817 2464 principatum,
2847 2392 2954 2449 sed
2992 2397 3225 2468 naturae
3257 2409 3673 2464 agnoscamus

294 2477 584 2550 γνωρίζειν,
635 2481 724 2528 καὶ
776 2475 983 2549 ἀγαπᾷν
1035 2479 1092 2530 τὸ
1145 2475 1382 2551 ἰσότιμον
1412 2481 1538 2552 πρὸς
1584 2481 1702 2540 τοὺς
1752 2477 1892 2531 ἐλατ-

2050 2481 2436 2554 τᾳιιειιὶιιιιθω,
2494 2485 2552 2538 et
2606 2480 2910 2554 ejusmodi
2982 2481 3424 2555 amplectamur
3469 2500 3675 2558 mqua-

297 2565 516 2616 τοῦσθαι
573 2560 850 2626 δοκοῦντας
907 2567 953 2618 ἔν
996 2586 1126 2621 τισι.
1185 2573 1414 2620 Τοιαῦτα
1442 2569 1540 2643 γάρ
1569 2567 1682 2620 ἐστι
1712 2571 1801 2620 καὶ
1830 2569 1896 2620 τὰ

2045 2576 2225 2628 tatem
2283 2587 2426 2643 erga
2483 2587 2589 2627 eos
2637 2571 2742 2646 qui
2791 2571 3072 2628 videnlur
3128 2570 3441 2629 inferiores
3489 2572 3667 2630 nobis

296 2649 489 2706 παιδία
519 2657 646 2730 πρὸς
701 2651 919 2721 calviat,
972 2659 1038 2709 τά
1065 2675 1124 2730 γε
1175 2662 1333 2731 μήπω
1380 2657 1790 2734 προσεθισθέντα
1829 2677 1890 2732 τη

2044 2677 2136 2717 sse
2156 2660 2217 2717 in
2240 2659 2742 2735 aliquibus.Tales
2767 2662 2928 2718 enim
2960 2665 3098 2718 sunt
3121 2661 3291 2735 pueri
3317 2660 3472 2719 inter
3509 2679 3669 2734 sese,

292 2751 390 2797 τῶν
413 2741 864 2819 ἀναστρεφομένων
891 2750 1073 2820 κακίᾳ.

2071 2753 2251 2820 certe,
2291 2750 2396 2824 qui
2423 2765 2635 2806 eorum
2660 2750 3030 2824 quibuscum
3064 2754 3386 2808 versantur
3425 2750 3667 2809 malitia

1999 2839 2277 2896 nondum
2308 2838 2634 2896 assuefacti
2675 2845 2837 2898 sunt.

842 2931 1156 2980 ΕΡΩἸἭΣΙΣ
1197 2925 1329 2984 ΣΙΖ’.
2426 2931 2467 2985 Π

2426 2929 2952 2985 INTERROGATIO
2975 2929 3221 2986 CCXVII.

297 3039 411 3094 Πῶς
478 3030 734 3109 δεξόμεθα
796 3035 890 3108 (9)
953 3035 1385 3163 τὴνδρασιλείαν
1449 3042 1539 3091 τοῦ
1625 3041 1758 3090 Θεοῦ
1825 3036 1894 3097 ὡς

963 3127 1059 3160 παι
1106 3128 1198 3163 ιον.

2039 3035 2342 3106 Quomodo
2370 3038 2761 3107 suscipiemus
2787 3051 3040 3108 regnum
3067 3038 3179 3094 Dei
3193 3043 3261 3094 ut
3296 3037 3620 3108 parvulus,

963 3127 1092 3163 παιο
1106 3128 1198 3164 ιον.

963 3138 1092 3163 Ἱιυιιυ
1106 3138 1198 3164 ιυνο
1927 3138 1968 3196 C

896 3221 1269 3274 ΑΠΟΚΡΙΣΙΣ.

1927 3138 1968 3196 C
2629 3215 3045 3274 RESPONSIO.

361 3323 477 3377 Ἐὰν
504 3329 732 3375 τοιοῦτοι
782 3325 1048 3396 γενώμεθα
1100 3328 1232 3398 πρὸς
1259 3329 1354 3384 τὴν
1391 3321 1749 3380 διδασκαλίαν
1799 3331 1892 3377 τοῦ

2074 3325 2133 3385 Si
2165 3325 2313 3384 tales
2336 3326 2628 3384 fuerimus
2647 3325 2710 3382 in
2724 3324 3073 3398 recipienda
3101 3323 3338 3383 Domini
3354 3324 3656 3398 doctrina,

289 3417 508 3488 Κυρίου,
562 3413 669 3464 οἶόν
717 3411 830 3465 ἔστι
877 3415 936 3464 τὸ
983 3408 1198 3465 παιδίον
1254 3412 1438 3476 ἕντοῖς
1483 3415 1784 3486 μαθήμασιο
1817 3418 1889 3486 μὴ

2032 3415 2200 3488 [nalis
2229 3419 2319 3473 est
2345 3432 2496 3489 puer
2523 3415 2586 3473 in
2614 3414 2918 3472 discendis
2947 3414 3320 3488 disciplinis:
3352 3431 3478 3473 non
3510 3430 3657 3474 con-

288 3504 571 3576 undi-you,
628 3509 760 3578 μήτε
815 3499 1304 3575 δικαιολογούμενον
1376 3508 1504 3579 πρὸς
1562 3508 1676 3564 τοὺς
1733 3500 1894 3558 διδα-

2036 3505 2451 3574 radicens,non
2474 3504 2849 3561 contendens
2874 3519 3016 3560 cum
3041 3504 3536 3577 praceptoribus,
3553 3503 3661 3562 sed

290 3594 533 3665 σκάλους,
578 3602 778 3657 πιστῶς
837 3589 897 3647 δε
951 3596 1042 3646 καὶ
1093 3592 1342 3657 εὐπειθῶς
1373 3590 1656 3668 δεχόμενον
1710 3595 1778 3647 τὰ
1807 3589 1894 3646 δι·-

2077 3593 2257 3651 leliter
2283 3600 2507 3652 etcum
2537 3593 2840 3651 docilitate
2887 3591 3112 3652 tradita
3137 3593 3252 3654 sibi
3289 3593 3702 3654 documenta.

293 3681 562 3758 δματα.

2003 3683 2331 3757 excipiens.

845 3795 1158 3845 urorum:
1199 3789 1339 3846 xm’.
2317 3790 2470 3864 481

2317 3790 2498 3864 ᾆδε
2548 3790 3066 3847 INTERROGATIO
3099 3788 3370 3846 CCXVIII.

290 3904 450 3954 Ποίαν
493 3901 701 3953 σύνεσιν
729 3896 889 3952 αἰτεῖν
934 3901 1080 3972 παρὰ
1109 3903 1201 3950 τοῦ
1229 3905 1362 3972 Θεοῦ
1420 3898 1702 3972 ὀφείλομεν,
1730 3899 1760 3959 ἣ
1789 3906 1895 3960 πῶς

2076 3900 2361 3972 ijusmodi
2387 3899 2848 3972 intelligentiam
2874 3897 3407 3968 peteredebeamus
3445 3912 3483 3956 a
3515 3898 3658 3964 Deo,
3699 3911 3701 3914 ‘

643 3972 807 4035 αὐτῆς
835 3967 1225 4035 καταξιωθῆναι
1249 3967 1534 4046 δυνάμεταο
1587 3967 1600 3972 ’
1685 3967 1694 3972 ⁷
2090 3967 2108 3972 ⁷
2231 3985 2268 4044 q

2090 3967 2108 3972 ⁷
2231 3967 2601 4044 ᾳαοηιυάουέ
2625 3973 2756 4041 ipsa
2783 3967 2918 4039 ﬁeri
2937 3972 3112 4041 digni
3131 3972 3445 4044 possimus.

899 4078 1276 4133 ΑΠΟΚΡΙΣῙΣ.

2626 4078 3016 4136 RESPONSIO
3031 4122 3044 4136 .

359 4194 464 4248 Τὴν
495 4189 586 4262 μὶν
619 4187 824 4240 σύνεσιν
845 4185 970 4261 παρ’
993 4186 1150 4239 αὐτοῦ
1182 4193 1270 4240 τοῦ
1293 4191 1420 4240 Θεοῦ
1452 4184 1547 4241 διὰ
1573 4193 1664 4242 τοῦ
1696 4189 1898 4264 προφή-

2084 4191 2236 4248 Sane
2293 4187 2438 4262 quid
2469 4185 2858 4258 intelligentia
2883 4185 2975 4259 sit,
3009 4185 3139 4260 ipse
3162 4202 3274 4243 nos
3306 4188 3460 4244 Deus
3489 4184 3667 4246 docet
3704 4255 3709 4270 ι

289 4299 380 4333 του
447 4281 790 4354 μανθάνομεν,
844 4275 1097 4349 λέγοντος·
1160 4281 1246 4336 Μὴ
1292 4277 1590 4350 καυχάσθω
1647 4279 1672 4331 ὁ
1741 4282 1896 4354 σοφὸς

2038 4297 2115 4338 uer
2143 4277 2527 4354 prophetam,
2551 4293 2690 4334 cum
2715 4276 2798 4333 ait
2817 4276 2972 4334 .Non
3000 4277 3302 4348 glorietur
3330 4278 3570 4349 sapiens
3599 4277 3663 4333 in

291 4371 341 4424 ἐν
396 4378 458 4443 τῇ
524 4374 683 4442 σοφίᾳ
735 4367 918 4438 αὑτοῦ,
982 4370 1074 4418 καὶ
1117 4370 1190 4440 μὴ
1260 4369 1558 4439 καυχάσθω
1610 4370 1636 4420 ὁ
1671 4369 1899 4446 ἰσχυρὸς

2087 4369 2308 4439 pientia
2330 4381 2461 4434 sua,
2486 4371 2541 4422 et
2566 4382 2689 4423 non
2709 4366 3009 4437 glorietur
3023 4367 3206 4438 fortis
3225 4371 3281 4423 et
3301 4366 3670 4438 fortitudine
3709 4363 3712 4370 ’

292 4459 341 4511 ἐν
379 4467 440 4531 τῇ
506 4457 661 4529 ἰσχύϊ
718 4456 899 4524 αὐτοῦ,
950 4460 1039 4508 καὶ
1090 4459 1162 4529 μὴ
1194 4457 1539 4528 καυχάσθωὸ
1568 4457 1821 4522 πλούσιος
1849 4459 1897 4512 ὶν

2043 4474 2141 4527 ιια,
2173 4463 2226 4515 et
2250 4473 2368 4513 non
2392 4457 2692 4526 glorietur
2733 4455 2895 4512 dives
2917 4456 2981 4511 in
3003 4455 3232 4512 divitiis
3263 4457 3421 4512 suis:
3464 4455 3569 4513 sed
3605 4457 3668 4511 in

290 4558 362 4621 τῷ
415 4547 620 4620 πλούτῳ
673 4547 854 4600 αὐτοῦ’
911 4545 1039 4599 ἀλλά
1102 4545 1150 4598 ἐν
1207 4548 1376 4618 τούτῳ
1428 4545 1542 4616 (10)
1600 4551 1898 4620 καυχάσθω

2091 4564 2122 4605 e
2142 4547 2444 4619 glorietur
2476 4547 2582 4617 qui
2603 4546 2935 4616 gloriatur,
2963 4544 3126 4616 quod
3151 4545 3462 4614 intelligat
3481 4557 3553 4600 ac
3572 4558 3670 4600 eo-

289 4642 315 4693 ὁ
373 4643 735 4711 καυχώμενος,
814 4635 863 4688 ἐν
915 4644 987 4707 τῷ
1051 4642 1242 4688 συνιείν
1319 4639 1410 4688 καὶ
1471 4640 1747 4706 γινώσκειν
1814 4643 1902 4692 τὸν

2047 4643 2255 4695 noscat
2296 4637 2616 4692 Dominum
2634 4636 2680 4670 δι
2705 4637 2764 4691 et
2792 4648 2899 4706 per
2932 4632 3313 4706 Apostolum,
3349 4633 3443 4690 his
3471 4632 3671 4690 verbis

362 4763 652 4893 “aitagit
680 4780 741 4834 v,
785 4766 836 4820 9.
915 4762 960 4799 ⁸⁷
1008 4761 1051 4818 lI
1073 4760 1205 4818 Cor.
1235 4777 1297 4833 ν,
1337 4765 1428 4820 20.
1506 4765 1556 4800 ⁸⁸
1587 4765 1758 4820 Rom.
1798 4781 1858 4836 ν,
1900 4769 1950 4822 1.

2117 4764 2292 4820 Joan.
2331 4777 2446 4830 xiv,
2488 4764 2584 4817 27.
2670 4759 2720 4796 ‘°
2759 4757 2962 4818 Matth.
3011 4774 3172 4826 xxm,
3207 4761 3261 4819 3.
3338 4761 3384 4796 ⁶¹
3451 4761 3667 4818 Jerem.
3705 4827 3711 4830 _

290 4856 362 4905 IX,
403 4856 493 4907 2s,
536 4856 629 4894 24.

365 4963 442 5029 (ὅ)
465 4961 618 5018 Editi
647 4965 704 5018 et
742 4964 883 5037 Reg.
907 4960 1226 5037 secundus
1253 4959 1623 5037 sigipyaqiatv.
1658 4964 1730 5018 At
1745 4961 1912 5037 Regii

2052 4958 2312 5037 pso_ﬁne
2333 4957 2514 5030 hujus
2538 4955 2760 5037 regulae
2802 4956 2885 5037 ita
2931 4956 3160 5014 habent
3187 4957 3378 5014 Vossii
3397 4957 3589 5015 codex
3618 4961 3677 5017 et

290 5028 525 5114 prtinus
553 5039 616 5114 et
641 5028 855 5114 tertius
877 5034 949 5114 si;
975 5033 1291 5114 ιῇιργεσίανε
1320 5028 1450 5114 Mox
1492 5035 1632 5114 Reg.
1673 5028 1910 5114 primus

2048 5028 2382 5114 iﬁiduoaﬁi
2413 5028 3025 5114 ἐῆνάνέτρεφομέγηωνο.
3095 5101 3125 5114 η
3170 5103 3200 5112 ..
3356 5101 3372 5114 ,
3523 5104 3534 5114 .

291 5098 350 5165 ét
369 5110 536 5163 Voss.
570 5102 630 5159 δι
647 5104 838 5178 μᾶλλον
862 5110 976 5162 τήν.
1002 5098 1145 5178 Vbi.
1169 5105 1358 5177 μᾶλλον
1383 5098 1609 5161 ιώθειξὶ
1628 5098 1909 5176 vulgatis.

2090 5098 2368 5178 (τη-Εᾴίιῖ
2401 5098 2689 5174 διξώμεθαζ
2737 5098 2812 5158 Ὰί
2858 5100 3206 5160 Combeﬁsii
3261 5101 3454 5160 codex
3482 5104 3542 5160 et
3576 5100 3701 5166 alii;

365 5185 444 5246 (6)
496 5173 656 5256 Reg."
698 5175 931 5250 primus
989 5177 1014 5228 ὁ
1040 5184 1113 5247 τῷ
1141 5173 1258 5248 Θεῷ
1291 5197 1405 5231 συν.
1439 5179 1570 5234 Mox
1600 5173 1760 5234 unus
1791 5193 1909 5234 ms.

2050 5173 2439 5256 ιυξφρῗιέάμετα·
2511 5173 2545 5256 ,ί
3076 5248 3087 5256 ,
3228 5245 3365 5256 -...
3487 5247 3532 5256 -.
3644 5245 3675 5256 ..

293 5243 719 5332 χριστθρᾷῦνῗ
771 5320 786 5332 ,
1379 5320 1453 5332 ..
1831 5319 1842 5332 .

2092 5243 2376 5332 (liorileg.
2417 5245 2670 5332 ,p‘rimus
2697 5243 2890 5332 uilli;
2926 5244 2973 5298 iv
3003 5248 3186 5332 τούτῳ.
3225 5245 3437 5332 Statim
3487 5245 3681 5302 Vossii

365 5328 441 5390 (7)
478 5326 711 5380 Veteres
751 5320 876 5376 duo
896 5318 1035 5398 libri
1081 5324 1138 5374 et
1158 5319 1305 5398 editi
1349 5318 1774 5398 sipiivnippiren,
1799 5319 1909 5398 de-

2058 5322 2192 5375 etus
2219 5317 2366 5398 liber
2409 5316 2536 5370 am
2567 5321 2804 5398 fus-isi}.
2838 5316 3166 5398 uoindem
3221 5334 3334 5398 lI_is.
3367 5316 3680 5398 τᾷημαιτου

296 5386 571 5468 pravate.
625 5398 766 5464 Reg.
828 5391 1064 5465 primus
1115 5396 1172 5447 et
1217 5386 1403 5448 Voss.’
1440 5386 1622 5467 εἰρήνη
1681 5386 1908 5466 ἠρνήθη,

2052 5401 2174 5445 nou.
2200 5393 2316 5447 Nec
2344 5391 2428 5448 ita
2455 5388 2648 5446 multo
2673 5387 2832 5444 intra
2861 5387 2958 5444 hic
2977 5387 3110 5461 ipse
3149 5388 3346 5448 codex
3373 5386 3500 5444 odi"
3520 5388 3579 5442 οὐ
3606 5393 3677 5464 μὴ

300 5467 640 5524 emendate.

604 5483 640 5522 Ξ.
2020 5471 2229 5522 συνῆτε.

366 5539 446 5607 (8)
487 5537 725 5610 Antiqui
758 5536 883 5593 duo
913 5534 1050 5590 libri
1074 5549 1216 5591 cum
1240 5537 1409 5592 Voss.
1433 5536 1499 5596 ὡς
1521 5537 1590 5589 τὰ
1612 5530 1828 5588 παιδία.
1846 5538 1910 5592 1n

623 5631 867 5683 PATROL.
910 5627 1014 5682 Gn.
1054 5627 1228 5682 XXXI.
3191 5624 3268 5678 3O
