  <div class='ocr_page' id='page_1' title='image "/cluster/home/n/w/nwhite01/storage/ocr_20150623/31:no.3/coo.31924054869288/629.png"; bbox 0 0 4114 6380; ppageno 0'>
   <div class='ocr_carea' id='block_1_1' title="bbox 338 269 466 323">
    <p class='ocr_par' dir='ltr' id='par_1_1' title="bbox 338 269 466 323">
     <span class='ocr_line' id='line_1_1' title="bbox 338 269 466 323; baseline 0.008 -1"><span class='ocrx_word' id='word_1_1' title='bbox 338 269 466 323; x_wconf 80' lang='grc'><strong>1231</strong></span> 
     </span>
    </p>
   </div>
   <div class='ocr_carea' id='block_1_2' title="bbox 1704 263 2331 337">
    <p class='ocr_par' dir='ltr' id='par_1_2' title="bbox 1704 263 2331 337">
     <span class='ocr_line' id='line_1_2' title="bbox 1704 263 2331 337; baseline 0.008 -17"><span class='ocrx_word' id='word_1_2' title='bbox 1704 266 1762 334; x_wconf 90' lang='lat' dir='ltr'><strong>s,</strong></span> <span class='ocrx_word' id='word_1_3' title='bbox 1806 263 2055 318; x_wconf 62' lang='lat' dir='ltr'><strong>usu.&quot;</strong></span> <span class='ocrx_word' id='word_1_4' title='bbox 2084 265 2331 337; x_wconf 67' lang='lat' dir='ltr'><strong>nam,</strong></span> 
     </span>
    </p>
   </div>
   <div class='ocr_carea' id='block_1_3' title="bbox 3573 291 3716 347">
    <p class='ocr_par' dir='ltr' id='par_1_3' title="bbox 3573 291 3716 347">
     <span class='ocr_line' id='line_1_3' title="bbox 3573 291 3716 347; baseline 0.014 -2"><span class='ocrx_word' id='word_1_5' title='bbox 3573 291 3716 347; x_wconf 72' lang='lat'><strong>1232</strong></span> 
     </span>
    </p>
   </div>
   <div class='ocr_carea' id='block_1_4' title="bbox 335 387 1981 480">
    <p class='ocr_par' dir='ltr' id='par_1_4' title="bbox 335 387 1981 460">
     <span class='ocr_line' id='line_1_4' title="bbox 335 387 1981 460; baseline -0.004 -12"><span class='ocrx_word' id='word_1_6' title='bbox 335 395 480 448; x_wconf 86' lang='lat' dir='ltr'><strong>cunt</strong></span> <span class='ocrx_word' id='word_1_7' title='bbox 505 404 710 446; x_wconf 85' lang='lat' dir='ltr'><strong>sacras</strong></span> <span class='ocrx_word' id='word_1_8' title='bbox 739 387 1076 445; x_wconf 76' lang='lat' dir='ltr'><strong>litteras&quot;:</strong></span> <span class='ocrx_word' id='word_1_9' title='bbox 1130 387 1352 444; x_wconf 86' lang='lat' dir='ltr'><strong>multos</strong></span> <span class='ocrx_word' id='word_1_10' title='bbox 1412 389 1616 457; x_wconf 83' lang='lat' dir='ltr'><strong>etiam,</strong></span> <span class='ocrx_word' id='word_1_11' title='bbox 1669 387 1796 460; x_wconf 85' lang='lat' dir='ltr'><strong>qui,</strong></span> <span class='ocrx_word' id='word_1_12' title='bbox 1858 389 1981 443; x_wconf 88' lang='lat' dir='ltr'><strong>Cor.</strong></span> 
     </span>
    </p>
   </div>
   <div class='ocr_carea' id='block_1_5' title="bbox 2093 387 3714 480">
    <p class='ocr_par' dir='ltr' id='par_1_5' title="bbox 2109 390 3714 480">
     <span class='ocr_line' id='line_1_5' title="bbox 2109 390 3714 480; baseline 0.015 -35"><span class='ocrx_word' id='word_1_13' title='bbox 2109 390 2329 466; x_wconf 76' lang='grc' dir='ltr'>βρέφους</span> <span class='ocrx_word' id='word_1_14' title='bbox 2370 402 2436 452; x_wconf 80' lang='grc' dir='ltr'><strong>τὰ</strong></span> <span class='ocrx_word' id='word_1_15' title='bbox 2485 403 2594 476; x_wconf 81' lang='grc' dir='ltr'>ἱερά</span> <span class='ocrx_word' id='word_1_16' title='bbox 2648 404 2936 478; x_wconf 79' lang='grc' dir='ltr'>γράμματα</span> <span class='ocrx_word' id='word_1_17' title='bbox 2981 406 3319 476; x_wconf 74' lang='grc' dir='ltr'><strong>μανθάνοντες</strong></span> <span class='ocrx_word' id='word_1_18' title='bbox 3347 407 3492 480; x_wconf 77' lang='lat' dir='ltr'><strong>(2l)°</strong></span> <span class='ocrx_word' id='word_1_19' title='bbox 3533 413 3714 469; x_wconf 75' lang='grc' dir='ltr'>πολλοὶ</span> 
     </span>
    </p>
   </div>
   <div class='ocr_carea' id='block_1_6' title="bbox 330 477 1997 552">
    <p class='ocr_par' dir='ltr' id='par_1_6' title="bbox 330 477 1997 552">
     <span class='ocr_line' id='line_1_6' title="bbox 330 477 1997 552; baseline -0.004 -15"><span class='ocrx_word' id='word_1_20' title='bbox 330 479 472 537; x_wconf 88' lang='lat' dir='ltr'><strong>nelii</strong></span> <span class='ocrx_word' id='word_1_21' title='bbox 487 477 786 552; x_wconf 83' lang='lat' dir='ltr'><strong>exemplo,</strong></span> <span class='ocrx_word' id='word_1_22' title='bbox 815 481 1048 534; x_wconf 67' lang='lat' dir='ltr'><strong>naturae</strong></span> <span class='ocrx_word' id='word_1_23' title='bbox 1069 477 1318 551; x_wconf 86' lang='lat' dir='ltr'><strong>quidem</strong></span> <span class='ocrx_word' id='word_1_24' title='bbox 1341 478 1608 534; x_wconf 87' lang='lat' dir='ltr'><strong>motibus</strong></span> <span class='ocrx_word' id='word_1_25' title='bbox 1630 482 1790 533; x_wconf 88' lang='lat' dir='ltr'><strong>recte</strong></span> <span class='ocrx_word' id='word_1_26' title='bbox 1822 480 1997 532; x_wconf 86' lang='lat' dir='ltr'><strong>utun-</strong></span> 
     </span>
    </p>
   </div>
   <div class='ocr_carea' id='block_1_7' title="bbox 330 562 1996 641">
    <p class='ocr_par' dir='ltr' id='par_1_7' title="bbox 330 562 1996 641">
     <span class='ocr_line' id='line_1_7' title="bbox 330 562 1996 641; baseline -0.004 -14"><span class='ocrx_word' id='word_1_27' title='bbox 330 573 427 627; x_wconf 85' lang='lat' dir='ltr'><strong>tur</strong></span> <span class='ocrx_word' id='word_1_28' title='bbox 451 570 523 639; x_wconf 73' lang='lat'><strong>7°,</strong></span> <span class='ocrx_word' id='word_1_29' title='bbox 555 565 664 625; x_wconf 88' lang='lat' dir='ltr'><strong>sed</strong></span> <span class='ocrx_word' id='word_1_30' title='bbox 713 570 940 629; x_wconf 89' lang='lat' dir='ltr'><strong>tamen,</strong></span> <span class='ocrx_word' id='word_1_31' title='bbox 995 571 1442 639; x_wconf 83' lang='lat' dir='ltr'><strong>praeceptorum</strong></span> <span class='ocrx_word' id='word_1_32' title='bbox 1499 566 1776 641; x_wconf 86' lang='lat' dir='ltr'><strong>penuria,</strong></span> <span class='ocrx_word' id='word_1_33' title='bbox 1823 562 1996 622; x_wconf 83' lang='lat' dir='ltr'><strong>tarde</strong></span> 
     </span>
    </p>
   </div>
   <div class='ocr_carea' id='block_1_8' title="bbox 327 655 1996 733">
    <p class='ocr_par' dir='ltr' id='par_1_8' title="bbox 327 655 1996 733">
     <span class='ocr_line' id='line_1_8' title="bbox 327 655 1996 733; baseline -0.003 -17"><span class='ocrx_word' id='word_1_34' title='bbox 327 658 680 733; x_wconf 85' lang='lat' dir='ltr'><strong>pertingunt</strong></span> <span class='ocrx_word' id='word_1_35' title='bbox 729 655 808 713; x_wconf 86' lang='lat' dir='ltr'><strong>ad</strong></span> <span class='ocrx_word' id='word_1_36' title='bbox 875 655 1137 712; x_wconf 70' lang='lat' dir='ltr'><strong>scientiae</strong></span> <span class='ocrx_word' id='word_1_37' title='bbox 1184 656 1634 728; x_wconf 79' lang='lat' dir='ltr'><strong>perfectionem.</strong></span> <span class='ocrx_word' id='word_1_38' title='bbox 1695 655 1996 722; x_wconf 85' lang='lat' dir='ltr'><strong>Quomodo</strong></span> 
     </span>
    </p>
   </div>
   <div class='ocr_carea' id='block_1_9' title="bbox 329 744 2022 819">
    <p class='ocr_par' dir='ltr' id='par_1_9' title="bbox 329 744 2022 819">
     <span class='ocr_line' id='line_1_9' title="bbox 329 744 2022 819; baseline -0.004 -14"><span class='ocrx_word' id='word_1_39' title='bbox 329 749 507 815; x_wconf 90' lang='lat' dir='ltr'><strong>enim,</strong></span> <span class='ocrx_word' id='word_1_40' title='bbox 541 745 754 819; x_wconf 88' lang='lat' dir='ltr'><strong>inquit,</strong></span> <span class='ocrx_word' id='word_1_41' title='bbox 779 745 1024 802; x_wconf 83' lang='lat' dir='ltr'><strong>credent</strong></span> <span class='ocrx_word' id='word_1_42' title='bbox 1055 744 1108 800; x_wconf 87' lang='lat' dir='ltr'><strong>si</strong></span> <span class='ocrx_word' id='word_1_43' title='bbox 1125 759 1247 802; x_wconf 89' lang='lat' dir='ltr'><strong>non</strong></span> <span class='ocrx_word' id='word_1_44' title='bbox 1268 746 1578 802; x_wconf 76' lang='lat' dir='ltr'><strong>audierint</strong></span> <span class='ocrx_word' id='word_1_45' title='bbox 1601 747 1652 781; x_wconf 78' lang='grc'><strong>³⁸</strong></span> <span class='ocrx_word' id='word_1_46' title='bbox 1679 750 1706 802; x_wconf 82' lang='lat'><em>?</em></span> <span class='ocrx_word' id='word_1_47' title='bbox 1735 745 1792 802; x_wconf 91' lang='lat' dir='ltr'>Si</span> <span class='ocrx_word' id='word_1_48' title='bbox 1817 744 2022 815; x_wconf 71' lang='lat' dir='ltr'><strong>igitur.</strong></span> 
     </span>
    </p>
   </div>
   <div class='ocr_carea' id='block_1_10' title="bbox 329 833 1991 908">
    <p class='ocr_par' dir='ltr' id='par_1_10' title="bbox 329 833 1991 908">
     <span class='ocr_line' id='line_1_10' title="bbox 329 833 1991 908; baseline -0.004 -13"><span class='ocrx_word' id='word_1_49' title='bbox 329 837 662 906; x_wconf 83' lang='lat' dir='ltr'><strong>contigerit,</strong></span> <span class='ocrx_word' id='word_1_50' title='bbox 692 839 757 890; x_wconf 90' lang='lat' dir='ltr'><strong>ut</strong></span> <span class='ocrx_word' id='word_1_51' title='bbox 780 835 898 891; x_wconf 91' lang='lat' dir='ltr'><strong>sint</strong></span> <span class='ocrx_word' id='word_1_52' title='bbox 920 834 1220 903; x_wconf 81' lang='lat' dir='ltr'><strong>nonnulli,</strong></span> <span class='ocrx_word' id='word_1_53' title='bbox 1251 836 1378 908; x_wconf 86' lang='lat' dir='ltr'><strong>qui,</strong></span> <span class='ocrx_word' id='word_1_54' title='bbox 1409 834 1660 892; x_wconf 82' lang='lat' dir='ltr'><strong>Cornelii</strong></span> <span class='ocrx_word' id='word_1_55' title='bbox 1691 833 1991 906; x_wconf 82' lang='lat' dir='ltr'><strong>exemplo,</strong></span> 
     </span>
    </p>
   </div>
   <div class='ocr_carea' id='block_1_11' title="bbox 327 923 1992 998">
    <p class='ocr_par' dir='ltr' id='par_1_11' title="bbox 327 923 1992 998">
     <span class='ocr_line' id='line_1_11' title="bbox 327 923 1992 998; baseline -0.004 -12"><span class='ocrx_word' id='word_1_56' title='bbox 327 929 389 985; x_wconf 92' lang='lat' dir='ltr'><strong>in</strong></span> <span class='ocrx_word' id='word_1_57' title='bbox 436 926 604 985; x_wconf 89' lang='lat' dir='ltr'><strong>nulla</strong></span> <span class='ocrx_word' id='word_1_58' title='bbox 643 941 707 982; x_wconf 91' lang='lat' dir='ltr'><strong>re</strong></span> <span class='ocrx_word' id='word_1_59' title='bbox 756 924 920 981; x_wconf 90' lang='lat' dir='ltr'><strong>mala</strong></span> <span class='ocrx_word' id='word_1_60' title='bbox 976 927 1279 998; x_wconf 81' lang='lat' dir='ltr'><strong>occupati,</strong></span> <span class='ocrx_word' id='word_1_61' title='bbox 1338 931 1551 982; x_wconf 88' lang='lat' dir='ltr'><strong>contra</strong></span> <span class='ocrx_word' id='word_1_62' title='bbox 1609 923 1992 998; x_wconf 74' lang='lat' dir='ltr'><strong>perfectionis</strong></span> 
     </span>
    </p>
   </div>
   <div class='ocr_carea' id='block_1_12' title="bbox 329 1013 1990 1090">
    <p class='ocr_par' dir='ltr' id='par_1_12' title="bbox 329 1013 1990 1090">
     <span class='ocr_line' id='line_1_12' title="bbox 329 1013 1990 1090; baseline -0.003 -17"><span class='ocrx_word' id='word_1_63' title='bbox 329 1015 554 1090; x_wconf 89' lang='lat' dir='ltr'><strong>cupidi,</strong></span> <span class='ocrx_word' id='word_1_64' title='bbox 595 1031 668 1072; x_wconf 90' lang='lat' dir='ltr'><strong>ea</strong></span> <span class='ocrx_word' id='word_1_65' title='bbox 688 1015 872 1082; x_wconf 88' lang='lat' dir='ltr'><strong>bona,</strong></span> <span class='ocrx_word' id='word_1_66' title='bbox 916 1030 1052 1087; x_wconf 72' lang='lat' dir='ltr'><strong>quae</strong></span> <span class='ocrx_word' id='word_1_67' title='bbox 1092 1013 1288 1071; x_wconf 88' lang='lat' dir='ltr'><strong>facere</strong></span> <span class='ocrx_word' id='word_1_68' title='bbox 1347 1019 1405 1070; x_wconf 89' lang='lat' dir='ltr'><strong>et</strong></span> <span class='ocrx_word' id='word_1_69' title='bbox 1461 1030 1826 1085; x_wconf 81' lang='lat' dir='ltr'><strong>cognoscere</strong></span> <span class='ocrx_word' id='word_1_70' title='bbox 1849 1029 1990 1086; x_wconf 90' lang='lat' dir='ltr'><strong>pos-</strong></span> 
     </span>
    </p>
   </div>
   <div class='ocr_carea' id='block_1_13' title="bbox 327 1103 1992 1177">
    <p class='ocr_par' dir='ltr' id='par_1_13' title="bbox 327 1103 1992 1177">
     <span class='ocr_line' id='line_1_13' title="bbox 327 1103 1992 1177; baseline -0.002 -14"><span class='ocrx_word' id='word_1_71' title='bbox 327 1110 489 1175; x_wconf 89' lang='lat' dir='ltr'><strong>sunt,</strong></span> <span class='ocrx_word' id='word_1_72' title='bbox 521 1121 660 1162; x_wconf 91' lang='lat' dir='ltr'><strong>vere</strong></span> <span class='ocrx_word' id='word_1_73' title='bbox 689 1105 1042 1177; x_wconf 89' lang='lat' dir='ltr'><strong>sincereque</strong></span> <span class='ocrx_word' id='word_1_74' title='bbox 1069 1109 1410 1171; x_wconf 83' lang='lat' dir='ltr'><strong>exerceant,</strong></span> <span class='ocrx_word' id='word_1_75' title='bbox 1439 1103 1533 1160; x_wconf 88' lang='lat' dir='ltr'><strong>his</strong></span> <span class='ocrx_word' id='word_1_76' title='bbox 1566 1107 1720 1160; x_wconf 90' lang='lat' dir='ltr'><strong>Deus</strong></span> <span class='ocrx_word' id='word_1_77' title='bbox 1739 1104 1992 1173; x_wconf 82' lang='lat' dir='ltr'><strong>largitur</strong></span> 
     </span>
    </p>
   </div>
   <div class='ocr_carea' id='block_1_14' title="bbox 327 1193 1990 1270">
    <p class='ocr_par' dir='ltr' id='par_1_14' title="bbox 327 1193 1990 1270">
     <span class='ocr_line' id='line_1_14' title="bbox 327 1193 1990 1270; baseline -0.002 -17"><span class='ocrx_word' id='word_1_78' title='bbox 327 1212 466 1270; x_wconf 63' lang='lat' dir='ltr'><strong>quae</strong></span> <span class='ocrx_word' id='word_1_79' title='bbox 495 1200 552 1252; x_wconf 91' lang='lat' dir='ltr'><strong>et</strong></span> <span class='ocrx_word' id='word_1_80' title='bbox 581 1193 853 1252; x_wconf 89' lang='lat' dir='ltr'><strong>Cornelio</strong></span> <span class='ocrx_word' id='word_1_81' title='bbox 883 1193 1132 1264; x_wconf 86' lang='lat' dir='ltr'><strong>largitus</strong></span> <span class='ocrx_word' id='word_1_82' title='bbox 1162 1197 1270 1261; x_wconf 92' lang='lat' dir='ltr'><strong>est,</strong></span> <span class='ocrx_word' id='word_1_83' title='bbox 1326 1209 1439 1250; x_wconf 88' lang='lat' dir='ltr'><strong>nec</strong></span> <span class='ocrx_word' id='word_1_84' title='bbox 1469 1193 1554 1250; x_wconf 92' lang='lat' dir='ltr'><strong>eis</strong></span> <span class='ocrx_word' id='word_1_85' title='bbox 1581 1194 1756 1250; x_wconf 85' lang='lat' dir='ltr'><strong>vertit</strong></span> <span class='ocrx_word' id='word_1_86' title='bbox 1787 1193 1990 1265; x_wconf 85' lang='lat' dir='ltr'><strong>segni-</strong></span> 
     </span>
    </p>
   </div>
   <div class='ocr_carea' id='block_1_15' title="bbox 326 1283 1993 1358">
    <p class='ocr_par' dir='ltr' id='par_1_15' title="bbox 326 1283 1993 1358">
     <span class='ocr_line' id='line_1_15' title="bbox 326 1283 1993 1358; baseline -0.004 -13"><span class='ocrx_word' id='word_1_87' title='bbox 326 1285 427 1345; x_wconf 86' lang='lat' dir='ltr'><strong>tiei</strong></span> <span class='ocrx_word' id='word_1_88' title='bbox 453 1285 594 1344; x_wconf 87' lang='lat' dir='ltr'><strong>vitio</strong></span> <span class='ocrx_word' id='word_1_89' title='bbox 644 1283 1011 1358; x_wconf 71' lang='lat' dir='ltr'><strong>praeteritum</strong></span> <span class='ocrx_word' id='word_1_90' title='bbox 1065 1287 1325 1357; x_wconf 87' lang='lat' dir='ltr'><strong>tempus,</strong></span> <span class='ocrx_word' id='word_1_91' title='bbox 1376 1283 1896 1358; x_wconf 86' lang='lat' dir='ltr'><strong>quandoquidem.</strong></span> <span class='ocrx_word' id='word_1_92' title='bbox 1927 1288 1993 1340; x_wconf 91' lang='lat' dir='ltr'><strong>ut</strong></span> 
     </span>
    </p>
   </div>
   <div class='ocr_carea' id='block_1_16' title="bbox 319 1372 1992 1450">
    <p class='ocr_par' dir='ltr' id='par_1_16' title="bbox 319 1372 1992 1450">
     <span class='ocr_line' id='line_1_16' title="bbox 319 1372 1992 1450; baseline -0.001 -19"><span class='ocrx_word' id='word_1_93' title='bbox 319 1375 454 1450; x_wconf 88' lang='lat' dir='ltr'><strong>jam</strong></span> <span class='ocrx_word' id='word_1_94' title='bbox 485 1374 629 1438; x_wconf 82' lang='lat' dir='ltr'><strong>dixi,</strong></span> <span class='ocrx_word' id='word_1_95' title='bbox 660 1373 722 1430; x_wconf 90' lang='lat' dir='ltr'><strong>id</strong></span> <span class='ocrx_word' id='word_1_96' title='bbox 752 1389 873 1430; x_wconf 89' lang='lat' dir='ltr'><strong>non</strong></span> <span class='ocrx_word' id='word_1_97' title='bbox 908 1372 1127 1429; x_wconf 90' lang='lat' dir='ltr'><strong>accidit</strong></span> <span class='ocrx_word' id='word_1_98' title='bbox 1174 1372 1450 1446; x_wconf 86' lang='lat' dir='ltr'><strong>ipsorum</strong></span> <span class='ocrx_word' id='word_1_99' title='bbox 1485 1373 1664 1447; x_wconf 89' lang='lat' dir='ltr'><strong>culpa</strong></span> <span class='ocrx_word' id='word_1_100' title='bbox 1693 1393 1704 1430; x_wconf 92' lang='lat'><strong>:</strong></span> <span class='ocrx_word' id='word_1_101' title='bbox 1739 1373 1846 1429; x_wconf 91' lang='lat' dir='ltr'><strong>sed</strong></span> <span class='ocrx_word' id='word_1_102' title='bbox 1875 1373 1992 1429; x_wconf 91' lang='lat' dir='ltr'><strong>hoc</strong></span> 
     </span>
    </p>
   </div>
   <div class='ocr_carea' id='block_1_17' title="bbox 327 1463 1991 1536">
    <p class='ocr_par' dir='ltr' id='par_1_17' title="bbox 327 1463 1991 1536">
     <span class='ocr_line' id='line_1_17' title="bbox 327 1463 1991 1536; baseline -0.001 -16"><span class='ocrx_word' id='word_1_103' title='bbox 327 1463 530 1522; x_wconf 82' lang='lat' dir='ltr'><strong>studio</strong></span> <span class='ocrx_word' id='word_1_104' title='bbox 547 1466 862 1520; x_wconf 89' lang='lat' dir='ltr'><strong>contentus</strong></span> <span class='ocrx_word' id='word_1_105' title='bbox 879 1466 988 1530; x_wconf 89' lang='lat' dir='ltr'><strong>est,</strong></span> <span class='ocrx_word' id='word_1_106' title='bbox 1011 1463 1179 1534; x_wconf 92' lang='lat' dir='ltr'><strong>quod</strong></span> <span class='ocrx_word' id='word_1_107' title='bbox 1199 1477 1304 1534; x_wconf 89' lang='lat' dir='ltr'><strong>per</strong></span> <span class='ocrx_word' id='word_1_108' title='bbox 1325 1478 1399 1518; x_wconf 90' lang='lat' dir='ltr'><strong>ea</strong></span> <span class='ocrx_word' id='word_1_109' title='bbox 1419 1479 1556 1536; x_wconf 81' lang='lat' dir='ltr'><strong>quae</strong></span> <span class='ocrx_word' id='word_1_110' title='bbox 1581 1479 1691 1535; x_wconf 88' lang='lat' dir='ltr'><strong>pro</strong></span> <span class='ocrx_word' id='word_1_111' title='bbox 1721 1467 1991 1534; x_wconf 90' lang='lat' dir='ltr'><strong>tempore</strong></span> 
     </span>
    </p>
   </div>
   <div class='ocr_carea' id='block_1_18' title="bbox 325 1549 1992 1627">
    <p class='ocr_par' dir='ltr' id='par_1_18' title="bbox 325 1549 1992 1627">
     <span class='ocr_line' id='line_1_18' title="bbox 325 1549 1992 1627; baseline -0.001 -17"><span class='ocrx_word' id='word_1_112' title='bbox 325 1553 578 1627; x_wconf 84' lang='lat' dir='ltr'><strong>posthac</strong></span> <span class='ocrx_word' id='word_1_113' title='bbox 609 1552 877 1609; x_wconf 86' lang='lat' dir='ltr'><strong>studiose</strong></span> <span class='ocrx_word' id='word_1_114' title='bbox 934 1556 1144 1623; x_wconf 84' lang='lat' dir='ltr'><strong>agunt,</strong></span> <span class='ocrx_word' id='word_1_115' title='bbox 1205 1556 1261 1607; x_wconf 92' lang='lat' dir='ltr'><strong>et</strong></span> <span class='ocrx_word' id='word_1_116' title='bbox 1299 1551 1379 1608; x_wconf 90' lang='lat' dir='ltr'><strong>ad</strong></span> <span class='ocrx_word' id='word_1_117' title='bbox 1416 1552 1606 1609; x_wconf 86' lang='lat' dir='ltr'><strong>ﬁnem</strong></span> <span class='ocrx_word' id='word_1_118' title='bbox 1637 1568 1829 1626; x_wconf 90' lang='lat' dir='ltr'><strong>usque</strong></span> <span class='ocrx_word' id='word_1_119' title='bbox 1860 1549 1992 1608; x_wconf 88' lang='lat' dir='ltr'><strong>dili-</strong></span> 
     </span>
    </p>
   </div>
   <div class='ocr_carea' id='block_1_19' title="bbox 326 1639 1309 1718">
    <p class='ocr_par' dir='ltr' id='par_1_19' title="bbox 326 1639 1309 1718">
     <span class='ocr_line' id='line_1_19' title="bbox 326 1639 1309 1718; baseline -0.002 -16"><span class='ocrx_word' id='word_1_120' title='bbox 326 1645 562 1716; x_wconf 90' lang='lat' dir='ltr'><strong>gentius</strong></span> <span class='ocrx_word' id='word_1_121' title='bbox 581 1641 924 1718; x_wconf 84' lang='lat' dir='ltr'><strong>perﬁciunt,</strong></span> <span class='ocrx_word' id='word_1_122' title='bbox 945 1639 1309 1700; x_wconf 87' lang='lat' dir='ltr'><strong>declaratur.</strong></span> 
     </span>
    </p>
   </div>
   <div class='ocr_carea' id='block_1_20' title="bbox 749 1823 1561 1881">
    <p class='ocr_par' dir='ltr' id='par_1_20' title="bbox 749 1823 1561 1881">
     <span class='ocr_line' id='line_1_20' title="bbox 749 1823 1561 1881; baseline 0.004 -3"><span class='ocrx_word' id='word_1_123' title='bbox 749 1823 1272 1881; x_wconf 78' lang='lat' dir='ltr'><strong>INTERROGATIO</strong></span> <span class='ocrx_word' id='word_1_124' title='bbox 1313 1824 1561 1881; x_wconf 83' lang='lat' dir='ltr'><strong>CCXXV.</strong></span> 
     </span>
    </p>
   </div>
   <div class='ocr_carea' id='block_1_21' title="bbox 327 1929 1992 2000">
    <p class='ocr_par' dir='ltr' id='par_1_21' title="bbox 327 1929 1992 2000">
     <span class='ocr_line' id='line_1_21' title="bbox 327 1929 1992 2000; baseline -0.001 -12"><span class='ocrx_word' id='word_1_125' title='bbox 327 1931 477 1989; x_wconf 85' lang='lat' dir='ltr'><strong>Cum</strong></span> <span class='ocrx_word' id='word_1_126' title='bbox 507 1931 798 1988; x_wconf 77' lang='lat' dir='ltr'><strong>Dominus</strong></span> <span class='ocrx_word' id='word_1_127' title='bbox 823 1930 1050 2000; x_wconf 74' lang='lat' dir='ltr'><strong>dixerit</strong></span> <span class='ocrx_word' id='word_1_128' title='bbox 1083 1947 1095 1985; x_wconf 90' lang='lat'><strong>:</strong></span> <span class='ocrx_word' id='word_1_129' title='bbox 1130 1951 1158 1981; x_wconf 85' lang='lat'><strong>«</strong></span> <span class='ocrx_word' id='word_1_130' title='bbox 1196 1929 1304 1987; x_wconf 77' lang='lat' dir='ltr'><strong>Ub:</strong></span> <span class='ocrx_word' id='word_1_131' title='bbox 1345 1931 1464 1987; x_wconf 91' lang='lat' dir='ltr'><strong>duo</strong></span> <span class='ocrx_word' id='word_1_132' title='bbox 1490 1932 1586 1987; x_wconf 85' lang='lat' dir='ltr'><strong>vel</strong></span> <span class='ocrx_word' id='word_1_133' title='bbox 1611 1936 1728 1986; x_wconf 87' lang='lat' dir='ltr'><strong>tres</strong></span> <span class='ocrx_word' id='word_1_134' title='bbox 1752 1931 1992 2000; x_wconf 80' lang='lat' dir='ltr'><strong>fuerint</strong></span> 
     </span>
    </p>
   </div>
   <div class='ocr_carea' id='block_1_22' title="bbox 395 1999 1992 2073">
    <p class='ocr_par' dir='ltr' id='par_1_22' title="bbox 395 1999 1992 2073">
     <span class='ocr_line' id='line_1_22' title="bbox 395 1999 1992 2073; baseline -0.001 -13"><span class='ocrx_word' id='word_1_135' title='bbox 395 2003 751 2073; x_wconf 79' lang='lat' dir='ltr'><strong>congregati</strong></span> <span class='ocrx_word' id='word_1_136' title='bbox 784 2002 848 2058; x_wconf 87' lang='lat' dir='ltr'><strong>in</strong></span> <span class='ocrx_word' id='word_1_137' title='bbox 887 1999 1129 2059; x_wconf 78' lang='lat' dir='ltr'><strong>nomine</strong></span> <span class='ocrx_word' id='word_1_138' title='bbox 1158 2018 1298 2068; x_wconf 85' lang='lat' dir='ltr'><strong>meo,</strong></span> <span class='ocrx_word' id='word_1_139' title='bbox 1326 2003 1412 2058; x_wconf 87' lang='lat' dir='ltr'><strong>ibi</strong></span> <span class='ocrx_word' id='word_1_140' title='bbox 1431 2019 1562 2058; x_wconf 86' lang='lat' dir='ltr'><strong>sum</strong></span> <span class='ocrx_word' id='word_1_141' title='bbox 1592 2005 1654 2058; x_wconf 89' lang='lat' dir='ltr'><strong>in</strong></span> <span class='ocrx_word' id='word_1_142' title='bbox 1684 1999 1878 2058; x_wconf 79' lang='lat' dir='ltr'><strong>medio</strong></span> <span class='ocrx_word' id='word_1_143' title='bbox 1901 2018 1992 2058; x_wconf 87' lang='lat' dir='ltr'><strong>eo-</strong></span> 
     </span>
    </p>
   </div>
   <div class='ocr_carea' id='block_1_23' title="bbox 392 2073 1915 2146">
    <p class='ocr_par' dir='ltr' id='par_1_23' title="bbox 392 2073 1915 2146">
     <span class='ocr_line' id='line_1_23' title="bbox 392 2073 1915 2146; baseline -0.003 -14"><span class='ocrx_word' id='word_1_144' title='bbox 392 2090 530 2132; x_wconf 85' lang='lat' dir='ltr'><strong>rum</strong></span> <span class='ocrx_word' id='word_1_145' title='bbox 561 2074 605 2110; x_wconf 76' lang='lat'><strong>&quot;</strong></span> <span class='ocrx_word' id='word_1_146' title='bbox 637 2092 651 2131; x_wconf 85' lang='lat'><strong>:</strong></span> <span class='ocrx_word' id='word_1_147' title='bbox 676 2095 703 2124; x_wconf 82' lang='lat'>»</span> <span class='ocrx_word' id='word_1_148' title='bbox 729 2073 1021 2145; x_wconf 88' lang='lat' dir='ltr'><strong>quomodo</strong></span> <span class='ocrx_word' id='word_1_149' title='bbox 1050 2074 1161 2130; x_wconf 82' lang='lat' dir='ltr'><strong>hoc</strong></span> <span class='ocrx_word' id='word_1_150' title='bbox 1191 2073 1367 2144; x_wconf 84' lang='lat' dir='ltr'><strong>digni</strong></span> <span class='ocrx_word' id='word_1_151' title='bbox 1393 2073 1559 2144; x_wconf 81' lang='lat' dir='ltr'><strong>efﬁci</strong></span> <span class='ocrx_word' id='word_1_152' title='bbox 1567 2075 1915 2146; x_wconf 85' lang='lat' dir='ltr'><strong>poterimus.</strong></span> 
     </span>
    </p>
   </div>
   <div class='ocr_carea' id='block_1_24' title="bbox 943 2183 1356 2240">
    <p class='ocr_par' dir='ltr' id='par_1_24' title="bbox 943 2183 1356 2240">
     <span class='ocr_line' id='line_1_24' title="bbox 943 2183 1356 2240; baseline 0 -2"><span class='ocrx_word' id='word_1_153' title='bbox 943 2183 1356 2240; x_wconf 83' lang='lat' dir='ltr'><strong>RESPONSIO.</strong></span> 
     </span>
    </p>
   </div>
   <div class='ocr_carea' id='block_1_25' title="bbox 392 2289 1987 2363">
    <p class='ocr_par' dir='ltr' id='par_1_25' title="bbox 392 2289 1987 2363">
     <span class='ocr_line' id='line_1_25' title="bbox 392 2289 1987 2363; baseline -0.001 -15"><span class='ocrx_word' id='word_1_154' title='bbox 392 2290 502 2358; x_wconf 87' lang='lat' dir='ltr'><strong>Qui</strong></span> <span class='ocrx_word' id='word_1_155' title='bbox 530 2290 594 2350; x_wconf 91' lang='lat' dir='ltr'><strong>in</strong></span> <span class='ocrx_word' id='word_1_156' title='bbox 637 2290 889 2348; x_wconf 89' lang='lat' dir='ltr'><strong>nomine</strong></span> <span class='ocrx_word' id='word_1_157' title='bbox 927 2289 1189 2363; x_wconf 87' lang='lat' dir='ltr'><strong>alicujus</strong></span> <span class='ocrx_word' id='word_1_158' title='bbox 1239 2291 1592 2363; x_wconf 77' lang='lat' dir='ltr'><strong>congregati</strong></span> <span class='ocrx_word' id='word_1_159' title='bbox 1641 2295 1802 2356; x_wconf 87' lang='lat' dir='ltr'><strong>sunt,</strong></span> <span class='ocrx_word' id='word_1_160' title='bbox 1835 2291 1987 2363; x_wconf 85' lang='lat' dir='ltr'><strong>ejus.</strong></span> 
     </span>
    </p>
   </div>
   <div class='ocr_carea' id='block_1_26' title="bbox 319 2379 1990 2454">
    <p class='ocr_par' dir='ltr' id='par_1_26' title="bbox 319 2379 1990 2454">
     <span class='ocr_line' id='line_1_26' title="bbox 319 2379 1990 2454; baseline 0.001 -17"><span class='ocrx_word' id='word_1_161' title='bbox 319 2379 424 2454; x_wconf 88' lang='lat' dir='ltr'><strong>qui</strong></span> <span class='ocrx_word' id='word_1_162' title='bbox 452 2396 558 2438; x_wconf 85' lang='lat' dir='ltr'><strong>eos</strong></span> <span class='ocrx_word' id='word_1_163' title='bbox 589 2380 1000 2452; x_wconf 78' lang='lat' dir='ltr'><strong>congregavit,</strong></span> <span class='ocrx_word' id='word_1_164' title='bbox 1050 2380 1374 2438; x_wconf 84' lang='lat' dir='ltr'><strong>consilium</strong></span> <span class='ocrx_word' id='word_1_165' title='bbox 1403 2381 1554 2438; x_wconf 84' lang='lat' dir='ltr'><strong>scire</strong></span> <span class='ocrx_word' id='word_1_166' title='bbox 1594 2381 1846 2438; x_wconf 89' lang='lat' dir='ltr'><strong>omnino</strong></span> <span class='ocrx_word' id='word_1_167' title='bbox 1879 2379 1990 2438; x_wconf 74' lang='lat' dir='ltr'><strong>de-</strong></span> 
     </span>
    </p>
   </div>
   <div class='ocr_carea' id='block_1_27' title="bbox 319 2469 1990 2544">
    <p class='ocr_par' dir='ltr' id='par_1_27' title="bbox 319 2469 1990 2544">
     <span class='ocr_line' id='line_1_27' title="bbox 319 2469 1990 2544; baseline -0.001 -17"><span class='ocrx_word' id='word_1_168' title='bbox 319 2470 486 2537; x_wconf 87' lang='lat' dir='ltr'><strong>bent,</strong></span> <span class='ocrx_word' id='word_1_169' title='bbox 520 2473 580 2528; x_wconf 86' lang='lat' dir='ltr'><strong>et</strong></span> <span class='ocrx_word' id='word_1_170' title='bbox 601 2469 682 2526; x_wconf 88' lang='lat' dir='ltr'><strong>ad</strong></span> <span class='ocrx_word' id='word_1_171' title='bbox 702 2469 853 2525; x_wconf 90' lang='lat' dir='ltr'><strong>illud</strong></span> <span class='ocrx_word' id='word_1_172' title='bbox 869 2485 999 2526; x_wconf 84' lang='lat' dir='ltr'><strong>sese</strong></span> <span class='ocrx_word' id='word_1_173' title='bbox 1025 2485 1415 2542; x_wconf 86' lang='lat' dir='ltr'><strong>componere,</strong></span> <span class='ocrx_word' id='word_1_174' title='bbox 1441 2475 1508 2528; x_wconf 87' lang='lat' dir='ltr'><strong>ut</strong></span> <span class='ocrx_word' id='word_1_175' title='bbox 1537 2475 1990 2544; x_wconf 86' lang='lat' dir='ltr'><strong>consequantur</strong></span> 
     </span>
    </p>
   </div>
   <div class='ocr_carea' id='block_1_28' title="bbox 318 2558 1988 2632">
    <p class='ocr_par' dir='ltr' id='par_1_28' title="bbox 318 2558 1988 2632">
     <span class='ocr_line' id='line_1_28' title="bbox 318 2558 1988 2632; baseline 0 -17"><span class='ocrx_word' id='word_1_176' title='bbox 318 2558 512 2632; x_wconf 84' lang='lat' dir='ltr'><strong>ipsius</strong></span> <span class='ocrx_word' id='word_1_177' title='bbox 555 2558 840 2628; x_wconf 85' lang='lat' dir='ltr'><strong>gratiam,</strong></span> <span class='ocrx_word' id='word_1_178' title='bbox 881 2558 1059 2630; x_wconf 87' lang='lat' dir='ltr'><strong>eique</strong></span> <span class='ocrx_word' id='word_1_179' title='bbox 1111 2559 1555 2632; x_wconf 89' lang='lat' dir='ltr'><strong>complaceant,</strong></span> <span class='ocrx_word' id='word_1_180' title='bbox 1615 2575 1742 2616; x_wconf 90' lang='lat' dir='ltr'><strong>non</strong></span> <span class='ocrx_word' id='word_1_181' title='bbox 1784 2565 1988 2618; x_wconf 86' lang='lat' dir='ltr'><strong>autem</strong></span> 
     </span>
    </p>
   </div>
   <div class='ocr_carea' id='block_1_29' title="bbox 313 2646 1989 2720">
    <p class='ocr_par' dir='ltr' id='par_1_29' title="bbox 313 2646 1989 2720">
     <span class='ocr_line' id='line_1_29' title="bbox 313 2646 1989 2720; baseline -0.002 -16"><span class='ocrx_word' id='word_1_182' title='bbox 313 2647 466 2704; x_wconf 83' lang='lat' dir='ltr'><strong>ﬁant</strong></span> <span class='ocrx_word' id='word_1_183' title='bbox 520 2646 775 2704; x_wconf 83' lang='lat' dir='ltr'><strong>obnoxii</strong></span> <span class='ocrx_word' id='word_1_184' title='bbox 803 2646 1052 2703; x_wconf 64' lang='lat' dir='ltr'><strong>malitiae</strong></span> <span class='ocrx_word' id='word_1_185' title='bbox 1081 2652 1187 2704; x_wconf 87' lang='lat' dir='ltr'><strong>aut</strong></span> <span class='ocrx_word' id='word_1_186' title='bbox 1217 2649 1600 2719; x_wconf 83' lang='lat' dir='ltr'><strong>negligentiae</strong></span> <span class='ocrx_word' id='word_1_187' title='bbox 1627 2649 1884 2720; x_wconf 89' lang='lat' dir='ltr'><strong>judicio.</strong></span> <span class='ocrx_word' id='word_1_188' title='bbox 1918 2647 1989 2704; x_wconf 89' lang='lat' dir='ltr'><strong>Ut</strong></span> 
     </span>
    </p>
   </div>
   <div class='ocr_carea' id='block_1_30' title="bbox 317 2736 1985 2810">
    <p class='ocr_par' dir='ltr' id='par_1_30' title="bbox 317 2736 1985 2810">
     <span class='ocr_line' id='line_1_30' title="bbox 317 2736 1985 2810; baseline 0.001 -15"><span class='ocrx_word' id='word_1_189' title='bbox 317 2738 482 2795; x_wconf 90' lang='lat' dir='ltr'><strong>enim</strong></span> <span class='ocrx_word' id='word_1_190' title='bbox 537 2736 642 2810; x_wconf 89' lang='lat' dir='ltr'><strong>qui</strong></span> <span class='ocrx_word' id='word_1_191' title='bbox 699 2739 842 2793; x_wconf 88' lang='lat' dir='ltr'><strong>sunt</strong></span> <span class='ocrx_word' id='word_1_192' title='bbox 885 2736 964 2793; x_wconf 88' lang='lat' dir='ltr'><strong>ab</strong></span> <span class='ocrx_word' id='word_1_193' title='bbox 1012 2736 1219 2810; x_wconf 77' lang='lat' dir='ltr'><strong>aliquo</strong></span> <span class='ocrx_word' id='word_1_194' title='bbox 1275 2739 1498 2803; x_wconf 78' lang='lat' dir='ltr'><strong>vocati,</strong></span> <span class='ocrx_word' id='word_1_195' title='bbox 1547 2739 1596 2795; x_wconf 89' lang='lat' dir='ltr'><strong>si</strong></span> <span class='ocrx_word' id='word_1_196' title='bbox 1643 2744 1866 2796; x_wconf 87' lang='lat' dir='ltr'><strong>metere</strong></span> <span class='ocrx_word' id='word_1_197' title='bbox 1925 2739 1985 2796; x_wconf 89' lang='lat' dir='ltr'><strong>in</strong></span> 
     </span>
    </p>
   </div>
   <div class='ocr_carea' id='block_1_31' title="bbox 316 2825 1985 2902">
    <p class='ocr_par' dir='ltr' id='par_1_31' title="bbox 316 2825 1985 2902">
     <span class='ocr_line' id='line_1_31' title="bbox 316 2825 1985 2902; baseline 0.001 -18"><span class='ocrx_word' id='word_1_198' title='bbox 316 2827 524 2885; x_wconf 87' lang='lat' dir='ltr'><strong>animo</strong></span> <span class='ocrx_word' id='word_1_199' title='bbox 548 2825 829 2883; x_wconf 87' lang='lat' dir='ltr'><strong>habuerit</strong></span> <span class='ocrx_word' id='word_1_200' title='bbox 854 2825 962 2899; x_wconf 93' lang='lat' dir='ltr'><strong>qui</strong></span> <span class='ocrx_word' id='word_1_201' title='bbox 1010 2825 1270 2892; x_wconf 83' lang='lat' dir='ltr'><strong>vocavit,</strong></span> <span class='ocrx_word' id='word_1_202' title='bbox 1307 2831 1366 2896; x_wconf 82' lang='lat' dir='ltr'><strong>at</strong></span> <span class='ocrx_word' id='word_1_203' title='bbox 1408 2830 1760 2884; x_wconf 89' lang='lat' dir='ltr'><strong>metendum</strong></span> <span class='ocrx_word' id='word_1_204' title='bbox 1797 2843 1860 2884; x_wconf 91' lang='lat' dir='ltr'><strong>se</strong></span> <span class='ocrx_word' id='word_1_205' title='bbox 1881 2844 1985 2902; x_wconf 79' lang='lat' dir='ltr'><strong>pa-</strong></span> 
     </span>
    </p>
   </div>
   <div class='ocr_carea' id='block_1_32' title="bbox 315 2913 1986 2990">
    <p class='ocr_par' dir='ltr' id='par_1_32' title="bbox 315 2913 1986 2990">
     <span class='ocr_line' id='line_1_32' title="bbox 315 2913 1986 2990; baseline 0.001 -18"><span class='ocrx_word' id='word_1_206' title='bbox 315 2919 473 2985; x_wconf 89' lang='lat' dir='ltr'><strong>rant,</strong></span> <span class='ocrx_word' id='word_1_207' title='bbox 509 2915 560 2972; x_wconf 87' lang='lat' dir='ltr'><strong>si</strong></span> <span class='ocrx_word' id='word_1_208' title='bbox 585 2931 730 2971; x_wconf 90' lang='lat' dir='ltr'><strong>vero</strong></span> <span class='ocrx_word' id='word_1_209' title='bbox 760 2913 1062 2972; x_wconf 69' lang='lat' dir='ltr'><strong>aediﬁcare</strong></span> <span class='ocrx_word' id='word_1_210' title='bbox 1089 2915 1207 2972; x_wconf 86' lang='lat' dir='ltr'><strong>sibi</strong></span> <span class='ocrx_word' id='word_1_211' title='bbox 1226 2918 1635 2990; x_wconf 89' lang='lat' dir='ltr'><strong>proposuerit,</strong></span> <span class='ocrx_word' id='word_1_212' title='bbox 1662 2918 1986 2989; x_wconf 89' lang='lat' dir='ltr'><strong>accingunt</strong></span> 
     </span>
    </p>
   </div>
   <div class='ocr_carea' id='block_1_33' title="bbox 317 3003 1986 3080">
    <p class='ocr_par' dir='ltr' id='par_1_33' title="bbox 317 3003 1986 3080">
     <span class='ocr_line' id='line_1_33' title="bbox 317 3003 1986 3080; baseline 0.001 -18"><span class='ocrx_word' id='word_1_213' title='bbox 317 3021 383 3063; x_wconf 90' lang='lat' dir='ltr'><strong>se</strong></span> <span class='ocrx_word' id='word_1_214' title='bbox 411 3004 494 3063; x_wconf 83' lang='lat' dir='ltr'><strong>ad</strong></span> <span class='ocrx_word' id='word_1_215' title='bbox 519 3003 959 3062; x_wconf 73' lang='lat' dir='ltr'><strong>aediﬁcandum</strong></span> <span class='ocrx_word' id='word_1_216' title='bbox 986 3022 999 3060; x_wconf 90' lang='lat'>:</span> <span class='ocrx_word' id='word_1_217' title='bbox 1052 3005 1136 3062; x_wconf 86' lang='lat' dir='ltr'><strong>ita</strong></span> <span class='ocrx_word' id='word_1_218' title='bbox 1182 3022 1316 3075; x_wconf 90' lang='lat' dir='ltr'><strong>nos,</strong></span> <span class='ocrx_word' id='word_1_219' title='bbox 1347 3006 1455 3080; x_wconf 90' lang='lat' dir='ltr'><strong>qui</strong></span> <span class='ocrx_word' id='word_1_220' title='bbox 1481 3008 1682 3064; x_wconf 87' lang='lat' dir='ltr'><strong>vocati</strong></span> <span class='ocrx_word' id='word_1_221' title='bbox 1711 3024 1924 3064; x_wconf 80' lang='lat' dir='ltr'><strong>sumus</strong></span> <span class='ocrx_word' id='word_1_222' title='bbox 1950 3023 1986 3065; x_wconf 88' lang='lat' dir='ltr'><strong>a</strong></span> 
     </span>
    </p>
   </div>
   <div class='ocr_carea' id='block_1_34' title="bbox 317 3093 2057 3171">
    <p class='ocr_par' dir='ltr' id='par_1_34' title="bbox 317 3093 2057 3171">
     <span class='ocr_line' id='line_1_34' title="bbox 317 3093 2057 3171; baseline 0.001 -19"><span class='ocrx_word' id='word_1_223' title='bbox 317 3093 597 3164; x_wconf 88' lang='lat' dir='ltr'><strong>Domino,</strong></span> <span class='ocrx_word' id='word_1_224' title='bbox 627 3109 932 3150; x_wconf 86' lang='lat' dir='ltr'><strong>memores</strong></span> <span class='ocrx_word' id='word_1_225' title='bbox 959 3109 1090 3151; x_wconf 90' lang='lat' dir='ltr'><strong>esse</strong></span> <span class='ocrx_word' id='word_1_226' title='bbox 1105 3095 1400 3152; x_wconf 84' lang='lat' dir='ltr'><strong>debemus</strong></span> <span class='ocrx_word' id='word_1_227' title='bbox 1421 3097 1713 3170; x_wconf 81' lang='lat' dir='ltr'><strong>Apostoli,</strong></span> <span class='ocrx_word' id='word_1_228' title='bbox 1741 3097 1846 3171; x_wconf 87' lang='lat' dir='ltr'><strong>qui</strong></span> <span class='ocrx_word' id='word_1_229' title='bbox 1871 3097 1980 3155; x_wconf 87' lang='lat' dir='ltr'><strong>ait:</strong></span> <span class='ocrx_word' id='word_1_230' title='bbox 2015 3106 2057 3163; x_wconf 85' lang='lat' dir='ltr'>c</span> 
     </span>
    </p>
   </div>
   <div class='ocr_carea' id='block_1_35' title="bbox 318 3183 1984 3259">
    <p class='ocr_par' dir='ltr' id='par_1_35' title="bbox 318 3183 1984 3259">
     <span class='ocr_line' id='line_1_35' title="bbox 318 3183 1984 3259; baseline 0.002 -18"><span class='ocrx_word' id='word_1_231' title='bbox 318 3183 571 3241; x_wconf 82' lang='lat' dir='ltr'><strong>Obsecro</strong></span> <span class='ocrx_word' id='word_1_232' title='bbox 589 3197 692 3240; x_wconf 87' lang='lat' dir='ltr'><strong>vos</strong></span> <span class='ocrx_word' id='word_1_233' title='bbox 713 3198 820 3255; x_wconf 88' lang='lat' dir='ltr'><strong>ego</strong></span> <span class='ocrx_word' id='word_1_234' title='bbox 842 3184 1078 3240; x_wconf 88' lang='lat' dir='ltr'><strong>vinctus</strong></span> <span class='ocrx_word' id='word_1_235' title='bbox 1100 3185 1164 3240; x_wconf 88' lang='lat' dir='ltr'><strong>in</strong></span> <span class='ocrx_word' id='word_1_236' title='bbox 1187 3185 1460 3257; x_wconf 90' lang='lat' dir='ltr'><strong>Domino,</strong></span> <span class='ocrx_word' id='word_1_237' title='bbox 1490 3194 1555 3243; x_wconf 91' lang='lat' dir='ltr'><strong>ut</strong></span> <span class='ocrx_word' id='word_1_238' title='bbox 1575 3187 1760 3259; x_wconf 86' lang='lat' dir='ltr'><strong>digne</strong></span> <span class='ocrx_word' id='word_1_239' title='bbox 1778 3189 1984 3244; x_wconf 86' lang='lat' dir='ltr'><strong>ambu-</strong></span> 
     </span>
    </p>
   </div>
   <div class='ocr_carea' id='block_1_36' title="bbox 318 3274 1984 3346">
    <p class='ocr_par' dir='ltr' id='par_1_36' title="bbox 318 3274 1984 3346">
     <span class='ocr_line' id='line_1_36' title="bbox 318 3274 1984 3346; baseline 0.003 -16"><span class='ocrx_word' id='word_1_240' title='bbox 318 3274 449 3332; x_wconf 87' lang='lat' dir='ltr'><strong>letis</strong></span> <span class='ocrx_word' id='word_1_241' title='bbox 461 3279 917 3346; x_wconf 77' lang='lat' dir='ltr'><strong>vocatione,qua</strong></span> <span class='ocrx_word' id='word_1_242' title='bbox 933 3277 1439 3346; x_wconf 84' lang='lat' dir='ltr'><strong>vocatiestis,cum</strong></span> <span class='ocrx_word' id='word_1_243' title='bbox 1461 3280 1625 3334; x_wconf 91' lang='lat' dir='ltr'><strong>omni</strong></span> <span class='ocrx_word' id='word_1_244' title='bbox 1639 3279 1984 3336; x_wconf 81' lang='lat' dir='ltr'><strong>humilitate</strong></span> 
     </span>
    </p>
   </div>
   <div class='ocr_carea' id='block_1_37' title="bbox 315 3361 1980 3435">
    <p class='ocr_par' dir='ltr' id='par_1_37' title="bbox 315 3361 1980 3435">
     <span class='ocr_line' id='line_1_37' title="bbox 315 3361 1980 3435; baseline 0.002 -17"><span class='ocrx_word' id='word_1_245' title='bbox 315 3366 374 3418; x_wconf 87' lang='lat' dir='ltr'><strong>et</strong></span> <span class='ocrx_word' id='word_1_246' title='bbox 402 3361 885 3427; x_wconf 83' lang='lat' dir='ltr'><strong>mansuetudine,</strong></span> <span class='ocrx_word' id='word_1_247' title='bbox 909 3377 1038 3418; x_wconf 86' lang='lat' dir='ltr'><strong>cum</strong></span> <span class='ocrx_word' id='word_1_248' title='bbox 1060 3364 1357 3432; x_wconf 77' lang='lat' dir='ltr'><strong>patientia</strong></span> <span class='ocrx_word' id='word_1_249' title='bbox 1379 3372 1806 3435; x_wconf 86' lang='lat' dir='ltr'><strong>supportantes</strong></span> <span class='ocrx_word' id='word_1_250' title='bbox 1829 3368 1980 3424; x_wconf 85' lang='lat' dir='ltr'><strong>invi-</strong></span> 
     </span>
    </p>
   </div>
   <div class='ocr_carea' id='block_1_38' title="bbox 315 3450 1978 3527">
    <p class='ocr_par' dir='ltr' id='par_1_38' title="bbox 315 3450 1978 3527">
     <span class='ocr_line' id='line_1_38' title="bbox 315 3450 1978 3527; baseline 0.003 -19"><span class='ocrx_word' id='word_1_251' title='bbox 315 3465 438 3508; x_wconf 81' lang='lat' dir='ltr'><strong>cem</strong></span> <span class='ocrx_word' id='word_1_252' title='bbox 459 3450 524 3506; x_wconf 88' lang='lat' dir='ltr'><strong>in</strong></span> <span class='ocrx_word' id='word_1_253' title='bbox 553 3451 851 3507; x_wconf 73' lang='lat' dir='ltr'><strong>charitate</strong></span> <span class='ocrx_word' id='word_1_254' title='bbox 881 3467 894 3506; x_wconf 90' lang='lat'><strong>:</strong></span> <span class='ocrx_word' id='word_1_255' title='bbox 927 3452 1181 3509; x_wconf 83' lang='lat' dir='ltr'><strong>solliciti</strong></span> <span class='ocrx_word' id='word_1_256' title='bbox 1204 3467 1448 3511; x_wconf 78' lang='lat' dir='ltr'><strong>servare</strong></span> <span class='ocrx_word' id='word_1_257' title='bbox 1484 3456 1774 3512; x_wconf 85' lang='lat' dir='ltr'><strong>unitatem</strong></span> <span class='ocrx_word' id='word_1_258' title='bbox 1801 3458 1978 3527; x_wconf 81' lang='lat' dir='ltr'><strong>spiri-</strong></span> 
     </span>
    </p>
   </div>
   <div class='ocr_carea' id='block_1_39' title="bbox 317 3541 1977 3618">
    <p class='ocr_par' dir='ltr' id='par_1_39' title="bbox 317 3541 1977 3618">
     <span class='ocr_line' id='line_1_39' title="bbox 317 3541 1977 3618; baseline 0.005 -21"><span class='ocrx_word' id='word_1_259' title='bbox 317 3546 413 3597; x_wconf 88' lang='lat' dir='ltr'><strong>tus</strong></span> <span class='ocrx_word' id='word_1_260' title='bbox 441 3541 506 3597; x_wconf 90' lang='lat' dir='ltr'><strong>in</strong></span> <span class='ocrx_word' id='word_1_261' title='bbox 527 3541 773 3598; x_wconf 87' lang='lat' dir='ltr'><strong>vinculo</strong></span> <span class='ocrx_word' id='word_1_262' title='bbox 797 3542 991 3611; x_wconf 82' lang='lat' dir='ltr'><strong>pacis.</strong></span> <span class='ocrx_word' id='word_1_263' title='bbox 1029 3543 1224 3600; x_wconf 90' lang='lat' dir='ltr'><strong>Unum</strong></span> <span class='ocrx_word' id='word_1_264' title='bbox 1257 3561 1497 3616; x_wconf 87' lang='lat' dir='ltr'><strong>corpus,</strong></span> <span class='ocrx_word' id='word_1_265' title='bbox 1525 3553 1579 3603; x_wconf 90' lang='lat' dir='ltr'><strong>et</strong></span> <span class='ocrx_word' id='word_1_266' title='bbox 1611 3563 1769 3603; x_wconf 87' lang='lat' dir='ltr'><strong>unus</strong></span> <span class='ocrx_word' id='word_1_267' title='bbox 1800 3551 1977 3618; x_wconf 86' lang='lat' dir='ltr'><strong>spiri-</strong></span> 
     </span>
    </p>
   </div>
   <div class='ocr_carea' id='block_1_40' title="bbox 315 3632 1978 3704">
    <p class='ocr_par' dir='ltr' id='par_1_40' title="bbox 315 3632 1978 3704">
     <span class='ocr_line' id='line_1_40' title="bbox 315 3632 1978 3704; baseline 0.005 -18"><span class='ocrx_word' id='word_1_268' title='bbox 315 3635 433 3700; x_wconf 91' lang='lat' dir='ltr'><strong>tus,</strong></span> <span class='ocrx_word' id='word_1_269' title='bbox 461 3632 618 3688; x_wconf 82' lang='lat' dir='ltr'><strong>sicut</strong></span> <span class='ocrx_word' id='word_1_270' title='bbox 640 3636 695 3688; x_wconf 89' lang='lat' dir='ltr'><strong>et</strong></span> <span class='ocrx_word' id='word_1_271' title='bbox 725 3633 923 3688; x_wconf 89' lang='lat' dir='ltr'><strong>vocati</strong></span> <span class='ocrx_word' id='word_1_272' title='bbox 949 3633 1088 3690; x_wconf 83' lang='lat' dir='ltr'><strong>estis</strong></span> <span class='ocrx_word' id='word_1_273' title='bbox 1118 3635 1183 3690; x_wconf 90' lang='lat' dir='ltr'><strong>in</strong></span> <span class='ocrx_word' id='word_1_274' title='bbox 1216 3650 1338 3692; x_wconf 90' lang='lat' dir='ltr'><strong>una</strong></span> <span class='ocrx_word' id='word_1_275' title='bbox 1365 3651 1467 3704; x_wconf 90' lang='lat' dir='ltr'><strong>spe</strong></span> <span class='ocrx_word' id='word_1_276' title='bbox 1507 3640 1835 3694; x_wconf 84' lang='lat' dir='ltr'><strong>vocationis</strong></span> <span class='ocrx_word' id='word_1_277' title='bbox 1858 3655 1978 3697; x_wconf 84' lang='lat' dir='ltr'><strong>ves-</strong></span> 
     </span>
    </p>
   </div>
   <div class='ocr_carea' id='block_1_41' title="bbox 315 3719 1976 3794">
    <p class='ocr_par' dir='ltr' id='par_1_41' title="bbox 315 3719 1976 3794">
     <span class='ocr_line' id='line_1_41' title="bbox 315 3719 1976 3794; baseline 0.007 -20"><span class='ocrx_word' id='word_1_278' title='bbox 315 3723 428 3777; x_wconf 74' lang='lat' dir='ltr'><strong>trae</strong></span> <span class='ocrx_word' id='word_1_279' title='bbox 456 3720 524 3776; x_wconf 81' lang='grc'><strong>⁸³.</strong></span> <span class='ocrx_word' id='word_1_280' title='bbox 556 3719 831 3794; x_wconf 78' lang='lat' dir='ltr'><strong>Apertius</strong></span> <span class='ocrx_word' id='word_1_281' title='bbox 862 3726 1066 3779; x_wconf 86' lang='lat' dir='ltr'><strong>autem</strong></span> <span class='ocrx_word' id='word_1_282' title='bbox 1096 3738 1224 3779; x_wconf 90' lang='lat' dir='ltr'><strong>rem</strong></span> <span class='ocrx_word' id='word_1_283' title='bbox 1256 3728 1446 3782; x_wconf 88' lang='lat' dir='ltr'><strong>totam</strong></span> <span class='ocrx_word' id='word_1_284' title='bbox 1473 3726 1653 3783; x_wconf 90' lang='lat' dir='ltr'><strong>nobis</strong></span> <span class='ocrx_word' id='word_1_285' title='bbox 1685 3729 1976 3786; x_wconf 88' lang='lat' dir='ltr'><strong>Dominus</strong></span> 
     </span>
    </p>
   </div>
   <div class='ocr_carea' id='block_1_42' title="bbox 312 3808 1976 3890">
    <p class='ocr_par' dir='ltr' id='par_1_42' title="bbox 312 3808 1976 3890">
     <span class='ocr_line' id='line_1_42' title="bbox 312 3808 1976 3890; baseline 0.007 -26"><span class='ocrx_word' id='word_1_286' title='bbox 312 3809 594 3870; x_wconf 86' lang='lat' dir='ltr'><strong>ostendit.</strong></span> <span class='ocrx_word' id='word_1_287' title='bbox 644 3825 752 3883; x_wconf 88' lang='lat' dir='ltr'><strong>per</strong></span> <span class='ocrx_word' id='word_1_288' title='bbox 798 3808 862 3866; x_wconf 91' lang='lat' dir='ltr'><strong>id</strong></span> <span class='ocrx_word' id='word_1_289' title='bbox 908 3812 1283 3883; x_wconf 88' lang='lat' dir='ltr'><strong>promissum</strong></span> <span class='ocrx_word' id='word_1_290' title='bbox 1321 3815 1489 3888; x_wconf 92' lang='lat' dir='ltr'><strong>quod</strong></span> <span class='ocrx_word' id='word_1_291' title='bbox 1533 3815 1816 3890; x_wconf 87' lang='lat' dir='ltr'><strong>privatim</strong></span> <span class='ocrx_word' id='word_1_292' title='bbox 1848 3820 1976 3876; x_wconf 91' lang='lat' dir='ltr'><strong>uni-</strong></span> 
     </span>
    </p>
   </div>
   <div class='ocr_carea' id='block_1_43' title="bbox 312 3898 1972 3980">
    <p class='ocr_par' dir='ltr' id='par_1_43' title="bbox 312 3898 1972 3980">
     <span class='ocr_line' id='line_1_43' title="bbox 312 3898 1972 3980; baseline 0.007 -25"><span class='ocrx_word' id='word_1_293' title='bbox 312 3898 531 3972; x_wconf 91' lang='lat' dir='ltr'><strong>cuique</strong></span> <span class='ocrx_word' id='word_1_294' title='bbox 577 3899 715 3956; x_wconf 82' lang='lat' dir='ltr'><strong>fecit</strong></span> <span class='ocrx_word' id='word_1_295' title='bbox 756 3899 850 3956; x_wconf 90' lang='lat' dir='ltr'><strong>his</strong></span> <span class='ocrx_word' id='word_1_296' title='bbox 882 3901 1083 3957; x_wconf 90' lang='lat' dir='ltr'><strong>verbis</strong></span> <span class='ocrx_word' id='word_1_297' title='bbox 1112 3919 1125 3958; x_wconf 93' lang='lat'>:</span> <span class='ocrx_word' id='word_1_298' title='bbox 1158 3903 1227 3958; x_wconf 91' lang='lat' dir='ltr'><strong>Si</strong></span> <span class='ocrx_word' id='word_1_299' title='bbox 1252 3905 1383 3975; x_wconf 88' lang='lat' dir='ltr'><strong>quis</strong></span> <span class='ocrx_word' id='word_1_300' title='bbox 1427 3905 1630 3977; x_wconf 88' lang='lat' dir='ltr'><strong>diligit</strong></span> <span class='ocrx_word' id='word_1_301' title='bbox 1658 3906 1830 3980; x_wconf 74' lang='grc'><strong>491</strong></span> <span class='ocrx_word' id='word_1_302' title='bbox 1859 3925 1972 3977; x_wconf 87' lang='lat' dir='ltr'><strong>me,</strong></span> 
     </span>
    </p>
   </div>
   <div class='ocr_carea' id='block_1_44' title="bbox 306 3991 1973 4069">
    <p class='ocr_par' dir='ltr' id='par_1_44' title="bbox 306 3991 1973 4069">
     <span class='ocr_line' id='line_1_44' title="bbox 306 3991 1973 4069; baseline 0.006 -25"><span class='ocrx_word' id='word_1_303' title='bbox 306 4003 636 4046; x_wconf 88' lang='lat' dir='ltr'><strong>sermonem</strong></span> <span class='ocrx_word' id='word_1_304' title='bbox 687 4005 884 4046; x_wconf 89' lang='lat' dir='ltr'><strong>meum</strong></span> <span class='ocrx_word' id='word_1_305' title='bbox 914 3991 1200 4058; x_wconf 82' lang='lat' dir='ltr'><strong>servabit,</strong></span> <span class='ocrx_word' id='word_1_306' title='bbox 1231 3997 1286 4049; x_wconf 90' lang='lat' dir='ltr'><strong>et</strong></span> <span class='ocrx_word' id='word_1_307' title='bbox 1332 4001 1514 4063; x_wconf 85' lang='lat' dir='ltr'><strong>pater</strong></span> <span class='ocrx_word' id='word_1_308' title='bbox 1554 4012 1719 4052; x_wconf 89' lang='lat' dir='ltr'><strong>meus</strong></span> <span class='ocrx_word' id='word_1_309' title='bbox 1765 3998 1973 4069; x_wconf 85' lang='lat' dir='ltr'><strong>diliget</strong></span> 
     </span>
    </p>
   </div>
   <div class='ocr_carea' id='block_1_45' title="bbox 310 4078 1972 4156">
    <p class='ocr_par' dir='ltr' id='par_1_45' title="bbox 310 4078 1972 4156">
     <span class='ocr_line' id='line_1_45' title="bbox 310 4078 1972 4156; baseline 0.007 -22"><span class='ocrx_word' id='word_1_310' title='bbox 310 4093 463 4145; x_wconf 89' lang='lat' dir='ltr'><strong>eum,</strong></span> <span class='ocrx_word' id='word_1_311' title='bbox 488 4083 545 4136; x_wconf 85' lang='lat' dir='ltr'><strong>et</strong></span> <span class='ocrx_word' id='word_1_312' title='bbox 575 4078 657 4135; x_wconf 88' lang='lat' dir='ltr'><strong>ad</strong></span> <span class='ocrx_word' id='word_1_313' title='bbox 676 4094 810 4135; x_wconf 88' lang='lat' dir='ltr'><strong>eum</strong></span> <span class='ocrx_word' id='word_1_314' title='bbox 838 4081 1160 4152; x_wconf 86' lang='lat' dir='ltr'><strong>veniemus,</strong></span> <span class='ocrx_word' id='word_1_315' title='bbox 1185 4087 1239 4138; x_wconf 90' lang='lat' dir='ltr'><strong>et</strong></span> <span class='ocrx_word' id='word_1_316' title='bbox 1260 4085 1626 4142; x_wconf 85' lang='lat' dir='ltr'><strong>mansionem</strong></span> <span class='ocrx_word' id='word_1_317' title='bbox 1647 4088 1815 4156; x_wconf 89' lang='lat' dir='ltr'><strong>apud</strong></span> <span class='ocrx_word' id='word_1_318' title='bbox 1838 4103 1972 4145; x_wconf 89' lang='lat' dir='ltr'><strong>eum</strong></span> 
     </span>
    </p>
   </div>
   <div class='ocr_carea' id='block_1_46' title="bbox 303 4167 1972 4239">
    <p class='ocr_par' dir='ltr' id='par_1_46' title="bbox 303 4167 1972 4239">
     <span class='ocr_line' id='line_1_46' title="bbox 303 4167 1972 4239; baseline 0.007 -16"><span class='ocrx_word' id='word_1_319' title='bbox 303 4167 601 4238; x_wconf 81' lang='lat' dir='ltr'><strong>faciemus</strong></span> <span class='ocrx_word' id='word_1_320' title='bbox 622 4167 670 4203; x_wconf 77' lang='grc'>⁸³</span> <span class='ocrx_word' id='word_1_321' title='bbox 726 4168 888 4226; x_wconf 90' lang='lat' dir='ltr'><strong>Sicut</strong></span> <span class='ocrx_word' id='word_1_322' title='bbox 934 4169 1118 4239; x_wconf 88' lang='lat' dir='ltr'><strong>igitur</strong></span> <span class='ocrx_word' id='word_1_323' title='bbox 1168 4171 1513 4230; x_wconf 84' lang='lat' dir='ltr'><strong>observatis</strong></span> <span class='ocrx_word' id='word_1_324' title='bbox 1569 4176 1875 4233; x_wconf 89' lang='lat' dir='ltr'><strong>mandatis</strong></span> <span class='ocrx_word' id='word_1_325' title='bbox 1907 4178 1972 4235; x_wconf 85' lang='lat' dir='ltr'><strong>ﬁt</strong></span> 
     </span>
    </p>
   </div>
   <div class='ocr_carea' id='block_1_47' title="bbox 307 4256 1968 4334">
    <p class='ocr_par' dir='ltr' id='par_1_47' title="bbox 307 4256 1968 4334">
     <span class='ocr_line' id='line_1_47' title="bbox 307 4256 1968 4334; baseline 0.008 -23"><span class='ocrx_word' id='word_1_326' title='bbox 307 4256 474 4328; x_wconf 90' lang='lat' dir='ltr'><strong>apud</strong></span> <span class='ocrx_word' id='word_1_327' title='bbox 503 4271 642 4312; x_wconf 92' lang='lat' dir='ltr'><strong>eum</strong></span> <span class='ocrx_word' id='word_1_328' title='bbox 669 4257 907 4314; x_wconf 90' lang='lat' dir='ltr'><strong>mansio</strong></span> <span class='ocrx_word' id='word_1_329' title='bbox 935 4275 950 4314; x_wconf 87' lang='lat'><strong>:</strong></span> <span class='ocrx_word' id='word_1_330' title='bbox 984 4259 1067 4315; x_wconf 90' lang='lat' dir='ltr'><strong>sic</strong></span> <span class='ocrx_word' id='word_1_331' title='bbox 1097 4275 1344 4334; x_wconf 88' lang='lat' dir='ltr'><strong>quoque</strong></span> <span class='ocrx_word' id='word_1_332' title='bbox 1383 4262 1445 4318; x_wconf 91' lang='lat' dir='ltr'><strong>in</strong></span> <span class='ocrx_word' id='word_1_333' title='bbox 1475 4265 1678 4322; x_wconf 91' lang='lat' dir='ltr'><strong>medio</strong></span> <span class='ocrx_word' id='word_1_334' title='bbox 1707 4266 1968 4325; x_wconf 90' lang='lat' dir='ltr'><strong>duorum</strong></span> 
     </span>
    </p>
   </div>
   <div class='ocr_carea' id='block_1_48' title="bbox 305 4344 1970 4414">
    <p class='ocr_par' dir='ltr' id='par_1_48' title="bbox 305 4344 1970 4414">
     <span class='ocr_line' id='line_1_48' title="bbox 305 4344 1970 4414; baseline 0.007 -12"><span class='ocrx_word' id='word_1_335' title='bbox 305 4345 404 4402; x_wconf 88' lang='lat' dir='ltr'><strong>vel</strong></span> <span class='ocrx_word' id='word_1_336' title='bbox 433 4344 616 4403; x_wconf 90' lang='lat' dir='ltr'><strong>trium</strong></span> <span class='ocrx_word' id='word_1_337' title='bbox 646 4350 739 4403; x_wconf 87' lang='lat' dir='ltr'><strong>est</strong></span> <span class='ocrx_word' id='word_1_338' title='bbox 762 4348 832 4414; x_wconf 69' lang='grc'><strong>⁸⁸,</strong></span> <span class='ocrx_word' id='word_1_339' title='bbox 865 4347 914 4404; x_wconf 88' lang='lat' dir='ltr'><strong>si</strong></span> <span class='ocrx_word' id='word_1_340' title='bbox 944 4363 1007 4404; x_wconf 89' lang='lat' dir='ltr'><strong>se</strong></span> <span class='ocrx_word' id='word_1_341' title='bbox 1038 4349 1116 4405; x_wconf 91' lang='lat' dir='ltr'><strong>ad</strong></span> <span class='ocrx_word' id='word_1_342' title='bbox 1147 4348 1306 4406; x_wconf 88' lang='lat' dir='ltr'><strong>illius</strong></span> <span class='ocrx_word' id='word_1_343' title='bbox 1332 4352 1707 4413; x_wconf 89' lang='lat' dir='ltr'><strong>voluntatem</strong></span> <span class='ocrx_word' id='word_1_344' title='bbox 1736 4357 1970 4414; x_wconf 87' lang='lat' dir='ltr'><strong>confor-</strong></span> 
     </span>
    </p>
   </div>
   <div class='ocr_carea' id='block_1_49' title="bbox 304 4434 2044 4527">
    <p class='ocr_par' dir='ltr' id='par_1_49' title="bbox 304 4434 2044 4527">
     <span class='ocr_line' id='line_1_49' title="bbox 304 4434 2044 4527; baseline 0.008 -36"><span class='ocrx_word' id='word_1_345' title='bbox 304 4434 550 4492; x_wconf 89' lang='lat' dir='ltr'><strong>marint.</strong></span> <span class='ocrx_word' id='word_1_346' title='bbox 594 4436 706 4502; x_wconf 86' lang='lat' dir='ltr'><strong>Qui</strong></span> <span class='ocrx_word' id='word_1_347' title='bbox 735 4451 878 4494; x_wconf 90' lang='lat' dir='ltr'><strong>vero</strong></span> <span class='ocrx_word' id='word_1_348' title='bbox 900 4453 1024 4494; x_wconf 91' lang='lat' dir='ltr'><strong>non</strong></span> <span class='ocrx_word' id='word_1_349' title='bbox 1057 4454 1132 4495; x_wconf 84' lang='lat' dir='ltr'><strong>ex</strong></span> <span class='ocrx_word' id='word_1_350' title='bbox 1161 4441 1498 4499; x_wconf 89' lang='lat' dir='ltr'><strong>vocationis</strong></span> <span class='ocrx_word' id='word_1_351' title='bbox 1529 4445 1844 4515; x_wconf 88' lang='lat' dir='ltr'><strong>dignitate.</strong></span> <span class='ocrx_word' id='word_1_352' title='bbox 1868 4462 1967 4504; x_wconf 89' lang='lat' dir='ltr'><strong>ne-</strong></span> <span class='ocrx_word' id='word_1_353' title='bbox 2001 4473 2044 4527; x_wconf 82' lang='grc' dir='ltr'><strong>ι)</strong></span> 
     </span>
    </p>
   </div>
   <div class='ocr_carea' id='block_1_50' title="bbox 301 4525 1964 4607">
    <p class='ocr_par' dir='ltr' id='par_1_50' title="bbox 301 4525 1964 4607">
     <span class='ocr_line' id='line_1_50' title="bbox 301 4525 1964 4607; baseline 0.008 -27"><span class='ocrx_word' id='word_1_354' title='bbox 301 4539 423 4597; x_wconf 91' lang='lat' dir='ltr'><strong>que</strong></span> <span class='ocrx_word' id='word_1_355' title='bbox 455 4525 534 4582; x_wconf 90' lang='lat' dir='ltr'><strong>ad</strong></span> <span class='ocrx_word' id='word_1_356' title='bbox 585 4525 963 4586; x_wconf 81' lang='lat' dir='ltr'><strong>voluntatem</strong></span> <span class='ocrx_word' id='word_1_357' title='bbox 995 4529 1236 4586; x_wconf 90' lang='lat' dir='ltr'><strong>Domini</strong></span> <span class='ocrx_word' id='word_1_358' title='bbox 1288 4535 1639 4607; x_wconf 86' lang='lat' dir='ltr'><strong>congregati</strong></span> <span class='ocrx_word' id='word_1_359' title='bbox 1680 4541 1833 4604; x_wconf 91' lang='lat' dir='ltr'><strong>sunt,</strong></span> <span class='ocrx_word' id='word_1_360' title='bbox 1877 4542 1964 4594; x_wconf 87' lang='lat' dir='ltr'><strong>ta-</strong></span> 
     </span>
    </p>
   </div>
   <div class='ocr_carea' id='block_1_51' title="bbox 300 4615 1962 4699">
    <p class='ocr_par' dir='ltr' id='par_1_51' title="bbox 300 4615 1962 4699">
     <span class='ocr_line' id='line_1_51' title="bbox 300 4615 1962 4699; baseline 0.008 -28"><span class='ocrx_word' id='word_1_361' title='bbox 300 4615 476 4672; x_wconf 90' lang='lat' dir='ltr'><strong>metsi</strong></span> <span class='ocrx_word' id='word_1_362' title='bbox 505 4615 786 4674; x_wconf 87' lang='lat' dir='ltr'><strong>videntur</strong></span> <span class='ocrx_word' id='word_1_363' title='bbox 836 4618 1019 4676; x_wconf 82' lang='lat' dir='ltr'><strong>fuisse</strong></span> <span class='ocrx_word' id='word_1_364' title='bbox 1069 4618 1132 4675; x_wconf 89' lang='lat' dir='ltr'><strong>in</strong></span> <span class='ocrx_word' id='word_1_365' title='bbox 1186 4623 1435 4680; x_wconf 91' lang='lat' dir='ltr'><strong>nomine</strong></span> <span class='ocrx_word' id='word_1_366' title='bbox 1487 4626 1727 4683; x_wconf 89' lang='lat' dir='ltr'><strong>Domini</strong></span> <span class='ocrx_word' id='word_1_367' title='bbox 1749 4629 1962 4699; x_wconf 87' lang='lat' dir='ltr'><strong>coacti,</strong></span> 
     </span>
    </p>
   </div>
   <div class='ocr_carea' id='block_1_52' title="bbox 299 4703 1962 4785">
    <p class='ocr_par' dir='ltr' id='par_1_52' title="bbox 299 4703 1962 4785">
     <span class='ocr_line' id='line_1_52' title="bbox 299 4703 1962 4785; baseline 0.009 -24"><span class='ocrx_word' id='word_1_368' title='bbox 299 4703 556 4764; x_wconf 88' lang='lat' dir='ltr'><strong>audiunt</strong></span> <span class='ocrx_word' id='word_1_369' title='bbox 604 4709 860 4778; x_wconf 89' lang='lat' dir='ltr'><strong>tamen;</strong></span> <span class='ocrx_word' id='word_1_370' title='bbox 921 4708 1081 4778; x_wconf 82' lang='lat' dir='ltr'><strong>Quid</strong></span> <span class='ocrx_word' id='word_1_371' title='bbox 1132 4714 1360 4769; x_wconf 86' lang='lat' dir='ltr'><strong>vocatis</strong></span> <span class='ocrx_word' id='word_1_372' title='bbox 1397 4729 1509 4780; x_wconf 89' lang='lat' dir='ltr'><strong>me,</strong></span> <span class='ocrx_word' id='word_1_373' title='bbox 1550 4717 1820 4785; x_wconf 87' lang='lat' dir='ltr'><strong>Domine,</strong></span> <span class='ocrx_word' id='word_1_374' title='bbox 1843 4719 1962 4776; x_wconf 89' lang='lat' dir='ltr'><strong>Do-</strong></span> 
     </span>
    </p>
   </div>
   <div class='ocr_carea' id='block_1_53' title="bbox 298 4795 1416 4872">
    <p class='ocr_par' dir='ltr' id='par_1_53' title="bbox 298 4795 1416 4872">
     <span class='ocr_line' id='line_1_53' title="bbox 298 4795 1416 4872; baseline 0.006 -20"><span class='ocrx_word' id='word_1_375' title='bbox 298 4795 479 4865; x_wconf 88' lang='lat' dir='ltr'><strong>mine,</strong></span> <span class='ocrx_word' id='word_1_376' title='bbox 513 4800 568 4854; x_wconf 89' lang='lat' dir='ltr'><strong>et</strong></span> <span class='ocrx_word' id='word_1_377' title='bbox 605 4813 729 4856; x_wconf 87' lang='lat' dir='ltr'><strong>non</strong></span> <span class='ocrx_word' id='word_1_378' title='bbox 758 4798 966 4868; x_wconf 84' lang='lat' dir='ltr'><strong>facitis</strong></span> <span class='ocrx_word' id='word_1_379' title='bbox 987 4814 1121 4872; x_wconf 57' lang='lat' dir='ltr'><strong>qua</strong></span> <span class='ocrx_word' id='word_1_380' title='bbox 1142 4801 1278 4858; x_wconf 86' lang='lat' dir='ltr'><strong>dico</strong></span> <span class='ocrx_word' id='word_1_381' title='bbox 1311 4803 1357 4838; x_wconf 78' lang='grc'><strong>³⁵</strong></span> <span class='ocrx_word' id='word_1_382' title='bbox 1387 4807 1416 4858; x_wconf 84' lang='lat'><strong><em>?</em></strong></span> 
     </span>
    </p>
   </div>
   <div class='ocr_carea' id='block_1_54' title="bbox 367 4992 1906 5072">
    <p class='ocr_par' dir='ltr' id='par_1_54' title="bbox 367 4992 1906 5072">
     <span class='ocr_line' id='line_1_54' title="bbox 367 4992 1906 5072; baseline 0.007 -24"><span class='ocrx_word' id='word_1_383' title='bbox 367 4992 415 5028; x_wconf 80' lang='grc'><strong>⁷⁸</strong></span> <span class='ocrx_word' id='word_1_384' title='bbox 447 4992 777 5072; x_wconf 35' lang='grc' dir='ltr'>ῌιτξωτ-ιιι,</span> <span class='ocrx_word' id='word_1_385' title='bbox 806 4999 895 5052; x_wconf 82' lang='lat' dir='ltr'><strong>l5.</strong></span> <span class='ocrx_word' id='word_1_386' title='bbox 979 4998 1027 5072; x_wconf 14' lang='lat'><strong>779</strong></span> <span class='ocrx_word' id='word_1_387' title='bbox 1061 4998 1191 5072; x_wconf 54' lang='lat' dir='ltr'><strong>Act.</strong></span> <span class='ocrx_word' id='word_1_388' title='bbox 1222 5013 1285 5068; x_wconf 85' lang='lat' dir='ltr'><strong>x,</strong></span> <span class='ocrx_word' id='word_1_389' title='bbox 1317 5003 1374 5056; x_wconf 86' lang='lat'><strong>2.</strong></span> <span class='ocrx_word' id='word_1_390' title='bbox 1451 5001 1498 5036; x_wconf 80' lang='grc' dir='ltr'><strong>⁸ο</strong></span> <span class='ocrx_word' id='word_1_391' title='bbox 1530 5003 1700 5060; x_wconf 84' lang='lat' dir='ltr'><strong>Rom.</strong></span> <span class='ocrx_word' id='word_1_392' title='bbox 1725 5015 1785 5072; x_wconf 73' lang='grc' dir='ltr'><strong>κ,</strong></span> <span class='ocrx_word' id='word_1_393' title='bbox 1823 5007 1906 5060; x_wconf 61' lang='lat' dir='ltr'><strong>ti.</strong></span> 
     </span>
    </p>
   </div>
   <div class='ocr_carea' id='block_1_55' title="bbox 293 5065 1536 5138">
    <p class='ocr_par' dir='ltr' id='par_1_55' title="bbox 293 5065 1536 5138">
     <span class='ocr_line' id='line_1_55' title="bbox 293 5065 1536 5138; baseline 0.007 -19"><span class='ocrx_word' id='word_1_394' title='bbox 293 5066 384 5120; x_wconf 87' lang='lat'><strong>23.</strong></span> <span class='ocrx_word' id='word_1_395' title='bbox 460 5065 508 5100; x_wconf 79' lang='lat'><strong>“</strong></span> <span class='ocrx_word' id='word_1_396' title='bbox 529 5065 731 5123; x_wconf 78' lang='lat' dir='ltr'><strong>Matth.</strong></span> <span class='ocrx_word' id='word_1_397' title='bbox 759 5083 920 5136; x_wconf 84' lang='lat' dir='ltr'><strong>xvm,</strong></span> <span class='ocrx_word' id='word_1_398' title='bbox 953 5071 1044 5126; x_wconf 66' lang='lat'><strong>2.).</strong></span> <span class='ocrx_word' id='word_1_399' title='bbox 1077 5069 1124 5104; x_wconf 81' lang='grc'><strong>⁸⁵</strong></span> <span class='ocrx_word' id='word_1_400' title='bbox 1157 5065 1296 5126; x_wconf 84' lang='lat' dir='ltr'><strong>Luc.</strong></span> <span class='ocrx_word' id='word_1_401' title='bbox 1329 5087 1406 5138; x_wconf 78' lang='lat' dir='ltr'><strong>vr,</strong></span> <span class='ocrx_word' id='word_1_402' title='bbox 1442 5074 1536 5128; x_wconf 80' lang='grc'><strong>46.</strong></span> 
     </span>
    </p>
   </div>
   <div class='ocr_carea' id='block_1_56' title="bbox 297 5244 1950 5366">
    <p class='ocr_par' dir='ltr' id='par_1_56' title="bbox 297 5244 1950 5366">
     <span class='ocr_line' id='line_1_56' title="bbox 297 5244 1950 5366; baseline 0.002 -63"><span class='ocrx_word' id='word_1_403' title='bbox 297 5245 473 5366; x_wconf 40' lang='grc' dir='ltr'><strong>θ,(21)</strong></span> <span class='ocrx_word' id='word_1_404' title='bbox 495 5244 682 5301; x_wconf 80' lang='lat' dir='ltr'><strong>Vossii</strong></span> <span class='ocrx_word' id='word_1_405' title='bbox 739 5250 916 5303; x_wconf 85' lang='lat' dir='ltr'><strong>vetus</strong></span> <span class='ocrx_word' id='word_1_406' title='bbox 962 5246 1115 5304; x_wconf 88' lang='lat' dir='ltr'><strong>liber</strong></span> <span class='ocrx_word' id='word_1_407' title='bbox 1139 5251 1197 5308; x_wconf 88' lang='lat' dir='ltr'><strong>et</strong></span> <span class='ocrx_word' id='word_1_408' title='bbox 1249 5249 1351 5306; x_wconf 85' lang='lat' dir='ltr'><strong>alii</strong></span> <span class='ocrx_word' id='word_1_409' title='bbox 1382 5248 1506 5306; x_wconf 91' lang='lat' dir='ltr'><strong>duo</strong></span> <span class='ocrx_word' id='word_1_410' title='bbox 1532 5254 1822 5325; x_wconf 82' lang='grc' dir='ltr'>γράμματα</span> <span class='ocrx_word' id='word_1_411' title='bbox 1849 5274 1950 5326; x_wconf 84' lang='grc' dir='ltr'>μα-</span> 
     </span>
     <span class='ocr_line' id='line_1_57' title="bbox 329 5333 488 5366; baseline 0 0"><span class='ocrx_word' id='word_1_412' title='bbox 329 5333 488 5366; x_wconf 76' lang='grc' dir='ltr'>οντες.</span> 
     </span>
    </p>
   </div>
   <div class='ocr_carea' id='block_1_57' title="bbox 329 5333 1949 5472">
    <p class='ocr_par' dir='ltr' id='par_1_57' title="bbox 329 5333 1949 5472">
     <span class='ocr_line' id='line_1_58' title="bbox 329 5333 1949 5472; baseline 0.004 -30"><span class='ocrx_word' id='word_1_413' title='bbox 533 5387 698 5443; x_wconf 88' lang='lat' dir='ltr'><strong>Unus</strong></span> <span class='ocrx_word' id='word_1_414' title='bbox 749 5405 862 5445; x_wconf 79' lang='lat' dir='ltr'><strong>ms.</strong></span> <span class='ocrx_word' id='word_1_415' title='bbox 923 5393 980 5446; x_wconf 93' lang='lat' dir='ltr'><strong>et</strong></span> <span class='ocrx_word' id='word_1_416' title='bbox 997 5389 1141 5448; x_wconf 89' lang='lat' dir='ltr'><strong>editi</strong></span> <span class='ocrx_word' id='word_1_417' title='bbox 1170 5396 1519 5447; x_wconf 81' lang='grc' dir='ltr'>πιστεύσωσι.</span> <span class='ocrx_word' id='word_1_418' title='bbox 1570 5394 1680 5452; x_wconf 80' lang='lat' dir='ltr'><strong>Alii</strong></span> <span class='ocrx_word' id='word_1_419' title='bbox 1705 5395 1830 5452; x_wconf 91' lang='lat' dir='ltr'><strong>duo</strong></span> <span class='ocrx_word' id='word_1_420' title='bbox 1858 5417 1949 5451; x_wconf 88' lang='grc' dir='ltr'>πι-</span> 
     </span>
    </p>
   </div>
   <div class='ocr_carea' id='block_1_58' title="bbox 295 5474 600 5513">
    <p class='ocr_par' dir='ltr' id='par_1_58' title="bbox 295 5474 600 5513">
     <span class='ocr_line' id='line_1_59' title="bbox 295 5474 600 5513; baseline 0.01 -4"><span class='ocrx_word' id='word_1_421' title='bbox 295 5474 600 5513; x_wconf 85' lang='grc' dir='ltr'>στευσουσι.</span> 
     </span>
    </p>
   </div>
   <div class='ocr_carea' id='block_1_59' title="bbox 360 5530 1707 5610">
    <p class='ocr_par' dir='ltr' id='par_1_59' title="bbox 360 5530 1707 5610">
     <span class='ocr_line' id='line_1_60' title="bbox 360 5530 1707 5610; baseline 0.006 -27"><span class='ocrx_word' id='word_1_422' title='bbox 688 5530 922 5610; x_wconf 82' lang='lat' dir='ltr'><strong>primus</strong></span> <span class='ocrx_word' id='word_1_423' title='bbox 955 5536 1175 5610; x_wconf 83' lang='lat' dir='ltr'><strong>e_t__Vo_ss</strong></span> <span class='ocrx_word' id='word_1_424' title='bbox 1205 5555 1342 5598; x_wconf 81' lang='grc' dir='ltr'>τινος</span> <span class='ocrx_word' id='word_1_425' title='bbox 1369 5543 1707 5610; x_wconf 79' lang='grc' dir='ltr'>συνηγμένοι.</span> 
     </span>
    </p>
   </div>
   <div class='ocr_carea' id='block_1_60' title="bbox 360 5600 1945 5682">
    <p class='ocr_par' dir='ltr' id='par_1_60' title="bbox 360 5600 1945 5682">
     <span class='ocr_line' id='line_1_61' title="bbox 360 5600 1945 5682; baseline 0.008 -28"><span class='ocrx_word' id='word_1_426' title='bbox 360 5600 475 5670; x_wconf 75' lang='grc'><strong>(24)</strong></span> <span class='ocrx_word' id='word_1_427' title='bbox 507 5600 746 5658; x_wconf 81' lang='lat' dir='ltr'><strong>Veteres</strong></span> <span class='ocrx_word' id='word_1_428' title='bbox 793 5602 917 5660; x_wconf 91' lang='lat' dir='ltr'><strong>duo</strong></span> <span class='ocrx_word' id='word_1_429' title='bbox 975 5605 1115 5663; x_wconf 89' lang='lat' dir='ltr'><strong>libri</strong></span> <span class='ocrx_word' id='word_1_430' title='bbox 1173 5612 1303 5682; x_wconf 85' lang='grc' dir='ltr'>πρὸς</span> <span class='ocrx_word' id='word_1_431' title='bbox 1333 5600 1736 5668; x_wconf 61' lang='lat' dir='ltr'><strong>rooro.&#39;Codex</strong></span> <span class='ocrx_word' id='word_1_432' title='bbox 1775 5613 1945 5669; x_wconf 83' lang='lat' dir='ltr'><strong>Voss.</strong></span> 
     </span>
    </p>
   </div>
   <div class='ocr_carea' id='block_1_61' title="bbox 1986 5004 2572 5073">
    <p class='ocr_par' dir='ltr' id='par_1_61' title="bbox 1986 5004 2572 5073">
     <span class='ocr_line' id='line_1_62' title="bbox 1986 5004 2572 5073; baseline -0.002 -11"><span class='ocrx_word' id='word_1_433' title='bbox 1986 5005 2032 5040; x_wconf 73' lang='grc'><strong>³⁸</strong></span> <span class='ocrx_word' id='word_1_434' title='bbox 2063 5004 2262 5062; x_wconf 82' lang='lat' dir='ltr'><strong>Matth.</strong></span> <span class='ocrx_word' id='word_1_435' title='bbox 2293 5018 2453 5073; x_wconf 80' lang='lat' dir='ltr'><strong>xvm,</strong></span> <span class='ocrx_word' id='word_1_436' title='bbox 2478 5008 2572 5061; x_wconf 79' lang='lat'><strong>20.</strong></span> 
     </span>
    </p>
   </div>
   <div class='ocr_carea' id='block_1_62' title="bbox 2109 479 3712 568">
    <p class='ocr_par' dir='ltr' id='par_1_62' title="bbox 2109 479 3712 568">
     <span class='ocr_line' id='line_1_63' title="bbox 2109 479 3712 568; baseline 0.014 -33"><span class='ocrx_word' id='word_1_437' title='bbox 2109 479 2167 536; x_wconf 68' lang='lat' dir='ltr'><strong>di</strong></span> <span class='ocrx_word' id='word_1_438' title='bbox 2193 489 2240 538; x_wconf 83' lang='grc' dir='ltr'>οἱ</span> <span class='ocrx_word' id='word_1_439' title='bbox 2297 493 2432 541; x_wconf 79' lang='grc' dir='ltr'>κατὰ</span> <span class='ocrx_word' id='word_1_440' title='bbox 2470 494 2555 543; x_wconf 82' lang='grc' dir='ltr'>τὸν</span> <span class='ocrx_word' id='word_1_441' title='bbox 2612 491 2907 565; x_wconf 76' lang='grc' dir='ltr'><strong>Κορνήλιον,</strong></span> <span class='ocrx_word' id='word_1_442' title='bbox 2956 501 3065 555; x_wconf 78' lang='grc' dir='ltr'>τοῖς</span> <span class='ocrx_word' id='word_1_443' title='bbox 3115 496 3206 567; x_wconf 71' lang='grc' dir='ltr'><strong>μεν</strong></span> <span class='ocrx_word' id='word_1_444' title='bbox 3261 479 3506 568; x_wconf 72' lang='grc' dir='ltr'>φυσικοῖς</span> <span class='ocrx_word' id='word_1_445' title='bbox 3558 509 3712 564; x_wconf 75' lang='grc' dir='ltr'>κινή-</span> 
     </span>
    </p>
   </div>
   <div class='ocr_carea' id='block_1_63' title="bbox 2103 578 3713 665">
    <p class='ocr_par' dir='ltr' id='par_1_63' title="bbox 2103 578 3713 665">
     <span class='ocr_line' id='line_1_64' title="bbox 2103 578 3713 665; baseline 0.013 -41"><span class='ocrx_word' id='word_1_446' title='bbox 2103 593 2268 665; x_wconf 77' lang='grc' dir='ltr'>μασιν</span> <span class='ocrx_word' id='word_1_447' title='bbox 2315 578 2478 649; x_wconf 80' lang='grc' dir='ltr'>ὑγιῶς</span> <span class='ocrx_word' id='word_1_448' title='bbox 2527 585 2813 654; x_wconf 77' lang='grc' dir='ltr'>χρώμενοι,</span> <span class='ocrx_word' id='word_1_449' title='bbox 2873 581 2940 642; x_wconf 85' lang='grc' dir='ltr'><strong>εἰς</strong></span> <span class='ocrx_word' id='word_1_450' title='bbox 2989 578 3047 635; x_wconf 73' lang='grc' dir='ltr'>δε</span> <span class='ocrx_word' id='word_1_451' title='bbox 3101 587 3198 642; x_wconf 77' lang='grc' dir='ltr'><strong>τὴν</strong></span> <span class='ocrx_word' id='word_1_452' title='bbox 3249 586 3364 638; x_wconf 85' lang='grc' dir='ltr'>κατ’</span> <span class='ocrx_word' id='word_1_453' title='bbox 3413 586 3713 665; x_wconf 68' lang='grc' dir='ltr'>ἄπιστημην</span> 
     </span>
    </p>
   </div>
   <div class='ocr_carea' id='block_1_64' title="bbox 2102 661 3712 746">
    <p class='ocr_par' dir='ltr' id='par_1_64' title="bbox 2102 661 3712 746">
     <span class='ocr_line' id='line_1_65' title="bbox 2102 661 3712 746; baseline 0.012 -32"><span class='ocrx_word' id='word_1_454' title='bbox 2102 661 2398 724; x_wconf 74' lang='grc' dir='ltr'><strong>τελειότητα</strong></span> <span class='ocrx_word' id='word_1_455' title='bbox 2446 666 2815 744; x_wconf 79' lang='grc' dir='ltr'>βραδύνοντες.</span> <span class='ocrx_word' id='word_1_456' title='bbox 2879 666 2974 723; x_wconf 80' lang='grc' dir='ltr'><strong>διὰ</strong></span> <span class='ocrx_word' id='word_1_457' title='bbox 3029 676 3125 731; x_wconf 74' lang='grc' dir='ltr'>τὴν</span> <span class='ocrx_word' id='word_1_458' title='bbox 3157 671 3430 746; x_wconf 67' lang='grc' dir='ltr'>ἀπόλειψιν</span> <span class='ocrx_word' id='word_1_459' title='bbox 3470 684 3570 730; x_wconf 81' lang='grc' dir='ltr'>τῶν</span> <span class='ocrx_word' id='word_1_460' title='bbox 3609 661 3712 734; x_wconf 41' lang='grc' dir='ltr'><strong>’δι-</strong></span> 
     </span>
    </p>
   </div>
   <div class='ocr_carea' id='block_1_65' title="bbox 2105 748 3710 841">
    <p class='ocr_par' dir='ltr' id='par_1_65' title="bbox 2105 748 3710 841">
     <span class='ocr_line' id='line_1_66' title="bbox 2105 748 3710 841; baseline 0.012 -36"><span class='ocrx_word' id='word_1_461' title='bbox 2105 748 2423 811; x_wconf 84' lang='grc' dir='ltr'>δασκόντων.</span> <span class='ocrx_word' id='word_1_462' title='bbox 2520 764 2635 822; x_wconf 86' lang='grc' dir='ltr'><strong>Πῶς</strong></span> <span class='ocrx_word' id='word_1_463' title='bbox 2715 761 2818 832; x_wconf 80' lang='grc' dir='ltr'><strong>γὰρ</strong></span> <span class='ocrx_word' id='word_1_464' title='bbox 2907 763 3257 814; x_wconf 84' lang='grc' dir='ltr'>πιστεύσουσι</span> <span class='ocrx_word' id='word_1_465' title='bbox 3339 763 3471 835; x_wconf 80' lang='grc'>(22),</span> <span class='ocrx_word' id='word_1_466' title='bbox 3528 776 3710 841; x_wconf 70' lang='grc' dir='ltr'>φησὶν,</span> 
     </span>
    </p>
   </div>
   <div class='ocr_carea' id='block_1_66' title="bbox 2101 839 3708 929">
    <p class='ocr_par' dir='ltr' id='par_1_66' title="bbox 2101 839 3708 929">
     <span class='ocr_line' id='line_1_67' title="bbox 2101 839 3708 929; baseline 0.012 -36"><span class='ocrx_word' id='word_1_467' title='bbox 2101 839 2186 893; x_wconf 72' lang='grc' dir='ltr'>ἐὰν</span> <span class='ocrx_word' id='word_1_468' title='bbox 2241 848 2314 917; x_wconf 81' lang='grc' dir='ltr'>μὴ</span> <span class='ocrx_word' id='word_1_469' title='bbox 2374 843 2672 900; x_wconf 78' lang='grc' dir='ltr'><strong>ἀκούσωσιν</strong></span> <span class='ocrx_word' id='word_1_470' title='bbox 2721 865 2736 916; x_wconf 88' lang='grc'><strong>;</strong></span> <span class='ocrx_word' id='word_1_471' title='bbox 2795 848 2928 902; x_wconf 78' lang='grc' dir='ltr'><strong>Ἐὰν</strong></span> <span class='ocrx_word' id='word_1_472' title='bbox 2985 846 3074 904; x_wconf 80' lang='grc' dir='ltr'>οὖν</span> <span class='ocrx_word' id='word_1_473' title='bbox 3130 851 3304 926; x_wconf 75' lang='grc' dir='ltr'>συμϐῇ</span> <span class='ocrx_word' id='word_1_474' title='bbox 3361 873 3501 918; x_wconf 91' lang='grc' dir='ltr'>τινας</span> <span class='ocrx_word' id='word_1_475' title='bbox 3559 856 3708 929; x_wconf 89' lang='grc' dir='ltr'>εἶναι,</span> 
     </span>
    </p>
   </div>
   <div class='ocr_carea' id='block_1_67' title="bbox 2101 935 3712 1022">
    <p class='ocr_par' dir='ltr' id='par_1_67' title="bbox 2101 935 3712 1022">
     <span class='ocr_line' id='line_1_68' title="bbox 2101 935 3712 1022; baseline 0.012 -39"><span class='ocrx_word' id='word_1_476' title='bbox 2101 935 2237 985; x_wconf 81' lang='grc' dir='ltr'>κατὰ</span> <span class='ocrx_word' id='word_1_477' title='bbox 2287 937 2374 987; x_wconf 84' lang='grc' dir='ltr'>τὸν</span> <span class='ocrx_word' id='word_1_478' title='bbox 2431 937 2728 1010; x_wconf 80' lang='grc' dir='ltr'><strong>Κορνήλιον,</strong></span> <span class='ocrx_word' id='word_1_479' title='bbox 2784 943 2902 1014; x_wconf 87' lang='grc' dir='ltr'>περὶ</span> <span class='ocrx_word' id='word_1_480' title='bbox 2949 936 3118 1013; x_wconf 66' lang='grc' dir='ltr'>μηδὲν</span> <span class='ocrx_word' id='word_1_481' title='bbox 3175 945 3267 1015; x_wconf 75' lang='grc' dir='ltr'><strong>μεν</strong></span> <span class='ocrx_word' id='word_1_482' title='bbox 3321 948 3481 998; x_wconf 82' lang='grc' dir='ltr'>κακὸν</span> <span class='ocrx_word' id='word_1_483' title='bbox 3531 947 3712 1022; x_wconf 77' lang='grc' dir='ltr'>ἀσχο-</span> 
     </span>
    </p>
   </div>
   <div class='ocr_carea' id='block_1_68' title="bbox 2098 1018 3712 1102">
    <p class='ocr_par' dir='ltr' id='par_1_68' title="bbox 2098 1018 3712 1102">
     <span class='ocr_line' id='line_1_69' title="bbox 2098 1018 3712 1102; baseline 0.013 -30"><span class='ocrx_word' id='word_1_484' title='bbox 2098 1018 2393 1095; x_wconf 89' lang='grc' dir='ltr'>λουμένους,</span> <span class='ocrx_word' id='word_1_485' title='bbox 2453 1024 2501 1078; x_wconf 84' lang='grc' dir='ltr'><strong>έν</strong></span> <span class='ocrx_word' id='word_1_486' title='bbox 2560 1023 2619 1080; x_wconf 75' lang='grc' dir='ltr'>δε</span> <span class='ocrx_word' id='word_1_487' title='bbox 2677 1026 2930 1102; x_wconf 75' lang='grc' dir='ltr'>ἔπιθυμιᾳ</span> <span class='ocrx_word' id='word_1_488' title='bbox 2978 1039 3074 1094; x_wconf 83' lang='grc' dir='ltr'>τῆς</span> <span class='ocrx_word' id='word_1_489' title='bbox 3126 1031 3448 1096; x_wconf 85' lang='grc' dir='ltr'>τελείότητος</span> <span class='ocrx_word' id='word_1_490' title='bbox 3491 1039 3561 1090; x_wconf 77' lang='grc' dir='ltr'><strong>τὰ</strong></span> <span class='ocrx_word' id='word_1_491' title='bbox 3603 1018 3712 1092; x_wconf 47' lang='grc' dir='ltr'><strong>ἑυ-</strong></span> 
     </span>
    </p>
   </div>
   <div class='ocr_carea' id='block_1_69' title="bbox 2099 1114 3710 1194">
    <p class='ocr_par' dir='ltr' id='par_1_69' title="bbox 2099 1114 3710 1194">
     <span class='ocr_line' id='line_1_70' title="bbox 2099 1114 3710 1194; baseline 0.013 -32"><span class='ocrx_word' id='word_1_492' title='bbox 2099 1114 2228 1164; x_wconf 81' lang='grc' dir='ltr'>νατὰ</span> <span class='ocrx_word' id='word_1_493' title='bbox 2277 1119 2366 1166; x_wconf 85' lang='grc' dir='ltr'>καὶ</span> <span class='ocrx_word' id='word_1_494' title='bbox 2433 1115 2504 1178; x_wconf 83' lang='grc' dir='ltr'><strong>εἰς</strong></span> <span class='ocrx_word' id='word_1_495' title='bbox 2552 1125 2746 1188; x_wconf 83' lang='grc' dir='ltr'>γνῶσιν</span> <span class='ocrx_word' id='word_1_496' title='bbox 2795 1121 2990 1179; x_wconf 79' lang='grc' dir='ltr'>ἦκοντα</span> <span class='ocrx_word' id='word_1_497' title='bbox 3039 1120 3174 1174; x_wconf 88' lang='grc' dir='ltr'>καλὰ</span> <span class='ocrx_word' id='word_1_498' title='bbox 3228 1127 3460 1194; x_wconf 75' lang='grc' dir='ltr'>γνησίως</span> <span class='ocrx_word' id='word_1_499' title='bbox 3508 1125 3710 1183; x_wconf 81' lang='grc' dir='ltr'>ἐπιδει-</span> 
     </span>
    </p>
   </div>
   <div class='ocr_carea' id='block_1_70' title="bbox 2099 1206 3698 1292">
    <p class='ocr_par' dir='ltr' id='par_1_70' title="bbox 2099 1206 3698 1292">
     <span class='ocr_line' id='line_1_71' title="bbox 2099 1206 3698 1292; baseline 0.013 -39"><span class='ocrx_word' id='word_1_500' title='bbox 2099 1206 2394 1276; x_wconf 84' lang='grc' dir='ltr'>κνυμένους,</span> <span class='ocrx_word' id='word_1_501' title='bbox 2461 1210 2664 1268; x_wconf 78' lang='grc' dir='ltr'>τούτοις</span> <span class='ocrx_word' id='word_1_502' title='bbox 2731 1208 2756 1261; x_wconf 79' lang='grc' dir='ltr'><strong><em>ὁ</em></strong></span> <span class='ocrx_word' id='word_1_503' title='bbox 2825 1213 2956 1274; x_wconf 81' lang='grc' dir='ltr'>Θεὸς</span> <span class='ocrx_word' id='word_1_504' title='bbox 3010 1211 3296 1286; x_wconf 73' lang='grc' dir='ltr'>χαρίζεται</span> <span class='ocrx_word' id='word_1_505' title='bbox 3359 1213 3394 1268; x_wconf 81' lang='grc' dir='ltr'><strong>ἆ</strong></span> <span class='ocrx_word' id='word_1_506' title='bbox 3458 1223 3550 1271; x_wconf 84' lang='grc' dir='ltr'><strong>καί</strong></span> <span class='ocrx_word' id='word_1_507' title='bbox 3623 1229 3698 1292; x_wconf 78' lang='grc' dir='ltr'>τῷ</span> 
     </span>
    </p>
   </div>
   <div class='ocr_carea' id='block_1_71' title="bbox 2102 1293 3706 1382">
    <p class='ocr_par' dir='ltr' id='par_1_71' title="bbox 2102 1293 3706 1382">
     <span class='ocr_line' id='line_1_72' title="bbox 2102 1293 3706 1382; baseline 0.012 -38"><span class='ocrx_word' id='word_1_508' title='bbox 2102 1293 2387 1368; x_wconf 77' lang='grc' dir='ltr'>Κορνηλίῳ,</span> <span class='ocrx_word' id='word_1_509' title='bbox 2443 1302 2514 1370; x_wconf 78' lang='grc' dir='ltr'>μή</span> <span class='ocrx_word' id='word_1_510' title='bbox 2584 1298 2788 1361; x_wconf 76' lang='grc' dir='ltr'>τούτοις</span> <span class='ocrx_word' id='word_1_511' title='bbox 2843 1299 3183 1374; x_wconf 70' lang='grc' dir='ltr'>λογισάμενος</span> <span class='ocrx_word' id='word_1_512' title='bbox 3247 1307 3333 1357; x_wconf 90' lang='grc' dir='ltr'>τὸν</span> <span class='ocrx_word' id='word_1_513' title='bbox 3387 1306 3706 1382; x_wconf 72' lang='grc' dir='ltr'>παρελθόντα</span> 
     </span>
    </p>
   </div>
   <div class='ocr_carea' id='block_1_72' title="bbox 2100 1384 3704 1470">
    <p class='ocr_par' dir='ltr' id='par_1_72' title="bbox 2100 1384 3704 1470">
     <span class='ocr_line' id='line_1_73' title="bbox 2100 1384 3704 1470; baseline 0.011 -36"><span class='ocrx_word' id='word_1_514' title='bbox 2100 1387 2293 1456; x_wconf 82' lang='grc' dir='ltr'>χρόνον</span> <span class='ocrx_word' id='word_1_515' title='bbox 2341 1393 2438 1447; x_wconf 86' lang='grc' dir='ltr'>τῆς</span> <span class='ocrx_word' id='word_1_516' title='bbox 2492 1384 2676 1460; x_wconf 77' lang='grc' dir='ltr'>ἀργίας</span> <span class='ocrx_word' id='word_1_517' title='bbox 2729 1389 2802 1452; x_wconf 82' lang='grc' dir='ltr'><strong>εἰς</strong></span> <span class='ocrx_word' id='word_1_518' title='bbox 2850 1389 3105 1464; x_wconf 80' lang='grc' dir='ltr'>ἔγκλημα,</span> <span class='ocrx_word' id='word_1_519' title='bbox 3165 1390 3273 1446; x_wconf 71' lang='grc' dir='ltr'>ἐπεὶ</span> <span class='ocrx_word' id='word_1_520' title='bbox 3331 1400 3403 1467; x_wconf 76' lang='grc' dir='ltr'>μὴ</span> <span class='ocrx_word' id='word_1_521' title='bbox 3438 1400 3582 1470; x_wconf 81' lang='grc' dir='ltr'>παρὰ</span> <span class='ocrx_word' id='word_1_522' title='bbox 3609 1403 3704 1458; x_wconf 74' lang='grc' dir='ltr'>τήν</span> 
     </span>
    </p>
   </div>
   <div class='ocr_carea' id='block_1_73' title="bbox 2101 1471 3706 1561">
    <p class='ocr_par' dir='ltr' id='par_1_73' title="bbox 2101 1471 3706 1561">
     <span class='ocr_line' id='line_1_74' title="bbox 2101 1471 3706 1561; baseline 0.011 -37"><span class='ocrx_word' id='word_1_523' title='bbox 2101 1471 2268 1524; x_wconf 75' lang='grc' dir='ltr'>αὐτῶν</span> <span class='ocrx_word' id='word_1_524' title='bbox 2325 1475 2530 1546; x_wconf 77' lang='grc' dir='ltr'><strong>αἰτίαν,</strong></span> <span class='ocrx_word' id='word_1_525' title='bbox 2588 1478 2658 1540; x_wconf 76' lang='grc' dir='ltr'><strong>ὡς</strong></span> <span class='ocrx_word' id='word_1_526' title='bbox 2712 1477 2872 1547; x_wconf 84' lang='grc' dir='ltr'>εἶπον,</span> <span class='ocrx_word' id='word_1_527' title='bbox 2933 1478 3145 1552; x_wconf 75' lang='grc' dir='ltr'>ἐγένετο·</span> <span class='ocrx_word' id='word_1_528' title='bbox 3211 1490 3274 1555; x_wconf 73' lang='grc' dir='ltr'>τῇ</span> <span class='ocrx_word' id='word_1_529' title='bbox 3340 1480 3400 1538; x_wconf 71' lang='grc' dir='ltr'>δε</span> <span class='ocrx_word' id='word_1_530' title='bbox 3453 1483 3706 1561; x_wconf 80' lang='grc' dir='ltr'>έπιθυμίᾳ</span> 
     </span>
    </p>
   </div>
   <div class='ocr_carea' id='block_1_74' title="bbox 2103 1557 3705 1650">
    <p class='ocr_par' dir='ltr' id='par_1_74' title="bbox 2103 1557 3705 1650">
     <span class='ocr_line' id='line_1_75' title="bbox 2103 1557 3705 1650; baseline 0.009 -38"><span class='ocrx_word' id='word_1_531' title='bbox 2103 1557 2435 1636; x_wconf 73' lang='grc' dir='ltr'>ἀρκούμενος,</span> <span class='ocrx_word' id='word_1_532' title='bbox 2501 1571 2562 1638; x_wconf 75' lang='grc' dir='ltr'><strong>τῇ</strong></span> <span class='ocrx_word' id='word_1_533' title='bbox 2625 1569 2972 1642; x_wconf 72' lang='grc' dir='ltr'>φανερωθείση</span> <span class='ocrx_word' id='word_1_534' title='bbox 3036 1565 3131 1622; x_wconf 80' lang='grc' dir='ltr'><strong>διὰ</strong></span> <span class='ocrx_word' id='word_1_535' title='bbox 3176 1578 3276 1622; x_wconf 83' lang='grc' dir='ltr'>τῶν</span> <span class='ocrx_word' id='word_1_536' title='bbox 3320 1575 3457 1625; x_wconf 82' lang='grc' dir='ltr'>κατὰ</span> <span class='ocrx_word' id='word_1_537' title='bbox 3523 1579 3705 1650; x_wconf 85' lang='grc' dir='ltr'>καιρὸν</span> 
     </span>
    </p>
   </div>
   <div class='ocr_carea' id='block_1_75' title="bbox 2104 1647 3703 1740">
    <p class='ocr_par' dir='ltr' id='par_1_75' title="bbox 2104 1647 3703 1740">
     <span class='ocr_line' id='line_1_76' title="bbox 2104 1647 3703 1740; baseline 0.011 -39"><span class='ocrx_word' id='word_1_538' title='bbox 2104 1647 2566 1726; x_wconf 74' lang='grc' dir='ltr'>σπουδαζομένων,</span> <span class='ocrx_word' id='word_1_539' title='bbox 2598 1657 2688 1708; x_wconf 86' lang='grc' dir='ltr'>καὶ</span> <span class='ocrx_word' id='word_1_540' title='bbox 2718 1653 2804 1708; x_wconf 72' lang='grc' dir='ltr'>ἐπὶ</span> <span class='ocrx_word' id='word_1_541' title='bbox 2834 1655 2963 1710; x_wconf 84' lang='grc' dir='ltr'>τέλει</span> <span class='ocrx_word' id='word_1_542' title='bbox 2988 1655 3378 1735; x_wconf 78' lang='grc' dir='ltr'>ἐπιμελέστερον</span> <span class='ocrx_word' id='word_1_543' title='bbox 3404 1647 3703 1740; x_wconf 84' lang='grc' dir='ltr'>κατορθου-</span> 
     </span>
    </p>
   </div>
   <div class='ocr_carea' id='block_1_76' title="bbox 2023 1745 2285 1814">
    <p class='ocr_par' dir='ltr' id='par_1_76' title="bbox 2023 1745 2285 1814">
     <span class='ocr_line' id='line_1_77' title="bbox 2023 1745 2285 1814; baseline 0.015 -22"><span class='ocrx_word' id='word_1_544' title='bbox 2023 1747 2064 1802; x_wconf 78' lang='lat'>3</span> <span class='ocrx_word' id='word_1_545' title='bbox 2103 1745 2285 1814; x_wconf 72' lang='grc' dir='ltr'>μένων.</span> 
     </span>
    </p>
   </div>
   <div class='ocr_carea' id='block_1_77' title="bbox 2657 1854 3163 1914">
    <p class='ocr_par' dir='ltr' id='par_1_77' title="bbox 2657 1854 3163 1914">
     <span class='ocr_line' id='line_1_78' title="bbox 2657 1854 3163 1914; baseline 0.014 -8"><span class='ocrx_word' id='word_1_546' title='bbox 2657 1855 2974 1908; x_wconf 62' lang='lat' dir='ltr'><strong>armaris</strong></span> <span class='ocrx_word' id='word_1_547' title='bbox 3004 1854 3163 1914; x_wconf 69' lang='lat' dir='ltr'><strong>EKE’.</strong></span> 
     </span>
    </p>
   </div>
   <div class='ocr_carea' id='block_1_78' title="bbox 2101 1957 3701 2033">
    <p class='ocr_par' dir='ltr' id='par_1_78' title="bbox 2101 1957 3701 2033">
     <span class='ocr_line' id='line_1_79' title="bbox 2101 1957 3701 2033; baseline 0.011 -26"><span class='ocrx_word' id='word_1_548' title='bbox 2101 1959 2204 2006; x_wconf 83' lang='grc' dir='ltr'><strong>Τοῦ</strong></span> <span class='ocrx_word' id='word_1_549' title='bbox 2266 1962 2460 2032; x_wconf 84' lang='grc' dir='ltr'>Κυρίου</span> <span class='ocrx_word' id='word_1_550' title='bbox 2519 1959 2744 2022; x_wconf 79' lang='grc' dir='ltr'>εἰπόντος</span> <span class='ocrx_word' id='word_1_551' title='bbox 2773 2001 2786 2025; x_wconf 93' lang='grc'><strong>,</strong></span> <span class='ocrx_word' id='word_1_552' title='bbox 2819 1983 2853 2033; x_wconf 18' lang='grc'>·,</span> <span class='ocrx_word' id='word_1_553' title='bbox 2911 1984 2942 2013; x_wconf 91' lang='grc'><strong>‹‹</strong></span> <span class='ocrx_word' id='word_1_554' title='bbox 2997 1957 3018 1976; x_wconf 80' lang='grc'><em>”</em></span> <span class='ocrx_word' id='word_1_555' title='bbox 3056 1967 3201 2017; x_wconf 83' lang='grc' dir='ltr'>Οπου</span> <span class='ocrx_word' id='word_1_556' title='bbox 3269 1964 3353 2019; x_wconf 81' lang='grc' dir='ltr'>ἐὰν</span> <span class='ocrx_word' id='word_1_557' title='bbox 3401 1968 3504 2022; x_wconf 83' lang='grc' dir='ltr'>ὦσι</span> <span class='ocrx_word' id='word_1_558' title='bbox 3543 1966 3641 2024; x_wconf 82' lang='grc' dir='ltr'>δύο</span> <span class='ocrx_word' id='word_1_559' title='bbox 3672 1973 3701 2033; x_wconf 75' lang='grc' dir='ltr'>ἦ</span> 
     </span>
    </p>
   </div>
   <div class='ocr_carea' id='block_1_79' title="bbox 2173 2032 3705 2116">
    <p class='ocr_par' dir='ltr' id='par_1_79' title="bbox 2173 2032 3705 2116">
     <span class='ocr_line' id='line_1_80' title="bbox 2173 2032 3705 2116; baseline 0.012 -37"><span class='ocrx_word' id='word_1_560' title='bbox 2173 2035 2307 2116; x_wconf 68' lang='grc' dir='ltr'>τρεῖς</span> <span class='ocrx_word' id='word_1_561' title='bbox 2326 2037 2640 2116; x_wconf 72' lang='grc' dir='ltr'>συνηγμένοι</span> <span class='ocrx_word' id='word_1_562' title='bbox 2660 2033 2734 2116; x_wconf 74' lang='grc' dir='ltr'><strong>είς</strong></span> <span class='ocrx_word' id='word_1_563' title='bbox 2757 2037 2816 2086; x_wconf 83' lang='grc' dir='ltr'>τὸ</span> <span class='ocrx_word' id='word_1_564' title='bbox 2838 2032 2968 2116; x_wconf 47' lang='grc' dir='ltr'>ἐμὸν.</span> <span class='ocrx_word' id='word_1_565' title='bbox 2987 2037 3168 2116; x_wconf 72' lang='grc' dir='ltr'>ὄνομα,</span> <span class='ocrx_word' id='word_1_566' title='bbox 3351 2044 3461 2116; x_wconf 58' lang='grc' dir='ltr'>ειμι</span> <span class='ocrx_word' id='word_1_567' title='bbox 3483 2039 3534 2094; x_wconf 78' lang='grc' dir='ltr'><strong>έν</strong></span> <span class='ocrx_word' id='word_1_568' title='bbox 3563 2032 3705 2116; x_wconf 74' lang='grc' dir='ltr'>μέσῴ</span> 
     </span>
    </p>
   </div>
   <div class='ocr_carea' id='block_1_80' title="bbox 2175 2098 3686 2186">
    <p class='ocr_par' dir='ltr' id='par_1_80' title="bbox 2175 2098 3686 2186">
     <span class='ocr_line' id='line_1_81' title="bbox 2175 2098 3686 2186; baseline 0.013 -35"><span class='ocrx_word' id='word_1_569' title='bbox 2175 2098 2363 2152; x_wconf 77' lang='grc' dir='ltr'>αὐτῶν·</span> <span class='ocrx_word' id='word_1_570' title='bbox 2394 2124 2422 2151; x_wconf 84' lang='grc'><strong>››</strong></span> <span class='ocrx_word' id='word_1_571' title='bbox 2453 2098 2564 2166; x_wconf 63' lang='grc' dir='ltr'><strong>πῶς</strong></span> <span class='ocrx_word' id='word_1_572' title='bbox 2586 2106 2771 2159; x_wconf 88' lang='grc' dir='ltr'>τούτου</span> <span class='ocrx_word' id='word_1_573' title='bbox 2801 2098 3191 2169; x_wconf 66' lang='grc' dir='ltr'>καταξιωθῆναι</span> <span class='ocrx_word' id='word_1_574' title='bbox 3233 2098 3572 2186; x_wconf 51' lang='grc' dir='ltr'>δυνηθῶμεν..</span> <span class='ocrx_word' id='word_1_575' title='bbox 3677 2103 3686 2118; x_wconf 57' lang='grc'><strong><em>⁸</em></strong></span> 
     </span>
    </p>
   </div>
   <div class='ocr_carea' id='block_1_81' title="bbox 2719 2219 3094 2270">
    <p class='ocr_par' dir='ltr' id='par_1_81' title="bbox 2719 2219 3094 2270">
     <span class='ocr_line' id='line_1_82' title="bbox 2719 2219 3094 2270; baseline 0.003 -2"><span class='ocrx_word' id='word_1_576' title='bbox 2719 2219 3094 2270; x_wconf 79' lang='grc' dir='ltr'><strong>ΔΠΟΚΡΙΣΙΣ.</strong></span> 
     </span>
    </p>
   </div>
   <div class='ocr_carea' id='block_1_82' title="bbox 2171 2316 3702 2406">
    <p class='ocr_par' dir='ltr' id='par_1_82' title="bbox 2171 2316 3702 2406">
     <span class='ocr_line' id='line_1_83' title="bbox 2171 2316 3702 2406; baseline 0.011 -38"><span class='ocrx_word' id='word_1_577' title='bbox 2171 2316 2238 2369; x_wconf 75' lang='grc' dir='ltr'><strong>Οἱ</strong></span> <span class='ocrx_word' id='word_1_578' title='bbox 2261 2316 2337 2381; x_wconf 78' lang='grc' dir='ltr'><strong>εἰς</strong></span> <span class='ocrx_word' id='word_1_579' title='bbox 2357 2321 2418 2370; x_wconf 86' lang='grc' dir='ltr'>τὸ</span> <span class='ocrx_word' id='word_1_580' title='bbox 2440 2321 2601 2392; x_wconf 71' lang='grc' dir='ltr'>ὄνομά</span> <span class='ocrx_word' id='word_1_581' title='bbox 2625 2338 2762 2384; x_wconf 83' lang='grc' dir='ltr'>τινος</span> <span class='ocrx_word' id='word_1_582' title='bbox 2786 2325 3134 2394; x_wconf 79' lang='grc' dir='ltr'>συναχθέντες</span> <span class='ocrx_word' id='word_1_583' title='bbox 3163 2328 3295 2393; x_wconf 61' lang='grc'>(231,</span> <span class='ocrx_word' id='word_1_584' title='bbox 3324 2329 3529 2391; x_wconf 77' lang='grc' dir='ltr'>πάντως</span> <span class='ocrx_word' id='word_1_585' title='bbox 3557 2330 3702 2406; x_wconf 67' lang='grc' dir='ltr'>ὀφεί-</span> 
     </span>
    </p>
   </div>
   <div class='ocr_carea' id='block_1_83' title="bbox 2097 2404 3702 2498">
    <p class='ocr_par' dir='ltr' id='par_1_83' title="bbox 2097 2404 3702 2498">
     <span class='ocr_line' id='line_1_84' title="bbox 2097 2404 3702 2498; baseline 0.011 -40"><span class='ocrx_word' id='word_1_586' title='bbox 2097 2405 2276 2459; x_wconf 78' lang='grc' dir='ltr'>λουσιν</span> <span class='ocrx_word' id='word_1_587' title='bbox 2304 2404 2494 2461; x_wconf 68' lang='grc' dir='ltr'>εἰδέναι</span> <span class='ocrx_word' id='word_1_588' title='bbox 2523 2413 2611 2462; x_wconf 86' lang='grc' dir='ltr'>τὸν</span> <span class='ocrx_word' id='word_1_589' title='bbox 2652 2414 2846 2464; x_wconf 84' lang='grc' dir='ltr'>σκοπὸν</span> <span class='ocrx_word' id='word_1_590' title='bbox 2876 2420 2967 2465; x_wconf 83' lang='grc' dir='ltr'>τοῦ</span> <span class='ocrx_word' id='word_1_591' title='bbox 3016 2419 3423 2487; x_wconf 80' lang='grc' dir='ltr'>συναγαγόντος,</span> <span class='ocrx_word' id='word_1_592' title='bbox 3456 2425 3547 2473; x_wconf 80' lang='grc' dir='ltr'><strong>καὶ</strong></span> <span class='ocrx_word' id='word_1_593' title='bbox 3574 2404 3702 2498; x_wconf 77' lang='grc' dir='ltr'>πρὸς</span> 
     </span>
    </p>
   </div>
   <div class='ocr_carea' id='block_1_84' title="bbox 2099 2495 3703 2586">
    <p class='ocr_par' dir='ltr' id='par_1_84' title="bbox 2099 2495 3703 2586">
     <span class='ocr_line' id='line_1_85' title="bbox 2099 2495 3703 2586; baseline 0.011 -39"><span class='ocrx_word' id='word_1_594' title='bbox 2099 2495 2253 2548; x_wconf 77' lang='grc' dir='ltr'>αὐτὸν</span> <span class='ocrx_word' id='word_1_595' title='bbox 2305 2495 2518 2559; x_wconf 75' lang='grc' dir='ltr'>ἑαυτοὺς</span> <span class='ocrx_word' id='word_1_596' title='bbox 2572 2501 2925 2575; x_wconf 76' lang='grc' dir='ltr'>καταρτίζειν,</span> <span class='ocrx_word' id='word_1_597' title='bbox 2985 2503 3066 2556; x_wconf 83' lang='grc' dir='ltr'>ἶνα</span> <span class='ocrx_word' id='word_1_598' title='bbox 3125 2504 3511 2581; x_wconf 76' lang='grc' dir='ltr'>εὐαρεστήσεως</span> <span class='ocrx_word' id='word_1_599' title='bbox 3539 2495 3703 2586; x_wconf 82' lang='grc' dir='ltr'>χάριν</span> 
     </span>
    </p>
   </div>
   <div class='ocr_carea' id='block_1_85' title="bbox 2099 2589 3690 2667">
    <p class='ocr_par' dir='ltr' id='par_1_85' title="bbox 2099 2589 3690 2667">
     <span class='ocr_line' id='line_1_86' title="bbox 2099 2589 3690 2667; baseline 0.011 -30"><span class='ocrx_word' id='word_1_600' title='bbox 2099 2589 2309 2658; x_wconf 73' lang='grc' dir='ltr'>εὕρωσι,</span> <span class='ocrx_word' id='word_1_601' title='bbox 2341 2593 2431 2640; x_wconf 81' lang='grc' dir='ltr'>καὶ</span> <span class='ocrx_word' id='word_1_602' title='bbox 2455 2592 2526 2661; x_wconf 83' lang='grc' dir='ltr'>μὴ</span> <span class='ocrx_word' id='word_1_603' title='bbox 2557 2595 2744 2652; x_wconf 82' lang='grc' dir='ltr'>κακίας</span> <span class='ocrx_word' id='word_1_604' title='bbox 2765 2591 2794 2649; x_wconf 75' lang='grc' dir='ltr'>ἦ</span> <span class='ocrx_word' id='word_1_605' title='bbox 2827 2589 3058 2664; x_wconf 78' lang='grc' dir='ltr'>ἀμελείας</span> <span class='ocrx_word' id='word_1_606' title='bbox 3079 2598 3298 2667; x_wconf 84' lang='grc' dir='ltr'>κρίματι</span> <span class='ocrx_word' id='word_1_607' title='bbox 3329 2599 3690 2659; x_wconf 87' lang='grc' dir='ltr'>ύποπέσωσιν.</span> 
     </span>
    </p>
   </div>
   <div class='ocr_carea' id='block_1_86' title="bbox 2095 2671 3702 2758">
    <p class='ocr_par' dir='ltr' id='par_1_86' title="bbox 2095 2671 3702 2758">
     <span class='ocr_line' id='line_1_87' title="bbox 2095 2671 3702 2758; baseline 0.011 -33"><span class='ocrx_word' id='word_1_608' title='bbox 2095 2671 2294 2749; x_wconf 83' lang='grc' dir='ltr'>Ὠσπερ</span> <span class='ocrx_word' id='word_1_609' title='bbox 2323 2678 2426 2750; x_wconf 79' lang='grc' dir='ltr'><strong>γὰρ</strong></span> <span class='ocrx_word' id='word_1_610' title='bbox 2479 2687 2528 2728; x_wconf 82' lang='grc' dir='ltr'><strong>οι</strong></span> <span class='ocrx_word' id='word_1_611' title='bbox 2559 2677 2826 2741; x_wconf 76' lang='grc' dir='ltr'>κληθέντες</span> <span class='ocrx_word' id='word_1_612' title='bbox 2875 2681 2976 2733; x_wconf 79' lang='grc' dir='ltr'><strong>ὑπὸ</strong></span> <span class='ocrx_word' id='word_1_613' title='bbox 3007 2698 3164 2748; x_wconf 79' lang='grc' dir='ltr'>τινος,</span> <span class='ocrx_word' id='word_1_614' title='bbox 3199 2684 3242 2736; x_wconf 86' lang='grc' dir='ltr'>εἰ</span> <span class='ocrx_word' id='word_1_615' title='bbox 3269 2688 3359 2758; x_wconf 72' lang='grc' dir='ltr'>μὲν</span> <span class='ocrx_word' id='word_1_616' title='bbox 3387 2692 3579 2749; x_wconf 86' lang='grc' dir='ltr'>σκοπὸς</span> <span class='ocrx_word' id='word_1_617' title='bbox 3608 2698 3702 2742; x_wconf 81' lang='grc' dir='ltr'>τοῦ</span> 
     </span>
    </p>
   </div>
   <div class='ocr_carea' id='block_1_87' title="bbox 2100 2765 3697 2845">
    <p class='ocr_par' dir='ltr' id='par_1_87' title="bbox 2100 2765 3697 2845">
     <span class='ocr_line' id='line_1_88' title="bbox 2100 2765 3697 2845; baseline 0.009 -29"><span class='ocrx_word' id='word_1_618' title='bbox 2100 2765 2305 2838; x_wconf 81' lang='grc' dir='ltr'>θερίσαι</span> <span class='ocrx_word' id='word_1_619' title='bbox 2325 2771 2595 2841; x_wconf 80' lang='grc' dir='ltr'>πρόκειται</span> <span class='ocrx_word' id='word_1_620' title='bbox 2615 2777 2686 2840; x_wconf 78' lang='grc' dir='ltr'>τῷ</span> <span class='ocrx_word' id='word_1_621' title='bbox 2716 2769 3012 2839; x_wconf 82' lang='grc' dir='ltr'>καλέσαντι,</span> <span class='ocrx_word' id='word_1_622' title='bbox 3033 2777 3163 2845; x_wconf 82' lang='grc' dir='ltr'>πρὸς</span> <span class='ocrx_word' id='word_1_623' title='bbox 3191 2773 3314 2827; x_wconf 70' lang='grc' dir='ltr'>αὐτὸ</span> <span class='ocrx_word' id='word_1_624' title='bbox 3335 2776 3449 2845; x_wconf 80' lang='grc'><strong>(24)</strong></span> <span class='ocrx_word' id='word_1_625' title='bbox 3479 2775 3697 2842; x_wconf 71' lang='grc' dir='ltr'>έειυτούς</span> 
     </span>
    </p>
   </div>
   <div class='ocr_carea' id='block_1_88' title="bbox 2094 2855 3694 2940">
    <p class='ocr_par' dir='ltr' id='par_1_88' title="bbox 2094 2855 3694 2940">
     <span class='ocr_line' id='line_1_89' title="bbox 2094 2855 3694 2940; baseline 0.009 -34"><span class='ocrx_word' id='word_1_626' title='bbox 2094 2857 2613 2928; x_wconf 75' lang='grc' dir='ltr'>παρασκευάζουσιν·</span> <span class='ocrx_word' id='word_1_627' title='bbox 2642 2858 2686 2911; x_wconf 67' lang='grc' dir='ltr'>ξε</span> <span class='ocrx_word' id='word_1_628' title='bbox 2724 2855 2784 2912; x_wconf 70' lang='grc' dir='ltr'><strong>δὲ</strong></span> <span class='ocrx_word' id='word_1_629' title='bbox 2817 2864 3007 2922; x_wconf 86' lang='grc' dir='ltr'>σκοπὸς</span> <span class='ocrx_word' id='word_1_630' title='bbox 3038 2870 3130 2914; x_wconf 84' lang='grc' dir='ltr'>τοῦ</span> <span class='ocrx_word' id='word_1_631' title='bbox 3161 2860 3534 2937; x_wconf 74' lang='grc' dir='ltr'>οἰκοδομῆσαι,</span> <span class='ocrx_word' id='word_1_632' title='bbox 3563 2871 3694 2940; x_wconf 79' lang='grc' dir='ltr'>πρὸς</span> 
     </span>
    </p>
   </div>
   <div class='ocr_carea' id='block_1_89' title="bbox 2094 2942 3697 3021">
    <p class='ocr_par' dir='ltr' id='par_1_89' title="bbox 2094 2942 3697 3021">
     <span class='ocr_line' id='line_1_90' title="bbox 2094 2942 3697 3021; baseline 0.011 -27"><span class='ocrx_word' id='word_1_633' title='bbox 2094 2954 2189 3008; x_wconf 79' lang='grc' dir='ltr'>τὴν</span> <span class='ocrx_word' id='word_1_634' title='bbox 2235 2942 2526 3020; x_wconf 79' lang='grc' dir='ltr'>οἰκοδομὴν</span> <span class='ocrx_word' id='word_1_635' title='bbox 2580 2947 2990 3021; x_wconf 78' lang='grc' dir='ltr'>εύτρεπίζονται·</span> <span class='ocrx_word' id='word_1_636' title='bbox 3033 2952 3198 3014; x_wconf 74' lang='grc' dir='ltr'>οὕτως</span> <span class='ocrx_word' id='word_1_637' title='bbox 3227 2953 3276 3005; x_wconf 83' lang='grc' dir='ltr'>οἰ</span> <span class='ocrx_word' id='word_1_638' title='bbox 3305 2953 3566 3017; x_wconf 81' lang='grc' dir='ltr'>κληθέντες</span> <span class='ocrx_word' id='word_1_639' title='bbox 3597 2959 3697 3011; x_wconf 77' lang='grc' dir='ltr'><strong>ὑπὸ</strong></span> 
     </span>
    </p>
   </div>
   <div class='ocr_carea' id='block_1_90' title="bbox 2093 3036 3698 3113">
    <p class='ocr_par' dir='ltr' id='par_1_90' title="bbox 2093 3036 3698 3113">
     <span class='ocr_line' id='line_1_91' title="bbox 2093 3036 3698 3113; baseline 0.004 -20"><span class='ocrx_word' id='word_1_640' title='bbox 2093 3046 2187 3094; x_wconf 80' lang='grc' dir='ltr'>τοῦ</span> <span class='ocrx_word' id='word_1_641' title='bbox 2239 3043 2433 3113; x_wconf 72' lang='grc' dir='ltr'>Κυρίου</span> <span class='ocrx_word' id='word_1_642' title='bbox 2463 3040 2801 3112; x_wconf 85' lang='grc' dir='ltr'>μνημονεύειν</span> <span class='ocrx_word' id='word_1_643' title='bbox 2849 3036 3111 3113; x_wconf 69' lang='grc' dir='ltr'>ὀφείλομεν</span> <span class='ocrx_word' id='word_1_644' title='bbox 3141 3047 3233 3095; x_wconf 84' lang='grc' dir='ltr'>τοῦ</span> <span class='ocrx_word' id='word_1_645' title='bbox 3266 3042 3584 3099; x_wconf 77' lang='grc' dir='ltr'>Ἀποστόλου</span> <span class='ocrx_word' id='word_1_646' title='bbox 3611 3043 3698 3100; x_wconf 84' lang='grc' dir='ltr'>λέ-</span> 
     </span>
    </p>
   </div>
   <div class='ocr_carea' id='block_1_91' title="bbox 2093 3125 3696 3209">
    <p class='ocr_par' dir='ltr' id='par_1_91' title="bbox 2093 3125 3696 3209">
     <span class='ocr_line' id='line_1_92' title="bbox 2093 3125 3696 3209; baseline 0.004 -27"><span class='ocrx_word' id='word_1_647' title='bbox 2093 3149 2289 3202; x_wconf 88' lang='grc' dir='ltr'>γοντος·</span> <span class='ocrx_word' id='word_1_648' title='bbox 2336 3125 2630 3203; x_wconf 84' lang='grc' dir='ltr'>Παρακαλῶ</span> <span class='ocrx_word' id='word_1_649' title='bbox 2669 3128 2802 3201; x_wconf 73' lang='grc' dir='ltr'>ὑμᾶς</span> <span class='ocrx_word' id='word_1_650' title='bbox 2822 3125 2920 3200; x_wconf 79' lang='grc' dir='ltr'><strong>ἓγώ</strong></span> <span class='ocrx_word' id='word_1_651' title='bbox 2945 3131 2972 3182; x_wconf 83' lang='grc' dir='ltr'><strong><em>ὁ</em></strong></span> <span class='ocrx_word' id='word_1_652' title='bbox 3005 3126 3224 3204; x_wconf 79' lang='grc' dir='ltr'>δέσμιος</span> <span class='ocrx_word' id='word_1_653' title='bbox 3255 3131 3302 3186; x_wconf 72' lang='grc' dir='ltr'>ἓν</span> <span class='ocrx_word' id='word_1_654' title='bbox 3338 3141 3514 3209; x_wconf 75' lang='grc' dir='ltr'>Κυρίῳ</span> <span class='ocrx_word' id='word_1_655' title='bbox 3547 3135 3696 3201; x_wconf 77' lang='grc' dir='ltr'>ἀξίως</span> 
     </span>
    </p>
   </div>
   <div class='ocr_carea' id='block_1_92' title="bbox 2091 3216 3696 3295">
    <p class='ocr_par' dir='ltr' id='par_1_92' title="bbox 2091 3216 3696 3295">
     <span class='ocr_line' id='line_1_93' title="bbox 2091 3216 3696 3295; baseline 0.006 -24"><span class='ocrx_word' id='word_1_656' title='bbox 2091 3226 2450 3294; x_wconf 79' lang='grc' dir='ltr'>περιπατῆσαι</span> <span class='ocrx_word' id='word_1_657' title='bbox 2480 3225 2575 3277; x_wconf 79' lang='grc' dir='ltr'>τῆς</span> <span class='ocrx_word' id='word_1_658' title='bbox 2605 3216 2698 3275; x_wconf 81' lang='grc' dir='ltr'>κλή</span> <span class='ocrx_word' id='word_1_659' title='bbox 2710 3218 2929 3284; x_wconf 78' lang='grc' dir='ltr'>σεως,ἧς</span> <span class='ocrx_word' id='word_1_660' title='bbox 2955 3216 3221 3288; x_wconf 72' lang='grc' dir='ltr'>ἐκλήθητε,</span> <span class='ocrx_word' id='word_1_661' title='bbox 3255 3226 3384 3295; x_wconf 83' lang='grc' dir='ltr'>μετὰ</span> <span class='ocrx_word' id='word_1_662' title='bbox 3413 3228 3588 3288; x_wconf 82' lang='grc' dir='ltr'>πάσης</span> <span class='ocrx_word' id='word_1_663' title='bbox 3609 3245 3696 3278; x_wconf 84' lang='grc' dir='ltr'>τα-</span> 
     </span>
    </p>
   </div>
   <div class='ocr_carea' id='block_1_93' title="bbox 2091 3309 3698 3388">
    <p class='ocr_par' dir='ltr' id='par_1_93' title="bbox 2091 3309 3698 3388">
     <span class='ocr_line' id='line_1_94' title="bbox 2091 3309 3698 3388; baseline 0.004 -26"><span class='ocrx_word' id='word_1_664' title='bbox 2091 3309 2494 3381; x_wconf 71' lang='grc' dir='ltr'>πεινοφροσύνης</span> <span class='ocrx_word' id='word_1_665' title='bbox 2531 3311 2620 3358; x_wconf 84' lang='grc' dir='ltr'>καὶ</span> <span class='ocrx_word' id='word_1_666' title='bbox 2641 3311 2955 3381; x_wconf 81' lang='grc' dir='ltr'>πραότητος,</span> <span class='ocrx_word' id='word_1_667' title='bbox 2999 3313 3125 3382; x_wconf 84' lang='grc' dir='ltr'>μετὰ</span> <span class='ocrx_word' id='word_1_668' title='bbox 3169 3315 3557 3388; x_wconf 84' lang='grc' dir='ltr'>μακροθυμίας,</span> <span class='ocrx_word' id='word_1_669' title='bbox 3591 3313 3698 3369; x_wconf 79' lang='grc' dir='ltr'>ἁνε-</span> 
     </span>
    </p>
   </div>
   <div class='ocr_carea' id='block_1_94' title="bbox 2089 3393 3698 3475">
    <p class='ocr_par' dir='ltr' id='par_1_94' title="bbox 2089 3393 3698 3475">
     <span class='ocr_line' id='line_1_95' title="bbox 2089 3393 3698 3475; baseline 0.006 -29"><span class='ocrx_word' id='word_1_670' title='bbox 2089 3398 2308 3467; x_wconf 86' lang='grc' dir='ltr'>χόμενοι</span> <span class='ocrx_word' id='word_1_671' title='bbox 2351 3393 2576 3452; x_wconf 72' lang='grc' dir='ltr'>ἀλλήλων</span> <span class='ocrx_word' id='word_1_672' title='bbox 2633 3395 2682 3448; x_wconf 81' lang='grc' dir='ltr'><strong>έν</strong></span> <span class='ocrx_word' id='word_1_673' title='bbox 2734 3395 3333 3470; x_wconf 73' lang='grc' dir='ltr'>ἀγάπη,σπουὸ“άζοντες</span> <span class='ocrx_word' id='word_1_674' title='bbox 3383 3411 3558 3475; x_wconf 83' lang='grc' dir='ltr'>τηρεῖν</span> <span class='ocrx_word' id='word_1_675' title='bbox 3604 3410 3698 3464; x_wconf 78' lang='grc' dir='ltr'>τὴν</span> 
     </span>
    </p>
   </div>
   <div class='ocr_carea' id='block_1_95' title="bbox 2090 3484 3685 3567">
    <p class='ocr_par' dir='ltr' id='par_1_95' title="bbox 2090 3484 3685 3567">
     <span class='ocr_line' id='line_1_96' title="bbox 2090 3484 3685 3567; baseline 0.006 -30"><span class='ocrx_word' id='word_1_676' title='bbox 2090 3484 2306 3544; x_wconf 74' lang='grc' dir='ltr'>ἑνότητα</span> <span class='ocrx_word' id='word_1_677' title='bbox 2334 3493 2428 3538; x_wconf 82' lang='grc' dir='ltr'>τοῦ</span> <span class='ocrx_word' id='word_1_678' title='bbox 2472 3487 2764 3558; x_wconf 67' lang='grc' dir='ltr'>πνεύματος</span> <span class='ocrx_word' id='word_1_679' title='bbox 2807 3485 2857 3540; x_wconf 77' lang='grc' dir='ltr'><strong>έν</strong></span> <span class='ocrx_word' id='word_1_680' title='bbox 2909 3495 2982 3559; x_wconf 81' lang='grc' dir='ltr'>τῷ</span> <span class='ocrx_word' id='word_1_681' title='bbox 3010 3486 3294 3564; x_wconf 72' lang='grc' dir='ltr'>συνδέσμῳ</span> <span class='ocrx_word' id='word_1_682' title='bbox 3332 3499 3428 3555; x_wconf 77' lang='grc' dir='ltr'>τῆς</span> <span class='ocrx_word' id='word_1_683' title='bbox 3459 3493 3685 3567; x_wconf 79' lang='grc' dir='ltr'>εἰρήνης.</span> 
     </span>
    </p>
   </div>
   <div class='ocr_carea' id='block_1_96' title="bbox 2087 3573 3699 3657">
    <p class='ocr_par' dir='ltr' id='par_1_96' title="bbox 2087 3573 3699 3657">
     <span class='ocr_line' id='line_1_97' title="bbox 2087 3573 3699 3657; baseline 0.006 -29"><span class='ocrx_word' id='word_1_684' title='bbox 2087 3573 2174 3628; x_wconf 81' lang='grc' dir='ltr'>Ἓν</span> <span class='ocrx_word' id='word_1_685' title='bbox 2205 3583 2377 3647; x_wconf 82' lang='grc' dir='ltr'>σῶμα,</span> <span class='ocrx_word' id='word_1_686' title='bbox 2411 3580 2501 3628; x_wconf 80' lang='grc' dir='ltr'>καὶ</span> <span class='ocrx_word' id='word_1_687' title='bbox 2524 3578 2574 3628; x_wconf 78' lang='grc' dir='ltr'><strong>έν</strong></span> <span class='ocrx_word' id='word_1_688' title='bbox 2624 3583 2846 3650; x_wconf 85' lang='grc' dir='ltr'>πνεῦμα,</span> <span class='ocrx_word' id='word_1_689' title='bbox 2905 3580 3077 3640; x_wconf 82' lang='grc' dir='ltr'>καθὼς</span> <span class='ocrx_word' id='word_1_690' title='bbox 3128 3585 3219 3632; x_wconf 79' lang='grc' dir='ltr'>καὶ</span> <span class='ocrx_word' id='word_1_691' title='bbox 3249 3579 3364 3640; x_wconf 75' lang='grc' dir='ltr'>έκλη</span> <span class='ocrx_word' id='word_1_692' title='bbox 3377 3582 3568 3641; x_wconf 73' lang='grc' dir='ltr'>θητεέν</span> <span class='ocrx_word' id='word_1_693' title='bbox 3599 3587 3699 3657; x_wconf 73' lang='grc' dir='ltr'><strong>μιᾷ</strong></span> 
     </span>
    </p>
   </div>
   <div class='ocr_carea' id='block_1_97' title="bbox 2087 3662 3697 3749">
    <p class='ocr_par' dir='ltr' id='par_1_97' title="bbox 2087 3662 3697 3749">
     <span class='ocr_line' id='line_1_98' title="bbox 2087 3662 3697 3749; baseline 0.007 -32"><span class='ocrx_word' id='word_1_694' title='bbox 2087 3662 2263 3718; x_wconf 78' lang='grc' dir='ltr'>έλπίδι</span> <span class='ocrx_word' id='word_1_695' title='bbox 2290 3674 2386 3729; x_wconf 71' lang='grc' dir='ltr'>τῆς</span> <span class='ocrx_word' id='word_1_696' title='bbox 2405 3666 2638 3728; x_wconf 76' lang='grc' dir='ltr'>κλήσεως</span> <span class='ocrx_word' id='word_1_697' title='bbox 2667 3669 3153 3744; x_wconf 76' lang='grc' dir='ltr'>ὑμῶν.Σαφέστερον</span> <span class='ocrx_word' id='word_1_698' title='bbox 3185 3667 3244 3724; x_wconf 69' lang='grc' dir='ltr'>δι</span> <span class='ocrx_word' id='word_1_699' title='bbox 3272 3673 3397 3744; x_wconf 75' lang='grc' dir='ltr'>ἡμῖν</span> <span class='ocrx_word' id='word_1_700' title='bbox 3425 3679 3697 3749; x_wconf 80' lang='grc' dir='ltr'>παρίστη-</span> 
     </span>
    </p>
   </div>
   <div class='ocr_carea' id='block_1_98' title="bbox 2089 3755 3694 3835">
    <p class='ocr_par' dir='ltr' id='par_1_98' title="bbox 2089 3755 3694 3835">
     <span class='ocr_line' id='line_1_99' title="bbox 2089 3755 3694 3835; baseline 0.005 -25"><span class='ocrx_word' id='word_1_701' title='bbox 2089 3775 2172 3810; x_wconf 83' lang='grc' dir='ltr'><strong>σιν</strong></span> <span class='ocrx_word' id='word_1_702' title='bbox 2198 3758 2224 3808; x_wconf 84' lang='grc' dir='ltr'><strong><em>ὁ</em></strong></span> <span class='ocrx_word' id='word_1_703' title='bbox 2259 3760 2449 3831; x_wconf 78' lang='grc' dir='ltr'>Κύριος</span> <span class='ocrx_word' id='word_1_704' title='bbox 2505 3761 2564 3809; x_wconf 88' lang='grc' dir='ltr'>τὸ</span> <span class='ocrx_word' id='word_1_705' title='bbox 2607 3763 2708 3810; x_wconf 81' lang='grc' dir='ltr'>πᾶν</span> <span class='ocrx_word' id='word_1_706' title='bbox 2754 3755 2850 3811; x_wconf 77' lang='grc' dir='ltr'><strong>διὰ</strong></span> <span class='ocrx_word' id='word_1_707' title='bbox 2877 3768 2969 3821; x_wconf 81' lang='grc' dir='ltr'>τῆς</span> <span class='ocrx_word' id='word_1_708' title='bbox 2997 3763 3124 3834; x_wconf 87' lang='grc' dir='ltr'>πρὸς</span> <span class='ocrx_word' id='word_1_709' title='bbox 3161 3761 3249 3814; x_wconf 77' lang='grc' dir='ltr'>ἕνα</span> <span class='ocrx_word' id='word_1_710' title='bbox 3276 3760 3590 3835; x_wconf 69' lang='grc' dir='ltr'>ἐπαγγελίας</span> <span class='ocrx_word' id='word_1_711' title='bbox 3615 3765 3694 3818; x_wconf 84' lang='grc' dir='ltr'>εί-</span> 
     </span>
    </p>
   </div>
   <div class='ocr_carea' id='block_1_99' title="bbox 2085 3845 3691 3926">
    <p class='ocr_par' dir='ltr' id='par_1_99' title="bbox 2085 3845 3691 3926">
     <span class='ocr_line' id='line_1_100' title="bbox 2085 3845 3691 3926; baseline 0.003 -28"><span class='ocrx_word' id='word_1_712' title='bbox 2085 3851 2215 3898; x_wconf 80' lang='grc' dir='ltr'>πών·</span> <span class='ocrx_word' id='word_1_713' title='bbox 2248 3846 2368 3898; x_wconf 85' lang='grc' dir='ltr'>Ἐάν</span> <span class='ocrx_word' id='word_1_714' title='bbox 2397 3865 2472 3908; x_wconf 86' lang='grc' dir='ltr'><strong>τις</strong></span> <span class='ocrx_word' id='word_1_715' title='bbox 2504 3845 2682 3918; x_wconf 77' lang='grc' dir='ltr'>ἀγαπᾷ</span> <span class='ocrx_word' id='word_1_716' title='bbox 2727 3867 2810 3920; x_wconf 90' lang='grc' dir='ltr'><strong>με,</strong></span> <span class='ocrx_word' id='word_1_717' title='bbox 2840 3851 2926 3900; x_wconf 81' lang='grc' dir='ltr'>τόν</span> <span class='ocrx_word' id='word_1_718' title='bbox 2955 3849 3109 3922; x_wconf 86' lang='grc' dir='ltr'>λόγον</span> <span class='ocrx_word' id='word_1_719' title='bbox 3162 3869 3265 3923; x_wconf 87' lang='grc' dir='ltr'><strong>μου</strong></span> <span class='ocrx_word' id='word_1_720' title='bbox 3294 3858 3520 3926; x_wconf 79' lang='grc' dir='ltr'>τηρήσει</span> <span class='ocrx_word' id='word_1_721' title='bbox 3551 3857 3691 3925; x_wconf 72' lang='grc' dir='ltr'>(25ὶ,</span> 
     </span>
    </p>
   </div>
   <div class='ocr_carea' id='block_1_100' title="bbox 2084 3936 3690 4016">
    <p class='ocr_par' dir='ltr' id='par_1_100' title="bbox 2084 3936 3690 4016">
     <span class='ocr_line' id='line_1_101' title="bbox 2084 3936 3690 4016; baseline 0.006 -28"><span class='ocrx_word' id='word_1_722' title='bbox 2084 3941 2174 3989; x_wconf 80' lang='grc' dir='ltr'>καὶ</span> <span class='ocrx_word' id='word_1_723' title='bbox 2199 3938 2225 3989; x_wconf 85' lang='grc' dir='ltr'><strong><em>ὁ</em></strong></span> <span class='ocrx_word' id='word_1_724' title='bbox 2252 3943 2433 4012; x_wconf 83' lang='grc' dir='ltr'>Πατηρ</span> <span class='ocrx_word' id='word_1_725' title='bbox 2458 3957 2558 4010; x_wconf 89' lang='grc' dir='ltr'><strong>μου</strong></span> <span class='ocrx_word' id='word_1_726' title='bbox 2591 3936 2856 4010; x_wconf 79' lang='grc' dir='ltr'>ἀγαπήσει</span> <span class='ocrx_word' id='word_1_727' title='bbox 2885 3939 3061 4006; x_wconf 77' lang='grc' dir='ltr'>αὐτὸν,</span> <span class='ocrx_word' id='word_1_728' title='bbox 3095 3946 3185 3994; x_wconf 72' lang='grc' dir='ltr'>καὶ</span> <span class='ocrx_word' id='word_1_729' title='bbox 3213 3946 3340 4016; x_wconf 86' lang='grc' dir='ltr'>πρὸς</span> <span class='ocrx_word' id='word_1_730' title='bbox 3361 3941 3520 3995; x_wconf 83' lang='grc' dir='ltr'>αύτὸν</span> <span class='ocrx_word' id='word_1_731' title='bbox 3551 3943 3690 3997; x_wconf 73' lang='grc' dir='ltr'>ἐλευ-</span> 
     </span>
    </p>
   </div>
   <div class='ocr_carea' id='block_1_101' title="bbox 2086 4026 3696 4105">
    <p class='ocr_par' dir='ltr' id='par_1_101' title="bbox 2086 4026 3696 4105">
     <span class='ocr_line' id='line_1_102' title="bbox 2086 4026 3696 4105; baseline 0.004 -24"><span class='ocrx_word' id='word_1_732' title='bbox 2086 4029 2301 4100; x_wconf 81' lang='grc' dir='ltr'>σόμεθα,</span> <span class='ocrx_word' id='word_1_733' title='bbox 2325 4033 2415 4080; x_wconf 75' lang='grc' dir='ltr'><strong>καὶ</strong></span> <span class='ocrx_word' id='word_1_734' title='bbox 2444 4031 2604 4100; x_wconf 82' lang='grc' dir='ltr'>μονὴν</span> <span class='ocrx_word' id='word_1_735' title='bbox 2624 4026 2746 4102; x_wconf 87' lang='grc' dir='ltr'>παρ’</span> <span class='ocrx_word' id='word_1_736' title='bbox 2773 4027 2915 4100; x_wconf 78' lang='grc' dir='ltr'>αύτῷ</span> <span class='ocrx_word' id='word_1_737' title='bbox 2936 4036 3057 4089; x_wconf 75' lang='grc' dir='ltr'>ποιή</span> <span class='ocrx_word' id='word_1_738' title='bbox 3070 4049 3244 4104; x_wconf 83' lang='grc' dir='ltr'>σομεν.</span> <span class='ocrx_word' id='word_1_739' title='bbox 3265 4030 3356 4093; x_wconf 76' lang='grc' dir='ltr'>Ὠς</span> <span class='ocrx_word' id='word_1_740' title='bbox 3374 4032 3464 4083; x_wconf 81' lang='grc' dir='ltr'>οὖν</span> <span class='ocrx_word' id='word_1_741' title='bbox 3493 4038 3696 4105; x_wconf 77' lang='grc' dir='ltr'>γίνεται</span> 
     </span>
    </p>
   </div>
   <div class='ocr_carea' id='block_1_102' title="bbox 2081 4115 3689 4193">
    <p class='ocr_par' dir='ltr' id='par_1_102' title="bbox 2081 4115 3689 4193">
     <span class='ocr_line' id='line_1_103' title="bbox 2081 4115 3689 4193; baseline 0.004 -23"><span class='ocrx_word' id='word_1_742' title='bbox 2081 4121 2224 4193; x_wconf 77' lang='grc' dir='ltr'>παρὰ</span> <span class='ocrx_word' id='word_1_743' title='bbox 2253 4119 2418 4188; x_wconf 87' lang='grc' dir='ltr'>τούτῳ</span> <span class='ocrx_word' id='word_1_744' title='bbox 2450 4119 2478 4175; x_wconf 76' lang='grc' dir='ltr'>ἡ</span> <span class='ocrx_word' id='word_1_745' title='bbox 2524 4122 2652 4189; x_wconf 81' lang='grc' dir='ltr'>μονὴ</span> <span class='ocrx_word' id='word_1_746' title='bbox 2675 4115 2728 4168; x_wconf 80' lang='grc' dir='ltr'>ἐκ</span> <span class='ocrx_word' id='word_1_747' title='bbox 2752 4126 2847 4180; x_wconf 84' lang='grc' dir='ltr'>τῆς</span> <span class='ocrx_word' id='word_1_748' title='bbox 2869 4124 3136 4192; x_wconf 81' lang='grc' dir='ltr'>τηρήσεως</span> <span class='ocrx_word' id='word_1_749' title='bbox 3165 4129 3265 4173; x_wconf 87' lang='grc' dir='ltr'>τῶν</span> <span class='ocrx_word' id='word_1_750' title='bbox 3294 4117 3522 4190; x_wconf 75' lang='grc' dir='ltr'>έντολῶν,</span> <span class='ocrx_word' id='word_1_751' title='bbox 3548 4125 3689 4176; x_wconf 82' lang='grc' dir='ltr'>αύτω</span> 
     </span>
    </p>
   </div>
   <div class='ocr_carea' id='block_1_103' title="bbox 2081 4203 3685 4285">
    <p class='ocr_par' dir='ltr' id='par_1_103' title="bbox 2081 4203 3685 4285">
     <span class='ocr_line' id='line_1_104' title="bbox 2081 4203 3685 4285; baseline 0.004 -27"><span class='ocrx_word' id='word_1_752' title='bbox 2081 4212 2170 4259; x_wconf 89' lang='grc' dir='ltr'><strong>καί</strong></span> <span class='ocrx_word' id='word_1_753' title='bbox 2200 4216 2298 4259; x_wconf 86' lang='grc' dir='ltr'>τῶν</span> <span class='ocrx_word' id='word_1_754' title='bbox 2333 4203 2430 4259; x_wconf 80' lang='grc' dir='ltr'>δύο</span> <span class='ocrx_word' id='word_1_755' title='bbox 2471 4207 2499 4266; x_wconf 77' lang='grc' dir='ltr'>ἦ</span> <span class='ocrx_word' id='word_1_756' title='bbox 2555 4214 2710 4280; x_wconf 87' lang='grc' dir='ltr'>τριῶν</span> <span class='ocrx_word' id='word_1_757' title='bbox 2759 4206 2808 4259; x_wconf 78' lang='grc' dir='ltr'><strong>έν</strong></span> <span class='ocrx_word' id='word_1_758' title='bbox 2859 4211 3006 4280; x_wconf 83' lang='grc' dir='ltr'>μέσῳ</span> <span class='ocrx_word' id='word_1_759' title='bbox 3030 4206 3188 4277; x_wconf 73' lang='grc' dir='ltr'>ἔστὶν,</span> <span class='ocrx_word' id='word_1_760' title='bbox 3224 4209 3308 4262; x_wconf 73' lang='grc' dir='ltr'>ἐὰν</span> <span class='ocrx_word' id='word_1_761' title='bbox 3353 4213 3481 4285; x_wconf 87' lang='grc' dir='ltr'>πρὸς</span> <span class='ocrx_word' id='word_1_762' title='bbox 3507 4215 3564 4264; x_wconf 87' lang='grc' dir='ltr'>τὸ</span> <span class='ocrx_word' id='word_1_763' title='bbox 3600 4214 3685 4265; x_wconf 86' lang='grc' dir='ltr'><strong>θέ-</strong></span> 
     </span>
    </p>
   </div>
   <div class='ocr_carea' id='block_1_104' title="bbox 2078 4293 3683 4371">
    <p class='ocr_par' dir='ltr' id='par_1_104' title="bbox 2078 4293 3683 4371">
     <span class='ocr_line' id='line_1_105' title="bbox 2078 4293 3683 4371; baseline 0.002 -23"><span class='ocrx_word' id='word_1_764' title='bbox 2078 4295 2221 4370; x_wconf 84' lang='grc' dir='ltr'>λημα</span> <span class='ocrx_word' id='word_1_765' title='bbox 2249 4295 2409 4348; x_wconf 68' lang='grc' dir='ltr'>αὐτοῦ</span> <span class='ocrx_word' id='word_1_766' title='bbox 2440 4297 2884 4371; x_wconf 82' lang='grc' dir='ltr'>καταρτισθώσιν.</span> <span class='ocrx_word' id='word_1_767' title='bbox 2908 4299 2974 4348; x_wconf 85' lang='grc' dir='ltr'><strong>Οἱ</strong></span> <span class='ocrx_word' id='word_1_768' title='bbox 3021 4293 3081 4349; x_wconf 75' lang='grc' dir='ltr'><strong>δὲ</strong></span> <span class='ocrx_word' id='word_1_769' title='bbox 3124 4302 3195 4371; x_wconf 80' lang='grc' dir='ltr'>μὴ</span> <span class='ocrx_word' id='word_1_770' title='bbox 3239 4297 3392 4362; x_wconf 79' lang='grc' dir='ltr'>ἀξίως</span> <span class='ocrx_word' id='word_1_771' title='bbox 3444 4308 3533 4362; x_wconf 82' lang='grc' dir='ltr'>τῆς</span> <span class='ocrx_word' id='word_1_772' title='bbox 3558 4299 3683 4359; x_wconf 82' lang='grc' dir='ltr'>κλή-</span> 
     </span>
    </p>
   </div>
   <div class='ocr_carea' id='block_1_105' title="bbox 2081 4383 3686 4463">
    <p class='ocr_par' dir='ltr' id='par_1_105' title="bbox 2081 4383 3686 4463">
     <span class='ocr_line' id='line_1_106' title="bbox 2081 4383 3686 4463; baseline 0.001 -23"><span class='ocrx_word' id='word_1_773' title='bbox 2081 4407 2230 4454; x_wconf 83' lang='grc' dir='ltr'>σεως,</span> <span class='ocrx_word' id='word_1_774' title='bbox 2264 4383 2404 4460; x_wconf 72' lang='grc' dir='ltr'>μηδε</span> <span class='ocrx_word' id='word_1_775' title='bbox 2428 4389 2553 4462; x_wconf 83' lang='grc' dir='ltr'>πρὸς</span> <span class='ocrx_word' id='word_1_776' title='bbox 2582 4389 2638 4439; x_wconf 85' lang='grc' dir='ltr'>τὸ</span> <span class='ocrx_word' id='word_1_777' title='bbox 2664 4386 2863 4460; x_wconf 78' lang='grc' dir='ltr'>Θέλημα</span> <span class='ocrx_word' id='word_1_778' title='bbox 2876 4393 2967 4440; x_wconf 85' lang='grc' dir='ltr'>τοῦ</span> <span class='ocrx_word' id='word_1_779' title='bbox 2995 4391 3191 4462; x_wconf 83' lang='grc' dir='ltr'>Κυρίου</span> <span class='ocrx_word' id='word_1_780' title='bbox 3222 4389 3334 4460; x_wconf 81' lang='grc'><strong>(26)</strong></span> <span class='ocrx_word' id='word_1_781' title='bbox 3374 4393 3686 4463; x_wconf 78' lang='grc' dir='ltr'>συνηγμένοι</span> 
     </span>
    </p>
   </div>
   <div class='ocr_carea' id='block_1_106' title="bbox 2077 4475 3687 4554">
    <p class='ocr_par' dir='ltr' id='par_1_106' title="bbox 2077 4475 3687 4554">
     <span class='ocr_line' id='line_1_107' title="bbox 2077 4475 3687 4554; baseline 0.002 -25"><span class='ocrx_word' id='word_1_782' title='bbox 2077 4477 2172 4529; x_wconf 79' lang='grc' dir='ltr'>κᾶν</span> <span class='ocrx_word' id='word_1_783' title='bbox 2203 4475 2286 4530; x_wconf 71' lang='grc' dir='ltr'><strong>ἐπὶ</strong></span> <span class='ocrx_word' id='word_1_784' title='bbox 2311 4481 2368 4529; x_wconf 88' lang='grc' dir='ltr'>τὸ</span> <span class='ocrx_word' id='word_1_785' title='bbox 2391 4477 2518 4529; x_wconf 74' lang='grc' dir='ltr'>αὐτὸ</span> <span class='ocrx_word' id='word_1_786' title='bbox 2551 4478 2822 4548; x_wconf 82' lang='grc' dir='ltr'>συνῆχθαι</span> <span class='ocrx_word' id='word_1_787' title='bbox 2870 4475 2918 4529; x_wconf 81' lang='grc' dir='ltr'><strong>έν</strong></span> <span class='ocrx_word' id='word_1_788' title='bbox 2949 4476 3173 4550; x_wconf 84' lang='grc' dir='ltr'>ὀηόματι</span> <span class='ocrx_word' id='word_1_789' title='bbox 3207 4484 3401 4554; x_wconf 84' lang='grc' dir='ltr'>Κυρίου</span> <span class='ocrx_word' id='word_1_790' title='bbox 3436 4477 3687 4550; x_wconf 82' lang='grc' dir='ltr'>δοκῶσιν,</span> 
     </span>
    </p>
   </div>
   <div class='ocr_carea' id='block_1_107' title="bbox 2078 4565 3686 4642">
    <p class='ocr_par' dir='ltr' id='par_1_107' title="bbox 2078 4565 3686 4642">
     <span class='ocr_line' id='line_1_108' title="bbox 2078 4565 3686 4642; baseline 0.003 -24"><span class='ocrx_word' id='word_1_791' title='bbox 2078 4565 2350 4619; x_wconf 75' lang='grc' dir='ltr'>ἀκούουσι·</span> <span class='ocrx_word' id='word_1_792' title='bbox 2383 4571 2446 4620; x_wconf 88' lang='lat' dir='ltr'><strong>Ti</strong></span> <span class='ocrx_word' id='word_1_793' title='bbox 2475 4585 2538 4640; x_wconf 86' lang='grc' dir='ltr'><strong>με</strong></span> <span class='ocrx_word' id='word_1_794' title='bbox 2563 4566 2783 4636; x_wconf 84' lang='grc' dir='ltr'>καλεῖτε,</span> <span class='ocrx_word' id='word_1_795' title='bbox 2842 4569 3017 4642; x_wconf 84' lang='grc' dir='ltr'>Κύριε,</span> <span class='ocrx_word' id='word_1_796' title='bbox 3055 4570 3231 4641; x_wconf 82' lang='grc' dir='ltr'>Κύριε,</span> <span class='ocrx_word' id='word_1_797' title='bbox 3275 4573 3364 4620; x_wconf 83' lang='grc' dir='ltr'>καὶ</span> <span class='ocrx_word' id='word_1_798' title='bbox 3396 4568 3456 4621; x_wconf 78' lang='grc' dir='ltr'>οὐ</span> <span class='ocrx_word' id='word_1_799' title='bbox 3487 4577 3686 4624; x_wconf 83' lang='grc' dir='ltr'>ποιεῖτε</span> 
     </span>
    </p>
   </div>
   <div class='ocr_carea' id='block_1_108' title="bbox 2077 4654 2304 4728">
    <p class='ocr_par' dir='ltr' id='par_1_108' title="bbox 2077 4654 2304 4728">
     <span class='ocr_line' id='line_1_109' title="bbox 2077 4654 2304 4728; baseline 0.013 -22"><span class='ocrx_word' id='word_1_800' title='bbox 2077 4654 2304 4728; x_wconf 82' lang='grc' dir='ltr'>ἂλέγω;</span> 
     </span>
    </p>
   </div>
   <div class='ocr_carea' id='block_1_109' title="bbox 2649 5005 3676 5078">
    <p class='ocr_par' dir='ltr' id='par_1_109' title="bbox 2649 5005 3676 5078">
     <span class='ocr_line' id='line_1_110' title="bbox 2649 5005 3676 5078; baseline 0.004 -18"><span class='ocrx_word' id='word_1_801' title='bbox 2649 5005 2698 5040; x_wconf 74' lang='grc'><strong>⁸³</strong></span> <span class='ocrx_word' id='word_1_802' title='bbox 2732 5005 2942 5078; x_wconf 86' lang='lat' dir='ltr'><strong>Ephes.</strong></span> <span class='ocrx_word' id='word_1_803' title='bbox 2975 5020 3051 5074; x_wconf 78' lang='lat' dir='ltr'><strong>iv,</strong></span> <span class='ocrx_word' id='word_1_804' title='bbox 3105 5009 3213 5063; x_wconf 75' lang='grc'><strong>1-4.</strong></span> <span class='ocrx_word' id='word_1_805' title='bbox 3257 5008 3306 5042; x_wconf 75' lang='grc'><strong>⁸³</strong></span> <span class='ocrx_word' id='word_1_806' title='bbox 3333 5009 3522 5065; x_wconf 82' lang='lat' dir='ltr'><strong>Joan.</strong></span> <span class='ocrx_word' id='word_1_807' title='bbox 3553 5021 3676 5076; x_wconf 78' lang='lat' dir='ltr'><strong>xw,</strong></span> 
     </span>
    </p>
   </div>
   <div class='ocr_carea' id='block_1_110' title="bbox 2058 5256 2884 5329">
    <p class='ocr_par' dir='ltr' id='par_1_110' title="bbox 2058 5256 2884 5329">
     <span class='ocr_line' id='line_1_111' title="bbox 2058 5256 2884 5329; baseline 0.005 -22"><span class='ocrx_word' id='word_1_808' title='bbox 2058 5257 2190 5329; x_wconf 68' lang='grc' dir='ltr'>προς</span> <span class='ocrx_word' id='word_1_809' title='bbox 2217 5261 2368 5309; x_wconf 85' lang='grc' dir='ltr'>τοῦτο</span> <span class='ocrx_word' id='word_1_810' title='bbox 2398 5256 2884 5329; x_wconf 74' lang='grc' dir='ltr'>κατασκευάζουσι.</span> 
     </span>
    </p>
   </div>
   <div class='ocr_carea' id='block_1_111' title="bbox 2132 5326 3684 5403">
    <p class='ocr_par' dir='ltr' id='par_1_111' title="bbox 2132 5326 3684 5403">
     <span class='ocr_line' id='line_1_112' title="bbox 2132 5326 3684 5403; baseline 0.001 -20"><span class='ocrx_word' id='word_1_811' title='bbox 2132 5327 2434 5403; x_wconf 44' lang='grc'><strong>(25)-308,</strong></span> <span class='ocrx_word' id='word_1_812' title='bbox 2486 5327 2719 5403; x_wconf 64' lang='lat' dir='ltr'><strong>primus</strong></span> <span class='ocrx_word' id='word_1_813' title='bbox 2767 5326 2951 5399; x_wconf 79' lang='grc' dir='ltr'>ἀγαπᾷ</span> <span class='ocrx_word' id='word_1_814' title='bbox 2977 5347 3058 5403; x_wconf 79' lang='grc' dir='ltr'><strong>με,</strong></span> <span class='ocrx_word' id='word_1_815' title='bbox 3089 5332 3186 5391; x_wconf 75' lang='grc' dir='ltr'>τὴς</span> <span class='ocrx_word' id='word_1_816' title='bbox 3214 5327 3424 5391; x_wconf 78' lang='grc' dir='ltr'>έντολάς</span> <span class='ocrx_word' id='word_1_817' title='bbox 3451 5350 3555 5403; x_wconf 87' lang='grc' dir='ltr'><strong>μου</strong></span> <span class='ocrx_word' id='word_1_818' title='bbox 3581 5349 3684 5389; x_wconf 85' lang='grc' dir='ltr'>τη-</span> 
     </span>
    </p>
   </div>
   <div class='ocr_carea' id='block_1_112' title="bbox 2059 5400 3611 5470">
    <p class='ocr_par' dir='ltr' id='par_1_112' title="bbox 2059 5400 3611 5470">
     <span class='ocr_line' id='line_1_113' title="bbox 2059 5400 3611 5470; baseline 0.002 -14"><span class='ocrx_word' id='word_1_819' title='bbox 2059 5400 2310 5470; x_wconf 75' lang='grc' dir='ltr'>ρήσει,δί</span> <span class='ocrx_word' id='word_1_820' title='bbox 2330 5401 2462 5470; x_wconf 86' lang='lat' dir='ltr'><strong>quis</strong></span> <span class='ocrx_word' id='word_1_821' title='bbox 2481 5401 2681 5467; x_wconf 82' lang='lat' dir='ltr'><strong>diligit</strong></span> <span class='ocrx_word' id='word_1_822' title='bbox 2712 5415 2823 5467; x_wconf 88' lang='lat' dir='ltr'><strong>me,</strong></span> <span class='ocrx_word' id='word_1_823' title='bbox 2845 5400 3137 5457; x_wconf 87' lang='lat' dir='ltr'><strong>mandata</strong></span> <span class='ocrx_word' id='word_1_824' title='bbox 3165 5416 3294 5458; x_wconf 88' lang='lat' dir='ltr'><strong>mea</strong></span> <span class='ocrx_word' id='word_1_825' title='bbox 3323 5400 3611 5459; x_wconf 78' lang='lat' dir='ltr'><strong>servabit.</strong></span> 
     </span>
    </p>
   </div>
   <div class='ocr_carea' id='block_1_113' title="bbox 2134 5469 3684 5544">
    <p class='ocr_par' dir='ltr' id='par_1_113' title="bbox 2134 5469 3684 5544">
     <span class='ocr_line' id='line_1_114' title="bbox 2134 5469 3684 5544; baseline 0 -14"><span class='ocrx_word' id='word_1_826' title='bbox 2134 5473 2244 5544; x_wconf 71' lang='grc'><strong>(26)</strong></span> <span class='ocrx_word' id='word_1_827' title='bbox 2295 5469 2496 5527; x_wconf 79' lang='lat' dir='ltr'><strong>Codex</strong></span> <span class='ocrx_word' id='word_1_828' title='bbox 2551 5470 2716 5527; x_wconf 86' lang='lat' dir='ltr'><strong>Colb.</strong></span> <span class='ocrx_word' id='word_1_829' title='bbox 2746 5470 2945 5544; x_wconf 81' lang='grc' dir='ltr'>θέλημα</span> <span class='ocrx_word' id='word_1_830' title='bbox 2974 5481 3065 5525; x_wconf 83' lang='grc' dir='ltr'>τοῦ</span> <span class='ocrx_word' id='word_1_831' title='bbox 3098 5481 3252 5544; x_wconf 78' lang='grc' dir='ltr'>Θεού.</span> <span class='ocrx_word' id='word_1_832' title='bbox 3291 5474 3500 5530; x_wconf 78' lang='lat' dir='ltr'><strong>Statim</strong></span> <span class='ocrx_word' id='word_1_833' title='bbox 3542 5473 3684 5530; x_wconf 80' lang='lat' dir='ltr'><strong>editi</strong></span> 
     </span>
    </p>
   </div>
   <div class='ocr_carea' id='block_1_114' title="bbox 2027 5531 3683 5603">
    <p class='ocr_par' dir='ltr' id='par_1_114' title="bbox 2027 5531 3683 5603">
     <span class='ocr_line' id='line_1_115' title="bbox 2027 5531 3683 5603; baseline 0.004 -10"><span class='ocrx_word' id='word_1_834' title='bbox 2027 5531 2032 5537; x_wconf 56' lang='grc'><em>’</em></span> <span class='ocrx_word' id='word_1_835' title='bbox 2059 5541 2156 5594; x_wconf 78' lang='grc' dir='ltr'>κᾶν</span> <span class='ocrx_word' id='word_1_836' title='bbox 2186 5531 2270 5595; x_wconf 71' lang='grc' dir='ltr'><strong>ἐπὶ</strong></span> <span class='ocrx_word' id='word_1_837' title='bbox 2299 5548 2477 5597; x_wconf 77' lang='grc' dir='ltr'>ταυτο.</span> <span class='ocrx_word' id='word_1_838' title='bbox 2514 5544 2747 5598; x_wconf 79' lang='lat' dir='ltr'><strong>Veteres</strong></span> <span class='ocrx_word' id='word_1_839' title='bbox 2773 5531 2890 5599; x_wconf 60' lang='lat' dir='ltr'><strong>uel;</strong></span> <span class='ocrx_word' id='word_1_840' title='bbox 2915 5543 3053 5599; x_wconf 82' lang='lat' dir='ltr'><strong>libri</strong></span> <span class='ocrx_word' id='word_1_841' title='bbox 3085 5546 3180 5596; x_wconf 78' lang='grc' dir='ltr'>κοὶν</span> <span class='ocrx_word' id='word_1_842' title='bbox 3212 5543 3512 5598; x_wconf 79' lang='grc' dir='ltr'>ὶπιτοαυτό.</span> <span class='ocrx_word' id='word_1_843' title='bbox 3552 5548 3683 5603; x_wconf 74' lang='lat' dir='ltr'><strong>Mox</strong></span> 
     </span>
    </p>
   </div>
   <div class='ocr_carea' id='block_1_115' title="bbox 2062 5613 3096 5690">
    <p class='ocr_par' dir='ltr' id='par_1_115' title="bbox 2062 5613 3096 5690">
     <span class='ocr_line' id='line_1_116' title="bbox 2062 5613 3096 5690; baseline 0.001 -20"><span class='ocrx_word' id='word_1_844' title='bbox 2062 5616 2205 5685; x_wconf 79' lang='lat' dir='ltr'><strong>Reg.</strong></span> <span class='ocrx_word' id='word_1_845' title='bbox 2234 5615 2467 5687; x_wconf 88' lang='lat' dir='ltr'><strong>primus</strong></span> <span class='ocrx_word' id='word_1_846' title='bbox 2496 5617 2561 5668; x_wconf 87' lang='grc' dir='ltr'><strong>Τί</strong></span> <span class='ocrx_word' id='word_1_847' title='bbox 2595 5633 2659 5688; x_wconf 83' lang='grc' dir='ltr'><strong>με</strong></span> <span class='ocrx_word' id='word_1_848' title='bbox 2686 5613 2878 5690; x_wconf 78' lang='grc' dir='ltr'>λέγετε,</span> <span class='ocrx_word' id='word_1_849' title='bbox 2914 5618 3096 5690; x_wconf 86' lang='grc' dir='ltr'>Κύριε.</span> 
     </span>
    </p>
   </div>
  </div>
