4114 6376
424 377 562 430 I233

966 499 1278 547 ΕΡΩΤΙΙΣΙΣ
1319 493 1468 556 ΣΚέ.

417 596 520 642 Τοῦ
549 584 866 640 Ἀποστόλον
896 584 1149 655 λέγοντος·
1186 606 1212 632 ‹‹
1238 580 1646 658 Λοιδορουμενοι
1690 581 2014 652 εὐλογοῦμεν,

490 675 956 749 βλασφημούμενοι
1003 673 1422 746 παρακαλοῦμεν·
1457 695 1484 722 »
1533 681 1646 735 πῶς
1695 671 1879 744 ὀφείλει
1929 671 2016 721 εὑ-

487 767 652 838 λογεῖν
683 766 708 816 ό
749 761 1163 838 λοιδορούμενος,
1199 763 1229 821 ἦ
1277 767 1328 814 τί
1357 761 1674 838 παρακαλειν
1712 763 1736 812 ό
1769 758 2016 833 βλασφη-

488 858 756 930 μούμενος.

1042 952 1392 1001 ΑΠΟΚΡΙΣΙΣ

496 1037 728 1093 Καθόλου
757 1037 954 1110 νομίζω
996 1039 1082 1089 τὸν
1115 1034 1432 1089 Ἀπόστολον
1476 1033 1699 1087 ἓνταυθα
1740 1029 2018 1086 διδάσκειν

425 1132 557 1203 ἡμᾶς
623 1127 723 1181 ἀπὸ
779 1136 881 1180 τῶν
945 1125 1063 1178 καθ’
1130 1126 1346 1195 ἑαυτὸν,
1415 1123 1716 1197 ἀνεξικακίᾳ
1775 1125 2020 1198 χρῆσθαι

419 1222 548 1294 πρὸς
572 1219 688 1289 (27)
715 1219 933 1284 πάντας,
963 1220 1054 1267 καὶ
1087 1214 1303 1286 ἀγαθοῖς
1335 1213 1643 1286 ἀμείϐεσθαι
1685 1216 1808 1276 τοὺς
1857 1232 2018 1270 πονη-

415 1313 737 1383 ρευομένους·
780 1310 850 1367 ὡς
879 1309 950 1378 μὴ
1001 1310 1154 1378 μόνον
1208 1304 1292 1357 ἐπὶ
1341 1311 1432 1356 τοῦ
1479 1301 1841 1378 λοιδοροῦντος
1877 1307 2020 1374 γίνε-

418 1398 543 1449 σθαι
575 1400 632 1449 τὸ
662 1402 913 1461 τοιοῦτον,
951 1391 1077 1445 ἀλλὰ
1105 1399 1196 1445 καὶ
1240 1396 1323 1445 ἐπὶ
1351 1395 1541 1453 παντὸς
1586 1395 2018 1467 πονηρευομένου,

415 1485 740 1560 πληροῦντας
795 1487 855 1536 τό
906 1483 1191 1558 εἰρημένον·
1246 1487 1332 1540 Μὴ
1379 1491 1502 1534 νικῶ
1551 1484 1651 1535 ὑπὸ
1695 1490 1786 1534 τοῦ
1833 1489 2018 1547 κακοῦ,

419 1574 550 1627 ἀλλὰ
578 1579 698 1626 νίκα
745 1572 794 1626 ἐν
845 1581 918 1644 τῷ
968 1572 1148 1645 ἀγαθῷ
1209 1575 1269 1624 τὸ
1315 1577 1493 1626 κακόν.
1543 1575 1613 1624 Τὸ
1663 1568 1722 1625 δὲ
1777 1591 2021 1644 παρακα-

415 1663 519 1717 λεῖν
549 1661 688 1716 οἶδεν
728 1666 756 1722 ὴ
794 1666 970 1738 Γραφὴ
1014 1665 1230 1727 τιθέναι,
1271 1662 1330 1714 οὐ
1380 1663 1514 1714 κατά
1555 1665 1649 1722 τὴν
1688 1670 1890 1737 χρῆσιν
1932 1669 2024 1722 τῆς

421 1756 718 1820 συνηθείας,
753 1751 881 1805 ἀλλὰ
923 1756 1050 1826 πρὸς
1086 1755 1146 1804 τὸ
1197 1751 1539 1825 συμϐιϐάζειν
1578 1757 1671 1811 τὴν
1702 1749 1926 1827 καρδίαν
1958 1752 2024 1812 εἰς

1568 367 1874 423 REGUIJE
1910 363 2206 420 BREVIUS
2243 367 2643 427 'I'Ii;\t.‘.'i‘A'l‘A~L.

3648 379 3785 436 1234

2540 498 3062 554 ΙΝΤΕΒΗΟΟΑἹῚΟ
3103 501 3366 555 CCXXVI.

2132 577 2280 633 Cum
2303 584 2626 649 Apostolus
2647 587 2842 642 dicat:
2865 606 2894 639 ε
2919 590 3066 642 Dum
3089 589 3527 661 maledicimur,
3550 591 3787 648 benedi-

2200 671 2412 726 cimus:
2433 673 2574 728 dum
2599 675 3104 747 blasphemamur,
3125 680 3509 734 consolamur
3519 681 3628 737 ⁸ος»
3647 695 3789 754 quo-

2199 759 2372 814 modo
2387 763 2545 818 male
2565 765 2817 820 audiens
2837 765 3004 822 debet
3025 765 3446 830 benedicere,et
3461 784 3636 839 quam
3654 785 3792 827 con-

2199 849 2550 908 solationem
2572 853 2862 910 adhibere
2879 854 3166 927 debetqui
3185 858 3468 914 conviciis
3488 859 3785 929 afﬁcitur.

2751 944 3162 1001 RESPONSIO.

2201 1025 2266 1082 In
2299 1028 2648 1087 universum
2674 1032 2952 1090 existimo
2991 1033 3347 1106 Apostolum
3375 1034 3523 1092 illud
3553 1036 3651 1094 hic
3679 1036 3791 1095 do-

2131 1131 2264 1172 cere
2289 1132 2400 1173 nos
2426 1120 2704 1192 exemplo
2734 1137 2868 1193 suo,
2917 1127 2982 1178 ut
3027 1122 3319 1195 patientia
3360 1128 3607 1182 utamur
3645 1141 3792 1197 erga

2129 1206 2563 1280 omnes,iique
2588 1211 2692 1282 qui
2722 1210 2883 1267 mala
2901 1210 3150 1283 faciunt,
3173 1212 3338 1282 bona
3358 1214 3790 1289 rependamus;

2131 1302 2195 1353 ut
2222 1297 2498 1354 videlicet
2524 1314 2648 1355 non
2680 1301 2866 1356 modo
2897 1315 3041 1371 erga
3070 1302 3424 1375 maledicos,
3457 1303 3564 1361 sed
3608 1305 3790 1362 etiam

2129 1403 2272 1458 erga
2291 1403 2715 1462 quemcunque
2731 1391 3077 1447 maleﬁcum
3097 1391 3256 1448 hanc
3277 1407 3590 1450 servemus
3607 1411 3792 1466 agen-

2129 1477 2189 1532 di
2210 1478 2530 1545 rationem,
2551 1479 3063 1552 perﬁciamusque
3083 1482 3250 1553 quod
3271 1481 3500 1539 dictum
3517 1488 3625 1539 est:
3647 1484 3798 1540 Noli

2130 1567 2342 1624 vincia
2357 1570 2540 1638 malo,
2556 1569 2659 1624 sed
2671 1571 2840 1626 vince
2855 1571 2918 1625 in
2931 1570 3076 1626 bono
3087 1571 3316 1627 malum
3329 1572 3374 1606 ⁸⁷
3385 1615 3398 1628 .
3419 1571 3571 1628 Illud
3585 1576 3790 1630 autem

2131 1657 2451 1725 consolari,
2496 1674 2786 1730 usurpare
2827 1659 2978 1715 solet
3013 1660 3339 1732 Scriptura,
3384 1676 3509 1718 non
3549 1678 3624 1718 ex
3669 1677 3792 1719 usu

2133 1754 2445 1818 consueto,
2479 1749 2587 1804 sed
2617 1756 2682 1804 ut
2709 1749 2983 1806 animum
3013 1749 3075 1805 in
3105 1755 3331 1807 certam
3356 1751 3618 1827 veritatis
3639 1751 3792 1810 noti-

416 1843 771 1919 πληροφορίαν
825 1851 922 1905 τῆς
979 1841 1244 1909 ἀληθείας,
1300 1845 1370 1905 ὡς
1427 1840 1476 1894 ἓν
1516 1849 1610 1913 τῷ,
1671 1841 2021 1917 Παρακαλείτε

2150 1837 2276 1894 iam
2308 1837 2591 1907 adducat,
2626 1838 2802 1895 veluti
2831 1839 2946 1895 hoc
2965 1838 3136 1896 loco:
3174 1841 3793 1912 Consolaminipopu-

416 1936 502 1986 τὸν
555 1932 676 1984 λαόν
725 1951 848 2005 μου,
895 1931 1033 2004 λέγει
1085 1931 1112 1985 ὁ
1169 1936 1320 1994 Θεὸς.
1377 1936 1479 1984 Καὶ
1538 1931 1564 1984 ὁ
1612 1930 1922 1994 Ἀπόστολος
1965 1928 2024 1984 δέ

418 2041 598 2095 φησιν·
657 2021 920 2075 Ἐπιποθῶ
991 2025 1092 2096 γὰρ
1153 2018 1282 2074 ἰδεῖν
1348 2021 1506 2094 ὑμᾶς,
1571 2023 1654 2074 ἱνα
1704 2041 1756 2074 τι
1810 2017 2024 2095 μεταδῶ

416 2115 669 2188 χάρισμα
698 2113 818 2183 ὑμῖν
849 2115 1198 2185 πνευματικὸν
1249 2112 1321 2173 εἰς
1362 2114 1420 2162 τὸ
1469 2112 1827 2186 στηριχθῆναι
1864 2112 2022 2184 ὑμᾶς·

416 2211 570 2256 τοῦτο
601 2200 661 2255 δέ
705 2205 835 2269 ἑστι,
886 2202 1397 2275 συμπαρακληθῆναι
1442 2200 1489 2253 ἓν
1535 2203 1656 2274 ὑμῖν
1712 2199 1806 2254 διὰ
1849 2209 1942 2262 τῆς
1975 2199 2024 2254 ἐν

419 2291 656 2354 αλλήλοις
709 2296 936 2353 πίστεως
991 2293 1138 2364 ὑμῶν
1181 2311 1235 2344 τε
1277 2296 1368 2343 καὶ
1419 2291 1563 2364 ἰμοῡ·
1615 2296 1705 2343 καὶ
1765 2290 2020 2363 ἀλ).αχοῦο

421 2381 555 2435 Ἀλλ’
595 2384 623 2434 ό
669 2381 984 2454 παρακαλῶν
1029 2385 1150 2442 τοὺς
1187 2385 1463 2443 ταπείνους
1492 2380 1836 2455 παρεκάλεσεν
1885 2382 2024 2453 ἡμᾶς

424 2472 448 2522 ό
475 2474 607 2533 Θεὸς
632 2470 679 2524 ἑν
709 2478 770 2544 τῇ
800 2475 1069 2546 παρουσίᾳ
1092 2474 1270 2526 Τίτου.

953 2566 1266 2614 ΕΡΩΤΗΣΙΣ
1320 2561 1480 2618 ΣΚΖ.

427 2648 486 2702 Εἰ
514 2653 623 2724 χρὴ
656 2649 873 2702 ἕκαστον
907 2647 1248 2703 ἀνατίθεσθαι
1277 2655 1366 2703 καί
1397 2651 1588 2725 ἑτέροις
1617 2650 1651 2702 ἃ
1681 2658 1872 2725 φρονεῖ,
1904 2655 1932 2710 ἥ
1978 2650 2026 2703 ἕν

492 2738 816 2816 πληροφορίᾳ
845 2748 936 2793 τοῦ
967 2737 1202 2815 ἀρέσκειν
1233 2748 1305 2812 τῷ
1354 2749 1466 2812 Θεῷ
1497 2745 1554 2793 τὸ
1585 2745 1874 2813 γενόμενον,
1908 2740 2030 2816 παρ’

495 2828 662 2900 ἐαυτῷ
686 2833 930 2901 κατέχειν
949 2831 1083 2901 (28).

1022 3013 1392 3063 ΑΠΟΚΡΙΣΙΣ.

424 3095 454 3158 ξ’
496 3099 824 3169 Μεμνημίνοι
860 3105 957 3158 τῆς
1003 3103 1096 3148 τοῦ
1147 3103 1280 3150 Θεοῦ
1313 3097 1423 3170 (29)
1479 3095 1801 3172 ἀποφάσεως,
1854 3098 2027 3151 εἰπόν-

2135 1929 2260 1984 lum
2299 1943 2513 1996 meum,
2555 1929 2702 1985 dicit
2746 1931 2904 1986 Deus
2925 1929 2994 1984 ⁸⁸.
3042 1929 3196 1996 Quin
3223 1934 3280 1987 et
3310 1931 3639 2004 Apostolus
3667 1931 3788 1989 ait:

2133 2017 2416 2074 Desidero
2429 2021 2584 2074 enim
2605 2018 2810 2076 videre
2821 2033 2940 2090 vos,
2957 2025 3024 2075 ut
3040 2019 3278 2091 aliquid
3296 2020 3616 2091 impertiar
3630 2020 3793 2078 vobis

2131 2109 2346 2178 gratiae
2358 2108 2697 2178 spiritualis
2714 2109 2796 2164 ad
2811 2109 3257 2179 conﬁrmandos
3277 2123 3398 2178 vos,
3413 2111 3477 2165 id
3491 2116 3576 2167 est
3581 2152 3598 2182 ,
3611 2110 3795 2167 simul
3870 2138 3882 2144 ~

2133 2199 2440 2253 consolari
2459 2200 2523 2253 in
2547 2198 2730 2267 vobis,
2753 2213 2868 2268 per
2894 2213 3023 2256 eam
3057 2213 3187 2271 quae
3207 2201 3462 2256 invicem
3483 2204 3589 2268 est,
3610 2199 3793 2270 ﬁdem

2134 2293 2394 2343 vestram
2417 2292 2600 2359 atque
2616 2290 2893 2357 m'eam”;
2917 2291 2974 2344 et
2995 2287 3156 2345 alibi:
3181 2289 3303 2345 Sed
3321 2291 3427 2360 qui
3440 2290 3796 2346 consolatur

2135 2376 2394 2434 humiles
2414 2379 2760 2434 consolatus
2775 2384 2860 2434 est
2881 2393 2988 2434 nos
3008 2379 3165 2434 Deus
3184 2380 3245 2433 in
3267 2378 3530 2435 adventu
3567 2379 3687 2435 Titi
3705 2378 3782 2434 9°.

2524 2468 3042 2524 INTERROGATIO
3095 2467 3366 2524 CCXXVII
3386 2509 3400 2524 .

2140 2559 2354 2614 Utrum
2383 2562 2651 2628 oporteat
2677 2571 3159 2630 unumquemque
3181 2572 3251 2614 ea
3277 2572 3408 2629 quae
3431 2558 3631 2630 sentit,
3656 2559 3812 2615 aliis

2200 2648 2590 2718 patefacere;
2621 2662 2702 2704 an
2733 2661 2867 2703 cum
2896 2647 3013 2703 sibi
3030 2661 3385 2718 persuasum
3418 2649 3634 2718 fuerit,
3668 2663 3794 2705 rem

2207 2753 2340 2810 qua
2360 2738 2616 2808 geritur,
2643 2738 2764 2794 Deo
2795 2753 2918 2793 esse
2936 2741 3204 2809 gratam,
3235 2751 3364 2794 eam
3390 2737 3601 2797 debeat
3629 2737 3800 2809 apud

2205 2829 2462 2897 seipsum
2493 2828 2819 2883 continere.

2762 2916 3169 2974 RESPONSIO.

2205 3009 2495 3064 Memores
2545 3005 2854 3062 sententiae
2885 3005 3006 3072 Dei,
3048 3005 3152 3078 qui
3178 3005 3330 3061 dixit
3377 3019 3486 3078 per
3531 3005 3795 3079 prophe-

2137 3101 2288 3152 tam:
2331 3096 2425 3152 Vw
2445 3096 2604 3152 vobis
2635 3095 2742 3166 qui
2762 3094 3095 3164 prudentes
3120 3095 3259 3151 estis
3284 3095 3345 3150 in
3377 3093 3709 3166 vobisipsis,
3741 3099 3798 3151 et

421 3202 508 3246 τος
539 3181 635 3236 διὰ
671 3193 763 3237 τοῦ
812 3190 1104 3259 προφήτου.
1167 3186 1302 3239 Οὐαὶ
1342 3188 1389 3238 οἱ
1448 3192 1650 3239 συνετοὶ
1705 3187 1754 3239 ἐν
1803 3187 2021 3257 ἑαυτοῖς,

2150 3201 2340 3243 coram
2363 3185 2672 3255 vobisipsis
2693 3186 2942 3241 scientes
2963 3185 3034 3252 9';
3057 3183 3321 3256 itemque
3345 3184 3639 3240 horumce
3667 3199 3824 3242 ver-'

421 3278 511 3326 καὶ
578 3273 790 3327 ὶνώπιον
852 3274 1046 3326 ἑαυτῶν
1111 3273 1473 3348 ἐπιστήμονες·
1542 3281 1631 3329 καὶ
1696 3283 1788 3330 τοῦ
1865 3277 2027 3331 Ἀπο-

428 3361 612 3413 στόλου
675 3360 933 3434 λόγον’-ος⁹
1015 3362 1276 3416 Ἐπιποθῶ
1338 3367 1437 3438 γὰρ
1509 3362 1638 3418 ἰδεῖν
1705 3368 1861 3438 ὑμᾶς,
1947 3369 2031 3419 ἵνα

423 3469 475 3502 τι
527 3447 737 3524 μεταδῶ
801 3453 1050 3526 χάρισμα
1096 3453 1218 3524 ὑμῖν
1268 3458 1618 3526 πνευματικὸν
1675 3455 1743 3516 εἰς
1789 3459 1848 3507 τό
1904 3475 2029 3515 στη-

423 3542 680 3614 ριχθῆναι
709 3541 865 3613 ὑμᾶς’
916 3548 1070 3593 τοῦτο
1114 3537 1175 3593 δέ
1223 3540 1359 3606 ἔστι,
1411 3543 1922 3619 συμπαρακ).ηθῆναι
1975 3545 2026 3598 ἕν

425 3631 546 3703 ὑμῖν
603 3626 698 3683 διὰ
753 3638 848 3692 τῆς
908 3629 957 3682 ἄν
1021 3629 1264 3693 ἀλλήλοις
1318 3634 1544 3694 πίστεως
1610 3634 1753 3706 ὑμῶν
1819 3653 1872 3687 τε
1937 3641 2026 3688 καὶ

424 3717 569 3792 ἐμοῦ·
625 3719 940 3794 λογιζόμεθα
996 3718 1276 3793 ἀναγκαῖον
1322 3717 1453 3773 εἶναι
1507 3719 1844 3776 ἀνατίθεσθαι
1887 3727 2026 3798 ἡμᾶς

419 3810 536 3880 (30)
577 3815 686 3871 τοῖς
717 3809 1074 3882 -ὁμοψύχοις,
1136 3813 1227 3862 καὶ
1278 3805 1547 3873 ἀπόδειξιν
1607 3807 1872 3865 δεδωκόσι
1935 3819 2025 3867 πί-

424 3904 585 3961 στεώς
649 3918 705 3953 τε
767 3904 857 3952 καὶ
925 3905 1212 3967 συνέσεως,
1275 3902 1358 3953 ἵνα
1418 3902 1449 3961 ἣ
1517 3905 1576 3954 τὸ
1641 3903 2024 3978 πεπλανημένον

421 3984 726 4065 διορθωθῇ,
781 3989 811 4050 ἦ
862 3993 922 4042 τὸ
969 3988 1323 4065 ἠκριϐωμένον
1373 3989 1638 4065 βεϐαιωθῇ
1669 4037 1682 4062 ,
1741 3999 1831 4047 καὶ
1873 3996 2023 4068 ἡμεῖς

418 4080 657 4153 φύγωμεν
687 4082 744 4148 τό
783 4083 1152 4155 προειρημένον
1202 4087 1388 4154 κρῖμα,
1445 4084 1503 4134 τὸ
1560 4085 1698 4136 κατὰ
1742 4093 1842 4136 τῶν
1898 4085 2022 4140 ἰαυ-

415 4187 521 4230 τοις
544 4187 788 4225 συνετων.

949 4263 1266 4313 ΕΡΩἹἮΣῙΣ
1323 4259 1485 4315 ΣΚΙΥ.

415 4349 474 4402 Εἰ
513 4347 596 4401 ἐπὶ
642 4353 796 4401 παντὶ
841 4350 1117 4424 πράγματι
1158 4348 1502 4426 πληροφορεῖν
1540 4355 1650 4426 χρὴ
1704 4355 1763 4404 τὸ
1825 4352 2022 4426 θέλημα

483 4449 584 4493 τῶν
641 4437 1150 4512 σκανδαλιζομίνων,
1201 4440 1232 4499 ἦ
1291 4441 1406 4494 ἔστι
1465 4445 1600 4510 τινὰ,
1651 4442 1728 4516 ἐφ’
1782 4443 1851 4495 ὢν
1907 4444 2018 4516 (31)

2136 3275 2358 3332 borum
2384 3274 2674 3347 Apostoli.
2715 3275 3000 3330 Desidere
3030 3274 3185 3330 enim
3207 3273 3411 3330 videre
3439 3289 3562 3344 vos,
3589 3279 3655 3330 ut
3677 3275 3796 3331 ali-

2136 3366 2288 3438 quid
2316 3365 2634 3435 impertiar
2662 3363 2824 3420 vobis
2853 3363 3072 3434 gratiae
3100 3363 3440 3433 spirit-uatis
3477 3363 3560 3419 ad
3582 3365 3798 3434 conﬁr-

2136 3455 2389 3512 mandos
2419 3469 2541 3520 vos,
2571 3454 2636 3510 id
2661 3459 2767 3523 est,
2799 3454 2980 3509 simul
3022 3454 3325 3509 consolari
3364 3454 3429 3509 in
3462 3453 3646 3522 vobis,
3681 3468 3798 3524 per

2137 3559 2266 3601 eam
2289 3560 2421 3617 quae
2441 3545 2692 3600 invicem
2710 3549 2814 3606 est,
2835 3544 3014 3612 ﬁdem
3031 3549 3290 3600 vestram
3313 3549 3497 3616 atque
3512 3559 3702 3600 meam
3722 3545 3791 3616 ",

2137 3633 2590 3690 communicare
2627 3648 2739 3688 nos
2781 3648 2877 3687 res
2920 3636 3163 3688 nostras
3200 3649 3339 3688 cum
3375 3632 3447 3688 iis
3484 3632 3590 3705 qui
3618 3632 3795 3688 nobis

2136 3722 2612 3795 conjunctissimi
2635 3726 2793 3789 sunt,
2811 3721 3038 3794 quique
3059 3725 3188 3778 tum
3203 3721 3345 3778 ﬁdei
3373 3726 3503 3778 tum
3524 3722 3795 3794 pruden-

2135 3813 2230 3870 tia:
2262 3812 2572 3887 specimen
2599 3811 2916 3883 dederunt,
2951 3825 3201 3868 necesse
3230 3827 3365 3868 esse
3395 3812 3791 3870 arbitramur:

2134 3906 2200 3960 ut
2227 3907 2328 3959 aut
2371 3902 2539 3975 quod
2568 3915 2889 3958 erroneum
2929 3905 3035 3973 est,
3081 3901 3441 3971 corrigatur,
3480 3906 3585 3958 aut
3625 3903 3796 3975 quod

2131 3996 2290 4049 recte
2314 3991 2541 4048 factum
2559 3995 2668 4057 est,
2688 3990 3047 4060 stabiliatur,
3071 3991 3279 4063 sicque
3299 3990 3662 4062 eﬂ’ugiamus
3678 4007 3793 4049 nos

2132 4087 2540 4140 memoratum
2568 4081 2694 4154 jam
2726 4080 3049 4152 judicium,
3099 4081 3271 4156 quod
3317 4081 3646 4140 adversum
3685 4097 3792 4141 eos

2129 4171 2236 4246 qui
2266 4171 2325 4228 in
2353 4169 2568 4243 seipsis
2599 4170 2927 4246 prudentes
2955 4175 3118 4235 sunt,
3149 4170 3452 4242 prolatum
3483 4176 3590 4228 est.

2417 4259 2593 4334 ‘92
2638 4261 3152 4317 INTERROGATIO
3183 4262 3500 4318 CCXXVII].

2136 4352 2349 4409 Utrum
2371 4353 2652 4407 voluntas
2673 4365 2874 4407 eorum
2897 4352 3004 4422 qui
3025 4351 3610 4420 scandalizantur,in
3626 4353 3792 4409 omni

2199 4456 2267 4498 re
2294 4455 2542 4511 prorsus
2565 4442 2854 4511 facienda
2876 4442 2954 4497 sit
2963 4485 2975 4511 ,
3006 4457 3086 4497 an
3109 4444 3315 4510 potius
3343 4442 3462 4498 sint
3487 4443 3783 4514 quaedam,

485 4530 545 4583 οὐ
624 4526 710 4584 δεῖ
768 4531 1215 4606 προσποιεῖσθαι,
1280 4531 1376 4582 κᾶν
1434 4550 1569 4595 τινες
1631 4528 2020 4595 σκανδαλίζων-

2196 4531 2262 4587 ίη
2290 4530 2505 4603 quibus
2534 4531 2922 4588 simulatione
2956 4530 3249 4587 utendum
3277 4545 3400 4586 non
3424 4532 3522 4600 sit,
3554 4532 3790 4589 etiamsi

482 4637 591 4674 ται.

1025 4713 1398 4764 ΑΠΟΚΡῙΣΙΣ.

483 4806 624 4878 Σαφῆ
674 4803 764 4858 τὴν
813 4796 862 4852 ἓν
908 4801 1115 4864 τούτοις
1162 4795 1420 4874 διαφορὰν
1483 4799 1531 4853 ἰν
1580 4810 1652 4874 τῷ
1695 4799 1821 4875 ἰδίῳ
1872 4809 2016 4878 τόπῳ

412 4887 814 4964 ἕπερωτηθέντες
843 4884 1200 4962 ἐδηλώσαμεν,
1232 4893 1322 4942 καὶ
1360 4893 1455 4949 τὴν
1489 4896 1606 4967 περὶ
1637 4895 1824 4946 τούτου
1859 4893 2012 4970 ἀκρί-

319 4985 322 4987 λ
412 4979 572 5048 ϐειαν,
606 4981 671 5042 ὡς
697 4975 920 5033 δυνατὸν
951 4979 1096 5054 ἡμῖν,
1127 4975 1598 5059 παραδεδώκαμεν.

483 5131 531 5169 ⁸⁸
573 5133 752 5189 lCor.
781 5145 862 5202 iv,
898 5134 981 5187 12.
1078 5131 1123 5167 ⁸⁷
1164 5134 1336 5190 Rom.
1366 5148 1470 5206 xu,
1501 5135 1591 5196 2!.

409 5223 454 5257 ἰ
497 5225 610 5280 lsa.
639 5237 695 5292 ν,
721 5225 780 5277 2t
803 5264 816 5278 .
899 5220 949 5256 “
989 5221 1160 5280 Rom.
1192 5238 1230 5290 ι,
1263 5225 1464 5288 11,12.

477 5347 592 5420 (g7)
634 5343 858 5402 Vocula
879 5343 1234 5420 npéginepte
1252 5345 1513 5420 inpeditis
1541 5349 1770 5407 omissa
1791 5349 2004 5409 fuerat:

411 5416 519 5474 sed
544 5433 681 5474 eam
723 5433 796 5474 ex
835 5416 1368 5476 veteribus—multis
1413 5419 1580 5477 libris
1609 5422 2004 5480 restituimus.

503 5493 596 5562 28)
636 5489 790 5576 Editj
831 5493 894 5576 et
931 5492 1072 5575 Reg.
1116 5489 1423 5576 secundus
1464 5491 1870 5576 iv¥1t1ﬂpopopiqt
1915 5503 2008 5548 τοῦ

1687 5136 1735 5174 ⁸³
1774 5138 1890 5196 Isa.
1929 5153 2023 5206 XL,
2057 5139 2106 5207 1,
2134 5135 2303 5212 apud
2333 5137 2480 5194 LXX.

2197 4621 2559 4678 scandalum
2583 4623 2912 4691 patiantur
2941 4621 3246 4677 nonnulli.

2740 4712 3152 4768 RESPONSIO.

2196 4801 2573 4858 Manifestum
2603 4799 2920 4874 quoddam
2949 4798 3012 4856 in
3041 4799 3136 4858 his
3162 4798 3489 4856 discrimen
3519 4799 3782 4858 ostendi-

2123 4907 2282 4959 mus,
2314 4908 2454 4948 cum
2481 4890 2830 4961 interrogati
2862 4905 3072 4945 sumus
3102 4905 3212 4945 suo
3240 4889 3396 4954 loco,
3427 4893 3485 4947 et
3508 4889 3782 4950 maxima

2121 5000 2246 5062 qua
2274 4981 2585 5058 potuimus
2613 4997 2781 5053 cura,
2814 4996 2887 5040 ea
2913 4980 2988 5037 de
3013 4996 3076 5036 re
3106 4979 3523 5038 disseruimus.

2571 5135 2618 5172 ⁸⁹
2659 5136 2830 5192 Rom.
2863 5149 2905 5202 ι,
2930 5135 3019 5205 tt,
3057 5137 3139 5191 t2.
3239 5134 3290 5170 ὀ
3329 5137 3374 5191 ll
3407 5137 3543 5192 Cor.
3578 5139 3764 5205 “1,6.

2187 5355 2300 5422 (29)
2343 5351 2545 5410 Codex
2575 5351 2742 5410 Colb.
2775 5359 2836 5424 τῆ
2849 5371 2870 5414 ς
2899 5357 2990 5404 τοῦ
3022 5354 3244 5424 Κυρίου.

2187 5426 2301 5506 (ξφ)
2345 5429 2496 5506 ﬂag.
2515 5423 2747 5506 primus
2776 5422 3113 5506 ἀνατίθεσθαι
3141 5425 3290 5496 ἡμᾶς.

2190 5491 2304 5566 (31)
2339 5491 2758 5569 Εάἶιῖἁφίῶν,
2811 5501 2881 5552 At
2923 5491 3184 5568 quatuor
3230 5511 3372 5551 mss.
3415 5495 3494 5567 ἐφ’
3532 5493 3619 5569 ὧν.
3653 5495 3772 5569 Nec

421 5559 434 5576 ν
480 5491 596 5614 S28)
636 5491 786 5546 Editi
831 5493 894 5578 et
931 5492 1072 5575 Reg.
1116 5491 1423 5583 secundus
1464 5491 1870 5582 iit-1t1npoqiopiq‘t
1915 5503 2008 5548 τοῦ

412 5579 474 5646 ap
507 5579 718 5648 cato-aro;
754 5566 861 5648 Θεῳ
898 5579 1185 5648 γενόμενον,
1225 5581 1572 5648 παρ-εαυτῳ.
1606 5568 1751 5648 Ιῖεξεζ
1776 5582 2010 5648 primus

2190 5491 2304 5566 (31)
2349 5491 2631 5569 Εάἶιί“ἁφ’
2671 5495 2758 5550 ὧν,
2811 5501 2881 5552 At
2923 5491 3184 5568 quatuor
3230 5511 3372 5551 mss.
3415 5495 3494 5567 ἐφ’
3532 5493 3619 5548 ὧν.
3653 5495 3770 5549 Nec

2150 5571 2198 5622 ta
2229 5567 2419 5648 multo
2449 5574 2585 5642 post
2615 5566 2736 5622 duo
2767 5583 2909 5623 mss.
2941 5582 3080 5623 cum
3113 5569 3282 5622 Voss.
3325 5570 3414 5618 καὶ
3439 5571 3532 5626 τὴν
3563 5563 3613 5617 ἓν
3644 5567 3770 5617 τού-

411 5631 461 5712 ᾖ
515 5631 946 5712 πληροᾼτορίᾴ
987 5631 1234 5712 ἀρέσκον-
1262 5631 1377 5708 Θεῷ
1425 5631 1798 5712 γινόμενον’ίν’
1819 5637 2005 5711 ἑαυτῷ.

409 5705 558 5776 Reg.
583 5704 788 5763 tertius
817 5704 884 5763 ut
905 5704 970 5764 in
997 5704 1300 5764 contextu.

2116 5657 2225 5703 τοις
2256 5637 2377 5716 ἆκρ.
