4114 6376
418 336 555 393 1239

1782 327 1839 383 S.
1884 325 2131 383 BASlLll
2175 327 2393 385 ﬂAGNl

3654 335 3790 387 1240

408 457 764 534 promissas,
795 454 1130 528 laudesque
1155 455 1235 513 ab
1264 454 1479 511 eodem
1524 452 1801 518 tributus,
1851 449 1958 507 ubi
2005 449 2068 506 in

2201 458 2269 503 ὀῦ
2300 450 2414 521 (48)
2449 458 2642 526 Κυρίου
2668 459 3020 528 μακαρισμοίς
3049 457 3140 505 καὶ
3164 454 3413 519 ἐπαίνοις,
3463 455 3548 506 ἵνα
3606 453 3654 509 έν
3714 456 3792 509 ivi

408 562 535 605 uno
558 545 855 605 duntaxat
874 543 1042 600 visus
1065 547 1157 599 est
1178 558 1301 599 non
1326 541 1595 609 obedire,
1620 545 1801 613 atque
1822 538 1940 595 hoc
1959 552 2069 595 ne-

2201 542 2317 611 ιόνιρ
2344 536 2473 613 δόξῃ
2502 544 2838 617 παρακούειν,
2871 546 2962 595 καὶ
2992 548 3144 595 τοῦτο
3172 544 3291 596 οὔτε
3333 539 3431 597 διὰ
3456 545 3626 613 ὄκνον,
3668 547 3788 598 οὔτε

407 651 529 711 que
548 635 630 693 ob
661 632 998 706 segnitiem,
1021 647 1222 705 neque
1242 630 1324 688 ob
1344 634 1783 702 contemptum,
1809 626 1917 685 sed
1936 642 2072 700 pro-

2201 624 2277 681 ΐιὰ
2302 634 2704 705 καταφρόνησιν,
2749 629 2879 684 ἀλλὰ
2925 627 2959 683 δ
2966 630 2998 684 ι’
3037 630 3303 685 εὐλάϐειαν
3332 636 3424 685 καὶ
3476 638 3636 706 τιμὴν
3695 639 3790 693 τὴν

407 728 541 799 pter
563 720 964 782 reverentiam
986 725 1044 778 et
1062 720 1362 781 honorem
1385 718 1644 789 Domini,
1676 716 1756 775 ob
1787 716 1849 775 id
1870 715 2072 775 solum

2201 722 2298 791 ιερὶ
2325 721 2414 773 τὸν
2447 721 2657 796 Κύριον,
2688 718 2773 774 ἐπὶ
2795 722 2965 793 τούτῳ
2991 725 3134 794 μόνῳ
3163 719 3339 775 ἀκούει
3367 742 3382 758 ο
3414 721 3531 777 Ἐὰν
3557 728 3632 797 μὴ
3648 722 3790 795 νίψω

410 813 608 877 audit:
638 814 710 873 Si
727 828 849 873 non
874 812 1079 871 lavero
1103 817 1306 877 te.non
1330 810 1510 868 habes
1524 814 1763 880 partem
1787 808 2072 866 mecum“.

807 937 1321 994 INTERROGATIO
1370 936 1680 993 CCXXXIV.

549 1028 851 1098 Quomodo
871 1029 1005 1101 quis
1034 1032 1287 1084 mortem
1316 1026 1559 1083 Domini
1576 1024 1934 1083 annuntiat.

1042 1152 1451 1210 RESPONSIO.

423 1245 586 1304 Sicut
615 1243 905 1301 Dominus
931 1242 1028 1299 his
1067 1242 1269 1299 verbis
1289 1241 1528 1299 docuit:
1563 1241 1633 1298 Si
1650 1241 1782 1313 quis
1811 1239 1973 1298 venit
2000 1239 2083 1295 ad

424 1344 535 1406 me,
567 1334 819 1405 abneget
844 1333 1245 1405 semetipsum,
1281 1337 1337 1393 et
1371 1332 1550 1390 tollat
1587 1346 1821 1389 crucem
1848 1330 2079 1388 suam".

424 1423 580 1490 Quin
631 1427 688 1479 et
732 1420 1059 1495 Apostolus
1093 1421 1363 1494 idipsum
1393 1420 1745 1488 declaravit,
1788 1436 1929 1476 cum
1967 1419 2083 1475 hoc

422 1512 733 1571 confessus
760 1516 876 1569 est:
918 1511 1077 1568 Mihi
1108 1511 1375 1568 mundus
1415 1511 1743 1580 cruci/Erus
1773 1515 1876 1578 est,
1901 1514 1956 1566 et
1977 1523 2083 1580 ego

421 1602 646 1661 mundo
662 1602 707 1658 ⁸.
740 1601 917 1668 Quod
937 1600 1190 1675 quidem
1211 1602 1339 1674 jam
1361 1604 1502 1659 ante
1543 1599 1988 1675 spopondimus
2022 1599 2083 1654 in

417 1693 553 1767 ipso
566 1691 906 1766 baptismo:
956 1690 1315 1764 Quicunque
1340 1692 1521 1762 enim,
1545 1689 1759 1765 inquit,
1789 1689 2086 1761 baptizati

2182 824 2263 879 σε,
2289 806 2386 865 οὐκ
2414 811 2559 881 ἕχεις
2585 812 2742 886 μέρος
2765 810 2876 884 μετ’
2906 809 3053 884 ἐμοῦ.

2722 940 3038 990 ΕΡΩΤΗΣΙΣ
3084 935 3222 991 ΣΛΔ’
3236 978 3249 992 .

2260 1028 2373 1085 Πῶς
2395 1024 2729 1096 τόνεθάνατὸν
2758 1044 2839 1089 τις
2867 1032 2959 1078 τοῦ
2992 1030 3186 1102 Κυρίου
3215 1023 3547 1099 καταγγέλλει
3577 1027 3719 1099 (49).

2798 1155 3149 1205 ΑΠΟΚΡΙΣῙΣ
3164 1194 3177 1208 .

2258 1236 2349 1301 Ὠς
2372 1240 2397 1291 ὁ
2430 1242 2623 1316 Κύριος
2653 1235 2894 1307 ἐδίδαξεν
2927 1241 3078 1295 εἰπών
3104 1263 3116 1275 ·
3178 1244 3239 1296 Εἴ
3291 1261 3369 1307 τις
3425 1243 3633 1318 ἔρχεται
3659 1246 3789 1317 πρὸς

2189 1331 2273 1403 με,
2299 1328 2693 1406 ἀπαρνησάσθω
2714 1328 2914 1400 ἑαυτὸν,
2939 1335 3028 1385 καὶ
3053 1330 3230 1406 ἀράτω
3254 1334 3341 1387 τὸν
3358 1336 3583 1407 σταυρὸν
3603 1334 3787 1389 αὑτοῦ.

2194 1424 2294 1473 Καὶ
2320 1421 2345 1472 ὁ
2377 1418 2689 1483 Ἀπόστολος
2717 1424 3043 1496 παρέστησεν
3065 1420 3393 1497 ὁμολογήσας
3420 1425 3498 1485 τὸ,
3540 1421 3690 1494 Ἐμοὶ
3710 1426 3796 1474 κό-

2194 1528 2321 1583 σμος
2350 1509 2701 1586 ἐσταύρωται,
2731 1508 2877 1583 κὰγὼ
2908 1519 2981 1582 τῷ
3027 1513 3227 1584 κόσμῳ.
3281 1510 3445 1585 Ὀπερ
3472 1509 3519 1562 έν
3550 1510 3693 1583 αὐτῷ
3722 1519 3795 1582 τῷ

2193 1584 2532 1674 βαπτίσματι
2559 1598 2897 1674 προλαϐόντες
2928 1602 3243 1675 συνεθέμεθα
3270 1622 3282 1635 '
3346 1584 3504 1654 Ὀσοι
3532 1602 3656 1677 γὰρ,
3692 1584 3795 1676 οη-

2194 1693 2297 1756 σὶν,
2330 1688 2716 1764 ἔδαπτίσθημεν
2743 1689 2815 1752 εἰς
2843 1694 3071 1764 Χριστὸν
3096 1689 3325 1759 Ἰησοῦν,
3359 1690 3429 1753 εἰς
3459 1694 3546 1743 τὸν
3580 1691 3795 1745 θάνατον

418 1792 624 1840 sumus
638 1783 705 1839 in
724 1782 970 1839 Christo
989 1782 1226 1853 Jesu,in
1246 1786 1440 1839 morte
1454 1781 1643 1852 ipsius
1665 1779 1969 1869 baptizati
1983 1794 2080 1869 su-

2201 1779 2354 1833 ιῦτοῦ
2384 1777 2766 1853 ἐϐαπτίσθημεν
2791 1801 2804 1813 ·
2865 1781 2938 1842 οἷς
2965 1778 3211 1856 έπιφέρει,
3244 1780 3535 1854 ἑρμηνεύων
3585 1784 3638 1832 τί
3683 1777 3791 1832 ἔστι

417 1873 615 1933 mus”:
648 1869 877 1945 quibus
896 1871 1028 1927 haec
1044 1869 1797 1944 subjungit,interpretans
1829 1868 1978 1943 quid
2007 1868 2087 1925 sit

419 1962 483 2020 in
494 1966 690 2019 morte
702 1960 939 2018 Domini
951 1961 1247 2034 baptizari
1263 1978 1277 2017 :
1307 1962 1484 2019 Vetus
1497 1960 1671 2018 homo
1682 1967 1887 2017 noster
1901 1960 2085 2017 simul

423 2050 756 2120 cruciﬁxus
777 2055 885 2119 est,
907 2055 973 2105 ut
992 2050 1346 2107 destruatur
1372 2065 1589 2119 corpus
1617 2050 1872 2120 peccati,
1892 2055 1959 2105 ut
1979 2064 2086 2115 nos

426 2140 599 2196 ultra
620 2150 742 2195 non
759 2140 1093 2196 serviamus
1105 2145 1353 2210 peccato
1366 2140 1438 2196 ¹⁶ε
1460 2138 1606 2212 quin
1628 2139 1832 2212 potius
1845 2135 2089 2194 utomni

426 2229 565 2285 vita
587 2227 792 2285 studio
809 2227 1307 2302 puri,etﬁciamur
1330 2228 1499 2299 digni
1537 2228 1881 2285 testimonio
1927 2232 2085 2300 Apo-

429 2318 700 2392 stoli,qui
718 2318 903 2375 dixit:
932 2319 1166 2376 Mortui
1188 2320 1345 2377 enim
1372 2320 1531 2388 estis,
1550 2323 1607 2376 et
1632 2320 1757 2376 vita
1780 2324 1982 2375 vestra
2004 2321 2086 2373 est

427 2408 783 2468 abscondita
803 2424 938 2467 cum
959 2410 1199 2467 Christo
1214 2411 1281 2467 in
1310 2411 1490 2468 Deo“
1518 2426 1532 2466 :
1581 2410 1736 2466 adeo
1784 2415 1849 2466 ut
1873 2408 2090 2466 conﬁsi

424 2500 612 2558 libere
632 2499 831 2556 dicere
851 2499 1163 2574 possimus
1185 2519 1199 2557 :
1248 2502 1415 2559 Venit
1432 2502 1717 2572 princeps
1736 2500 1953 2557 mundi
1980 2499 2089 2556 hu-

415 2591 544 2663 jus,
568 2591 624 2647 et
643 2592 707 2645 in
729 2603 824 2647 me
850 2603 974 2646 non
1005 2590 1185 2647 habet
1210 2590 1543 2665 quidquam
1563 2592 1630 2645 ι’.

831 2716 1348 2774 INTERROGATIO
1386 2714 1672 2774 CCXXXV.

543 2805 642 2863 An
665 2804 948 2875 expediat
970 2804 1169 2863 multa
1196 2820 1274 2865 ex
1301 2805 1638 2876 Scripturis
1664 2804 1952 2875 ediscere.

1051 2932 1461 2988 RESPONSIO.

499 3022 630 3078 Duo
660 3035 801 3077 cum
831 3018 952 3076 sint
979 3019 1177 3091 magis
1204 3018 1517 3092 generales
1567 3019 1831 3092 ordines,
1882 3024 1943 3077 et
1986 3035 2084 3077 eo-

2191 1874 2251 1925 τὸ
2277 1869 2347 1932 εἰς
2375 1873 2461 1922 τὸν
2503 1872 2718 1923 θάνατον
2739 1876 2830 1923 τοῦ
2864 1876 3059 1946 Κυρίου
3091 1869 3475 1943 βαπτισθῆναι,
3509 1871 3591 1923 ὅτι
3617 1868 3675 1922 Ὀ
3700 1889 3795 1922 πα-

2191 1959 2336 2023 λαιός
2362 1961 2508 2033 ἡμῶν
2529 1960 2795 2036 ἄνθρωπος
2829 1960 3252 2036 συνεσταυρώθη,
3287 1960 3370 2011 ἵνα
3397 1960 3705 2034 καταργηθῇ
3737 1960 3796 2011 τὸ

2197 2056 2350 2122 σῶμα
2382 2056 2472 2110 τῆς
2501 2048 2781 2123 ἁμαρτίας,
2850 2055 2943 2101 τοῦ
2992 2054 3180 2122 μηκέτι
3231 2045 3491 2101 δουλεύειν
3549 2050 3687 2122 ἡμᾶς
3730 2054 3793 2122 τῇ

2196 2138 2429 2218 ἁμαρτία
2451 2160 2463 2173 ·
2494 2142 2672 2202 πάσης
2704 2137 2763 2194 δε
2792 2149 2885 2203 τῆς
2915 2144 3046 2217 πρὸς
3070 2144 3128 2193 τὸ
3152 2141 3246 2215 ζῇν
3267 2139 3798 2216 προσπαθείαςκαθα-

2194 2233 2451 2306 ρεύοντας,
2488 2227 2661 2293 ἀξίους
2698 2231 2937 2303 γενέσθαι
2969 2237 3064 2291 τῆς
3093 2235 3387 2305 μαρτυρίας
3416 2236 3507 2285 τοῦ
3540 2228 3798 2285 Ἀποστὸ-

2194 2318 2308 2386 λου,
2340 2317 2567 2381 εἰπόντος
2590 2339 2604 2353 ο
2640 2319 2940 2372 Ἀπεθάνετε
2963 2322 3084 2397 γὰρ,
3108 2325 3198 2371 καὶ
3224 2322 3253 2378 ἡ
3282 2321 3389 2381 ζωὴ
3413 2320 3556 2394 ὑμῶν
3585 2322 3697 2389 (50)
3720 2323 3803 2378 xi;

2195 2426 2426 2483 κρυπται
2457 2412 2550 2462 σὺν
2580 2417 2652 2482 τῷ
2682 2415 2898 2485 Χριστῷ
2930 2407 2978 2461 έν
3009 2417 3081 2480 τῷ
3114 2416 3228 2482 Θεῷ
3251 2430 3264 2443 ·
3313 2412 3448 2463 ὥστε
3490 2408 3800 2486 θαρροῦντας

2196 2493 2335 2571 ἡμᾶς
2362 2497 2523 2571 λέγειν
2548 2500 2679 2572 μετὰ
2703 2496 3000 2574 παρῥησίας
3022 2518 3035 2532 ·
3093 2496 3347 2573 Ἔρχεται
3402 2499 3428 2551 ὁ
3461 2504 3553 2551 τοῦ
3598 2503 3799 2574 κόσμου

2195 2588 2383 2641 τούτου
2413 2588 2721 2664 ἄρχωνριαι
2748 2586 2799 2640 ἓν
2828 2586 2943 2661 έμοὶ
2971 2587 3065 2640 οὐκ
3091 2590 3204 2662 ἔχει
3234 2584 3408 2644 οὐδέν.

2737 2719 3054 2769 ararum:
3092 2712 3254 2771 ΣΛΕ.

2246 2802 2305 2861 Εἰ
2327 2805 2577 2879 συμφέρει
2602 2801 2765 2858 πολλὰ
2792 2801 3127 2876 ἐκμανθάνειν
3156 2802 3214 2857 ἐκ
3250 2812 3348 2857 τῶν
3378 2809 3591 2878 Γραφῶν
3612 2802 3747 2875 (51).

2804 2934 3184 2987 ΑΠΟΚΡῘΣΙΣ.

2268 3021 2366 3075 Δύο
2388 3021 2667 3093 ταγμάτων
2692 3020 3115 3097 καθολικωτέρων
3140 3024 3312 3093 ὄντων,
3346 3023 3437 3072 καὶ
3465 3024 3563 3071 τῶν
3591 3020 3683 3091 μὶν
3707 3021 3797 3077 τὴν

427 3125 567 3167 rum
621 3109 731 3183 qui
786 3108 919 3165 aliis
955 3108 1391 3182 praeﬁciuntur,
1444 3111 1506 3165 et
1548 3124 1765 3166 eorum
1822 3124 2085 3182 quorum

2201 3114 2527 3183 προστασίαν
2551 3115 2993 3185 πεπιστευμένων,
3020 3119 3120 3163 τῶν
3148 3107 3207 3163 δέ
3227 3110 3301 3173 εἰς
3353 3108 3641 3162 εὐπείθειαν
3701 3110 3794 3160 καὶ

426 3203 633 3273 partes
670 3204 810 3256 sunt
839 3214 1071 3256 morem
1108 3215 1315 3271 gerere
1344 3204 1401 3255 et
1420 3198 1690 3264 obedire,
1744 3199 2091 3256 secundum.

428 3289 672 3347 diversa
698 3288 1169 3361 donmarbitror,
1192 3288 1295 3346 cui
1308 3289 1668 3363 prefectura
1689 3294 1748 3346 et
1781 3305 1929 3348 cura
1956 3290 2088 3363 plu-

428 3377 589 3437 uium
646 3378 993 3436 concredita
1043 3383 1156 3447 est,
1214 3396 1355 3436 eum
1409 3395 1545 3453 quas
1608 3379 1891 3437 omnibus
1942 3396 2090 3437 con-

431 3467 834 3538 gruunt,scire
854 3482 924 3524 ac
944 3466 1213 3525 ediscere
1225 3467 1470 3539 debere,
1504 3474 1569 3525 ut
1597 3474 1850 3526 cunctos
1874 3468 2094 3527 doceat

430 3553 777 3612 voluntates
798 3555 1308 3630 Dei,singulisque
1333 3572 1407 3614 ea
1431 3573 1571 3631 quae
1593 3557 1672 3614 ad
1694 3558 1967 3631 ipsorum
1997 3559 2097 3617 of-

428 3643 635 3701 ﬁcium
666 3649 961 3719 spectant,
994 3645 1293 3703 ostendat.
1324 3650 1396 3704 At
1424 3662 1567 3703 vero
1598 3663 1813 3704 omnes
1845 3647 1946 3704 alii
1969 3664 2092 3704 me-

427 3748 629 3790 mores
656 3735 946 3808 Apostoli,
989 3735 1096 3809 qui
1125 3735 1270 3795 dixit
1291 3753 1306 3792 :
1335 3737 1475 3796 Non
1495 3738 1635 3808 plus
1656 3752 1885 3809 sapere,
1906 3754 2089 3811 quam

424 3829 660 3891 oportet
683 3839 915 3896 sapere,
947 3824 1054 3884 sed
1076 3840 1290 3896 sapere
1309 3826 1391 3883 ad
1419 3827 1822 3892 sobrietatem,
1850 3828 2091 3887 unicui-

426 3928 555 3985 que,
589 3914 746 3972 sicut
774 3917 932 3972 Deus
961 3914 1251 3987 divisit",
1282 3915 1553 3974 otﬂcium
1569 3933 1749 3974 suum
1771 3916 2089 3987 diligenter

425 4000 683 4073 discant,
718 4003 1178 4077 perﬁciantque,
1219 4004 1369 4063 nihil
1389 4004 1655 4079 amplius
1686 4011 1993 4077 curantes,
2025 4011 2092 4063 ut

427 4088 595 4161 digni
624 4091 889 4149 evadant
912 4109 1060 4149 voce
1092 4093 1460 4168 Domini,qui
1481 4094 1591 4152 ait:
1620 4096 2092 4167 Agedum,serve

432 4176 599 4245 bone,
631 4194 813 4251 super
845 4196 1040 4249 pauca
1081 4184 1262 4256 fuisti
1302 4183 1524 4256 ﬁdelis,
1582 4199 1765 4258 super
1790 4184 1987 4245 multa
2033 4190 2091 4245 te

432 4269 795 4328 constituam
813 4271 881 4328 ¹⁸.

2197 3200 2433 3258 ὑπακοὴν
2488 3194 2825 3274 τεταγμένων,
2871 3197 3215 3276 ἓνδιαγόροις
3261 3203 3591 3275 χαρίσμασι,
3656 3196 3800 3269 107t-

2203 3291 2379 3361 ζομαι,
2407 3290 2488 3342 ὅτι
2518 3290 2544 3340 ὀ
2572 3292 2664 3361 μεν
2704 3293 2798 3348 τὴν
2850 3294 3179 3366 προστασίαν
3232 3292 3317 3340 καὶ
3356 3285 3646 3361 ίπιμίλειαν
3697 3292 3799 3338 τῶν

2197 3376 2441 3431 πλειόνων
2480 3376 2935 3452 ὶγιιεχειρισμένος
2961 3381 3028 3432 τὰ
3054 3381 3260 3432 πάντων
3291 3377 3404 3449 (52)
3464 3372 3659 3429 εἰδέναι
3710 3377 3801 3426 καὶ

2199 3467 2533 3541 έκμανθάνειν
2562 3467 2769 3541 ὀφείλει,
2805 3470 2888 3521 ἵνα
2914 3473 3033 3531 τοὺς
3058 3471 3257 3530 πάντας
3303 3464 3543 3541 διδάσκῃ
3597 3468 3664 3519 τὰ
3717 3466 3801 3518 θε-

2198 3557 2410 3631 λήματα
2428 3566 2520 3611 τοῦ
2542 3563 2689 3626 Θεοῦ,
2720 3559 2923 3631 ἑκάστῳ
2958 3552 3272 3619 ὑποδεικνὺς
3306 3558 3372 3610 τὰ
3402 3556 3561 3610 αὐτοῦ
3592 3554 3803 3609 έπιϐάλ-

2198 3646 2353 3701 λοντα
2378 3669 2389 3682 ·
2423 3656 2522 3700 τῶν
2549 3644 2610 3701 δὲ
2633 3647 2799 3701 ἄλλων
2830 3648 3070 3717 ἕκαστος,
3120 3651 3443 3722 μεμνημένος
3492 3652 3584 3699 τοῦ
3649 3645 3806 3698 Ἀπο-

2202 3736 2387 3790 στό).ου
2419 3737 2670 3808 εἰπόντος,
2697 3742 2785 3798 Μὴ
2826 3739 3163 3813 ὑπερφρονεῦ
3204 3736 3328 3812 παρ’
3377 3736 3403 3788 ὃ
3451 3732 3535 3789 δεῖ
3580 3741 3802 3812 φρονεῖν,

2199 3825 2327 3880 ἀλλὰ
2357 3834 2555 3901 φρονεῖν
2586 3828 2657 3891 εἰς
2686 3831 2745 3882 τὸ
2773 3834 3072 3903 σωφρονεῖν,
3103 3826 3329 3900 ἑκάστῳ,
3383 3829 3454 3891 ὡς
3483 3827 3509 3881 ὁ
3542 3829 3668 3888 Θεὸς
3691 3822 3807 3897 έμέ-

2198 3936 2334 3991 ρισε,
2358 3919 2426 3969 τὰ
2450 3916 2616 3989 ἐαυτῷ
2646 3916 2986 3973 ἐπιϐάλλοντα
3012 3913 3318 3980 σπουδαίως
3367 3918 3668 3990 μανθανέτω
3717 3917 3807 3967 καὶ

2200 4010 2431 4075 ποιείτω,
2503 4004 2667 4067 μηδὲν
2718 4007 2868 4062 πλέον
2924 4007 3413 4087 περιεργαζόμενος,
3466 4007 3550 4059 ἵνα
3585 4009 3803 4078 γένηται

2200 4095 2342 4161 ἄξιος
2362 4104 2453 4159 τῆς
2491 4105 2656 4172 φωνῆς
2681 4104 2772 4151 τοῦ
2824 4102 3019 4175 Κυρίου
3082 4097 3346 4159 εἰπόντος·
3407 4103 3588 4173 Δεῦρο,
3638 4093 3805 4169 ἀγαθε

2202 4181 2355 4240 δοῦλε
2380 4206 2393 4220 ε
2454 4185 2538 4241 ἐπὶ
2591 4186 2741 4262 ὀλίγα
2801 4183 2860 4253 ἧς
2910 4190 3121 4265 πιστὸς,
3183 4185 3268 4242 ἐπὶ
3314 4185 3511 4243 πολλῶν
3558 4204 3616 4245 σε
3645 4203 3806 4245 καιτοι·-

2125 4278 2167 4334 D
2204 4280 2409 4335 στήσωο

507 4664 717 4719 ‘Joan.
765 4679 888 4729 xm,
945 4668 996 4720 8.
1074 4667 1092 4700 ⁷
1129 4665 1330 4722 Matth.
1388 4683 1505 4737 xw,
1564 4670 1653 4724 24.
1732 4667 1970 4725 'Galat.
2020 4684 2097 4735 v1,
2146 4671 2229 4726 14.
2308 4673 2330 4706 θ
2362 4672 2534 4727 Rom.
2574 4674 2655 4740 vi,
2701 4674 2755 4727 3.
2835 4670 2883 4706 ¹⁰
2905 4667 3055 4727 ibid.
3102 4671 3156 4725 6.
3237 4670 3282 4706 ιι
3326 4667 3562 4727 Coloss.
3613 4680 3700 4738 ut,
3752 4671 3812 4725 3.

435 4754 482 4788 ’³
510 4753 688 4810 Joan.
725 4770 850 4824 xxv,
883 4758 971 4811 30.
1055 4755 1099 4790 "
1128 4757 1298 4814 Rom.
1330 4773 1424 4821 xu,
1460 4748 1513 4813 3.
1594 4759 1639 4794 "
1669 4758 1868 4816 Matth.
1892 4774 2032 4831 xxv,
2070 4762 2161 4815 2i.

513 5148 629 5219 (48)
660 5148 806 5225 Editi
831 5152 1085 5225 τοιούτοις
1107 5152 1251 5225 παρὰ
1270 5158 1381 5204 τοῦ.
1406 5153 1478 5225 ᾼῒ
1506 5167 1649 5225 mss.
1683 5150 1807 5225 duo
1836 5153 2092 5225 τοιοῦτοις

440 5225 549 5282 τοῖς
572 5223 715 5296 παρὰ
750 5220 975 5296 τοῦ-,ΙΙῙᾶ
1003 5225 1157 5277 recte
1174 5219 1366 5296 facta,
1386 5219 1461 5278 de
1491 5222 1715 5296 quibus
1738 5222 1833 5296 hic
1872 5223 2094 5293 agitur,

440 5292 1233 5368 nongeneratimsumenda
1253 5299 1393 5368 sunt
1413 5292 1529 5367 pro
1544 5292 2091 5368 quibuslibet’recte

442 5361 749 5439 factis,sed
769 5364 1084 5439 speciatim
1112 5379 1223 5439 pro
1249 5361 1983 5439 iishquaajrracipiuntur
2020 5382 2091 5423 ac

435 5432 745 5513 jubentur.
796 5432 922 5492 Uno
944 5432 1579 5513 verb6,__i_ntelligenda
1622 5432 1763 5494 sunt
1780 5438 1917 5511 ipsa
1937 5454 2090 5513 pra:-

445 5509 635 5576 cepta,
667 5521 788 5561 non
818 5523 983 5563 mera
1006 5507 1277 5563 consilia.

518 5579 629 5647 (49)
682 5578 1195 5656 [adiungatur/Ilii,
1258 5579 1670 5637 annuntiabit.
1707 5584 1779 5639 At
1832 5586 2094 5656 quatuor

445 5661 592 5703 mss.
625 5648 980 5723 καταγγέλλεί.

2270 5151 2557 5226 (50)Βος.
2581 5150 2817 5226 primus
2842 5152 2902 5211 et
2927 5150 3097 5226 Qolb.
3131 5152 3162 5211 ἡ
3202 5150 3314 5226 ζωὴ
3339 5152 3515 5226 indu,
3554 5151 3680 5211 vita
3709 5167 3818 5226 no-

2270 5167 2383 5224 (δυ)
2416 5167 2564 5282 [tegi
2581 5167 2817 5226 primus
2842 5167 2902 5211 et
2927 5167 3097 5209 υοω.
3131 5170 3162 5211 η
3206 5167 3314 5213 cm:
3339 5167 3485 5225 ημων
3554 5167 3680 5211 vua
3709 5167 3818 5209 no-

2199 5225 2661 5351 ξῖιέἓέωὲξρίσξῖ.
2688 5222 2925 5298 primus
2948 5222 2996 5278 έν
3027 5221 3141 5298 έμοὶ
3168 5224 3377 5298 εὑρήσει
3405 5190 3581 5279 οὔδει).
3609 5222 3818 5283 Codex

2249 5312 2350 5353 oss
2364 5339 2377 5351 .
2418 5314 2503 5353 ευρ
2513 5315 2670 5350 ισκει.

2278 5315 2377 5352 νεε.
2418 5315 2670 5371 ευρισκει.

2278 5369 2391 5444 (51)
2422 5368 2575 5425 Editi
2598 5369 2860 5444 rapiere?”
2891 5372 3125 5444 Γραφῶν.
3167 5369 3312 5444 Reg.
3338 5365 3573 5444 primus
3610 5366 3666 5421 ἐκ
3712 5377 3817 5423 τῶν

2203 5437 2362 5514 ἁγίων
2389 5444 2625 5514 Γραφῶν,
2654 5437 2767 5514 Alii
2787 5437 3087 5514 tres'mss.
3111 5444 3177 5498 ut
3196 5437 3585 5514 in‘co'ntextu.

2272 5513 2382 5573 (52)
2414 5511 2555 5580 Reg.
2582 5511 2790 5567 tertius
2815 5515 2872 5567 et
2896 5511 3063 5568 Colb.
3092 5515 3161 5564 τὰ
3187 5512 3379 5577 πάντα,
3411 5512 3616 5570 omnia
3634 5513 3817 5574 scire.

2202 5581 2311 5638 Alii
2341 5581 2465 5639 duo
2493 5598 2641 5639 mss.
2675 5587 2733 5640 et
2752 5582 2900 5641 editi
2933 5587 2999 5641 τὰ
3026 5585 3252 5640 πάντων.
