4120 6388
177 367 314 419 1245

709 491 1022 540 eramus
1079 486 1240 540 ΣΜιν.
1806 480 1852 530 Α

170 580 236 629 Τί
295 574 539 648 βούλεται
587 574 890 646 λέγων.(64)
931 578 956 627 6
992 574 1306 648 Ἃπόστολος
1332 594 1344 606 ·
1384 595 1412 648 ί(
1444 570 1772 648 Ὀργίζεσθε,

250 640 338 699 καὶ
381 653 452 720 μὴ
509 640 922 719 ἁμαρτάνετε-’ό
963 647 1102 707 ἣλιος
1156 651 1225 726 μὴ
1283 640 1538 697 ἐπιδυέτω
1583 640 1668 692 ἐπὶ
1707 647 1778 709 τῷ

248 715 596 793 παροργισμῷ
622 715 768 790 ’ὑμῶν
795 739 807 750 ·
840 740 866 767 n
898 723 1131 789 καίτοιγε
1155 715 1388 787 ἀλλαχοῦ
1413 715 1564 793 sine»
1582 734 1594 746 ι
1621 734 1648 762 ι(
1676 717 1780 763 Πᾶ-

253 785 674 865 σα’πίκρία,’καὶ
697 792 880 862 θυμός,
913 795 1002 842 xui
1029 785 1155 863 ὀργὴ
1191 785 1402 862 ἀρθήτω
1430 785 1513 858 ἀφ’
1541 787 1711 858 ὑμῶν.
1752 805 1780 831 ››

795 974 1164 1021 ΑΠΟΚΡῙΣΙΣ.

253 1060 401 1112 Κατὰ
438 1062 659 1130 μίμησιν
715 1064 804 1109 τοῦ
857 1063 1053 1131 Κυρίου
1104 1056 1302 1129 νομίζω
1350 1057 1436 1106 τὸν
1470 1051 1783 1106 Ἀπόστολον

177 1147 400 1200 ενταῦθα
426 1149 888 1220 μετακεχειρίσθαι
913 1151 1005 1217 τὸν
1033 1146 1184 1218 λόγον
1210 1188 1221 1199 .
1248 1143 1447 1217 Ὠσπερ
1487 1144 1588 1214 γὰρ
1634 1139 1680 1192 ἐν
1711 1149 1782 1210 τῷ

176 1236 474 1307 Εὐαγγελίῳ
530 1236 555 1286 6
616 1237 803 1309 Κύριος
863 1241 1107 1311 πρότερον
1165 1234 1316 1286 εἰπὼν
1347 1253 1360 1266 ο
1413 1230 1625 1305 Ἐρρέθη
1671 1237 1781 1289 τοῖς

174 1323 423 1396 ἀρχαίοις
476 1321 620 1392 τόδε,
654 1319 763 1377 εἶτα
789 1324 966 1395 ἐπάγει
996 1345 1010 1358 ·
1043 1324 1174 1395 Ἐγὼ
1206 1320 1266 1375 δε
1302 1321 1433 1393 λέγω
1465 1322 1586 1393 ὑμῖν
1616 1317 1738 1372 τόδε
1763 1341 1775 1353 ·

168 1413 308 1464 οὕτω
336 1417 424 1465 καὶ
455 1412 677 1465 ἐνταῦθα
703 1415 728 1466 6
754 1413 1092 1479 ’Λπόστολος,
1139 1416 1382 1487 πρότερον
1417 1412 1780 1484 μνημονεύσας

167 1510 261 1554 τοῦ
314 1503 538 1570 παλαιοῦ
587 1508 672 1554 xui
723 1510 829 1564 τοῖς
860 1508 972 1556 τότε
999 1503 1242 1577 ῥηθέντος
1278 1501 1413 1572 (65),
1445 1497 1772 1573 Ὀργίζεσθε,

165 1597 260 1645 xui
282 1597 353 1664 μή
388 1592 726 1665 ἁμαρτάνετε,
760 1591 986 1667 ἐπιφέρει
1010 1591 1118 1664 μετ’
1151 1591 1304 1662 ὀλίγα
1341 1593 1398 1642 τὸ
1426 1589 1550 1662 παρ’
1589 1587 1776 1640 ἑαυτοῦ

169 1683 298 1755 ἡμῖν
349 1681 598 1756 ἁρμόζον,
636 1682 788 1735 εἰπών
822 1702 835 1715 ·
891 1688 1046 1734 Πᾶσα
1094 1685 1299 1756 πικρία,
1333 1684 1422 1731 καὶ
1474 1681 1651 1751 θυμός,
1685 1682 1776 1729 καὶ

171 1770 325 1844 ὀργὴ,
355 1791 444 1824 και
483 1775 714 1846 κραυγὴ,
749 1768 956 1846 ἀρθήτω
980 1769 1068 1844 ἀφ’
1093 1772 1258 1844 ὑμῶν.
1808 1832 1852 1886 Β

708 1974 1024 2022 ΕΡΩΤΗΣΙΣ
1077 1966 1237 2022 ΣΜΔ’.

457 2057 522 2112 Τί
542 2057 654 2112 ἐστι
677 2060 756 2124 τὸ,
790 2075 822 2111 ε
851 2061 973 2110 Δότε
1001 2061 1156 2110 τόπον
1188 2064 1250 2130 τῇ
1285 2055 1437 2130 ὀργῇ.
1463 2077 1491 2106 ››

778 2171 1152 2220 ΔΠΟΚΡΙΣΙΣ.

246 2253 400 2310 Ἤτοι
430 2258 490 2309 τό
520 2259 592 2329 μὴ
624 2252 934 2314 ἀντιστῆναι
970 2261 1044 2326 τῷ
1082 2261 1312 2326 πονηρῷ,
1358 2255 1528 2313 καθὼς
1554 2254 1780 2325 γίγραπ-

171 2363 280 2414 ται,
297 2344 423 2398 ἀλλὰ
446 2349 538 2398 καὶ
565 2353 639 2416 τῷ
661 2347 906 2398 τύπτοντι
925 2343 1008 2396 ἐπὶ
1036 2348 1130 2402 τὴν
1161 2340 1338 2406 δεξιὰν
1379 2346 1602 2414 σιαγόνα
1632 2345 1781 2414 στρέ-

170 2434 275 2506 ψαι
293 2440 385 2488 xui
412 2440 502 2494 τήν
530 2438 642 2505 (66)
669 2433 846 2496 ἄλλην,
878 2436 1050 2486 καὶτὰ
1079 2433 1162 2495 ἐξῆ
1176 2449 1214 2494 ς·
1248 2434 1279 2491 ἦ
1304 2431 1550 2499 τό,”Οταν
1577 2427 1779 2484 διώκω-

178 2542 262 2576 σιν
289 2525 430 2598 ὑμᾶς
457 2523 510 2576 ἰν
529 2531 591 2597 τῇ
625 2524 771 2577 πόλει
787 2526 975 2598 ταύτῃ,
1010 2526 1220 2597 φεύγετε
1249 2522 1318 2585 εἰς
1343 2526 1437 2581 τὴν
1463 2521 1643 2580 ἄλλην.

708 2724 1024 2774 ΕΡΩἸἯΣῘΣ
1067 2717 1233 2774 ΣΜΕ.

171 2813 265 2872 Τίς
293 2807 432 2863 ἔστιν
457 2808 483 2862 6
508 2813 752 2886 φρόνιμος
779 2812 848 2873 ὡς
891 2811 917 2862 6
957 2813 1067 2882 ὄφις
1101 2810 1233 2886 ((67),
1263 2812 1352 2862 καὶ
1384 2807 1619 2881 ἀκέραιος
1645 2810 1714 2870 ὡς
1742 2809 1774 2867 ἡ

818 2884 1129 2957 (περιστερά.

784 2994 1157 3044 ΑΠΟΚΡῘΣῙΣ.

240 3077 300 3132 Ὀ
364 3083 606 3154 φρόνιμος
658 3081 749 3155 μὶν
797 3082 864 3142 ὡς
917 3081 944 3132 6
1002 3083 1135 3153 ὄφις,
1191 3079 1217 3132 6
1258 3080 1389 3152 μετὰ
1428 3077 1781 3154 περισκέψεως

1297 355 1482 412 REGU
1493 356 1596 409 L18
1636 347 1934 407 BREVIUS
1971 353 2012 406 Τ
2016 351 2356 414 ΗΑΟΤΑΤΛσΣ
2369 401 2380 413 .

3413 364 3556 422 1246

2199 482 2372 556 497
2421 489 2934 545 INTERROGATIO
2976 490 3246 549 CCXLI”.

1894 571 2184 654 Quid-sibi
2209 576 2339 630 vult
2362 578 2706 654 Apostolus,
2753 594 2886 633 cum
2915 579 3040 654 ait:
3063 601 3091 628 «
3127 582 3472 654 lrascimini
3493 588 3547 637 et

1962 645 2149 725 nolite
2181 645 2484 725 peccare;
2513 652 2601 705 soi
2645 665 2767 705 non
2804 650 3038 725 occidat
3065 667 3260 725 super
3305 653 3550 725 iracun-

1965 714 2130 798 diam
2158 725 2419 798 vestram
2443 724 2490 798 ξε
2522 738 2534 775 :
2567 737 2760 798 »_cum
2792 725 2990 798 tamen
3016 714 3316 798 idemipse
3344 725 3468 798 alio
3484 724 3550 798 in

1969 785 2334 869 loco‘tiicat:
2370 813 2398 869 ε‹
2433 794 2647 869 Omnis
2675 793 3041 869 amaritudo,
3066 799 3121 848 et
3159 785 3255 850 ira
3294 799 3347 850 et
3389 794 3549 850 indi-

1967 861 2176 926 gnatio
2199 861 2459 918 tollatur
2482 878 2518 920 a
2549 863 2711 920 vobis
2735 865 2778 899 ⁵⁷
2795 906 2810 918 .

2502 973 2918 1030 RESPONSIO.

1967 1063 2235 1118 Arbitror
2264 1060 2617 1132 Apostolum
2666 1061 2898 1116 Domini
2925 1060 3204 1134 exemplo
3235 1060 3318 1118 ita
3341 1060 3438 1116 hic
3466 1060 3550 1116 lo—

1893 1157 2100 1209 cutum
2123 1149 2809 1212 esse.Quemadmodum
2827 1151 2988 1205 enim
3015 1151 3304 1206 Dominus
3327 1167 3465 1206 cum
3492 1148 3556 1204 in

1894 1240 2213 1310 Evangelio
2234 1243 2411 1295 antea
2433 1238 2678 1294 dixisset
2703 1255 2714 1294 :
2744 1240 2983 1294 Dictum
3007 1245 3091 1294 est
3110 1241 3382 1310 antiquis
3412 1239 3552 1305 hoc,

1890 1330 2107 1386 deinde
2134 1329 2477 1400 subjungit:
2508 1329 2635 1398 Ego
2666 1333 2863 1385 autem
2895 1328 3028 1383 dico
3062 1329 3224 1384 vobis
3245 1328 3361 1383 hoc
3376 1329 3444 1381 ²⁸ε
3471 1327 3554 1382 sic

1888 1419 2214 1490 Apostolus
2245 1419 2428 1474 etiam
2483 1418 2594 1474 hoc
2634 1417 2788 1488 loco,
2821 1418 3055 1489 antiqui
3084 1417 3242 1472 illius
3266 1416 3555 1488 praecepti

1886 1509 2188 1565 veteribus
2219 1509 2331 1564 illis
2361 1509 2506 1567 olim
2545 1508 2692 1567 dati.
2717 1509 3082 1576 Irascimini,
3115 1514 3171 1563 et
3201 1508 3392 1563 nolite
3423 1521 3552 1576 pec-

1887 1603 2105 1670 care”,
2141 1599 2299 1656 facta
2329 1599 2499 1672 prius
2533 1599 2856 1661 mentione,
2885 1597 3071 1670 paulo
3102 1602 3242 1669 post
3267 1596 3349 1668 id,
3385 1595 3554 1668 quod

1885 1687 2061 1744 nobis
2088 1688 2389 1760 convenit,
2423 1704 2459 1743 a
2490 1687 2690 1760 seipso
2721 1687 2896 1743 infert
2941 1687 3034 1742 his
3065 1685 3262 1742 verbis
3290 1705 3302 1741 :
3340 1685 3550 1740 Omnis

1886 1779 2253 1850 amaritudo,
2289 1784 2344 1835 et
2377 1780 2492 1848 ira,
2542 1783 2598 1835 et
2645 1779 3008 1849 indignatio,
3035 1783 3090 1833 et
3117 1777 3347 1833 clamor
3379 1775 3554 1831 ιοιια·

1891 1874 1992 1925 tur
2022 1885 2058 1925 a
2085 1870 2248 1926 vobis
2275 1871 2346 1923 ³ο.

2291 1975 2813 2031 INTERROGATIO
2866 1974 3141 2029 CCXLIV.

2163 2065 2317 2134 Quid
2342 2061 2560 2122 esthoc
2591 2079 2604 2118 :
2635 2085 2663 2112 ‹‹
2692 2065 2844 2120 Date
2873 2063 3068 2119 locum
3090 2063 3198 2118 irae
3219 2063 3288 2117 3'.

2513 2171 2926 2228 BESPONSIO.
3419 2231 3421 2234 ,

1963 2264 2088 2319 Hoc
2126 2266 2215 2318 est
2245 2267 2350 2318 aut
2379 2277 2503 2318 non
2562 2261 2838 2317 resistere
2891 2259 3076 2327 malo,
3127 2258 3212 2315 uti
3263 2258 3554 2332 scriptum

1889 2359 1997 2420 est,
2026 2352 2132 2409 sed
2160 2358 2217 2408 et
2245 2352 2600 2424 percutienti
2630 2353 2692 2406 in
2722 2351 3030 2406 dexteram
3088 2348 3400 2405 maxillam
3449 2348 3557 2404 ob-

1887 2447 2116 2499 vertere
2137 2442 2318 2497 etiam
2349 2441 2599 2497 alteram
2623 2443 2690 2505 ³³,
2715 2445 2849 2495 etc.:
2877 2445 2980 2494 aut
3030 2438 3177 2494 illud
3213 2453 3226 2494 :
3267 2439 3417 2494 Cum
3452 2452 3556 2493 au-

1889 2539 2002 2590 tem
2022 2533 2326 2602 persecuti
2352 2546 2451 2588 vos
2476 2532 2711 2601 fuerint
2740 2530 2803 2585 in
2834 2530 3074 2585 civitate
3100 2528 3236 2596 ista,
3259 2529 3464 2599 fugite
3491 2527 3555 2582 in

1889 2625 2082 2680 aliam
2111 2623 2181 2678 ³³.
2429 2627 2440 2633 ‘

2321 2727 2838 2786 INTERROGATIO
2883 2727 3125 2784 CCXLV.
3151 2751 3154 2753 λ

1892 2820 2034 2890 Quis
2086 2823 2162 2878 sit
2215 2820 2486 2892 prudens
2539 2824 2607 2874 ut
2660 2833 2921 2892 serpens,
2982 2823 3037 2873 et
3091 2817 3354 2888 simplex
3403 2815 3554 2872 sicut

2532 2890 2809 2947 columba
2827 2890 2898 2944 ⁸⁸.

2512 2997 2916 3054 RESPONSIO.

1961 3089 2230 3146 Prudens
2267 3085 2516 3161 quidem
2563 3091 2630 3142 ut
2685 3099 2936 3158 serpens
2975 3083 3025 3140 is
3057 3088 3164 3150 est,
3197 3084 3302 3157 qui
3331 3083 3392 3140 in
3454 3083 3558 3140 do-

174 3173 264 3221 xui
293 3176 650 3233 κατανοήσεως
696 3191 789 3224 του
829 3167 1056 3224 δυνατοῦ
1113 3175 1204 3223 καὶ
1246 3177 1338 3232 τῆς
1394 3166 1604 3232 εὐοδίας
1649 3171 1780 3242 πρὸς

1903 3179 2085 3238 ctrina
2131 3177 2431 3236 tradenda
2474 3176 2556 3232 ita
2595 3191 2658 3232 se
2701 3174 2870 3247 gerit,
2903 3178 2969 3230 ut
2997 3173 3270 3231 adhibita
3298 3173 3550 3229 circum-

173 3259 460 3313 εὐπείθειαν
516 3268 615 3313 τῶν
670 3259 960 3313 ἀκουόντων
1016 3265 1110 3319 τὴν
1165 3257 1518 3313 διδασκαλίαν
1577 3259 1779 3312 οἰκονο-

169 3355 281 3422 μῶν
327 3369 341 3383 ·
403 3348 638 3423 ἀκέραιος
688 3345 748 3401 δε
813 3350 883 3411 ὡς
944 3352 1244 3423 περιστερὰ,
1304 3350 1330 3401 6
1385 3355 1519 3422 μήτε
1571 3349 1644 3411 εἰς
1709 3351 1780 3401 ἔν-

166 3457 313 3491 νοιαν
375 3436 648 3510 λαμϐάνων
711 3444 801 3490 τοῦ
865 3436 1163 3510 ἀμύνασθαι
1210 3441 1295 3490 τὸν
1367 3436 1778 3505 ἐπιϐουλεύοντα,

170 3526 421 3600 ἔπιμίνων
480 3523 538 3579 δὲ
594 3534 656 3600 τῇ
713 3526 1003 3601 εὐεργεσίᾳ,
1059 3529 1196 3580 κατὰ
1245 3530 1301 3579 τὸ
1341 3527 1442 3579 ὐπὸ
1497 3533 1588 3579 τοῦ
1631 3527 1782 3580 Ἀπο-

173 3616 361 3671 στόλου
419 3620 890 3692 προστεταγμένον,
947 3617 1026 3669 ὅτι
1076 3615 1242 3689 Ὑμεῖς
1290 3613 1350 3670 δι
1386 3620 1459 3690 μὴ
1517 3615 1782 3669 ίκκακεῖτε

169 3707 586 3769 καλοποιοῦντες.
653 3707 770 3759 Ἐπὶ
827 3708 925 3783 γὰρ
993 3709 1053 3760 τό
1110 3710 1362 3780 κήρυγμα
1415 3707 1539 3766 τοὺς
1612 3706 1782 3778 μαθη-

171 3799 264 3858 τὰς
308 3796 633 3851 ἀποστέλλων
663 3797 689 3850 6
740 3798 950 3870 Κύριος,
1003 3803 1172 3849 ταῦτα
1227 3795 1406 3857 αὐτοῖς
1452 3793 1732 3848 ἐντέλλεται
1764 3815 1778 3829 ο

173 3890 302 3940 ὅπου
349 3891 442 3940 καὶ
485 3892 666 3960 σοφίας
716 3883 776 3946 ἧν
802 3890 957 3962 χρεία
986 3890 1118 3962 πρὸς
1163 3889 1223 3938 τὸ
1248 3893 1451 3954 πεῖσαι,
1481 3889 1572 3938 καὶ
1611 3883 1781 3948 ἀνεξι-

170 3980 358 4039 κακίας
412 3979 543 4053 πρός
608 3980 733 4039 τοὺς
790 3974 1220 4038 ἕπιϐουλεύοντας
1251 3996 1266 4010 ο
1325 3977 1426 4044 ἵνα,
1477 3977 1548 4037 ὡς
1603 3974 1708 4029 ἐκεῖ
1757 3972 1782 4026 6

173 4071 291 4140 ὄφις
364 4070 490 4139 ἔγνω
555 4070 646 4119 καὶ
721 4071 986 4141 προσώπῳ
1059 4065 1364 4140 προσελθεῖν
1418 4064 1781 4139 εὖαγωγοτέρῳ

174 4158 308 4230 (68),
369 4161 458 4210 καὶ
523 4158 755 4218 πιθανῶς
815 4156 977 4209 εἰπεῖν
1035 4156 1107 4216 εἰς
1153 4159 1212 4209 τό
1272 4154 1577 4216 ἀποστῆσαι
1625 4161 1780 4217 Θεοῦ,

171 4251 264 4299 xui
314 4247 682 4319 ὑπαγαγέσθαι
724 4251 787 4317 τῇ
844 4244 1079 4321 ἁμαρτίᾳ
1110 4265 1124 4278 ο
1175 4244 1312 4297 οὕτω
1359 4249 1449 4297 καὶ
1498 4246 1651 4317 ἡμεῖς
1693 4249 1783 4297 καὶ

169 4339 454 4413 πρόσωπον
492 4341 581 4389 xui
637 4338 826 4410 τρόπον
879 4339 968 4387 xui
1021 4337 1205 4407 καιρόν
1255 4335 1368 4405 (69)
1410 4332 1780 4407 ἔπελεγὼμεθα,

168 4425 263 4479 καί
291 4430 446 4479 παντὶ
492 4430 667 4500 τρόπῳ
697 4427 820 4486 τοὺς
869 4422 1054 4496 λόγους
1102 4423 1446 4496 οἰκονομῶμεν
1495 4424 1546 4475 ίν
1587 4429 1779 4498 κρίσει,

1892 3270 2220 3344 spectione,
2254 3265 2881 3338 considerationeque,
2931 3280 3056 3337 qua
3097 3262 3331 3320 ratione
3389 3262 3556 3335 quod

1892 3361 2068 3418 docet
2097 3365 2153 3417 et
2180 3358 2329 3425 ﬁeri,
2359 3360 2415 3413 et
2452 3355 2625 3412 facile
2655 3355 2788 3410 ﬁeri
2831 3354 3040 3427 possit,
3097 3353 3304 3410 omnia
3351 3352 3555 3420 faciat,

1893 3455 1959 3507 ut
1979 3448 2356 3506 audientium
2374 3446 2613 3502 animos
2634 3443 2714 3500 ad
2731 3443 3205 3500 auscultandum
3219 3441 3559 3514 habeatpa-

1891 3544 2077 3596 ratos.
2113 3537 2380 3610 Simplex
2409 3551 2552 3591 vero
2582 3540 2648 3591 ut
2678 3533 2988 3598 columba,
3044 3532 3152 3605 qui
3208 3548 3285 3588 ne
3332 3531 3558 3601 cogitat

1893 3628 2142 3702 quidem
2163 3626 2238 3682 de
2259 3623 2614 3681 insidiatore
2635 3621 3348 3694 ulciscendo,potiusque
3377 3619 3560 3676 bene-

1892 3717 2028 3775 ﬁcia
2076 3716 2138 3772 in
2185 3714 2356 3772 illum
2404 3711 2674 3770 conferre
2713 3711 2927 3784 pergit,
2957 3710 3132 3782 juxta
3179 3713 3556 3782 prteceptum

1893 3805 2162 3881 Apostoli
2185 3806 2325 3861 :Vos
2355 3809 2554 3860 autem
2576 3800 3024 3870 notitedeﬁcere
3047 3797 3554 3869 benefacientes”.

1895 3897 2186 3954 Dominus
2214 3894 2398 3964 enim,
2443 3893 2689 3948 mittens
2739 3889 3068 3963 discipulos
3099 3889 3179 3946 ad
3225 3887 3557 3962 praedican-

1893 3989 2065 4055 dum,
2095 3987 2225 4042 haec
2252 3983 2404 4057 ipsis
2433 3980 2804 4055 prescribit;
2835 3979 2942 4036 ubi
2972 3985 3029 4036 et
3055 3977 3352 4052 sapientia
3399 3991 3557 4049 opus

1893 4080 2022 4135 erat
2059 4075 2139 4133 ad
2167 4071 2690 4148 persuadendum,
2721 4073 2779 4126 et
2807 4067 3097 4143 patientia
3126 4081 3272 4138 erga
3295 4065 3560 4124 insidia-

1893 4167 2073 4222 tores:
2089 4167 2154 4218 ut
2171 4159 2701 4236 quemadmodum
2722 4158 2841 4215 illic
2858 4157 3026 4215 novit
3051 4172 3297 4230 serpens
3313 4160 3370 4213 et
3387 4155 3559 4213 vultu

1892 4253 2207 4312 blandiore
2233 4251 2540 4319 accedere,
2570 4255 2629 4307 et
2647 4249 2835 4307 modo
2856 4248 3134 4306 suasorio
3149 4247 3337 4321 loqui,
3373 4261 3497 4321 quo
3522 4263 3558 4303 a

1895 4347 2015 4402 Deo
2044 4342 2390 4409 abduceret,
2417 4345 2475 4397 et
2516 4339 2893 4412 manciparet
2935 4342 3185 4412 peccato
3207 4339 3254 4374 ⁸⁸
3283 4355 3297 4406 ;
3330 4337 3412 4393 ita
3443 4352 3556 4392 nos

1893 4448 2140 4508 quoque
2162 4437 2219 4488 et
2247 4431 2463 4488 faciem
2479 4435 2538 4486 et
2559 4445 2761 4487 mores
2790 4434 2847 4485 et
2871 4433 3114 4499 tempus
3137 4441 3550 4495 assumamus,

170 4520 303 4591 πρός
323 4517 381 4568 τό
409 4513 715 4574 ἀποστῆσαι
755 4522 852 4576 τῆς
881 4513 1154 4588 ἁμαρτίας,
1177 4517 1268 4566 xui
1297 4511 1638 4586 ἕπαναγαγεῖν
1658 4517 1781 4587 πρὸς

1903 4528 1952 4582 et
1974 4522 2261 4580 omnibus
2283 4521 2480 4578 modis
2510 4535 2819 4576 sermones
2841 4523 3085 4575 nostros
3109 4518 3170 4574 in
3190 4515 3422 4589 judicio
3441 4517 3559 4572 dis-

172 4611 297 4662 Θεόν
322 4628 336 4640 ο
357 4609 450 4666 τὴν
483 4602 544 4660 δέ
569 4624 631 4678 γε
654 4607 911 4679 ὑπομονὴν
933 4604 981 4657 ἐν
1011 4611 1118 4667 τοῖς
1155 4610 1470 4678 πειρασμοῖς
1510 4605 1781 4678 κατορθώ-

175 4715 348 4770 σωμεν
378 4696 447 4757 εἰς
474 4695 634 4763 τέλος,
661 4697 834 4758 καθὼς
865 4699 1176 4772 γέγραπται.

1893 4613 2370 4689 pensemus",ut
2389 4611 2773 4668 abducamus
2790 4625 2901 4666 nos
2930 4625 2967 4667 a
2996 4611 3330 4682 peccato,et
3347 4607 3430 4664 ad
3454 4609 3558 4663 De-

1892 4721 1998 4762 um
2009 4701 2700 4760 reducamus.C£eterum
2715 4699 2795 4758 ad
2815 4699 3000 4755 ﬁnem
3022 4713 3218 4771 usque
3239 4711 3556 4754 servemus

1893 4793 2250 4871 patientiam
2285 4791 2347 4850 in
2374 4790 2830 4861 tentationibus,
2855 4789 3023 4846 velut
3051 4788 3344 4862 scriptum
3373 4790 3464 4844 est
3482 4787 3556 4843 ³⁸.

247 4931 295 4966 ²⁶
327 4927 636 5002 Ephes.lv,
666 4931 757 5002 26.
834 4929 882 4964 ²⁷
913 4927 1060 4986 ibid.
1094 4929 1226 5002 δικ
1260 4924 1614 5002 εβΔΜᾶῑιῙιην,
1644 4926 1781 5002 21λὲ

1903 4934 2100 5002 .sess-
2174 4920 2222 5002 3?
2254 4917 2409 5002 Rssl-
2435 4934 2513 4989 ιν»
2551 4921 2604 4974 5ο
2682 4913 2989 5002 {iussa
3012 4931 3097 5002 ni»,
3127 4917 3254 5002 3';
3297 4911 3344 5002 ³1
3377 4912 3550 5002 R999-

175 5017 272 5066 xu,
308 4997 392 5057 t9:
499 5000 547 5036 ³³
577 4997 780 5057 Matth.
812 5016 871 5069 v,
905 5003 994 5056 39.
1092 5000 1140 5035 ³³
1177 4997 1379 5059 Matth.
1409 5014 1470 5068 x,
1499 5001 1590 5055 23.

176 5075 222 5110 ³⁷
255 5071 412 5130 Psal.
438 5088 542 5143 CXI,
573 5077 626 5129 5.
703 5072 749 5107 ³⁸
780 5071 981 5128 Matth.
1008 5086 1168 5144 xxxv,
1196 5075 1287 5128 1-3.

247 5198 358 5273 (64)
387 5200 533 5273 ῌθε.
563 5196 798 5271 primus
820 5195 1061 5273 βοθλεται
1090 5197 1252 5273 λέγειν
1275 5197 1321 5252 6.

247 5267 366 5344 (65)
395 5267 702 5344 Unus—ms.
735 5267 876 5324 cum
904 5270 1075 5326 Voss.
1104 5267 1193 5344 κάῇ
1229 5277 1327 5321 τῶν
1355 5272 1472 5322 τότε
1493 5267 1773 5344 ῥηθέντων.

179 5343 375 5399 Codex
397 5340 668 5414 Combef.
689 5346 780 5393 xui
800 5348 911 5403 τοῖς
939 5343 1055 5392 τότε
1092 5341 1350 5414 ῥηθεῖσιν.

245 5415 367 5486 (66),
384 5415 525 5483 Reg.
552 5413 787 5486 primus
809 5421 880 5484 τῷ
900 5413 1145 5464 τύπτοντί
1170 5431 1250 5468 σε.
1268 5456 1281 5469 .
1298 5455 1311 5468 .
1353 5415 1593 5483 σιαγόνα,
1629 5415 1778 5485 στρέ-

177 5485 276 5556 ψον
310 5485 450 5556 αὐτῷ
489 5485 578 5538 xui
607 5490 725 5544 τήν.

251 5557 366 5629 (67)
389 5554 584 5629 νοεεῇ
602 5561 774 5629 vetus
791 5555 1020 5629 liberet
1038 5557 1182 5629 Reg.
1199 5554 1443 5629 primus
1470 5556 1518 5608 οἱ
1548 5558 1656 5627 ὄφει
1666 5573 1713 5629 ς,
1722 5557 1782 5610 et

179 5626 366 5711 paulo
385 5632 526 5702 post
547 5627 609 5684 in
632 5627 874 5687 duobus
897 5628 992 5686 his
1019 5626 1333 5686 codicibus
1352 5627 1435 5686 ita
1458 5626 1673 5684 rursus
1697 5626 1778 5683 le-

180 5704 360 5771 gitur.

1699 4997 1748 5032 “
1791 4995 1939 5053 ibid.
1989 4995 2076 5051 16.

2174 4992 2223 5027 ⁸³
2254 4993 2302 5047 II
2324 4987 2531 5047 Thess.
2556 5003 2644 5062 ιιι,
2688 4991 2773 5046 13.
2806 4987 2827 4991 ⁷
2869 4988 2918 5024 ³ο
2948 4987 3163 5043 Genes.
3192 5000 3277 5057 ιιι,
3316 4989 3340 5042 1
3379 5000 3554 5058 seqq.

1959 5192 2073 5264 (68)
2102 5193 2252 5262 Reg.
2290 5187 2525 5263 primus
2561 5184 2837 5244 secunda
2877 5200 3069 5243 manu
3119 5181 3424 5260 προσελθεῖν
3475 5158 3560 5237 ω’

1889 5266 2254 5338 αγωγεστίρῳ.

1960 5336 2072 5408 (69)
2110 5334 2354 5408 Antiqui
2401 5332 2594 5390 nostri
2640 5330 2777 5408 libri
2801 5334 3083 5405 πρόσωπον
3122 5334 3212 5408 xui
3241 5334 3432 5408 τρόπον
3462 5331 3553 5408 xui

1888 5399 2089 5481 καίρὸν.
2114 5399 2381 5488 Vulgata;
2429 5411 2547 5461 tres
2581 5399 2885 5487 editiones
2934 5418 3046 5484 pro
3094 5399 3284 5529 τρόπον
3323 5399 3554 5480 habent

1889 5485 2066 5529 τόπον.
2094 5481 2210 5529 Nec
2239 5485 2321 5529 ita
2357 5479 2550 5529 multo
2577 5475 2754 5529 infra.
2785 5474 2889 5529 ubi
2939 5491 3001 5529 in
3047 5490 3125 5529 vu
3154 5479 3312 5529 uatis
3357 5471 3552 5527 tribus

1889 5471 2066 5535 τότὲον.
2093 5481 2210 5535 Nec
2230 5471 2321 5535 ita
2357 5479 2550 5533 multo
2577 5475 2754 5543 infra,
2785 5474 2889 5531 ubi
2936 5471 3001 5530 in
3047 5471 3312 5542 vulgatis
3357 5471 3552 5543 tribus

1887 5550 2256 5608 editionibus
2285 5550 2504 5619 legitur
2541 5541 2856 5619 ἀποστῆναι,
2891 5547 2952 5601 in
2983 5543 3286 5601 veteribus
3329 5541 3554 5599 nostris

1887 5622 2057 5680 libris
2086 5616 2380 5695 scriptum
2410 5619 2758 5678 invenimus
2781 5616 3139 5675 ἀποστῆσαι..
