4120 6398
602 328 729 384 1251

1966 324 2023 380 S.
2065 321 2318 381 BASILII
2356 323 2579 380 MAGNI

3835 332 3978 387 1252

594 457 651 509 et
677 450 828 524 legis
880 447 1118 506 Domini
1163 446 1332 504 obliti
1376 447 1670 507 auderent
1710 455 1768 508 et
1818 449 2053 521 gladios
2082 465 2238 506 assu-

2357 457 2484 523 ρεῴν
2513 453 2602 502 καὶ
2623 458 2713 503 τοῦ
2739 451 2899 522 νόμου
2930 457 3022 502 τοῦ
3056 453 3250 525 Κυρίου
3281 453 3372 502 καὶ
3403 449 3583 523 ξίφους
3613 454 3976 529 κατατολμᾷν.

595 557 783 598 mere.
800 539 968 606 Quod
992 542 1194 595 autem
1209 537 1566 611 plerumque
1588 540 1945 614 imperativo
1960 538 2250 611 loquendi

597 646 815 701 genere
837 629 964 684 vice
996 627 1261 684 vaticinii
1285 644 1398 684 usa
1423 629 1495 683 sit
1527 629 1850 701 Scriptura,
1875 630 2128 700 planum
2158 631 2252 683 est

595 736 670 776 ex
701 718 903 775 multis
931 717 1116 786 locis;
1147 717 1322 773 veluti
1352 734 1425 773 ex
1452 717 1574 786 illo,
1617 720 1803 776 Fiant
1831 720 1952 788 ﬁlii
1986 718 2112 790 ejus
2150 733 2248 773 or-

593 808 850 879 phani“
882 824 896 874 ;
950 810 1050 862 et:
1085 805 1374 863 Diabolus
1421 812 1534 863 stet
1577 823 1612 865 a
1661 808 1891 864 dextris
1930 807 2160 877 ejus";
2194 809 2251 863 et

595 912 979 973 quaecunque
1008 902 1148 952 sunt
1167 895 1409 954 similia.

1051 1022 1568 1079 INTERROGATIO
1608 1024 1812 1081 CCLII.

600 1122 744 1193 Quis
769 1123 846 1179 sit
865 1121 1043 1193 panis
1072 1121 1178 1176 ille
1207 1121 1614 1192 quotidianus,
1637 1123 1811 1190 cujus
1833 1121 2246 1192 quotidianam

902 1193 1273 1263 largitionem
1305 1207 1518 1262 νοθαφέ
1545 1194 1741 1250 edocti
1759 1209 1984 1250 sumus.

1216 1292 1626 1348 RESPONSIO.

668 1394 814 1448 Cum
845 1389 981 1464 quis
1009 1405 1166 1461 opus
1217 1388 1468 1462 aliquod
1511 1389 1672 1457 facit,
1705 1405 1940 1447 memor
1987 1389 2246 1455 Domini,

592 1481 700 1555 qui
738 1480 888 1537 dixit
921 1496 934 1536 :
963 1480 1053 1536 Ne
1098 1480 1348 1536 solliciti
1382 1481 1514 1535 sitis
1565 1481 1776 1537 animae
1819 1487 2051 1548 vestrae,
2099 1480 2249 1551 quid

590 1570 990 1638 manducetis,
1017 1577 1122 1625 aut
1154 1568 1300 1640 quid
1331 1569 1544 1626 bibatis
1563 1571 1630 1636 ⁸³,
1656 1570 1923 1642 itemque
1955 1569 2246 1642 Apostoli,

589 1659 694 1733 qui
724 1659 1006 1716 laborare
1039 1659 1337 1731 praecipit,
1371 1663 1435 1716 ut
1462 1659 1800 1716 habeamus
1831 1659 1995 1716 unde
2025 1659 2248 1716 tribua-

590 1765 728 1806 mus
780 1748 1204 1806 necessitatem
1261 1749 1602 1821 patieuti“,
1648 1766 1759 1806 nec
1807 1749 1886 1806 ob
1935 1750 2246 1824 propriam

588 1839 949 1910 utilitatem,
997 1838 1106 1895 sed
1161 1837 1241 1895 ob
1298 1839 1661 1897 mandatum
1720 1839 1958 1897 Domini
2009 1839 2249 1896 laborat

589 1931 848 2000 (Dignus
895 1933 979 1986 est
1027 1929 1184 1985 enim
1236 1931 1553 1998 operarius
1607 1930 1877 1986 mercede
1923 1944 2035 1986 sua
2053 1930 2143 2000 ⁸³),
2195 1929 2246 1984 is

589 2017 1020 2091 quotidianum
1071 2031 1317 2090 panem,
1382 2017 1499 2073 hoc
1560 2023 1671 2087 est,
1733 2033 1957 2091 panem
2014 2022 2246 2073 naturae

590 2113 816 2164 nostris
869 2107 948 2164 ad
994 2106 1415 2179 quotidianam
1471 2107 1651 2163 vitam
1712 2107 1941 2176 utilem,
1982 2123 2106 2163 non
2153 2106 2245 2162 sui

581 2197 736 2269 juris
761 2196 921 2265 facit,
950 2195 1057 2252 sed
1078 2211 1219 2252 eum
1246 2212 1282 2251 a
1315 2199 1435 2252 Deo
1457 2197 1635 2268 petit;
1668 2203 1851 2270 atque
1873 2197 1987 2253 ade
2005 2218 2026 2252 J
2051 2197 2246 2269 posita

587 2288 703 2360 ipsi
732 2286 812 2343 ob
843 2285 1052 2343 oculos
1080 2285 1427 2357 indigentiae
1448 2304 1574 2343 sum
1605 2293 1982 2355 necessuate,
2007 2288 2091 2343 sic
2121 2287 2246 2343 edit

585 2377 757 2450 quod
785 2376 965 2432 datur
995 2375 1073 2432 ab
1099 2391 1193 2440 eo,
1237 2375 1335 2432 cui
1383 2393 1524 2433 cum
1555 2377 1915 2450 probatione
1943 2378 2075 2434 hinc
2099 2393 2246 2434 cura

587 2465 934 2522 concredita
962 2470 1070 2530 est,
1100 2469 1165 2520 ut
1191 2465 1461 2538 quotidie
1498 2466 1677 2523 faciat
1706 2466 1856 2522 illud
1881 2484 1896 2524 :
1929 2465 2245 2524 Divideba-

589 2561 692 2611 tur
717 2556 996 2626 singulis,
1016 2559 1198 2625 prout
1229 2557 1445 2628 cuique
1469 2571 1618 2626 opus
1644 2563 1770 2612 erat
1792 2558 1862 2614 ⁸⁵.

1023 2680 1538 2737 lNTERBOGATlO
1585 2680 1808 2738 CCLlll.

589 2777 745 2845 Quid
772 2777 850 2832 sit
881 2778 1196 2844 talentum,
1230 2779 1650 2906 αιὲἒᾷιῦἓγέξηάο
1676 2779 1838 2836 illud
1864 2779 2241 2849 multiplica-

1196 2949 1608 3005 RESPONSIO.

652 3043 1010 3101 Parabolam
1043 3045 1200 3101 hanc
1231 3046 1309 3102 ad
1358 3062 1540 3102 omne
1587 3063 1812 3103 munus
1862 3047 1961 3104 Dei
2015 3045 2238 3120 signiﬁ-

2363 542 2463 589 Καὶ
2493 539 2574 590 ὄτι
2613 546 2684 609 τῷ
2714 547 3088 614 προστακτικῷ
3121 535 3249 591 εῖδει
3291 547 3382 590 τοῦ
3424 537 3580 609 λόγου
3614 537 3728 592 ἀντὶ
3758 561 3976 617 προφη-

2359 634 2508 678 τικοῦ
2546 627 2794 692 πολλάκις
2825 633 3087 702 κέχρηται
3113 631 3142 686 ἠ
3179 633 3380 702 Γραφὴ,
3426 628 3752 700 πολλαχόθεν
3785 629 3973 700 δῆλον,

2360 719 2465 768 οἷόν
2498 715 2610 770 ἐστι
2648 721 2728 785 τὸ,
2759 720 3128 788 Γενηθητῳσαν
3173 719 3221 770 οἱ
3257 719 3363 770 υἱοὶ
3398 718 3559 770 αὑτοῦ
3591 718 3825 792 ὀρφανοι·
3853 729 3972 796 καὶ,

2361 805 2606 870 Διάϐολος
2633 813 2807 866 στήτω
2833 806 2888 860 ἐκ
2911 805 3093 873 δεξιῶν
3125 806 3304 860 αὐτοῦ·
3335 813 3425 860 καὶ
3455 810 3556 861 ὅσα
3580 817 3820 866 τοιαῦτα.

2915 1029 3231 1076 ΕιιιιτιιΣιΣ
3271 1022 3425 1078 zNB'.

2357 1125 2448 1184 Τίς
2479 1120 2620 1176 ἐστιν
2651 1123 2676 1174 ὁ
2707 1123 2863 1197 ἄρτος
2891 1123 2918 1173 ό
2959 1121 3244 1185 ἐπιούσιος,
3289 1121 3352 1197 όν
3392 1117 3650 1197 δίδοσθαι
3692 1125 3818 1197 ἡμῖν
3847 1127 3968 1179 καθ’

2642 1189 2840 1268 ἡμέραν
2867 1195 3271 1270 προσεύχεσθαι
3296 1189 3684 1266 ἐδιδάχθημεν.

2980 1296 3354 1346 ΑΠΟΚΡΙΣΙΣ.
3431 1310 3436 1314 ·

2426 1388 2588 1442 Ὀταν
2645 1390 2670 1441 ό
2724 1387 3064 1464 ἐργαζόμενος
3119 1390 3451 1461 μνημονεύων
3488 1388 3579 1441 τοῦ
3608 1390 3718 1462 (82)
3763 1395 3966 1464 Κυρίου

2356 1479 2608 1551 λέγοντος,
2654 1483 2736 1538 Μὴ
2785 1484 3064 1552 μεριμνᾶτε
3108 1485 3170 1551 τῇ
3203 1477 3359 1549 ψυχῇ
3397 1479 3560 1550 ὑμῶν,
3600 1483 3652 1530 τί
3685 1481 3906 1551 φάγητε,
3929 1483 3961 1541 ἦ

2358 1573 2409 1622 τί
2438 1574 2613 1628 πίητε⁸
2647 1574 2736 1622 καὶ
2765 1577 2856 1621 τοῦ
2891 1567 3209 1620 Ἀποστόλου
3231 1567 3674 1644 παραγγείλαντος
3704 1568 3963 1644 ἐργάζεσ-

2361 1660 2468 1726 θαι,
2503 1659 2585 1711 ἶνα
2614 1661 2818 1731 ἔχωμεν
2848 1653 3196 1731 μεταδιδόναι
3223 1665 3296 1728 τῷ
3316 1661 3502 1731 χρείαν
3535 1659 3735 1729 ἔχοντι,
3768 1662 3838 1730 μὴ
3873 1667 3961 1721 τῆς

2360 1745 2501 1812 ἰδίας
2539 1754 2746 1825 χρείας,
2807 1747 2936 1801 ἀλλὰ
2981 1757 3074 1809 τῆς
3126 1747 3333 1809 ἐντολῆς
3383 1755 3476 1800 τοῦ
3538 1752 3738 1823 Κυρίου
3803 1752 3952 1803 ἕνεκεν

2356 1837 2635 1911 ἐργάζεται
2661 1835 2867 1906 (ἐπειδὴ
2900 1837 3072 1901 Ἄξιος
3101 1839 3127 1889 ό
3154 1837 3374 1912 ἐργάτης
3403 1845 3500 1900 τῆς
3531 1845 3732 1911 τροφῆς
3755 1840 3954 1907 αὑτοῦ),

2354 1933 2466 1981 τότε
2491 1932 2577 1980 τὸν
2608 1926 2872 1980 ἐπιούσιον
2901 1929 3080 2003 ἄρτον,
3110 1930 3370 1995 τουτέστι,
3414 1930 3500 1979 τόν
3547 1930 3682 2002 πρὸς
3725 1931 3816 1986 τὴν
3841 1927 3960 2002 ἐφή-

2354 2037 2508 2094 μερον
2538 2018 2676 2078 ζωὴν
2705 2026 2768 2090 τῇ
2797 2017 2956 2089 οὐσία
3001 2019 3148 2090 ἡμῶν
3181 2018 3608 2088 χρησιμεύοντα,
3650 2016 3754 2089 οὐχ
3794 2016 3960 2088 ἑαυτῷ

2355 2106 2632 2182 ἐπιτρέπει,
2670 2105 2796 2158 ἀλλὰ
2825 2115 2895 2177 τῷ
2947 2114 3059 2177 Θεῷ
3108 2104 3416 2178 ἐντυγχάνει
3463 2110 3582 2181 περὶ
3627 2109 3831 2159 τούτου·
3865 2113 3961 2160 καὶ

2353 2201 2447 2254 τὴν
2473 2195 2704 2268 ἀνάγκην
2727 2204 2820 2258 τῆς
2869 2191 3068 2257 ἐνδείας
3114 2195 3254 2267 αὐτῷ
3294 2191 3574 2266 ἐπιδείξας,
3606 2196 3765 2257 οὕτως
3791 2196 3959 2249 ἐσθίει

2351 2289 2410 2337 τὸ
2443 2281 2721 2358 διδόμενον
2745 2287 2890 2359 παρὰ
2919 2293 3012 2337 τοῦ
3043 2287 3172 2357 μετὰ
3197 2281 3516 2357 δοκιμασίας
3553 2284 3958 2358 ἐπιτεταγμένον

2352 2383 2518 2428 ποιεῖν
2566 2375 2642 2447 ἐφ’
2669 2375 2895 2435 ἑκάστης
2924 2376 3124 2450 ἡμέρας
3160 2377 3240 2443 τό,
3284 2370 3558 2428 Διεδίδοτο
3602 2375 3827 2447 ἑκάστῳ,
3860 2395 3959 2428 κα-

2356 2465 2470 2517 θότι
2499 2465 2562 2516 ἄν
2583 2483 2663 2526 τις
2691 2468 2879 2536 χρείαν
2902 2460 3060 2536 εἶχεν.

2909 2681 3224 2730 ΕΡΩΤΗΣΙΣ
3264 2674 3418 2729 ΣΝΓ.

2349 2780 2413 2829 Τί
2439 2774 2552 2829 ἐστι
2572 2777 2630 2828 τὸ
2651 2774 2917 2843 τάλαντον,
2953 2775 2980 2834 ἢ
3010 2783 3118 2838 πῶς
3146 2774 3255 2846 (83)
3288 2773 3413 2826 αὐτὸ
3441 2773 3950 2848 πολυπλασιάσομεν.

2958 2950 3332 2999 ΑΠΟΚΡΙΣΙΣ.

2419 3048 2714 3118 Λογίζομαι
2757 3049 2852 3103 τὴν
2900 3042 3199 3119 παραϐολὴν
3229 3046 3360 3117 πρός
3390 3050 3564 3095 πᾶσαν
3590 3050 3722 3096 Θεοῦ
3755 3038 3961 3117 δωρεὰν

581 3135 847 3192 candum
880 3134 1103 3191 dictam
1132 3135 1316 3191 fuisse
1348 3136 1648 3205 existimo,
1682 3142 1748 3194 ut
1790 3137 2234 3211 unusquisque,

2349 3134 2612 3208 εἰρῆσθαιο
2647 3135 2730 3186 ἵνα
2779 3135 3018 3201 ἕκαστος,
3062 3133 3123 3192 ἦν
3150 3131 3208 3184 ἂν
3259 3129 3558 3205 δοκιμασθῇ
3605 3134 3766 3206 χάριν
3808 3133 3960 3203 ἔχειν

579 3240 948 3298 quocunque
973 3223 1223 3281 tandem
1263 3224 1430 3281 dono
1469 3242 1608 3282 eum
1645 3230 1800 3282 Deus
1828 3227 2113 3298 dignatus
2140 3228 2236 3298 sit,

577 3314 641 3371 id
671 3313 1050 3386 multiplicet,
1079 3315 1195 3370 hoc
1232 3314 1369 3387 ipso
1398 3315 1478 3372 ad
1508 3315 1973 3372 beneﬁcentiam
2000 3321 2056 3373 et
2082 3315 2236 3374 utili-

579 3408 762 3460 tatem
797 3401 1059 3474 plurium
1089 3402 1381 3460 adhibito.
1427 3405 1735 3477 Siquidem
1783 3422 1965 3462 nemo
1995 3410 2104 3476 est,
2130 3407 2236 3480 qui

579 3492 654 3549 sit
678 3491 1066 3563 benignitatis
1095 3494 1198 3550 Dei
1228 3510 1463 3567 expers.

1023 3619 1540 3678 INTERROGATIO
1581 3623 1804 3680 CCLIV.

579 3708 721 3777 Quae
748 3713 833 3766 est
871 3711 1247 3786 mensailla,
1270 3711 1555 3786 inquam
1594 3713 1903 3781 oportebat
1931 3720 2004 3782 te,
2036 3715 2233 3786 inquit

917 3782 1230 3853 Dominus,
1256 3784 1506 3849 iniicere
1529 3786 1875 3853 pecuniam.

1181 3908 1590 3965 RESPONSIO.

649 4004 958 4060 Parabolie
989 4021 1112 4060 non
1137 4005 1338 4078 reipsa
1369 4011 1805 4078 repraesentant
1847 4023 1943 4062 res
1971 4011 2236 4064 contem-

573 4093 974 4166 plandas,sed
996 4093 1292 4151 duntaxat
1313 4099 1579 4151 mentem
1602 4095 1716 4151 ded
1729 4097 2003 4152 ucuntad
2015 4113 2236 4170 propo-

573 4181 1054 4249 situm.Quemad
1065 4183 1312 4240 modum
1329 4184 1779 4256 igiturpecunia
1791 4185 1939 4242 solet
1954 4202 2236 4244 nummu-

571 4270 734 4326 lariis
756 4270 836 4326 ad
857 4277 1158 4344 quiestum
1183 4271 1317 4328 dari
1348 4279 1517 4340 (sunt
1545 4274 1728 4340 enim,
1751 4279 1814 4332 ut
1841 4291 1953 4346 ego
1982 4276 2233 4334 Alexan-

573 4359 720 4416 driae
747 4361 906 4427 novi,
931 4362 1034 4434 qui
1062 4361 1374 4434 recipiant,
1405 4368 1459 4418 et
1485 4363 1754 4436 idipsum
1786 4369 2125 4438 peragant):
2145 4367 2231 4425 sic

571 4467 815 4507 necesse
849 4457 957 4520 est,
991 4457 1057 4507 ut
1097 4451 1196 4524 qui
1235 4452 1658 4527 qualecunque
1700 4455 1947 4512 tandem
1997 4457 2228 4514 donum

2344 3226 2489 3300 παρὰ
2525 3232 2617 3277 τοῦ
2657 3231 2811 3291 Θεοῦ,
2853 3224 3046 3281 ταύτην
3099 3221 3501 3294 πολυπλασιάσῃ
3546 3220 3611 3280 εἰς
3651 3220 3958 3295 εὐεργεσίαν

2345 3317 2434 3366 καὶ
2464 3313 2640 3387 ὄφελος
2689 3313 2932 3366 πλειόνων
2981 3312 3219 3384 ἐνεγκὼν.
3273 3308 3462 3372 Οὐδεὶς
3508 3312 3608 3385 γάρ
3660 3308 3800 3363 ἐστιν
3829 3308 3958 3384 ὄιμέ-

2344 3423 2506 3477 τοχος
2544 3413 2633 3466 τῆς
2657 3411 2749 3458 τοῦ
2781 3411 2914 3458 Θεοῦ
2954 3406 3329 3479 χρηστότητος
3359 3400 3492 3473 (84).

2893 3612 3209 3660 ΕΡΩΤΗΣῙΣ
3241 3603 3394 3659 ΣΝΔ’.

2341 3713 2429 3770 Τίς
2459 3706 2598 3760 ἐστιν
2641 3708 2671 3766 ἡ
2708 3707 2814 3779 (85)
2839 3706 3093 3780 τράπεζα,
3129 3703 3200 3776 ἐφ’
3337 3700 3445 3755 ἔδει
3479 3722 3556 3770 σε,
3599 3707 3758 3776 φησὶν
3787 3702 3812 3756 ὁ
3845 3709 3953 3756 Κυ-

2769 3773 2900 3854 ριοξ,
2945 3776 3122 3850 βαλεῖν
3153 3773 3211 3827 τὸ
3234 3773 3507 3850 ἀργύριον.

2962 3905 3335 3954 ΑΠΟΚΡΙΣΙΣ.

2417 4003 2480 4054 Αἱ
2519 3997 2813 4076 παραϐολαὶ
2851 3998 2946 4050 οὐκ
2985 3995 3067 4049 ἐπὶ
3111 3993 3286 4059 εἴδους
3323 3997 3388 4049 τὰ
3447 3998 3762 4070 θεωρήματα
3814 3995 3953 4055 πλη-

2340 4099 2517 4165 ροῦσι,
2568 4093 2698 4162 πρὸς
2757 4084 2816 4141 δε
2861 4091 2955 4146 τὴν
3013 4088 3259 4139 ὑπόθεσιν
3309 4090 3395 4138 τόν
3458 4094 3576 4138 νοῦν
3632 4083 3945 4158 ὁδηγοῦσιν.

2341 4179 2541 4254 Ὠσπερ
2597 4179 2684 4232 οὖν
2736 4181 2794 4230 τὸ
2855 4175 3101 4251 ἀργύριον
3160 4175 3469 4228 ἀκολουθίαν
3519 4179 3634 4248 ἔχει
3679 4183 3787 4238 τοῖς
3823 4195 3952 4251 τρα-

2342 4274 2578 4333 πεζίταις
2645 4264 2902 4322 δίδοσθαι
2953 4266 3022 4329 εἰς
3079 4269 3338 4341 πορισμόν
3397 4265 3516 4329 (εἰσί
3582 4268 3711 4341 γὰρ,
3768 4268 3831 4326 ὡς
3898 4263 3952 4316 ἐν

2347 4355 2713 4433 Ἀλεξανδρείᾳ
2777 4360 2933 4430 ἔγνων
2967 4399 2983 4426 ,
3061 4358 3108 4408 οἰ
3182 4352 3568 4428 ὑποδεχόμενοι
3634 4362 3726 4409 καὶ
3794 4362 3950 4408 τοῦτο

3563 4445 3948 4518 ὑποδεξάμενον

2342 4451 2654 4520 ποιοῦντες)·
2752 4448 2911 4510 οὕτως
3004 4444 3287 4517 ἐπάναγκες
3379 4448 3465 4497 τὸν

573 4541 890 4614 acceperit,
923 4540 1070 4597 illud
1104 4542 1274 4615 501
1304 4543 1711 4600 communicet
1736 4561 1874 4602 cum
1899 4546 2227 4617 indigente,

2349 4535 2656 4598 οἱανδήποτε
2693 4540 2856 4611 χάριν
2910 4532 3259 4610 μεταδιδόναι
3301 4543 3372 4605 τῷ
3425 4539 3613 4610 χρείαν
3668 4538 3866 4608 ἔχοντι,
3912 4537 3945 4593 ἦ

573 4637 678 4689 aut
705 4631 923 4688 efﬁciat
950 4631 1119 4704 quod
1158 4632 1236 4688 ab
1266 4634 1553 4705 Apostolo
1579 4633 1654 4690 de
1694 4633 1969 4692 doctrina
1997 4637 2229 4695 dictum

570 4726 661 4778 est
691 4737 704 4777 :
733 4722 880 4778 Eme
909 4721 1250 4778 commenda
1277 4723 1553 4792 ﬁdelibus
1584 4724 1944 4797 hominibus,
1978 4728 2083 4798 qui
2109 4727 2232 4784 ido-

570 4812 672 4866 nei
694 4816 871 4866 erunt
902 4817 956 4866 et
983 4812 1134 4866 alios
1155 4811 1446 4868 docere“.
1481 4815 1611 4868 Non
1642 4814 1798 4870 enim
1819 4814 2018 4891 solum
2043 4816 2102 4872 in
2125 4817 2230 4874 do-

573 4898 765 4954 ctrina
793 4897 856 4954 id
882 4898 1196 4954 consuevit
1220 4899 1370 4967 ﬁeri,
1416 4901 1521 4956 sed
1547 4901 1728 4957 etiam
1757 4902 1822 4959 in
1852 4905 2020 4960 omni
2044 4920 2229 4975 nego-

677 5079 722 5114 θι
753 5077 907 5134 Psal.
943 5094 1092 5142 cvm,
1122 5083 1174 5134 9.

1307 5077 1653 5156 °*ibi_d._§.__
1721 5082 1769 5116 ω
1799 5081 1997 5138 Matth.
2030 5101 2103 5156 νι,
2134 5091 2222 5142 25.

569 5154 658 5206 35.
775 5151 819 5185 ³⁷
854 5150 1054 5218 Matth,
1089 5166 1218 5218 xxv,
1250 5154 1332 5206 15.

1447 5151 1492 5185 ⁸⁸
1525 5153 1569 5206 ΙΙ
1595 5151 1742 5208 Tim.
1776 5171 1831 5225 ιι,
1863 5158 1920 5212 2.

571 5375 598 5426 θ
637 5302 748 5388 (81)
804 5305 948 5372 Reg.
989 5301 1223 5374 primus
1269 5307 1326 5358 et
1372 5305 1540 5360 Voss.
1589 5301 1871 5358 ἀπόστολοι
1917 5308 2225 5382 προεπιλαν-

605 5393 858 5426 ανοαενοι.

605 5393 710 5424 ανον
739 5393 858 5427 ενοι.

637 5395 1202 5520 (852_ch._primus
1227 5450 1520 5520 μνημονεύῃ
1555 5450 1884 5507 τοῦδίᾶῐίω
1913 5451 2075 5508 idem
2105 5471 2218 5511 ms.

742 5517 918 5594 V0_Sb:._
935 5517 1268 5594 ΔῖΑποστ-όλου
1300 5517 1763 5594 παραγγέλλοντος.

636 5591 756 5656 (83)
817 5587 969 5668 ῌάὶῐί
1026 5594 1116 5668 καὶ
1148 5597 1298 5668 λεῶς.
1362 5587 1629 5668 ᾉιῖηεε.
1682 5599 1799 5668 tres
1847 5596 1875 5654 ἣ
1929 5605 2058 5659 πῶς.
2093 5600 2220 5654 MOI

566 5661 712 5730 Reg.
762 5661 995 5730 primus
1045 5664 1103 5717 et
1148 5662 1319 5719 Voss.
1371 5664 1432 5722 ἣν
1469 5667 1746 5741 καταμάθῃ
1789 5669 1974 5740 χάριν.
2021 5669 2224 5728 Codex

2339 4627 2498 4682 ἐκεῖνο
2566 4635 2729 4682 ποιεῖν
2763 4670 2778 4697 ,
2836 4633 2893 4680 τὸ
2951 4629 3051 4679 ὑπὸ
3124 4645 3216 4679 του
3288 4625 3608 4678 Ἀποστόλου
3676 4625 3947 4697 εἰρημένον

2337 4717 2421 4771 ἐπὶ
2487 4727 2579 4771 τοῦ
2643 4718 2839 4791 λόγου·
2907 4724 3088 4770 Ταῦτα
3151 4717 3390 4786 παράθου
3458 4720 3670 4776 πιστοῖς
3737 4710 3949 4786 ἀνθρώ-

2337 4828 2469 4874 ποις,
2518 4811 2701 4871 οῖτινες
2752 4811 2918 4861 ἱκανοὶ
2958 4809 3166 4860 ἔσονται
3203 4811 3292 4858 καὶ
3342 4805 3548 4880 ἐτέρους
3593 4799 3832 4866 διδάξαι.
3868 4804 3951 4856 Οὐ

2336 4902 2437 4974 γὰρ
2500 4903 2652 4973 μόνον
2713 4897 2796 4952 ἐπὶ
2853 4905 2943 4950 τοῦ
2987 4897 3145 4969 λόγου
3203 4902 3357 4948 τοῦτο
3413 4896 3654 4968 γίνεσθαι
3703 4897 3949 4966 πέφυκεν,

3005 5078 3051 5112 (³⁵
3093 5075 3294 5134 Matth.
3337 5092 3396 5148 x,
3437 5075 3518 5131 l0.
3634 5076 3682 5110 ⁸⁵
3712 5076 3950 5145 Act.1v,

2338 5081 2384 5116 ⁸⁵
2424 5079 2651 5154 Ephes.
2691 5095 2768 5147 ιγ,
2800 5081 2888 5133 28.

2336 5305 2501 5364 Colb.
2530 5306 2591 5364 ἣν
2623 5303 2684 5356 ἆν
2713 5303 3016 5373 καταμάθῃ.

2405 5381 2515 5448 (84)
2549 5375 2750 5432 Codex
2780 5371 2946 5448 Colb.
2973 5371 3072 5433 τῆς
3101 5379 3192 5448 τοῦ
3223 5376 3350 5424 Θεοῦ
3381 5371 3622 5448 χάριτος.

2405 5441 2515 5518 {85)
2543 5448 2690 5518 Reg.
2724 5446 2958 5518 primus
2992 5449 3069 5518 _e_t
3117 5446 3288 5518 Voss.
3311 5514 3320 5518 _
3343 5441 3489 5518 ﬂoiai_
3523 5441 3664 5494 ἐστὶν
3704 5443 3765 5500 ἡ.
3794 5444 3949 5518 _Reg.

2333 5512 2544 5578 tertius
2576 5512 2800 5572 τέ’ἐσὲιν
2829 5519 2884 5574 ἡ.
2920 5515 3150 5571 Ibidem
3182 5514 3325 5586 editi
3356 5519 3414 5570 et
3453 5513 3578 5570 duo
3609 5530 3758 5570 mss.
3786 5512 3860 5585 ἐφ’

2334 5593 2450 5650 Alii
2478 5592 2602 5649 duo
2631 5606 2780 5647 mss.
2811 5605 2954 5646 cum
2978 5590 3149 5643 Voss.
3183 5585 3255 5658 ἐφ’
3285 5588 3368 5644 ἣν.
