4120 6402
356 340 375 391 1
387 339 490 392 2Θῦ

1485 333 1786 389 ΗΕϐυίιιεΕ
1826 330 2118 388 BREVI‘US
2155 330 2561 388 ΤΒΜῘΓΑἸΖΕ.

3563 335 3702 389 1266

354 463 618 533 κειμένων,
664 457 711 512 ἓν
761 477 854 509 και
893 461 1044 509 τοῦτο
1090 462 1186 516 τῆς
1232 453 1509 530 μεθοδείας
1554 465 1644 510 τοῦ
1685 452 1953 522 διαϐόλου,

2065 452 2424 521 habeantur,
2449 454 2562 510 hoc
2583 470 2827 527 quoque
2848 470 3034 511 unum
3078 461 3164 512 est
3194 473 3263 512 ex
3300 456 3564 513 artiﬁciis
3586 456 3717 513 dia-
3796 479 3805 487 ·

357 553 415 603 τό
493 553 616 611 τοὺς
662 546 879 607 πολλοὺς
942 554 1040 598 τῶν
1086 543 1386 618 ἀνθρώπων,
1427 548 1599 620 ὥσπερ
1658 545 1957 619 ἐπιλαθομέ-

354 659 472 702 νους
559 646 661 690 τῶν
744 637 1004 689 τοσοὺτων
1089 639 1179 686 καὶ
1263 638 1507 688 τοιούτων
1592 644 1685 688 τοῦ
1761 639 1955 711 Κυρίου

353 729 605 804 ῥημάτων
660 731 751 780 καὶ
823 723 1149 797 ἀποφάσεων,
1220 723 1360 786 τέλος
1426 725 1681 787 κολάσεως
1755 726 1824 786 εἰς
1897 728 1955 777 τὸ

359 817 549 892 μᾶλλον
628 814 958 889 κατατολμᾴν
1038 823 1133 877 τῆς

356 909 593 983 γράψειν.
638 906 698 961 Εἰ
750 907 852 981 γὰρ
891 912 987 965 τῆς
1025 903 1235 957 αἰωνίου
1290 903 1549 968 κολάσεως
1605 908 1754 959 ἔσται
1830 907 1955 958 ποτε

358 997 521 1063 τέλος,
560 995 697 1057 τέλος
736 994 834 1058 ἕξει
876 996 1082 1055 πάντως
1127 999 1217 1047 καὶ
1259 995 1289 1052 ἠ
1333 994 1538 1056 αἰώνιος
1588 995 1718 1056 ζωή,
1769 994 1829 1048 Εἰ
1895 990 1955 1047 δε

358 1082 444 1138 έπὶ
489 1092 579 1145 τῆς
611 1085 751 1145 ζωῆς
796 1092 951 1137 τοῦτο
988 1092 1177 1143 νοῆσαι
1225 1082 1283 1136 οὑ
1332 1080 1760 1159 καταδεχόμεθα,
1806 1090 1954 1137 ποῖον

360 1176 472 1246 ἔχει
515 1174 665 1245 λόγον
710 1180 773 1246 τῇ
817 1172 1030 1227 κολάσει
1075 1181 1136 1245 τῇ
1189 1173 1379 1245 αἰωνίῳ
1424 1174 1561 1235 τελος
1592 1170 1845 1241 διδόναι;
1893 1172 1951 1226 Ἠ

356 1266 455 1338 γὰρ
515 1270 605 1315 τοῦ
675 1262 885 1316 αἰωνίου
938 1264 1216 1336 προσθήκη
1272 1260 1344 1335 ἐφ’
1386 1262 1638 1337 ἑκατέρων
1681 1266 1811 1324 ἴσως
1853 1269 1955 1315 κεῖ-

350 1370 436 1404 ται
494 1352 634 1425 (15).
723 1350 1126 1405 Ἀπελεὺσονται
1201 1355 1326 1428 γὰρ,
1401 1358 1584 1426 φησιν,
1656 1353 1801 1405 οὗτοι
1886 1351 1953 1405 εἰς

348 1441 564 1496 κόλασιν
619 1441 861 1495 αἰώνιον·
953 1443 1003 1494 οἱ
1052 1437 1111 1495 δε
1151 1438 1352 1495 δίκαιοι
1414 1443 1481 1504 εἰς
1535 1443 1674 1504 ζωὴν
1724 1442 1950 1496 αἰώνιον.

348 1534 556 1586 Τούτων
628 1527 716 1584 οὖν
796 1531 955 1592 οὑτως
1038 1530 1476 1605 ὁμολογουμένων,
1568 1528 1760 1585 εἰδέναι
1814 1535 1948 1607 χρὴ,

349 1621 431 1674 ὃτι
477 1625 567 1673 καὶ
600 1624 683 1689 τὸ,
744 1625 1056 1695 Δαρήσεται,
1113 1619 1323 1689 πολλὰς,
1381 1626 1471 1674 καὶ
1517 1625 1597 1689 τὸ,
1658 1626 1952 1695 Δαρήσεται

351 1709 543 1783 ὀλίγας,
595 1710 722 1782 οὑχὶ
760 1709 922 1776 τέλος,
964 1708 1091 1763 ἀλλά
1159 1707 1414 1787 διαφορὰν
1478 1711 1741 1775 κολάσεως
1797 1708 1956 1770 δηλοῖ

1216 814 1476 889 ἁμαρτίας
1551 815 1754 877 έαυτοῖς
1831 817 1955 867 ὑποο

2066 542 2210 609 boli,
2240 548 2303 597 ut
2334 542 2602 615 plerique
2620 543 2898 600 homines
2929 544 3090 600 velut
3119 545 3294 601 obliti
3316 551 3403 601 tot
3427 551 3486 602 et
3505 545 3717 603 talium

2068 632 2303 689 Domini
2345 632 2670 689 verborum
2718 650 2789 690 ac
2826 634 3278 707 sententiarum,
3321 653 3442 709 quo
3484 636 3716 709 majore

2066 737 2203 777 cum
2235 721 2494 779 audacia
2514 728 2784 797 peccent,
2800 722 3077 795 supplicii
3105 723 3221 780 sibi
3248 724 3432 782 ﬁnem
3447 725 3719 798 praescri-

2063 812 2231 868 bant.
2275 812 2526 885 Etenim,
2556 812 2605 868 si
2641 812 2849 869 aeterni
2880 812 3158 886 supplicii
3194 812 3432 871 futurus
3479 818 3568 871 est
3614 814 3718 871 ali-

2064 900 2313 973 quando
2342 900 2498 973 ﬁnis,
2523 901 2709 959 ﬁnem
2731 901 2934 975 utique
2964 901 3240 959 habitura
3268 908 3361 960 est
3384 903 3565 960 etiam
3594 902 3718 959 vita

2063 995 2307 1047 aeterna.
2331 990 2505 1057 Quod
2526 991 2578 1047 si
2600 1007 2721 1049 non
2743 1006 3073 1064 possumus
3092 991 3240 1048 illud
3260 991 3337 1049 de
3352 992 3474 1049 vita
3492 998 3720 1050 aeterna

2060 1080 2412 1150 intelligere,
2437 1096 2560 1153 qua
2578 1081 2810 1137 ratione
2835 1081 3129 1155 supplicio
3150 1087 3377 1139 aeterno
3397 1081 3721 1139 ascribitur

2061 1169 2241 1226 ﬁnis?
2289 1172 2437 1227 Nam
2463 1170 2774 1244 azqualiter
2801 1186 2912 1244 pro
2942 1177 3199 1245 utroque
3225 1171 3481 1229 habetur
3508 1172 3722 1229 aeterni

2064 1258 2344 1330 adjectio.
2365 1260 2544 1316 Ibunt
2566 1262 2745 1329 enim,
2763 1259 2977 1334 inquit,
2994 1260 3058 1317 hi
3078 1262 3143 1317 in
3163 1263 3531 1333 supplicium
3548 1267 3719 1319 mter-

2062 1364 2206 1405 num
2218 1351 2412 1421 :justi
2431 1355 2632 1408 autem
2652 1352 2719 1407 in
2735 1351 2922 1406 vitam
2948 1356 3236 1408 mternam
3250 1351 3320 1406 ³⁵.
3338 1354 3717 1425 ltaque,cum

2060 1437 2191 1494 haec
2220 1439 2302 1496 ita
2322 1437 2440 1495 sint
2465 1438 2529 1496 in
2565 1439 2868 1506 confesso,
2890 1439 3207 1497 sciendum
3237 1444 3348 1510 est,
3398 1455 3592 1514 neque
3643 1440 3716 1496 il-

2058 1526 2186 1599 lud,
2214 1529 2532 1600 Vapulabit
2563 1530 2789 1597 multis,
2812 1545 3009 1603 neque
3028 1528 3198 1600 illud,
3217 1529 3543 1601 Vapulabit
3562 1544 3718 1601 pau-

2059 1619 2163 1688 cis,
2191 1618 2525 1690 signiﬁcare
2558 1620 2766 1690 ﬁnem,
2815 1620 2925 1677 sed
2964 1619 3375 1678 diversitatem
3410 1618 3715 1699 supplicii.

2061 1707 2119 1764 Si
2139 1707 2298 1765 enim
2318 1709 2474 1765 Deus
2492 1708 2692 1781 justus
2707 1708 2895 1781 judex
2923 1713 3011 1765 est
3029 1724 3152 1766 non
3173 1709 3352 1766 bonis
3365 1708 3586 1779 solum,
3607 1707 3717 1765 sed

345 1799 485 1871 (16).
516 1799 577 1853 Εἰ
603 1802 705 1874 γὰρ
734 1800 761 1852 6
800 1802 931 1862 Θεὸς
978 1795 1182 1861 δίκαιος
1237 1806 1424 1875 κριτής
1474 1799 1637 1870 ἔστιν,
1689 1800 1747 1854 οὑ
1796 1805 1948 1875 μόνον

2065 1799 2236 1855 malis
2264 1799 2466 1872 etiam,
2487 1799 2749 1857 reddens
2786 1800 3118 1874 unicuique
3152 1800 3327 1872 juxta
3363 1815 3551 1874 opera
3581 1815 3712 1869 sua,

344 1894 451 1950 τοῖς
513 1887 746 1961 ἀγαθοῖς,
808 1888 938 1942 ἀλλὰ
997 1893 1088 1942 καὶ
1155 1897 1264 1953 τοῖς
1317 1898 1584 1967 πονηροῖς,
1660 1886 1950 1952 ἀποδιδοὺς

347 1976 551 2050 ἑκάστῳ
605 1980 740 2030 κατὰ
791 1982 888 2037 τὴν
941 1978 1131 2049 πράξιν
1192 1979 1375 2055 αὑτοῦ,
1437 1977 1658 2033 δύναται
1723 1977 1851 2033 εἶναι
1924 1981 1950 2032 6

345 2071 440 2143 μέν
479 2087 556 2130 τις
584 2072 751 2142 πυρός
791 2067 1051 2145 ἀσϐέστου
1091 2069 1255 2139 ἄξιος,
1304 2075 1395 2123 καὶ
1439 2073 1624 2124 τοὺτου
1682 2074 1802 2130 ἤτοι
1842 2090 1950 2145 μα-

343 2157 662 2234 λακωτέρου,
715 2158 744 2217 ἣ
778 2156 969 2231 μᾶλλον
1018 2138 1322 2230 ᾆλέγοντοςο
1383 2160 1409 2212 6
1464 2155 1525 2213 δέ
1565 2179 1642 2221 τις
1687 2158 1952 2221 σκώληκος

349 2244 712 2317 ἀτελευτήτου,
742 2251 833 2299 καὶ
881 2248 1067 2299 τούτου
1113 2247 1266 2301 πάλιν
1311 2248 1340 2309 ἦ
1392 2252 1674 2325 πραότερον
1718 2245 1951 2301 ὀδυνῶν-

346 2355 457 2405 τος,
492 2337 521 2398 ἣ
559 2332 908 2412 σφοδρότερον
945 2340 1082 2391 κατὰ
1108 2341 1203 2397 τὴν
1229 2336 1378 2401 ἀξίαν
1404 2338 1627 2392 ἑκάστου
1652 2359 1667 2373 ο
1726 2343 1816 2391 καὶ
1854 2338 1950 2391 οἳλ-

345 2426 430 2488 λος
453 2431 658 2499 γεέννης
689 2422 920 2502 διάφορα
947 2429 1155 2492 πάντως
1191 2427 1422 2501 ἐχούσης
1468 2430 1536 2481 τὰ
1579 2428 1907 2504 κολαστήρια
1932 2449 1947 2463 ο

351 2522 444 2569 καὶ
474 2516 643 2592 ἕτερος
679 2524 770 2570 τοῦ
796 2515 1042 2592 ἑξωτέρου
1085 2522 1326 2587 σκότους,
1386 2520 1508 2573 ἔνθα
1554 2520 1581 2571 ὁ
1626 2522 1718 2592 μέν
1764 2537 1847 2580 τις
1903 2517 1951 2571 έν

352 2605 602 2685 κλαυθμῷ
630 2609 781 2680 μόνον
808 2608 945 2679 (17),
993 2608 1020 2660 ὁ
1065 2603 1125 2660 δέ
1175 2626 1256 2670 τις
1311 2613 1402 2662 καὶ
1463 2606 1511 2661 ἓν
1571 2606 1797 2682 βρυγμῷ
1852 2615 1950 2661 τῶν

352 2690 579 2748 ὀδόντων
618 2691 712 2748 διὰ
737 2699 794 2748 τό
819 2694 1202 2770 ,ἐπιτεταμένον
1241 2704 1343 2750 τῶν
1388 2700 1554 2751 πόνων
1592 2702 1810 2770 γίνεται·
1851 2702 1951 2751 Καὶ

348 2789 408 2838 τό
433 2782 674 2864 έξὼτερον
706 2782 766 2840 δε
798 2792 982 2851 σκότος
1012 2788 1283 2862 ὑποφαίνει
1311 2790 1512 2850 πάντως
1577 2790 1707 2842 εἶναί
1760 2808 1812 2842 τι
1861 2793 1951 2841 καὶ

350 2874 621 2953 έσωτερον.
690 2882 791 2931 Καὶ
844 2880 925 2949 τό,
992 2878 1079 2939 Εἰς
1134 2875 1579 2952 πυθμὰαιᾷδου,
1639 2877 1688 2932 έν
1751 2885 1950 2952 Παροι-

351 2970 494 3039 μίαις
548 2967 814 3042 εἰρημένον
880 2963 1055 3036 δηλοῖ,
1105 2968 1186 3020 ὅτι
1241 2967 1345 3020 εἰσί
1408 2986 1542 3030 τινες
1598 2966 1646 3019 έν
1711 2975 1784 3039 τῷ
1841 2964 1948 3042 ᾅδῃ

346 3058 458 3128 μεν,
491 3056 586 3110 οὑκ
615 3055 664 3110 έν
702 3058 926 3131 πυθμένι
957 3052 1018 3110 δε
1063 3053 1219 3129 ᾅδου,
1269 3061 1582 3134 κουφοτέραν
1621 3058 1951 3130 ὑπομένοντες

2056 1893 2259 1964 potest
2281 1889 2435 1945 alius
2464 1905 2600 1945 esse
2628 1888 2850 1961 dignus
2900 1889 3039 1961 igne
3081 1886 3579 1960 inexstin'guibili,
3606 1888 3716 1963 qui

2058 1984 2165 2035 aut
2189 1977 2432 2035 mollius
2460 1984 2564 2036 aut
2591 1978 2791 2036 acrius
2817 1978 3069 2037 adurat:
3120 1978 3275 2036 alius
3316 1994 3520 2037 verme
3560 1994 3715 2036 nun-

2058 2084 2246 2143 quam
2275 2068 2591 2139 morituro,
2613 2068 2719 2143 qui
2746 2069 2929 2126 etiam
2947 2074 3054 2126 aut
3074 2068 3279 2127 mitius
3308 2072 3414 2126 aut
3435 2068 3717 2126 acerbius

2059 2157 2362 2237 excruciet
2397 2174 2508 2232 pro
2565 2157 2864 2233 cujusque
2918 2160 3169 2216 merito:
3225 2157 3381 2216 alius
3412 2159 3712 2230 gehenna,

2058 2264 2197 2321 quas
2222 2250 2390 2306 varia
2433 2264 2505 2305 ac
2546 2248 2789 2322 penitus
2833 2247 3075 2306 diversa
3121 2247 3421 2323 supplicia
3451 2248 3712 2306 habeat:

2060 2338 2212 2395 alius
2238 2337 2634 2395 exterioribus
2655 2337 2939 2406 tenebris,
2968 2338 3073 2395 ubi
3091 2337 3188 2395 hic
3213 2337 3463 2412 quidem
3486 2337 3548 2395 in
3570 2337 3717 2394 ﬂetu

2058 2428 2279 2497 solum,
2318 2427 2414 2485 ille
2435 2444 2577 2485 vero
2605 2428 2667 2484 in
2692 2428 2967 2485 dentium
2996 2428 3176 2486 etiam
3208 2427 3462 2485 stridore
3490 2427 3572 2484 ob
3600 2426 3715 2485 do-

2057 2517 2258 2587 lorum
2298 2518 2739 2576 vehementiam
2778 2519 3046 2576 exsistat.
3088 2518 3242 2586 Quin
3292 2522 3351 2575 et
3395 2517 3717 2575 exteriores

2058 2608 2174 2666 illas
2200 2608 2462 2666 tenebrae
2514 2608 2664 2666 alias
2706 2609 2889 2665 etiam
2936 2625 3186 2683 prorsus
3228 2624 3359 2666 esse
3405 2608 3718 2666 interiores

2060 2698 2352 2755 indicant.
2412 2701 2479 2755 Et
2507 2698 2660 2755 illud
2693 2698 2862 2772 quod
2891 2697 3119 2755 dictum
3150 2703 3239 2756 est
3262 2698 3324 2755 in
3354 2697 3714 2772 Proverbiis,

2058 2789 2132 2846 In
2154 2788 2530 2861 profundum
2555 2789 2792 2861 inferni
2801 2787 3142 2859 ",declarat
3164 2787 3470 2862 quosdam
3496 2803 3626 2845 esse
3654 2788 3718 2844 in

2059 2878 2295 2935 inferno
2312 2877 2585 2951 quidem,
2613 2877 2722 2934 sed
2737 2894 2862 2936 non
2890 2877 2952 2935 in
2981 2877 3286 2951 profundo
3323 2877 3560 2950 inferni,
3611 2875 3719 2952 qui

2058 2968 2343 3026 leviorem
2369 2984 2618 3041 poenam
2636 2968 2963 3041 perferant.
2986 2971 3154 3024 Nunc
3175 2972 3378 3025 autem
3397 2968 3515 3026 hoc
3534 2967 3719 3024 etiam

2060 3059 2122 3115 in
2153 3056 2423 3131 corporis
2439 3056 2669 3113 morbis
2689 3057 3006 3115 ostendere
3024 3057 3339 3115 licet.Nam
3356 3055 3719 3115 febricitanti

348 3150 442 3204 τὴν
482 3145 718 3203 κόλασιν.
749 3153 916 3200 Τοῦτο
947 3143 1007 3201 δε
1035 3147 1454 3225 χαρακτηρίζειν
1486 3150 1599 3201 ἔστι
1636 3152 1725 3200 καὶ
1771 3154 1859 3198 νῦν
1903 3145 1951 3199 ἓν

2065 3147 2228 3206 alteri
2302 3146 2602 3204 accedunt
2664 3152 3101 3221 symptomata,
3151 3153 3209 3204 et
3254 3146 3387 3205 aliae
3429 3146 3719 3222 quaedam

344 3238 452 3296 τοίς
488 3242 581 3288 τοῦ
616 3241 857 3309 σώματος
888 3238 1133 3293 πάθεσιν.
1187 3236 1245 3290 Ὀ
1293 3240 1383 3311 μεν
1420 3239 1523 3313 γάρ
1572 3256 1651 3300 τις
1698 3240 1953 3313 πυρέσσει

346 3326 478 3399 μετὰ
507 3327 906 3398 συμπτωμάτων
930 3330 1022 3378 καὶ
1049 3328 1165 3398 (18)
1220 3326 1384 3380 ἄλλων
1420 3312 1599 3381 παθῶν
1623 3348 1637 3362 ·
1693 3328 1720 3379 6
1771 3312 1832 3381 δέ
1872 3312 1962 3389 τις

347 3416 602 3487 πυρέσσει
641 3419 814 3487 μόνον,
848 3418 936 3467 καὶ
964 3414 1113 3476 οὗτος
1142 3414 1249 3487 οὑχ
1286 3416 1478 3489 ὁμοίως
1513 3424 1587 3488 τῷ
1626 3415 1781 3492 ἑτέρῳ
1804 3437 1818 3452 ο
1860 3421 1949 3469 καὶ

347 3502 502 3566 ἄλλος
532 3504 591 3556 οὑ
629 3506 883 3580 πυρέσσει
921 3506 1034 3577 μὲν,
1066 3501 1229 3578 ὀδύνη
1265 3501 1325 3558 δέ
1360 3524 1464 3557 τινι
1493 3505 1680 3579 μέλους
1725 3525 1954 3559 καταπο-

344 3600 507 3648 νεῖται
535 3614 548 3628 ·
581 3598 672 3647 καὶ
697 3593 848 3657 οὗτος
865 3594 1018 3647 πάλιν
1045 3592 1218 3679 ἐτέρου
1246 3593 1418 3648 πλεῖον
1450 3595 1479 3655 ἦ
1511 3595 1745 3655 ἔλαττον.
1785 3598 1950 3671 Εἴρη-

346 3700 435 3735 ται
461 3678 521 3736 δε
545 3687 635 3735 καὶ
663 3689 817 3736 τοῦτο
854 3690 927 3754 τῷ
961 3687 1137 3758 Κυρίῳ
1166 3678 1223 3736 τὸ
1255 3682 1391 3757 (19),
1418 3683 1611 3747 πολλὰς
1636 3688 1726 3737 καὶ
1748 3683 1947 3758 ὀλίγας,
1982 3702 1991 3712 ·

346 3774 482 3826 κατὰ
506 3777 600 3832 τὴν
628 3780 831 3848 χρῆσιν
869 3780 966 3836 τῆς
1006 3774 1305 3840 συνηθείας,
1335 3775 1510 3848 ὥσπερ
1561 3774 1648 3828 οὖν
1685 3779 1776 3828 καὶ
1819 3774 1950 3828 ἄλλα
1980 3828 1987 3835 _

345 3867 461 3917 τινὰ
485 3870 723 3918 τοιαῦτα.
758 3859 990 3937 Οἴδαμεν
1019 3865 1120 3940 γὰρ
1150 3862 1396 3926 πολλάκις
1420 3867 1479 3917 τὸ
1517 3872 1750 3918 τοιοῦτον
1808 3861 1947 3929 εἶδος

344 3960 436 4007 τοῦ
473 3952 629 4026 λόγου
654 3957 744 4007 καὶ
773 3950 854 4007 ἐπὶ
885 3962 985 4006 τῶν
1015 3951 1102 4027 ὑφ⁴
1143 3953 1247 4016 ένός
1266 3972 1399 4017 τινος
1427 3955 1629 4019 πάθους
1657 3960 1949 4030 κεκακωμέ-

342 4063 438 4097 νων
476 4042 1003 4121 παρα).αμϐανόμενον
1028 4065 1042 4078 ·
1103 4045 1209 4098 οἷον
1240 4047 1360 4099 ὅταν
1397 4044 1621 4120 λέγωμεν
1680 4044 1764 4100 ἰπὶ
1814 4066 1949 4110 τινος

341 4137 691 4208 πυρέσσοντος
718 4138 893 4207 μόνον,
951 4135 981 4194 ἣ
1042 4132 1303 4209 ὀφθαλμὸν
1349 4132 1697 4211 ὀδυνωμένου,
1750 4138 1950 4210 θαυμά-

344 4225 542 4292 ζοντες,
572 4226 655 4278 ὅτι
683 4228 826 4278 πόσα
863 4225 1069 4294 ἔπαθεν,
1097 4226 1127 4283 ἣ
1170 4230 1336 4287 πόσας
1384 4228 1647 4300 ὑπέμεινεν
1694 4226 1945 4300 ἀνάγκας.

340 4313 503 4369 Ὠστι
530 4319 613 4385 τὸ,
643 4313 837 4376 πολλὰς
857 4315 972 4386 (20)
999 4318 1089 4366 καὶ
1118 4312 1297 4388 ὀλίγας
1329 4312 1596 4390 δέρεσθαι,
1621 4317 1774 4371 πάλιν
1794 4318 1942 4392 λέγω,

248 4464 255 4474 ⁸
344 4404 439 4457 οὑκ
464 4403 512 4458 έν
540 4411 603 4478 τῇ
634 4410 726 4456 τοῦ
755 4406 953 4478 χρόνου
1004 4405 1299 4479 παρατάσει
1337 4404 1368 4464 ἦ
1402 4405 1796 4483 συμπληρώσει,
1838 4407 1944 4461 ἀλλ’

345 4491 394 4546 έν
422 4501 485 4567 τῇ
522 4490 753 4570 διαφορᾲ
774 4499 866 4554 τῆς
903 4491 1163 4556 κολάσεως
1190 4498 1408 4567 γίνεται.

780 4600 783 4603 ’
876 4608 1192 4675 urorum
1243 4618 1402 4678 ran’.

347 4710 493 4765 Κατὰ
517 4716 663 4765 ποῖον
690 4715 808 4764 νοῦν
837 4709 1072 4785 λέγονταί
1097 4724 1227 4773 τινες
1251 4714 1357 4766 υἱοὶ
1392 4707 1677 4782 ἀπειθείας,
1731 4717 1822 4768 καὶ
1867 4717 1943 4769 τέ-

982 4820 1080 4855 κνα
1104 4800 1262 4879 ὀργῆς
1285 4818 1302 4872 ;

949 4932 1328 4987 ΔΠΟΚΡῙΣΙΣ.

412 5014 577 5071 Τέκνα
603 5019 694 5070 καὶ
741 5015 890 5081 υἱούς
934 5035 1067 5080 τινος
1095 5017 1211 5093 (21)
1256 5017 1526 5093 ὀνομάζειν
1570 5013 1709 5074 οἶδεν
1765 5019 1791 5073 6
1836 5021 1941 5076 Κό-

2048 5082 2060 5107 κ

2061 3238 2332 3297 molestae
2361 3237 2739 3307 affectiones;
2770 3237 2918 3296 alter
2941 3254 3086 3295 vero
3114 3237 3415 3296 febricitat
3450 3242 3717 3295 tantum-

2063 3329 2269 3397 modo,
2302 3332 2360 3385 et
2389 3327 2487 3385 hic
2516 3344 2638 3385 non
2669 3326 2851 3385 simili
2878 3326 3084 3396 modo,
3112 3344 3236 3403 quo
3267 3327 3434 3386 alter.
3467 3329 3534 3384 Et
3562 3327 3717 3384 alius

2062 3436 2187 3477 non
2215 3419 2367 3476 febri
2392 3418 2663 3492 quidem,
2709 3418 2818 3475 sed
2846 3418 3121 3493 quodam
3151 3417 3413 3475 membri
3456 3418 3715 3490 alicujus

2060 3509 2269 3566 dolore
2298 3508 2724 3565 discruciatur:
2770 3513 2828 3566 et
2854 3508 2954 3565 hic
2998 3525 3211 3565 rursus
3260 3508 3379 3565 alio
3424 3507 3563 3582 plus
3613 3512 3718 3564 aut

2059 3599 2284 3657 minus.
2318 3600 2416 3654 Hae
2448 3603 2652 3655 autem
2679 3615 2861 3655 voces
2890 3600 3097 3656 multis
3118 3604 3175 3655 et
3200 3599 3434 3670 paucis,
3464 3597 3716 3672 prolatae

2060 3692 2199 3744 sunt
2226 3701 2473 3760 quoque
2520 3702 2559 3743 a
2596 3686 2851 3743 Domino
2892 3703 2966 3743 ex
3018 3690 3315 3744 consueto
3361 3702 3498 3756 usu,
3550 3685 3718 3743 velut

2058 3778 2238 3836 etiam
2261 3777 2384 3835 alia
2402 3777 2686 3850 quaedam
2710 3777 3036 3849 ejusmodi.
3058 3779 3263 3851 Neque
3289 3776 3454 3834 enim
3473 3777 3716 3849 ignora-

2058 3884 2196 3926 mus
2226 3866 2581 3940 hujusmodi
2601 3866 2893 3940 loquendi
2914 3881 3105 3939 genus
3143 3882 3304 3941 saepe
3329 3869 3404 3923 de
3433 3865 3505 3923 iis
3529 3864 3714 3923 etiam

2057 3958 2163 4034 qui
2195 3974 2317 4015 uno
2340 3957 2544 4031 aliquo
2565 3957 2782 4013 morbo
2804 3954 3501 4031 afﬂictantur,usurpari.
3529 3954 3715 4013 veluti

2057 4066 2198 4107 cum
2228 4047 2304 4105 de
2326 4047 2531 4121 aliquo
2548 4047 2795 4105 homine
2814 4047 3110 4104 duntaxat
3119 4046 3622 4116 febricitante,aut
3632 4045 3713 4103 ab

2055 4138 2247 4197 oculis
2257 4136 2499 4195 dolente
2510 4135 3714 4210 mirabundidicimus,tlicquotetquanta

2057 4226 2647 4296 sustinuitmala,aut
2658 4232 3127 4300 quotetquantos
3138 4227 3374 4301 pertulit
3386 4227 3711 4284 cruciatus.

2058 4317 2470 4387 Quamobrem
2485 4316 2930 4389 illud,multiset
2940 4318 3155 4389 paucis
3173 4316 3713 4388 vapulare,iterum

2055 4409 2213 4477 dico,
2258 4422 2654 4481 nequaquam
2703 4405 2949 4480 porrigi,
3001 4411 3108 4464 aut
3134 4405 3425 4480 compleri
3455 4423 3527 4464 ae
3554 4406 3714 4464 ﬁniri

1975 4540 2020 4594 Β
2054 4504 2322 4571 tempus,
2357 4496 2462 4553 sed
2493 4496 2859 4570 supplicium
2891 4496 3197 4554 diversum
3226 4512 3359 4554 esse
3390 4496 3707 4568 signiﬁcat.

2345 4621 2521 4696 508
2562 4624 3074 4680 INTERROGATIO
3112 4623 3424 4678 CCLXVIII.

2056 4715 2181 4784 Quo
2207 4727 2383 4771 sensu
2404 4713 2693 4771 dicantur
2713 4711 2957 4786 quidam
2983 4711 3103 4782 ﬁlii
3129 4711 3520 4769 contumacia
3539 4710 3604 4785 ’7,
3653 4716 3707 4771 et

2709 4803 2827 4872 ﬁlia
2856 4801 3045 4859 ira".

2671 4930 3083 4988 BESPONSIO.

2124 5018 2296 5079 Filios
2346 5017 2626 5092 alicujus,
2682 5018 2808 5076 sive
2848 5016 3048 5076 bonus
3094 5015 3220 5075 sive
3269 5014 3471 5075 malus
3505 5016 3703 5091 fuerit,

409 5154 459 5198 ²⁸
484 5159 688 5219 Matth.
717 5176 858 5227 xxv,
888 5163 979 5220 46.
1057 5165 1105 5200 ³⁸
1131 5165 1306 5223 Prov.
1331 5180 1414 5238 ιι,
1451 5167 1536 5222 18.
1613 5165 1658 5201 ²⁷
1683 5154 1908 5240 Ἐρὶιθε.
1937 5182 1953 5214 π

2068 5197 2083 5223 ι
2160 5160 2209 5202 ³⁸
2237 5164 2458 5239 Ephes.
2487 5180 2547 5237 ιι,
2573 5168 2627 5223 3.

413 5300 526 5379 (i5l
555 5303 946 5386 Veteresduo
964 5305 1103 5365 libri
1125 5308 1372 5386 ἑκατέρων
1394 5307 1583 5373 έπίσης
1612 5318 1800 5366 κεῖται.
1838 5308 1948 5367 Alii

348 5375 468 5455 duo
492 5375 1284 5455 ωεεηοῑᾷοάὶιὶηῖσως,κεῖταιξ
1313 5384 1585 5455 Utraque
1620 5398 1762 5455 τοι,
1816 5385 1945 5444 ἴσως

350 5451 408 5528 et
436 5446 708 5528 istacin
727 5450 1153 5528 Vossiicodice
1171 5452 1407 5528 legitur.
1422 5446 1589 5528 Haud
1613 5446 1793 5526 longe
1809 5470 1946 5528 par-
1980 5468 1983 5473 ‘

353 5518 592 5599 ticulam
619 5526 722 5599 γάρ
754 5521 963 5599 addidi
987 5538 1061 5599 εξ
1087 5518 1263 5599 libris
1275 5526 1574 5599 antiquis.

421 5589 439 5654 (
448 5591 530 5645 16)
545 5589 745 5657 Codex
775 5593 941 5652 Colb.
970 5594 1230 5648 κολάσεων
1262 5592 1436 5656 δηλοῖς

421 5659 443 5733 ζ
451 5664 514 5716 17
524 5662 539 5722 )
567 5663 727 5723 Unus
754 5682 869 5724 ms.
900 5668 1149 5742 κλαυθμῷ
1177 5671 1337 5743 μόνῳ.

2125 5310 2240 5384 (18)
2261 5309 2461 5369 Codex
2482 5307 2647 5384 Cle.
2675 5304 2838 5384 ᾣέλων
2867 5315 3016 5360 τινῶν
3028 5308 3240 5384 παθῶν.

2125 5379 2240 5463 (19)
2273 5384 2505 5439 Veteres
2524 5381 2648 5463 duo
2680 5379 2820 5437 libri
2848 5396 2987 5463 cum
3028 5380 3338 5463 Yoss._6w6
3368 5385 3460 5432 τοῦ
3485 5382 3700 5453 Κυρίου.

2053 5449 2379 5535 Aliquanto
2409 5458 2548 5535 post
2574 5453 2698 5508 duo
2730 5468 2877 5535 mss.
2916 5459 3017 5535 τῷν
3047 5449 3121 5523 ἐφ’
3152 5451 3289 5535 ἐνὸς..
3447 5521 3467 5535 η

2273 5522 2430 5581 Εόὶῐῖ
2459 5524 2619 5577 Ὠστε
2674 5522 2885 5585 πολλάς.
2945 5528 3017 5579 At
3064 5522 3215 5579 mss.
3276 5527 3393 5579 tres
3447 5522 3608 5576 Ὠστε
3643 5525 3703 5577 τὸ

2183 5617 2265 5649 ας.

2052 5617 2265 5659 πόλιας.

2126 5670 2244 5743 (21)
2274 5671 2417 5741 Reg.
2452 5665 2760 5726 secundus
2789 5670 2846 5724 et
2870 5664 3011 5724 editi
3038 5670 3191 5721 τέκνα
3217 5670 3308 5721 καὶ
3336 5667 3485 5729 υἱούς
3537 5685 3700 5731 τινας.
