4120 6406
326 374 456 440 sset

1461 349 1766 410 REGULIE
1805 344 2098 404 BREVIUS
2141 347 2556 406 TBACTATIE.

3563 351 3701 408 1282

323 493 589 568 ὀνομάζει,
645 488 804 560 λέγων
865 488 995 558 πρὸς
1051 485 1172 544 τοὺς
1231 481 1462 540 εἰπόντας
1514 482 1595 549 τό,
1637 477 1927 549 Ἐφάγομεν

2050 489 2198 545 opus
2223 472 2508 546 appellat,
2539 475 2644 530 ubi
2675 491 2778 531 eos
2806 477 2912 548 qui
2955 475 3253 540 dixerunt,
3293 476 3696 532 Manducavi-

323 584 534 638 ἐνώπιόν
604 599 721 645 σου,
778 581 870 629 καὶ
935 577 1001 627 τὰ
1067 573 1180 635 ἑξῆς
1213 593 1225 604 ·
1292 571 1585 628 ’Λπόστητε
1649 567 1735 620 ἀπ’
1783 565 1932 638 ἐμοῦ,

323 676 508 732 πάντες
584 669 800 744 ὶργάται
884 660 1120 724 ἀδικίας.
1191 668 1308 722 Πῶς
1381 663 1480 736 γὰρ
1551 659 1644 710 ούκ
1713 653 1934 717 ἀδικίας

323 764 536 839 ἐργάται
593 762 642 812 οἱ
697 764 811 819 ταῖς
851 763 942 808 τοῦ
1002 759 1136 806 Θεοῦ
1187 749 1404 827 δωρεαῖς
1462 751 1528 811 εἰς
1566 750 1932 823 πραγματείαν

323 861 423 906 τῶν
475 848 622 903 ἰδίων
661 843 863 906 ἡδονῶν
911 847 1310 917 καταχρώμενοι
1344 859 1358 907 ;
1401 842 1522 893 Οἶον
1562 836 1696 898 ἦσαν
1747 837 1932 889 ἐκεῖνοι

323 947 442 1017 περὶ
492 939 559 993 ὧν
613 958 770 1012 φησιν
819 939 846 989 6
887 933 1203 996 Ἀπόστολος
1233 954 1248 966 ο
1303 932 1379 984 Ou’
1431 935 1530 1004 γὰρ
1563 931 1715 1002 ἐσμεν
1755 931 1823 990 ὡς
1884 928 1934 979 οἱ

322 1031 504 1084 πολλοὶ
567 1027 934 1087 καπηλεύοντες
1013 1028 1100 1077 τόν
1181 1022 1334 1094 λόγον
1408 1029 1502 1074 τοῦ
1571 1026 1706 1073 Θεοῦ
1751 1035 1764 1048 ⁸
1845 1021 1936 1069 καὶ

325 1121 478 1174 πάλιν
512 1140 526 1154 ο
567 1117 900 1190 Νομιζόντων
940 1117 1200 1188 πορισμόν
1227 1109 1356 1164 εἶναι
1406 1115 1500 1169 τὴν
1527 1107 1811 1173 εὐσέϐειαν,
1841 1112 1933 1159 καὶ

323 1209 485 1263 πολλὰ
514 1213 751 1261 τοιαῦτα.
784 1207 879 1258 Ὧν
934 1204 1172 1256 ἀπάντων
1197 1203 1496 1275 καθαρεύων
1550 1194 1934 1251 ἀποδέδεικται

321 1301 445 1370 ἡμῖν
470 1298 498 1350 6
527 1296 683 1358 αὐτὸς
708 1293 1030 1355 Ἀπόστολος
1063 1289 1135 1344 δι’
1167 1292 1234 1342 ὧν
1257 1309 1415 1363 φησιν
1442 1310 1454 1324 ·
1490 1289 1613 1361 Ούχ
1633 1291 1702 1349 ὡς
1731 1285 1931 1360 ἀνθρὼ-

319 1406 438 1449 ποις
474 1384 797 1461 ἀρέσκοντες,
832 1382 960 1435 ἀλλὰ
987 1389 1103 1453 Θεῷ
1123 1389 1196 1452 τῷ
1227 1377 1570 1452 δοκιμάζοντι
1601 1380 1692 1440 τὰς
1714 1372 1933 1452 καρδίας

322 1477 487 1550 ἡμῶν.
517 1479 650 1528 Οὔτε
699 1476 802 1548 γάρ
855 1491 980 1525 ποτε
1010 1471 1058 1523 ἐν
1112 1471 1246 1542 λόγῳ
1293 1469 1564 1530 κόλακείας
1615 1466 1930 1539 ἐγενήθημεν

319 1569 441 1641 ύμῖν
486 1569 624 1634 (59),
665 1566 837 1626 καθὼς
895 1559 1093 1627 οἴδατε,
1127 1565 1244 1613 οὔτε
1277 1561 1536 1632 προφάσει
1587 1557 1884 1620 πλεονεξίας
1915 1577 1928 1590 ·

321 1661 447 1718 Θεὸς
471 1659 672 1730 μάρτυς
695 1676 708 1689 ο
741 1657 856 1707 οὔτε
882 1654 1158 1714 ζητοῦντες
1197 1650 1250 1713 ἐξ
1279 1650 1562 1726 ἀνθρώπων
1593 1645 1778 1714 δόξαν,
1813 1649 1912 1699 οὔτ
1967 1683 1972 1688 ρ

320 1745 408 1819 ἀφ’
443 1746 608 1818 ὑμῶν,
642 1747 758 1798 οὔτε
783 1742 872 1796 ἀπ’
904 1741 1090 1824 ἄλλων.

859 1941 1174 1992 ΕΡΩΤΗΣΙΡ
1233 1935 1390 1992 XIII".

390 2047 453 2102 Εἰ
483 2048 508 2100 6
534 2054 693 2101 ποιῶν
716 2049 773 2100 τό
808 2046 1004 2118 θέλημά
1029 2063 1166 2106 τινος
1189 2047 1429 2103 κοινωνός
1457 2042 1600 2096 ἔστιν
1634 2040 1845 2099 ἐκείνου.

947 2228 1321 2277 ΑΠΟΚΡΙΣΙΣ.

394 2335 453 2390 Εἰ
511 2333 821 2405 πιστεύομεν
879 2339 952 2403 τῷ
996 2335 1170 2406 Κυρίῳ
1227 2330 1426 2402 λέγοντι
1461 2351 1474 2364 ο

321 2430 416 2484 τήν
483 2423 741 2500 ἁμαρτίαν
824 2417 1006 2482 δοῦλός
1084 2420 1196 2475 ἐστι
1277 2440 1372 2482 της
1453 2419 1708 2493 ἁμαρτίας
1752 2441 1765 2454 ο
1842 2425 1931 2472 καὶ

597 2519 759 2586 ³Υμεῖς
817 2511 870 2564 ἐκ
936 2518 1027 2564 τοῦ
1094 2515 1291 2584 πατρός
1362 2517 1453 2562 τοῦ
1511 2510 1628 2579 (60)
1684 2506 1931 2563 διαϐόλου

1527 2335 1637 2392 na;
1688 2331 1714 2382 6
1771 2337 1931 2384 ποιῶν

325 2514 477 2568 πάλιν
519 2534 532 2547 ο

329 2605 462 2669 ἕστε,
526 2608 615 2654 καὶ
674 2603 764 2662 τὰς
823 2602 1103 2674 ἐπιθυμίας
1158 2607 1250 2652 τοῦ
1313 2601 1508 2672 πατρός
1559 2601 1702 2671 ὑμῶν
1771 2599 1934 2652 θέλετε

323 2698 486 2746 ποιεῖν
528 2713 541 2725 ·
606 2687 841 2764 οἴδαμεν,
913 2691 993 2743 ὅτι
1058 2690 1187 2762 οὐχὶ
1252 2692 1495 2748 κοινωνός
1542 2687 1734 2753 ἅπλῶς,
1800 2686 1930 2740 ἀλλά

323 2784 500 2856 κύριον
560 2779 748 2833 ἑαυτοῦ
817 2784 907 2832 καὶ
968 2782 1168 2853 πατέρα
1226 2778 1566 2852 ἐπιγράφεται
1621 2777 1828 2844 ἐκεῖνον,
1871 2777 1932 2830 οὗ

321 2875 380 2925 τό
430 2873 577 2946 ἔργον
619 2876 780 2937 ποιεῖ,
834 2872 967 2922 κατά
1003 2873 1096 2927 τὴν
1137 2876 1229 2922 τοῦ
1289 2873 1483 2942 Κυρίου
1535 2871 1725 2940 φωνήν.
1777 2874 1932 2942 Μαρ-

323 2967 465 3036 τυρεῖ
511 2956 571 3013 δε
604 2966 754 3012 τοῦτο
797 2967 974 3031 σαφῶς
1020 2963 1110 3010 καὶ
1141 2959 1166 3010 6
1201 2956 1534 3022 Ἀπόστολος,
1585 2955 1745 3028 λέγων
1772 2975 1786 2990 ·
1821 2955 1933 3007 Οὐκ

326 3045 522 3120 οἴδατε,
555 3049 636 3102 ὅτι
727 3049 1066 3122 παριστάνετε
1092 3046 1304 3108 ἑαυτοὺς
1328 3042 1550 3106 δούλους
1581 3043 1652 3106 εἰς
1675 3046 1929 3115 ὑπακοὴν,

325 3135 502 3192 δοῦλοί
532 3137 645 3192 ἕστε
747 3139 1052 3204 ὑπακούετε,
1085 3141 1202 3197 ἤτοι
1251 3135 1511 3212 ἁμαρτίας
1540 3133 1611 3197 εἰς
1644 3134 1860 3187 θάνατον
1901 3133 1930 3193 ἦ

322 3229 560 3289 ὑπακοῆς
589 3227 661 3290 εἰς
689 3223 1032 3285 δικαιοσύνην
1059 3243 1072 3291 ;

866 3357 1182 3405 urorum:
1241 3349 1399 3408 me:

326 3459 446 3512 Ἐὰν
474 3457 763 3531 πτωχεύσῃ
793 3454 1200 3531 ἀδελφότηςξδιὰ
1227 3461 1540 3531 περίστασιν
1564 3456 1592 3515 ἣ
1627 3459 1779 3531 νόσον
1797 3457 1933 3531 (61),

400 3531 443 3584 εἰ
473 3526 781 3602 ἀδιάκριτόν
812 3526 937 3582 ἐστι’
976 3529 1101 3602 παρ’
1129 3526 1311 3603 ἑτέρων
1365 3526 1644 3603 λαμβάνειν
1692 3529 1762 3580 τὰ
1806 3530 1932 3603 πρός

398 3607 492 3662 τὴν
521 3597 706 3677 χρείαν
731 3623 743 3636 ο
779 3607 868 3654 καὶ
908 3601 951 3654 εἰ
973 3597 1102 3676 χρὴ,
1129 3597 1272 3673 παρά
1301 3597 1450 3652 τίνων
1470 3597 1714 3670 λήψεται.

925 3783 1260 3832 ΑΠΟΚῙΡΙΣ.

414 3897 456 3944 Ο
520 3891 850 3964 μνημονεύων
911 3895 1003 3941 τοῦ
1073 3890 1266 3961 Κυρίου
1333 3884 1583 3953 εἰπόντος,
1647 3882 1752 3956 Ἐφ’
1813 3885 1932 3935 ὅσον

328 3981 608 4041 ἐποιήσατε
669 3982 742 4032 ἕνὶ
798 3980 994 4031 τούτων
1057 3986 1156 4029 τῶν
1218 3971 1450 4047 ἀδελφῶν
1503 3993 1604 4048 μου
1658 3980 1756 4025 τῶν
1813 3972 1932 4025 ἐλα-

323 4075 568 4144 χίστων,
634 4068 746 4141 ἐμοὶ
820 4067 1138 4137 ἐποιήσατε,
1215 4060 1469 4139 φροντίδα
1545 4061 1737 4122 πολλὴν
1804 4064 1934 4135 μετὰ

328 4154 570 4220 σπουδῆς
611 4156 842 4219 πλείονος
871 4161 959 4208 καὶ
995 4154 1286 4228 ἐπιμελείας
1340 4153 1568 4207 ποιείται
1611 4152 1752 4216 ἄξιος
1805 4150 1934 4204 εἶναι

325 4245 545 4322 ἀδελφός
600 4255 691 4300 τοῦ
755 4250 951 4320 Κυρίου
1011 4245 1130 4314 (62)
1190 4245 1465 4316 τετάχθαι.
1526 4242 1643 4296 Ἐὰν
1706 4237 1796 4293 οὖν
1853 4260 1934 4302 τις

323 4340 554 4399 τοιούθος
616 4333 670 4411 ᾖ,
729 4336 800 4410 μὴ
860 4330 1211 4409 διακρινέσθω
1256 4332 1551 4405 λαμϐάνων,
1605 4329 1712 4382 ἀλλ’
1763 4329 1932 4402 εύχα-

320 4431 584 4502 ριστείτω.
630 4427 780 4500 Παρά
817 4428 966 4476 τίνων
1018 4418 1077 4474 δὲ
1122 4425 1232 4496 χρὴ
1295 4420 1592 4494 λαμϐάνειν,
1642 4424 1733 4472 καὶ
1785 4423 1929 4484 πότε,

2042 579 2174 619 mus
2195 579 2396 620 coram
2420 570 2495 631 te,
2521 569 2655 632 etc.,
2686 565 2772 620 sic
2803 565 3126 637 alloquitur
3158 584 3171 621 :
3200 567 3494 622 Discedite
3522 582 3559 622 a
3580 583 3693 632 me,

2044 670 2243 711 omnes
2271 656 2539 725 operarii
2559 656 2894 727 iniquitatis
2916 656 2982 710 ³⁵.
3009 655 3325 720 Quomodo
3372 656 3531 712 enim
3570 671 3695 712 non

2046 749 2243 800 essent
2271 745 2528 817 operarii
2560 744 2914 816 iniquitatis,
2941 743 3044 816 qui
3067 745 3167 800 Dei
3196 745 3373 800 donis
3395 745 3472 800 ad
3501 745 3703 818 inqui-

2045 834 2266 890 rendas
2293 851 2434 890 suas
2471 834 2804 907 voluptates
2833 833 3164 889 abutuntur
3185 834 3212 889 ?
3257 833 3473 900 Quales
3525 839 3703 891 erant

2043 924 2147 994 illi,
2181 925 2256 980 de
2281 925 2504 997 quibus
2528 924 2671 980 dicit
2702 924 3020 996 Apostolus
3051 941 3063 979 :
3111 925 3247 979 Non
3285 915 3441 980 enim
3489 939 3694 980 sumus

2043 1016 2465 1083 sicutplurimi
2483 1015 2898 1070 adulterantes
2917 1014 3161 1069 verbum
3183 1014 3358 1069 Dei“.
3380 1015 3446 1070 Et
3462 1029 3698 1070 rursus:

2047 1105 2538 1161 Existimantium
2566 1109 2857 1176 quaestum
2902 1118 3022 1159 esse
3047 1104 3331 1171 pietatem
3349 1103 3419 1169 ³⁷,
3454 1107 3510 1158 et
3535 1103 3701 1173 ejus-

2042 1193 2180 1250 dem
2211 1194 2448 1263 generis
2478 1193 2688 1250 multa.
2707 1198 2754 1249 Α
2778 1192 3002 1266 quibus
3027 1192 3312 1248 omnibus
3340 1207 3474 1248 esse
3495 1207 3557 1247 se
3590 1208 3699 1265 pu-

2040 1299 2178 1340 rum
2201 1283 2380 1340 nobis
2417 1282 2744 1340 declaravit
2776 1281 3116 1355 Apostolus,
3147 1281 3242 1338 his
3279 1281 3478 1337 verbis
3515 1298 3527 1338 :
3561 1282 3699 1338 Non

2040 1376 2217 1447 quasi
2240 1374 2582 1432 hominibus
2598 1375 2924 1444 placentes,
2945 1374 3049 1429 sed
3076 1374 3199 1429 Deo
3227 1374 3328 1443 qui
3360 1373 3409 1445 5
3424 1374 3466 1443 ι
3483 1373 3534 1446 5
3557 1389 3698 1443 pro-

2043 1465 2144 1522 bat
2173 1465 2357 1522 corda
2387 1471 2615 1520 nostra.
2645 1465 2851 1536 Neque
2885 1465 3040 1542 enim
3097 1463 3431 1534 aliquando
3470 1464 3701 1532 fuimus

2040 1556 2203 1613 vobis
2239 1557 2302 1611 in
2329 1570 2598 1613 sermone
2643 1555 3039 1615 adulationis,
3089 1554 3241 1609 sicut
3278 1555 3480 1617 scitis;
3516 1569 3703 1626 neque

2039 1649 2105 1702 in
2129 1647 2438 1703 occasione
2465 1646 2742 1701 avaritiae
2770 1660 2791 1700 .°
2828 1645 2986 1700 Deus
3018 1645 3182 1700 testis
3221 1648 3344 1708 est;
3393 1659 3501 1700 nec
3538 1660 3696 1715 qua-

2040 1742 2240 1793 rentes
2275 1737 2352 1793 ab
2383 1735 2739 1802 hominibus,
2766 1735 3047 1806 gloriam,
3107 1748 3295 1806 neque
3325 1748 3362 1790 α
3393 1735 3576 1799 vobis,
3601 1749 3700 1792 ne-

1960 1831 2002 1886 Β
2041 1843 2155 1901 que
2181 1828 2258 1884 ab
2287 1827 2429 1884 aliis
2452 1828 2523 1882 ⁸⁸.

2397 1935 2912 1991 INTERROGATIO
2981 1931 3341 1988 CCLXXXIII.

2041 2045 2139 2102 An
2169 2045 2277 2118 qui
2296 2045 2638 2115 cujuspiam
2672 2044 2829 2114 facit
2870 2042 3271 2168 ttioluntatem,
3309 2040 3502 2096 socius
3532 2041 3697 2098 illius

2825 2130 2875 2168 ει
2909 2155 2922 2168 .

2825 2130 2922 2169 εει.

2664 2222 3078 2278 HESPONSIO.

2113 2331 2169 2388 Si
2208 2329 2509 2387 credimus
2545 2329 2815 2396 Domino,
2845 2329 2949 2402 qui
2979 2327 3162 2383 dicit:
3211 2328 3414 2384 Omnis
3455 2329 3561 2400 qui
3606 2329 3705 2398 fa-

2043 2422 2123 2478 cit
2171 2425 2503 2491 peccatum,
2559 2435 2766 2477 servus
2823 2423 2907 2474 est
2950 2418 3292 2487 peccati”;
3325 2421 3383 2473 et
3432 2417 3697 2475 iterum:

2055 2511 2163 2566 Vos
2193 2526 2267 2567 ea:
2291 2518 2469 2579 patre
2491 2509 2732 2565 diabolo
2754 2509 2972 2577 estis,et
2988 2507 3285 2564 desideria
3301 2509 3494 2576 patris
3523 2509 3705 2564 vestri

2043 2601 2450 2672 vultisfacere
2471 2601 2517 2634 ⁹⁰
2543 2617 2556 2667 ;
2581 2597 2971 2670 intelligimus
2999 2597 3166 2670 quod
3199 2613 3320 2652 non
3351 2597 3703 2670 simpliciter

2043 2690 2262 2747 exstitit
2283 2689 2499 2757 socius,
2525 2687 2632 2745 sed
2664 2687 2978 2744 dominum
3013 2690 3070 2742 et
3095 2692 3328 2759 patrem
3359 2703 3540 2744 suum
3567 2704 3706 2744 con-

2045 2780 2232 2836 stituit
2259 2795 2419 2849 eum,
2455 2779 2628 2850 cujus
2656 2794 2811 2851 opus
2852 2777 2990 2834 facit
3013 2777 3186 2847 juxta
3235 2776 3432 2850 ipsam
3465 2777 3702 2834 Domini

2044 2885 2280 2926 vocem.
2321 2868 2471 2934 Quin
2503 2872 2560 2924 et
2597 2865 2919 2940 Apostolus
2951 2866 3269 2938 perspicue
3298 2864 3564 2938 idipsum
3591 2870 3680 2922 tes

2044 2963 2222 3028 tatur,
2253 2958 2350 3014 his
2376 2957 2573 3012 verbis
2603 2974 2616 3012 :
2647 2957 2905 3013 Nescitis
2948 2959 3231 3026 quoniam
3271 2956 3372 3011 cui
3412 2956 3706 3013 exhibetis

2045 3063 2146 3105 vos
2174 3062 2374 3104 servos
2415 3046 2498 3103 ad
2533 3045 2946 3110 obediendum,
3004 3045 3166 3100 servi
3211 3045 3346 3100 estis
3399 3046 3549 3113 ejus,
3609 3047 3710 3102 cui

2045 3137 2468 3203 obeditis,‘sive
2493 3137 2729 3206 peccati
2757 3135 2838 3191 ad
2863 3138 3132 3201 mortem,
3181 3135 3302 3190 sive
3353 3133 3706 3192 obeditionis

2045 3228 2129 3284 ad
2142 3227 2448 3298 justitiam
2466 3227 2509 3261 ⁹¹
2535 3224 2563 3280 ?

2400 3347 2914 3408 INTERROGATIO
2977 3343 3340 3404 CCLXXXIV.

2042 3463 2110 3518 Si
2134 3463 2199 3518 in
2224 3467 2483 3533 egestate
2507 3461 2583 3516 sit
2603 3461 2813 3532 aliqua
2837 3460 3110 3533 fratrum
3136 3458 3384 3514 societas
3400 3457 3479 3533 ob
3497 3473 3703 3533 quem-

2115 3529 2719 3590 dam'adversitatem'
2764 3538 2872 3588 aut
2914 3529 3208 3595 morbum,
3243 3529 3521 3602 nunquid
3575 3531 3704 3587 sine

2116 3607 2249 3661 ulla
2287 3606 2664 3660 dubitatione
2692 3603 2767 3658 ab
2798 3603 2940 3658 aliis
2967 3603 3152 3669 possit
3183 3603 3522 3656 necessaria
3560 3605 3702 3659 reci~

2114 3692 2275 3748 pere.
2306 3678 2384 3732 Et
2409 3677 2462 3732 si
2483 3677 2780 3739 convenit,
2809 3689 2845 3730 a
2871 3674 3086 3745 quibus
3108 3673 3234 3729 haec
3253 3674 3529 3742 accipiet.

2669 3780 3084 3838 RESPONSIO.

2117 3891 2397 3966 Quisquis
2421 3905 2653 3946 memor
2673 3892 2762 3945 cst
2784 3887 3041 3956 Domini,
3074 3887 3179 3960 qui
3203 3887 3368 3958 dixit,
3395 3887 3701 3954 Quatenus

2037 3984 2265 4056 fecistis
2317 3981 2425 4037 uni
2460 3996 2535 4037 ex
2576 3979 2665 4035 his
2692 3978 2996 4050 fratribus
3049 3979 3191 4033 meis
3221 3978 3508 4048 minimis,
3553 3977 3704 4035 mihi

2040 4074 2352 4144 fecistis”,
2386 4069 2715 4127 studiosius
2768 4067 3236 4142 diligentiusque
3285 4065 3540 4124 multum
3590 4069 3701 4126 ad-

2041 4163 2207 4220 hibet
2264 4177 2443 4230 cura,
2493 4163 2560 4216 ut
2596 4159 2816 4228 dignus
2877 4157 2948 4214 sit
2997 4157 3103 4230 qui
3137 4157 3371 4213 Domini
3408 4156 3702 4215 habeatur

2041 4254 2241 4310 frater.
2275 4251 2331 4306 Si
2390 4249 2526 4323 quis
2573 4248 2752 4319 igitur
2805 4246 2980 4302 fuerit
3025 4243 3405 4316 hujusmodi,
3444 4243 3703 4318 accipiat

2042 4343 2192 4400 citra
2220 4340 2409 4397 ullam
2441 4337 2901 4405 haesitationem,
2935 4334 3038 4391 sed
3069 4335 3294 4405 gratias
3323 4336 3536 4405 agat.A
3570 4349 3702 4406 qui-

2039 4433 2156 4490 bus
2185 4436 2388 4488 autem
2427 4429 2696 4502 accipere
2719 4425 3054 4492 conveniat,
3079 4428 3135 4479 et
3155 4424 3425 4498 quando,
3460 4427 3516 4479 et
3545 4439 3698 4496 quo-

322 4521 412 4568 καὶ
441 4524 570 4582 πῶς,
612 4517 637 4568 6
669 4520 762 4574 τὴν
788 4518 964 4572 κοινὴν
995 4507 1250 4588 φροντίδα
1277 4510 1670 4582 ἐπιτεταγμένος
1710 4505 1933 4581 δοκιμά-

2050 4522 2247 4588 modo,
2273 4518 2610 4594 expendere
2633 4516 2810 4572 debet
2839 4515 2887 4570 is
2910 4514 3007 4569 cui
3035 4513 3380 4569 concredita
3418 4517 3508 4568 est
3537 4528 3698 4567 com-

325 4605 432 4668 ζειν
464 4604 650 4678 ὀφείλει
674 4626 686 4638 ο
720 4605 1051 4678 μνημονεύων
1090 4619 1182 4653 του
1222 4595 1390 4654 Δαϐίδ
1420 4599 1650 4658 εἰπόντος
1681 4618 1694 4630 ’
1725 4595 1932 4650 Ἐλαιον

321 4694 631 4770 ἂμαρτωλοῡ
661 4699 732 4768 μὴ
757 4694 1020 4782 λιπανάτω
1049 4695 1143 4750 τὴν
1164 4689 1388 4763 κεφαλήν
1427 4708 1527 4762 μου
1553 4708 1566 4720 ·
1616 4691 1706 4738 καὶ
1734 4684 1890 4738 πάλιν
1915 4698 1928 4712 ⁸

325 4790 666 4860 Πορευόμενος
697 4785 743 4839 ἐν
775 4777 883 4856 ὁδῷ
912 4781 1133 4857 ἀμωμῳ,
1165 4780 1316 4843 οὗτὸς
1346 4799 1438 4854 μοι
1465 4777 1792 4851 ῡιειτούργει·

395 5075 442 5110 ⁸⁵
476 5075 614 5129 Luc.
654 5087 778 5140 xm,
808 5074 898 5139 26,
923 5075 1012 5128 27.

319 5149 411 5206 44.
489 5147 950 5214 οίιιουα,νπ,ιο.

1094 5070 1140 5105 ⁸⁸
1172 5072 1218 5125 ΙΙ
1249 5070 1380 5127 Cor.
1409 5084 1471 5134 1:,
1509 5071 1592 5123 t7.

1027 5144 1076 5179 ⁹²
1102 5141 1303 5199 Matth.
1334 5155 1473 5210 xxv,
1509 5142 1598 5195 40.

397 5379 505 5449 (59)
537 5375 669 5449 Vox
707 5371 1020 5449 bpzideest
1043 5371 1106 5449 in
1133 5374 1274 5449 Reg.
1308 5367 1601 5449 secundo.

396 5438 502 5516 (603
534 5438 926 5504 Codex'Colb.
950 5447 1147 5518 πατρὸς
1174 5438 1447 5518 ὑμῶντου.
1483 5443 1618 5518 Mox
1652 5438 1794 5518 editi
1819 5459 1926 5492 κοι-

325 5510 497 5569 me;
522 5518 710 5603 ἀπλῶς.
737 5520 974 5575 Veteres
1001 5510 1265 5589 quatuor
1292 5513 1428 5570 libri
1475 5516 1692 5586 praeter
1747 5510 1927 5568 Voss.

326 5609 386 5643 κο
393 5608 560 5648 ινωνος
569 5630 581 5643 ο

394 5661 504 5733 (61)
537 5659 686 5718 Editi
713 5664 767 5720 et
797 5663 942 5733 Reg.
974 5658 1182 5718 tertius
1219 5662 1528 5733 περίστασιν
1558 5657 1742 5711 νόσων.
1784 5657 1926 5727 Reg.

1671 5067 1716 5102 ⁸⁷
1745 5069 1766 5121 1
1792 5065 1941 5123 Tim.
1966 5080 2043 5131 VI,
2077 5067 2128 5120 5.

1676 5139 1726 5174 ³³
1755 5137 1908 5195 Psal.
1940 5152 2069 5208 CXL,
2103 5139 2154 5191 5.

2043 4611 2244 4670 munis
2269 4607 2604 4676 cura,adeo
2628 4610 2690 4661 ut
2712 4602 3060 4661 recordetur
3088 4600 3349 4670 Davidis,
3382 4599 3485 4673 qui
3508 4599 3694 4656 dixit:

2044 4702 2253 4758 Oleum
2279 4696 2613 4770 peccatoris
2634 4710 2707 4750 ne
2727 4692 3055 4762 impinguet
3086 4695 3268 4759 caput
3291 4705 3480 4745 meum
3505 4689 3576 4745 ⁸³.
3616 4693 3697 4744 Ac

1990 4822 1993 4824 -
2040 4807 2251 4847 rursus
2286 4807 2300 4845 :
2333 4786 2673 4844 Ambulans
2719 4783 2782 4838 in
2813 4781 2912 4837 via
2953 4779 3369 4848 immaculata,
3419 4777 3516 4834 hic
3545 4777 3694 4834 mihi

2040 4879 2430 4940 ministrabat
2452 4877 2520 4931 ’⁸.

2206 5061 2252 5096 ⁸⁸
2295 5063 2312 5114 l
2339 5058 2545 5114 Thess.
2574 5071 2633 5121 ll,
2663 5055 2778 5111 4-6.
2856 5051 2904 5086 ⁸³
2935 5051 3106 5106 loau.
3131 5063 3251 5115 Vill,
3285 5050 3374 5106 34.
3450 5047 3500 5084 9°
3529 5045 3686 5104 ibid.

2233 5133 2282 5170 ’⁸
2314 5129 2465 5188 Psal.
2499 5143 2549 5195 (ς,
2575 5132 2626 5182 6.

2029 5352 2339 5438 secundus
2377 5366 2688 5438 περίστασιν
2718 5360 2968 5438 ᾖῼνόσον,
3010 5359 3187 5410 recte.
3221 5351 3430 5409 Statim
3473 5350 3616 5407 editi
3648 5352 3695 5402 εί

2038 5436 2326 5504 διάκριτον.
2368 5427 2610 5492 Αίήἲεε.
2645 5432 2688 5484 εἰ
2717 5427 3045 5504 ἀδιάκριτον..

2109 5493 2221 5581 (ὃέ)
2248 5513 2387 5578 Reg.
2443 5505 2669 5581 primus
2703 5493 2970 5581 eti/oss.
3015 5499 3065 5550 ἐν
3111 5493 3422 5569 ἀδελφότητι
3449 5514 3539 5547 του
3575 5499 3686 5546 Κυ-

2037 5569 2172 5659 ρίου.
2207 5569 2404 5638 Οοᾶὲι
2426 5569 2586 5634 Colb.
2623 5575 2670 5628 ἐν
2695 5569 2933 5644 ἀδελφοῖς
2965 5589 3080 5624 του.
