4120 6388
344 364 478 421 1285

1470 353 1775 412 REGULIE
1816 349 2108 410 BREVIUS
2146 351 2550 414 THACTATE.

3571 363 3710 420 1286

339 492 420 543 ὃτι
463 495 534 559 τῷ
578 491 842 556 Βαπτιστῇ
892 482 1098 556 Ἰωάννῃ
1156 481 1565 554 ἕξωμολογοῦντο
1619 483 1715 541 τὰς
1763 479 1940 552 ἁμαρ-

2075 493 2110 533 n
2151 481 2308 536 Actis
2336 493 2476 538 vero
2508 485 2547 551 ⁸,
2595 485 2886 556 apostolis
2936 485 3106 558 ipsis,
3157 495 3193 540 ο
3239 484 3466 557 quibus
3519 490 3706 543 etiam

340 584 454 639 τίας
479 575 664 629 αὐτῶν·
714 572 762 625 ἐν
793 570 854 625 δὲ
891 579 1004 634 ταῖς
1051 571 1298 647 Πράξεσι,
1339 577 1446 633 τοῖς
1488 570 1818 636 ἀποστόλοις,
1858 563 1940 640 ὑφ’

343 668 410 719 ὧν
439 672 529 720 καὶ
558 665 894 726 ἐϐαπτίζοντο
925 664 1168 722 ἅπαντας.

860 757 1175 804 ΕΡΩΤΗΣΙΣ
1227 750 1392 803 ΣΠΘ’.

343 849 403 900 ⁸0
433 845 759 919 μετανοήσας
789 841 871 893 ἐπὶ
903 841 1266 914 ἁμαρτήματι,
1297 843 1388 891 καὶ
1427 838 1582 892 πάλιν
1612 838 1685 899 εἰς
1721 839 1780 889 ⁴’ὸ
1812 835 1941 889 αὐτὸ

667 931 904 1004 ἕμπεσὼν
950 928 1260 1002 ἁμάρτημα,
1291 934 1344 981 τί
1373 933 1584 986 ποιήσει
1610 943 1625 995 ;

957 1024 1329 1073 ΑΠΟΚΡΙΣΙΣ.

420 1132 490 1182 Τὸ
550 1123 689 1188 ἅπαξ
753 1145 870 1178 τινα
934 1128 1328 1197 μετανοήσαντα
1391 1127 1486 1182 τὴν
1565 1123 1726 1181 αὐτὴν
1791 1121 1944 1174 πάλιν

351 1226 570 1276 ποιῆσαι
597 1215 855 1288 ἁμαρτίαν
885 1213 1104 1285 ἔλεγχός
1151 1213 1264 1266 ἐστι
1293 1219 1384 1265 τοῦ
1431 1218 1487 1265 τό
1536 1221 1739 1286 πρῶτον
1781 1214 1945 1263 αἴτιον

349 1319 442 1371 τῆς
471 1307 732 1381 ἁμαρτίας
780 1305 976 1366 ἐκείνης
1023 1310 1093 1377 μή
1129 1304 1435 1380 ἐκκαθᾶραι,
1481 1303 1567 1376 ἀφ’
1599 1300 1679 1366 οὗ,
1711 1305 1945 1376 καθάπερ

349 1397 449 1451 ἀπὸ
478 1399 638 1472 ῥίζης
684 1399 847 1463 τινός,
890 1394 1044 1446 πάλιν
1090 1393 1288 1466 ἀνάγκη
1338 1397 1405 1446 τὰ
1445 1398 1541 1446 ἶσα
1588 1395 1828 1466 φύεσθαι.
1861 1393 1949 1454 Ὠς

346 1490 448 1559 γὰρ
481 1490 633 1547 εἴτις
671 1491 830 1556 φυτοῦ
860 1489 982 1545 τοὺς
1029 1481 1256 1546 κλάδους
1300 1483 1520 1554 ἐκκόψαι
1557 1482 1809 1542 θελήσειε,
1853 1486 1948 1540 τὴν

347 1576 499 1652 ῥίζαν
537 1573 716 1640 ἐάσας,
767 1570 916 1626 οὐδὲν
967 1563 1116 1631 ἧττον
1163 1575 1192 1632 ἦ
1247 1571 1374 1647 ῥίζα
1431 1577 1661 1646 μένουσα
1707 1575 1773 1622 τὰ
1817 1571 1951 1623 αύτά

349 1663 502 1717 πάλιν
532 1661 646 1726 (68)
690 1658 993 1733 βλαστάνει·
1034 1659 1217 1724 οὕτως,
1251 1655 1429 1718 iri-sitit)
1478 1677 1596 1711 τινα
1647 1663 1747 1712 τῶν
1780 1658 1948 1733 ἁμαρ-

349 1753 596 1824 τημάτων
635 1750 728 1802 οὐκ
767 1748 814 1801 ἐν
868 1749 1070 1810 ἑαυτοῖς
1110 1750 1222 1821 ἔχει
1253 1751 1346 1807 τήν
1387 1748 1582 1822 ἀρχὴν,
1624 1747 1728 1800 ἀλλ’
1759 1748 1812 1810 ἐξ
1841 1748 1950 1800 ἐτέ-

2051 567 2514 640 baptizabantur
2543 575 2764 629 cuncti.

2421 752 2936 814 INTERIlOGATIO
2978 755 3334 810 CCLXXXIX.

2056 837 2234 904 Quem
2261 841 2544 908 pwm‘luit
2560 845 2872 909 peccati,et
2897 857 3109 899 rursus
3128 844 3192 898 in
3208 843 3365 898 idem
3389 849 3708 913 peccatum

2534 931 2784 995 labitur,
2817 931 2956 1002 quid
2984 931 3171 1000 faciet
3199 935 3228 986 ?

2674 1021 3082 1077 RESPONSIO.

2129 1121 2184 1178 Si
2205 1121 2340 1195 quis
2357 1129 2489 1179 acta
2510 1125 2694 1180 semel
2715 1125 3064 1197 poenitentia
3085 1141 3294 1181 rursus
3315 1125 3478 1181 idem
3499 1137 3711 1196 pecca-

2053 1214 2182 1266 tum
2205 1213 2498 1279 admittat,
2527 1213 2714 1286 liquet
2738 1214 2997 1286 p'rimam
3015 1215 3240 1286 peccati
3265 1215 3424 1270 illius
3455 1225 3702 1270 causam

2056 1311 2178 1356 non
2223 1300 2404 1358 fuisse
2454 1309 2873 1376 expurgatarr,
2922 1321 2958 1359 a
2985 1320 3108 1377 qua
3155 1303 3400 1360 velutia
3437 1303 3708 1375 quadam

2054 1389 2259 1446 radice
2291 1391 2506 1448 similia
2542 1401 2790 1448 necesse
2831 1401 2918 1448 est
2961 1393 3147 1448 nasci.
3181 1391 3710 1458 Quemadmodum

2058 1479 2217 1533 enim
2252 1480 2303 1534 si
2334 1482 2468 1551 quis
2508 1482 2710 1537 relicta
2745 1481 2944 1537 radice
2985 1482 3238 1537 voluerit
3268 1480 3436 1554 517
3474 1480 3711 1536 arboris

2057 1584 2262 1624 ramos
2292 1585 2580 1638 resecare,
2599 1569 2990 1626 nihilominus
3013 1569 3186 1626 radix
3208 1581 3460 1625 manens
3484 1569 3715 1642 aliquid

2058 1660 2223 1716 haud
2254 1659 2546 1716 dissimile
2572 1675 2776 1716 rursus
2807 1661 3108 1733 prodUcit;
3134 1660 3220 1716 sic
3250 1660 3540 1733 quoniam
3571 1673 3709 1731 pec-

2062 1754 2199 1805 cata
2229 1749 2435 1821 aliqua
2462 1765 2584 1806 non
2615 1749 2675 1805 in
2695 1749 2911 1822 seipsis
2936 1749 3165 1805 habent
3188 1749 3574 1821 principium,
3606 1747 3715 1804 sed

349 1861 451 1916 ρων
509 1842 708 1911 φύεται,
765 1837 964 1909 ἀνάγκη
1017 1845 1164 1891 πᾶσα
1211 1835 1298 1890 τόν
1355 1841 1680 1914 καθαρεῦσαι
1730 1836 1817 1890 ἀπ’
1857 1838 1950 1889 αύ-

2068 1855 2129 1893 ex
2164 1837 2295 1894 aliis
2320 1839 2615 1907 originem
2639 1839 2891 1907 ducunt,
2916 1838 3322 1894 necessarium
3346 1838 3597 1893 omnino
3624 1841 3718 1893 est

345 1935 451 1982 τῶν
501 1926 816 2001 βουλόμενον
869 1929 938 1980 τὰ
987 1936 1161 2003 τρῶτα
1213 1929 1358 1980 αἴτια
1411 1929 1507 1979 τῶν
1565 1925 1952 2002 ἁμαρτημάτων

351 2014 552 2070 ἐκείνων
610 2013 808 2089 ἐξᾶραι·
864 2013 991 2083 οἷον,
1057 2016 1162 2089 ἔρις
1212 2017 1242 2074 ᾖ
1295 2018 1474 2088 φθόνος
1505 2015 1597 2068 οὐκ
1638 2014 1721 2087 ἀφ’
1765 2015 1953 2067 ἑαυτῶν

351 2106 578 2181 ἄρχεται
622 2108 754 2172 (69),
821 2103 931 2158 ἀλλ’
985 2104 1085 2158 ἀπὸ
1130 2106 1284 2180 ρίξης
1338 2111 1428 2166 τῆς
1481 2102 1781 2178 φιλοδοξίας
1830 2103 1955 2178 βλα-

353 2197 548 2250 στάνει.
598 2193 1046 2268 Ἀντιποιούμενος
1075 2198 1172 2269 γὰρ
1203 2199 1294 2256 τῆς
1327 2192 1482 2257 δόξης
1521 2199 1614 2255 τῆς
1663 2197 1806 2269 παρὰ
1846 2200 1956 2255 τοῖς

353 2284 683 2361 ἀνθρώποις,
745 2284 908 2358 ἐρίζει
969 2291 1040 2356 τῷ
1099 2282 1495 2358 εὐδοκιμοῦντι,
1569 2287 1597 2343 ἡ
1658 2287 1828 2356 φθονεί
1882 2290 1953 2354 τῷ

351 2371 828 2450 παρευδοκιμοῦντι
863 2417 874 2430 .
937 2373 1054 2433 Ἐήν
1120 2374 1207 2426 οὖν
1242 2418 1256 2442 ,
1331 2373 1472 2436 ἅπαξ
1531 2393 1612 2436 τις
1675 2371 1955 2445 λαϐόμενος

353 2464 537 2516 ἑαυτοῦ
565 2463 646 2516 ἐπὶ
697 2463 888 2535 φθόνῳ,
938 2462 967 2522 ἦ
1013 2459 1170 2536 ἔριδι,
1229 2462 1382 2515 πάλιν
1421 2469 1526 2522 τοῖς
1573 2463 1750 2522 αὐτοῖς
1803 2479 1952 2536 περι·-

354 2557 512 2625 πέσῃ,
563 2552 858 2625 ’γνωριζέτω
904 2552 1015 2624 (70)
1064 2552 1243 2604 ἑαυτὸν
1289 2556 1348 2604 τό
1397 2561 1599 2627 πρῶτον
1648 2555 1812 2603 αἴτιον
1861 2557 1952 2603 τοῦ

355 2643 538 2714 φθόνου
566 2641 596 2700 ἢ
628 2649 722 2703 τῆς
755 2637 949 2716 ἔριδος,
993 2646 1088 2699 τὴν
1132 2638 1429 2714 φιλοδοξίαν
1461 2640 1508 2693 ἐν
1553 2639 1706 2714 βάθει
1743 2647 1953 2692 νοσοῦν-

352 2745 435 2785 τα.
483 2735 582 2783 Καὶ
631 2737 742 2803 χρή
771 2747 827 2802 γε
859 2731 1014 2782 αύτόν
1047 2729 1101 2782 ἐκ
1149 2738 1241 2782 τοῦ
1290 2730 1518 2782 ἐναντίου
1573 2726 1668 2782 διὰ
1713 2737 1814 2781 τῶν
1861 2737 1953 2789 τῆς

350 2823 828 2893 ταπεινοφροσύνης
888 2822 1277 2892 γυμνασμάτων
1343 2821 1650 2891 (γυμνάσιον
1700 2821 1802 2891 γὰρ
1859 2835 1951 2869 τα-

349 2911 758 2984 πείνοφροσύνης
797 2910 826 2966 ἡ
861 2907 908 2959 ἐν
957 2916 1061 2968 τοῖς
1105 2907 1472 2981 εὐτελεστέροις
1511 2911 1791 2981 πράγμασι
1837 2903 1955 2959 δια-

353 2997 527 3072 τριϐὴ)
595 3001 653 3049 τό
721 2999 1046 3059 πάθος.τῆς
1098 2993 1396 3068 φιλοδοξίας
1461 2997 1797 3068 θεραπεύσαι,
1867 2999 1951 3048 ἵνα

351 3087 528 3152 οὕτως,
591 3085 637 3138 ἐν
702 3083 937 3140 διαθέσει
992 3093 1083 3147 τῆς
1140 3089 1611 3159 ταπεινοφροσύνης
1662 3089 1948 3156 γενόμενος,

347 3177 536 3249 μηκέτι
591 3174 782 3248 ἐκπέσῃ
843 3176 913 3238 εὶς
967 3177 1032 3228 τὰ
1087 3181 1438 3250 προειρημένα
1492 3183 1590 3235 τῆς
1655 3170 1951 3246 φιλοδοξίας

348 3264 722 3338 βλαστήματα·
769 3269 859 3315 καὶ
905 3263 979 3336 ἐφ’
1023 3264 1226 3334 ἑκάστῳ
1288 3274 1386 3316 τῶν
1426 3267 1671 3316 τοιούτων
1718 3263 1950 3337 ἁμαρτη-

346 3355 523 3425 μάτων
555 3353 766 3423 ὁμοίως.
979 3419 983 3425 _

922 3421 1238 3492 armum:
1277 3421 1380 3500 25'.

491 3554 608 3607 Πῶς
647 3549 946 3622 περισσεύει
983 3566 1058 3607 τις
1098 3546 1146 3598 ἐν
1186 3551 1258 3618 τῷ
1297 3549 1426 3620 ἔργῳ
1465 3553 1570 3610 τού,
1611 3552 1804 3620 Κυρίου

1016 3655 1236 3688 παντοτε
1278 3653 1292 3703 ;

956 3731 1330 3780 ΑΠΟΚΡΙΣΙΣ.

417 3833 572 3888 ’Ἤτοι
635 3837 693 3886 τό
755 3829 1031 3906 διδόμενον
1088 3835 1339 3908 χάρισμα
1394 3833 1838 3892 πολυπλασιάζων
1900 3832 1953 3900 ἕν

344 3931 406 3996 τῇ
446 3932 544 3975 τῶν
585 3924 1013 3996 εὐεργετουμένων
1064 3923 1149 3974 ὑπ’
1199 3923 1356 3989 αὐτού
1411 3922 1625 3994 ὠφελείᾳ
1682 3927 1771 3974 καὶ
1816 3941 1952 3996 προ-

345 4020 505 4084 κοπῇ,
565 4014 594 4071 ἦ
656 4010 711 4064 ἔκ
775 4017 1099 4086 συγκρίσεως
1155 4021 1252 4064 τῶν
1312 4010 1642 4084 ἀνθρωπίνων
1704 4007 1952 4063 σπουδα-

350 4103 560 4173 σμάτων
607 4105 665 4152 τό
708 4099 856 4153 πλέον
899 4110 990 4161 τῆς
1030 4099 1268 4162 σπουδῆς
1315 4098 1735 4174 ἐπιδεικνύμενος
1774 4098 1823 4152 ἐν
1879 4109 1952 4169 τῷ

343 4193 479 4264 ἔργῳ
509 4197 600 4242 τοῦ
636 4193 829 4263 Κυρίου
845 4225 858 4244 .-

377 4299 380 4302 '
896 4301 1208 4348 ΕΡΩΤΗΣΙΣ
1250 4281 1396 4356 ετηΑκ

343 4405 454 4464 Τίς·
511 4397 650 4455 ἔστιν
690 4403 803 4470 (7i)
874 4399 899 4452 ό
977 4407 1408 4474 συντετριμμένος
1471 4403 1722 4475 κάλαμος,
1793 4405 1823 4462 ᾖ
1889 4406 1948 4455 τό

415 4495 694 4565 τυφόμενον
719 4490 884 4560 λίνον;
926 4496 1016 4543 καὶ
1047 4498 1155 4553 πῶς
1186 4507 1260 4552 τις
1289 4495 1345 4544 τό
1384 4494 1474 4564 μὲν
1505 4491 1563 4544 ού
1595 4493 1854 4560 κατεάξει,
1889 4497 1948 4546 τό

419 4577 478 4634 dt
506 4581 565 4634 ού
596 4576 892 4634 σϐέννυσιν

759 4665 762 4668 ’
958 4671 1342 4725 ΑΠΟΚΡῙΣῙΣ.

415 4787 843 4853 Συντετριμμενον
890 4777 978 4852 μὲν
1037 4777 1266 4851 κάλαμον
1331 4775 1611 4851 λογίζομαι
1678 4774 1808 4830 εἶναι
1859 4781 1950 4830 τόν

346 4867 393 4920 ἐν
443 4871 596 4921 πάθει
648 4875 748 4922 τινὶ
795 4873 1044 4922 ποιοῦντα
1092 4867 1293 4926 ἐντολὴν
1340 4871 1492 4921 Θεοῦ·
1550 4868 1602 4919 ὃν
1643 4868 1950 4919 κατεάσσειν

343 4963 434 5010 καὶ
486 4956 794 5011 ἀποκόπτειν
852 4956 910 5010 ού
961 4962 1069 5032 χρὴ
1101 4995 1120 5028 ,
1175 4955 1302 5009 ἀλλὰ
1364 4955 1554 5030 μᾶλλον
1607 4958 1946 5030 θεραπεύειν,

378 5115 437 5171 ἰ
475 5138 600 5192 Act.
634 5150 749 5203 xxx,
778 5135 865 5191 18.
919 5136 983 5190 ει
1016 5135 1150 5193 Cor.
1185 5151 1276 5207 xv,
1307 5139 1396 5191 58.
1461 5137 1482 5169 θ
1515 5134 1712 5191 Matth.
1738 5151 1828 5204 xu,
1857 5137 1948 5190 23.

409 5315 522 5379 (68)
559 5315 796 5370 Veteres
844 5310 968 5368 duo
1008 5310 1143 5368 libri
1194 5315 1258 5364 τὰ
1282 5313 1417 5364 αὐτὰ
1453 5311 1634 5366 πάλιν.
1676 5311 1788 5368 Alii
1823 5311 1946 5367 duo

349 5397 488 5437 mss.
522 5391 579 5440 et
607 5385 748 5440 editi
773 5390 957 5437 ταῦτα.

417 5454 703 5527 (69)Βθε.
756 5455 984 5527 primus
1015 5454 1234 5507 οὑ⁶καθ’
1266 5455 1423 5507 ἑαυτὰ
1461 5457 1713 5527 ἄρχεται.
1755 5453 1946 5510 Vossii

347 5531 515 5656 ἕοὲυε
543 5526 690 5583 liber
717 5527 777 5580 ού
807 5527 925 5578 καθ’
957 5526 1168 5580 ἑαυτῶν.
1216 5528 1344 5583 Mox
1389 5526 1512 5582 duo
1559 5544 1706 5582 mss.
1735 5528 1836 5600 γάρ
1867 5546 1946 5588 τις

387 5613 413 5645 ο
449 5613 528 5653 ης.
1331 5649 1336 5654 ,

574 5668 717 5724 Editi
763 5670 1090 5742 γνωρίζεται.
1137 5649 1375 5741 Antiqui
1419 5675 1536 5736 tres
1566 5668 1702 5726 libri
1734 5673 1948 5742 printer

2063 1935 2200 1982 eum
2234 1926 2340 1999 qui
2386 1927 2462 1983 ab
2502 1927 2648 1999 ipsis
2676 1941 2866 1999 purus
2895 1945 3028 1983 esse
3057 1927 3204 1992 vult,
3233 1927 3467 1999 primus
3502 1939 3716 1999 pecca-

2061 2021 2261 2071 torum
2293 2015 2533 2072 illorum
2563 2031 2782 2072 causas
2808 2015 3031 2073 tollere.
3066 2015 3330 2088 Exempli
3363 2028 3567 2080 causa,
3593 2015 3718 2086 jur-

2064 2105 2228 2174 gium
2262 2109 2365 2161 aut
2393 2101 2621 2161 invidia
2649 2105 3132 2178 haudquaquam
3162 2122 3199 2162 a
3229 2105 3443 2178 seipsis
3470 2109 3720 2170 sumunt

2061 2193 2402 2262 exordium,
2427 2194 2537 2249 sed
2566 2209 2637 2250 ex
2665 2193 2868 2251 radice
2899 2195 3124 2250 amoris
3155 2195 3360 2263 gloriae
3389 2193 3713 2267 pullulant.

2063 2283 2218 2350 Quid
2239 2285 2400 2340 enim
2420 2285 2761 2340 humanam
2778 2284 3034 2355 gloriam
3053 2289 3410 2357 aucupatur,
3435 2284 3576 2340 huic
3593 2285 3716 2355 jur-

2063 2373 2231 2443 gium
2261 2379 2350 2430 est
2378 2387 2518 2429 cum
2549 2389 2643 2441 eo,
2675 2373 2783 2446 qui
2811 2375 2967 2430 bene
2998 2374 3206 2430 audit:
3248 2379 3352 2429 aut
3381 2373 3433 2429 ei
3464 2373 3715 2440 invidet,

2063 2463 2160 2518 cui
2189 2463 2361 2518 fuerit
2389 2465 2653 2519 nominis
2693 2463 3013 2534 splendore
3038 2462 3304 2520 inferior.
3352 2463 3408 2520 Si
3439 2464 3577 2536 quis
3602 2463 3718 2533 igi-

2062 2557 2177 2620 tur,
2204 2552 2307 2609 ubi
2341 2569 2401 2608 se
2433 2553 2560 2625 ipse
2589 2553 2775 2608 semel
2818 2553 3314 2609 condemnaverit
3342 2551 3581 2608 invidia;
3612 2555 3718 2607 aut

2061 2643 2469 2699 altercationis
2508 2655 2716 2708 causa,
2748 2642 2883 2714 ipso
2913 2642 3190 2698 videlicet
3238 2643 3439 2713 gloria
3480 2641 3710 2697 studio.

2063 2735 2127 2788 Et
2157 2733 2408 2805 quidem
2438 2737 2672 2806 oportet
2699 2747 2839 2788 eum
2870 2747 2943 2789 ex
2963 2733 3206 2788 diverso
3229 2747 3335 2804 per
3362 2731 3718 2788 humilitatis

2060 2823 2340 2880 exercitia
2397 2823 2767 2878 lexercitium
2822 2828 3027 2879 autem
3083 2823 3438 2879 humilitatis
3493 2825 3600 2886 est,
3655 2821 3718 2878 in

2059 2912 2372 2968 vilioribus
2398 2913 2651 2981 negotiis
2685 2913 2994 2985 occupari)
3017 2913 3078 2967 id
3098 2912 3311 2968 vitium
3339 2911 3564 2968 amoris
3594 2911 3719 2982 glo-

2059 3001 2162 3056 riae
2195 3017 2431 3070 curare,
2462 3007 2525 3057 ut
2557 3001 2640 3056 sic
2665 3003 2870 3057 animo
2896 3001 3110 3057 humili
3136 3001 3403 3071 aﬂ’ectus,
3428 3001 3716 3072 deinceps

2060 3088 2120 3143 in
2151 3105 2244 3154 ea,
2274 3105 2408 3162 quae
2439 3095 2578 3144 ante
2619 3089 2884 3145 diximus
2931 3089 3156 3145 amoris
3205 3089 3410 3158 gloriae
3441 3089 3716 3159 germina

2061 3194 2454 3254 nequaquam
2473 3178 2725 3234 incidat:
2751 3183 2808 3235 et
2825 3180 2888 3235 iu
2911 3173 3165 3248 singulis
3188 3177 3490 3249 ejusmodi
3507 3194 3716 3250 pecca-

2061 3269 2134 3323 tis
2161 3267 2452 3326 similiter.

2503 3451 3016 3507 INTERROGATIO
3060 3447 3269 3506 CCXC.

2064 3556 2364 3622 Quomodo
2395 3556 2668 3613 abundat
2696 3558 2828 3629 quis
2849 3557 2914 3613 in
2938 3572 3115 3627 apere
3133 3558 3378 3612 Domini
3395 3571 3630 3625 semper
3649 3557 3669 3590 ⁵
3687 3555 3715 3608 ?

2681 3735 3094 3794 RESPONSIO.

2135 3842 2412 3900 Videlicet
2439 3859 2579 3900 cum
2605 3847 2708 3900 aut
2729 3843 3014 3900 traditum
3040 3841 3152 3897 sibi
3174 3841 3405 3896 donum
3430 3840 3717 3912 multipli-

2063 3939 2178 3998 cat,
2213 3949 2443 3997 eorum,
2467 3933 2690 4005 quibus
2708 3933 3026 3999 benefacti,
3055 3931 3290 3988 utilitati
3311 3935 3493 4003 atque
3519 3929 3715 4002 profe-

2063 4021 2183 4078 ctui
2213 4022 2590 4080 consulendo
2615 4040 2627 4077 :
2658 4026 2764 4078 aut
2785 4021 3048 4077 studium
3075 4021 3272 4090 majus
3301 4020 3363 4074 in
3392 4034 3574 4091 opere
3604 4019 3716 4074 Do-

2063 4111 2210 4172 mini
2239 4111 2522 4172 ostendit,
2555 4127 2744 4182 quam
2768 4111 2831 4167 in
2860 4110 2931 4165 iis
2955 4109 3159 4176 rebus,
3185 4125 3324 4181 quia
3355 4108 3432 4164 ab
3457 4107 3720 4166 homini-

2061 4200 2178 4257 bus
2212 4215 2584 4272 magnopere
2621 4201 3028 4272 requiruntur.

2491 4305 3010 4363 INTERROGATIO
3053 4304 3255 4361 CCXCI
3278 4345 3290 4360 .

2063 4415 2206 4480 Qua;
2234 4417 2320 4468 est
2349 4411 2585 4468 arundo
2628 4419 2927 4484 quassat-1,
2972 4414 3079 4467 aut
3115 4409 3426 4480 fumiqu
3478 4409 3666 4464 tinum
3691 4409 3719 4462 Ρ

2131 4507 2185 4558 et
2210 4498 2498 4572 quomodo
2538 4503 2669 4573 quis
2697 4502 2872 4557 illam
2905 4515 3023 4555 non
3056 4499 3396 4569 confringet
3430 4497 3537 4553 hoc
3567 4509 3708 4552 vero

2131 4605 2251 4646 non
2277 4591 2606 4661 exstinguit
2631 4591 2652 4624 ⁸
2669 4592 2696 4643 .9

2685 4677 3094 4734 RESPONSIO.

2088 4786 2093 4790 ’
2133 4787 2488 4852 Quassatam
2521 4780 2880 4842 arundinem
2927 4783 3183 4841 arbitror
3225 4793 3354 4838 esse
3398 4794 3560 4850 eum,
3603 4781 3712 4854 qui

2061 4875 2200 4932 vitio
2249 4877 2427 4932 alicui
2484 4873 2808 4945 obnoxius,
2859 4875 3215 4930 mandatum
3268 4869 3369 4928 Dei
3423 4869 3702 4927 conﬁcit:

2060 4976 2240 5038 qnem
2273 4965 2648 5038 confringere
2692 4972 2749 5022 et
2777 4957 3130 5023 abscindere
3163 4977 3284 5018 non
3310 4963 3568 5035 oportet,
3605 4959 3714 5017 sed

2056 5328 2230 5384 Vos.
2261 5327 2584 5402 γνωριξίτω,

2127 5405 2239 5466 (71)
2270 5391 2424 5466 Ἠοὶζ.
2460 5398 2667 5454 tertius
2692 5401 2755 5449 Τί
2795 5395 2958 5450 ἐστιν.
2994 5398 3105 5450 Nec
3153 5393 3234 5449 ita
3285 5393 3474 5450 multo
3520 5391 3707 5461 inira,
3783 5413 3788 5420 ’

2056 5470 2159 5526 ubi
2189 5471 2249 5525 in
2288 5470 2461 5525 editis
2493 5470 2707 5538 legitur
2735 5467 2994 5534 κατεάξει,
3047 5467 3107 5520 in
3161 5468 3380 5524 nostris
3438 5470 3712 5538 quatuor

2054 5541 2365 5598 codicibus
2408 5535 2697 5611 scriptum
2740 5539 3042 5595 invenitur
3089 5539 3390 5590 κατεάσσει.
3435 5535 3710 5592 Subinde

2057 5613 2226 5671 Colb.
2268 5614 2326 5667 ού
2360 5613 2616 5667 σϐεννύεε.
