4120 6394
447 345 582 404 1287

1817 344 1875 401 S.
1906 343 2154 402 BASILlI
2192 343 2430 402 MAGNI.

3673 352 3812 407 1288

444 486 655 527 curare
690 469 910 542 potius,
957 469 1121 525 velut
1165 469 1457 527 Dominus
1494 469 1701 527 docuit
1737 486 1878 526 cum
1921 467 2062 525 dixit

2178 519 2181 525 .
2212 471 2282 531 ὡς
2311 471 2336 522 ὁ
2365 472 2556 544 Κύριος
2581 467 2841 542 ἐδίδαξεν,
2879 470 3050 524 εἰπών·
3084 475 3379 545 Προσέχετε
3407 476 3501 533 τὴν
3523 473 3810 548 ἱλεημοσύο

443 560 757 618 Attendite
785 577 860 616 ne
880 561 1316 630 elcemosynam
1343 567 1601 619 vestram
1628 562 1876 632 faciatis
1897 575 2100 617 coram

447 649 881 716 hominibus,ut
901 649 1320 706 videaminiab
1343 651 1480 706 eisi.
1513 650 1666 716 Quin
1697 654 1753 706 et
1776 648 2101 722 Apostolus

443 745 815 813 praeceptum
844 738 966 806 dat,
982 739 1074 794 his
1095 739 1314 796 verbis:
1341 742 1549 798 Omnia
1566 743 1754 810 facite
1782 741 1914 796 sine
1934 755 2097 794 mur-

442 829 884 886 murationibus
907 835 962 885 et
992 830 1577 899 disceptationibus“.
1612 833 1680 886 Et
1706 830 1824 886 alio
1856 829 1916 885 in
1941 829 2094 886 loco:

440 919 617 977 Nihil
655 935 769 988 per
807 921 1265 988 contentionem,
1322 927 1425 975 aut
1463 922 1703 976 inanem
1768 921 2027 990 gloriam
2051 922 2093 976 θ.

439 1008 655 1065 Linum
685 1024 823 1063 vero
846 1007 1149 1077 fumigans
1173 1024 1307 1064 esse
1329 1009 1566 1076 dicitur,
1592 1026 1728 1065 cum
1760 1011 1895 1081 quis
1928 1024 2096 1064 exse-

437 1100 647 1172 quitur
677 1098 1038 1156 mandatum
1070 1115 1194 1156 non
1225 1099 1459 1157 ardenti
1485 1099 1806 1168 desiderio,
1830 1115 1940 1156 nec
1966 1115 2096 1172 per-

437 1189 594 1247 fecto
627 1189 848 1258 studio,
885 1188 991 1244 sed
1023 1188 1269 1259 segnius
1297 1188 1759 1262 quodammodo
1788 1206 1860 1246 ac
1887 1190 2096 1245 remis-

434 1278 600 1336 sius:
655 1293 839 1351 quem
891 1293 1016 1334 non
1061 1280 1340 1335 convenit
1383 1295 1678 1346 coercere,
1735 1278 1843 1335 sed
1891 1279 2092 1352 potius

433 1368 714 1438 excitare,
745 1367 1160 1425 recordatione
1183 1368 1549 1438 iudiciorum
1582 1367 1703 1437 Dei,
1731 1385 1802 1426 ac
1827 1369 2090 1444 promis-

434 1473 642 1516 sorum
673 1457 886 1531 ipsius.

754 1546 804 1619 5
819 1547 931 1618 18
974 1549 1490 1604 lNTERBOGATlO
1532 1550 1773 1606 CCXClI.

431 1635 728 1708 Nunquid
750 1639 1086 1702 conveniat,
1111 1643 1175 1692 ut
1206 1639 1268 1691 in
1289 1638 1562 1706 fratrum
1584 1639 1861 1694 societate
1875 1637 2089 1708 magis-

773 1731 864 1784 ter
883 1726 958 1781 sit
983 1741 1309 1796 puerorum
1342 1728 1748 1786 sacularium.

1056 1817 1464 1873 BESPONSIO.

501 1907 651 1962 Cum
675 1904 998 1978 Apostolus
1028 1904 1271 1961 dixerit:
1293 1907 1725 1973 Patres,nolite
1743 1907 1826 1963 ad
1845 1907 2086 1964 iracun-

428 1995 589 2063 diam
613 2009 948 2065 provocare
970 1995 1127 2064 ﬁlios
1161 2001 1416 2052 vestros:
1449 1997 1552 2052 sed
1581 1997 1828 2054 educate
1853 1997 1991 2052 illos
2019 1998 2084 2052 in

425 2085 756 2155 disciplina
776 2091 829 2142 et
858 2076 1232 2154 correptione
1260 2087 1520 2153 Domini,
1547 2088 1612 2156 ιο,
1638 2086 1686 2142 si
1711 2087 1816 2159 qui
1847 2103 1950 2143 eos
1976 2086 2082 2143 ad-

423 2175 675 2245 ducunt,
704 2175 1014 2232 adducant
1050 2176 1166 2232 hac
1195 2181 1418 2242 mente,
1469 2182 1525 2233 et
1571 2178 1677 2250 qui
1719 2178 2079 2250 suscipiunt,

421 2264 571 2322 tales
595 2265 711 2321 sint
734 2270 798 2321 ut
823 2264 1176 2338 planissime
1205 2266 1514 2323 conﬁdant
1539 2282 1716 2339 posse
1748 2283 1811 2323 sc
1841 2267 2079 2324 oblatos

420 2371 644 2429 pueros
673 2357 732 2412 in
762 2356 1086 2429 disciplina
1134 2373 1204 2413 ac
1239 2357 1606 2414 correctione
1654 2358 1892 2414 Domini
1928 2358 2077 2415 edu-

421 2461 580 2512 care,
614 2451 881 2502 servetur
909 2446 1076 2518 quod
1103 2462 1140 2502 a
1174 2447 1429 2503 Domino
1461 2452 1831 2519 praeceptum
1863 2452 1954 2503 est
1981 2448 2076 2505 his

419 2534 619 2591 verbis
649 2553 662 2591 :
695 2536 885 2592 Sinite
906 2537 1199 2606 parvulos
1218 2540 1421 2593 venire
1437 2538 1517 2594 ad
1547 2553 1658 2605 me,
1677 2543 1730 2593 et
1763 2539 1951 2594 nolite
1979 2554 2075 2595 eos

410 2623 760 2693 prohibere:
787 2626 1005 2681 talium
1027 2631 1110 2681 est
1129 2626 1284 2681 enim
1305 2641 1560 2696 regnum
1581 2628 1864 2685 ctelorum
1883 2629 2073 2686 “.Sed

416 2713 566 2771 citra
588 2715 972 2788 propositum
1019 2720 1075 2770 et
1125 2731 1297 2787 spem
1341 2715 1664 2786 ejusmodi,
1711 2733 1909 2789 neque
1956 2717 2072 2775 hoc

414 2809 653 2875 gratum
685 2806 825 2876 Deo,
860 2820 1056 2877 neque
1079 2805 1444 2862 conveniens
1471 2806 1669 2874 nobis,
1703 2823 1901 2881 neque
1931 2807 2071 2865 utile

414 2909 550 2950 esse
579 2893 881 2951 existimo.

824 3003 1340 3059 lNTEBHOGATlO
1383 3005 1654 3061 CCXCIII.
1710 3000 1713 3003 ’

411 3108 713 3177 Quomodo
727 3123 858 3165 cum
871 3111 942 3164 iis
954 3109 1254 3180 agendum
1269 3111 1486 3182 est,qui
1494 3111 1766 3167 devitant
1777 3112 2068 3181 graviora

466 3205 717 3269 peccata
735 3205 1016 3269 :patrant
1040 3214 1178 3255 vero
1202 3200 1427 3256 leviora
1449 3201 2002 3258 indiscriminatim.
2095 3194 2135 3250 C

1029 3381 1440 3439 BESPONSIO.

476 3491 740 3546 Primum
759 3489 1007 3564 quidem
1028 3505 1203 3546 nosse
1223 3490 1646 3562 oportet,hanc
1661 3490 2062 3549 differentiam

401 3580 462 3638 in
517 3584 681 3637 Novo
731 3583 1108 3637 Testamento
1154 3595 1275 3636 non
1309 3580 1574 3652 reperiri.
1622 3583 1751 3636 Una
1793 3597 2060 3656 namque

398 3671 658 3728 habetur
680 3670 975 3726 sententia
1004 3669 1292 3726 adversus
1315 3669 1601 3743 quaelibet
1624 3677 1892 3743 peccata,
1918 3688 2059 3728 cum

399 3760 691 3817 Dominus
731 3760 928 3816 dicat:
983 3760 1099 3828 Qui
1131 3760 1285 3830 facit
1325 3765 1662 3829 peccatum,
1720 3776 1928 3818 servus
1975 3767 2058 3819 est

394 3851 630 3921 peccati
655 3851 721 3904 ¹².
780 3852 845 3904 Et
881 3865 1094 3905 rursus
1124 3865 1138 3904 :
1183 3849 1394 3905 Sermo
1419 3864 1592 3920 quem
1641 3851 1874 3907 locutus
1901 3867 2057 3922 sum,

395 3943 505 3998 ille
531 3941 831 4012 judicabit
871 3956 1002 3997 eum
1028 3942 1090 3995 in
1116 3941 1436 3996 novissimo
1464 3942 1561 3997 die
1579 3942 1623 3978 ¹³
1649 3959 1662 4008 ;
1709 3947 1767 3997 et
1793 3945 2058 3999 Joannes

395 4031 657 4087 clamat:
697 4033 812 4099 Qui
841 4046 960 4086 non
988 4030 1184 4087 obedit
1211 4031 1391 4101 Filio,
1433 4046 1555 4086 non
1593 4031 1816 4088 videbit
1843 4035 2053 4102 vitam,

391 4121 497 4178 sed
527 4124 623 4176 ira
657 4121 766 4176 Dei
807 4119 1070 4175 manebit
1114 4134 1297 4190 super
1325 4121 1520 4190 ipsum
1541 4122 1586 4155 "
1616 4139 1628 4187 ;
1672 4121 2059 4179 contumacia
2089 4181 2092 4183 ,

393 4227 518 4268 non
545 4209 624 4266 ob
655 4214 1044 4283 peccatorum
1077 4209 1424 4272 discrimen,
1475 4210 1579 4266 sed
1605 4209 1686 4266 ob
1716 4216 2058 4283 transgres-

392 4301 627 4356 sionem
651 4299 850 4355 locum
869 4299 1328 4356 comminationi
1348 4300 1677 4372 priebente.
1699 4303 1828 4359 Uno
1848 4303 2053 4375 verbo,

389 4390 439 4446 si
467 4405 727 4462 parvum
771 4394 826 4445 et
872 4403 1168 4458 magnum
1205 4395 1522 4463 peccatum
1551 4389 1731 4446 liceat
1757 4391 1934 4448 nobis
1965 4392 2055 4448 di-

387 4497 542 4548 cere,
595 4479 724 4536 sine
769 4479 1180 4536 controversia
1232 4479 1440 4550 negari
1484 4495 1606 4536 non
1659 4485 1876 4554 potest,
1935 4482 2051 4539 hoc

2209 578 2300 618 νην
2332 561 2475 634 ὑμῶν
2513 567 2584 636 μὴ
2612 570 2777 616 ποιεῖν
2807 564 3096 636 ἔμπροσθεν
3127 571 3227 615 τῶν
3260 561 3558 636 ἀνθρώπων,
3592 569 3723 638 πρὸς
3751 569 3809 619 τὸ

2213 651 2457 709 θεαθῆναι
2490 651 2686 714 αὐτοῖς.
2723 657 2823 705 Καὶ
2843 654 2869 704 ὁ
2907 651 3214 713 Ἀπόστολος
3243 653 3606 726 παραγγέλλει,
3629 654 3805 728 λέγων·

2209 741 2386 793 Πάντα
2433 750 2625 794 ποιεῖτε
2675 746 2844 815 χωρὶς
2905 750 3225 815 γογγυσμῶν
3283 747 3372 795 καὶ
3425 739 3804 818 διαλογισμῶν·

2205 835 2294 883 καὶ
2326 828 2581 903 ἀλλαχοῦο
2613 828 2794 890 Μηδὲν
2824 831 2935 884 κατ’
2966 831 3189 906 ἐριθείαν
3225 831 3253 889 ἦ
3302 828 3621 895 κενοδοξίαν.
3653 839 3808 888 Λίνον

2207 915 2266 974 δὲ
2294 925 2595 994 τυφόμενον,
2623 921 2745 974 ὅταν
2789 941 2865 982 τις
2903 929 3024 994 ποιῇ
3072 925 3166 980 τήν
3212 919 3416 979 ἐντολὴν
3446 926 3516 995 μὴ
3567 919 3808 997 διαπύρῳ

2205 1012 2456 1083 ἔπιθυμίᾳ
2485 1015 2574 1062 καὶ
2619 1011 2786 1085 τελείᾳ
2826 1007 3059 1084 σπουδῇ,
3099 1013 3409 1086 νωθρότερον
3450 1008 3510 1063 δε
3556 1031 3668 1074 πως
3717 1018 3808 1064 καὶ

2202 1105 2542 1175 χαυνότερον,
2584 1100 2637 1152 ὃν
2678 1100 2736 1154 οὐ
2791 1105 2900 1175 χρὴ
2946 1104 3147 1167 παύειν,
3204 1097 3473 1176 διεγείρειν
3515 1097 3575 1154 δι
3615 1101 3806 1174 μᾶλλον

2203 1191 2496 1264 ὑπομνήσει
2548 1198 2649 1243 τῶν
2693 1192 2956 1264 χριμάτων
3009 1198 3101 1243 τοῦ
3159 1198 3314 1262 Θεοῦ,
3369 1195 3459 1243 καὶ
3497 1198 3596 1243 τῶν
3655 1190 3807 1266 ἐπαγ-

2199 1278 2380 1352 γελιῶν
2408 1279 2588 1335 αὑτοῦ.

2750 1553 3063 1602 armum:
3103 1530 3244 1608 253'.

2306 1639 2366 1694 Εἰ
2403 1644 2512 1714 χρὴ
2553 1639 2603 1693 ὲν
2643 1636 2961 1712 ἀδελφότητι
2998 1634 3226 1692 παιδίων
3267 1636 3527 1712 βιωτικῶν
3566 1645 3696 1692 εἶναι

2752 1725 3079 1782 διδάσκαλον
3108 1727 3243 1800 (7'2).

2802 1823 3157 1872 ΑΠΟΚΡΙΣΙΣ
3173 1858 3186 1872 .

2266 1916 2369 1962 Τοῦ
2399 1908 2718 1964 ’Λποστόλου
2761 1907 3007 1968 εἰπόντος’
3043 1910 3110 1960 Oi
3146 1910 3381 1982 πατέρες,
3415 1911 3486 1981 μὴ
3538 1913 3792 1984 παροργί-

2197 1999 2308 2060 ζετε
2337 2001 2580 2052 τὰτέκνα
2626 2000 2792 2072 ὑμῶν,
2837 1995 2942 2050 ἀλλ’
2993 1995 3255 2072 ἐκτρέφετε
3303 1995 3435 2050 αύτὰ
3482 1994 3531 2050 ἐν
3577 1994 3796 2073 παιδείᾳ

2194 2095 2282 2142 καὶ
2325 2091 2574 2161 νουθεσίᾳ
2617 2093 2833 2164 Κυρίου·
2868 2086 2954 2140 ἐὰν
2994 2089 3042 2140 οἱ
3080 2088 3434 2160 προσάγοντες
3463 2084 3547 2139 ἐπὶ
3576 2091 3795 2162 τοιούτῳ

2195 2188 2375 2252 σκοπῷ
2440 2181 2776 2254 προσάγωσι,
2842 2181 2934 2229 καὶ
2991 2179 3040 2228 οἱ
3099 2172 3381 2249 δεχόμενοι
3436 2176 3795 2254 πληροφορίαν

2188 2273 2410 2342 ἔχωσιν,
2442 2270 2523 2322 ὅτι
2569 2264 2817 2320 δύνανται
2847 2265 2895 2319 ἐν
2926 2261 3145 2338 παιδειᾳ
3173 2270 3262 2317 καὶ
3307 2267 3555 2340 νουθεσίᾳ
3599 2273 3793 2344 Κυρίου

2188 2357 2439 2432 ἐκθρέψαι
2491 2359 2558 2409 τὰ
2603 2360 2993 2432 προσαγόμενα,
3043 2353 3394 2427 φυλασσέσθω
3445 2359 3502 2408 τὸ
3554 2357 3652 2410 ὑπὸ
3699 2365 3789 2411 τοῦ

2190 2454 2386 2524 Κυρίου
2435 2450 2905 2521 προστεταγμένον,
2953 2445 3202 2507 εἰπόντος·
3258 2443 3445 2518 ’Ἅφετε
3492 2448 3561 2499 τὰ
3598 2444 3788 2501 παιδία

2186 2540 2441 2613 ἔρχεσθαι
2479 2541 2609 2612 πρὸς
2651 2540 2736 2610 με,
2799 2540 2889 2588 καὶ
2935 2539 3008 2609 μὴ
3059 2534 3278 2588 κωλύετε
3327 2536 3480 2588 αύτά·
3541 2545 3641 2590 τῶν
3687 2540 3788 2613 γὰρ

2182 2631 2426 2694 τοιούτων
2456 2625 2596 2680 ἐστὶν
2628 2627 2658 2685 ἡ
2703 2625 2956 2699 βασιλεία
2990 2633 3088 2677 τῶν
3133 2624 3381 2698 οὐρανῶν.
3429 2623 3580 2678 ’Ἄνευ
3613 2623 3674 2679 δὲ
3698 2635 3792 2680 τοῦ

2183 2721 2419 2772 τοιούτου
2464 2723 2662 2770 σκοποῦ
2711 2720 2802 2768 καὶ
2845 2723 2939 2778 τῆς
2967 2717 3210 2776 τοιαύτης
3250 2711 3460 2776 ἐλπίδος
3510 2718 3628 2767 οὔτε
3671 2723 3788 2787 Θεῷ

2183 2807 2401 2884 ἀρέσκον
2429 2814 2601 2871 τοῦτο,
2633 2811 2724 2860 καὶ
2748 2808 2873 2878 ἡμῖν
2905 2807 3023 2858 οὔτε
3049 2808 3242 2880 πρέπον
3272 2808 3387 2857 οὔτε
3418 2808 3678 2879 συμφέρον
3705 2805 3789 2860 λο-

2178 2898 2416 2972 γίζομαι.

2726 3008 3042 3057 ΕΡΩΤιιειε
3080 2986 3192 3064 251‘
3210 3042 3225 3058 .

2179 3121 2292 3176 Πῶς
2346 3111 2432 3167 δεῖ
2455 3115 2846 3190 προσφέρεσθαι
2876 3119 2987 3174 τοῖς
3027 3114 3093 3164 τὰ
3141 3111 3357 3186 μείζονα
3399 3120 3499 3164 τῶν
3540 3111 3783 3188 ἁμαρτη-

2247 3206 2424 3279 μάτων
2477 3206 2935 3279 παραιτουμένοις,
2992 3203 3059 3254 τὰ
3126 3197 3186 3254 δὲ
3250 3203 3416 3277 μικρά
3480 3197 3786 3278 ἀδιαφόρῶς

2245 3301 2488 3348 ποιοῦσιν
2513 3310 2528 3362 ;

2784 3386 3161 3435 ΑΠΟΚΡΙΣΙΣ.

2245 3501 2458 3570 Πρῶτον
2497 3495 2586 3566 μὲν
2645 3488 2837 3545 εἰδέναι
2883 3494 3017 3564 χρὴ,
3062 3491 3142 3543 ὅτι
3190 3487 3236 3542 ἕν
3276 3491 3338 3563 τῇ
3376 3497 3538 3563 Καινῇ
3582 3493 3778 3550 Διαθή-

2173 3593 2231 3658 νῇ
2275 3587 2467 3642 ταύτην
2519 3587 2614 3640 τὴν
2664 3578 2927 3656 διαφορὰν
2975 3579 3069 3633 οὐκ
3128 3581 3240 3632 ἔστι
3287 3581 3491 3653 μαθεῖν.
3542 3585 3652 3634 Μία
3675 3583 3774 3657 γὰρ

2175 3673 2437 3746 ἀπόφασις
2502 3674 2638 3724 κατὰ
2697 3671 2902 3722 πάντων
2973 3668 3364 3744 ἁμαρτημάτων
3431 3676 3616 3739 κεῖται,
3682 3677 3774 3722 τοῦ

2174 3769 2370 3836 Κυρίου
2447 3762 2718 3827 εἰπόντος,
2810 3761 2890 3811 ὅτι
2955 3757 3014 3810 Ὀ
3096 3766 3256 3810 ποιῶν
3340 3762 3433 3818 τὴν
3514 3758 3773 3834 ἁμαρτίαν

2130 3850 2354 3914 ’δοῦλός
2406 3850 2518 3904 ἐστι
2557 3849 2662 3912 ’τῆς
2704 3848 2986 3923 ἁμαρτίας·
3046 3852 3135 3900 καὶ
3181 3847 3334 3900 πάλιν
3388 3847 3524 3921 ('73),
3581 3850 3662 3900 ὅτι
3713 3847 3774 3900 Ὀ

2169 3941 2315 4014 λόγος
2378 3941 2431 3993 ὃν
2517 3937 2745 3997 ἱλάλησα
2774 3981 2791 4003 ,
2869 3935 3054 3998 ἐκεῖνος
3123 3943 3287 4010 κρινεῖ
3349 3937 3504 3989 αὑτὸν
3583 3936 3633 3989 ἐν
3708 3945 3771 4010 τῇ

2168 4030 2374 4104 ἐσχάτῃ
2444 4033 2652 4103 ἡμέρα·
2721 4033 2810 4081 καὶ
2883 4034 2975 4080 τοῦ
3053 4026 3288 4079 Ἰωάννου
3367 4024 3596 4098 βοῶντος
3627 4049 3639 4061 ·
3716 4027 3775 4080 Ὀ

2169 4120 2392 4174 ἀπειθῶν
2446 4127 2520 4191 τῷ
2576 4121 2682 4189 Υίῷ
2755 4116 2850 4170 οὐκ
2923 4115 3106 4188 ὄψεται
3177 4120 3271 4173 τὴν
3330 4115 3464 4176 ζωὴν
3491 4156 3504 4181 ,
3566 4115 3674 4169 ἀλλ’
3740 4119 3771 4177 ἡ

2167 4213 2298 4286 ὀργὰ
2360 4217 2452 4263 τοῦ
2533 4215 2668 4262 Θεοῦ
2733 4214 2874 4281 μενεῖ
2938 4204 3017 4258 ἐπ’
3093 4205 3282 4258 αὐτόν’
3349 4213 3445 4264 τῆν
3512 4204 3776 4270 ἀπειθείας

2166 4301 2260 4354 οὐκ
2314 4298 2363 4352 ἐν
2414 4307 2476 4373 τῇ
2529 4295 2762 4371 διαφορᾴ
2810 4305 2908 4350 τῶν
2961 4295 3377 4371 ἁμαρτημάτων,
3433 4293 3541 4347 ἀλλ’
3602 4297 3650 4349 ἐν
3706 4305 3768 4370 τῇ

2164 4397 2402 4466 παρακοῇ
2463 4393 2558 4446 τὴν
2591 4385 2804 4446 ἀπειλὴν
2843 4385 3102 4458 ἐχούσης.
3154 4384 3328 4457 ’⁷Ογως
3360 4380 3440 4456 δι,
3483 4385 3526 4437 εἰ
3566 4384 3769 4460 ἐπιτρε-

2164 4480 2368 4552 πόμεθα
2418 4477 2578 4550 λέγειν
2622 4478 2809 4549 μικρὸν
2847 4478 2938 4526 καὶ
2983 4477 3120 4547 μέγα
3167 4473 3477 4548 ἁμάρτημα,
3529 4472 3768 4550 ἀναντίρ-

387 4571 606 4643 cuique
656 4585 949 4641 magnum
1003 4584 1158 4635 esse,
1210 4568 1382 4639 cujus
1431 4568 1688 4643 quisque
1732 4570 2050 4642 subjicitur

2178 4573 2319 4630 Ξητον
2368 4571 2474 4623 ἔδει
2520 4573 2615 4627 τὴν
2661 4564 2929 4629 ἀπόδειξιν
2959 4566 3161 4637 ἑκάστῳ
3200 4569 3337 4638 μέγα
3374 4563 3504 4618 εἶναι
3542 4569 3599 4619 τό
3643 4566 3766 4618 ἑκά-

383 4659 687 4716 dominio:
710 4659 854 4715 illud
888 4674 1031 4714 vero
1055 4673 1332 4730 parvum,
1361 4658 1736 4732 cuiquisque
1770 4659 2048 4717 domina-

382 4756 514 4818 tur;
547 4755 612 4808 ut
649 4751 711 4808 in
757 4749 994 4808 athletis
1025 4749 1234 4806 fortior
1283 4755 1372 4806 est
1417 4751 1523 4822 qui
1579 4751 1797 4806 vincit:
1852 4752 2048 4809 victus

381 4857 520 4898 vero
579 4840 828 4897 debilior
869 4839 1091 4895 victore
1139 4845 1248 4907 est,
1298 4839 1578 4912 quisquis
1607 4839 1701 4896 ille
1735 4841 1830 4896 sit.
1886 4843 2045 4908 Qua-

375 4936 628 5007 propter
647 4946 791 5003 erga
812 4944 1242 5004 quemcunque
1263 4929 1557 5001 cujusque
1581 4930 1816 5000 generis
1835 4947 2044 5005 pecca-

448 5086 467 5118 τ
511 5083 714 5141 Matth.
740 5098 816 5155 γι,
856 5086 905 5137 ι.
984 5081 1298 5154 “Philipp.
1330 5097 1389 5146 ιι,
1420 5083 1504 5136 ιι.
1601 5083 1621 5116 ε
1661 5081 1808 5139 ibid.
1837 5087 1889 5140 3.

380 5183 426 5218 ⁷³
466 5185 638 5238 Joan.
674 5199 766 5250 xu,
802 5183 892 5237 48.

984 5083 1004 5116 ⁸
1038 5080 1298 5154 Philipp.
1330 5097 1389 5146 ιι,
1420 5083 1504 5136 14.

972 5182 1018 5216 ¹ί⁸
1054 5181 1226 5236 Joan.
1259 5195 1340 5251 ιιι,
1375 5182 1462 5235 36.

447 5332 560 5404 (7'2)
600 5337 742 5405 Reg.
774 5334 1005 5406 primus
1026 5329 1156 5385 εἶναι
1181 5329 1576 5400 διδασκαλεῖον,
1609 5333 1876 5390 scholam
1895 5349 2036 5390 esse.

373 5405 698 5480 Aliquanto
730 5405 867 5478 post
914 5405 1037 5480 duo
1078 5421 1242 5480 mss._
1287 5413 1466 5476 σκοπῷ
1507 5409 1841 5480 προσάγωσι.
1893 5407 2037 5476 Reg.

375 5475 957 5553 Prilwnusﬁn‘o‘od'yiaat.
1016 5475 1284 5532 Subinde
1324 5475 1446 5553 tres
1488 5475 1634 5534 m'ss.
1683 5475 2039 5553 πληροφορίαν

376 5550 598 5618 ἔχωσιν.
636 5549 785 5622 Editi
817 5554 875 5603 et
907 5563 1218 5622 unuerns.
1251 5550 1658 5622 προσάγουσι...
1693 5549 1930 5622 ἔχουσιν.

450 5622 559 5690 (73)
599 5621 788 5675 Vossii
836 5619 1209 5690 vetusliber
1238 5619 1301 5674 et
1327 5619 1428 5674 alii
1459 5620 1584 5675 duo
1624 5619 1724 5673 aut
1746 5619 1924 5674 πάλιν·
1957 5621 2037 5674 Ὀ.

375 5689 588 5748 Statim
606 5690 670 5748 in
693 5690 999 5764 aliquibus
1025 5689 1196 5747 libris
1223 5690 1445 5761 legitur
1467 5695 1628 5764 μένει,
1650 5693 1713 5750 in
1733 5691 2041 5767 aliquibus

1972 5085 2018 5120 ¹⁰
2057 5083 2275 5157 Ephes.
2311 5098 2390 5149 γι,
2419 5085 2473 5138 4.

2165 4681 2290 4713 στου
2321 4667 2561 4736 κρατοῦν,
2605 4662 2695 4710 καὶ
2742 4659 2929 4731 μικρὸν
2975 4662 3146 4727 τοῦτο,
3194 4655 3255 4706 οὗ
3303 4656 3521 4716 ἕκαστος
3561 4660 3760 4728 κρατεῦ

2160 4754 2332 4825 ὥσπερ
2378 4748 2461 4802 ἐπὶ
2500 4757 2599 4801 τῶν
2648 4745 2882 4804 ἀθλητῶν
2927 4747 2952 4797 ὁ
3001 4748 3089 4818 μὲν
3138 4750 3359 4807 νικήσας
3406 4743 3545 4795 ἐστὶν
3597 4743 3760 4816 ἰσχυ-

2155 4844 2366 4916 ρότερος
2404 4839 2538 4910 (74),
2581 4839 2605 4889 ὁ
2652 4833 2712 4889 δὲ
2769 4835 3010 4896 ἡττηθεὶς
3077 4833 3442 4906 ἀσθενέστερος
3488 4839 3578 4885 τοῦ
3644 4835 3762 4886 ἑπι-

2154 4932 2521 5005 κρατεστέρου,
2571 4928 2714 4988 ὅστις
2743 4925 2802 4978 ἂν
2969 4924 3170 4976 Δεῖόὗν
3223 4922 3307 4977 ἐπὶ
3356 4926 3548 4986 παντὸς
3597 4922 3764 4998 ἁμαρ-

2573 5082 2615 5117 ¹¹
2659 5078 2860 5138 Matth.
2894 5093 3007 5145 χιιι,
3047 5077 3128 5132 14.
3227 5078 3271 5112 ³³
3309 5078 3482 5133 Joan.
3515 5093 3638 5148 vni,
3670 5079 3755 5134 34.

2148 5348 2290 5406 vero
2319 5340 2474 5406 μενεῖ·
2509 5331 2618 5388 sed
2661 5329 2746 5386 sic
2776 5333 3000 5406 tamen,
3042 5331 3111 5384 ut
3153 5326 3344 5384 multo
3385 5327 3754 5402 frequentius

2147 5402 2404 5475 legatur,
2432 5411 2592 5475 μενεῖ,
2619 5402 2903 5475 manebit.

2220 5461 2332 5547 (74)
2353 5461 2600 5532 Codices
2627 5474 2856 5545 aliquot
2862 5472 3121 5602 ﬁerinde
3143 5476 3207 5527 ut
3225 5471 3369 5527 editi
3393 5471 3757 5552 ἰσχυρόςΕΟτ

2220 5565 2267 5602 :x
2289 5547 2456 5602 Colb.
2487 5548 2847 5602 ἰσγυρὸτεοος.
2915 5560 2994 5600 OX
3022 5547 3164 5602 Reiz.
3197 5544 3502 5598 secundus
3533 5551 3590 5600 et
3614 5543 3756 5599 editi

2148 5543 2267 5604 de'x
2289 5547 2456 5604 Colb.
2487 5543 2994 5619 ἰσχυρότέοοςἩοκ
3022 5547 3164 5613 Reg.
3197 5543 3502 5619 secundus
3530 5543 3590 5600 et
3609 5543 3756 5619 _e_diti

2147 5627 2239 5694 τοῦ
2262 5614 3003 5694 ἐπικρατουμένου.’νθιει·εε
3056 5621 3174 5672 tres
3201 5614 3339 5670 libri
3363 5621 3578 5686 printer
3609 5615 3756 5670 Voss

2149 5691 2596 5770 ἐπικρατεστέρου.
