4120 6420
443 383 573 438 1291

435 595 651 651 demus
682 597 884 650 autem
896 593 1209 663 aegerrime
1228 592 1381 648 ferre
1397 608 1509 648 nos
1527 592 1776 665 quasvis
1799 590 2011 647 sordes
2041 591 2103 646 in

436 697 711 756 corpore,
736 696 962 754 easque
1014 681 1278 738 aversari
1305 699 1317 750 ;
1344 685 1529 753 atque
1554 686 1618 737 ut
1656 680 1855 761 omnis
1878 680 2104 735 lacera-

435 773 636 841 tlonis,
669 772 753 829 ita
784 771 985 827 omnis
1003 770 1213 826 damni
1240 777 1491 843 aspectu
1519 771 1686 827 cordi
1713 769 1903 825 creari
1933 768 2104 824 dolo-

432 876 562 919 rem
590 877 662 917 ac
691 861 991 917 tristitiam
1020 877 1034 928 ;
1066 865 1301 932 quanto
1324 861 1520 929 magis
1553 875 1799 932 aequum
1831 863 2014 920 est.ut
2033 872 2106 914 ea

431 967 571 1025 quae
597 951 884 1014 diximus,
918 950 979 1006 in
1023 967 1087 1006 se
1142 950 1223 1005 ob
1264 954 1589 1021 peccantes
1621 949 1841 1005 sentiat
1891 949 1964 1013 is,
1997 947 2104 1020 qui

436 1041 737 1097 Christum
773 1054 844 1096 ac
872 1040 1092 1097 fratres
1125 1038 1343 1109 diligit.
1376 1039 1861 1111 quotiescunque
1887 1035 2105 1092 viderit

430 1128 817 1203 peccantium
839 1128 1111 1184 animam
1131 1127 1290 1183 velut
1308 1143 1345 1183 a
1366 1128 1579 1183 bestiis
1602 1127 1859 1182 sauciari
1886 1141 1956 1181 ac
1978 1140 2104 1181 cor-

430 1219 585 1282 rodi,
610 1222 791 1293 atque
808 1233 916 1274 seu
936 1218 1169 1273 saniem
1187 1217 1702 1290 putredinemque
1725 1217 1786 1272 in
1815 1230 1889 1273 ea
1908 1230 2103 1288 appa-

431 1308 593 1365 rere?
605 1307 791 1363 David
803 1307 945 1363 dicit
960 1304 1346 1378 ;Im‘quitates
1360 1321 1502 1363 mea?
1516 1306 2102 1378 supergressae520

430 1405 570 1455 sunt
589 1403 772 1468 caput
785 1411 981 1453 meum
1006 1397 1162 1452 sicut
1179 1411 1331 1452 onus
1352 1411 1540 1467 grave
1554 1403 1831 1467 gravata,
1846 1401 1986 1452 sunt
2005 1410 2101 1450 su-

422 1502 540 1558 per
555 1487 1054 1543 me.Putruerunt
1076 1491 1132 1542 et
1152 1491 1455 1554 corruptae
1477 1491 1619 1545 sunt
1641 1486 1948 1541 cicatrices
1964 1497 2107 1540 mete

429 1590 469 1632 a
493 1577 654 1646 facie
672 1575 1039 1645 insipientia:
1057 1575 1414 1631 meaMiser
1432 1575 1638 1644 factus
1660 1586 1790 1629 sum
1814 1579 1870 1629 et
1891 1586 2107 1631 curva-

430 1671 526 1721 tus
552 1680 681 1720 sum
704 1679 893 1736 usque
915 1665 978 1718 in
998 1664 1208 1732 ﬁnem:
1236 1669 1362 1719 tota
1380 1665 1477 1720 die
1496 1665 1892 1719 contristatur
1908 1665 2103 1732 ingre-

429 1754 662 1811 diebar.
687 1753 861 1810 ’3.Ait
881 1768 1026 1808 vero
1047 1751 1705 1825 Apostolus:Stimulus
1734 1756 2105 1820 mortispec-

1809 378 1862 436 S.
1906 377 2156 434 BASILII
2199 378 2425 437 MAGNI

440 507 497 563 Si
526 506 687 563 enim
715 518 927 561 revera
949 505 1157 560 anima
1190 503 1579 576 praestantior
1608 508 1697 559 est
1728 516 1995 575 corpore,
2015 501 2100 556 vi-
2132 505 2177 557 Α
2215 523 2416 574 7mm;-

3672 390 3811 446 1292

2495 512 2584 570 Τίς
2629 506 2853 578 ἀσθενεῖ,
2893 514 2983 562 καὶ
3035 510 3129 562 οὐκ
3184 509 3381 565 ἀσθενῶ
3428 529 3441 580 ;
3502 518 3586 575 τίς
3669 534 3824 567 σκαν-

2215 589 2509 666 δαλίζεται,
2577 603 2669 650 καὶ
2711 598 2805 650 οὐκ
2869 599 2970 671 ἐγὼ
3027 608 3343 674 πυροῦμαι;
3414 602 3474 655 Εἰ
3529 606 3655 678 γὰρ,
3689 607 3826 657 κατά

2211 686 2307 740 τὴν
2335 682 2578 742 ἀλήθειαν
2622 694 2714 739 τοῦ
2770 686 2947 759 λόγου,
3005 690 3034 747 ἡ
3084 688 3240 761 ψυχὴ
3302 694 3545 764 κρείττων
3584 691 3702 745 ἐστὶ
3725 712 3820 746 του

2215 790 2477 845 σφματος,
2508 776 2703 848 ὁρῶμεν
2735 772 2813 845 δὲ,
2867 779 2948 830 ὃτι
2970 777 3084 849 (79)
3132 777 3216 832 ἰπὶ
3262 786 3357 831 τοῦ
3384 785 3622 853 σώματος
3646 788 3822 836 πᾶσαν

2211 863 2301 933 μὶν
2327 861 2589 939 ῥυπαρίαν
2623 868 3011 940 σικχαινόμεθα
3038 873 3128 921 καὶ
3178 866 3603 943 βδελυσσόμεθα·
3626 877 3817 936 παντὸς

2214 948 2274 1004 δὲ
2327 963 2646 1028 σπαραγμοῦ
2725 959 2812 1010 καὶ
2865 961 3039 1020 πάσης
3104 957 3383 1024 ἐπιϐουλῆς
3454 962 3643 1037 θεωρία
3697 983 3818 1017 σννο

2212 1045 2440 1115 τριμμόν
2494 1049 2586 1097 καὶ
2645 1045 2833 1105 λύπην
2897 1046 3170 1121 ἕργάζίται
3250 1058 3312 1123 τῇ
3371 1047 3591 1126 καρδια·
3658 1057 3812 1126 πόσῳ

2212 1130 2404 1203 μᾶλλον
2434 1130 2714 1188 ἀκόλουθον
2766 1139 2879 1208 (80)
2920 1140 2995 1190 -τὰ
3041 1142 3393 1214 προειρημένα
3436 1142 3670 1213 πάσχειν
3730 1134 3824 1196 ἰπὶ

2211 1225 2321 1281 τοῖς
2374 1219 2738 1295 ἁμαρτάνουσι
2784 1228 2871 1278 τὸν
2929 1227 3272 1302 φιλόχριστον
3328 1228 3433 1281 καί
3484 1227 3817 1305 φιλάδελφον,

2213 1309 2335 1360 ὅταν
2362 1306 2528 1385 βλέπῃ
2586 1322 2686 1365 τῶν
2738 1314 3158 1389 ἁμαρτανόντων,
3204 1319 3378 1393 ὥσπερ
3447 1320 3548 1373 ύπό
3601 1323 3815 1397 θηρίων,

2211 1405 2629 1473 τιτρο›σκομίνην
2679 1408 2775 1462 τὴν
2817 1404 3024 1478 ψυχὴν,
3076 1411 3164 1460 καὶ
3211 1406 3664 1483 βιϐρωσκομίνην.
3725 1412 3817 1464 καὶ

2215 1488 2389 1561 ὥσπερ
2443 1488 2649 1566 ἰχῶρας
2699 1499 2789 1547 καὶ
2833 1493 3127 1558 σηπεὸονας
3156 1497 3530 1571 ἐπιφαινουσαν
3558 1508 3686 1566 ;τοῦ
3712 1504 3813 1573 μὴν

2214 1572 2382 1628 Δαϐὶδ
2428 1578 2679 1646 εἰπόντος,
2731 1585 2815 1636 ὄτί
2863 1587 2927 1638 Αἱ
2984 1584 3195 1659 ἀνομίαι
3245 1606 3345 1660 μου
3412 1588 3675 1664 ὑπερῆραν
3713 1572 3819 1650 Ῠτὴν

2212 1664 2439 1754 περαλήν
2516 1688 2639 1741 μου·
2726 1679 2871 1727 ὡσεί
2946 1680 3154 1749 φορτίον
3240 1675 3380 1753 βαρύ
3454 1676 3818 1754 ἐϐαρύνθησαν

2214 1752 2292 1805 ἐπ’
2363 1754 2469 1827 ἐμέ·
2530 1762 2872 1834 προσώζεσαν
2947 1769 3037 1817 καὶ
3105 1764 3381 1824 ἓσοὶπησαν
3451 1770 3500 1820 σί
3570 1767 3821 1841 μώλωπές

428 1848 631 1900 catum
662 1848 747 1899 est
774 1842 1003 1897 ".Cum
1061 1840 1245 1911 igitur
1268 1841 1405 1914 quis
1434 1846 1543 1897 aut
1578 1841 1662 1897 ob
1690 1841 1937 1912 propria
1957 1855 2093 1911 pec-

2211 1861 2312 1914 μου
2398 1842 2499 1898 ἀπὸ
2579 1857 2863 1924 προσώπου
2929 1861 3025 1916 τῆς
3081 1853 3375 1930 ἀφροσύνης
3449 1840 3575 1929 μονον
3620 1857 3820 1910 ἐταλαιδ

429 1938 589 2003 cata,
648 1934 756 1988 aut
803 1930 883 1987 ob
935 1928 1249 2002 aliena,utl
1298 1931 1429 2002 jam
1496 1930 1726 1986 dictum
1785 1934 1875 1986 est
1907 1928 2097 1996 initio,

430 2022 705 2079 animam
736 2036 913 2076 suam
946 2020 1030 2076 ita
1068 2018 1352 2076 affectam
1382 2020 1779 2092 perspexerit,
1806 2024 1945 2074 tunc
1973 2033 2100 2073 cer-

426 2110 658 2167 tissime
686 2109 893 2166 credat
911 2125 1044 2165 esse
1076 2124 1141 2164 se
1182 2125 1219 2165 a
1246 2114 1501 2181 peccato
1533 2108 1820 2166 liberum.

2210 1936 2439 2005 πώρησα
2478 1942 2569 1990 καὶ
2597 1943 2965 2015 κατεκάμφθην
2996 1945 3089 2006 ἕως
3131 1944 3325 2007 τέλους·
3357 1944 3483 2003 ὅλην
3507 1950 3602 2005 τὴν
3622 1948 3819 2022 ἡμέραν

2213 2023 2606 2095 σκυθρωπάζων
2639 2029 2976 2105 ἐπορευόμην·
3008 2041 3100 2086 τού
3124 2030 3184 2087 δὲ
3208 2034 3525 2087 Ἀποστόλου
3560 2035 3814 2108 λέγοντος.

2212 2113 2430 2185 Κέντρον
2455 2124 2547 2168 τοῦ
2582 2119 2804 2173 θανάτου
2836 2123 2866 2180 ἡ
2900 2121 3134 2199 ἁμαρτία
3181 2122 3525 2179 ἑστίν.”οταν
3548 2122 3634 2177 οὖν
3667 2126 3696 2185 ἣ
3731 2126 3813 2180 ἐπὶ

424 2207 535 2263 τοῖς
566 2194 722 2261 ἰδίοις
771 2198 1148 2276 ἁμαρτήμασιν
1190 2199 1220 2258 ἣ
1257 2197 1334 2251 ἐπ’
1366 2197 1678 2273 ἀλλοτρίοις,
1711 2201 1846 2250 κατὰ
1893 2199 1959 2250 τά
1983 2200 2335 2273 προειρημένα
2363 2201 2416 2264 ἐξ
2445 2202 2636 2277 ἀρχῆς,
2661 2209 2794 2261 οὕτω
2848 2207 3180 2285 διακειμένην
3205 2214 3485 2286 καταμάθῃ
3518 2233 3600 2277 τις
3626 2214 3802 2267 ἑαυτοῦ

431 2294 524 2349 τὴν
548 2288 759 2362 ψυχὴν,
781 2292 901 2342 τότε
934 2288 1413 2365 πληροφορηθήτω,
1447 2288 1528 2340 ὃτι
1552 2291 1831 2362 καθαρεύει
1851 2286 1953 2339 ἀπὸ
1983 2285 2266 2359 ἁμαρτίας,

644 2406 653 2419 ‘
734 2413 915 2488 15.79
943 2414 1458 2472 INTERROGATIO
1487 2414 1784 2471 CCXCVII.

540 2540 839 2601 Quomodo
871 2555 911 2598 a
960 2541 1229 2612 peccatis
1256 2555 1318 2597 se
1361 2545 1708 2598 convertere
1736 2544 1990 2609 oportet.

1067 2665 1458 2722 RESPONSIO

505 2773 565 2830 Si
592 2771 859 2829 imitetur
907 2770 1193 2828 affectum
1251 2771 1489 2828 Davidis
1519 2773 1625 2845 qui
1667 2772 1934 2846 primum
1960 2771 2099 2845 qui-

431 2862 573 2919 dem
606 2862 721 2918 ait:
754 2861 1143 2933 Iniquitatem
1170 2876 1360 2918 meam
1393 2864 1695 2933 cognitam
1719 2862 1859 2930 feci,
1892 2868 1944 2919 et
1971 2876 2101 2932 pec-

431 2957 639 3010 catum
652 2966 847 3007 meum
870 2967 990 3007 non
1008 2952 1317 3008 abscondi.
1332 2951 1490 3007 Dixi:
1518 2951 1860 3021 Conﬁtebor
1890 2951 2100 3008 adver-

431 3057 563 3098 sum
578 3041 1044 3109 meinjustitiam
1061 3056 1250 3097 meam
1269 3040 1827 3097 Domino’5.Dcinde
1848 3039 1897 3096 si
1912 3040 2097 3096 animi

432 3135 661 3187 statum
692 3129 1046 3201 detegat,uti
1079 3145 1187 3202 per
1218 3133 1454 3186 sextum
1488 3129 1797 3202 psalmum
1829 3129 2096 3203 aliosque

434 3219 619 3276 variis
641 3234 711 3276 ac
733 3218 989 3275 diversis
1008 3218 1205 3274 modis
1227 3219 1478 3274 edoctus
1501 3225 1606 3285 est,
1633 3225 1815 3292 atque
1845 3220 1922 3275 ab
1946 3223 2100 3293 Apo-

435 3309 589 3366 stolo
619 3325 693 3366 ea
740 3308 1035 3378 didicerit,
1085 3324 1222 3382 quas
1255 3323 1366 3381 pro
1412 3308 1611 3365 alieno
1659 3314 1910 3381 peccato
1939 3309 2101 3366 facta

433 3397 620 3455 fuisse
646 3414 683 3455 a
707 3397 1027 3454 Corinthiis
1057 3400 1307 3453 testatus
1360 3399 1468 3466 est,
1508 3398 1603 3453 his
1655 3399 1856 3454 verbis
1891 3416 1904 3455 :
1960 3399 2101 3467 Quae

433 3487 762 3546 secundum
779 3487 962 3543 Deum
991 3487 1242 3543 tristitia
1267 3490 1372 3555 est,
1397 3487 1815 3557 paenitentiam
1838 3489 1922 3545 ad
1938 3490 2099 3545 salu-

437 3580 553 3635 tem
576 3576 745 3633 haud
772 3575 1173 3646 pamitendam
1196 3581 1487 3646 operatur
1498 3577 1727 3642 ".Quin
1760 3583 1816 3633 et
1842 3578 2099 3634 tristitiae

435 3665 831 3741 proprietates
853 3664 1163 3736 adjungit.‘
1177 3665 1332 3722 Ecce
1356 3667 1511 3721 enim
1536 3664 1645 3722 hoc
1667 3668 2100 3737 ipsum,secnn-

434 3756 579 3812 dum
608 3755 798 3811 Deum
836 3756 1212 3821 contristari,
1236 3760 1531 3826 quantam
1570 3754 1631 3810 in
1652 3756 1819 3811 vobis
1864 3757 2099 3825 peperit

431 3844 1033 3902 sollicitudinemzsed
1046 3844 1584 3915 defensionem,sed
1593 3846 2096 3915 indignationem,

433 3935 540 3992 sed
563 3935 974 4000 timorem,sed
1002 3934 1384 4002 desiderium,
1401 3935 1506 3991 sed
1526 3936 2104 3998 aemulationeme

436 4023 859 4081 vindictamzin
873 4024 1146 4080 omnibus
1161 4023 1520 4079 exhibuistis
1530 4038 1631 4079 vos
1652 4025 2099 4081 incontamina‘

437 4120 525 4170 tos
545 4126 667 4169 esse
690 4115 755 4167 in
787 4111 899 4168 hoc
928 4114 1168 4182 nogotio
1193 4113 1262 4167 ’7.
1296 4115 1489 4177 Quare
1519 4127 1591 4167 ex
1629 4111 1700 4167 iis
1728 4112 1981 4185 planum
2012 4118 2103 4171 est

435 4205 493 4259 et
506 4201 919 4276 perspicuum,
941 4217 1068 4258 non
1088 4207 1363 4275 oportere
1391 4202 1588 4258 solum
1612 4219 1648 4258 a
1668 4208 1917 4276 peccato
1943 4220 2100 4260 sece-

435 4291 601 4359 dere,
652 4291 891 4363 hosque
921 4306 1033 4362 pro
1081 4291 1504 4364 peccatoribus
1536 4291 1787 4348 affectus
1820 4293 1961 4366 pati,
1992 4294 2097 4350 sed

432 4378 514 4436 ab
542 4378 687 4452 ipsis
717 4377 899 4435 etiam
932 4379 1356 4451 peccatoribus
1383 4381 1700 4435 removeri.
1722 4385 1870 4437 Nam
1902 4386 1959 4438 et
1987 4384 2096 4438 Da-

2743 2400 3057 2462 EPQTHEIZ
3098 2393 3247 2471 252'.

2352 2537 2468 2594 Πῶς
2498 2531 2598 2587 ἀπὸ
2628 2543 2729 2587 τῶν
2761 2536 3150 2611 ἁμαρτημάτων
3172 2535 3496 2613 ἐπιστρεφειν
3525 2543 3660 2614 χρή.

2812 2667 3166 2717 ΑΠΟΚΡΙΣῙΣ
3187 2704 3202 2721 .

2276 2766 2594 2824 Ζηλώσαντα
2666 2771 2760 2829 τήν
2827 2765 3066 2823 διάθεσιν
3117 2778 3207 2823 τοῦ
3257 2765 3443 2839 Δαϐὶδ,
3468 2777 3673 2842 πρῶτον
3712 2771 3804 2842 μὲν

2204 2852 2457 2927 λέγοντος·
2528 2862 2633 2917 Τὴν
2709 2856 2923 2932 ἀνομίαν
3012 2879 3112 2933 μου
3184 2860 3457 2934 ἐγνώρισα,
3535 2863 3627 2910 καὶ
3708 2863 3805 2918 τὴν

2207 2943 2466 3019 ἁμαρτίαν
2535 2966 2635 3020 μου
2725 2949 2819 3000 οὐκ
2873 2946 3128 3020 ἐκάλυψα.
3224 2946 3377 3002 Εἶπα·
3444 2947 3809 3021 Ἐξαγορεύσω

2203 3035 2318 3086 κατ’
2378 3034 2501 3107 ἐμοῦ
2541 3041 2635 3095 τὴν
2698 3035 2913 3111 ἀνομίαν
2966 3058 3065 3111 μου
3114 3046 3185 3109 τῷ
3255 3043 3448 3113 Κυρίῳ·
3515 3040 3691 3090 ἔπειτα
3751 3034 3813 3090 δὶ

2208 3124 2256 3176 ἐν
2276 3132 2346 3194 τῷ
2380 3122 2692 3196 διηγεῖσθαι
2745 3130 2833 3180 τόν
2886 3131 3075 3201 τρόπον
3116 3124 3211 3181 διὰ
3239 3129 3352 3192 (81)
3379 3134 3472 3180 τοῦ
3504 3130 3652 3180 ἕκτου
3679 3126 3810 3198 ψαλ-

2204 3221 2326 3285 μοῦ,
2361 3218 2451 3266 καὶ
2496 3211 2569 3268 δι’
2610 3215 2774 3268 ἄλλων
2824 3212 2883 3269 δὲ
2907 3216 3271 3293 πολυτρόπως,
3303 3213 3397 3269 διὰ
3428 3212 3488 3269 δι
3525 3224 3617 3268 τοῦ
3657 3214 3812 3269 Ἀπο-

2207 3302 2390 3355 στόλου
2435 3306 2762 3376 μανθάνοντα
2818 3313 2985 3358 ταῦτα
3024 3304 3059 3358 ἃ
3115 3305 3444 3381 ἐμαρτύρησε
3482 3313 3594 3368 τοῖς
3626 3312 3809 3380 Κοριν-

2207 3394 2340 3453 θίοις
2396 3394 2522 3469 ὑπὲρ
2579 3394 2852 3469 ἀλλοτρίου
2920 3395 3312 3471 ἁμαρτήματος,
3370 3397 3544 3459 εἰπὼν,
3622 3396 3700 3447 ὅτι
3748 3393 3806 3447 Ἠ

2203 3484 2340 3534 κατὰ
2409 3487 2538 3536 Θιόν
2603 3483 2740 3542 λύπη
2797 3488 3072 3557 μετάνοιαν
3140 3485 3209 3546 εἰς
3284 3489 3550 3559 σωτηρίαν
3616 3482 3806 3556 ἀμετα-

2203 3569 2421 3642 μέλητον
2480 3576 2874 3646 κατεργάζεται·
2924 3578 3016 3626 καὶ
3066 3576 3134 3626 τὰ
3191 3571 3456 3646 ἰδιώματα
3503 3582 3596 3634 τῆς
3642 3572 3807 3634 λύπης

2204 3661 2480 3732 ἐπενεγκών
2538 3667 2667 3733 (82)·
2727 3660 2866 3716 Ἰδού
2924 3666 3026 3738 ’γὰρ
3075 3663 3204 3716 αὐτὸ
3233 3669 3388 3716 τοῦτο
3423 3666 3483 3715 τὸ
3514 3664 3650 3715 κατά
3680 3665 3808 3715 Θεὸν

2204 3751 2502 3811 λυπηθῆναι
2579 3757 2749 3810 πόσην
2824 3754 3212 3826 κατειργάσατο
3295 3752 3345 3804 ἐν
3443 3754 3566 3824 ύμῖν
3649 3770 3812 3804 σπου-

2207 3840 2326 3903 δήν·
2407 3840 2517 3894 ἀλλ’
2593 3839 2871 3914 ἀπολογίαν
2900 3883 2917 3913 ,
2993 3840 3121 3894 ἀλλὰ
3194 3841 3551 3914 ἀγανάκτησιν
3582 3882 3595 3899 .
3680 3839 3812 3893 ἀλλά

2205 3930 2379 4005 φόϐον,
2448 3930 2577 3983 ἀλλά
2645 3929 2978 3996 ἐπιπόθησιν,
3059 3930 3189 3983 ἀλλά
3265 3930 3440 3998 ζῆλον,
3534 3928 3662 3982 ἀλλά
3733 3930 3812 3983 ἑπι-

2206 4017 2442 4078 ὃίκησιν.
2521 4019 2601 4073 Ἐν
2680 4024 2836 4072 παντὶ
2903 4025 3257 4078 συνεστήσατε
3335 4019 3553 4081 ἑαυτούς
3628 4019 3813 4092 ἁγνοὺς

2205 4112 2333 4163 εἶναι
2395 4110 2443 4162 ἐν
2499 4116 2571 4181 τῷ
2628 4111 2925 4184 πράγματι.
2981 4108 3142 4161 Ὠστε
3201 4108 3256 4162 ἐκ
3285 4110 3483 4161 τούτων
3517 4105 3699 4170 δῆλον,
3728 4109 3811 4161 ὅτι
3848 4108 3861 4121 ³

2203 4200 2262 4251 ού
2310 4203 2463 4272 μόνον
2521 4197 2812 4271 ἀναχωριῖν
2843 4203 2953 4271 χρὴ
3001 4207 3095 4259 τῆς
3114 4198 3397 4273 ἁμαρτίας,
3429 4202 3520 4250 καὶ
3553 4199 3680 4273 ὑπὲρ
3711 4205 3808 4251 τῶν

2203 4287 2599 4362 ἁμαρτανόντων
2660 4295 2827 4340 ταῦτα
2871 4289 3122 4359 πάσχειν,
3176 4286 3304 4339 ἀλλά
3348 4292 3439 4339 καὶ
3483 4285 3813 4359 ἀφίστασθαι

2200 4380 2366 4435 αὐτῶν
2414 4389 2513 4432 τῶν
2555 4378 2973 4452 ἁμαρτανόντων·
3023 4383 3114 4429 τού
3162 4380 3252 4449 μὶν
3298 4373 3466 4429 Δαϐὶὸ
3512 4380 3601 4428 καὶ
3653 4383 3810 4428 τοῦτο

431 4468 531 4525 vid
558 4468 622 4524 id
644 4482 890 4542 quoque
918 4465 1271 4533 declaravit,
1305 4484 1449 4524 cum
1490 4467 1639 4525 dixit
1671 4486 1684 4525 :
1733 4471 2031 4528 Discedite
2058 4485 2093 4529 a

2204 4468 2540 4530 δηλώσαντος
2609 4468 2656 4521 ἐν
2735 4474 2808 4537 τῷ
2883 4467 3063 4519 εἰπεῖν·
3140 4464 3433 4524 Ἀπόστητο
3485 4463 3571 4517 ἀπ’
3656 4464 3808 4538 ἐμοῦ,

428 4572 543 4628 me,
571 4572 774 4616 omnes
795 4560 902 4630 qui
925 4560 1265 4627 operamini
1281 4560 1736 4630 iniquitatem":
1758 4563 1826 4616 Et
1844 4566 2096 4634 Aposto-

499 4739 551 4773 ³⁸
580 4736 732 4794 Psal.
763 4752 983 4805 xxxv",
1018 4740 1129 4793 5-7.
1223 4737 1271 4773 ³⁸
1301 4736 1324 4792 Ι
1349 4737 1484 4793 Cor.
1520 4753 1617 4807 xv,
1649 4742 1737 4795 56.

427 4825 507 4878 τι,
526 4814 584 4867 9.

499 4986 610 5056 (79)
633 4988 849 5044 Vocem
872 4987 953 5039 ὅτι
976 4985 1110 5043 loco
1136 4986 1435 5043 movimus
1453 4987 1761 5044 veteribus
1789 4989 1953 5046 libris
1974 5005 2079 5045 au-

426 5057 727 5131 ctoribus:
751 5063 811 5114 In
842 5058 1101 5131 vulgatis
1131 5059 1332 5131 posita
1360 5064 1448 5114 est
1480 5064 1617 5114 ante
1642 5076 1854 5116 vocem
1875 5067 2073 5117 πᾶσαν.

424 5128 654 5204 Ibidem
703 5130 831 5199 Reg
885 5129 1093 5204 tertius
1134 5128 1409 5204 *ῥυπαρίαν
1463 5134 1870 5204 σικχαινόμξθα.
1916 5135 2069 5204 Beg.

423 5201 654 5273 primus
683 5201 954 5257 secunda
996 5201 1183 5256 manu
1229 5201 1594 5273 σιαχαίνομεν,
1647 5201 1846 5259 Codex
1903 5202 2069 5259 Colb.

426 5277 769 5347 συχαίνομεν.
797 5273 1098 5328 Editiones
1123 5273 1300 5347 Basil.
1331 5274 1549 5347 et‘Yen.
1568 5273 1809 5347 perinde
1838 5280 1901 5330 ut
1926 5276 2067 5347 Reg.

422 5344 727 5417 secundus
755 5349 1120 5417 σιαχαίνομεν,
1146 5348 1203 5399 et
1235 5344 1315 5399 ita
1350 5344 1584 5417 videtur
1612 5344 1897 5417 habuisse
1922 5344 2071 5416 quo-

421 5429 541 5497 que
569 5416 707 5497 Reg.
740 5413 973 5497 primus
995 5413 1193 5497 prima
1214 5429 1420 5497 manu.
1440 5413 1599 5497 Fecit
1617 5413 2070 5497 vocis‘insolen-

419 5486 522 5555 tia,
539 5491 614 5563 _ut
641 5486 804 5563 varie
821 5486 1072 5563 scripta
1095 5487 1168 5541 sit
1193 5486 1528 5563 alibrariis.
1563 5487 1748 5563 Editio
1782 5488 1967 5544 Paris.
1980 5489 2068 5563 ῥυ-

417 5559 612 5631 παρίαν
640 5555 1003 5638 ἕχθραςνρμςῖν.
1039 5559 1234 5638 Quam
1262 5557 1585 5638 lectionem
1615 5558 1913 5638 optimam
1934 5555 2069 5638 esse

418 5626 544 5702 non
560 5626 715 5699 nego
731 5626 914 5702 quide
925 5643 988 5702 m_
1000 5626 1141 5702 _:_sed
1168 5644 1309 5702 cum
1330 5628 1530 5702 cogito
1553 5626 1924 5702 antiquiores
1948 5630 2069 5702 edi-

417 5698 611 5755 tiones
637 5698 696 5757 et
721 5698 954 5756 veteres
972 5699 1162 5755 libros
1192 5700 1277 5756 ita
1295 5699 1354 5755 in
1374 5699 1673 5756 scribendi
1701 5698 1932 5758 ratione
1948 5701 2070 5757 dis-

1823 4738 2052 4810 ³⁵1³8³1.
2106 4754 2271 4809 xxn,
2326 4742 2377 4793 5.

2200 4564 2381 4621 πάντες
2428 4557 2479 4612 οἰ
2531 4558 2869 4632 ἐργαζόμενοι
2939 4560 3034 4614 τὴν
3102 4553 3340 4628 ἀνομίανο
3399 4563 3494 4609 τοῦ
3541 4552 3602 4609 δὲ
3653 4555 3809 4610 Ἀπο-

2490 4738 2538 4773 ²⁶
2594 4735 2640 4791 ll
2697 4736 2827 4791 Cor.
2859 4749 2956 4803 vn,
2990 4737 3077 4790 t0.
3161 4734 3206 4769 ³⁷
3238 4732 3386 4790 ibid.
3441 4738 3527 4789 ti.
3559 4734 3608 4769 ³⁸
3641 4734 3814 4803 Psal,

2195 4986 2434 5055 sentire,
2468 4992 2533 5043 ut
2549 4991 2751 5043 tamen
2774 5001 2899 5041 non
2919 4985 3177 5041 obscure
3203 4985 3265 5042 in
3296 4985 3433 5057 ipsa
3451 5002 3515 5041 re
3546 5001 3806 5043 consen-

2195 5060 2341 5116 tiant
2371 5058 2670 5115 afﬁrmare
2703 5073 2883 5130 posse
2912 5057 3189 5130 arbitror,
3226 5059 3643 5130 typographos
3682 5059 3799 5111 Pa—

2180 5133 2461 5186 risienses
2494 5146 2601 5201 pro
2635 5127 2977 5201 σιέχαίνομξν
3008 5127 3082 5182 de
3118 5127 3543 5201 suo‘p'osuisse
3576 5129 3792 5200 ἐχθραί-

2181 5221 2349 5275 νομεν.
2389 5199 2824 5257 Existimabam
2860 5199 3044 5259 enim.
3081 5206 3142 5275 u_t
3189 5199 3331 5255 mihi
3367 5199 3794 5275 vitieturmunc

2179 5272 2382 5329 locum
2414 5278 2765 5344 corruptum
2810 5287 2976 5325 esse:
3023 5272 3127 5343 qui
3179 5273 3635 5344 tameninteger
3661 5273 3790 5323 erat

2180 5350 2238 5399 et
2290 5360 2498 5400 sanus.
2561 5343 2710 5399 lllud
2763 5348 2966 5399 autem
3024 5344 3287 5398 maxime
3330 5343 3490 5399 hinc
3516 5346 3788 5398 nostram

2180 5418 2539 5471 sententiam
2591 5414 2931 5485 conﬁrmat.
2987 5413 3156 5485 quod
3186 5414 3300 5469 hoc
3340 5414 3504 5471 idem
3536 5412 3789 5469 verbum

2183 5490 2557 5558 σικχαινεσθαι
2586 5487 2820 5558 legatur
2846 5484 3029 5558 etiam
3070 5485 3414 5558 RegulaJO.

2250 5555 2365 5629 (-870)
2404 5557 2613 5631 Codex;
2637 5557 2779 5631 Coll)
2800 5560 2955 5631 nco-rp
2986 5555 3408 5631 ἀκολουθοτερον.

2253 5613 2332 5700 (Si
2351 5613 2616 5701 {Siclibri
2636 5628 2867 5701 antiqui
2887 5613 3315 5701 .Voculadzdid
3333 5627 3593 5700 vulgatis
3610 5627 3786 5685 abest

2251 5697 2366 5768 (82)
2398 5699 2600 5757 Codex
2630 5697 2814 5757 Voss;
2834 5699 3004 5762 λύπης
3042 5697 3283 5772 ἐνεγκὼν,
