4120 6396
456 341 478 393 ί
497 342 604 396 293

1755 322 1811 378 S.
1857 315 2106 374 BASILII
2144 315 2392 374 MAGNI.

3698 319 3846 377 1296

452 459 716 537 peccatis
745 458 1040 532 oporteat.
1076 452 1184 510 Ubi
1207 455 1411 508 autem
1442 462 1644 505 sermo
1674 445 1860 502 estde
1880 459 1957 537 re
1977 457 2116 537 ocu:

2230 439 2555 516 ἐπιστρέφειν
2592 444 2727 515 χρή’
2760 442 2819 493 τό
2860 435 2920 493 δι
2956 442 3075 515 περὶ
3115 437 3337 515 ἀοράτου
3369 438 3498 495 εἶναι
3536 445 3623 496 τόν
3655 442 3841 517 λόγον,

449 528 652 611 lorum
678 528 875 606 aciem
906 543 1193 614 fugiente,
1225 537 1689 596 meminerimus
1724 532 1985 600 Domini,
2011 528 2119 604 qui

452 642 563 699 ait:
578 639 750 698 Nihil
761 642 844 695 est
865 627 1476 702 absconditum,qnod
1496 643 1617 683 non
1638 629 2030 696 cognoscelur
2043 620 2090 655 39
2103 660 2117 675 .

454 735 601 790 Item
634 746 649 787 :
679 728 782 786 Ea:
816 722 1197 784 abundantia
1226 719 1424 777 cordis
1455 732 1517 775 os
1548 715 1817 787 loquitur
1836 713 1903 767 ⁸ο.

914 845 1432 907 INTERROGATIO
1484 841 1663 900 CCCI.

459 961 631 1037 Quod
655 961 708 1020 si
725 957 947 1018 dixerit
970 955 1101 1030 quis
1135 953 1316 1081 :dMea
1333 959 1425 1078 inte
1448 947 1816 1007 conscientia
1834 959 1953 1001 non
1976 957 2119 1000 con-

1193 1038 1367 1081 emna
1404 1064 1418 1079 .

1193 1038 1418 1081 emnat.

1084 1149 1496 1210 RESPONSIO.

529 1274 653 1329 Hoc
680 1264 898 1325 accidit
918 1261 1100 1320 etiam
1123 1259 1184 1316 in
1204 1255 1434 1314 morbis
1465 1248 1933 1327 corporis.Multi
1957 1247 2122 1306 enim

461 1363 601 1418 sunt
625 1354 842 1423 morbi,
892 1366 1049 1426 quos
1101 1363 1228 1405 non
1278 1345 1546 1401 sentiunt
1598 1341 1783 1412 aegri:
1818 1344 1876 1396 et
1918 1341 2123 1394 tamen

458 1447 840 1508 medicorum
860 1441 1066 1516 potius
1088 1436 1343 1494 credunt
1361 1430 1989 1503 observationi,quam
2012 1443 2123 1483 suo

458 1539 734 1613 ipsorum
763 1529 996 1605 stupori
1027 1525 1363 1585 attendant.
1388 1525 1557 1579 Hune
1588 1520 1669 1613 ad
1699 1519 1955 1613 modum
1976 1520 2034 1574 ct
2054 1516 2124 1613 in

460 1604 693 1685 morbis
724 1604 933 1691 aninii,
967 1618 1087 1675 hoc
1116 1619 1224 1683 est,
1272 1612 1334 1669 in
1382 1609 1672 1685 peccatis,
1697 1607 1934 1665 etiamsi
1964 1604 2121 1679 quis,

455 1713 692 1792 peccati
717 1709 887 1769 haud
913 1705 1214 1775 conscius,
1251 1718 1315 1760 se
1340 1701 1469 1775 ipse
1501 1715 1637 1792 non.
1652 1701 1868 1770 arguat
1891 1695 2123 1792 itidem

2227 533 2661 604 μνημονεῦσωμεν
2710 536 2802 583 τοῦ
2844 533 3059 604 Κυρίου,
3111 529 3192 581 ὃτι
3237 526 3405 583 Οὐδὲν
3437 529 3548 585 έστι
3577 538 3843 608 κρυπτὸν,

2229 617 2255 670 ὁ
2285 617 2344 671 οὗ
2377 621 2766 692 γνωσθήσεται·
2796 623 2905 686 καὶ,
2937 619 3134 671 ὅτιλἘκ
3171 626 3264 673 τοῦ
3291 623 3711 697 περισσεύματος
3739 632 3842 686 τῆς

2228 705 2456 784 καρδίας
2491 707 2637 763 λαλεῖ
2662 709 2776 781 (89)
2815 711 2873 762 τό
2915 712 3112 782 στόμα.

2802 839 3076 889 ΕΡΩΤΗΣΙ
3084 841 3116 887 Σ
3143 833 3261 888 TA'.

2231 960 2350 1015 Ἐὰν
2399 958 2459 1017 δε
2514 963 2654 1037 ιῖπῃ,
2714 963 2796 1015 ὅτι
2853 960 2929 1014 Οῦ
2989 966 3373 1038 καταγινώσκει
3432 984 3534 1038 μου
3590 967 3649 1021 τό
3704 985 3842 1021 συν-

2945 1029 3103 1095 ειδός.

2854 1145 3229 1197 ΑΠΟΚΡΙΣΙΣ.

2300 1254 2464 1302 Τοῦτο
2519 1254 2610 1303 καὶ
2666 1247 2750 1303 έπὶ
2802 1257 2901 1303 τῶν
2959 1258 3271 1323 σωματικῶν
3312 1253 3492 1305 παθῶν
3539 1253 3840 1328 συμϐαίνει.

2233 1337 2402 1392 Πολλά
2430 1341 2530 1415 γάρ
2562 1337 2677 1392 ἔστι
2718 1340 2884 1406 παθη,
2919 1339 2986 1391 ὧν
3016 1339 3111 1392 οὐκ
3151 1338 3557 1395 ἓπαισθάνονται
3586 1345 3636 1396 οἱ
3674 1342 3843 1398 ἀσθε-

2230 1435 2451 1490 νοῦντες”
2481 1435 2541 1500 τῇ
2575 1432 2813 1500 μέντοιγε
2842 1436 2942 1499 τῶν
2984 1427 3172 1503 ἰατρῶν
3213 1436 3499 1503 σημειώσει
3528 1435 3848 1488 πιστεύουσι

2232 1518 2444 1592 μᾶλλον,
2479 1519 2507 1578 ἡ
2558 1526 2620 1592 τῇ
2669 1519 2863 1572 ἑαυτῶν
2904 1515 3231 1591 ἀναισθησίᾳ
3266 1523 3652 1595 προσέχουσιν,
3687 1521 3845 1575 Οὕτω

2232 1610 2324 1659 καὶ
2368 1605 2452 1659 ἐπὶ
2495 1613 2595 1659 τῶν
2639 1614 2736 1668 τῆς
2780 1605 2966 1678 ψυχῆς
3011 1607 3212 1672 παθῶν,
3254 1612 3548 1676 τουτέστιν,
3603 1608 3687 1663 ἐπὶ
3736 1619 3842 1663 τῶν

2234 1695 2642 1772 ἁμαρτημάτων,
2688 1694 2783 1748 κᾶν
2844 1695 3029 1749 ἑαυτοῦ
3067 1715 3149 1758 τις
3193 1700 3267 1770 μὴ
3317 1704 3715 1774 καταγινώσκῃ,
3763 1705 3839 1774 μή

457 1783 666 1863 tamen
693 1798 877 1858 debet
899 1797 971 1854 iis
1001 1792 1314 1860 adhibere,
1344 1789 1451 1864 qui
1479 1804 1575 1845 res
1601 1786 1762 1843 illius
1791 1784 2008 1842 melius
2035 1783 2116 1839 vi-

2235 1786 2670 1859 ἐπαισθανόμενος
2712 1793 2804 1838 τοῦ
2853 1786 3248 1861 ἁμαρτήματος,
3298 1791 3564 1842 πιστεύειν
3607 1793 3845 1863 μέντοιγε

457 1895 601 1953 dere
620 1893 897 1967 possunt.
922 1889 1044 1944 Hoc
1072 1882 1480 1957 praestiterunt
1509 1876 1704 1967 sancti
1723 1873 2123 1967 Apostoliqui

450 2001 599 2043 cum
621 1961 704 2039 de
724 1995 835 2037 sua
853 1977 1090 2035 sincera
1108 1987 1256 2043 erga
1278 1969 1605 2028 Dominum
1622 1966 1944 2023 aﬂeetione
1975 1961 2121 2019 nihil

455 2064 1150 2138 dubitatent,audientes
1176 2066 1383 2119 tamen
1413 2076 1427 2114 :
1451 2058 1612 2115 Unus
1635 2071 1709 2114 ex
1727 2054 1886 2111 vobis
1920 2052 2122 2109 tradet

454 2179 549 2221 me
568 2164 637 2226 ιι,
657 2158 859 2235 potius
881 2152 1116 2213 Domini
1146 2149 1350 2208 verbis
1380 2142 2122 2211 credidere,dissidebant-

453 2268 595 2327 que,
628 2234 699 2307 ac
728 2245 1050 2304 dicebant:
1093 2238 1390 2312 Nunquid
1430 2252 1535 2308 ego
1581 2251 1732 2303 sum,
1762 2234 2016 2290 Domine
2037 2234 2120 2287 ".9

450 2326 734 2416 Apertius
760 2341 966 2394 autem
982 2332 1253 2405 idipsum
1283 2329 1460 2386 docet
1479 2342 1593 2383 nos
1622 2329 1875 2416 sanctus
1892 2326 2115 2390 Petrus,

453 2412 561 2507 qui
587 2446 662 2487 ex
687 2422 1034 2485 vehementi
1059 2419 1398 2479 humilitate
1428 2431 1550 2473 non
1574 2413 1705 2471 vult
1733 2412 1979 2507 quidem
2005 2412 2119 2468 sibi

453 2500 707 2594 dperam
730 2533 767 2574 θ.
790 2513 1046 2572 Domino
1076 2515 1136 2567 et
1160 2513 1279 2567 Deo
1304 2511 1362 2564 et
1389 2505 1680 2576 magistro
1704 2501 1959 2577 praeberi
1981 2500 2119 2558 :sed

452 2617 660 2669 tamen
690 2621 831 2664 cum
861 2607 1020 2659 esset
1066 2599 1180 2656 sibi
1230 2595 1764 2670 persuasissimum
1812 2607 1958 2648 vera
1986 2607 2117 2647 esse

454 2696 694 2758 Domini
723 2692 932 2756 verba,
967 2690 1072 2747 ubi
1113 2687 1366 2755 audivit,
1415 2684 1483 2743 Si
1504 2700 1625 2741 non
1650 2685 1853 2740 lavero
1888 2687 1962 2749 le,
1996 2697 2116 2738 non

454 2790 635 2850 habes
667 2790 908 2860 partem
951 2795 1201 2852 mecum,
1255 2776 1434 2833 dicit:
1479 2775 1618 2831 Non
1663 2778 1901 2831 tantum
1940 2771 2118 2844 pedes

452 2894 634 2946 meos,
652 2877 755 2935 sed
781 2878 835 2933 et
866 2886 1106 2937 manus,
1130 2874 1186 2926 et
1215 2872 1401 2938 caput
1422 2866 1492 2922 ⁸³.

814 3040 1522 3143 szmrenaoculo
1552 3059 1758 3118 cccn.

2233 1874 2425 1948 ὀφείλει
2454 1882 2558 1937 τοῖς
2607 1872 2915 1948 δυναμένοις
2962 1874 3115 1928 πλέον
3148 1871 3277 1929 ἰδεῖν
3325 1879 3394 1929 τὰ
3431 1876 3646 1932 ἐκείνου·
3688 1887 3841 1934 τοῦτο

2234 1962 2511 2028 δειξάντων
2531 1968 2622 2040 μὶν
2651 1974 2751 2018 τῶν
2778 1964 2938 2038 ἁγίων
2965 1963 3286 2033 ἀποστόλων,
3312 1969 3414 2038 ὅτε,
3438 1967 3488 2021 ἐν
3512 1968 3840 2046 πληροφορίᾳ

2232 2059 2369 2119 ὄντες
2425 2063 2522 2117 τῆς
2577 2054 2773 2108 ἑαυτῶν
2828 2054 3130 2131 εἰλικρινοῦς
3176 2060 3302 2132 πρρς
3349 2060 3437 2110 τόν
3479 2061 3667 2134 Κύριον
3718 2063 3832 2133 (90)

2233 2143 2536 2217 διαθέσεως,
2559 2151 2650 2199 καὶ⁹
2679 2144 3016 2213 ἀκούσαντες,
3050 2148 3131 2200 ὅτι
3160 2143 3249 2210 Εἷς
3270 2147 3323 2211 ἐξ
3351 2149 3493 2222 ὑμῶν
3525 2147 3827 2226 παραδώσει

2229 2255 2312 2309 με,
2379 2243 2450 2306 τῷ
2505 2233 2643 2307 λόγῳ
2699 2242 2792 2287 τοῦ
2851 2238 3045 2308 Κυρίου
3113 2235 3424 2289 ἐπίστευσαν
3473 2238 3679 2312 μᾶλλον,
3739 2244 3829 2294 καὶ

2231 2320 2525 2398 διεφέροντο
2549 2323 2799 2396 λέγοντες
2834 2328 2972 2382 Μήτι
3011 2323 3108 2396 ἐγώ
3135 2324 3261 2398 εἰμι,
3293 2328 3487 2403 Κύριε;
3524 2348 3829 2403 σαφεστερον

2231 2409 2290 2466 δὶ
2328 2415 2465 2487 ἡμᾶς
2501 2419 2594 2465 τοῦ
2637 2412 2790 2485 ἁγίου
2834 2416 3030 2487 Πέτρου
3082 2410 3450 2484 διδάσκοντος,
3498 2416 3553 2479 ὃς
3591 2414 3831 2494 διαπύρῳ

2231 2495 2363 2571 (91),
2384 2506 2475 2577 μὶν
2497 2505 2938 2578 ταπεινοφροσύνῃ
2962 2511 3297 2577 παραιτεῖται
3317 2510 3413 2565 τὴν
3433 2507 3723 2581 ὑπηρεσίαν
3742 2515 3834 2561 τοῦ

2229 2595 2491 2645 Δεσπότου
2540 2596 2630 2645 καὶ
2678 2596 2805 2645 Θεοῦ
2847 2596 2939 2644 καὶ
2972 2589 3007 2645 δ
3013 2589 3327 2647 ιδασκάλου’
3359 2594 3690 2670 πληροφορίᾳ
3719 2600 3837 2668 (92)

2228 2678 2289 2734 δε
2317 2690 2413 2744 τῆς
2441 2679 2684 2744 ἀληθείας
2709 2689 2810 2733 τῶν
2833 2689 2924 2735 τοῦ
2956 2686 3153 2758 Κυρίου
3192 2683 3438 2758 ῥημάτων
3465 2683 3720 2753 ἀκούσας,
3751 2687 3834 2738 ὅτι

2230 2771 2347 2823 Ἐὰν
2375 2775 2447 2844 μή
2480 2769 2618 2843 νίψω
2647 2790 2725 2839 σε,
2762 2771 2854 2823 οὐκ
2886 2773 3028 2844 ἔχεις
3057 2776 3214 2848 μέρος
3239 2772 3350 2845 μετ’
3383 2771 3524 2846 ἐμοῦ,
3552 2772 3711 2846 λέγει’
3742 2778 3830 2833 Μή

2226 2863 2343 2921 τοὺς
2386 2855 2559 2922 πόδας
2599 2880 2700 2932 μου
2734 2865 2909 2934 μόνον,
2950 2859 3079 2913 ἀλλὰ
3120 2863 3328 2925 καὶτὰς
3365 2869 3574 2939 χεῖρας,
3606 2868 3699 2916 καὶ
3740 2868 3835 2924 τήν

2226 2946 2471 3023 κεφαλὴν.

2796 3063 3113 3112 ΕΡΩΤΗΣΙΣ
3149 3057 3265 3116 ΤΒ’.

451 3184 550 3245 An
577 3194 656 3240 ex
681 3178 840 3237 cella
864 3175 1126 3248 penaria
1169 3170 1547 3248 erogandum
1591 3169 1669 3224 sit
1689 3167 1954 3224 externis
1985 3168 2116 3224 ino-

2228 3162 2289 3217 Εἰ
2333 3167 2445 3236 χρὴ
2497 3161 2599 3217 ἀπὸ
2647 3171 2743 3228 τῆς
2773 3163 3072 3248 οἰκονομίας
3102 3160 3317 3219 διδόναι
3357 3172 3464 3229 τοῖς
3502 3162 3704 3222 ἑνδεέσι
3730 3176 3831 3222 τῶν

1185 3244 1385 3315 pibus.

1084 3348 1494 3408 RESPONSIO.

528 3472 678 3535 Cum
704 3463 994 3524 Dominus
1022 3458 1262 3528 dixerit,
1314 3457 1451 3515 Non
1497 3471 1626 3513 sum
1647 3456 1867 3512 missus
1889 3455 2011 3512 nisi
2037 3456 2120 3512 ad

455 3577 607 3633 oves,
636 3573 771 3633 quas
790 3554 1104 3628 perierunt
1143 3550 1354 3607 domus
1396 3546 1594 3604 Israel
1618 3548 1666 3582 “
1686 3559 1708 3616 ,'
1728 3549 1785 3602 et
1813 3563 1826 3602 :
1857 3546 1992 3603 Non
2031 3551 2120 3603 est

457 3652 677 3710 bonum
697 3659 932 3704 sumere
966 3656 1189 3714 panem
1220 3639 1514 3709 ﬁliorum,
1542 3641 1600 3693 et
1624 3636 1930 3706 projicere
1953 3636 2116 3692 cani-

458 3740 566 3799 bus
591 3740 638 3775 “
660 3753 685 3810 ,'
711 3752 785 3794 ea
804 3746 940 3808 quae
991 3730 1141 3787 viris
1194 3730 1316 3784 Deo
1353 3725 1568 3783 dicatis
1626 3723 1931 3780 destinata
1957 3726 2119 3791 sunt,

454 3847 582 3890 non
603 3841 855 3887 necesse
880 3828 974 3880 est
994 3822 1057 3878 in
1086 3816 1393 3894 quoslibet
1413 3815 1763 3890 promiscue
1788 3814 2118 3872 insumere.

457 3925 666 3981 Utrum
691 3922 893 3976 autem
920 3913 1053 3970 ﬁeri
1077 3909 1271 3985 possit
1296 3907 1463 3983 quod
1489 3922 1527 3963 a
1554 3905 1824 3971 muliere,
1869 3921 2007 3978 quin
2036 3906 2120 3963 ob

454 4010 645 4070 fidem
668 4005 974 4075 laudatur,
992 4002 1225 4059 dictum
1244 4003 1334 4054 est
1361 4013 1375 4053 :
1405 3997 1631 4067 Etiam,
1655 3996 1909 4052 Domine
1934 4012 1948 4051 :
1972 4010 2117 4052 nam

459 4106 518 4159 et
531 4096 743 4156 catelli
749 4095 935 4153 edunt
954 4092 1029 4148 de
1046 4089 1217 4146 micis
1233 4101 1367 4160 qua:
1377 4086 1605 4143 cadunt
1623 4084 1697 4141 de
1707 4098 1913 4140 mensa
1931 4084 2116 4139 domi-

456 4202 674 4247 norum
695 4182 1040 4249 suorum“;
1072 4178 1135 4234 id
1170 4177 1234 4234 in
1283 4173 1587 4232 (eeonomi
1642 4173 1828 4229 situm
1856 4173 1932 4229 sit
1956 4172 2115 4229 arbi-

456 4276 593 4345 trio,
623 4270 935 4332 communi
964 4283 1199 4338 eorum,
1221 4264 1328 4339 qui
1354 4262 1693 4321 secundum
1720 4262 1927 4335 ipsum
1957 4278 2113 4336 pras-

458 4369 624 4437 sunt,
648 4362 972 4421 accedente
1020 4371 1362 4416 consensu:
1395 4357 1460 4411 ut
1514 4368 1590 4410 ex
1634 4351 1970 4409 abundanti
1998 4352 2109 4423 sol,

452 4457 617 4516 velut
634 4454 926 4528 scriptum
950 4456 1041 4508 est
1064 4450 1326 4521 ",super
1340 4445 1537 4503 bonos
1554 4447 1611 4501 et
1640 4443 1836 4500 malos
1860 4443 2108 4501 oriatur.

886 4555 1409 4618 INTERROGATIO
1450 4554 1679 4611 CCCI".

452 4673 539 4734 An
559 4673 622 4732 in
648 4671 918 4744 fratrum
961 4664 1390 4744 communitate
1425 4660 1499 4744 iis
1529 4673 1726 4744 quaeha
1749 4657 2113 4731 quibuslibet

845 4741 1158 4805 dicuntur,
1189 4731 1581 4791 obedientium
1616 4731 1717 4787 sit.

1071 4840 1488 4900 RESPONSIO.

521 4953 853 5029 Qumstioni
877 4951 1019 5011 huic
1051 4951 1180 5008 sine
1227 4946 1421 5006 multo
1468 4943 1714 5016 negotio
1744 4943 2108 5017 responderi

2920 3235 3125 3300 ἔξωθεν.

2835 3348 3187 3399 ΑΠΟΚΡΙΣῙΣ
3201 3388 3215 3403 .

2297 3459 2401 3506 Τοῦ
2452 3456 2647 3526 Κυρίου
2695 3452 2955 3525 εἰπόντος,
2989 3452 3102 3506 Οὐκ
3144 3451 3444 3514 ἀπεστάλην
3473 3455 3518 3509 εἰ
3558 3461 3631 3530 μὴ
3665 3458 3735 3522 εἰς
3763 3461 3831 3513 τὰ

2226 3541 2466 3618 πρόϐατα
2511 3545 2578 3596 τὰ
2623 3540 2926 3596 ἀπολωλότα
2962 3546 3109 3595 οἴκου
3159 3542 3393 3618 Ἰσραήλ·
3453 3550 3545 3599 καὶ
3592 3549 3673 3600 ὅτι
3721 3549 3832 3603 Οὐκ

2228 3634 2341 3685 ἔστι
2369 3630 2524 3684 καλὸν
2552 3631 2724 3685 λαϐεῖν
2755 3635 2842 3684 τόν
2873 3633 3029 3707 ἄρτον
3056 3640 3155 3685 τῶν
3185 3637 3395 3701 τέκνων,
3421 3640 3509 3689 καὶ
3530 3634 3706 3709 βαλεῖν
3727 3646 3834 3702 τοῖς

2228 3727 2510 3798 κυναρίοις·
2541 3723 2609 3774 τὰ
2652 3718 3038 3796 διατεταγμένα
3065 3729 3176 3784 τοῖς
3201 3721 3553 3798 ἀνακειμένοις
3590 3734 3703 3798 θεῷ
3734 3729 3833 3783 οῦκ

2229 3808 2510 3883 ἀναγκαῖον
2535 3811 2608 3873 εἰς
2633 3807 2956 3886 ἀδιαφόρους
2979 3811 3404 3887 παραναλίσκειν.
3434 3814 3497 3868 Εἰ
3527 3813 3586 3869 δε
3610 3813 3645 3869 δ
3648 3822 3831 3872 υνατὸν

2225 3903 2467 3975 γενέσθαι
2508 3904 2567 3955 τό
2613 3900 2878 3976 εἰρημένον
2909 3902 3010 3955 ὑπό
3040 3909 3132 3964 τῆς
3162 3901 3535 3978 ἐπαινουμένης
3578 3905 3629 3959 ἐν
3656 3914 3833 3963 πίστει

2223 3994 2490 4064 γυναικὸς,
2537 3991 2620 4043 ὅτι
2651 3995 2776 4058 Ναὶ,
2819 3992 2994 4065 Κῦριιο
3044 3996 3135 4044 καὶ
3179 3995 3280 4069 γὰρ
3318 3994 3387 4045 τὰ
3413 3996 3639 4069 κυνάρια
3667 3995 3830 4052 ἐσθίει

2222 4079 2324 4133 ἀπὸ
2359 4089 2460 4132 τῶν
2492 4078 2697 4152 ψιχίων
2732 4087 2831 4132 τῶν
2855 4083 3149 4133 πιπτόντων
3184 4079 3286 4135 ἀπὸ
3324 4089 3414 4146 τῆς
3441 4085 3708 4157 τραπέζης
3732 4095 3830 4141 τῶν

2220 4174 2414 4243 κυρίων
2465 4168 2655 4222 αὐτῶν·
2693 4167 2742 4221 ἐν
2776 4176 2838 4241 τῇ
2880 4176 2974 4222 τοῦ
3013 4168 3287 4244 οἰκονόμου
3332 4168 3627 4228 ἀνακείσθω
3685 4173 3834 4229 δοκι-

2221 4264 2393 4333 μασίᾳ
2415 4260 2548 4333 μετὰ
2580 4266 2754 4320 κοινῆς
2786 4266 2887 4311 τῶν
2912 4259 3023 4333 μετ’
3053 4259 3208 4313 αὐτόν
3232 4265 3563 4337 προεχόντων
3588 4270 3769 4338 γνώμη
3781 4282 3825 4328 ς’

2223 4350 2305 4403 ἶνα
2350 4348 2404 4402 ἐκ
2437 4356 2529 4402 τοῦ
2563 4351 2981 4423 περισσεύματος
3025 4351 3051 4403 ό
3100 4349 3265 4420 ἣλιος,
3302 4353 3476 4415 καθὼς
3509 4357 3827 4430 γέγραπται,

2221 4438 2459 4514 ἀνατείλῃ
2500 4440 2609 4512 (93)
2645 4438 2730 4493 ἐπὶ
2762 4442 3017 4514 πονηροὺς
3048 4444 3139 4494 καὶ
3173 4439 3424 4513 ἀγαθούς.

2790 4554 3109 4603 ΕΡΩΤΗΣΙΣ
3146 4546 3260 4605 ΤΓ.

2220 4656 2281 4711 Εἰ
2320 4660 2431 4731 χρὴ
2491 4662 2596 4718 τοῖς
2646 4656 2790 4731 παρὰ
2839 4657 3043 4731 πάντων
3092 4654 3380 4731 λεγομένοις
3438 4659 3721 4715 ὑπακούειν
3776 4662 3827 4717 ἕν

2849 4723 3186 4801 ἁδελφότητί.

2826 4840 3205 4892 ΑΠΟΚΡΙΣΙΣ.

2286 4946 2357 4998 Τό
2408 4941 2652 5017 ἕρὼτημα
2707 4949 2862 4996 τοῦτο
2919 4942 3111 5003 πολλὴν
3170 4940 3492 5023 δυσχέρειαν
3553 4946 3668 5021 ἔχει
3724 4958 3822 5015 τῆς

520 5140 568 5176 ⁸ο
599 5135 799 5197 Matth.
824 5151 879 5201 χ,
915 5136 1005 5190 26.
1081 5131 1130 5167 ιο
1166 5131 1304 5201 Luc.
1339 5141 1422 5196 v1,
1460 5128 1586 5201 A65.”
1625 5125 1901 5201 "-Matth.
1939 5141 2097 5194 nm,

2296 5125 2344 5161 ⁴²
2373 5121 2640 5190 ὶὺὶά,22.
2717 5124 2765 5159 ³³
2797 5124 2972 5180 Joan.
3009 5140 3136 5193 xui,
3172 5127 3224 5196 8,
3262 5128 3318 5183 9.
3395 5127 3442 5162 “
3477 5128 3680 5187 Matth.
3716 5144 3807 5200 xv,

446 5214 538 5271 at.
602 5196 962 5268 “ibidizs.
1040 5204 1088 5240 ιδ
1112 5199 1263 5259 ibid.
1292 5204 1385 5255 27.
1463 5198 1507 5233 ὐτ
1539 5196 1741 5254 Matth.
1772 5213 1830 5253 ν.
1868 5200 1959 5254 45.

515 5391 633 5462 (89)
655 5388 809 5462 Editi
833 5386 1061 5462 etReg.
1101 5376 1408 5462 secundus
1445 5373 1511 5460 ix
1547 5384 2094 5462 περισσξγματοςιτῇς

441 5447 676 5539 καρδίαςῄ
692 5460 850 5533 λέγει.
881 5447 1126 5529 Antiqui
1163 5457 1282 5510 tres
1321 5448 1462 5509 libri
1488 5447 1708 5523 praeter
1737 5447 1903 5504 γοδς.
1938 5453 2004 5504 ut
2029 5447 2094 5505 in

441 5537 747 5593 contextu.

504 5606 607 5677 (90
655 5601 856 5659 Codex
881 5597 1049 5657 Colb.
1077 5600 1208 5673 πρὸς
1226 5599 1313 5649 τόν
1344 5596 1494 5649 Θεόν.

511 5609 630 5751 (9i;
659 5677 804 5747 Reg.
829 5670 1064 5746 primus
1097 5671 1413 5743 σαφέστερον
1461 5660 1494 5721 δ

2204 5376 2495 5453 τρουΑξστι-
2512 5375 2717 5448 μαθεῖν,
2756 5374 2834 5428 ὅτι
2870 5370 3138 5453 διαπύρῳ.

2276 5446 2389 5517 (92)
2451 5446 2687 5527 Vcteres
2734 5451 3001 5519 quatuor
3042 5446 3193 5505 'li'bri
3260 5446 3612 5527 πληροφορίᾳ.
3665 5449 3819 5507 Editi

2203 5518 2582 5611 “iusserin-

2277 5588 2393 5667 (_93)'
2412 5588 2565 5649 Editi
2590 5588 2860 5667 ἁνατιλλῃ.
2889 5591 3089 5649 Codex
3112 5593 3283 5649 Voss.
3316 5595 3376 5650 et
3408 5592 3509 5651 alii
3543 5594 3669 5653 duo
3694 5592 3818 5649 ἀνα-

659 5677 804 5747 Reg.
829 5670 1064 5746 primus
1097 5660 1413 5743 ἀαφέστερον
1461 5660 1522 5721 δέ
1566 5662 1624 5718 έκ
1673 5670 1769 5718 τοῦ
1797 5662 1952 5738 ἁγίου
1986 5669 2091 5718 Πε-
2206 5660 2374 5739 τείληέ
