4120 6400
325 418 469 475 129ῖ
1470 412 1769 469 aecum;
1814 407 2109 465 nnevws
2146 406 2549 463 rnAcrAm.
3174 364 3179 371 ’
3552 409 3693 465 r293

328 540 672 606 ἀποκρίσεως.
720 547 929 614 Πρῶτον
981 540 1092 611 μεν,
1153 538 1230 589 ὅτι
1283 536 1500 600 ἀταξίας
1548 540 1769 610 ἔμφασιν
1832 555 1924 608 φα-

2065 547 2155 588 ιοῐι
2187 530 2683 604 potest.Primum
2705 530 2975 604 quidem,
2998 530 3163 603 quod
3194 531 3529 589 manifestae
3557 547 3692 605 per-

322 640 480 705 νερῶς
511 627 738 684 δίδωσιν
777 628 825 681 έν
871 636 942 700 τῷ
980 618 1121 701 παρά
1173 628 1377 680 πάντων
1421 626 1664 700 λέγεσθαί
1710 645 1784 693 τι,
1831 632 1921 677 τοῦ

2063 620 2394 676 urbationis
2415 620 2709 677 indicium
2731 619 2983 692 praebet,
3006 636 3078 675 ex
3099 635 3190 692 eo,
3216 621 3384 693 quod
3405 620 3484 677 ab
3497 620 3690 678 omni-

325 717 641 774 Ἀποστόλου
678 719 915 792 λέγοντος
945 737 958 751 ’
1016 724 1284 790 Προφῆται
1329 713 1388 769 δε
1428 713 1526 769 δύο
1571 716 1600 774 ἣ
1647 722 1780 789 τρεῖς
1824 713 1921 766 λα-

2066 727 2148 765 ιιιδ
2179 709 2404 784 aliquid
2428 709 2684 781 dicatur,
2704 725 2843 764 cum
2870 708 3191 781 Apostolus
3210 710 3399 765 dicat:
3422 711 3693 780 Propheo

321 808 598 878 λείτωσαν,
628 813 719 861 καὶ
747 811 799 861 οἰ
847 806 993 860 ἄλλοι
1036 803 1480 882 διακρινέτωσαν·
1548 810 1638 858 καὶ
1689 812 1781 858 τοῦ
1834 803 1923 855 αὐ-

2065 815 2110 856 αι
2141 806 2336 855 autem
2367 798 2486 854 duo
2526 806 2631 856 aut
2661 806 2779 856 (res
2816 798 3023 853 dicant
3043 813 3066 855 .·
3121 804 3175 853 et
3228 802 3431 855 cceteri
3466 798 3692 869 dijudi-

319 907 412 952 τοῦ
459 897 507 952 ἓν
562 906 673 961 τοῖς
726 904 1000 973 μερισμοῖς
1046 904 1145 949 τῶν
1205 897 1572 970 χαρισμάτων,
1622 890 1762 947 ἴδιον
1803 893 1921 946 ἐκά-

2065 896 2164 945 ent
2184 890 2250 943 *3.
2277 889 2482 945 Itidem
2510 889 2635 961 ipse
2662 889 2718 945 in
2746 888 3048 944 donorum
3075 887 3518 961 partitionibus,
3548 902 3690 961 pro-

325 1008 452 1042 στου
482 997 582 1041 τῶν
610 987 897 1041 λαλούντων
928 990 987 1039 τὸ
1017 987 1195 1059 τάγμα
1223 986 1492 1053 τάξαντος,
1545 984 1595 1038 ἓν
1646 993 1718 1055 τῷ
1762 983 1919 1036 εἰπεῖν

2063 978 2232 1034 prium
2263 978 2743 1052 uniuscujusque
2762 977 3347 1051 loquentisordinem
3367 978 3690 1046 constituit,

322 1080 476 1149 (94)·
535 1077 766 1149 Ἐκάστῳ
827 1079 892 1138 ὡς
938 1077 963 1129 ὁ
1010 1079 1129 1137 Θεὸς
1185 1074 1389 1150 ἐμέρισε
1439 1079 1623 1148 μέτρον
1651 1078 1871 1133 πίστεως
1902 1093 1916 1106 ·

2065 1068 2125 1123 iis
2154 1067 2442 1123 verbis”:
2497 1069 2828 1140 Unicuique
2844 1069 2999 1125 sicut
3023 1069 3179 1123 Deus
3199 1068 3403 1123 divisit
3458 1082 3692 1123 mensu-

322 1166 412 1215 καὶ
442 1160 490 1214 ἐν
510 1170 582 1232 τῷ
603 1159 956 1234 ὑποδείγματι
993 1168 1093 1213 τῶν
1142 1159 1304 1233 μελῶν
1346 1166 1436 1212 τοῦ
1468 1165 1705 1232 σώματος
1750 1165 1921 1229 σαφῶς

2060 1173 2162 1214 'am
2187 1159 2347 1225 ﬁdei.
2364 1159 2413 1193 5°
2440 1161 2507 1214 Et
2530 1158 2591 1214 in
2622 1157 2903 1230 exemplo
2938 1158 3355 1214 membrorum
3394 1156 3687 1230 corporis,

318 1253 411 1323 μὲν
438 1258 792 1324 παριστώντος
830 1248 879 1302 έν
909 1253 1053 1324 μέρει
1090 1246 1221 1301 εἶναι
1258 1252 1316 1301 τό
1365 1252 1516 1323 μέρος
1562 1254 1653 1299 τοῦ
1700 1245 1919 1298 λαλούν-

2064 1247 2392 1305 ιθοιιιίειτθιη
2416 1263 2547 1304 esse
2566 1247 2870 1320 loquentis
2894 1246 3094 1303 locum
3134 1246 3452 1320 perspicue
3493 1251 3691 1303 osten-

319 1357 425 1407 τος,
496 1337 863 1414 ἀκριϐέστερον
919 1334 979 1391 δε
1023 1334 1433 1413 διευκρινοῦντος
1479 1334 1526 1389 ἓν
1589 1343 1659 1407 τῷ
1721 1335 1914 1388 εἰπεῖν·

2063 1338 2132 1405 it,
2165 1353 2236 1393 ac
2266 1336 2450 1395 etiam
2476 1336 2746 1409 idipsum
2777 1336 3122 1392 accuratius
3161 1336 3480 1406 distinguit
3506 1335 3690 1409 expli-

314 1431 431 1482 Εῖτε
460 1429 485 1481 ὁ
517 1424 794 1481 διδάσκων
820 1425 871 1480 ἐν
895 1434 957 1500 τῇ
993 1423 1339 1500 διδασκαλίᾳ,
1390 1428 1489 1478 είτε
1532 1426 1558 1477 ὀ
1604 1422 1917 1500 παρακαλῶν

2063 1432 2244 1500 atque
2269 1426 2364 1484 his
2396 1426 2629 1483 verbis:
2662 1428 2802 1483 Sive
2822 1426 2931 1498 qui
2951 1426 3119 1482 docet
3150 1426 3214 1482 in
3236 1425 3541 1491 doctrina,
3567 1427 3690 1483 sive

315 1515 365 1569 έν
390 1526 452 1591 τῇ
508 1516 854 1593 παρακλήσει,
900 1520 990 1570 καὶ
1040 1519 1106 1569 τά
1144 1516 1302 1570 λοιπά
1324 1537 1337 1550 ·
1384 1517 1448 1576 ὡς
1492 1510 1650 1574 δῆλον
1697 1512 1753 1565 έκ
1803 1516 1918 1567 τού·-

2062 1518 2132 1571 πυί
2150 1517 2517 1573 exhortatur
2538 1518 2599 1571 in
2630 1514 3011 1573 erhortando
3029 1516 3100 1585 ⁵⁸,
3132 1518 3248 1571 etc.
3268 1516 3468 1578 Quare
3493 1528 3567 1569 ex
3594 1513 3689 1569 bis

314 1625 413 1659 των
445 1603 573 1660 εἶναι
602 1611 675 1680 μὴ
721 1608 893 1659 πάντα
936 1613 1099 1659 πᾶσιν
1120 1606 1233 1678 (95)
1270 1605 1662 1680 ἐπιτετράφθαι,
1701 1604 1915 1656 ἕκαστον

2058 1605 2277 1662 »Ιεωυω
2302 1611 2410 1674 est,
2452 1621 2576 1661 non
2606 1604 2814 1663 omnia
2847 1604 3134 1661 omnibus
3188 1603 3488 1677 permissa
3526 1619 3685 1660 esse:

317 1691 377 1748 δε
418 1691 534 1768 ἰδίᾳ
591 1695 777 1753 κλήσει
831 1697 1017 1768 μένειν,
1075 1699 1166 1747 καὶ
1203 1695 1489 1767 κατορθοῦν
1529 1691 1915 1769 ἐπιμελέστερον

2064 1695 2130 1751 ed
2154 1695 2379 1752 debere
2410 1710 2918 1768 unumquemque
2963 1694 3027 1750 in
3075 1708 3188 1751 sua
3214 1693 3535 1751 vocatione
3562 1708 3691 1750 ma-

312 1787 370 1837 τὸ
395 1785 496 1836 ὑπὸ
525 1791 618 1837 τοῦ
647 1787 842 1858 Κυρίου
872 1785 1162 1837 πιστευθέν.
1196 1791 1281 1837 Δεῖ
1317 1783 1430 1855 (96)
1476 1786 1647 1834 τοίνυν
1690 1786 1775 1835 τὸν
1822 1784 1912 1856 μεν

2068 1801 2184 1858 ere,
2215 1789 2395 1859 atque
2423 1785 2487 1841 id
2510 1784 2678 1859 quo‘d
2704 1800 2740 1841 a
2760 1783 3018 1840 Domino
3043 1783 3460 1841 concreditum
3489 1782 3691 1850 est,di-

311 1880 620 1947 προεστῶτα
671 1879 763 1925 τοῦ
801 1880 998 1940 κοινοῦ,
1047 1878 1139 1926 καὶ
1170 1870 1205 1927 δ
1211 1877 1586 1947 ιατασσόμενον
1624 1880 1732 1933 τοῖς
1755 1878 1911 1941 πᾶσι,

2069 1875 2306 1946 gentius
2338 1875 2646 1947 perﬁcere.
2670 1875 2785 1931 Par
2802 1874 3007 1947 itaque
3036 1872 3216 1930 fuerit
3241 1873 3525 1947 eum,qui
3541 1888 3691 1947 prte-

311 1965 444 2034 μετὰ
468 1961 657 2023 πολλῆς
706 1958 1025 2036 δοκιμασίας
1081 1961 1479 2037 ἐγχειρισθῆναι
1520 1962 1615 2021 τήν
1661 1959 1914 2036 φροντίδα

2066 1966 2218 2022 citur
2233 1963 3177 2037 communitati,prmponiturque
3187 1962 3558 2032 omnibus,m
3567 1962 3691 2019 ulto

314 2054 530 2121 ταύτην,
561 2056 653 2104 καὶ
703 2050 906 2124 ἑκάστῳ
954 2054 1092 2105 κατά
1132 2056 1191 2105 τὸ
1224 2057 1417 2126 πρέπον
1470 2049 1811 2124 ἐπαγρυπνεῖν
1846 2061 1907 2127 τῇ

2065 2070 2162 2111 um
2189 2053 2467 2110 examine
2497 2052 2657 2110 hanc
2694 2067 2905 2109 curam
2928 2052 3261 2126 suscipere:
3320 2053 3405 2109 ita
3451 2056 3518 2108 ut
3549 2066 3692 2108 con-

309 2147 558 2218 μερίμνῃ,
586 2144 721 2203 ὅπως
750 2142 1040 2218 εὐαρέστως
1066 2150 1138 2214 τῷ
1182 2151 1321 2215 Θεῷ,
1368 2148 1459 2196 καὶ
1509 2139 1915 2217 έστοχασμένως

2068 2145 2260 2201 ruenti
2294 2143 2696 2200 sollicitudine
2732 2142 2943 2213 vigilet
2988 2156 3100 2215 pro
3128 2141 3407 2213 singulis,
3450 2145 3518 2199 ut
3569 2144 3692 2218 Deo

309 2216 403 2294 τῆς
429 2216 648 2286 έκάστου
680 2216 1105 2295 ἕπετηδειότητός
1129 2252 1184 2286 τε
1219 2238 1311 2287 καὶ
1359 2216 1637 2307 δυνάμεως
1681 2236 1812 2307 πρὸς
1853 2235 1912 2285 τὸ

2066 2233 2344 2302 iacendo,
2368 2238 2426 2289 et
2451 2232 2785 2289 habilitatis
2816 2246 2889 2288 ac
2912 2231 3134 2288 virium
3155 2231 3454 2304 cujusque
3481 2216 3693 2289 habita

255 2369 259 2372 ,
310 2328 457 2395 κοινῇ
490 2326 747 2396 συμφέρον
780 2317 1164 2389 διατάσσηται,
1205 2327 1297 2375 καὶ
1342 2321 1602 2398 έπιτάσσῃ
1630 2343 1645 2357 ο
1693 2326 1812 2384 τοὺς
1855 2317 1882 2374 δ

2064 2323 2273 2390 itione,
2302 2321 2382 2379 ad
2398 2336 2725 2379 commune
2748 2320 3144 2378 commodum
3166 2321 3691 2394 sanciatimperet—

312 2411 595 2482 ὑπηκόους,
640 2419 736 2474 τῆς
783 2410 1020 2474 εὐταξίας
1070 2411 1476 2486 φυλαττομένης,
1514 2417 1605 2466 καὶ
1647 2420 1743 2475 τῆς
1778 2413 1915 2465 ὐπα-

2069 2430 2169 2470 ue:
2205 2413 2431 2471 subditi
2446 2429 2611 2485 vero,
2639 2417 2875 2469 servata
2890 2410 3234 2484 disciplina,
3255 2415 3314 2469 et
3339 2410 3691 2469 obedientia

312 2509 440 2562 κοῆς
494 2504 553 2553 τό
600 2496 738 2554 ἴδιον
794 2504 979 2578 μέτρον
1039 2502 1428 2577 γνωριζούσης,
1477 2503 1777 2577 μεμνῆσθαι
1822 2509 1914 2554 τοῦ

2068 2504 2241 2560 mites
2303 2520 2447 2560 suos
2494 2507 2881 2576 agnoscente,
2929 2500 3154 2559 debent
3182 2500 3535 2558 meminisse
3574 2504 3690 2559 Do-

318 2594 514 2666 Κυρίου
569 2589 839 2663 λέγοντος*
918 2594 995 2645 Τὰ
1043 2593 1284 2669 πρόϐατα
1334 2596 1401 2647 τά
1456 2594 1557 2668 έμά
1598 2600 1695 2655 τῆς
1746 2601 1916 2666 φωνῆς

2064 2592 2193 2662 nni,
2213 2594 2318 2668 qui
2340 2593 2519 2651 dixit:
2557 2595 2702 2651 Oves
2723 2608 2865 2651 mea:
2888 2608 3084 2650 vocem
3107 2607 3299 2649 meam
3320 2591 3617 2650 audiunt:
3636 2598 3691 2650 et

311 2697 416 2753 μου
474 2677 650 2733 ἀκούει
676 2680 819 2751 (97)·
895 2679 1041 2754 κάγὼ
1096 2688 1341 2755 γινώσκω
1398 2682 1551 2752 αὐτὰ,
1581 2687 1671 2736 καὶ
1701 2680 1916 2735 ἀκολου‹

2063 2700 2129 2756 go
2159 2700 2450 2757 cognosco
2490 2700 2611 2754 eas,
2632 2690 2688 2743 ct
2719 2689 3058 2757 sequuntur
3079 2697 3204 2740 me:
3249 2688 3304 2739 et
3356 2697 3462 2754 ego
3507 2683 3690 2740 vitam

314 2770 471 2823 θούσί
491 2789 584 2844 μοι
616 2789 631 2805 ο
680 2769 828 2843 κάγὼ
862 2774 999 2835 ζωὴν
1057 2771 1262 2825 αἰώνιον
1311 2769 1517 2847 δίδωμι
1563 2771 1742 2835 αὐτοῖς
1769 2792 1782 2806 ·
1825 2777 1917 2825 καὶ

2060 2785 2315 2832 uernam
2332 2775 2409 2831 do
2434 2776 2608 2843 eis“;
2631 2773 3059 2846 recordarique
3081 2787 3219 2829 eum
3240 2770 3407 2845 prius
3426 2770 3650 2828 dixisse
3672 2788 3687 2829 ι

307 2864 662 2934 προειπόντος,
744 2860 1022 2934 ’Δλλοτρίῳ
1077 2852 1136 2914 δε
1191 2862 1250 2916 οὐ
1306 2867 1378 2937 μὴ
1440 2861 1911 2930 ἀκολουθήσουσιν,

2063 2866 2306 2922 .lienum
2337 2870 2537 2923 autem
2558 2880 2679 2921 non
2711 2868 3054 2937 sequentur,
3096 2863 3201 2919 sed
3216 2862 3460 2933 fugient
3497 2861 3572 2918 ab
3603 2877 3690 2935 eo,

310 2946 444 3002 ἀλλὰ
472 2948 739 3023 φεύξονται
778 2947 867 3004 ἀπ’
908 2949 1090 3019 αὐτοῦ,
1137 2952 1217 3004 ὅτι
1271 2950 1364 3004 οὐκ
1404 2949 1587 3004 οἴδασι
1628 2960 1729 3004 τῶν
1769 2949 1913 3004 ἀλλο-

2065 2957 2167 3013 uia
2197 2971 2319 3012 non
2344 2960 2644 3012 noverunt
2668 2970 2864 3011 vocem
2880 2955 3215 3011 alienorum
3229 2953 3306 3021 53;
3349 2958 3405 3009 et
3435 2954 3689 3027 Apostoo

306 3041 468 3115 τρίων
535 3044 629 3099 τὴν
684 3044 852 3113 φωνήν
882 3040 997 3112 (98)
1033 3061 1045 3074 '
1097 3044 1187 3093 καὶ
1229 3048 1321 3094 τοῦ
1370 3040 1690 3095 Ἀποστόλου
1734 3039 1913 3112 λέγον-

2066 3061 2149 3101 ιω
2172 3043 2251 3101 ita
2279 3043 2443 3117 loqui
2465 3061 2478 3099 :
2505 3043 2573 3100 Si
2585 3045 2718 3116 quis
2735 3044 2920 3100 aliter
2938 3043 3126 3109 docet,
3142 3048 3196 3099 et
3217 3057 3339 3099 non
3355 3043 3587 3099 accedit
3598 3057 3693 3101 sa-

302 3146 416 3198 τος,
465 3130 548 3182 ὅτι
612 3133 674 3183 Εἴ
736 3150 818 3191 τις
874 3126 1356 3204 ἑτεροδιδασκαλεῖ,
1420 3136 1511 3184 καὶ
1561 3133 1634 3205 μὴ
1693 3134 1913 3206 προσέρο

2069 3135 2117 3191 is
2134 3135 2307 3207 523
2324 3133 2695 3192 sermonibus
2717 3133 2951 3190 Domini
2970 3133 3165 3189 nostri
3189 3133 3330 3206 θεξά
3362 3132 3610 3199 Christi,
3633 3138 3692 3191 et

299 3237 468 3292 χεται
496 3220 797 3290 ὑγιαίνουσι
823 3219 996 3291 λόγοις
1022 3228 1127 3282 τοῖς
1172 3228 1264 3274 τοῦ
1315 3225 1507 3295 Κυρίου
1537 3222 1684 3294 ἡμῶν
1738 3220 1913 3277 Ἰησοῦ

2063 3225 2076 3280 ῐ
2100 3240 2233 3296 ᾳιιεε
2256 3224 2585 3281 secundum
2612 3224 2894 3294 pietatem
2936 3228 3044 3289 est,
3062 3221 3374 3290 doctrinae,
3396 3223 3690 3293 superbus

298 3315 567 3382 Χριστοῦ,
617 3313 707 3361 καὶ
753 3316 815 3381 τῇ
872 3309 986 3361 κατ’
1041 3308 1301 3363 εὐσέϐειαν
1345 3306 1694 3383 διδασκαλίᾳ,
1774 3312 1914 3363 τετύ-

2061 3321 2126 3376 st.
2149 3315 2308 3372 nihil
2330 3317 2521 3372 sciens
2534 3316 2611 3385 5i;
2649 3319 2707 3371 et
2733 3313 2804 3371 iis
2831 3330 2969 3387 quae
2999 3312 3273 3370 accidere
3296 3312 3512 3381 solent,
3543 3328 3688 3370 enu-

299 3415 502 3471 φωται,
559 3393 725 3470 μηδεν
770 3395 1149 3471 ἐπιστάμενος·
1214 3401 1345 3471 μετά
1388 3395 1447 3453 δὲ
1493 3401 1560 3451 τὰ
1602 3398 1915 3473 ἐπισυμϐαί-

2058 3404 2288 3473 aeratis,
2308 3403 2541 3475 adjicit:
2566 3403 2781 3462 Secede
2793 3403 2869 3461 ab
2896 3402 2989 3459 his
3011 3403 3116 3476 qui
3133 3402 3433 3473 ejusmodi
3448 3406 3588 3459 sunt
3600 3404 3648 3439 ⁵⁵
3670 3419 3685 3471 ;

292 3504 464 3538 νοντα
539 3483 884 3559 έπαγαγόντος
908 3507 922 3521 ο
1009 3487 1299 3560 Ἀρίστασο
1357 3486 1457 3541 ἀπὸ
1509 3496 1609 3542 τῶν
1664 3490 1913 3542 τοιούτων

2062 3499 2306 3550 trursus
2333 3493 2450 3550 alio
2476 3493 2537 3550 in
2567 3492 2732 3550 loco:
2773 3492 3139 3563 Prophetias
3159 3493 3347 3549 nolite
3369 3503 3688 3564 spernere;

293 3574 425 3648 (99)
450 3595 463 3609 ·
522 3580 614 3628 καὶ
666 3575 823 3629 πάλιν
875 3574 1111 3648 ἀλλαχοῦ
1136 3596 1149 3610 ’
1229 3580 1550 3652 Προφητείας
1590 3580 1663 3650 μὴ
1705 3574 1913 3640 ἐξουθε-

2061 3584 2223 3639 mnia
2250 3583 2532 3654 probate;
2572 3582 2734 3654 quod
2759 3582 2973 3638 bonum
3003 3587 3112 3647 est,
3136 3585 3370 3651 tenete;
3417 3581 3494 3638 ab
3522 3581 3688 3639 omni

295 3670 444 3717 νείτε
471 3685 484 3698 ο
542 3666 714 3718 πάντα
758 3661 1107 3739 δοκιμάζετε·
1171 3668 1228 3719 τό
1267 3664 1421 3718 καλὸν
1463 3669 1747 3739 κατέχετε·
1809 3663 1911 3719 ἀπὸ

2058 3674 2212 3742 pecie
2230 3673 2396 3730 mala
2423 3671 2715 3729 abstinete
2736 3686 2837 3728 vos
2859 3672 2926 3726 ⁵⁵.
2968 3669 3399 3737 Quamobrem,
3432 3670 3482 3727 si
3506 3670 3685 3744 quid-

300 3757 497 3816 παντὸς
542 3751 717 3818 εἴδους
767 3762 996 3830 πονηροῦ
1063 3752 1353 3828 ἀπέχεσθε.
1430 3753 1590 3808 Ὠστε
1638 3754 1682 3808 εἰ
1721 3758 1813 3829 μέν
1858 3759 1910 3809 τί

2063 3762 2184 3819 iam
2229 3761 2448 3819 dicitur
2487 3760 2828 3819 secundum
2872 3759 3235 3817 mandatum
3272 3758 3529 3829 Domini,
3579 3764 3685 3818 aut

300 3841 423 3899 ἔστι
448 3844 565 3897 κατ’
594 3842 800 3904 ἔντολήν
830 3852 923 3899 τοῦ
964 3849 1159 3919 Κυρίου
1206 3844 1495 3919 λεγόμενον,
1555 3844 1585 3903 ἣ
1638 3848 1770 3918 πρὸς
1814 3849 1909 3905 τὴν

2062 3852 2293 3925 irigitur
2319 3850 2399 3909 ad
2423 3851 2783 3909 mandatum
2807 3849 3062 3918 Domini,
3091 3848 3328 3907 etiamsi
3355 3849 3563 3906 mortis
3575 3850 3684 3908 mi-

299 3935 511 3995 ἓντολὴν
566 3943 657 3991 τοῦ
712 3941 907 4012 Κυρίου
951 3924 1401 4010 κατευθυνόμενον,
1447 3934 1542 3989 κᾶν
1574 3937 1798 3990 θανάτου
1829 3936 1907 4009 (l)

2055 3959 2130 4001 ,as
2152 3924 2409 4015 ingerat,
2442 3941 2855 3999 obediendum
2882 3945 3005 3998 est:
3061 3939 3157 3997 sin
3204 3946 3410 3997 autem
3447 3938 3682 4014 aliquid

301 4026 523 4086 ἀπειλὴν
567 4029 690 4101 ἔχῃ,
749 4028 1027 4081 ὑπακούειν
1071 4031 1180 4101 χρή
1210 4047 1223 4060 ·
1294 4026 1336 4080 εἰ
1385 4022 1445 4080 δέ
1490 4046 1545 4079 τι
1600 4026 1722 4102 παρ’
1764 4024 1907 4079 ἕντο-

2056 4037 2232 4090 rteter
2256 4031 2617 4090 mandatum
2636 4035 2859 4101 est,ant
2876 4028 3238 4088 mandatum
3258 4029 3683 4101 laedit,etiamsi

295 4113 391 4177 λὴν
434 4115 597 4183 ἔστιν,
628 4117 658 4176 ἦ
690 4119 786 4175 τὴν
848 4115 1051 4176 έντολήν
1102 4114 1482 4189 παραϐλάπτει,
1541 4114 1636 4168 κᾶν
1689 4115 1907 4189 ἄγγελος

2056 4123 2270 4193 ngelus
2298 4138 2374 4180 ex
2403 4121 2575 4194 caelo,
2617 4126 2723 4178 aut
2754 4121 2973 4195 aliquis
3001 4136 3078 4178 ex
3128 4118 3424 4194 apostolis
3472 4118 3681 4193 prteci-

298 4204 357 4264 ἕξ
382 4204 628 4281 οὐρανοῦ,
652 4209 682 4266 ἤ
723 4225 800 4268 τις
829 4213 930 4258 τῶν
952 4204 1252 4258 ἀποστόλων
1290 4204 1575 4280 έπιτάσσῃ,
1626 4205 1722 4260 κᾶν
1770 4206 1907 4270 ζωῆς

2052 4212 2406 4281 ιίᾶι,811ὃω81
2434 4211 2749 4285 promittat
2773 4211 2983 4281 vitam,
3016 4210 3252 4268 etiamsi
3278 4213 3536 4268 mortem
3564 4209 3679 4267 mi-

297 4295 616 4369 έπαγγελίαν
646 4296 772 4369 ἔχῃ,
796 4294 893 4348 κᾶν
948 4296 1170 4348 θανάτου
1228 4293 1461 4363 ἀπειλὴν,
1511 4290 1756 4370 οὐδαμῶς
1798 4295 1907 4352 ἀνέ-

2059 4303 2253 4373 itetur,
2276 4301 2444 4359 nullo
2460 4302 2646 4359 modo
2659 4301 3210 4375 obtemperandum
3240 4305 3349 4367 est,
3365 4316 3506 4357 cum
3526 4307 3680 4374 Apo-

296 4388 505 4461 χεσθαι
573 4389 712 4459 χρὴ,
769 4391 862 4438 τοῦ
905 4383 1223 4437 Ἀποστόλου
1266 4384 1531 4447 εἰπόντος·
1601 4384 1708 4440 Κᾶν
1755 4389 1907 4461 ἡμεῖς

2049 4392 2205 4451 tolus
2233 4391 2477 4450 dixerit:
2517 4392 2683 4450 Licet
2703 4408 2810 4449 nos
2843 4392 2981 4464 ipsi,
3012 4397 3120 4450 aut
3149 4392 3403 4464 angelus
3431 4391 3505 4448 de
3528 4392 3676 4449 creto

299 4475 479 4541 αὐτοὶ,
521 4475 550 4534 ἣ
590 4476 808 4548 ἄγγελος
837 4473 891 4539 ἐξ
913 4474 1134 4550 ούρανοῦ
1170 4472 1572 4547 εὐαγγελίζηται
1618 4476 1739 4542 ύμῖν
1782 4477 1905 4555 παρ’

2050 4481 2379 4554 vangelizet
2408 4480 2569 4538 vobis
2593 4487 3007 4554 prieterquam
3035 4481 3199 4554 quod
3236 4480 3677 4551 euangelizavi-

302 4563 330 4618 ὃ
372 4562 828 4639 εὐηγγελισάμεθα
855 4564 998 4640 ὑμῖν,
1027 4563 1261 4637 ἀνάθεμα
1298 4565 1454 4625 ἔστω,

1298 4565 1454 4625 ἔστω.
2014 4587 2147 4629 mus
2172 4572 2357 4645 vobis,
2382 4571 2709 4631 anathema
2736 4572 2812 4629 sit
2835 4574 2903 4626 ⁵⁷.

378 4780 481 4861 ".1
506 4783 794 4861 Cor-3m
818 4784 918 4861 .29:
987 4782 1342 4861 ‘iBerg-m
1366 4787 1397 4841 3
1473 4783 1847 4861 δείδω-ω-
1911 4785 1973 4861 ,εί

2038 4785 2310 4860 bid.7,8.
2387 4787 2945 4861 5'Joan.x,27,28.
3022 4783 3326 4844 “ibidis.
3402 4785 3665 4845 “lTim.

299 4870 390 4922 γι,
424 4857 478 4924 3,
508 4856 560 4911 4.
639 4855 688 4892 ⁵⁵
713 4854 863 4913 ibid.
890 4859 945 4913 5.
1022 4855 1071 4893 “
1101 4858 1122 4913 1
1151 4855 1359 4915 Thess.
1390 4871 1453 4927 ν,
1483 4860 1672 4916 20-22.
1749 4859 1793 4894 ⁵⁷
1826 4856 1926 4917 Gal

537 4884 560 4911 ε.
639 4855 688 4892 ⁵⁵
713 4854 863 4913 ibid.
890 4859 945 4913 5.
1022 4855 1071 4893 “
1101 4858 1122 4913 1
1151 4855 1359 4915 Thess.
1390 4871 1453 4927 ν,
1483 4860 1672 4916 20-22.
1749 4859 1793 4894 ⁵⁷
1826 4856 2017 4917 Galat.
2041 4875 2082 4927 1,
2110 4863 2164 4918 8.

376 5078 492 5152 (94)
523 5080 665 5162 Post
685 5074 856 5162 illud,
887 5075 950 5162 ἕν.
967 5083 1042 5152 τῷ
1082 5076 1260 5162 εἰπεζν,
1313 5076 1402 5162 ita
1423 5077 1486 5162 in
1515 5080 1709 5138 Vossli
1724 5078 1915 5162 yeteri

2093 5082 2209 5154 (98)
2235 5085 2396 5162 Reg;
2409 5080 2643 5162 primus
2672 5083 2729 5162 et
2753 5079 2928 5162 C_olb._
2943 5082 3114 5162 φωνῄν
3136 5100 3149 5116 ο
3203 5086 3297 5135 τοῦ
3329 5075 3388 5135 δε
3414 5076 3665 5135 Ἀποστό-

476 5148 545 5207 'et
567 5148 1053 5241 in-ali,is‘duobus
1082 5148 1314 5240 legitur,
1338 5155 1409 5226 μὴ
1435 5153 1776 5241 ύπερξρρονεῖν,
1788 5153 1913 5229 παρ’

1465 5159 1776 5241 περφρονεῖν,
1788 5153 1913 5229 παρ’
2018 5148 2111 5241 λου
2140 5148 2585 5241 παραγγέλλοντος
2610 5157 2735 5207 ποτε
2902 5148 2982 5205 ὅτι
3012 5152 3092 5208 Εἰ.

303 5219 848 5300 ὃᾼδεῑ-ᾓοονεῖν-,ἀλλά
879 5228 1077 5296 φρονεῖν
1108 5219 1177 5286 εξ
1224 5219 1641 5299 τὸσωφρονεῖνλ
1684 5219 1913 5300 ἑκάστῲ,
2040 5219 2225 5300 »(99)
2257 5219 2383 5300 lilii
2411 5222 2701 5300 Ἀφίστασο
2736 5219 2856 5300 ,ἀπὸ
2903 5233 3002 5276 τῶν
3064 5225 3331 5300 τοιούτων,
3374 5239 3498 5300 non
3534 5223 3667 5300 red-

305 5298 421 5351 etc.
452 5295 589 5352 Non
612 5295 759 5376 plus
788 5307 1000 5376 sapere
1024 5309 1203 5365 quam
1257 5295 1489 5367 oportet
1532 5311 1763 5368 sapere,
1810 5295 1914 5354 sed
2019 5295 2146 5355 dita
2165 5295 2304 5376 sunt
2330 5297 2409 5376 ab
2438 5295 2683 5376 auctore
2702 5296 2989 5376 Yulgatze.
3009 5302 3115 5353 aut
3136 5301 3295 5376 certe
3313 5297 3374 5352 in
3394 5311 3468 5352 ea
3484 5296 3664 5376 bodie

309 5378 516 5442 sapere
543 5364 628 5424 ad
645 5364 1084 5442 sobrietatem;_
1176 5437 1185 5442 Α
1286 5364 1329 5442 Ἀ
1392 5440 1399 5442 ς
1596 5364 1615 5368 ’
1749 5364 1757 5368 ⁷

2037 5384 2144 5426 λοι)
2196 5369 2509 5442 leguntur.
2539 5372 2655 5425 Nec
2703 5369 2786 5425 ita
2822 5364 3022 5424 multo
3073 5372 3213 5442 post
3258 5370 3400 5440 Reg.
3431 5367 3664 5441 primus

525 5436 922 5515 antiquiduo
948 5434 1088 5493 libri
1111 5437 1280 5515 πάντα
1308 5438 1535 5515 ἑκάστῳ.
1643 5508 1665 5515 Δ
1786 5512 1800 5515 Δ
1874 5461 1897 5471 -

1061 5434 1088 5492 'i
1111 5437 1280 5515 πάντα
1308 5438 1535 5515 ἑκάστῳ.
1643 5508 1665 5515 Δ
1874 5461 1897 5471 -
2018 5443 2187 5495 πάντα
2213 5434 2688 5515 δξδοκιμάζοντες,

386 5494 499 5630 φὸ)
525 5494 723 5590 pods}
755 5508 920 5565 Voss.
978 5505 1298 5571 σπουδαίως.
1350 5518 1436 5564 Δεῖ
1472 5494 1506 5565 δ
1510 5494 1532 5564 ἓ
1578 5508 1730 5565 πάλιν
1782 5512 1912 5570 Mox

313 5571 395 5630 C0
422 5574 482 5632 b.
516 5580 827 5633 ευγειοίζειν
843 5583 938 5633 τήν
952 5577 1221 5633 φροντίδα.
1240 5581 1507 5633 Subinde
1528 5582 1718 5633 codex
1740 5585 1907 5633 Voss-

2198 5511 2350 5569 Editi
2395 5494 2838 5587 λεγόμενονξπρός
2870 5512 2964 5569 τὴν
3008 5508 3210 5570 ἐντολὴν
3263 5512 3662 5585 κατευθύνομεν,

2035 5582 2113 5633 εᾶν
2154 5586 2391 5633 θάνατον-
2435 5588 2574 5633 Rea.
2610 5582 2814 5633 tertius
2842 5586 2904 5633 ut
2931 5581 2992 5633 in
3018 5587 3300 5633 contextu
3324 5596 3338 5633 :
3361 5597 3469 5633 nec
3497 5583 3662 5633 aliter

313 5580 482 5662 (ἔοις)-
516 5580 827 5655 ἕγχειρίξειν
843 5583 938 5639 τὴν
952 5580 1221 5657 φροντίδα.
1240 5581 1507 5641 Subinde
1528 5582 1721 5641 codex
1740 5585 1907 5641 Voss.
2017 5580 2113 5637 κᾶν
2151 5580 2391 5639 θάνατον.
2435 5580 2574 5655 Reg.
2610 5580 2814 5640 tertius
2842 5586 2904 5637 ut
2931 5581 2992 5637 in
3018 5587 3301 5639 contextu
3324 5596 3338 5651 ;
3360 5597 3469 5639 nec
3497 5580 3668 5640 aliter

312 5653 578 5734 mia-{2‘21
604 5654 997 5734 πρέπουσαι...
1157 5727 1168 5734 _
1347 5721 1367 5734 .
1493 5724 1506 5734 _
1597 5728 1608 5734 -
2015 5656 2240 5728 legitur
2260 5657 2323 5734 in
2348 5655 2590 5734 duobus
2611 5654 2750 5734 aliis
2790 5652 3120 5721 codicibus,
3151 5653 3272 5711 nisi
3301 5652 3471 5727 quod
3494 5653 3664 5722 illud,

391 5718 504 5794 (9³7)
531 5717 721 5780 Vossii
747 5728 918 5784 vetus
936 5718 1089 5782 liber
1118 5727 1176 5783 et
1203 5719 1302 5783 alii
1329 5721 1453 5786 duo
1482 5724 1758 5785 ἀκούουσι.

1138 5727 1176 5783 ti
1203 5719 1302 5783 alii
1329 5721 1453 5786 duo
1482 5724 1758 5785 ἀκούουσι.
2021 5717 2114 5783 τού
2147 5732 2365 5803 Κυρίου,
2394 5729 2457 5785 in
2486 5726 2574 5784 eis
2592 5725 2765 5783 desit.
