4120 6412
276 435 409 489 i305
1269 428 1504 485 ΡΟΕΜ]
1547 429 1612 483 IN
1652 425 1867 483 MONM

2020 429 2030 480 ἱ
2076 428 2632 494 DELINQUENTES.
3497 434 3636 489 1506

814 556 1132 608 ΕΡΩΤΗΣῘΣ
1191 552 1329 608 ΤΙΒ’.

270 645 330 699 Εἰ
379 649 488 720 χρὴ
545 647 664 706 τοὺς
712 641 1172 716 ἐπισκεπτομένους
1227 641 1440 705 λαῖκούς
1486 641 1872 717 προτρέπεσθαι

932 733 1000 794 εἰς
1044 732 1227 803 εὐχήν.

891 827 1263 877 ΑΠΟΚΡΙΣΙΣ.

343 913 403 965 Εἰ
429 913 563 986 φίλοι
594 913 696 966 εἰσὶ
723 920 876 979 Θεοῦ,
910 911 1208 984 ἀκόλουθον,
1251 919 1341 965 τοῦ
1381 909 1701 966 Ἀποστὸλου
1741 912 1870 983 γράο

268 1002 464 1073 ψαντος
506 1003 700 1064 αὐτοῖς⁸
745 1003 1116 1077 Προσεύχεσθε
1158 1006 1248 1054 καὶ
1293 1006 1411 1075 περὶ
1457 999 1600 1074 ἐμοῦ,
1650 1001 1732 1052 ἵνα
1780 1021 1870 1074 μοι

273 1087 405 1162 δοθῇ
433 1091 586 1164 λόγος
611 1091 658 1143 ἐν
690 1090 878 1154 ἀνοίξει
907 1099 997 1144 τοῦ
1032 1095 1295 1164 στόματός
1338 1110 1459 1164 μου,
1493 1093 1625 1163 μετά
1670 1089 1871 1165 παρρη-

271 1184 386 1240 σίας
409 1179 633 1239 λαλῆσαι
657 1184 714 1233 τὸ
735 1185 1028 1255 μυστήριον
1057 1187 1149 1232 τοῦ
1181 1188 1334 1234 Θεοῦ.

825 1277 1139 1324 ΕΡΩΤΗΣΙΣ
1166 1268 1308 1326 ἸΊΓ.

441 1359 631 1436 Εἰχρή
665 1359 1000 1435 ἐργάζεσθαι,
1027 1362 1474 1434 ἓπισκεπτομένων
1513 1368 1684 1414 τινῶν.

877 1545 1254 1594 ΑΠΟΚΡΙΣῙΣ.

335 1623 502 1680 Οὐδὲν
531 1635 630 1680 τῶν
659 1626 774 1680 κατ’
815 1627 1019 1686 ἐντολὴν
1062 1632 1340 1700 γινομένων
1380 1625 1725 1680 ἐκκόπτεσθαι
1751 1631 1863 1692 (20)

259 1720 370 1789 χρὴ
403 1713 496 1769 διὰ
524 1720 644 1778 τοὺς
692 1715 1152 1790 ὶπεισερχομένους
1184 1717 1343 1769 ἕνεκεν
1375 1715 1578 1788 φιλικοῦ
1611 1719 1866 1776 καθήκον-

259 1823 366 1866 τος·
402 1805 445 1857 εἰ
465 1810 536 1878 μή
566 1825 646 1866 τις
673 1804 732 1856 ἆν
757 1802 1046 1866 ἰδιάζουσα
1064 1805 1248 1879 ψυχῆς
1274 1804 1536 1879 ἐπιμέλεια
1565 1811 1659 1866 τὴν
1688 1827 1866 1880 σωμα-

1903 557 1950 608 Α

2404 553 2921 609 INTERROGATIO
2961 555 3212 610 CCCXII.

1983 640 2278 714 Nunquid
2307 643 2491 699 laicos
2520 645 2625 714 qui
2654 658 2760 698 nos
2791 643 3079 711 invisunt,
3106 649 3376 712 oporteat
3403 645 3482 701 ad
3500 660 3640 715 pre-

2497 731 2756 788 candum
2785 731 3119 787 exhortari.

2605 821 3010 877 RESPONSIO.

2055 907 2112 964 Si
2145 907 2244 964 Dei
2272 913 2412 964 sunt
2441 909 2640 975 amici,
2673 909 2838 965 haud
2869 909 2981 963 abs
3013 924 3076 964 re
3103 913 3211 980 est,
3247 925 3385 965 cum
3425 910 3504 966 ad
3534 927 3640 966 eos

1980 995 2306 1067 Apostolus
2345 997 2679 1070 scripserit:
2729 999 2911 1054 Orate
2953 1004 3009 1053 et
3041 1014 3156 1068 pro
3207 1014 3316 1065 me,
3351 1004 3415 1053 ut
3465 999 3645 1055 detur

1979 1084 2129 1140 mihi
2156 1100 2347 1142 sermo
2387 1088 2450 1142 in
2496 1087 2807 1156 apertione
2834 1088 2955 1143 oris
2993 1090 3128 1154 mei,
3162 1094 3226 1142 ut
3259 1088 3478 1159 loquar
3508 1103 3642 1144 cum

1977 1174 2204 1243 ﬁducia
2224 1178 2572 1247 mysterium
2607 1178 2719 1234 Dei
2741 1179 2810 1232 ⁷⁸.

2395 1269 2908 1324 INTERROGATIO
2949 1270 3219 1324 CCCXIII.

1978 1354 2287 1427 Nunquid,
2317 1371 2423 1413 nos
2444 1357 2837 1413 invisentibus
2857 1357 3178 1429 aliquibus,
3209 1358 3489 1414 laborare
3509 1373 3643 1414 eon-

2691 1447 2924 1502 veniat.

2601 1536 3011 1592 RESPONSIO.
3632 1605 3643 1616 ,

2049 1627 2268 1682 Eorum
2295 1628 2544 1698 quaa"ex
2574 1630 2876 1696 praecepto
2907 1624 3080 1692 ﬁunt,
3104 1623 3253 1680 nihil
3282 1623 3643 1696 interrumpi

1977 1714 2175 1783 debet,
2199 1719 2447 1788 propter
2471 1731 2576 1770 eos
2597 1714 2702 1787 qui
2724 1713 2976 1771 humani
2995 1713 3176 1770 ofﬁcii
3198 1713 3393 1783 gratia
3418 1713 3496 1769 ad
3531 1729 3644 1770 nos

1977 1803 2293 1862 accedunt:
2318 1803 2432 1860 nisi
2449 1803 2768 1876 peculiaris
2789 1803 3075 1876 quaedam
3097 1803 3315 1859 animm
3343 1819 3490 1858 cura
3511 1819 3644 1857 sus-

257 1897 409 1952 τικὴν
451 1891 691 1952 σπουδὴν
721 1895 836 1948 κατ’
869 1893 1073 1955 ἐντολὴν
1104 1903 1197 1949 τοῦ
1244 1901 1438 1969 Κυρίου
1471 1893 1860 1970 παρευδοκιμῇ,

2020 1895 2094 1968 ipi
2124 1894 2363 1963 debeat,
2393 1911 2532 1967 quae
2564 1910 2638 1949 ex
2684 1893 2922 1949 Domini
2966 1892 3258 1950 mandato
3287 1909 3486 1965 operae
3517 1908 3644 1948 cor-

258 1991 359 2036 τῶν
403 1983 561 2056 ἁγίων
607 1982 908 2037 ἀποστόλων
934 1985 983 2037 ἐν
1009 1992 1121 2046 ταῖς
1157 1985 1414 2059 Πράξεσιν
1457 1986 1718 2038 εἰπόντων·
1755 1986 1864 2038 Οὐκ

259 2070 496 2147 ἀρεστόν,
529 2072 908 2135 καταλιπόντας
936 2076 1074 2148 ἡμᾶς
1119 2077 1206 2127 τὸν
1233 2074 1384 2147 λόγον
1415 2082 1508 2127 τοῦ
1541 2083 1696 2144 Θεοῦ,
1744 2072 1865 2128 δια-

258 2169 422 2215 κονεῖν
450 2162 754 2238 τραπέξαις.

329 2287 379 2321 ⁷⁸
420 2283 633 2359 Ephes.
659 2303 739 2358 vr,
775 2291 860 2346 19.
936 2290 982 2323 ⁷⁷
1025 2291 1155 2346 Act.
1185 2305 1261 2358 v1,
1296 2294 1350 2345 2.

1978 1983 2169 2057 porali
2223 1981 2655 2055 anteponenda
2704 1981 2800 2048 sit,
2851 1997 2992 2038 cum
3037 1981 3232 2038 sancti
3281 1980 3541 2053 apostoli
3581 1980 3643 2035 in

1976 2073 2136 2130 Actis
2166 2072 2404 2129 dicant:
2453 2073 2593 2128 Non
2636 2077 2720 2128 est
2761 2072 3082 2142 placitum,
3114 2077 3178 2126 ut
3209 2087 3316 2127 nos
3356 2070 3644 2126 derelicto

1975 2179 2248 2222 sermone
2270 2165 2396 2236 Dei,
2429 2164 2836 2220 ministremus
2867 2164 3084 2220 mensis
3109 2163 3185 2219 ⁷⁷.

327 2411 444 2483 (20)
484 2413 624 2482 Reg.
651 2412 888 2486 primus
915 2417 1195 2488 γινομένων
1226 2412 1595 2488 ἐγκόπτεσθαι.
1633 2413 1843 2472 Statim

2020 2417 2151 2471 tuor
2190 2429 2340 2470 mss.
2372 2417 2589 2487 praeter
2619 2413 2784 2469 Voss.
2818 2430 2870 2465 τι
2901 2413 2980 2468 ἄν.
3029 2411 3333 2469 Editiones
3371 2411 3548 2470 Basil.
3579 2415 3638 2470 et

259 2499 452 2556 Paris.
487 2519 567 2562 τις
595 2501 681 2556 οἶν.

673 2825 1433 2948 ΕΠΙΤΙΜΙΑ.

2610 2851 2992 2940 PCEN/E.

262 3042 296 3077 α
345 3028 408 3078 Εἴ
460 3046 539 3089 τις
585 3028 829 3100 ὑγιαίνων
889 3038 959 3101 τῷ
1011 3035 1218 3103 σώματι
1280 3029 1494 3104 ἀμελοίη
1539 3039 1638 3083 τῶν
1693 3050 1864 3106 προσ-

2053 3030 2113 3087 Si
2140 3031 2278 3104 quis
2310 3031 2545 3102 integra
2575 3032 2846 3104 corporis
2876 3031 3221 3088 valetudine
3253 3032 3507 3106 precari,
3541 3036 3646 3089 aut

330 3125 523 3188 ευχῶν,
571 3118 600 3176 ἣ
656 3127 752 3180 τῆς
807 3117 1146 3193 ἐκμαθήσεως
1205 3129 1305 3172 τῶν
1361 3120 1578 3195 ψαλμῶν
1632 3139 1866 3196 προφασι

332 3205 540 3279 ζόμενος
591 3210 878 3281 προφάσεις
938 3209 988 3262 ἐν
1057 3210 1357 3284 ἁμαρτίαις,
1426 3212 1572 3274 οὗτος
1631 3209 1867 3285 ἀφοριζέ-

331 3299 460 3366 σθω,
495 3299 523 3358 ἦ
557 3305 850 3356 νηστευίτω
881 3301 997 3371 (21)
1029 3299 1306 3375 ἑϐδομάδα
1335 3308 1481 3376 μίαν.

258 3384 296 3458 β
349 3389 410 3438 Εἴ
451 3405 530 3448 τις
564 3386 838 3459 ἐλέγχοιτο
884 3388 968 3442 ἐπὶ
1006 3395 1304 3464 πταίσματι
1330 3395 1461 3464 μετά
1503 3391 1731 3464 ἀγάπης,
1776 3396 1866 3443 καὶ

331 3479 402 3546 μὴ
463 3472 817 3548 καταδέχοιτο
874 3481 960 3530 τὸν
1019 3477 1256 3551 ἔλεγχον,
1309 3483 1443 3553 μετὰ
1487 3483 1666 3542 πάσης
1718 3480 1868 3533 εὐλα-

333 3560 477 3624 ϐείας
523 3563 855 3638 παρακαλῶν,
915 3571 1006 3619 καὶ
1055 3566 1210 3620 αἰτῶν
1282 3574 1594 3641 συγγνώμην
1663 3567 1737 3640 ἐφ’
1796 3569 1868 3628 οἷς

337 3652 723 3728 ἑπλημμελησε,
789 3659 878 3709 καὶ
943 3656 1097 3718 αὐτὸς
1182 3655 1514 3733 ἆφοριζέσθω
1593 3654 1871 3730 ἑϐδομάδα

335 3747 482 3817 μίαν.

258 3832 307 3906 γ’
344 3836 406 3888 Εἴ
434 3853 515 3898 τις
547 3843 758 3909 συγγνῷ
797 3855 898 3891 τινι
940 3836 1248 3914 ἁμάρτημα,
1281 3841 1371 3891 καὶ
1413 3841 1485 3912 μὴ
1520 3835 1869 3912 διορθώσεται

333 3923 504 3992 αὐτὸν,
553 3926 583 3985 ἦ
638 3924 828 3999 ἐλέγξει
852 3930 970 3996 (22)
1022 3927 1070 3981 ἑν
1121 3927 1297 4004 εἰρήνῃ
1344 3930 1478 4002 μετὰ
1514 3927 1725 4001 ἀγάπης
1775 3936 1871 3990 τῆς

331 4010 381 4065 ἓν
424 4022 664 4090 Χριστῷ,
715 4015 825 4068 ἀλλ’
882 4016 932 4069 ἒν
977 4016 1140 4092 λύπῃ,
1199 4020 1266 4080 ὡς
1314 4017 1638 4094 θριαμϐεύων
1680 4016 1870 4091 μᾶλλον

331 4106 418 4156 τὸν
473 4101 717 4177 ἀδελφὸν,
776 4107 806 4166 ἡ
873 4109 1166 4182 θεραπεύων
1217 4112 1306 4162 τὸν
1356 4111 1521 4161 αἴτιον
1564 4117 1662 4170 τῆς
1699 4108 1870 4182 ἁμαρ-

331 4197 464 4259 τίας,
529 4194 619 4246 καὶ
692 4195 850 4257 αὐτὸς
917 4197 1348 4271 συναφοριζέσθω
1418 4206 1488 4268 τῷ
1554 4197 1872 4271 ἕλεγχομένῳ

334 4281 418 4335 ἐπὶ
482 4290 556 4354 τῷ
623 4283 967 4358 ἁμαρτήματι
1035 4283 1335 4358 ἑϐδομάδας
1389 4283 1511 4356 δύο,
1564 4284 1743 4346 ἐπειδὴ
1805 4290 1873 4349 ὡς

334 4371 542 4444 ἐχθρὸς,
574 4377 665 4425 καὶ
696 4372 802 4445 οὐχ
826 4375 898 4436 ὡς
926 4369 1150 4446 ἁδελφὸς
1177 4374 1410 4447 ἤλεγξεν.

264 4545 318 4601 δ’
357 4548 421 4601 Εἰ
473 4568 553 4611 τις
605 4549 808 4627 ὑϐρίζει
867 4554 898 4611 ἤ
951 4549 1227 4625 ἀντιλέγει,
1269 4551 1677 4628 ἑπιτασσόμενος
1730 4555 1875 4630 παρὰ

337 4635 563 4713 ἀδελφοῦ
613 4642 681 4694 τὰ
733 4644 871 4695 κατὰ
919 4639 1143 4716 δύναμιν
1175 4644 1308 4716 (23),
1359 4647 1448 4698 καὶ
1494 4648 1565 4719 μὴ
1621 4645 1874 4699 ὑπακούει

336 4733 466 4804 μετὰ
507 4732 687 4794 πάσης
739 4741 837 4794 τῆς
893 4731 941 4786 ἐν
999 4741 1216 4809 Χριστῷ
1264 4741 1460 4810 χαρᾶς,
1509 4737 1578 4798 ὧς
1615 4734 1875 4812 πληροφο-

335 4829 435 4896 ρῶν
467 4820 643 4891 αὐτὸν,
667 4823 857 4895 ὁμοίως
890 4820 1221 4898 ἁφοριζέσθω
1251 4820 1528 4898 ἑϐδομάδα
1545 4829 1691 4899 μίαν.

263 4998 297 5054 ε’
337 5002 401 5053 Εἴ
463 5015 542 5062 τις
595 4997 907 5076 ἀργολογοίη
960 5003 990 5062 ἣ
1051 5001 1495 5078 εὖτραπελεύοιτο,
1554 5007 1626 5078 μὴ
1677 5003 1872 5078 φυλάσ-

339 5109 441 5143 σων
471 5090 602 5163 μετὰ
652 5087 812 5162 φόϐου
860 5089 950 5143 καί
996 5095 1192 5166 τρόμον
1231 5097 1326 5153 τὴν
1375 5088 1734 5147 διδασκαλίαν
1775 5100 1870 5148 τοῦ

333 5183 597 5254 μακαρίου
658 5179 975 5232 Ἀποστὸλου
1050 5186 1141 5234 καὶ
1205 5189 1303 5235 τῶν
1367 5182 1716 5257 Εὐαγγελίων,
1779 5188 1869 5237 καὶ

337 5269 494 5333 αὐτὸς
519 5268 849 5345 ἁφοριζίσθω
881 5270 992 5343 (24)
1021 5267 1261 5346 ἐϐδομάδ
1266 5293 1300 5326 α
1335 5277 1482 5346 μίαν.

337 5393 385 5427 ⁷³
424 5394 578 5452 Psal.
608 5411 732 5466 CXL,
761 5398 814 5451 4.

341 5518 452 5585 (21)
487 5517 657 5588 Illud,
689 5521 720 5580 ἢ
743 5523 1054 5588 νηστευέτω,
1086 5519 1256 5578 deest
1278 5519 1340 5577 in
1368 5521 1729 5582 Colbertino.

335 5589 449 5671 (22)
468 5590 687 5671 _Codex
717 5593 880 5671 Colb.
908 5589 1294 5671 _6'¢opeaba'nrui
1324 5594 1564 5671 αὐτὸνηῇ
1587 5594 1853 5671 ἢέγχων.

260 5659 397 5740 Mox
420 5659 584 5740 idem
613 5678 728 5740 ms.
754 5669 840 5718 τὸν
871 5659 1057 5736 αιτιοι),
1090 5673 1416 5740 auctorem.
1441 5659 1693 5740 _E'ditiiet'
1714 5659 1858 5740 Reg.

258 5734 496 5809 primus
520 5734 578 5786 τὸ
609 5736 793 5810 αἴτεον,
818 5734 1084 5797 causam.
1109 5737 1375 5798 Subinde
1398 5737 1562 5798 idem
1589 5738 1688 5798 ille
1710 5734 1864 5799 libér

2047 3119 2317 3192 psalmos
2335 3120 2598 3177 ediscere
2624 3120 2971 3190 neglexerit,
2992 3137 3292 3177 excusans
3315 3121 3646 3178 excusatio-

2045 3225 2155 3266 nes
2187 3210 2247 3264 in
2292 3210 2555 3282 peccatis
2577 3211 2648 3279 ⁷⁸,
2682 3210 2731 3265 is
2765 3227 2801 3267 a
2831 3209 3200 3283 reliquorum
3225 3210 3528 3266 consortio
3551 3226 3644 3266 se-

2047 3303 2350 3371 gregetur,
2383 3303 2488 3355 aut
2510 3299 2744 3371 jejunet
2768 3299 3226 3357 hebdomadam
3255 3315 3461 3356 unam.

1975 3392 2009 3445 2
2051 3388 2107 3446 Si
2155 3388 2293 3461 quis
2342 3405 2480 3445 cum
2531 3389 2819 3446 charitate
2859 3389 3219 3460 objurgatur
3265 3389 3346 3445 ob
3397 3388 3644 3460 aliquod

2047 3481 2333 3541 erratum,
2373 3493 2484 3535 nec
2517 3482 2718 3535 tamen
2759 3479 3245 3549 obiurgationem
3292 3478 3644 3550 susceperit,

2050 3583 2283 3623 summa
2313 3584 2452 3624 cum
2485 3569 2820 3624 reverentia
2849 3584 3073 3638 rogans
3101 3574 3158 3624 et
3187 3584 3540 3641 exposcens,
3579 3571 3644 3625 ut

2047 3655 2403 3718 delictorum
2435 3657 2544 3714 sibi
2594 3657 2766 3714 venia
2802 3657 2997 3726 detur,
3039 3657 3089 3713 is
3124 3673 3368 3731 quoque
3395 3674 3431 3713 a
3468 3674 3642 3714 cum-

2047 3747 2340 3805 munitate
2377 3753 2690 3822 separetur
2713 3747 3168 3805 hebdomadam
3202 3764 3407 3805 unam.

1977 3840 2008 3894 3
2050 3837 2106 3894 Si
2135 3837 2274 3910 quis
2321 3843 2636 3911 peccatum
2677 3837 2937 3908 alicujus
2986 3838 3296 3908 cognitum
3343 3835 3643 3904 habuerit,

2048 3943 2246 4000 neque
2276 3927 2598 3984 correxerit
2625 3927 2848 4001 ipsum,
2883 3931 2988 3984 aut
3011 3926 3387 3998 redarguerit
3405 3927 3467 3983 in
3493 3943 3644 3999 pace
3699 3921 3706 3925 ’

2051 4033 2192 4073 cum
2223 4017 2511 4074 cbaritate
2539 4017 2772 4089 Christi,
2821 4017 2928 4074 sed
2967 4033 3107 4074 cum
3152 4017 3388 4074 tristitia
3417 4033 3488 4074 ac
3515 4032 3643 4074 mo-

2049 4104 2242 4172 lestia,
2272 4122 2450 4179 quas:
2494 4106 2694 4178 magis
2724 4106 3052 4180 triumphet
3089 4106 3166 4163 de
3208 4106 3411 4178 fratre,
3452 4122 3644 4180 quam

2054 4204 2220 4252 curet
2233 4196 2460 4268 peccati
2481 4197 2876 4264 auctorem,is
2898 4196 3078 4254 etiam
3105 4196 3274 4269 527
3303 4197 3632 4253 hebdoma-

2052 4285 2165 4342 das
2195 4285 2351 4342 duas
2385 4302 2422 4342 a
2449 4285 2680 4342 caeteris
2723 4286 3079 4358 sejungatur
3106 4302 3228 4342 una
3257 4302 3398 4342 cum
3434 4302 3505 4342 co
3538 4285 3647 4359 qui

2051 4372 2162 4430 fuit
2190 4373 2251 4429 in
2283 4379 2532 4446 peccato
2561 4374 2997 4447 deprehensus:
3027 4374 3529 4448 quandoquidem
3557 4390 3646 4431 ve-

2051 4462 2140 4518 lut
2167 4461 2382 4528 hostis,
2408 4479 2532 4518 non
2556 4467 2623 4519 ut
2640 4463 2823 4520 frater
2851 4463 3161 4535 corripuit.

1981 4555 2015 4609 4
2055 4553 2110 4610 Si
2141 4552 2276 4626 quis
2305 4569 2442 4626 quae
2468 4552 2665 4610 facere
2694 4554 2906 4626 possit,
2951 4570 2988 4610 a
3033 4553 3213 4610 fratre
3238 4553 3467 4624 jussus,
3499 4568 3642 4611 eum

2053 4641 2278 4700 aﬂiciat
2304 4642 2688 4714 contumelia,
2725 4647 2830 4699 aut
2861 4642 3254 4714 contradicat,
3287 4658 3485 4716 neque
3515 4659 3644 4700 mo-

2049 4749 2178 4790 rem
2200 4739 2370 4805 gerat
2393 4751 2533 4790 cum
2552 4734 2721 4790 omni
2740 4734 2800 4789 in
2825 4733 3053 4791 Christo
3075 4732 3323 4804 gaudio,
3345 4738 3641 4807 tanquam

2048 4824 2155 4898 qui
2197 4823 2522 4897 praeﬁdens
2564 4824 2628 4880 in
2671 4839 2782 4880 suo
2813 4822 3085 4880 abundet
3121 4839 3328 4894 sensu,
3369 4823 3642 4881 similiter

2047 4913 2506 4971 hebdomadam
2537 4929 2724 4971 unam
2756 4918 3122 4988 segregator.

1981 5005 2011 5058 ὅ
2053 5003 2270 5076 Siquis
2297 5001 2554 5059 inaniter
2583 5002 2827 5073 garriat,
2868 5007 2973 5060 aut
3015 5003 3089 5059 sit
3116 5002 3344 5060 facetiis
3374 5001 3637 5072 deditus,

2047 5108 2174 5149 non
2206 5107 2458 5150 servans
2501 5108 2640 5149 cum
2673 5093 2885 5150 timore
2911 5107 2983 5148 ac
3011 5096 3271 5150 tremore
3296 5093 3637 5150 doctrinam

2045 5181 2210 5239 beati
2238 5180 2504 5256 Apostoli
2535 5185 2592 5238 et
2623 5180 3101 5253 Evangeliorum,
3140 5181 3191 5238 is
3234 5196 3479 5256 quoque
3503 5183 3634 5256 ipse

2047 5272 2127 5329 ab
2156 5272 2288 5330 aliis
2318 5277 2629 5347 separetur
2657 5271 3112 5330 hebdomadam
3138 5289 3348 5330 unam.

1973 5524 2256 5598 antiquus
2290 5519 2581 5598 διήλεγξεν.

2043 5592 2155 5666 (25)
2200 5599 2362 5654 Unus
2387 5592 2592 5670 1113.36
2617 5599 2753 5649 κατὰ
2778 5592 3030 5670 δύναμιν.

2043 5670 2154 5742 (24)
2195 5669 2396 5728 Codex
2421 5668 2587 5726 Colb.
2618 5673 2708 5721 καὶ
2739 5669 2888 5732 οὗτος
2919 5668 3270 5745 ἆφοριξέσθω.
