4120 6386
324 457 457 511 1309
1365 457 1598 510 “ENA-2
1635 454 1697 506 IN
1726 450 1951 506 MONAC

2072 451 2106 505 S
2139 452 2692 516 DELINQUENTES.
3561 462 3697 516 1310

389 589 478 652 τῷ,
522 581 549 638 ἡ
606 580 760 652 οῖλλῳ,
793 584 863 652 μὴ
899 579 1194 657 ἐπιτραπεὶς
1226 581 1369 654 παρά
1412 586 1502 631 τοῦ
1553 572 1921 649 ἀρχιμανδρι-
1957 581 2001 626 Α

2109 578 2212 628 aut
2241 573 2409 630 alteri
2443 593 2453 630 :
2481 575 2526 629 si
2555 591 2674 630 non
2708 577 3071 646 permissum
3105 578 3277 634 fuerit
3327 580 3442 652 ipsi
3487 581 3566 638 ab
3598 599 3695 639 ar-

389 689 501 734 του,
523 671 748 740 γενέσθω
780 667 1120 740 απενλογίας.

2110 663 2533 731 chimandrita,
2559 665 2826 734 privetur
2855 665 3298 723 benedictione.

323 757 387 817 ιη’
412 762 474 813 Εἰ
524 778 606 819 τις
658 760 776 810 ἄνευ
833 764 1092 832 μαφορίον
1157 766 1298 814 ποιεῖ
1347 761 1492 832 ἔργον
1534 758 1583 809 ἐν
1629 751 1924 828 οἱῳδὴποτε

2073 754 2104 805 8
2138 751 2194 806 Si
2228 753 2364 825 quis
2395 753 2625 826 absque
2659 754 2870 826 capitis
2901 753 3199 814 velamine
3242 772 3399 828 opus
3447 756 3591 814 facit
3629 759 3691 815 in

391 852 552 920 τόπῳ,
593 850 816 919 γενέσθω
847 847 1182 921 ἁπενλογίας,

2108 856 2475 914 quocunque
2503 841 2657 899 loco.
2690 842 2953 914 privetur
2982 843 3422 900 benedictione.

323 935 385 990 ιθ’
415 940 476 990 Εἴ
499 956 574 997 τις
605 940 956 1008 συντυγχάνει
986 947 1057 1008 τῷ
1099 937 1366 1013 ἐρχομένῳ
1414 936 1536 1007 ξένῳ
1569 936 1596 994 ἦ
1635 931 1757 1005 ίὸίῳ
1789 934 1923 1002 (32),

2071 932 2101 984 9
2132 931 2186 985 Si
2213 929 2349 1002 quis
2400 947 2522 986 non
2555 931 2696 987 data
2741 931 2819 986 ab
2864 931 3339 989 archimandrita
3390 933 3692 1005 facultate,

393 1030 464 1098 μὴ
499 1025 793 1100 ἐπιτραπεὶς
833 1029 978 1100 παρὰ
1020 1036 1110 1078 τού
1159 1022 1606 1100 ἀρχιμανὸρίτού,
1642 1023 1785 1086 ἐκτὸς
1824 1031 1924 1074 τῶν

2110 1035 2250 1074 cum
2290 1017 2494 1091 aliquo
2535 1028 2782 1076 externo
2804 1021 3148 1082 accedente.
3184 1026 3286 1078 aut
3316 1039 3455 1078 cum
3488 1023 3693 1096 aliquo

390 1113 824 1188 ἐντετυπωμένων,
855 1117 1081 1189 γενέσθω
1119 1113 1458 1187 ἀπεύλογίας.

2108 1108 2525 1164 contubernali
2568 1109 2950 1182 colloquitur,
3004 1111 3266 1183 exceptis
3310 1111 3403 1181 iis,
3433 1128 3692 1184 quorum

2107 1195 2222 1251 hoc
2256 1213 2478 1252 munus
2510 1204 2617 1264 est,
2643 1215 2856 1269 expers
2889 1199 2959 1254 sit
2991 1199 3452 1256 benedictionis.

317 1289 360 1342 κ’
386 1295 447 1342 Εἴ
477 1311 556 1352 τις
582 1292 681 1364 ᾶρη
718 1289 818 1344 ἀπὸ
870 1288 1094 1364 ἀδελφοῦ
1147 1311 1199 1343 τι
1231 1294 1318 1342 καὶ
1349 1289 1661 1366 ἀποκρύψει,
1693 1290 1919 1361 γενέσθω

2071 1290 2102 1339 0
2131 1285 2187 1339 Si
2236 1285 2372 1357 quis
2424 1286 2737 1342 abstulerit
2765 1287 2997 1358 aliquid
3047 1305 3085 1344 a
3115 1289 3311 1358 fratre,
3347 1295 3402 1344 et
3431 1288 3698 1346 occulta-

389 1378 724 1454 ἀπευλογίας.

2105 1377 2273 1443 verit,
2304 1382 2507 1432 careat
2539 1376 2977 1432 benedictione.

313 1469 391 1523 κοί
418 1474 478 1523 Ei
503 1489 596 1534 τις,
630 1474 702 1542 μὴ
731 1468 900 1522 λαϐὼν
927 1469 1161 1542 εὐλογίαν
1192 1468 1356 1523 ἐσθίει
1386 1470 1498 1542 (33)
1531 1468 1647 1522 ἄνευ
1671 1464 1925 1531 παιδείας

2079 1468 2092 1518 t
2137 1464 2191 1519 Si
2217 1465 2353 1538 quis
2382 1481 2518 1520 cum
2539 1465 2685 1520 nulli
2709 1482 2901 1538 pmnte
2929 1465 3206 1521 addictus
3231 1466 3321 1535 sit,
3349 1466 3469 1523 edit
3494 1473 3694 1524 tamen

386 1560 475 1623 ὠν,
519 1557 865 1632 ἀφοριξέσθω.

2107 1569 2228 1608 non
2260 1559 2511 1626 accepta
2542 1554 2982 1614 benedictione.
3014 1561 3361 1626 segregator
3384 1573 3420 1611 a
3445 1557 3693 1612 caateris.

315 1646 401 1721 κβ’
435 1650 498 1701 Εἴ
539 1668 641 1715 τις,
673 1647 779 1718 ούχ
834 1649 953 1721 αἱρῇ
989 1647 1225 1719 εύλογίαν
1273 1647 1339 1709 εἰς
1379 1649 1465 1699 τόν
1498 1643 1704 1720 τῇοδινον
1738 1648 1919 1714 αὑτοῦ,

2071 1647 2102 1696 2
2134 1642 2189 1700 Si
2222 1643 2359 1715 quis
2391 1643 2874 1699 benedictionem
2911 1645 3118 1700 ordine
3152 1661 3262 1699 suo
3295 1661 3415 1700 non
3464 1661 3696 1720 recepe-

385 1737 610 1806 γενέσθω
688 1734 1014 1807 ἀπεύλογίας·
1075 1736 1118 1788 εἰ
1190 1733 1249 1788 δὲ
1329 1741 1538 1809 χρείας,
1598 1737 1762 1788 ἕνεκεν
1829 1734 1922 1787 όύκ

2107 1732 2198 1801 rit,
2227 1737 2431 1788 careat
2463 1732 2917 1788 benedictione:
2970 1733 3060 1788 sin
3093 1739 3295 1789 autem
3340 1735 3693 1790 necessitate

387 1825 624 1896 ἔφθασεν,
661 1822 888 1896 ἁπολὸγη
900 1827 1106 1882 σάσθω.

2106 1825 2355 1888 cogente
2389 1837 2510 1876 non
2544 1821 2820 1887 occurrit,
2855 1827 3097 1877 excuset
3125 1838 3208 1877 se.

313 1910 394 1986 κγ’
426 1915 486 1965 Εἰ
513 1933 592 1974 τις
614 1915 794 1987 εὑρεθῇ
836 1919 930 1972 τὴν
955 1917 1118 1966 νύκτα
1148 1911 1367 1975 ἰδιάζωι
1397 1916 1524 1988 μετά
1562 1934 1716 1981 τινος,
1753 1917 1782 1972 ἡ
1834 1917 1921 1965 τὸν

2070 1913 2098 1964 3
2130 1909 2185 1964 Si
2231 1909 2368 1981 quis
2418 1909 2758 1964 inveniatur
2792 1915 2972 1965 noctu
3007 1911 3283 1982 privatim
3311 1928 3449 1966 cum
3491 1911 3694 1984 aliquo

386 2005 541 2054 τόπον
592 2001 887 2072 ὰλλάσσων,
920 2005 1049 2055 ὅπου
1101 2010 1366 2078 κοιμᾶται,
1398 2006 1542 2076 παρὰ
1584 2009 1791 2077 γνώμην
1822 2011 1921 2053 τῶν

2104 1997 2347 2069 degens,
2387 1998 2478 2053 vel
2519 1999 2721 2054 locum
2752 1998 2854 2054 ubi
2885 1999 3108 2055 dormit
3129 2006 3514 2055 commutans
3547 2016 3696 2073 prae-

389 2089 827 2165 ἐντετυπωμένων,
865 2090 1217 2168 ἀφοριξέσθω,

2105 2092 2192 2143 ter
2241 2087 2610 2143 voluntatem
2659 2089 3144 2162 praepositorum,
3174 2093 3529 2145 casterorum
3570 2089 3694 2162 pri-

2106 2182 2277 2232 vetur
2306 2177 2629 2232 consortio.

317 2265 400 2322 xd'
451 2273 512 2324 Εἰ
549 2288 629 2334 τις
687 2267 923 2343 ἑμϐαλλει
963 2268 1142 2322 ἑαυτὸν
1182 2269 1255 2332 εἰς
1298 2269 1419 2322 ἄλλο
1465 2272 1632 2344 ἔργον,
1674 2274 1746 2344 μὴ
1805 2269 1921 2322 ἔπι-

2069 2267 2101 2320 4-
2133 2265 2189 2322 Si
2236 2265 2371 2338 quis
2416 2265 2648 2339 absque
2674 2266 2974 2340 permissu
3027 2265 3277 2323 intrudit
3331 2281 3393 2321 se
3432 2266 3493 2322 in
3539 2282 3693 2340 opus

384 2365 612 2434 τραπεὶς,
645 2361 872 2432 γενέσθω
904 2358 1236 2432 ἁπευλογίας.
1592 2382 1601 2392 ι

1592 2382 1601 2392 ι
2105 2354 2288 2420 aliud,
2324 2355 2589 2427 privetur
2617 2354 3061 2412 benedictione.

317 2468 374 2501 κε
429 2452 489 2503 Εἰ
544 2469 623 2512 τις
667 2448 902 2524 ἀλλάσσῃ
935 2471 986 2502 τι
1035 2452 1164 2520 μετά
1207 2469 1362 2512 τινος,
1389 2453 1417 2509 ἠ
1463 2451 1748 2525 χαρίζεται
1775 2452 1921 2525 παρὰ

2071 2448 2100 2497 ὅ
2129 2443 2185 2498 Si
2215 2443 2352 2516 quis
2385 2449 2684 2518 permutet
2710 2443 2940 2517 aliquid
2969 2459 3106 2499 cum
3132 2443 3356 2517 aliquo,
3389 2448 3493 2500 aut
3521 2443 3693 2516 quid-

388 2542 597 2613 γνώμην
617 2545 708 2590 τοῦ
741 2535 1192 2616 ἀρχιμανδρίτον,
1223 2541 1450 2611 γενέσθω
1478 2537 1810 2614 ἀπενλογίας.

2104 2533 2270 2605 piam
2323 2533 2616 2604 largiatur
2668 2539 2884 2607 praeter
2947 2533 3308 2588 sententiam
3357 2532 3695 2589 archiman-

2103 2621 2293 2690 dritas,
2330 2637 2543 2694 expers
2570 2623 2641 2678 sit
2671 2621 3131 2682 benedictionis.

316 2710 399 2776 κς·’
429 2715 492 2763 Εἰ
518 2731 594 2772 τις
615 2710 836 2788 ἑσπέρας
880 2717 1003 2767 μετὰ
1027 2717 1085 2766 τὸ
1114 2715 1282 2790 Πάτερ
1315 2717 1463 2787 ἡμῶν
1497 2717 1674 2790 εὑρεθῆ
1707 2717 1919 2790 ὁμιλῶν,

2070 2716 2100 2767 6
2133 2712 2191 2768 Si
2235 2712 2373 2784 quis
2405 2713 2645 2785 vesperi
2697 2716 2833 2783 post
2887 2714 3074 2768 Pater
3111 2717 3314 2768 noster
3356 2711 3695 2768 inveniatur

390 2799 740 2876 ἁφοριζέσθω.

2106 2801 2481 2874 colloquens,
2515 2801 2771 2857 aliorum
2803 2802 3071 2876 privetur
3101 2801 3407 2857 societate.

316 2887 396 2951 κζ’
444 2893 504 2944 Εἴ
559 2910 638 2952 τις
686 2898 786 2942 τῶν
853 2894 1188 2964 ὑγιαινόντων
1245 2901 1491 2968 κοιμᾶται
1549 2894 1645 2958 ἔξω
1702 2904 1794 2948 τοῦ
1833 2895 1923 2949 εύ-

2070 2896 2100 2945 7
2135 2890 2192 2946 Si
2222 2892 2358 2964 quis
2391 2907 2461 2946 ex
2493 2891 2564 2946 iis
2595 2907 2697 2964 qui
2727 2891 2962 2960 integra
2996 2895 3133 2945 sunt
3162 2889 3528 2963 valetudine,
3561 2890 3695 2947 dor-

389 2983 632 3055 κτηρίου,
667 2983 801 3034 ἔστω
835 2979 1217 3058 ἀφωρισμένος.

2107 2979 2214 3034 mit
2244 2985 2413 3035 extra
2442 2979 2796 3045 oratorium,
2832 2979 2909 3034 sit
2935 2978 3013 3036 ab
3041 2979 3172 3034 aliis
3201 2979 3533 3050 sejunctus.

315 3065 396 3126 κη’
427 3071 489 3120 Εἰ
546 3068 624 3132 τίς
655 3067 703 3121 ἓν
752 3071 985 3145 τραπέζῃ
1047 3070 1232 3125 ἕσθίων
1282 3072 1515 3148 φλυαρεῖ,
1549 3073 1824 3148 ἐγειρέσθω
1848 3074 1922 3136 εἰς

2072 3071 2103 3122 8
2133 3069 2186 3123 81
2216 3069 2352 3142 quis
2383 3069 2443 3123 in
2476 3085 2690 3124 mensa
2733 3068 3061 3124 comedens
3098 3074 3382 3138 nugatur,
3413 3069 3695 3140 adigatur

392 3163 700 3230 προσευχήν
714 3203 727 3215 .

2107 3156 2186 3212 ad
2213 3157 2538 3213 orandum.

311 3243 389 3298 κθ’
418 3248 479 3298 Εἴ
526 3265 602 3306 τις
630 3250 846 3317 γένηται
872 3247 1204 3321 ἀπευλογίας,
1246 3253 1333 3302 καὶ
1377 3249 1626 3312 λυπηθέὶς
1667 3249 1911 3305 ἀντίπαι-

2065 3251 2102 3303 9
2136 3247 2193 3303 81
2253 3247 2391 3320 quis
2445 3247 2702 3303 caruerit
2752 3246 3189 3312 benedictione,
3222 3252 3276 3302 et
3302 3261 3459 3316 aagre
3493 3246 3692 3303 ferens

385 3332 564 3387 ὃεύσει
617 3339 704 3388 τὸν
778 3335 1154 3405 παιδεύσοντα,
1208 3342 1237 3398 ἦ
1292 3339 1566 3413 ἀντιλέγων
1620 3347 1691 3416 μὴ
1758 3361 1917 3394 κατα-

2107 3337 2378 3394 vicissim
2408 3337 2780 3410 redarguerit
2808 3337 3294 3405 redarguentem,
3329 3342 3429 3392 aut
3459 3343 3696 3394 contra-

385 3419 621 3491 δέξηται,
656 3423 1004 3500 ἀφοριζέσθω,
1039 3427 1100 3478 Εἰ
1131 3425 1190 3479 δὲ
1232 3427 1372 3499 λέγοι
1420 3427 1619 3493 ἀδίκως
1663 3429 1916 3484 παιδεύε-

2107 3427 2314 3483 dicens
2337 3443 2569 3482 morem
2596 3443 2719 3482 non
2742 3426 3010 3497 gesserit,
3046 3432 3357 3498 separetur
3380 3442 3416 3483 a
3441 3427 3691 3484 cieteris.

386 3514 531 3579 σθαι,
579 3514 914 3587 γνωριζέσθω
971 3520 1059 3573 τὴν
1137 3516 1305 3570 αἰτίαν
1355 3527 1428 3589 τῷ
1488 3517 1917 3596 ἁρχιμανδρίτῃ,

2108 3515 2282 3582 Quod
2328 3516 2384 3571 si
2425 3516 2639 3572 dixerit
2694 3515 2977 3584 redargui
3007 3531 3068 3570 se
3098 3516 3421 3585 immerito,
3443 3532 3693 3572 causam

379 3608 468 3656 καὶ
495 3606 554 3654 τό
586 3603 675 3656 ὑπ’
705 3604 866 3657 αύτοῦ
893 3606 1192 3682 ὁριζόμενον
1223 3605 1612 3682 καταδεχέσθω
1636 3608 1773 3682 (34).

2104 3611 2313 3660 notam
2372 3605 2554 3662 faciat
2603 3604 3117 3668 archimandritm,
3151 3609 3207 3660 et
3235 3604 3402 3677 quod
3447 3605 3526 3660 ab
3560 3605 3693 3678 ipso

2105 3699 2400 3750 statutum
2432 3694 2627 3764 fuerit,
2652 3699 2961 3767 sequatur.

306 3779 346 3832 λ’
376 3784 434 3834 Εἴ
478 3802 558 3842 τις
603 3785 716 3855 ἔχει
758 3787 888 3858 πρὸς
942 3804 1060 3837 τινα
1099 3785 1290 3844 λύπην.
1328 3793 1417 3841 καὶ
1460 3797 1794 3863 καταφρονῶν
1840 3793 1914 3861 μὴ

2069 3785 2102 3837 0
2135 3784 2192 3840 Si
2231 3785 2368 3857 quis
2402 3784 2475 3840 sit
2502 3783 2768 3856 cuipiam
2799 3781 3088 3848 offensus,
3125 3786 3181 3838 et
3209 3781 3269 3838 id
3301 3786 3693 3838 contemnens

382 3868 758 3925 διαλλάσσεται
806 3877 906 3949 πρό
946 3883 1041 3938 τῆς
1071 3877 1382 3951 ύπηρεσίας,
1419 3879 1446 3937 ἡ
1496 3877 1633 3950 λέγει
1689 3879 1796 3947 (35)
1826 3882 1918 3936 τὴν

2103 3889 2227 3928 non
2259 3873 2677 3930 reconcilietur
2708 3877 2846 3929 ante
2896 3871 3297 3927 ministerium
3333 3888 3345 3927 :
3393 3870 3509 3927 nisi
3534 3870 3695 3927 dicat

381 3960 550 4012 αἰτίαν
594 3970 666 4033 τῷ
715 3962 1141 4039 ἀρχιμανδρίτη,
1194 3968 1221 4025 ἡ
1271 3975 1342 4037 τῷ
1385 3966 1760 4043 ἀρχικοννίτη,
1816 3966 1916 4040 ἁφ-

2105 3977 2356 4018 causam
2398 3962 2887 4018 archimandritse
2938 3965 3042 4018 aut
3078 3960 3495 4017 cubiculorum
3535 3976 3693 4034 prae-

379 4069 436 4125 ορ
446 4052 656 4111 ιζέσθω.
853 4084 859 4089 -

2103 4051 2278 4122 fecto,
2305 4053 2662 4124 sejungatur
2684 4069 2720 4108 a
2741 4050 2987 4108 caeteris.

303 4137 380 4190 λα’
437 4144 499 4191 Εἴ
559 4159 639 4200 τις
701 4140 748 4192 ἐν
806 4143 976 4218 ἡμέρᾳ
1022 4150 1326 4219 προσφορᾶς
1380 4145 1565 4198 κωλύει
1617 4144 1796 4197 ἑαυτόν
1822 4154 1916 4207 τῆς

2076 4146 2092 4196 t
2131 4141 2188 4198 Si
2214 4142 2352 4216 quis
2372 4142 2434 4198 in
2461 4143 2557 4198 die
2581 4141 2906 4198 oblationis
2928 4141 3248 4197 removerit
3278 4157 3338 4196 se
3362 4156 3398 4196 a
3428 4157 3693 4198 commu-

380 4232 646 4289 κοινωνίας
703 4233 818 4298 (36)
871 4233 1014 4304 παρά
1061 4238 1271 4306 γνώμην
1331 4241 1420 4285 τοῦ
1464 4229 1912 4309 ἆρχιμανὸρίτον,

2101 4231 2284 4288 nione
2325 4237 2544 4304 praeter
2590 4231 2952 4288 sententiam
3024 4229 3532 4298 archimandritas,
3593 4247 3692 4287 ex-

376 4318 602 4386 γενέσθῶ
636 4315 966 4389 ἁπευλογίας.

2101 4336 2241 4394 pers
2272 4321 2350 4377 sit
2378 4320 2839 4377 benedictionis.

302 4403 386 4475 λβ
425 4409 488 4456 Εἴ
520 4425 602 4467 τις
649 4404 750 4457 ἀπὸ
801 4411 1015 4481 Γραφῶν
1059 4406 1355 4479 φιλονείκως
1398 4404 1718 4481 διαλέγεται,
1774 4415 1912 4483 γενέ-

2066 4414 2096 4463 2
2132 4410 2189 4466 Si
2235 4409 2373 4482 quis
2402 4425 2473 4466 ex
2527 4409 2847 4482 Scripturis
2878 4408 3247 4466 contentiosa
3273 4408 3562 4482 disputat,
3597 4424 3693 4465 ca-

379 4495 488 4544 σθω
527 4491 858 4565 ἀπευλογίας·
908 4501 950 4548 εὶ
1006 4491 1064 4547 δὲ
1114 4497 1490 4570 παραγγελθεὶς
1547 4498 1790 4572 ἐπιμένει,
1844 4503 1914 4563 ὡς

2101 4505 2230 4555 reat
2276 4499 2736 4556 benedictione:
2789 4500 2838 4554 si
2876 4515 3017 4554 vero
3048 4498 3453 4554 commonitus
3483 4514 3689 4569 perse-

377 4579 593 4644 ἀπειθὴς
627 4583 740 4654 (3⁸7)
767 4587 851 4636 καὶ
885 4581 1238 4648 ἀνυπότακτος
1272 4584 1622 4661 ἀφοριζέσθω.
1944 4625 1988 4680 D

2097 4592 2282 4658 veret,
2306 4588 2470 4644 velut
2511 4589 2925 4660 inobsequens
2967 4593 3024 4644 et
3067 4591 3689 4656 contumax,ca3tero-

2097 4694 2236 4734 rum
2261 4679 2534 4751 privetur
2563 4677 2890 4736 consortio.

300 4758 468 4831 λγἘῖ
522 4779 599 4820 τις
653 4760 831 4813 πλύνει
890 4763 918 4822 ἡ
981 4762 1153 4838 ἑτέρου
1184 4765 1213 4824 ἣ
1265 4763 1448 4817 ἑαυτοῦ
1491 4765 1696 4838 ἱμάτιον
1762 4768 1907 4839 παρὰ

2062 4772 2090 4823 3
2133 4768 2309 4840 529
2352 4769 2409 4824 Si
2446 4767 2583 4841 quis
2612 4767 2769 4824 lavet
2806 4771 2910 4822 aut
2954 4766 3198 4822 alterius
3239 4771 3344 4821 aut
3385 4781 3563 4822 suam
3591 4781 3689 4821 ve-

371 4854 580 4921 γνώμην
610 4859 702 4903 τοῦ
734 4848 1184 4928 ἀρχιμανδριτου,
1211 4855 1438 4926 γενέσθω
1470 4852 1798 4928 ἀπεύλογίας.

2099 4862 2249 4913 stem
2280 4861 2498 4933 praeter
2519 4857 2898 4913 voluntatem
2948 4854 3461 4923 archimandritas,
3487 4861 3689 4912 careat

2099 4946 2540 5003 benedictione.

299 5023 379 5080 λὸ“’
408 5029 470 5080 Εἴ
504 5047 584 5090 τις
634 5027 1046 5103 ἀπολιμπάνετοιι
1089 5040 1186 5085 τῶν
1240 5033 1532 5108 τραπεζῶν,
1565 5039 1637 5108 μὴ
1682 5033 1904 5108 εἰρηκὼς

2063 5039 2091 5092 4-
2114 5036 2168 5090 Si
2227 5036 2368 5109 quis
2407 5035 2568 5093 absit
2613 5051 2650 5093 a
2688 5035 2938 5100 mensis,
2966 5050 3090 5091 non
3120 5033 3283 5090 dicta
3321 5049 3528 5102 causa,
3563 5050 3690 5090 ma-

369 5122 464 5177 τὴν
488 5117 682 5189 αἰτίαν,
710 5124 900 5192 μενέτω
929 5123 1135 5184 ἄσιτος.

838 5141 900 5172 τω
929 5123 1135 5184 ἄσιτος.
2017 5131 2163 5183 neat
2289 5142 2465 5184 unus.

369 5262 482 5343 (32)
513 5261 606 5318 Sic
633 5261 1159 5343 _Regii_primus.et
1203 5265 1431 5322 tertius.
1465 5266 1671 5343 Codex
1729 5268 1900 5343 Colb.
2085 5272 2200 5343 (35)
2225 5269 2333 5343 Vir
2351 5268 2742 5343 doctissimus
2783 5265 3180 5343 Combeﬂsius
3209 5264 3538 5343 legendum
3555 5281 3688 5343 _pu-

297 5341 398 5413 τοῖς
426 5333 776 5415 ἐρχομένοις-
805 5333 964 5415 ξένοις
994 5339 1023 5395 ἥ
1072 5333 1248 5398 ἰδίοις’
1300 5353 1438 5415 gum
1469 5340 1901 5415 _scriptura,__s_i

2056 5333 2119 5410 tt‘,
2152 5333 2196 5396 εἰ
2221 5347 2290 5415 μὴ
2323 5341 2650 5415 λεξγειηιιεο⁸
2672 5339 2974 5396 immerito
3001 5357 3013 5404 ;
3046 5337 3162 5415 nisi
3193 5333 3355 5392 dicas
3409 5333 3683 5415 particu-

302 5403 395 5488 cui
425 5392 696 5508 i'ta'lib‘et,
726 5392 782 5462 et
809 5392 1228 5514 ifsa'quo'que'
1247 5392 1484 5466 admitti
1505 5392 1901 5485 ﬁb‘t‘éi’éciiii‘
2009 5392 2133 5469 i555
2155 5392 3198 5514 septuagh'g‘éEEée‘ei’mis
3227 5424 3365 5482 qua
3400 5392 3683 5482 proxime

302 5491 400 5514 των
429 5493 717 5514 εηνη..-υρ..υ
747 5482 777 5514 ατη
845 5483 961 5514 om...”
993 5483 1022 5514 α.
1052 5479 1066 5514 ἶ
1132 5501 1200 5514 ...υ
2009 5501 2207 5514 ..-ηυυ-
2258 5500 2334 5514 ...-
2417 5490 2483 5514 ms
2562 5503 2613 5514 ...
2676 5485 2897 5514 ,ἐρα-...η

299 5480 400 5523 τῶν
429 5475 554 5546 ἐρχο
601 5483 717 5529 ⁴¹νων
747 5482 777 5537 ἤ
814 5475 961 5542 ξένων
990 5475 1022 5538 ἦ
1051 5475 1218 5535 ἰδίων.
1518 5475 1536 5485 ”

371 5545 479 5600 (33)
529 5500 673 5600 ﬂgiti
716 5553 774 5600 Εἴ
816 5571 894 5600 τις
954 5556 1019 5600 αὴ
1073 5550 1222 5600 λάϐοι
1276 5551 1531 5600 εὐλογίαν.
1574 5558 1665 5600 καὶ
1710 5553 1889 5600 iam“,

2048 5475 2383 5549 .rméedunt,
2413 5490 2484 5558 μή
2520 5481 2920 5537 διαλλάσσει-αι.
3245 5475 3269 5482 “
3403 5475 3417 5482 ’
3643 5549 3675 5561 η

2081 5560 2193 5600 (2m
2229 5557 2375 5600 Rditi
2409 5555 2631 5600 κωλύσει
2680 5555 2860 5600 ἑαυτὸν
2900 5560 3010 5600 ταῖς
3065 5555 3381 5600 κοινωνίαις.
3412 5555 3480 5600 At
3514 5553 3675 5600 Remi

371 5545 479 5610 (33)
512 5545 675 5626 iEditi
716 5553 774 5603 Εἴ
816 5571 894 5628 τις
949 5556 1019 5622 μὴ
1073 5550 1222 5603 λάϐοι
1276 5551 1533 5626 εύλογίαν,
1574 5558 1665 5608 καὶ
1710 5553 1893 5613 ἐσθίει.

2081 5560 2193 5628 (36)
2229 5545 2379 5612 Εάίῐί
2409 5545 2631 5608 κωλύσει
2680 5555 2860 5607 ἑαυτὸν
2900 5560 3010 5613 ταῖς
3065 5555 3381 5612 κοινωνίαις.
3411 5555 3480 5606 At
3514 5549 3679 5620 Regii

300 5617 440 5680 Reg.
467 5619 697 5685 primus
731 5623 878 5678 utin
910 5617 1215 5679 contextu.
1399 5617 1410 5625 ⁷
1518 5617 1529 5626 ’
2007 5627 2131 5684 duo
2165 5617 2308 5684 mss.
2343 5633 2407 5683 ut
2432 5629 2492 5683 in
2524 5631 2830 5689 contextu,

713 5699 800 5781 et“
826 5693 1010 5781 qub.‘
1049 5699 1138 5747 καὶ
1175 5701 1267 5748 τοῦ
1316 5695 1525 5781 fictile?
1586 5699 1892 5781 ὁριζομένου

2079 5703 2193 5781 (βἹ)
2220 5700 2314 5781 Sic
2335 5717 2508 5781 _mss_.
2548 5698 2754 5781 nostri,
2790 5712 2914 5781 non
2936 5699 3000 5753 ut
3019 5695 3185 5764 editi,
3220 5694 3283 5752 in
3335 5694 3567 5769 quibus
3616 5689 3686 5746 ll-

294 5763 697 5832 καταδεχέσθω.
761 5766 924 5837 Regii
974 5766 1098 5824 duo
1137 5782 1282 5823 mss.
1335 5767 1419 5826 ita
1447 5773 1514 5825 ut
1565 5763 1890 5828 caidiimls.

1346 5767 1419 5826 ita
1447 5773 1514 5825 ut
1565 5763 1890 5828 edidiinus.
2002 5763 2130 5840 lud,
2166 5770 2384 5833 ἀπειθὴς
2414 5775 2523 5841 καὶ,
2559 5763 2973 5827 desideratur.
