4120 6398
428 356 562 410 1311

1913 345 2169 406 BASILII
2207 348 2450 410 MAGNI.

3671 355 3812 412 1312

429 482 494 534 35
526 477 583 534 Si
614 476 755 551 quis
787 475 1019 550 aliquid
1052 476 1400 550 perdiderit,
1432 482 1490 534 et
1517 478 1635 535 hoc
1670 493 1796 535 non
1827 476 2096 540 invento,

2208 472 2269 527 λε’
2304 479 2363 529 Εἴ
2424 482 2506 542 τίς
2570 499 2623 532 τι
2685 477 2945 546 ἀπολέσει,
3010 481 3121 546 καὶ,
3176 480 3250 551 μὴ
3328 474 3487 554 εὑρὼν
3533 474 3683 545 αὐτὸ,
3731 481 3807 551 μή

496 583 625 623 rem
650 565 901 623 minime
932 565 1254 623 declararit
1284 566 1797 636 archimandritas,
1829 564 2100 639 privetur

505 657 955 715 benedictione.

430 750 498 804 35
522 746 579 804 Si
602 746 725 803 duo
750 745 933 802 simul
955 745 1314 802 familiarem
1336 747 1488 803 inter
1509 763 1573 803 se
1594 742 2098 803 consuetudinem

501 835 729 893 habere
752 816 1225 909 comperiantur,
1251 841 1306 892 et
1326 837 1680 893 commoniti
1700 851 1824 892 non
1843 846 2100 890 secesse-

502 926 643 997 rint,
669 925 788 983 sint
812 941 849 983 a
877 927 1108 983 caeteris
1131 927 1448 998 segregati,
1471 927 1665 984 donec
1694 924 2095 996 corrigantur-

430 1109 497 1162 37
535 1103 590 1161 Si
622 1103 758 1176 quis
788 1104 1020 1177 vesperi
1042 1121 1166 1163 non
1193 1105 1515 1162 accesserit
1543 1106 1623 1163 ad
1656 1106 1844 1161 Pater
1872 1108 2094 1173 noster,

504 1192 738 1267 absque
787 1211 973 1252 causa
1029 1195 1254 1269 aliqua,
1278 1195 1331 1251 is
1362 1195 1597 1269 precari
1627 1199 1859 1269 pergat,
1900 1192 2096 1249 donec

504 1301 720 1342 omnes
749 1285 1126 1341 dormierint.

436 1380 504 1433 38
534 1375 589 1432 Si
619 1375 756 1448 quis
803 1375 865 1431 in
912 1380 1185 1449 tempore
1225 1374 1675 1432 communionis
1720 1371 1887 1430 fratri
1915 1369 2097 1429 alicui

507 1462 802 1533 oﬂ'ensus,
833 1464 885 1521 ei
913 1481 1132 1538 pacem
1161 1481 1287 1523 non
1316 1465 1566 1536 dederit,
1591 1464 1663 1522 sit
1691 1459 2098 1520 excommuni-

504 1558 702 1610 catus.

436 1647 505 1701 39
538 1643 597 1701 Si
651 1642 791 1716 quis
823 1648 1069 1700 amovet
1122 1644 1368 1701 fratrem
1397 1644 1477 1701 ab
1518 1642 1729 1700 ordine
1758 1639 2096 1709 ministerii,

504 1733 769 1806 exceptis
799 1733 891 1805 iis,
922 1750 1183 1809 quorum
1207 1735 1325 1793 hoc
1362 1751 1588 1792 munus
1618 1738 1726 1803 est,
1766 1736 1969 1790 careat
1990 1730 2096 1788 be-

504 1823 872 1881 nedictione.

433 1914 504 1969 40
532 1911 587 1970 Si
637 1911 776 1986 quis
823 1912 1056 1970 noverit
1102 1913 1366 1981 fratrem,
1395 1913 1504 1986 qui
1541 1911 1698 1969 clam
1747 1910 2027 1968 secedere
2067 1925 2102 1967 e

504 2001 875 2059 monasterio
933 2001 1097 2072 velit,
1132 2008 1188 2060 et
1224 2018 1350 2060 non
1394 2000 1713 2060 declararit
1759 2001 2104 2058 archiman-

509 2089 700 2158 dritas,
730 2096 835 2148 aut
854 2091 1177 2165 praefectis,
1209 2109 1246 2149 a
1278 2092 1506 2149 caeteris
1538 2096 1866 2165 separetur.

437 2182 498 2236 41
539 2179 597 2237 Si
629 2181 766 2253 quis
800 2180 990 2254 surgit
1013 2182 1088 2238 de
1116 2198 1334 2238 mensa
1358 2186 1577 2255 praeter
1603 2180 1978 2237 voluntatem
2003 2193 2100 2236 ar-

508 2268 952 2338 chimandritas,
982 2270 1219 2329 insistat
1259 2270 1591 2346 precationi
1619 2285 1816 2344 usque
1846 2268 1925 2327 ad
1954 2272 2103 2326 temo

507 2375 626 2435 pus
647 2360 1058 2418 lucernarum.

441 2450 509 2507 42
532 2450 587 2508 Si
611 2450 749 2524 quis
778 2456 920 2524 post
944 2451 1442 2509 communionem
1472 2451 1782 2524 egreditur
1805 2451 1881 2508 de
1909 2449 2097 2509 mini-

510 2538 710 2609 sterio,
741 2556 1063 2614 quousque
1093 2556 1307 2598 omnes
1351 2541 1695 2614 acceperint
1735 2539 2100 2598 benedictio.

508 2646 671 2697 nem,
705 2630 852 2688 citra
880 2631 1222 2688 humanam
1261 2631 1703 2699 necessitatem,
1737 2629 1906 2688 solus
1937 2646 2099 2689 seor-

509 2737 645 2777 sum
677 2720 982 2777 comedat.

437 2812 504 2867 43
539 2809 601 2867 Si
636 2811 774 2884 quis
803 2809 864 2867 in
891 2827 1082 2870 causa
1133 2815 1225 2868 est
1279 2827 1387 2868 cur
1415 2810 1633 2884 aliquis
1678 2809 2101 2867 benedictione

509 2906 713 2957 careat
767 2900 1208 2975 intempestive,
1240 2900 1372 2974 ipse
1403 2904 1604 2957 careat
1656 2897 2099 2956 benedictione.

437 2989 507 3044 44
540 2987 597 3046 Si
644 2990 783 3062 quis
826 2989 1107 3046 inventus
1145 2989 1320 3046 fuerit
1353 2988 1612 3063 loquens
1641 3005 1749 3063 per
1772 2987 1975 3059 cellas,
2004 3003 2102 3045 ex-

509 3078 699 3151 ceptis
725 3078 796 3135 iis
834 3079 940 3153 qui
969 3095 1073 3136 eas
1100 3084 1428 3152 occupant,
1459 3085 1563 3136 aut
1600 3080 1780 3136 etiam
1808 3077 2103 3152 hesycha-

511 3173 638 3235 stis,
672 3170 747 3225 sit
770 3168 1210 3227 benedictionis
1230 3185 1464 3243 expers.

438 3260 507 3314 45
540 3257 599 3316 Si
629 3259 766 3331 quis
804 3258 1053 3316 facetias
1080 3258 1392 3332 loquatur,
1424 3263 1529 3316 aut
1558 3258 1819 3316 inaniter
1849 3257 2095 3332 garriat,

511 3345 775 3419 privetur
794 3346 1241 3405 benedictione.

440 3439 507 3494 46
538 3437 594 3495 Si
641 3438 780 3511 quis
820 3436 1100 3495 inventus
1129 3438 1304 3495 fuerit
1330 3436 1656 3496 detrahens
1701 3437 1968 3511 cuipiam
1995 3440 2102 3495 aut

515 3525 754 3600 aliquos
800 3527 1184 3586 detrahentes
1222 3528 1498 3602 audiens,
1541 3533 1599 3586 et
1625 3544 1750 3585 non
1779 3528 2101 3601 increpans

511 3615 696 3690 ipsos,
714 3622 819 3674 aut
838 3632 963 3674 non
982 3616 1259 3676 indicans
1278 3616 1789 3690 archimandritm,
1814 3632 1940 3675 una
1959 3631 2101 3674 cum

510 3706 659 3780 ipsis
682 3708 1262 3766 excommunicetur.

441 3799 508 3854 47
543 3796 601 3854 Si
630 3797 768 3870 quis
814 3803 1090 3872 repertus
1120 3798 1299 3856 fuerit
1348 3798 1411 3856 in
1460 3799 1637 3857 horto
1676 3796 1935 3872 loquens
1959 3812 2101 3855 cum

513 3885 740 3959 aliquo,
776 3892 882 3944 aut
930 3892 1207 3962 repetens
1263 3887 1555 3962 psalmos,
1611 3891 1718 3945 aut
1766 3884 2097 3958 dormiens,

513 3976 779 4050 exceptis
817 3977 1109 4050 operariis
1153 3982 1212 4035 et
1238 3977 1601 4051 praepositis,
1629 3980 1830 4035 careat
1856 3974 2103 4034 benedi-

514 4066 732 4123 cﬁone.

441 4154 512 4212 48
543 4155 603 4212 Si
649 4155 789 4229 quis
817 4154 950 4214 ierit
992 4156 1072 4214 ad
1094 4155 1374 4229 janitoris
1424 4155 1587 4215 aedes
1642 4152 1771 4213 sine
1799 4155 2105 4230 permissu

515 4245 1004 4319 prmpositorum,
1037 4246 1304 4319 privetur
1344 4246 1769 4305 benedictione
1802 4264 1815 4304 :
1857 4246 1907 4303 si
1956 4262 2102 4303 vero

514 4333 647 4391 ierit
692 4334 774 4391 ad
827 4335 1118 4394 custodiae
1167 4335 1396 4409 locum,
1428 4342 1783 4394 caeterorum
1832 4335 2103 4411 privetur

516 4424 840 4483 consortio.

2281 562 2561 642 ἀναγγείλῃ
2621 570 2731 641 (38)
2786 577 2858 641 τῷ
2911 563 3333 643 ἀρχιμανδρίτη,
3379 569 3607 640 γενέσθω
3655 564 3814 621 ἀπευ-

2276 653 2473 728 λογίας.

2206 742 2289 810 λς’
2319 745 2437 800 Ἐὰν
2485 748 2735 824 εὐρεθῶσι
2789 745 2887 801 δύο
2937 745 3021 801 ἒπὶ
3070 750 3130 801 τὸ
3202 745 3329 800 αὖτό
3384 753 3620 818 συνεχῶς
3669 745 3809 805 πλη-
3883 785 3888 790 -

2282 837 2553 898 σιοεζοντες
2605 836 2862 907 ἀλλήλοις,
2922 842 3013 891 καὶ
3065 835 3501 913 παραγγελθέντες
3552 840 3624 909 μή
3693 856 3810 909 χω-

2275 926 2548 1001 ρίζωνται,
2602 929 2810 981 ἔσονται
2867 926 3239 1009 ἂφωρισμένοι,
3307 927 3401 989 ἕως
3480 921 3812 1001 διορθωσων-

2275 1034 2385 1075 ται.

2203 1104 2280 1166 λζ’
2309 1107 2372 1160 Εἰ
2398 1126 2480 1169 τις
2505 1106 2723 1183 ἑσπέρας
2759 1112 2831 1181 μή
2885 1108 3057 1181 φθάσῃ
3093 1106 3162 1170 εἰς
3206 1107 3316 1177 (39)
3351 1108 3410 1159 τὸ
3441 1106 3610 1178 Πάτερ
3637 1104 3810 1178 ἡμῶν,

2277 1193 2420 1258 ἐκτός
2450 1215 2585 1260 τινος
2637 1197 2827 1265 αἰτίας,
2874 1200 3112 1256 στήκετω
3153 1195 3223 1259 εἰς
3270 1198 3599 1269 προσευχήν,
3628 1194 3717 1254 ἕως
3746 1191 3809 1245 ἃν

2273 1287 2462 1349 πάντες
2488 1289 2836 1360 κοιμηθώσιν.

2203 1373 2281 1434 λη’
2311 1378 2375 1429 Εἴ
2409 1395 2514 1446 τις,
2545 1374 2593 1429 ἐν
2650 1385 2723 1449 τῷ
2775 1384 2941 1452 καιρῷ
2977 1384 3074 1439 τῆς
3125 1378 3397 1436 κοινωνίας
3440 1371 3612 1432 λύπην
3670 1373 3810 1444 ἔχων

2275 1467 2402 1540 πρὸς
2454 1469 2542 1518 τὸν
2573 1462 2812 1540 ἀδελφὸν,
2840 1470 2913 1540 μή
2977 1462 3056 1538 δῷ
3115 1465 3255 1538 αὐτῷ
3286 1465 3508 1540 εἰρήνην,
3558 1465 3691 1516 ἴστω
3717 1459 3812 1535 ἀφ·-

2278 1558 2535 1629 ωρισμένο
2544 1577 2583 1619 ς.

2205 1642 2281 1696 λθ’
2319 1647 2381 1698 Εἴ
2408 1664 2485 1706 τις
2514 1646 2742 1718 μεθιστᾴ
2767 1647 2856 1698 τὸν
2910 1640 3130 1718 ἀδελφὸν
3163 1643 3324 1698 αὐτοῦ
3384 1641 3486 1696 ὰπὸ
3515 1648 3609 1695 τοῦ
3653 1635 3809 1716 ὀρδί-

2277 1753 2365 1787 νου
2397 1742 2492 1797 τής
2541 1736 2848 1810 ὑπηρεσίας,
2892 1732 3033 1796 ἐκτὸς
3076 1742 3178 1788 τῶν
3221 1732 3687 1807 ἐγκεχειρισμένων
3715 1732 3812 1787 τήν

2137 1832 2179 1888 Β
2280 1821 2555 1898 φροντίδα,
2576 1827 2801 1898 γενέσθω
2822 1824 3152 1898 ἁπευλογίας.

2209 1912 2259 1988 μ’
2312 1917 2376 1967 Εἴ
2401 1933 2481 1977 τις
2510 1923 2616 1988 γνῷ
2661 1911 2882 1989 ἀδελφὸν
2937 1914 3108 1990 λάθρα
3181 1911 3561 1990 ἀναχωρῆσαι¹
3601 1909 3813 1964 θέλοντα

2278 2011 2372 2059 τοῦ
2427 2009 2807 2080 μοναστηρίου,
2865 2010 2956 2058 καὶ
3031 2009 3104 2079 μή
3158 2007 3369 2079 μηνύσῃ
3419 2012 3491 2075 τῳ
3548 2001 3810 2076 ἀρχιμαν-

2282 2091 2464 2170 δρίτη,
2491 2095 2521 2154 ή
2551 2102 2661 2156 τοῖς
2684 2103 3010 2170 προεστῶσιν
3038 2098 3176 2169 (40),
3210 2092 3560 2168 ἁφοριζέσθω.

2207 2184 2295 2259 μα’
2334 2186 2398 2238 Εἰ
2419 2204 2495 2246 τις
2533 2183 2783 2260 ἐγείρεται
2833 2193 2930 2248 τῆς
2981 2185 3247 2261 τραπέζης
3294 2187 3439 2259 παρὰ
3479 2186 3687 2256 γνώμην
3711 2185 3802 2231 τοῦ

2282 2271 2731 2351 ἀρχιμανδρὶτου,
2783 2277 3019 2334 στηκέτω
3071 2274 3143 2337 εἰς
3202 2277 3510 2352 προσευχήν
3551 2271 3638 2330 ἕως
3710 2275 3803 2321 τοῦ

2277 2362 2339 2417 λυ
2342 2385 2413 2438 χν
2421 2371 2555 2420 ικοῦ.

2208 2451 2302 2529 μβ¹
2350 2456 2414 2507 Εἴ
2439 2474 2517 2517 τις
2577 2456 2708 2529 μετὰ
2775 2459 2870 2515 τὴν
2917 2459 3187 2508 κοινωνίαν
3265 2453 3536 2531 ἓξέρχεται
3583 2462 3680 2519 τῆς
3720 2453 3815 2507 ὐπ-

2281 2549 2520 2620 ηρεσιας,
2552 2543 2647 2608 ἕως
2689 2546 2875 2607 πάντες
2918 2544 3148 2599 λάϐωσιν
3213 2544 3471 2619 εὐλογίας,
3519 2544 3667 2610 ἐκτὸς
3735 2544 3815 2598 ἀν·

2283 2635 2548 2709 θρωπίνης
2578 2632 2778 2708 ἀνάγκη
2790 2654 2830 2699 ς,
2862 2633 2980 2687 καθ’
3008 2633 3189 2688 ἑαυτὸν
3219 2635 3328 2708 (41)
3358 2633 3593 2692 ἔσθιέτω.

2207 2812 2300 2887 μγ’
2330 2815 2392 2867 Εἰ
2436 2832 2517 2875 τις
2568 2819 2707 2867 ποιεῖ
2742 2832 2859 2867 τινα
2910 2811 3223 2886 ἁπευλογίαν
3263 2812 3507 2886 γενέσθαι
3553 2810 3808 2884 ἀκαίρως,

2280 2903 2440 2966 αὐτὸς
2463 2904 2688 2975 γενέσθω
2717 2902 3049 2977 ἁπευλογίας.

2209 2988 2299 3067 μόν
2347 2996 2410 3046 Εἴ
2445 3012 2528 3054 τις
2575 2990 2754 3068 εὑρεθῇ
2802 2992 2967 3047 λαλῶν
3023 2992 3092 3054 εἰς
3141 2994 3210 3046 τὰ
3263 2990 3458 3060 κε’λλια,
3516 2989 3659 3053 ἐκτὸς
3712 2997 3812 3042 τῶν

2282 3080 2611 3136 ἐνοικούντων
2644 3082 2780 3136 αὐτὰ
2815 3082 2946 3157 (42),
2972 3083 3003 3143 ἢ
3054 3091 3155 3136 τῶν
3202 3085 3547 3156 ἠσυχαστῶν,
3587 3080 3812 3154 γενέσθω

2138 3189 2182 3248 c
2282 3170 2568 3245 ἆπευλογία
2577 3193 2615 3235 ς.

2210 3259 2285 3336 με’
2314 3265 2377 3315 Εἴ
2422 3282 2503 3325 τις
2579 3261 2866 3339 εὖτράπελα
2906 3260 3072 3316 λαλῶν
3124 3262 3155 3322 ἣ
3216 3259 3528 3339 ἀργολογῶν,
3586 3259 3813 3333 γενέσθω

2282 3351 2618 3425 ἆπευλογίας.

2210 3439 2300 3515 μς-’
2333 3444 2396 3494 Ei
2421 3461 2498 3504 τις
2526 3443 2707 3518 εὑρεθῇ
2739 3441 3042 3496 καταλαλῶν
3082 3461 3239 3511 τινος,
3279 3442 3310 3502 ἦ
3344 3440 3545 3494 ἁκούων
3593 3436 3814 3493 καταλα-

2280 3530 2499 3585 λούντων
2543 3540 2717 3599 τινῶν,
2766 3537 2856 3586 καὶ
2908 3538 2980 3607 μή
3015 3531 3266 3607 ἐπιτιμῶν
3318 3531 3481 3604 αὐτῷ,
3514 3531 3544 3590 ἣ
3603 3530 3810 3603 μηνύων

2280 3619 2805 3699 τῷόἆρχιμανδρίτῃ,
2830 3625 2926 3676 σὺν
2946 3621 3088 3696 αὐτῷ
3126 3620 3483 3699 ἆγοριζέσθω.

2210 3800 2296 3876 μζ
2328 3800 2387 3856 Ei
2443 3821 2522 3866 τις
2563 3802 2743 3878 εὑρεθῆ
2805 3802 2875 3867 εἰς
2931 3804 3019 3856 τὸν
3074 3808 3242 3861 κῆπον
3292 3799 3458 3854 λαλῶν
3496 3800 3627 3874 μετὰ
3652 3815 3813 3864 τινος,

2284 3891 2315 3952 ἣ
2369 3887 2623 3970 δευτερῶν
2679 3890 2917 3966 ψαλμοὺς
2975 3892 3112 3961 (43),
3170 3895 3202 3951 ἤ
3277 3896 3614 3965 κοιμώμενος,
3668 3885 3816 3951 ἐκτὸς

2285 3989 2386 4034 τῶν
2435 3979 2812 4058 ἐργαζομένων,
2850 3982 2882 4042 ἢ
2932 3989 3033 4035 τῶν
3104 3979 3544 4055 ἇντετυπωμένων,
3590 3978 3817 4053 γενέσθω

2285 4067 2511 4144 ἀπενλογ
2518 4074 2614 4132 ίας.

2212 4158 2300 4234 (ιη’
2331 4163 2392 4215 Εἴ
2420 4179 2517 4231 ,τις
2562 4159 2758 4224 ἕξελθοι
2815 4158 2889 4225 εἰς
2944 4161 3004 4214 τὸ
3061 4159 3331 4237 ὀστιοίριον
3386 4163 3459 4234 μὴ
3515 4156 3820 4233 ἐπιτραπεὶς

2285 4250 2340 4304 ἑκ
2397 4259 2497 4304 τῶν
2546 4250 2595 4306 ἐν
2669 4255 3054 4326 τετυπωμένων,
3113 4252 3341 4324 γενέσθω
3391 4248 3725 4324 ἀπευλογίας·
3774 4246 3820 4300 εἰ

2287 4338 2348 4396 δε
2374 4341 2445 4405 εἰς
2472 4344 2529 4396 τὸ
2559 4343 2804 4419 φρούριον
2834 4342 2954 4416 (44)
2984 4341 3198 4413 ἐξέλθοι,
3223 4338 3572 4417 ἁφοριζέσθω.

442 4517 512 4573 49
544 4514 763 4610 Siquis
786 4515 1021 4575 dederit
1043 4516 1187 4610 foris
1217 4516 1582 4610 aliquidaut
1608 4517 1928 4610 acceperit,
1953 4533 2100 4591 prai-

2210 4519 2297 4596 μθ’
2344 4524 2407 4576 Εἴ
2456 4540 2537 4587 τις
2598 4517 2750 4576 διδοῖ
2801 4520 2898 4585 ἔξω
2941 4540 3013 4591 τι,
3069 4521 3100 4582 ἦ
3142 4518 3415 4596 λαμϐάνει,
3443 4520 3588 4595 παρὰ
3606 4522 3817 4593 γνώμην

514 4610 604 4665 ter
639 4607 1017 4666 voluntatem
1061 4608 1576 4677 archimandritas,
1606 4625 1644 4667 a
1671 4608 1902 4667 caeteris
1932 4624 2104 4682 sepa-

514 4701 701 4756 retur.

445 4792 514 4845 50
544 4790 605 4848 Si
632 4788 770 4863 quis
797 4793 1015 4864 praeter
1042 4791 1424 4865 praepositos,
1456 4788 1636 4849 alicui
1663 4806 1736 4849 ex
1766 4789 2103 4866 peregrinis

518 4877 951 4937 accedentibus
971 4878 1223 4937 obviam
1264 4878 1487 4952 factus,
1518 4896 1662 4939 cum
1685 4896 1753 4940 eo
1778 4879 1955 4955 530
1982 4879 2105 4939 col-

514 5133 625 5206 (38)
650 5132 804 5210 _Editi
834 5137 892 5210 et
921 5133 1089 5210 Colb.
1121 5132 1248 5210 ατξτὸ
1280 5137 1352 5208 μὴ
1387 5133 1654 5210 ἰιναγάγη.
1691 5138 1764 5193 At
1790 5134 1958 5210 Regii
1979 5133 2104 5210 duo

444 5204 618 5295 11138:,
641 5204 941 5280 ἀναγγείλῃ.
1002 5209 1132 5295 Βξοχ
1157 5204 1290 5295 duo
1325 5204 1746 5295 n‘lss..;cuvszdig
1788 5204 2107 5271 πλησιάζον-

445 5296 543 5340 τις.
575 5278 697 5336 Vox
728 5277 965 5352 σύνιχῶς
987 5277 1198 5335 aberat
1226 5294 1261 5335 a
1283 5278 1566 5350 vulgatis.
1631 5277 1671 5281 ’⁷

518 5352 632 5414 (39)
661 5349 956 5407 Voculam
1017 5350 1089 5413 εἰς
1131 5349 1342 5407 addidi
1396 5366 1469 5407 ex
1522 5349 1884 5410 Colbertino.
1934 5352 2107 5411 Haud

444 5416 1004 5551 tqqiggigggidimus
1023 5437 1270 5495 quoque
1292 5421 1657 5494 particulam
1682 5424 1743 5475 ἄν
1769 5438 1841 5480 ex
1862 5422 2106 5481 duobus

522 5565 811 5642 (40)_Editi
845 5570 903 5622 et
931 5563 1098 5623 Colb.
1129 5565 1159 5625 ἧ
1185 5571 1296 5642 -τοῖς
1334 5574 1655 5642 προεστῶσι.
1696 5568 1837 5639 Reg.
1869 5568 2107 5642 primus

448 5634 478 5695 ἦ
501 5634 1002 5710 τοῖςὴσνχασταίς,
1033 5644 1141 5710 aut
1173 5634 1567 5710 hesychastis.

520 5708 637 5783 (41)
670 5707 764 5767 Sic
777 5707 932 5782 ‘Reg.
961 5707 1201 5783 primus
1225 5707 1379 5770 Editi
1408 5709 1526 5764 καθ’
1556 5708 1762 5767 ἑαυτοῦ.

2281 4619 2375 4666 τοῦ
2397 4608 2847 4691 ἀρχιμανδρίτου,
2872 4610 3224 4687 ἆφοριζέσθω.

2208 4789 2248 4846 ν’
2302 4795 2366 4849 Εἴ
2401 4812 2482 4857 τις
2514 4796 2792 4867 συντυχὼν
2846 4791 3090 4867 ὁμιλήσει
3145 4795 3248 4846 τινὶ
3278 4791 3392 4867 (45)
3413 4796 3515 4844 τῶν
3562 4788 3819 4865 ὑποστρε-

2283 4886 2477 4960 φὸντων
2518 4882 2691 4957 ξένων,
2730 4881 2864 4944 πλήν
2897 4890 2991 4937 τοῦ
3036 4879 3222 4937 δοῦναι
3267 4886 3363 4943 τήν
3403 4880 3631 4956 εἰρήνην,
3673 4880 3821 4943 ἐκτὸς

2284 5136 2395 5211 (42)
2425 5138 2666 5211 Veteres
2724 5133 2850 5194 duo
2895 5132 3034 5211 libri
3059 5143 3168 5211 rei:
3192 5135 3508 5211 ποιούντων,
3556 5130 3817 5211 exceptis

2212 5204 2306 5283 iis,
2338 5204 2445 5283 q'ui
2473 5214 2863 5283 construunt
2885 5208 3101 5283 ipsas,
3129 5205 3282 5263 Editi
3323 5204 3812 5283 τῶν-ἐνοικούντων.

2213 5277 2537 5358 Aliquanto
2558 5279 2867 5358 post_e_diti
2882 5277 3190 5358 καταλαλῶν
3218 5298 3381 5358 τινας,
3412 5279 3574 5335 Unus
3743 5290 3818 5324 τι·-

2212 5344 2587 5421 vo;.’Statim’,
2619 5351 2726 5409 ubi
2754 5351 2850 5409 bis
2882 5349 3099 5423 legitur
3129 5350 3291 5423 αὐτῷ,
3314 5356 3572 5423 utroque
3596 5346 3659 5404 in
3683 5344 3822 5402 loco

2212 5424 2333 5496 legi
2360 5423 2850 5498 oportere_a6rotc
2873 5422 3205 5498 obscurum
3233 5422 3358 5480 non
3388 5422 3497 5478 est.

2286 5486 2585 5568 (43).Editi
2633 5491 2875 5571 δεύτερος
2910 5493 3137 5566 ψάλλων.
3181 5497 3256 5550 At
3307 5510 3456 5552 mss.
3486 5497 3608 5549 tres
3652 5486 3826 5544 δευτε-

2286 5589 2318 5620 ιν
2343 5567 2603 5640 ψαλμοὺς.
2663 5637 2672 5640 Α
2722 5637 2735 5640 Α
2975 5638 2984 5640 ῃ
3216 5639 3221 5640 γ

2250 5576 2318 5621 ῶν
2343 5569 2603 5630 ψαλμοὺς.

2213 5588 2318 5646 ρων
2343 5588 2603 5641 ψαλμους.
2661 5637 2673 5650 .
2974 5638 2987 5650 .

2431 5639 2690 5756 ὒιηίφιιί
2702 5637 2837 5756 ἀιέῗΙ
2849 5638 2990 5756 ltibrl
3020 5659 3093 5756 ett;
3120 5639 3480 5756 τοιθέρρόριονὲ

2350 5748 2362 5756 .
2479 5726 2555 5756 nx
2586 5729 2665 5756 τιν
2716 5727 2754 5756 ﬁ
2847 5727 2860 5756 I
2891 5726 2922 5756 ﬂ
2957 5726 3022 5756 ΕΩ
3073 5727 3143 5756 ΒΥ
3199 5726 3213 5756 1
3263 5725 3344 5756 Pls
3374 5724 3446 5756 VP.

2292 5706 2400 5786 (£5)
2432 5713 2560 5771 Vox
2586 5706 2690 5766 «Eat
2716 5709 2928 5772 addita
2957 5715 3049 5769 est
3073 5727 3148 5770 ex
3174 5706 3356 5768 libris
3374 5706 3707 5769 veteribus.
