4120 6376
304 385 437 439 1313

373 515 472 559 τῶν
504 506 944 578 ἓντετυπωμένων,
977 505 1202 576 γενέσθω
1247 501 1585 574 ἀπευλογίας.

300 684 374 739 να’
430 687 491 739 Εἰ
545 704 628 746 τις
680 681 832 756 ὀχλεῖ
885 691 956 754 τῷ
1016 678 1417 758 ἀρχιμανδρίτῃ
1495 683 1758 755 προφάσει
1823 687 1916 740 τῆς

376 775 674 849 ἕφημερίας,
703 772 836 832 πλὴν
866 779 958 824 τοῦ
989 771 1280 848 κελλαρίου,
1323 775 1352 830 ἣ
1403 778 1495 824 τοῦ
1544 767 1915 847 ἀρχιεϐδομα-

375 873 515 939 ρίου,
545 864 769 936 γενέσθω
817 860 1148 933 ἁπευλογίας·
1204 862 1286 913 ἶνα
1325 860 1549 922 ἑκάστης
1581 858 1860 932 ἐφημερίας
1889 859 1915 910 ὁ

379 949 827 1030 ἀρχιεϐδομάριος
856 956 946 1004 καὶ
977 952 1002 1003 ὁ
1044 955 1350 1025 φροντιστὴς
1381 954 1496 1026 περὶ
1526 951 1699 1010 πάσης
1727 953 1916 1024 χρείας

378 1042 721 1117 φροντίζωσιν
751 1039 1024 1113 ἐπιμελῶς,
1060 1042 1142 1093 ἶνα
1169 1044 1242 1114 μὴ
1284 1048 1356 1112 τῷ
1403 1044 1623 1114 κρίματι
1651 1046 1746 1101 τῆς
1790 1035 1916 1112 ἁμε-

377 1132 516 1194 λείας
549 1134 910 1204 συμπέσωσιν.

304 1310 386 1384 νβ’
425 1314 487 1364 Εἰ
535 1330 614 1373 τις
671 1310 896 1383 ἀκαιρως
955 1313 1170 1386 ἔρχεται
1219 1309 1291 1371 εἰς
1329 1312 1387 1362 τὸ
1429 1308 1712 1383 ἑψητήριον
1759 1308 1788 1367 ἦ
1847 1306 1920 1368 εἰς

376 1402 434 1452 τὸ
493 1399 758 1475 κελλάριον
824 1397 968 1461 ἐκτός
1028 1407 1127 1450 τῶν
1187 1396 1602 1470 ἕντετυπωμένων
1665 1401 1754 1448 καὶ
1817 1403 1919 1449 τῶν

381 1489 758 1562 φροντιζόντων
785 1497 882 1549 τῆς
904 1487 1164 1557 εὐταξίας,
1196 1490 1421 1559 γενέσθω
1451 1485 1782 1558 ἀπευλογίας.

307 1577 382 1650 νγ’
424 1581 484 1631 Εἴ
511 1597 588 1638 τις
619 1575 947 1640 ἐξυπνισθεὶς
989 1579 1134 1650 παρά
1160 1597 1293 1638 τινος
1321 1577 1528 1650 λυπηθῇ
1565 1575 1611 1628 ὶν
1642 1583 1715 1646 τῷ
1753 1583 1920 1650 καιρῷ

386 1675 483 1729 τῆς
511 1668 801 1742 ὑπηρεσίας
830 1667 858 1726 ἡ
884 1674 977 1719 τοῦ
1010 1664 1435 1740 ἀναγνώσματος,
1459 1664 1810 1742 ἀφοριζίσθω.

1297 377 1537 436 ΡΕΕΝΑΞ
1578 377 1644 432 1N
1686 375 2072 434 MONACHOS
2113 379 2662 446 DELINQUENTES.

3530 387 3682 444 1314

2093 502 2398 576 loquatur,
2432 511 2682 580 excepto
2711 508 2877 582 quod
2907 507 3006 564 det
3051 525 3288 584 pacem,
3337 511 3411 566 sit
3437 511 3684 568 benedi-

2097 593 2311 650 ctionis
2335 611 2576 669 expers.

2026 689 2088 742 51
2134 685 2191 743 Si
2221 688 2358 760 quis
2390 687 2680 746 molestus
2727 693 2816 746 est
2859 690 3346 749 archimandritas
3389 695 3682 766 praetextu

2099 791 2298 850 operae
2332 794 2434 850 per
2462 779 2624 835 vices
2674 779 3093 852 suscipiendae,
3139 786 3392 853 excepto
3419 782 3680 848 cellario,

2098 869 2203 922 aut
2231 867 2821 932 archihebdomario,
2854 868 2926 925 sit
2955 867 3394 926 benedictionis
3427 885 3681 944 expers:

2097 959 2163 1012 ut
2209 955 2833 1026 archihebdomarius,
2881 957 2986 1032 qui
3035 959 3252 1031 cuique
3301 958 3416 1015 vici
3443 963 3687 1032 preest,

2097 1049 2154 1101 et
2206 1051 2562 1118 procurator
2609 1047 2876 1105 habeant
2922 1047 3197 1105 sedulam
3245 1065 3454 1105 curam
3485 1064 3686 1105 rerum

2097 1135 2508 1207 quarumlibet
2538 1139 3042 1207 necessariarum,
3072 1155 3146 1194 ne
3177 1137 3236 1196 in
3259 1137 3556 1211 judicium
3587 1153 3690 1195 ne-

2099 1224 2402 1296 gligentie
2434 1227 2732 1285 incidant.

2029 1318 2097 1370 52
2137 1315 2192 1371 Si
2224 1316 2357 1390 quis
2383 1317 2803 1390 intempestive
2829 1319 2993 1376 venit
3039 1319 3100 1375 in
3141 1317 3407 1376 culinam
3448 1321 3552 1375 aut
3577 1317 3690 1374 cel-

2098 1405 2340 1476 larium,
2371 1413 2586 1480 preter
2613 1409 2970 1482 prepositos
3003 1414 3059 1466 et
3092 1408 3430 1482 discipline
3458 1414 3692 1466 curato-

2097 1509 2211 1559 res,
2245 1495 2512 1567 privetur
2541 1495 2983 1554 benedictione.

2032 1585 2098 1639 53
2143 1582 2199 1641 Si
2229 1584 2366 1657 quis
2387 1587 2846 1658 expergefactus
2878 1585 2955 1643 ab
2977 1586 3180 1660 aliquo
3201 1587 3264 1643 in
3285 1591 3554 1659 tempore
3579 1585 3688 1643 mi-

2102 1672 2331 1730 nisterii
2358 1680 2463 1732 aut
2489 1674 2784 1746 lectionis,
2825 1691 2982 1746 egre
3027 1675 3197 1746 ferat,
3249 1692 3286 1734 a
3330 1675 3558 1733 ceteris
3601 1691 3690 1733 se-

2106 1767 2408 1833 gregetur.

310 1840 387 1896 νᾶν
428 1847 487 1898 Εἴ
514 1863 592 1905 τις
622 1851 890 1917 περισσῶς
920 1845 1053 1916 μετὰ
1090 1848 1184 1902 τὴν
1218 1841 1493 1914 ἐπίσκεψιν
1541 1846 1628 1900 τὴν
1681 1845 1814 1916 μετὰ
1859 1846 1923 1896 τὰ

2078 1853 2101 1908 i
2143 1850 2201 1908 Si
2228 1852 2364 1925 quis
2387 1851 2513 1908 sine
2544 1869 2732 1910 causa
2750 1859 2890 1927 post
2907 1854 3307 1911 visitationem
3330 1853 3692 1910 matutinam

383 1931 598 2008 ὀρθρινᾶι
645 1933 946 2008 εἰσέρχεται
995 1933 1065 1994 εἰς
1121 1936 1180 1984 τό
1241 1939 1592 2005 νοσοκομεῑον,
1649 1931 1790 1994 ἐκτός
1827 1940 1924 1985 τῶν

385 2026 714 2094 ἣσυχαστῶν
767 2027 856 2074 καὶ
905 2028 1000 2081 τὴν
1044 2019 1300 2098 φροντίδα
1329 2020 1814 2094 ἐγκεχειρισμένων,
1847 2042 1927 2094 γε-

384 2114 549 2166 νέσθω
580 2112 919 2185 ἀπευλογίας.

311 2199 374 2255 νε’
414 2205 476 2254 Εἴ
505 2221 587 2265 τις
634 2201 778 2274 παρὰ
828 2207 1038 2275 γνώμην
1078 2208 1169 2253 τοῦ
1195 2204 1484 2274 νοσοκόμου
1535 2199 1774 2252 εἰσελθὼν
1802 2200 1925 2254 ἁνα-

384 2294 539 2344 παύει
571 2291 642 2353 εἰς
675 2295 734 2343 τό
765 2291 880 2361 (46)
929 2297 1282 2363 νοσοκομείον,
1324 2290 1551 2361 γενέσθω
1590 2287 1922 2361 ἀπωλογίας·

394 2380 436 2434 εἰ
467 2377 525 2433 δε
558 2379 786 2433 θλίϐεται
829 2381 859 2439 ἣ
896 2378 1172 2455 ὰῤῥωστεί,
1205 2375 1446 2437 δηλούτω
1476 2387 1677 2454 πρῶτον
1719 2388 1790 2451 τῷ
1837 2399 1926 2432 νο-

389 2473 618 2542 σοκόμῳ.

311 2579 380 2624 νς
431 2563 492 2611 Εἴ
519 2577 599 2620 τις
629 2566 728 2611 τῶν
757 2562 1086 2631 κακουμένων
1105 2557 1357 2610 ἀλλάσσει
1381 2562 1560 2626 τόπον,
1584 2558 1713 2610 ὅπου
1743 2563 1928 2632 κοιμᾶ-

385 2668 493 2712 ται,
534 2650 680 2722 παρὰ
701 2653 913 2723 γνώμην
939 2656 1031 2700 τοῦ
1053 2651 1365 2716 νοσοκόαου,
1402 2646 1752 2723 ἆφοριζέσθω.

311 2827 385 2890 νζ
423 2831 485 2880 Εἴ
508 2847 588 2889 τις
631 2835 730 2880 τῶν
761 2831 1128 2900 τετυπωμὲνων
1170 2829 1439 2900 ὑπηρετῶν
1469 2829 1585 2898 (47)
1634 2826 1685 2880 ἓν
1715 2835 1787 2898 τῷ
1837 2846 1926 2880 νο-

387 2921 641 2989 σοκομείῳ
665 2919 946 2989 παρατιθεί
975 2935 1024 2968 τι
1057 2913 1261 2988 ἀδελφῷ
1291 2917 1435 2991 παρὰ
1463 2921 1672 2989 γνώμην
1701 2923 1794 2968 τοῦ
1836 2935 1926 2968 νο-

390 3008 640 3078 σοκόμου,
663 3006 891 3078 γενέσθω
917 3003 1244 3077 ἁπευλογίας.

2107 1941 2440 2012 ingreditur
2459 1942 2520 1999 in
2536 1943 3691 2018 valetudinarium,preterhesychastas

2108 2035 2166 2087 et
2193 2038 2410 2104 preter
2439 2049 2541 2088 eos
2587 2049 2850 2106 quorum
2894 2034 3011 2090 hoc
3041 2033 3308 2090 ofﬁcium
3352 2038 3460 2101 est,
3494 2037 3697 2091 careat

2105 2119 2547 2178 benedictione.

2037 2213 2104 2264 55
2147 2211 2202 2266 Si
2229 2211 2364 2284 quis
2389 2217 2604 2284 preter
2630 2213 2998 2271 voluntatem
3021 2212 3312 2270 curatoris
3327 2217 3694 2283 egrotorum

2107 2299 2420 2370 ingressus
2443 2301 2502 2358 iu
2530 2302 3062 2370 valetudinarium,
3084 2303 3201 2360 illic
3228 2303 3567 2377 requiescit,
3600 2317 3705 2379 ca;

2108 2394 2238 2446 reat
2262 2390 2682 2448 benedictione
2709 2410 2722 2448 :
2752 2394 2799 2449 si
2831 2409 2974 2449 vero
3004 2392 3346 2460 afﬂictatur,
3377 2397 3482 2450 aut
3508 2407 3698 2465 egro-

2108 2482 2215 2545 tat,
2245 2479 2468 2538 indicet
2495 2480 2561 2540 id
2580 2483 2748 2555 prius
2779 2481 3202 2539 valetudinarii
3230 2481 3554 2555 prefecto.!

2039 2571 2106 2623 56
2149 2568 2206 2624 Si
2236 2569 2372 2641 quis
2405 2570 2561 2627 male
2593 2570 2948 2627 habentium
2977 2575 3171 2628 mutat
3194 2572 3395 2628 locum
3427 2571 3531 2627 ubi
3555 2571 3696 2629 dor-

2109 2658 2219 2715 mit
2242 2665 2459 2732 preter
2485 2661 2857 2718 voluntatem
2896 2661 3077 2727 illius,
3109 2661 3214 2735 qui
3262 2661 3696 2718 valetudinario

2109 2755 2346 2822 preest,
2371 2766 2406 2806 a
2428 2757 2780 2808 ceterorum
2815 2758 3127 2825 separetur
3157 2752 3480 2808 consortio.

2039 2842 2104 2894 57
2149 2839 2208 2898 Si
2237 2840 2375 2914 quis
2400 2857 2471 2897 ex
2495 2841 2827 2912 designatis
2857 2843 2936 2898 ad
2967 2841 3355 2898 serviendum
3384 2842 3447 2898 in
3473 2840 3700 2900 valetu-

2110 2927 2370 2995 dinario,
2385 2935 2656 3002 apponat
2675 2931 3016 3004 quidquam
3039 2930 3205 2987 fratri
3227 2935 3440 3004 preter
3464 2937 3699 2988 senten-

2107 3016 2255 3072 tiam
2287 3017 2444 3074 illius
2470 3019 2576 3092 qui
2601 3019 3044 3076 valetudinario
3074 3020 3466 3094 preponitur,
3494 3019 3568 3078 sit
3595 3019 3698 3077 be-

2108 3107 2469 3164 nedictionis
2499 3124 2736 3182 expers.

311 3183 386 3243 ντί
425 3187 488 3238 Εἴ
524 3203 604 3246 τις
648 3191 747 3236 τῶν
792 3181 1074 3258 ἀρρώστων
1124 3185 1304 3261 εὑρεθῇ
1357 3182 1734 3238 καταλλάσσων
1783 3186 1923 3258 παρὰ

2078 3199 2106 3252 Β
2146 3196 2204 3254 Si
2234 3197 2371 3270 quis
2396 3213 2467 3254 ex
2495 3181 2932 3268 egrotantibus
2968 3197 3248 3255 inventus
3297 3197 3472 3254 fuerit
3511 3197 3694 3270 quid-

382 3278 592 3346 γνώμην
641 3281 734 3326 τοῦ
764 3277 1078 3346 νοσοκόμου,
1112 3277 1141 3333 ἧ
1187 3293 1326 3338 τινος
1353 3281 1452 3327 τῶν
1510 3275 1921 3350 ὑπηρετούντων,

384 3364 612 3433 γενέσθω
644 3359 980 3433 απευλογίας.

311 3541 370 3592 νθ
422 3542 484 3594 Εἰ
511 3559 586 3601 τις
636 3541 838 3613 εὑρεθῇ,
895 3539 1036 3601 ίκτὸς
1072 3547 1163 3594 τοῦ
1213 3537 1661 3616 ἀρχιμανδρίτου,
1712 3545 1924 3618 γράφων

383 3635 486 3682 τινι
525 3629 554 3688 ἦ
600 3625 882 3702 δεχόμενος
923 3631 1230 3704 γράμματα,
1264 3633 1398 3682 ἔστω
1431 3629 1804 3705 ἀφωρισμένος.

316 3806 359 3870 ξ’
399 3810 461 3859 Εἰ
488 3827 564 3870 τις
597 3812 784 3882 πέμπει
811 3813 913 3862 τινὶ
945 3809 1204 3881 εὐλογίαν,
1255 3808 1283 3868 ἦ
1328 3804 1363 3861 δ
1368 3828 1544 3880 εχεται
1571 3829 1621 3861 τι
1652 3829 1794 3876 ποτε,
1826 3831 1925 3864 πα-

382 3901 558 3973 ρεκτός
583 3906 674 3952 τοῦ
707 3895 1155 3975 ἀρχιμανδρίτον,
1189 3901 1415 3972 γενέσθω
1447 3897 1780 3972 ἁπευλογίας.

577 4120 884 4169 ΕῘΠΤΙΜΙΛ
925 4119 1026 4168 ΕΙΣ
1065 4120 1190 4168 TA}:
1234 4120 1646 4170 ΚᾹΝΟΝΙΚΛΣ.

315 4220 358 4274 α’
395 4221 453 4275 Ἠ
501 4220 749 4295 ὀμόσασα
777 4225 864 4275 τόν
917 4226 1154 4294 τυχόντα
1192 4223 1343 4296 ὅρκον
1401 4221 1732 4298 ἀφοριζίσθω
1778 4220 1926 4278 ἕϐδο-

386 4308 501 4384 μάδ
505 4332 562 4374 ας
591 4308 708 4366 δύο.

318 4398 367 4473 β’
404 4401 462 4452 Ἠ
498 4398 788 4473 βλασφημὴ
799 4402 943 4452 σασά
965 4419 1082 4452 τινα
1105 4408 1205 4452 τῶν
1229 4398 1524 4473 πρεσϐυτίδ
1528 4423 1596 4452 ων
1619 4410 1719 4454 τῶν
1740 4423 1927 4456 πεπισ-

388 4492 642 4562 τευμένων
669 4486 703 4543 δ
710 4497 956 4542 ιατυποῦν
985 4491 1053 4542 τὰ
1081 4488 1132 4543 ἓν
1153 4496 1226 4560 τῷ
1258 4488 1566 4564 ἀσκητηριῳ
1597 4492 1926 4568 αγοριζέσθω

392 4575 667 4654 ἑϐδομάδα
692 4586 840 4655 μίαν.

317 4668 364 4744 γ’
401 4669 458 4723 Ἰἰ
490 4671 623 4722 κατὰ
652 4669 887 4732 ἀπούσης
919 4666 1149 4744 ἀδελφῆς
1177 4679 1346 4747 κρυφῆ
1381 4669 1610 4743 λέγουσά
1643 4692 1695 4724 τι
1747 4681 1925 4744 σκοπῷ

390 4767 483 4813 τοῦ
517 4755 814 4814 διαϐάλλειν
846 4762 1036 4827 αὐτῶν,
1077 4759 1408 4834 ἀφοριζέσθω
1456 4755 1732 4833 ἑϐδομάδα
1778 4766 1922 4834 μίαν.

321 4933 368 4990 δ’
405 4936 463 4991 Ἠ
494 4938 762 5012 ὑϐρίσασά
799 4959 918 4992 τινα
969 4938 1118 5014 ὕϐριν
1157 4943 1251 4999 τὴν
1290 4946 1564 5012 τυχοῦσαν
1596 4937 1925 5014 ἀφοριζέσθω

392 5024 669 5102 ἑϐδομάδα
688 5033 835 5102 μίαν.

319 5117 352 5173 ε’
388 5117 535 5179 "Hm;
566 5117 861 5194 εὑρίσκεται
890 5119 1005 5191 (48)
1043 5119 1406 5194 ψιθυρίζουσα
1447 5118 1576 5178 άλλη
1627 5117 1771 5181 ἕκτός
1823 5127 1922 5171 τῶν

387 5203 754 5283 πρεσϐυτίδων
796 5215 896 5260 τῶν
953 5212 1369 5284 πεπιστευμένων
1415 5205 1694 5277 διακονεῖν,
1746 5207 1924 5284 ἀφορι-

390 5298 562 5360 ζίσθω
592 5293 868 5371 ἕϐδομάδα
894 5300 1039 5371 μίαν.

546 5480 689 5552 Beg.
721 5477 956 5552 primus
972 5475 1229 5552 Δεξσελθτιὶιν
1259 5475 1492 5551 ἀναπέσῃ
1525 5476 1595 5552 είς
1627 5480 1704 5552 τό,

397 5545 524 5628 (47),
546 5545 777 5632 Veteres
819 5547 1108 5632 duolibri
1137 5545 1616 5632 ὑπηρινιῑνλᾌιὶθ.
1646 5547 1922 5632 ejusdem

323 5618 560 5688 generis
579 5621 769 5679 multa
797 5623 1029 5693 omitto,
1053 5637 1188 5693 que
1215 5618 1265 5678 si
1293 5618 1690 5693 ascriberem,
1701 5619 1924 5678 frustra

321 5694 564 5762 tempus
589 5694 778 5752 terere
804 5692 954 5751 mihi
975 5691 1230 5753 viderer.

2108 3286 2275 3358 piam
2320 3291 2676 3359 permutans
2708 3293 2924 3360 preter
2952 3287 3329 3344 voluntatem
3371 3287 3550 3359 illius,
3590 3287 3698 3360 qui

2109 3374 2548 3433 valetudinario
2579 3377 2920 3450 preficitur,
2971 3382 3075 3434 aut
3121 3377 3376 3450 alicujus
3423 3393 3496 3433 ex
3543 3376 3697 3433 desi-

2109 3467 2308 3536 gnatis
2333 3465 2412 3522 ad
2443 3466 2862 3534 ministerium,
2895 3472 3095 3524 careat
3124 3466 3563 3524 benedictione.

2038 3557 2106 3610 59
2151 3554 2208 3610 Si
2236 3555 2373 3628 quis
2418 3555 2693 3612 inventus
2732 3557 2909 3612 fuerit
2955 3555 3227 3612 scribens
3260 3560 3362 3612 aut
3399 3555 3694 3629 recipiens

2107 3643 2359 3714 litteras,
2410 3651 2660 3718 excepto
2715 3645 3212 3711 archimandrita,
3257 3661 3294 3702 a
3337 3649 3694 3702 ceterorum

2113 3734 2468 3805 sejungatur
2497 3735 2800 3791 societate.

2039 3825 2106 3878 60
2149 3822 2202 3880 Si
2231 3822 2369 3896 quis
2401 3823 2579 3880 mittit
2625 3823 2804 3880 alicui
2835 3823 3290 3891 munusculum,
3341 3826 3444 3880 aut
3486 3823 3693 3897 recipit

2107 3912 2424 3984 quidpiam
2455 3912 2753 3976 alicunde,
2781 3918 2995 3987 preter
3015 3912 3573 3982 archimandritam,
3597 3929 3697 3971 ca-

2103 4006 2230 4059 reat
2258 4001 2704 4059 benedictione.

2358 4109 2737 4165 EPITIMIA
2785 4110 2877 4166 IN
2913 4109 3378 4167 CANONICAS

2039 4221 2062 4272 1
2108 4219 2251 4284 Quae
2275 4217 2498 4288 juravit
2524 4217 2784 4290 quodvis
2804 4217 3238 4289 jusjurandum
3268 4217 3693 4276 hebdomadas

2106 4305 2260 4362 duas
2291 4322 2326 4362 a
2351 4307 2581 4362 ceteris
2613 4312 2979 4376 segregetur.

2034 4399 2066 4451 2
2106 4397 2246 4462 Quae
2276 4395 2588 4452 maledixit
2631 4395 2809 4452 alicui
2837 4411 2912 4452 ex
2954 4396 3292 4453 senioribus
3333 4413 3471 4470 que
3507 4397 3692 4453 rebus

2106 4485 2458 4541 monasterii
2512 4485 2794 4555 regendis
2847 4489 3286 4557 praeponuntur
3341 4491 3692 4542 ceterarum

1958 4607 2000 4662 ο
2108 4575 2376 4647 privetur
2404 4573 2706 4630 consortio
2735 4573 3191 4630 hebdomadam
3222 4589 3431 4630 unam.

2036 4667 2065 4720 3
2112 4663 2169 4720 Si
2193 4679 2318 4737 qua
2349 4663 2664 4736 quidpiam
2696 4661 3040 4719 clanculam
3078 4662 3238 4718 dicat
3257 4662 3552 4718 adversus
3585 4661 3692 4718 ab-

2107 4758 2337 4809 sentem
2367 4769 2663 4822 sororem,
2694 4768 2766 4808 eo
2795 4751 3048 4808 consilio
3079 4755 3142 4808 ut
3172 4752 3224 4807 ei
3253 4751 3553 4817 detrahat,
3580 4767 3694 4807 ce-

2106 4846 2370 4899 terarum
2393 4842 2701 4898 consortio
2716 4841 2983 4914 privetur
3003 4841 3458 4896 hebdomadam
3479 4855 3689 4897 unam.

2033 4935 2067 4988 4
2107 4934 2250 4997 Que
2281 4931 2650 4988 antumelia
2679 4931 2896 5004 quavis
2925 4930 3196 5004 aliquam
3229 4929 3489 4988 aﬂ'ecerit
3518 4947 3556 4988 a
3584 4947 3694 4988 ce-

2105 5022 2244 5079 teris
2276 5028 2589 5094 separetur
2617 5020 3074 5078 hebdomadam
3105 5037 3316 5078 unam.

2034 5117 2064 5167 5
2108 5112 2278 5184 531
2327 5111 2384 5168 Si
2424 5127 2548 5184 qua
2593 5110 2711 5167 alia
2758 5116 2976 5183 preter
3017 5127 3174 5166 anus
3199 5110 3424 5185 quibus
3464 5111 3695 5171 credita

2104 5202 2550 5259 administratio
2578 5206 2668 5258 est
2697 5201 3066 5274 comperitur
3094 5217 3426 5269 susurrare,
3460 5217 3498 5260 a
3525 5206 3695 5259 cete-

2102 5308 2308 5350 rarum
2323 5292 2606 5349 societate
2618 5291 3468 5358 removeaturhebdomadam
3482 5307 3689 5349 unam.

2100 5475 2192 5599 (148
2232 5474 2352 5556 ῌοο
2381 5471 2717 5554 epitimium
2744 5486 2885 5553 cum
2917 5470 3192 5543 sequenti
3215 5469 3604 5526 confunditur
3628 5469 3693 5552 in

2100 5562 2106 5598 ι
2135 5551 2288 5599 παυς
2313 5561 2325 5598 :
2362 5544 2468 5599 sed
2499 5559 2558 5599 ιη
2587 5544 2732 5599 Reg.
2775 5557 2972 5599 primo
3000 5541 3253 5599 alterum
3281 5541 3358 5598 ab
3383 5540 3572 5598 altero
3597 5541 3689 5598 dl-

2032 5540 2288 5614 vulgatis
2313 5561 2325 5598 :
2362 5540 2468 5600 sed
2499 5543 2558 5600 in
2587 5544 2732 5614 Reg.
2775 5543 2972 5616 primo
3000 5540 3253 5599 alterum
3281 5541 3358 5598 ab
3383 5540 3572 5598 altero
3597 5541 3689 5598 di-

2033 5615 2378 5689 stinguitur.
