4120 6388
461 323 594 376 1315
1842 322 1897 376 S.
1942 320 2088 376 BASI

2225 319 2466 374 MAGNI.
2679 341 2688 346 ·
3697 326 3831 378 1316

457 446 486 498 6
528 445 694 514 Quae,
727 444 894 501 nulla
924 454 1172 515 cogente
1204 445 1578 512 necessitate,
1615 444 2084 517 intempestivun

2226 441 2270 506 ς’
2310 441 2460 503 ἸΙτις
2492 448 2661 518 χωρὶς
2682 442 2970 515 ἀναγκαίας
2997 448 3185 517 χρείας
3227 445 3444 519 ἄκαιρον
3479 444 3684 518 ὁμιλίαν
3708 466 3831 521 προο

522 533 896 606 colloquium
930 551 1134 589 serens
1165 533 1410 589 {utiliter
1439 535 1644 606 garrit,
1691 535 2046 606 sejungatur
2078 549 2113 587 a

2295 531 2576 605 ϐαλλομένη
2610 531 2900 607 ἀργολογεῐ,
2949 532 3277 606 ἀφοριζέσθω
3308 531 3582 608 ἑϐδομάδα
3610 539 3753 608 μίαν.

526 623 756 678 caeteris
786 623 1244 680 hebdomadam
1269 640 1479 679 unam.

447 715 479 766 7
525 713 666 778 Quae
700 711 944 768 facetias
968 712 1251 785 loquitur,
1276 712 1683 769 autindecore
1707 711 1880 780 ridet,
1913 726 2074 782 segre

2220 709 2266 770 ξ’
2299 709 2448 773 Ἠτις
2489 708 2777 784 εὐτράπελοι
2800 712 3093 784 φθέγγεται,
3137 712 3165 771 ἦ
3208 711 3406 784 γέλωτα
3449 709 3676 788 ἀπρεπῆ,
3707 713 3828 788 ἀφο-

521 806 697 872 gator
729 800 1187 857 hebdomadam
1217 818 1426 858 unam.

1366 819 1426 858 ῃ,
2287 800 2518 875 ριζέσθω
2545 797 2821 873 ἑϐδομάδα
2848 804 2993 873 μίαν.

448 892 479 944 8
521 891 661 955 Quae
693 889 1006 945 ministerii
1049 891 1137 945 sui
1171 907 1324 964 opus
1356 907 1653 964 peragens
1682 898 1740 950 et
1769 893 2075 949 necessari

2217 888 2261 946 η’
2301 887 2454 952 Ἦτις
2485 888 2532 940 ἐν
2562 898 2634 960 τῷ
2675 892 2807 966 ἔργῳ
2846 897 2942 952 τῆς
2985 886 3253 951 διακονίας
3309 890 3464 958 οὖσα,
3517 896 3607 944 καὶ
3663 891 3824 964 ἀναγ-

515 979 760 1047 negotio
813 983 1144 1052 occupata,
1208 995 1347 1036 cum
1401 983 1677 1054 proxima
1735 982 2108 1056 colloquetur

2286 983 2436 1030 καίαν
2467 983 2656 1054 χρείαν
2688 983 2908 1052 ἔχουσα³
2945 978 3189 1052 ὁμιλήσει
3236 988 3298 1053 τῇ
3351 979 3573 1038 πλησίον
3614 981 3644 1041 ἢ
3694 986 3825 1054 μετὰ

517 1067 742 1123 utendo
776 1073 880 1124 aut
910 1069 1191 1136 clamore,
1228 1075 1331 1125 aut
1361 1073 1678 1127 temerario
1712 1089 2107 1136 sermone,se-

2283 1076 2521 1144 κραυγῆς
2550 1070 2578 1128 ᾖ
2614 1069 2960 1146 θρασυλογίας
2988 1070 3126 1141 (49),
3172 1067 3500 1146 ἀφοριζέσοω
3549 1066 3824 1145 ἑϐδομάδα

514 1156 808 1228 jungatur
839 1173 874 1212 a
905 1160 1134 1214 caeteris
1166 1159 1622 1217 hebdomadam
1657 1177 1864 1218 unam.
2283 1163 2427 1230 μίαν.

443 1248 474 1300 9
516 1247 658 1310 Quaa
687 1247 952 1303 defendit
982 1264 1114 1303 eam
1148 1265 1286 1322 quae
1320 1250 1724 1307 condemnata
1751 1257 1842 1307 est
1871 1252 1950 1308 ob
1997 1252 2070 1309 ali

2215 1246 2255 1298 θ’
2292 1246 2438 1308 Ἠτις
2465 1246 2741 1320 ἀντέχεται
2765 1257 2856 1308 τῆς
2900 1247 3507 1321 ἐπικαταγινωσκομένης
3547 1245 3631 1301 ἐπὶ
3672 1255 3823 1302 πταί-

514 1335 679 1407 quod
709 1340 996 1402 erratum,
1025 1337 1102 1393 ab
1136 1339 1207 1392 iis
1238 1339 1462 1410 quibus
1504 1347 1644 1411 post
1673 1343 1967 1413 praevium
2001 1360 2101 1399 ex-

2285 1357 2448 1411 σματι
2479 1341 2619 1412 παρὰ
2646 1339 2758 1409 (50)
2789 1345 2889 1390 τῶν
2919 1341 3052 1411 μετά
3083 1334 3406 1411 δοκιμασίας
3428 1338 3712 1412 οἰκονομεῖν
3733 1343 3821 1392 καὶ

514 1438 690 1479 amen
743 1425 1186 1482 administratio
1215 1433 1272 1483 et
1313 1444 1458 1484 cura
1501 1446 1700 1485 rerum
1733 1431 2104 1490 demandata

2285 1424 2575 1480 διατυποῦν
2615 1430 3052 1500 πεπιστευμένων,
3103 1427 3530 1504 συναφοριζέσθω
3581 1425 3744 1502 ἐκείνη

509 1516 624 1582 est,
662 1514 841 1569 simul
873 1531 1010 1570 cum
1042 1532 1112 1572 ea
1145 1533 1333 1589 quam
1366 1517 1634 1574 defendit
1665 1537 1699 1576 a
1731 1521 2098 1596 reliquarum

1411 1517 1634 1574 efendit
1665 1537 1699 1576 a
1731 1521 2098 1596 reliquarum
2284 1515 2560 1589 ἀντέχεται
2583 1512 2882 1590 ἑϐδομάδας
2912 1510 3031 1572 δύο.

510 1603 814 1658 consortio
847 1611 1194 1674 segregetur
1225 1606 1645 1664 hebdomadas
1677 1610 1856 1666 duas.

439 1691 506 1746 10
547 1693 690 1757 Quae
724 1707 862 1749 cum
895 1694 1099 1766 aliquo
1133 1712 1203 1750 ex
1242 1695 1312 1750 iis
1341 1697 1446 1768 qui
1478 1697 1622 1753 foris
1649 1701 1941 1756 accedunt
1974 1702 2062 1757 col

2212 1695 2239 1748 ι’
2276 1696 2424 1758 Ἠτις
2451 1699 2554 1748 τινὶ
2584 1703 2684 1748 τῶν
2715 1686 2894 1758 ἔξωθεν
2935 1691 3374 1766 ἓπεισερχομενων
3406 1693 3670 1767 ομιλήσει,
3694 1701 3815 1771 πρὶν

508 1781 708 1837 locuta
737 1782 931 1852 fuerit,
964 1785 1321 1856 priusquam
1353 1788 1526 1842 fuerit
1571 1789 1622 1843 ei
1667 1789 1809 1846 data
1839 1789 2095 1848 facultas
2130 1804 2135 1855 J

2280 1785 2537 1861 ἐπιτραπῇ
2591 1788 2735 1859 παρὰ
2785 1794 2882 1846 τῆς
2923 1788 3013 1842 την
3087 1779 3335 1857 φροντίδα
3400 1783 3814 1858 ἐμπεπιστευμέ-

509 1870 587 1925 ab
622 1885 694 1926 ca
726 1873 820 1926 cui
872 1873 1217 1930 concredita
1249 1891 1392 1930 cura
1424 1882 1512 1932 est
1539 1878 1600 1932 in
1644 1879 1807 1934 omni
1839 1879 2098 1954 discipli-

2275 1896 2363 1936 νης
2394 1874 2441 1926 ἐν
2471 1877 2617 1948 πάσῃ
2651 1873 2864 1947 ἐξουσίᾳ
2893 1873 3148 1943 εὐταξίας,
3182 1871 3509 1948 ἀφοριζέσθω
3541 1871 3815 1950 ἑϐδομάδα

506 1975 599 2015 me
647 1962 1020 2029 auctoritate,
1057 1971 1402 2035 segregetur
1434 1981 1469 2021 a
1501 1969 1727 2023 caeteris
1765 1969 2096 2026 hebdoma-
2275 1969 2424 2037 μίαν.

506 2049 650 2104 dam
679 2065 892 2105 unam.

440 2142 495 2193 11
543 2139 684 2204 Quae
727 2145 961 2212 reperta
1009 2141 1186 2198 fuerit
1226 2161 1610 2201 murmurans
1650 2147 1728 2203 ob
1760 2164 1960 2205 rerum
1992 2166 2067 2208 ne

2205 2143 2269 2196 ια’
2305 2143 2449 2205 Ἦτις
2481 2147 2775 2218 ευρίσκοιτο
2799 2143 3144 2215 γογγύζουσα
3186 2140 3235 2192 ἐν
3265 2149 3327 2216 τῇ
3360 2146 3682 2217 στενοχωρία
3709 2151 3804 2195 τῶν

504 2227 903 2285 cessariarum
926 2232 1260 2301 angustias,
1285 2241 1388 2289 aut
1414 2235 1493 2291 ob
1518 2236 1789 2295 laborem
1815 2255 2089 2312 operum,

2272 2237 2401 2310 πρὸς
2425 2237 2516 2292 τὴν
2547 2238 2755 2308 χρείαν,
2791 2233 2819 2290 ἦ
2855 2231 2902 2284 ἐν
2943 2241 3013 2304 τῷ
3039 2233 3257 2304 καμάτῳ
3285 2241 3386 2284 τῶν
3417 2233 3592 2305 ἔργων,
3617 2231 3801 2307 ἀφορί-

483 2321 853 2392 οεθιετᾶιυιιω
921 2319 1224 2377 consortio
1297 2322 1564 2396 privetur
1638 2325 2092 2385 hebdomadam

1297 2322 1564 2396 privetur
1638 2325 2092 2385 hebdomadam
2275 2325 2441 2387 ζέσθω
2463 2319 2739 2398 ἑϐδομάδα
2760 2326 2903 2395 μίαν.

505 2419 715 2460 unam.

434 2496 497 2548 12
546 2495 688 2559 Quae
718 2494 1055 2567 refragatur
1076 2505 1377 2574 praecepto
1403 2517 1612 2559 earum
1645 2503 1867 2575 quibus
1887 2520 2061 2563 rerun

2202 2502 2273 2579 ιβ’
2309 2502 2368 2556 Ἠ
2401 2501 2788 2555 ἀντιπίπτουσα
2816 2509 2888 2572 τῷ
2912 2503 3286 2574 προστάγματι
3313 2507 3414 2552 τῶν
3461 2502 3804 2574 πεπιστευμέ-

502 2584 831 2640 commissa
879 2591 969 2642 est
1013 2602 1183 2656 cura,
1232 2597 1581 2662 segregetur
1628 2609 1664 2649 a
1703 2596 1932 2650 caeteris
1983 2612 2092 2669 per

1983 2612 2092 2669 per
2269 2614 2364 2644 νων
2395 2597 2489 2652 τὴν
2521 2587 2776 2666 φροντίδα
2805 2589 3135 2666 ἀφοριζεσθω
3166 2585 3440 2662 ἑϐδομάδα
3463 2593 3607 2662 μίαν.

500 2686 686 2728 unam
714 2672 1192 2734 hebdomadam.

431 2763 494 2815 13
537 2761 682 2825 Quae
713 2765 1130 2836 contemptim,
1153 2781 1273 2822 non
1299 2771 1501 2823 autem
1523 2769 1722 2841 quiete
1743 2775 1799 2826 et
1830 2771 2058 2829 silentio

2199 2772 2262 2844 ιγ’
2301 2771 2358 2824 Ἠ
2391 2778 2872 2845 καταφρονητικῶς,
2905 2769 3034 2842 μετὰ
3074 2763 3230 2826 δῆθεν
3274 2767 3516 2836 ἡσυχίας
3559 2769 3629 2837 μὴ
3671 2764 3801 2823 πλη-

498 2849 710 2921 implet
741 2861 1133 2925 praeceptum,
1167 2863 1519 2914 czeterarum
1569 2861 1870 2917 consortio
1900 2863 2088 2934 prive-

2264 2868 2436 2938 ροῡσα
2611 2862 2668 2910 τὸ
2697 2857 2962 2930 ἐπίταγμα
2993 2854 3318 2929 ἀφοριζέσθω
3347 2849 3623 2926 ἑϐδομάδα
3652 2858 3800 2926 μίαν.

499 2942 593 2993 tur
624 2939 1080 2999 hebdomadam
1112 2961 1321 3001 unam.

430 3029 495 3081 14
537 3028 677 3093 Quae
709 3031 998 3102 exquisite
1021 3049 1237 3090 ornare
1270 3053 1332 3091 se
1365 3037 1519 3106 velit,
1563 3038 1747 3096 semel
1774 3045 1955 3114 atque
1976 3041 2052 3098 ite

2195 3036 2266 3092 ιδ’
2305 3038 2363 3091 Ἠ
2394 3038 2614 3091 θέλουσα
2641 3037 3085 3103 καλλωπίζεσθαι,
3119 3036 3249 3108 μετὰ
3277 3035 3401 3106 μίαν
3431 3036 3521 3086 καὶ
3554 3028 3799 3106 δευτέραν

495 3133 630 3173 rum
645 3135 776 3174 com
787 3122 1356 3191 monefacta,coram
1373 3127 1652 3199 praefecto
1666 3131 2076 3201 redarguetur.
2113 3165 2122 3211 ε

1866 3135 2076 3201 ζυξιῖυΐ.
2113 3160 2152 3215 C
2261 3131 2554 3195 νουθεσίαν,
2589 3126 2672 3179 ἐπὶ
2698 3135 2791 3179 τοῦ
2830 3133 3151 3202 προεστῶτος
3177 3123 3493 3194 ἕλεγχέσθω.

426 3207 487 3260 15
529 3208 670 3272 Quae
692 3208 839 3265 citra
865 3212 1222 3269 sententiam
1245 3215 1483 3271 illarum
1507 3218 1730 3289 quibus
1751 3221 2053 3275 commiss:

2192 3218 2245 3272 ιε’
2282 3218 2340 3271 Ἠ
2367 3219 2485 3271 ἄνευ
2515 3223 2728 3290 γνώμης
2754 3225 2854 3268 τῶν
2883 3218 3299 3288 πεπιστευμένων
3321 3216 3414 3271 τὴν
3447 3206 3701 3287 φροντίδα
3730 3208 3801 3270 εἰς

491 3300 580 3351 est
606 3311 810 3352 rerum
841 3315 986 3356 cura
1012 3302 1091 3356 ad
1121 3307 1374 3358 matrem
1399 3311 1504 3360 aut
1533 3321 1802 3362 sororem
1846 3307 2076 3376 abierit,

2260 3313 2462 3382 μητέρα
2493 3308 2521 3366 ἦ
2570 3307 2640 3369 εἰς
2672 3303 2893 3379 ἀδελφὴν
2927 3305 3245 3368 ἀπελθοῦσα,
3291 3301 3620 3378 ἀφοριςέσθω
3651 3297 3795 3353 ἑϐδο-

493 3393 842 3456 segregetur
871 3389 1326 3448 hebdomadam
1351 3409 1556 3450 unam.

952 3389 1326 3448 bdomadam
1351 3409 1556 3450 unam.
2259 3395 2408 3470 μάδα
2439 3402 2579 3469 μίαν.

424 3476 486 3528 16
527 3475 668 3538 Qum
693 3491 944 3532 movens
974 3478 1184 3534 oculos
1215 3481 1400 3536 modo
1433 3482 1594 3538 malo
1624 3485 1965 3555 proximam
1998 3487 2051 3542 at

2193 3487 2259 3551 ις’
2299 3488 2355 3539 Ἠ
2418 3485 2702 3539 ἐννεύσασα
2755 3483 3048 3558 ὀφθαλμοὺς
3111 3483 3223 3555 (52)
3285 3485 3531 3554 σχήματι
3587 3487 3792 3554 πονηρῷ

489 3562 692 3620 fecerit
722 3565 1020 3638 molestia,
1053 3585 1088 3624 a
1131 3572 1357 3626 caeteris
1391 3579 1703 3644 separetur
1741 3575 2077 3632 hebdoma-

2257 3576 2499 3629 λυποῦσα
2528 3584 2590 3649 τῇ
2624 3575 2868 3641 πλησίον,
2917 3573 3248 3648 ἀφοριζέσθω
3273 3566 3550 3642 ἑϐδομάδα
3580 3574 3719 3644 μίαν.

489 3651 634 3709 dam
662 3671 872 3714 unam.

420 3747 480 3797 t7
523 3744 665 3809 Quae
681 3752 818 3817 post
835 3746 1145 3804 absolutas
1159 3766 1424 3821 synaxes
1443 3767 1582 3808 cum
1602 3753 1809 3826 aliqua
1830 3760 2047 3810 externa

2187 3756 2251 3817 ιζ’
2289 3755 2346 3808 Ἠ
2392 3757 2523 3828 μετά
2550 3759 2638 3812 τὴν
2691 3751 2943 3806 ἀπόλυσιν
2988 3760 3087 3803 τῶν
3117 3749 3372 3812 συνάξεων
3403 3747 3660 3822 ὁμιλοῡσά
3688 3765 3789 3797 τινι

484 3833 733 3890 muliere
791 3837 1236 3910 confabulatur,
1295 3847 1603 3913 separetur
1652 3844 2074 3901 hebdomadas

1980 3845 2074 3901 ias
2255 3855 2353 3898 τῶν
2383 3847 2478 3910 ἔξω
2508 3842 3128 3917 γυναικῶνάφοριζέσθω
3156 3835 3461 3912 ἑϐδομάδας
3491 3834 3607 3892 δύο.

484 3922 666 3980 duas.

417 4014 479 4066 18
522 4013 667 4077 Quae
713 4015 791 4069 ab
819 4032 942 4072 uno
973 4033 1155 4089 opere
1189 4019 1268 4074 ad
1300 4018 1464 4074 aliud
1495 4035 1650 4092 opus
1689 4021 1902 4078 transit
1943 4022 2044 4079 sint

2185 4023 2248 4083 ιη’
2287 4023 2346 4076 Ἠ
2379 4023 2465 4075 ἀπ’
2497 4026 2651 4096 ἔργου
2683 4022 2753 4083 εἰς
2802 4022 2970 4096 ἕτερον
3013 4023 3160 4092 ἔργον
3199 4017 3589 4091 μεταϐαίνουσα
3617 4019 3790 4090 χωρὶς

477 4101 656 4170 jussu
671 4119 883 4162 eorum
901 4106 1005 4178 qui
1025 4123 1226 4162 rerum
1249 4123 1455 4164 curam
1475 4109 1700 4166 habent
1715 4127 1750 4166 a
1770 4118 2073 4169 creterera-

2252 4113 2499 4185 ἐπιταγῆς
2528 4121 2626 4166 τῶν
2657 4110 2884 4183 ἆχόντων
2908 4112 3022 4178 (53)
3056 4113 3147 4169 τὴν
3177 4104 3431 4184 φροντίδα
3459 4104 3789 4179 ἀφοριξέσθω

479 4207 616 4247 rum
640 4195 945 4252 consortio
965 4203 1350 4254 removeatur
1370 4198 1825 4257 hebdomadam
1859 4219 2069 4264 unam.

1081 4203 1350 4254 ioveatur
1370 4198 1825 4257 hebdomadam
1859 4219 2069 4264 unam.
2251 4199 2526 4277 ἑϐδομάδα
2555 4207 2708 4276 μίαν.

415 4283 476 4336 19
520 4282 662 4346 Quae
693 4284 1023 4354 epitimium
1053 4286 1343 4357 rejecerit,
1375 4293 1480 4344 aut
1524 4305 1660 4361 quae
1689 4292 2042 4349 contradicit

2182 4293 2247 4346 ιθ’
2286 4294 2436 4354 Ἠτις
2477 4297 2534 4344 τὸ
2566 4291 2825 4364 ἐπιτίμιον
2871 4288 3205 4342 ἀποϐάλλοιεν
3235 4287 3388 4356 (sic),
3435 4285 3464 4344 ἦ
3517 4283 3785 4355 ἀντιλέγει,

480 4376 584 4427 aut
607 4382 965 4445 murmurat,
983 4375 1296 4433 utilitatem
1329 4378 1440 4434 sibi
1461 4378 1577 4451 ipsi
1599 4396 1671 4436 ex
1701 4383 2070 4440 correctione

2251 4385 2279 4442 ἦ
2309 4383 2580 4456 γογγύζει,
2608 4387 2679 4455 μὴ
2725 4383 3062 4456 γνωρίζουσα
3088 4381 3146 4431 τὸ
3179 4376 3365 4436 ἑαυτῆς
3409 4373 3582 4449 ὄφελος
3627 4372 3675 4426 ἐν
3722 4381 3783 4432 τῆ

481 4476 859 4520 accessuram
893 4482 1011 4522 non
1053 4481 1418 4537 agnoscens,
1451 4485 1488 4525 a
1515 4472 1745 4526 caeteris
1793 4488 2068 4544 segrege-

2251 4470 2555 4549 διορθώσει,
2590 4471 2918 4545 ἀφοριζέσθω
2948 4463 3246 4542 ἑϐδομάδας
3279 4462 3397 4521 δύο.

477 4556 571 4606 tur
600 4552 1026 4613 hebdomadas
1067 4556 1102 4610 d
1115 4573 1243 4612 uas.

2104 4519 2146 4571 D

407 4644 3787 4682 W

698 4729 996 4785 CAPITA
1034 4731 1762 4788 CONSTITUTIONUM.

1733 4733 1762 4787 Γ.
2580 4733 2920 4784 ΚΕΦΑΛΑΙΑ
2962 4729 3360 4781 ΔΙΑΤΑΞΕΩΝ.

410 4820 429 4870 1
475 4817 650 4882 Quod
688 4819 950 4889 precatio
981 4821 1266 4877 omnibus
1297 4823 1726 4894 anteponenda
1757 4827 1863 4879 est.

2169 4823 2212 4876 α’
2255 4827 2380 4895 Περὶ
2410 4829 2500 4874 τοῦ
2533 4817 2641 4872 δεῖν
2671 4824 2764 4878 τὴν
2797 4818 2962 4890 εὐχὴν
2994 4818 3292 4892 προτιθέναι
3321 4815 3544 4868 πάντων.

400 4910 433 4960 2
473 4909 552 4962 De
578 4908 1047 4977 cogitationibus
1081 4909 1437 4966 cohibendis
1467 4927 1538 4966 ac
1567 4913 1980 4984 moderandis,
2005 4930 2027 4967 ε

2170 4911 2220 4986 β’
2261 4916 2386 4985 Περὶ
2415 4919 2506 4970 τῆς
2531 4917 2630 4960 τῶν
2657 4907 2922 4981 λογισμῶν
2946 4905 3286 4976 ἐπιστάσεως,
3314 4908 3404 4955 καὶ
3431 4904 3512 4955 ὅτι
3532 4903 3592 4954 οὐ
3621 4905 3780 4955 κακὸν

470 4997 638 5068 quod
665 5013 885 5070 corpus
905 4999 1137 5056 malum
1168 5015 1292 5056 non
1321 5005 1429 5068 est,
1456 5000 1792 5074 utquidam
1812 5007 2060 5075 putave-

1542 5000 1792 5074 quidam
1812 5007 2060 5075 putave-
2240 5005 2297 5053 τὸ
2333 5009 2503 5072 σῶμα,
2538 5001 2602 5059 ὡς
2640 5017 2773 5058 τινες
2803 4995 3169 5067 ὑπειλήφασιν.

470 5090 632 5144 runt.

398 5179 428 5231 3
473 5179 647 5250 532
684 5177 855 5243 Quod
887 5193 1011 5234 non
1041 5183 1274 5250 oportet
1304 5195 1444 5234 cum
1476 5179 1831 5235 mulieribus
1853 5179 2025 5236 incau

2164 5179 2210 5251 γ’
2248 5179 2369 5232 Ὅτι
2408 5179 2466 5230 οὐ
2495 5174 2578 5232 δεῖ
2605 5180 2699 5239 τὰς
2730 5183 2829 5228 τῶν
2858 5183 3118 5248 γυναικῶν
3152 5176 3447 5246 συντυχίας
3475 5170 3770 5245 ἀφυλάκτως

469 5277 526 5326 te
555 5270 838 5342 colloqui.

2238 5271 2521 5322 ποιεῖσθαι.

466 5450 582 5519 (49)
614 5449 762 5521 Εόὶῐὶ
789 5454 846 5504 et
873 5448 1039 5504 Colb.
1088 5449 1116 5507 ἧ
1155 5448 1522 5521 θρασυλολίας.
1569 5451 1710 5519 Reg.
1757 5449 1988 5521 primus
2020 5452 2048 5509 ἦ

1642 5464 1710 5519 :g.
1757 5449 1988 5521 primus
2020 5452 2048 5509 ἡ
2233 5449 2344 5518 (51)
2387 5446 2589 5521 codex
2621 5445 2785 5521 Colb.
2813 5449 2891 5521 μὴ
2921 5444 3269 5521 dagger-eoa.

397 5510 594 5598 θρασυς
623 5520 820 5598 λαλεῖ.-
889 5593 898 5598 ⁸
1050 5589 1062 5598 _
1364 5592 1374 5598 _
1469 5510 1492 5598 Δγ
1643 5510 1686 5598 7v

2233 5510 2350 5588 (52)
2391 5518 2555 5598 Idem
2588 5510 3231 5598 Iris..riq)€alpoi3§'..Editi
3259 5510 3773 5598 ὀφθαλμοῦηυιὶξωρ.

464 5591 574 5664 (50)
625 5591 862 5664 Virgula
886 5593 944 5646 in
969 5589 1440 5664 vulgatisposita
1462 5590 1656 5647 fuerat
1678 5597 1815 5648 ante
1838 5608 2050 5664 vocem
2162 5587 2390 5664 septem
2422 5587 2946 5664 epitimiainllteg.
2978 5587 3173 5664 primo
3205 5602 3327 5640 non
3359 5587 3769 5664 inyeniuntur.

391 5657 564 5735 παράί
587 5661 692 5716 sed
730 5657 868 5717 eam
900 5664 1038 5718 inde
1068 5657 1300 5732 sustuli,
1330 5663 1513 5719 ﬁdem
1548 5663 1772 5719 codicis
1805 5663 2017 5720 Colber

2167 5732 2177 5735 _
2229 5657 2348 5726 Z53)
2388 5657 2536 5735 Editi
2565 5666 2628 5735 et_
2670 5659 2838 5716 Colb.
2891 5657 2997 5735 τῶν
3036 5658 3283 5730 ἕχόντων·
3339 5657 3444 5711 sed
3477 5657 3630 5711 forte
3661 5668 3773 5726 pro

392 5729 500 5790 tini
531 5738 791 5788 secutus.
1284 5729 1291 5732 ⁷

2159 5732 2385 5805 ἆχὸντων
2414 5731 2742 5804 legendum
2771 5736 2861 5788 est
2898 5729 3157 5802 ἐχουσῶν.
