4120 6374
183 2051 199 2063 ,
294 1998 353 2073 ιβ
388 1999 509 2052 Ὀτι
538 1999 597 2053 οὐ
626 2003 738 2074 χρὴ
761 2001 889 2074 πρὸς
910 1997 1247 2075 εὐτραπελίας
1267 1996 1474 2071 βλέπειν
1503 2000 1590 2049 τὸν
1621 1994 1886 2053 dum-1'29.
1940 2060 1947 2065 _

296 362 430 417 {3n
1005 343 1027 360 ’
1519 346 1767 405 CAPITA
1813 343 2442 410 CONSTITUTIONUM.
3520 359 3657 415 1318

294 482 339 539 δ’
368 484 490 537 Ὀτι
519 480 682 555 δεῖτῇ
717 476 938 552 δυνάμει
963 484 1056 531 τοῦ
1089 481 1325 550 σώματος
1352 480 1554 549 μετρεῖν
1584 476 1679 531 τὴν
1709 468 1894 544 ἐγκρά-

2020 472 2036 525 ι
2073 472 2245 537 Quod
2262 479 2499 547 oportet
2516 476 2942 535 abstinentiam
2956 481 3258 552 corporeis
3277 480 3508 538 viribus
3536 494 3658 538 me-

363 593 503 627 τειαν
531 593 543 606 ·
582 575 672 623 καὶ
702 571 781 623 ὅτι
805 567 961 621 καλὸν
988 572 1077 620 καὶ
1108 568 1312 640 ἔννομον
1343 567 1372 624 ἠ
1406 563 1499 617 τοῦ
1541 568 1783 635 σώματος
1817 558 1893 635 ἆρ-

2074 562 2167 618 tiri
2202 572 2301 631 ;et
2348 565 2517 638 quod
2567 568 2837 639 corporis
2889 567 3083 638 labor,
3135 570 3304 626 bona
3343 585 3440 626 res
3474 576 3566 628 est
3596 574 3657 627 et

364 666 554 736 γασία.

2073 651 2359 723 legitima.
3504 728 3513 739 ⁸

294 752 327 806 ε’
356 751 475 806 Ὀτι
499 754 757 827 προσήκει
785 751 872 801 τόν
904 746 1141 805 ἀπητήν
1172 745 1297 820 ἔργα
1327 739 1650 802 ἐπιτηδεύειν
1680 743 1746 794 τὰ
1774 743 1895 817 πρέ-

2020 746 2035 795 i
2075 743 2247 808 Quod
2299 744 2581 801 convenit
2625 748 2893 801 ascetam
2939 744 3001 802 in
3045 746 3330 817 congruis
3361 747 3651 820 operibus

365 860 530 894 ποντα
543 886 553 898 ,
974 848 979 853 ’

2075 832 2407 889 exercitart.

2006 924 2036 976 6
2077 920 2249 987 Quod
2269 938 2392 978 non
2408 922 2689 979 convenit
2709 928 2973 980 ascetam
3001 939 3140 979 cum
3165 925 3448 980 omnibus
3466 926 3661 982 homi-

2074 1010 2256 1067 nibus
2286 1012 2525 1069 incaute
2555 1013 2969 1069 sermocinari.

2005 1100 2036 1149 7
2078 1096 2251 1162 Quod
2279 1112 2404 1153 non
2429 1102 2665 1183 oportet
2700 1098 2912 1154 crebro
2943 1103 2999 1155 et
3028 1102 3251 1155 temere
3282 1097 3512 1168 egredi.

298 930 344 996 ς’
367 930 487 984 Ὀτι
533 929 592 982 οὐ
622 933 731 1003 χρὴ
782 934 942 981 πᾶσιν
993 924 1280 1001 ἀνθρώποις
1322 921 1630 996 ἀφυλάκτως
1667 916 1802 974 συνδ
1807 940 1893 972 ια-

367 1020 560 1095 τρίϐειν
583 1022 668 1072 τόν
709 1017 966 1075 ἀπητήν.

297 1108 342 1172 ζ’
368 1108 489 1163 Ὅτι
518 1109 577 1162 οὐ
602 1113 713 1184 χρὴ
758 1109 958 1180 συχνὰς
995 1110 1086 1158 καὶ
1111 1103 1495 1163 ἀϐασανίστους
1518 1101 1894 1161 ποιεῖσθαιτάς

367 1192 648 1274 προόδους,

297 1284 344 1347 η’
369 1286 489 1340 Ὀτι
519 1286 577 1341 οὗ
603 1290 714 1364 χρὴ
759 1289 869 1346 τοῖς
899 1280 1190 1338 ἀστατοῦσι
1236 1290 1336 1334 τῶν
1382 1279 1624 1340 ἀσκητῶν
1673 1274 1895 1353 μεταδι-

366 1374 518 1431 δόναι
550 1379 778 1451 θάρσους
802 1378 886 1427 καὶ
917 1372 1241 1449 παρρησίας,
1271 1369 1401 1424 ἀλλὰ
1427 1376 1520 1424 καὶ
1549 1372 1768 1432 τούτους
1797 1389 1895 1442 φυ-

364 1466 664 1520 λάττεσθαι.

297 1553 338 1608 θ’
360 1554 480 1608 Ὀτι
505 1554 698 1624 κλήρου
743 1555 773 1614 ἦ
814 1556 1146 1627 προστασίας
1185 1548 1416 1624 ἀδελφῶν
1460 1545 1706 1622 οὐδαμῶς
1760 1547 1894 1621 ἐφίε-

368 1646 493 1697 σθαι
521 1649 777 1719 προσήκει
805 1646 894 1695 τὸν
934 1640 1194 1699 ἀσκητὴν.

297 1732 326 1786 ι’
348 1738 468 1786 Ὀτι
506 1732 563 1787 οὐ
611 1737 721 1808 χρὴ
766 1730 893 1808 πρὸς
948 1726 1246 1795 κενοδοξίαν
1287 1728 1546 1803 βλέποντα
1594 1725 1783 1791 ζηλοῦν
1829 1728 1896 1779 τὰ

364 1820 517 1876 καλοὶ.
936 1865 941 1871 .
1927 1828 1970 1882 Β

294 1910 359 1964 ια’
398 1915 523 1987 Περὶ
550 1911 821 1984 εὐκαιρίας
849 1909 1040 1981 λόγων.

2007 1278 2038 1331 8
2077 1276 2119 1342 Q
2131 1274 2251 1332 uod
2267 1273 2481 1334 ascetis
2497 1274 2880 1334 instabilibus
2898 1276 3264 1337 conﬁdentia
3280 1293 3350 1334 ac
3364 1275 3658 1351 loquendi

2076 1363 2322 1421 libertas
2364 1364 2571 1422 danda
2616 1381 2743 1422 non
2790 1370 2898 1429 est,
2946 1367 3072 1422 imo
3124 1380 3267 1422 vero
3296 1366 3461 1439 quod
3483 1366 3548 1423 hi
3575 1366 3661 1423 vi-

2077 1454 2245 1509 tandi
2275 1458 2432 1510 sunt.

2006 1546 2039 1598 9
2077 1542 2247 1608 Quod
2277 1558 2399 1598 non
2431 1543 2711 1598 convenit
2734 1548 2798 1599 ut
2817 1547 3019 1600 asceta
3046 1543 3279 1614 ingredi
3309 1545 3370 1598 in
3402 1542 3654 1612 clerum,

2078 1637 2183 1688 aut
2207 1632 2492 1689 fratribus
2524 1632 2751 1707 praeﬁci
2781 1647 3056 1705 unquam
3086 1633 3310 1705 cupiat.

2011 1725 2076 1777 to
2114 1721 2288 1787 Quod
2317 1736 2440 1778 non
2470 1722 2751 1779 convenit
2798 1721 2961 1778 bona
3007 1720 3280 1779 temulari
3319 1716 3399 1779 ob
3427 1735 3655 1779 vanam

2080 1809 2359 1880 gloriam.

2010 1906 2068 1956 tt
2116 1904 2195 1957 De
2214 1898 2437 1959 idoneo
2466 1902 2547 1959 ad
2572 1900 2949 1974 loquendum
2977 1903 3267 1974 tempere.

2014 1993 2077 2045 t2
2117 1992 2287 2056 Quod
2321 2007 2445 2048 non
2472 1992 2752 2047 convenit
2781 1996 3047 2047 ascetam
3079 1991 3157 2046 ad
3182 1990 3429 2048 facetias
3464 1990 3661 2064 respi-

2080 2094 2236 2138 cere.

293 2176 360 2252 ιγ’
398 2181 525 2254 Περὶ
544 2178 862 2255 πραότητος,
903 2182 993 2231 καὶ
1017 2181 1133 2230 τίνα
1177 2180 1365 2251 τρόπον
1421 2173 1597 2249 ἀγάπη
1652 2179 1897 2229 συνίστα-

2020 2171 2074 2224 l3
2116 2170 2196 2225 De
2225 2169 2714 2240 mansuetudine,
2758 2173 2816 2227 et
2857 2168 3162 2242 quomodo
3219 2168 3484 2227 charitas
3513 2184 3656 2227 con-

364 2288 472 2324 ται.

2080 2258 2379 2315 stituatur.

295 2354 363 2410 ιδ’
392 2362 515 2431 Περὶ
556 2358 877 2430 φρονήσεως.

2020 2349 2077 2403 14
2116 2349 2195 2402 De
2223 2347 2561 2419 prudentia.

297 2445 349 2501 ιε’
381 2450 506 2522 Περὶ
533 2450 762 2508 πίστεως
792 2446 884 2498 καὶ
909 2438 1137 2505 ἐλπίδος.

2020 2438 2074 2492 15
2116 2439 2194 2493 De
2219 2434 2339 2493 ﬁde
2364 2442 2419 2494 et
2441 2452 2569 2511 spe.

297 2535 365 2601 ις’
397 2540 523 2612 Περὶ
548 2534 992 2608 ταπεινοφροσύνῃ
1003 2555 1045 2597 ς.

2020 2529 2073 2581 16
2112 2525 2195 2582 De
2218 2524 2574 2584 humilitate.

294 2623 361 2686 ιζ
388 2627 534 2679 Κατὰ
557 2628 758 2686 πόσους
777 2626 999 2697 τρόπους
1022 2625 1075 2676 οἱ
1095 2625 1314 2695 πονηροὶ
1342 2620 1589 2694 λογισμοι
1621 2625 1898 2674 συνίσταν-

2020 2620 2071 2672 l7
2112 2618 2265 2682 Quot
2291 2617 2488 2674 modis
2511 2622 2845 2675 nascantur
2870 2634 3075 2693 prava
3099 2617 3515 2690 cogitationes.

326 2738 327 2741 ‘
364 2732 475 2768 ται.
2898 2706 2901 2709 Α

294 2800 360 2863 ιη’
390 2804 531 2877 Πρὸς
558 2802 681 2864 τοὺς
712 2799 760 2853 ἐν
798 2799 1040 2873 κοινοϐίῳ
1069 2801 1392 2863 κανονικούς.

294 2890 355 2945 ιϐ’
391 2889 514 2944 Ὀτι
542 2894 652 2966 χρὴ
676 2893 763 2944 τὸν
794 2888 1031 2950 ἀσκητὴν
1065 2887 1256 2963 βεϐαίᾳ
1307 2893 1479 2964 κρίσει
1522 2892 1797 2964 προσιέναι
1826 2894 1889 2962 τῇ

365 2979 609 3051 ἀσκήσει,
643 2983 730 3032 καὶ
757 2984 877 3055 περὶ
904 2981 1108 3038 ὑπακοῆ
1118 3001 1161 3041 ς.

285 3067 329 3120 κ’
351 3068 472 3121 Ὀτι
496 3068 556 3121 οὐ
582 3073 691 3143 χρὴ
723 3070 813 3130 τὰς
837 3072 965 3144 πρὸς
990 3071 1107 3129 τοὺς
1129 3065 1415 3143 βιωτικοὺς
1446 3073 1707 3140 συγγενεῖς
1735 3084 1891 3140 μετα-

359 3155 567 3211 διώκειν
600 3157 823 3233 όμιλίας,
856 3158 884 3218 ἦ
909 3160 973 3211 τὰ
999 3156 1201 3211 ἐκείνων
1229 3158 1539 3233 φροντίζειν.

2076 3151 2148 3208 tis
2173 3151 2393 3208 saeculo
2424 3151 2703 3223 addictis,
2732 3160 2836 3209 aut
2862 3153 3102 3210 illorum
3128 3170 3224 3210 res
3264 3170 3492 3212 curare.

283 3246 362 3300 κοί
390 3245 513 3300 Ὀτι
542 3247 601 3300 οὐ
642 3244 727 3300 δεῖ
765 3257 863 3310 τῆς
903 3256 1259 3322 πνευματικῆς
1307 3243 1652 3321 ἀδελφότητος
1692 3244 1890 3302 ἀποκό-

2020 3246 2061 3297 tt
2111 3240 2282 3308 Quod
2313 3257 2438 3298 non
2467 3248 2703 3315 oportet
2722 3260 2759 3298 a
2779 3242 3075 3316 spirituali
3102 3243 3465 3303 fraternitate
3492 3261 3659 3302 rese-

358 3337 606 3391 πτεσθαι.

2078 3332 2226 3388 cari.

287 3423 375 3498 κβ¹
401 3429 526 3500 Περὶ
555 3426 791 3485 ὑπακοῆς
816 3424 1191 3500 πληρέστερον.

2020 3424 2073 3475 ι2
2113 3424 2192 3477 De
2214 3420 2561 3477 obedientia
2586 3420 2849 3478 uberius.

288 3512 368 3586 κγ’
390 3511 512 3566 Ὀτι
536 3518 626 3566 καὶ
654 3515 720 3566 τὰ
750 3513 922 3573 εὐτελῆ
968 3522 1067 3565 τῶν
1106 3515 1266 3589 ἔργων
1294 3515 1426 3587 μετὰ
1462 3513 1650 3576 πολλῆς
1702 3516 1895 3590 προθυ-

2020 3513 2070 3565 ι3
2112 3508 2285 3576 Quod
2317 3512 2519 3566 asceta
2535 3509 2675 3566 vilia
2703 3510 2883 3566 etiam
2898 3525 3086 3584 opera
3105 3511 3287 3570 debet
3307 3513 3497 3572 multa
3517 3529 3656 3572 cum

360 3608 481 3677 μίας
506 3605 772 3679 αἱρεῖσθαι
796 3608 1056 3677 προσήκει
1086 3607 1173 3656 τὸν
1207 3602 1464 3663 ἀσκητήν.
2079 3597 2384 3654 alacritate
2415 3597 2741 3671 δυεοὶρθιε.

289 3689 372 3745 κδ’
395 3691 514 3745 Ὀτι
537 3692 595 3745 οὐ
618 3697 730 3766 χρὴ
756 3695 914 3766 τιμὰς
928 3698 1018 3745 καὶ
1033 3692 1314 3769 πρεσϐείας
1341 3691 1604 3754 ἐπιζητεῖν
1620 3697 1707 3746 τὸν
1730 3691 1896 3752 ἀσκη-

2020 3690 2075 3744 ὶ4
2113 3686 2433 3753 Quodnon
2475 3689 2758 3745 convenit
2801 3689 3068 3746 honores
3110 3706 3182 3748 ac
3210 3691 3536 3763 dignitates
3567 3708 3663 3750 re-

360 3787 477 3841 τήν.

2075 3776 2234 3849 quiri
2259 3775 2339 3832 ab
2368 3781 2595 3832 asceta.
3564 3802 3569 3806 ι

2005 3870 2073 3922 25
2117 3869 2191 3922 De
2222 3866 2564 3938 frugalitate
2591 3880 2661 3923 ac
2688 3866 3066 3942 simplicitate
3095 3869 3155 3925 in
3186 3869 3510 3928 alimentis.

2008 2798 2073 2852 t8
2111 2795 2201 2853 Ad
2230 2797 2555 2873 canonicos
2584 2795 2646 2854 in
2673 2797 2984 2855 communi
3012 2797 3305 2855 viventes.
3631 2830 3658 2853 .

2009 2888 2070 2941 19
2109 2882 2282 2952 Quod
2309 2891 2546 2957 oportet
2573 2894 2840 2944 ascetam
2889 2886 3066 2944 ﬁrmo
3109 2886 3341 2958 judicio
3368 2887 3658 2947 accedere

2074 2974 2154 3030 ad
2180 2975 2504 3031 asceticam
2534 2976 2739 3047 vitam,
2763 2983 2821 3032 et
2838 2976 2915 3032 de
2943 2976 3312 3035 obedientia.

2000 3067 2073 3119 20
2110 3063 2281 3129 Quod
2307 3078 2432 3119 non
2457 3069 2692 3135 oportet
2712 3064 2925 3122 sectari
2953 3064 3256 3139 colloquia
3275 3082 3416 3123 cum
3438 3082 3661 3139 cogna-

288 3878 358 3925 κε’
389 3874 513 3945 Περὶ
536 3877 625 3932 τῆς
668 3872 804 3924 κατά
841 3873 908 3924 τὰ
951 3869 1211 3947 βρώματα
1251 3869 1471 3945 ἀτυφίας
1518 3876 1609 3926 καὶ
1658 3871 1891 3931 ἁπλότη-

361 3980 465 4022 τος.

288 4048 371 4114 κς’
389 4048 510 4101 Ὀτι
534 4052 621 4101 τὸν
641 4051 775 4123 πρὸς
796 4052 856 4101 τὸ
885 4048 1073 4103 τελειον
1108 4046 1369 4123 βλέποντα
1406 4046 1559 4103 οὐδὲν
1589 4051 1619 4109 ἡ
1669 4047 1895 4125 πρόοδος

359 4136 704 4215 παραϐλάψαι
735 4135 1042 4197 δυνήσεται·

284 4226 367 4291 κζ’
395 4227 516 4281 Ὀτι
546 4226 604 4280 οὗ
634 4232 743 4301 χρὴ
779 4226 1040 4300 ἀσχολίας
1070 4230 1211 4301 ἔχειν
1232 4231 1319 4281 τόν
1352 4229 1607 4289 ἁσκητὴν.

287 4315 368 4375 κη’
392 4314 513 4369 Ὀτι
536 4321 645 4390 χρὴ
680 4319 768 4370 τὸν
798 4324 1103 4392 προεστῶτα
1149 4325 1378 4392 πατρικῇ
1432 4317 1603 4392 εὐνοίᾳ
1652 4322 1719 4373 τὰ
1759 4322 1897 4373 κατά

2005 4050 2074 4102 26
2114 4046 2285 4113 Quod
2313 4045 2419 4119 qui
2442 4045 2686 4119 respicit
2730 4046 2809 4103 ad
2858 4048 3305 4121 perfectionem,
3344 4050 3490 4108 nihil
3516 4051 3657 4109 laudi

2075 4136 2274 4209 possit
2303 4133 2686 4206 egrediendo.

2004 4230 2071 4281 27
2111 4225 2284 4292 Quod
2305 4230 2507 4282 asceta
2528 4241 2649 4282 non
2672 4226 2850 4284 debet
2871 4228 3108 4301 privata
3132 4229 3374 4301 negotia
3402 4231 3659 4290 habere.

2004 4319 2074 4371 28
2114 4315 2285 4381 Quod
2314 4322 2551 4388 oportet
2576 4315 2928 4389 praefectum
2952 4322 3202 4391 paterna
3230 4319 3659 4381 benevolentia

358 4409 481 4466 τοὺς
504 4407 767 4465 ὑπηκόους
795 4405 1109 4476 οἰκονομεῖν.

2075 4420 2170 4475 res
2200 4421 2269 4460 ac
2299 4406 2543 4475 negotia
2566 4404 2949 4463 subditorum
2976 4408 3351 4481 dispensare.

288 4491 365 4546 κθ’
392 4491 510 4546 ’Ὁτι
539 4493 598 4546 οὐ
628 4497 738 4568 χρὴ
764 4492 990 4568 ἑταιρίας
1030 4489 1127 4546 δύο
1162 4494 1192 4553 ἣ
1225 4502 1382 4569 τριῶν
1415 4492 1646 4568 ἀδελφῶν
1676 4494 1725 4547 ίν
1766 4515 1896 4551 συσ-

2020 4496 2073 4548 29
2111 4494 2281 4559 Quod
2302 4508 2426 4549 non
2449 4494 2701 4551 addecet
2724 4495 2786 4551 in
2806 4495 3077 4553 instituto
3106 4498 3364 4555 ascetico
3390 4498 3654 4558 duorum

360 4587 558 4657 τὴματι
588 4580 857 4655 ἀσκητικῷ
884 4584 1146 4656 γενέσθαι·

286 4669 327 4726 λ’
354 4670 474 4726 ’Ὁτι
501 4665 560 4726 οὐ
584 4676 695 4747 χρὴ
736 4668 1039 4747 ἓνδυμάτων
1070 4670 1285 4746 ἐκλογὴν
1312 4670 1574 4735 ἐπιζητεῖν
1602 4678 1691 4728 τόν
1723 4673 1894 4735 ἀσκη-

356 4767 475 4832 τήν.

2076 4588 2179 4637 aut
2203 4581 2385 4638 trium
2414 4581 2670 4639 fratrum
2696 4598 2826 4639 esse
2857 4584 3221 4641 sodalitium.

2005 4673 2075 4727 30
2113 4670 2286 4737 Quod
2316 4687 2439 4729 non
2455 4674 2738 4730 convenit
2758 4678 2821 4730 ut
2840 4679 3044 4731 asceta
3062 4673 3368 4734 delectum
3393 4678 3652 4736 vestium

2074 4764 2338 4833 expetat.

285 4850 363 4905 λα’
389 4850 511 4905 Ὅτι
540 4848 624 4905 δεῖ
651 4854 739 4905 τὸν
783 4859 1089 4929 προεστῶτα
1128 4849 1357 4924 ἀνάλογα
1393 4859 1490 4916 τῆς
1517 4859 1609 4906 τοῦ
1657 4857 1894 4928 σώματος

2020 4854 2065 4905 tt
2110 4849 2284 4916 Quod
2302 4849 2484 4907 debet
2501 4850 2818 4923 praefectus
2830 4852 3056 4909 viribus
3077 4854 3346 4927 corporis
3360 4871 3471 4913 sua
3485 4872 3660 4915 man-

360 4936 632 5015 δυνάμεως
658 4940 850 5016 ὁρίζειν
892 4942 958 4994 τὰ
1009 4939 1378 5014 ἐπιτεταγμένα
1406 4963 1418 4975 ο
1479 4947 1569 4996 καὶ
1613 4949 1732 5017 περὶ
1794 4952 1893 4997 τῶν

356 5027 754 5104 ἀποκρυϐόντων
782 5034 876 5089 τὴν
898 5029 1092 5084 ἑαυτῶν
1124 5026 1371 5104 δύναμιν.

282 5120 366 5195 λβ’
394 5118 596 5173 Ὀτιού
635 5115 721 5172 δεῖ
748 5122 870 5182 τοὺς
926 5116 1180 5193 ἀδελφοὺς
1225 5120 1525 5189 λυπεῖσθαι,
1581 5129 1682 5174 τῶν
1734 5120 1891 5177 ἀσθεο

354 5213 605 5286 νεστέρων
635 5204 849 5281 φειδοῦς
877 5206 1211 5283 ἀξιουμένων,

286 5297 360 5368 λγ’
386 5305 507 5352 Ὀτι
536 5297 595 5351 οὗ
621 5301 732 5372 χρὴ
766 5300 884 5358 τοὺς
914 5306 1244 5373 προεστῶτας
1269 5307 1380 5361 τοῖς
1406 5299 1768 5354 ἀποστατοῡσι
1796 5309 1890 5354 τοῦ

365 5386 555 5441 οἰκείου
584 5385 931 5463 ἀθροίσματος
962 5383 1219 5449 ἀσκηταίς
1264 5388 1566 5464 παρῥησίας
1605 5386 1892 5464 μεταδιδό-

364 5494 469 5545 ναι,
495 5477 524 5539 ἣ
553 5481 769 5541 τούτους
797 5476 870 5540 εἰς
894 5481 1161 5529 κοινωνίαν
1202 5477 1325 5551 βίου
1359 5476 1637 5553 δέχεσθαι.

2073 4939 2218 4997 data
2261 4940 2729 4998 accommodare
2763 4958 2776 4997 :
2810 4947 2869 4998 et
2918 4942 2994 4999 de
3037 4941 3111 4999 iis
3158 4943 3263 5018 qui
3309 4946 3459 5002 vires
3507 4964 3653 5006 suas

2072 5030 2397 5087 occultant.

2000 5122 2069 5174 32
2108 5120 2281 5186 Quod
2310 5137 2434 5177 non
2483 5121 2710 5178 debent
2752 5122 2966 5181 fratres
3013 5124 3250 5182 tristitia
3300 5126 3478 5193 afﬁci,
3509 5143 3654 5186 cum

2070 5207 2389 5267 levamenti
2417 5211 2645 5285 aliquid
2676 5210 2923 5268 aﬂertur
2946 5213 3367 5273 debilioribus.

2001 5303 2066 5354 33
2108 5298 2278 5365 Quod
2308 5314 2432 5357 non
2479 5300 2703 5357 debent
2757 5304 3020 5374 praefecti
3067 5303 3303 5376 ascetis,
3338 5305 3438 5380 qui
3472 5324 3653 5366 suum

2069 5386 2340 5460 ipsorum
2372 5397 2741 5446 conventum
2792 5390 3079 5448 deserunt
3141 5392 3429 5465 loquendi
3476 5395 3653 5452 liber-

2072 5482 2255 5533 tatem
2284 5479 2563 5564 dare,a‘ut
2587 5480 2751 5551 ipsos
2781 5479 3096 5537 admittere
3121 5481 3201 5536 ad
3232 5482 3361 5537 vitae
3382 5499 3659 5542 commu-

2074 5570 2346 5626 nitatem.
2954 5586 2959 5591 ’
