4120 6410
504 324 640 380 1323
1877 324 1936 380 S.
1967 323 2126 381 BASI

2251 325 2494 383 MAGNI.
3740 332 3878 390 1324

495 445 768 515 mas,sed
793 444 1232 502 ne-doetrina—m
1256 461 1382 520 qua
1399 447 1638 520 praditi
1668 446 2122 516 sumus,silenti4

2269 450 2454 510 θήκαις
2497 449 2836 524 ἐπιστηρίξαι
2871 451 2990 520 (58)
3039 455 3132 504 καὶ
3172 450 3598 524 βεϐαιώσασθαι⁴
3651 453 3758 528 οὐχ
3810 458 3877 518 ὡς

494 537 678 593 veluti
697 552 917 608 aggere
938 536 1210 609 quodam
1231 537 1708 606 obscondamus,
1733 544 1790 595 et
1805 539 1887 595 ita
1904 538 2121 594 demun

2267 535 2526 612 ἀρκοῦντα
2584 543 2712 615 πρὸς
2779 545 2874 600 τὴν
2935 542 3185 594 ὑπόθεσιν
3258 547 3616 617 παρεχόμενον
3699 543 3869 617 λόγον,

493 627 753 684 intentas
775 627 1008 682 homini
1024 625 1316 682 talentum
1337 627 1396 683 in
1422 632 1579 685 terra
1597 627 1917 685 occultanti
1939 643 2120 700 pcena

2266 625 2373 679 ἀλλ’
2425 630 2494 692 ὡς
2546 635 2632 682 τόν
2687 634 2808 682 ὄντα
2874 635 2946 703 μὴ
3014 633 3482 706 κατακρύπτοντες,
3538 636 3712 708 ὥσπερ
3771 639 3873 688 τινὶ

493 716 881 794 eﬂ'ugiamus.
903 719 1046 784 Conj
1059 717 1268 786 ugium
1285 721 1584 786 autem,ut
1599 718 1950 792 plurimum,
1966 733 2120 773 caus.

2261 723 2500 790 χώματι,
2569 727 2631 792 τῇ
2687 727 2835 793 σιγῇ,
2890 725 2981 773 καὶ
3042 723 3207 794 ταύτῃ
3287 725 3558 794 φεύγοντες
3614 727 3711 782 τὴν
3787 723 3871 778 ἐπὶ

491 811 582 864 est
621 790 974 864 hominibus
1018 812 1075 863 et
1120 809 1360 864 occasio
1391 790 1736 880 cupiditatis
1781 806 1962 875 illius,
2008 823 2118 880 qua

2261 814 2334 878 τῷ
2373 808 2772 882 κατακρύψαντι
2824 813 2882 862 τὸ
2927 809 3172 863 τάλαντον
3221 811 3293 872 εἰς
3340 816 3435 871 τὴν
3499 821 3597 886 γῆν
3646 813 3869 874 ἠπειλη-

491 897 650 954 circa
673 897 1015 970 voluptates
1041 897 1390 953 mundanas
1419 914 1488 953 ac
1519 913 1698 954 curas
1726 901 2020 953 versatur.
2047 899 2118 953 Ne

2261 901 2418 970 μένην
2467 895 2643 957 δίκην.
2703 904 2971 974 Πρόφασις
3023 903 3113 973 μὲν
3153 896 3260 966 οὖν,
3313 903 3381 963 ὡς
3420 903 3486 954 τὰ
3533 901 3718 971 πολλὰ,
3759 911 3869 967 τοῖς

488 1001 608 1058 que
640 986 802 1042 enim
832 985 1131 1058 cupiditas
1159 985 1302 1052 ulla,
1337 1001 1472 1058 quae
1503 991 1732 1042 naturae
1763 985 2032 1058 corporis
2063 985 2115 1041 in

2261 984 2552 1060 ἀνθρώποις
2601 996 2696 1051 τῆς
2743 993 2856 1060 (59)
2909 993 3024 1063 περὶ
3065 992 3156 1051 τὰς
3184 993 3446 1063 κοσμικὰς
3491 990 3776 1066 ἐπιθυμίας
3815 1014 3868 1048 τε

487 1075 602 1132 sita
631 1076 726 1144 sit,
756 1091 1032 1148 unquam
1061 1076 1308 1149 reperiri
1347 1081 1548 1148 potest
1573 1077 1989 1133 vehementior
2023 1075 2114 1131 vio

2258 1082 2349 1130 καὶ
2395 1075 2592 1142 ἡδονὰς
2641 1083 2732 1131 καὶ
2777 1076 3058 1155 φροντίδας
3111 1081 3138 1132 ὁ
3179 1082 3370 1154 γάμος.
3426 1084 3562 1134 οὔτε
3611 1084 3714 1157 γὰρ
3772 1091 3866 1147 τῆς

482 1165 838 1238 leutiorque,
885 1180 1073 1238 quam
1121 1181 1195 1222 ea
1240 1169 1348 1231 est,
1395 1182 1520 1238 qua
1564 1165 1674 1222 viri
1718 1165 1995 1231 feminas,
2045 1180 2109 1220 at

2256 1164 2347 1220 τοῦ
2397 1167 2576 1231 θήλεος
2620 1167 2898 1242 ἐπιθυμίας
2957 1165 3236 1243 ἀνδράσιν,
3300 1171 3330 1230 ἣ
3380 1171 3591 1244 γυναιξὶ
3644 1180 3740 1236 τῆς
3775 1181 3866 1227 τοῦ

483 1254 724 1312 feminae
751 1271 948 1312 mares
973 1259 1286 1328 appetunt,
1323 1254 1502 1328 534
1531 1256 1716 1328 idque
1747 1271 1871 1312 non
1901 1255 2110 1312 mirum

2258 1256 2463 1333 άῤῥενος
2527 1255 2880 1335 σφοδροτέραν
2937 1263 3030 1312 καὶ
3086 1257 3388 1335 βιαιοτέραν
3455 1260 3596 1336 εὖροι
3659 1282 3742 1326 τις
3806 1262 3865 1315 ἃν

483 1361 623 1402 cum
644 1346 778 1418 ipsa
807 1345 1015 1402 tendat
1052 1349 1264 1418 suapte
1289 1351 1514 1404 natura
1543 1345 1624 1404 ad
1647 1345 1980 1403 liberorum
2005 1361 2110 1418 pro

2259 1345 2552 1420 έγκειμένην
2621 1355 2683 1421 τῇ
2763 1350 2916 1421 φύσει
2974 1354 3066 1401 τοῦ
3131 1355 3392 1422 σώματος·
3459 1355 3551 1403 καὶ
3611 1352 3753 1425 μάλα
3808 1373 3867 1426 γε

482 1436 868 1493 creationem.
923 1437 1128 1508 Itaque
1172 1453 1312 1492 cum
1343 1436 1699 1508 conjugium
1739 1436 1990 1492 maximi
2015 1452 2109 1492 me

2259 1437 2486 1502 εἰκότως,
2549 1435 2634 1491 οἶα
2689 1435 2754 1497 δὴ
2809 1443 2928 1512 περὶ
2988 1442 3076 1498 τὴν
3128 1449 3227 1492 τῶν
3281 1439 3497 1512 ἐκγόνων
3569 1440 3866 1515 βλάστησιν

480 1527 668 1584 menti
699 1530 878 1586 esset.
909 1525 1208 1598 impetum
1235 1541 1482 1599 quoque
1511 1527 1721 1583 indere
1751 1526 2016 1583 debebat
2045 1541 2107 1582 vt

2259 1530 2613 1582 συνίστασθαι
2661 1535 2968 1600 πεφυκυῖαν·
3011 1528 3084 1596 ὃς,
3127 1533 3482 1604 καιριωτάτην
3538 1533 3674 1604 ἔχων
3728 1530 3867 1608 ἐνέρ-

477 1617 917 1674 hementiorem
944 1634 955 1672 :
992 1617 1382 1690 similiterque
1407 1633 1607 1691 neque
1635 1633 1793 1674 cura:
1818 1617 1956 1673 ulla
1979 1633 2052 1673 ex
2072 1616 2104 1672 ii

2254 1636 2420 1689 γειαν,
2477 1617 2661 1690 ἤμελλε
2714 1622 2803 1671 καὶ
2859 1623 2948 1677 τὴν
3011 1619 3184 1693 ῥύμην
3258 1616 3612 1694 σφοδροτέραν
3685 1619 3863 1695 έπάγε-

475 1723 614 1780 quae
657 1707 1010 1764 hominibus
1060 1707 1331 1763 accidere
1384 1707 1598 1774 solent,
1643 1708 1950 1778 graviores
1980 1723 2102 1763 sun‘

2256 1709 2400 1760 σθαι·
2457 1704 2581 1760 οὐδὲ
2617 1709 2730 1780 (60)
2790 1705 3069 1782 φροντίδας
3095 1707 3392 1783 βαρυτέρας
3418 1709 3708 1786 ἀνθρώποις
3732 1731 3865 1788 παρε

473 1813 664 1871 quam
686 1813 824 1871 quae
857 1813 926 1853 ex
956 1797 1266 1854 connubio
1296 1798 1626 1855 acervatim
1649 1797 1958 1870 advolant,
1980 1797 2100 1854 velt

2253 1801 2636 1862 εισπιπτούσας
2679 1809 2779 1852 τῶν
2823 1797 2922 1854 δ’ιά
2955 1804 3049 1859 τὴν
3099 1801 3356 1873 συζυγίαν
3408 1800 3612 1878 ἀθρόως
3649 1801 3858 1876 έφιπτα-

474 1887 694 1944 Paulus
739 1886 854 1944 ait:
877 1888 992 1955 Qui
1029 1902 1278 1945 uxorem
1309 1889 1486 1945 duxit
1517 1889 1813 1945 sollicitus
1845 1894 1928 1945 est
1967 1887 2039 1944 de
2067 1889 2101 1944 i4

2251 1891 2412 1960 μένων
2465 1890 2637 1951 καθὼς
2688 1890 2713 1941 ό
2777 1889 2985 1952 Παυλός
3065 1907 3243 1962 φησιν’
3323 1889 3383 1943 Ὀ
3463 1896 3714 1964 γαμήσας
3774 1912 3858 1967 με·

477 1993 612 2050 quz
644 1982 788 2033 sunt
830 1979 1002 2033 muni
1021 1978 1087 2049 ⁸⁵⁸,
1127 1980 1334 2051 utpote
1357 1994 1643 2034 curarum
1669 1977 2104 2050 sarcinadegra

2249 1983 2408 2050 ριμνᾷ
2462 1980 2528 2031 τὰ
2573 1985 2666 2031 τοῦ
2709 1982 2933 2052 κόσμου,
2979 1981 3072 2041 τὰς
3123 1975 3402 2052 φροντίδας
3450 1979 3855 2055 έπηχθισμένος.

472 2071 670 2124 vatus.
689 2068 916 2124 Etenim
933 2067 1037 2140 qui
1055 2066 1218 2123 solus
1231 2067 1693 2141 degit,seipsum
1712 2067 2097 2125 tantummod

2245 2073 2304 2120 Ὀ
2352 2072 2442 2141 μὲν
2480 2069 2583 2144 γὰρ
2624 2073 2778 2141 μόνος
2830 2069 3016 2122 ἑαυτοῦ
3067 2074 3157 2122 καὶ
3204 2078 3304 2122 τῶν
3360 2069 3561 2124 οἰκείων
3617 2080 3708 2125 τοῦ
3760 2092 3859 2125 σω-

473 2173 739 2230 suasque
754 2156 1140 2214 necessitates
1164 2157 1508 2230 corporales
1540 2161 1709 2214 curat
1731 2175 1744 2213 :
1765 2162 1868 2214 aut
1886 2158 2100 2214 fortass

2246 2167 2422 2231 ματος
2465 2156 2702 2230 ἀναγκῶν
2749 2158 3044 2232 ἀνήσχοιτο
3083 2157 3165 2227 ἃν,
3217 2160 3247 2218 ἣ
3295 2163 3426 2224 ἴσως
3477 2165 3568 2214 καὶ
3614 2179 3861 2236 περιφρο-

473 2262 576 2304 eas
597 2247 778 2304 etiam
799 2251 1277 2320 comtempturus
1298 2249 1467 2318 est,si
1489 2247 1675 2305 semel
1693 2248 1755 2305 id
1777 2247 1839 2304 in
1860 2248 2100 2304 animum

2244 2253 2419 2307 νήσειε
2479 2251 2696 2316 ταύτας,
2774 2248 2957 2303 ἑαυτὸν
3022 2249 3095 2312 εἰς
3175 2257 3328 2304 τοῦτο
3391 2253 3584 2306 πείθειν
3635 2249 3852 2314 εὐκόλως

473 2353 653 2393 suum
670 2337 957 2393 inducere
977 2336 1151 2393 facile
1172 2336 1367 2410 possit
1389 2355 1402 2393 :
1427 2337 1533 2410 qui
1553 2351 1697 2394 vero
1718 2353 1926 2394 curam
1951 2353 2100 2393 susc.

2247 2333 2552 2411 δυνάμενος·
2612 2340 2639 2390 ό
2705 2335 2766 2392 δε
2821 2347 3052 2412 γαμετῆς
3115 2343 3208 2392 καὶ
3279 2336 3485 2392 παίδων
3524 2339 3850 2414 ἰπιμελούμε-

470 2427 558 2501 pit
572 2427 778 2484 uxoris
797 2443 868 2484 ac
891 2427 1246 2496 liberorum,
1271 2443 1394 2484 non
1415 2429 1544 2500 jam
1567 2428 1829 2502 amplius
1851 2428 2097 2485 dominu

2245 2447 2325 2489 νος
2375 2428 2548 2481 οὐκέτι
2590 2437 2682 2490 τῆς
2717 2428 2907 2490 οἰκείας
2952 2434 3168 2503 γνώμης
3223 2431 3400 2505 κύριος
3452 2435 3671 2503 γίνεται,
3727 2427 3856 2483 ἀλλά

471 2517 708 2574 exsistit
732 2534 856 2573 suae
884 2517 1075 2592 ipsius
1103 2516 1452 2584 voluntatis,
1486 2517 1593 2574 sed
1622 2534 1694 2576 ea
1723 2517 1799 2576 de
1825 2534 2014 2575 causa
2037 2533 2098 2574 ne

2251 2516 2482 2590 ἀνάγκην
2537 2521 2651 2591 ἔχει
2697 2521 2863 2592 ταύτῃ
2917 2521 2986 2574 τὰ
3033 2517 3149 2572 καθ’
3205 2516 3398 2582 ἡδονὰς
3445 2522 3714 2595 πράττειν,
3765 2525 3855 2573 καὶ

471 2607 737 2664 cessario
765 2607 1015 2664 inservit
1039 2605 1476 2678 voluptatibus,
1522 2623 1593 2664 ac
1625 2607 1784 2664 circa
1812 2607 2098 2664 liberorui

2246 2613 2365 2684 περὶ
2417 2613 2512 2668 τὸν
2561 2617 2662 2661 τῶν
2711 2605 2918 2662 παίδων
2967 2607 3256 2683 ἐπιμέλειαν
3293 2609 3705 2684 ἀσχολούμενος,
3735 2610 3858 2664 πολ-

471 2713 684 2754 curam
708 2702 1063 2771 occupatus,
1088 2696 1289 2754 haurit
1307 2698 1682 2754 immensum
1703 2713 1990 2755 curarum
2013 2713 2098 2768 gu

2248 2697 2343 2757 λὴν
2391 2697 2627 2753 ἄϐυσσον
2669 2698 3036 2753 ἑπαντλεῑσθαι
3090 2697 3396 2774 φροντίδων,
3446 2700 3505 2762 άς
3551 2700 3852 2774 καταλέγειν

471 2787 656 2859 gitem
682 2805 694 2841 :
724 2803 881 2861 quas
902 2802 1213 2843 recensere
1233 2785 1475 2858 longius
1497 2787 1669 2859 foret,
1692 2804 1880 2861 quam
1901 2789 2095 2862 permi

2038 2789 2140 2845 Dit-
2249 2793 2567 2865 μακρότερον
2606 2789 2636 2850 ἣ
2691 2791 2826 2842 κατά
2871 2792 2958 2842 τὸν
3005 2793 3237 2865 παρόντα
3264 2792 3445 2865 καιρὸν
3473 2788 3535 2842 ἃν
3567 2793 3665 2850 εἴη.

473 2877 543 2935 tit
576 2893 848 2951 praesens
878 2881 1142 2950 tempus.

543 2971 600 3026 2.
634 2969 745 3034 Qui
773 2969 953 3038 igitur
983 2967 1148 3040 cupit
1185 2983 1222 3024 a
1252 2967 1467 3024 mundi
1517 2967 1768 3024 vinculis
1809 2967 1958 3024 liber
1985 2984 2138 3033 esse,

2319 2971 2371 3023 2.
2422 2967 2482 3020 '0
2535 2971 2706 3021 τοίνυν
2754 2977 2855 3022 τῶν
2913 2975 3005 3022 τοῦ
3074 2971 3277 3043 κόσμου
3341 2965 3551 3042 δεσμῶν
3613 2967 3851 3045 έλεύθερα

471 3059 721 3131 nuptias
747 3057 928 3131 quasi
954 3058 1202 3132 pedicas
1232 3057 1542 3131 quasdam
1569 3057 1758 3130 fugit:
1811 3059 1905 3116 his
1934 3063 2098 3115 auter

2246 3053 2375 3110 εἶναι
2422 3057 2737 3130 γλιχόμενος
2782 3061 2869 3111 τὸν
2911 3060 3078 3132 γάμον
3127 3060 3300 3135 ὧσπερ
3350 3061 3493 3120 τινὰς
3537 3055 3706 3121 πέδας
3748 3057 3850 3112 ἁπ-

471 3147 688 3221 vitatis,
719 3164 895 3205 suam
926 3151 1048 3205 Deo
1089 3147 1275 3204 vitam
1315 3152 1650 3216 consecrat,
1698 3148 2098 3222 proﬁteturqu

2246 3147 2417 3220 ἐφυγε·
2475 3155 2658 3200 τοῦτον
2721 3141 2782 3200 δι
2831 3150 2945 3220 (61)
2998 3145 3296 3221 ἀποφυγὼν,
3346 3151 3435 3201 τὸν
3487 3146 3673 3202 ἑαυτοῦ
3727 3146 3847 3222 βίον

473 3237 836 3307 castitatem,
857 3242 926 3294 ut
949 3238 1081 3309 jam
1109 3237 1226 3293 sibi
1247 3252 1370 3293 non
1399 3236 1576 3294 liceat
1596 3249 1900 3294 recurrere
1926 3238 2004 3294 ad
2028 3253 2100 3294 nu

2245 3235 2460 3295 ἀνέθηκε
2517 3244 2652 3309 Θεῷ,
2706 3241 2797 3290 καὶ
2850 3241 2948 3296 τὴν
3004 3236 3210 3310 ἁγνείαν
3264 3237 3722 3312 καθωμολόγησεν·
3777 3241 3847 3302 ὡς

471 3327 652 3400 ptias,
680 3327 788 3384 sed
807 3327 1103 3384 adversus
1124 3331 1432 3396 naturam,
1455 3328 1708 3399 ejusque
1728 3327 2098 3386 vehementic

2242 3332 2375 3401 μήτε
2421 3323 2604 3380 ἄδειαν
2644 3328 2906 3402 ὑπάρχειν
2951 3326 3095 3400 αύτῷ
3135 3335 3230 3390 τῆς
3267 3325 3351 3380 έπὶ
3389 3331 3478 3382 τὸν
3520 3329 3688 3402 γάμον
3739 3325 3849 3382 έπε-

471 3431 569 3474 res
611 3417 873 3490 impetus
919 3416 1258 3484 decertans,
1289 3417 1448 3472 initis
1491 3432 1603 3490 pro
1634 3420 1905 3474 castitate
1946 3423 2098 3476 certa

2245 3427 2494 3491 στροφῆς,
2551 3415 2658 3470 ἀλλ’
2707 3418 2928 3490 ἔχεσθαι
2974 3417 3131 3470 αὐτὸν
3169 3415 3227 3470 ἰκ
3276 3421 3467 3480 παντὸς
3503 3423 3703 3494 τρόπου
3747 3427 3847 3472 τῶν

471 3505 742 3563 minibus
769 3521 1018 3579 prorsus
1047 3507 1379 3563 incumbet.
1406 3509 1556 3563 Nam
1577 3507 1852 3580 quisquis
1875 3513 1965 3564 est
1983 3510 2098 3582 ejus

2243 3509 2369 3582 ὑπὲρ
2419 3517 2511 3569 τῆς
2566 3507 2778 3580 ἁγνείας
2837 3505 3218 3581 ἀγωνισμάτων
3271 3510 3425 3582 φύσει
3461 3507 3845 3584 προσπαλαίον-

471 3595 661 3664 modi,
719 3596 771 3652 is
837 3597 940 3653 Dei
981 3596 1176 3654 factus
1223 3601 1463 3654 amator
1514 3597 1767 3670 ejusque
1821 3598 2098 3671 apathian

2240 3617 2326 3667 τα,
2367 3603 2458 3652 καὶ
2495 3600 2695 3662 ταύτης
2749 3605 2868 3660 ταῖς
2923 3595 3250 3672 βιαιοτέραις
3313 3600 3520 3674 ὁρμαῖς.
3588 3597 3849 3674 Ἐραστὴς

469 3685 790 3760 paululum
819 3687 1032 3744 saltem
1051 3687 1342 3761 consequi
1361 3687 1632 3760 cupiens,
1658 3692 1842 3762 atque
1863 3689 2096 3762 spiritus

2239 3689 2338 3764 γὰρ
2379 3689 2404 3741 ὁ
2441 3695 2676 3751 τοιοῦτος
2722 3695 2816 3741 τοῦ
2863 3696 2997 3742 Θεοῦ
3043 3689 3336 3761 καταστὰς,
3375 3692 3466 3741 καὶ
3514 3696 3606 3750 τῆς
3653 3687 3846 3742 έκείνου

467 3776 591 3834 lem
618 3777 1110 3848 sanctimoniam,
1129 3777 1748 3852 tranquillitatemque
1767 3782 1825 3835 et
1843 3778 2094 3851 quietem

2241 3777 2509 3842 ἀπαθείας.
2578 3780 2716 3832 κατὰ
2777 3785 2904 3851 γοῦν
2969 3781 3029 3832 τὸ
3097 3782 3468 3852 σμικρότατον,
3549 3785 3845 3850 κατασχεῖν

469 3883 540 3927 ac
572 3868 1126 3934 mansuetudinem,
1173 3872 1230 3924 et
1257 3883 1395 3942 quae
1420 3883 1490 3924 ex
1517 3867 1611 3924 his
1639 3873 1995 3937 nascuntur,
2028 3869 2096 3924 lae

2239 3869 2511 3942 ἐφιέμενος,
2567 3873 2659 3922 καὶ
2704 3876 2801 3932 τῆς
2852 3877 3201 3943 πνευματικῆς
3257 3868 3554 3942 ἁγιότητος,
3611 3867 3846 3940 γαλήνης

466 3958 660 4016 titiam
692 3963 750 4016 et
774 3958 1068 4029 gaudium
1096 3958 1416 4028 degustare
1438 3957 1812 4027 desiderans,
1838 3960 1898 4014 in
1916 3974 1988 4016 eo
2013 3959 2093 4015 ela

2236 3977 2292 4011 τε
2336 3962 2427 4011 καὶ
2473 3957 2777 4033 ἀταραξίας,
2829 3963 2921 4011 καὶ
2963 3961 3305 4034 ἡμερότητος,
3352 3961 3444 4011 καὶ
3489 3967 3585 4021 τῆς
3623 3957 3679 4011 έκ
3717 3960 3845 4011 τού-

465 4047 646 4105 borat
689 4050 754 4103 ut
805 4045 1017 4120 procul
1059 4046 1140 4103 ab
1193 4046 1360 4102 omni
1413 4051 1647 4104 terreno
1701 4063 1773 4103 ac
1829 4048 2092 4120 corpora?

2237 4067 2336 4101 των
2381 4052 2685 4122 τικτομένης
2742 4048 3060 4122 εὐφροσύνης
3109 4067 3163 4102 τε
3218 4053 3309 4102 καὶ
3355 4053 3534 4124 χαρᾶς
3578 4047 3845 4122 έπιθυμῶν

465 4135 686 4192 affectu
715 4136 988 4193 animum
1015 4135 1409 4208 perturbante
1435 4136 1832 4207 cogitationes
1853 4151 1996 4193 suas
2023 4137 2092 4194 ab

2236 4135 2659 4211 ἀπογεύσασθαι,
2726 4141 2916 4200 παντὸς
2980 4141 3072 4213 μεν
3133 4138 3314 4192 ύλικοῦ
3379 4143 3470 4191 καὶ
3539 4145 3845 4212 σωματικοῦ

461 4225 683 4283 ducat:
714 4225 838 4282 imo
869 4225 1051 4282 etiam
1094 4225 1282 4281 animi
1331 4226 1544 4282 obtutu
1575 4242 1730 4299 puro
1779 4226 2088 4301 nulliusqu

2232 4229 2433 4289 πάθους
2479 4235 2571 4281 τοῦ
2622 4231 2718 4288 τὴν
2768 4227 2958 4301 ψυχὴν
3023 4226 3406 4296 έπιθολοῦντος,
3473 4227 3648 4304 πόῤῥω
3725 4230 3845 4291 τοὺς

461 4316 728 4374 tenebris
757 4316 1048 4373 obvoluto
1078 4316 1524 4389 contemplatur
1551 4317 1782 4388 divina,
1809 4323 1864 4374 et
1892 4317 2087 4376 lumin

2230 4317 2519 4392 λογισμούς
2582 4316 2802 4391 ἀπάγειν
2851 4314 3172 4372 ἐσπούδακε·
3228 4320 3443 4396 καθαρῷ
3499 4314 3562 4372 δε
3613 4322 3705 4371 καὶ
3758 4315 3843 4370 δα·

458 4404 600 4464 hinc
629 4411 952 4463 emanante
981 4407 1397 4464 insatiabiliter
1425 4408 1824 4479 perfunditur.
1874 4409 1982 4466 Ubi
2015 4426 2085 4467 au

2231 4411 2558 4482 επισκιάστῷ
2608 4413 2806 4484 ὄμματι
2861 4417 2957 4472 τῆς
3018 4409 3206 4483 ψυχῆς
3271 4413 3339 4463 τὰ
3396 4411 3510 4462 θεῖα
3547 4410 3837 4485 περιαθρεῖ,

454 4499 578 4553 tem
603 4496 879 4554 animum
905 4499 1169 4554 exercuit
1199 4497 1277 4554 ad
1307 4497 1586 4554 habitum
1635 4503 1980 4572 statumque
2006 4500 2081 4556 hu

2232 4498 2514 4562 ἀπλήστως
2586 4508 2679 4552 τοῦ
2755 4500 2946 4553 ἐκεῖθεν
3031 4504 3197 4573 φωτὸς
3281 4499 3677 4574 έμφορούμενος.
3755 4499 3843 4562 Εἰς

446 4585 742 4660 jusmodi,
773 4591 903 4644 tum
955 4588 1206 4644 demum
1248 4591 1383 4650 Deo,
1433 4592 1734 4661 quantum
1766 4589 1858 4646 fas
1911 4593 2073 4657 est,t

2228 4592 2476 4649 τοιαύτην
2529 4608 2584 4643 τε
2645 4589 2747 4653 ἕξιν
2803 4594 2892 4642 καὶ
2946 4592 3275 4644 κατάστασιν
3337 4594 3439 4649 τὴν
3509 4589 3698 4662 ψυχὴν
3764 4588 3841 4654 ἑξ·-

454 4675 690 4745 similis,
722 4676 1098 4752 efﬁciturque
1125 4677 1558 4734 dilectissimus
1584 4678 1637 4734 ei
1673 4683 1854 4752 atque
1885 4680 2081 4737 charis

2226 4686 2490 4755 ασκήσας,
2523 4680 2808 4735 οἰκειοῦται
2839 4682 2950 4753 (62)
2981 4700 3118 4735 κατα
3144 4685 3238 4741 τὴν
3265 4678 3610 4757 ἕγχωροῦσαν
3651 4681 3839 4754 ὁμοίω-

451 4765 671 4823 simus:
700 4771 768 4823 ut
794 4767 901 4840 qui
927 4782 1158 4838 magno
1185 4773 1240 4823 et
1271 4768 1463 4825 arduo
1491 4768 1819 4826 certamine
1851 4771 2078 4828 exantla

2225 4789 2309 4825 σιν
2365 4780 2437 4844 τῷ
2495 4778 2629 4843 Θεῷ,
2685 4769 2966 4846 ἕπέραστός
3013 4791 3068 4825 τε
3128 4775 3219 4826 καὶ
3269 4770 3634 4834 ποθεινότατος
3695 4769 3837 4843 αὐτῷ

446 4859 530 4928 to,
545 4857 734 4914 invita
751 4858 929 4914 etiam
947 4857 1216 4915 materiae
1229 4857 1614 4928 admistione,
1631 4859 1837 4917 animo
1852 4875 1888 4918 a
1900 4876 2073 4935 corpc

2219 4866 2436 4935 γίνεταιο
2477 4858 2563 4915 οἶα
2601 4857 2670 4920 δὴ
2719 4865 2857 4935 μέγα
2892 4881 2946 4915 τι
2986 4856 3142 4915 ἆθλον
3203 4865 3295 4914 καὶ
3361 4857 3660 4919 δυσήνυτον
3715 4863 3838 4913 ἀνα·

444 4945 664 5005 ralium
693 4946 1083 5004 atl'ectionum
1111 4947 1364 5006 mistura
1390 4955 1723 5023 expurgato
1749 4966 1821 5006 ac
1853 4957 2071 5009 semotc

2217 4951 2361 5022 τλὰς,
2402 4955 2493 5005 καὶ
2552 4950 2608 5004 ἐκ
2658 4959 2757 5016 τῆς
2795 4954 2933 5006 κατά
2979 4956 3073 5012 τὴν
3127 4951 3252 5011 ὕλην
3295 4952 3636 5024 συγκράσεως
3675 4946 3834 5010 δυνη-

441 5036 703 5111 potuerit
725 5038 789 5094 in
815 5037 920 5094 Dei
946 5037 1320 5112 colloquium
1349 5040 1571 5098 venire.
1612 5043 1724 5101 Par
1744 5046 1833 5100 est
1851 5041 2068 5115 igiturt

2219 5043 2320 5105 θεὶς
2366 5040 2641 5120 ἀκραιφνεῖ
2687 5048 2778 5100 καὶ
2823 5046 3192 5120 κεχωρισμένῃ
3233 5049 3297 5117 τῇ
3341 5037 3558 5115 διανοίᾳ
3605 5048 3700 5105 τῆς
3727 5049 3828 5095 τῶν

513 5217 563 5255 ³³
593 5220 616 5274 Ι
647 5217 781 5276 Cor.
812 5233 915 5287 vn,
950 5221 1038 5276 33.

506 5395 804 5475 (58).Editi
853 5402 911 5475 et
939 5413 1098 5454 unus
1131 5413 1248 5454 ms.
1283 5399 1657 5474 ύποστηρίξαι.
1701 5399 1812 5457 Alii
1839 5404 2103 5475 quatuor

1952 5404 2103 5460 ttuor
2209 5401 2428 5466 Παῦλος.
2455 5401 2754 5460 Articulus
2782 5401 2846 5460 in
2871 5399 3134 5474 vulgatis
3166 5417 3298 5475 non
3329 5398 3579 5475 legitur.

433 5467 984 5546 ωξειξεῑτξσῖηρίξαιο
1028 5540 1040 5546 ,
1093 5544 1104 5546 _
1604 5541 1659 5546 _-
1718 5545 1724 5546 ,
1857 5467 1881 5475 “

1718 5545 1724 5546 γ
1857 5467 1881 5475 ’
2280 5478 2392 5546 (6t)
2421 5477 2658 5533 Veteres
2687 5475 2812 5532 duo
2839 5467 3203 5532 libri'roémv
3236 5471 3319 5529 δὴ.

497 5542 612 5666 (59)
652 5540 984 5597 ΜυΙῑῖωεε.
1018 5540 1304 5616 ἀνθρώποις
1329 5551 1440 5604 τῆς.
1465 5542 1618 5599 Editi
1638 5541 1930 5620 ἀνθρώποις
1959 5553 2097 5610 τοῖς.

522 5627 590 5666 ra
619 5611 810 5666 codex
836 5612 1002 5666 Colb.
1032 5617 1101 5666 ὡς
1131 5617 1461 5666 κυοιωτάτην
1504 5618 1662 5666 ἔνων.

2277 5540 2389 5620 (62)
2422 5547 2574 5603 Editi
2604 5551 2662 5604 et
2687 5563 2834 5604 mss.
2867 5547 3175 5604 οἰκειοῦται.
3203 5546 3310 5605 sed
3336 5545 3595 5606 fortasse
3613 5543 3825 5618 legen-

2203 5618 2350 5666 rlnm
2384 5623 2476 5666 est
2503 5620 2805 5666 ὁμοιοῦται-

427 5611 810 5693 ίηὲιῑεξκορίὲρξ
836 5612 1002 5693 (³911)-
1032 5611 1464 5693 εὲιέκυριωτοίῖφ
1504 5618 1662 5693 ἔχων·
1735 5611 1744 5620 ’

1177 5617 1464 5693 θριωτάτην
1504 5618 1662 5693 έχων.
1735 5611 1744 5620 ’
2203 5611 2476 5678 (ω’ωέςί
2503 5620 2804 5693 ὁμοιοῦται.

498 5682 615 5755 (60)
645 5683 797 5740 Editi
841 5687 975 5742 οὔτε.
1028 5689 1101 5744 At
1150 5682 1298 5745 mss.
1339 5683 1484 5740 οὐδέ.
1517 5682 1648 5746 Mox
1690 5704 1850 5747 unus
1889 5705 2006 5747 ms.
2064 5693 2092 5745 ό
