4120 6394
465 297 603 350 1327

1882 289 1942 343 8.
1982 285 2237 343 BASlUi
2276 291 2498 350 MAGNI

3710 313 3848 370 £388

459 419 540 474 ob
565 417 724 473 illius
747 416 1156 474 attentionem.
1190 416 1335 472 Vide
1363 416 1510 472 mihi
1537 416 1720 486 igitur
1741 415 1898 507 duos
1927 417 2085 507 statu

2227 412 2312 507 ἀφ’
2357 417 2426 467 ὧν
2483 416 2667 486 ίποίει,
2714 423 2810 478 τὴν
2849 416 2911 507 δε
2960 419 3250 487 ἀπεδέξατο
3288 423 3365 498 ἄγ’
3407 429 3489 491 οἷς
3534 440 3842 507 προσεῖχεν.

455 523 565 580 per
585 507 866 564 mulieres
892 506 1048 563 duas
1067 505 1393 578 designari,
1415 506 1668 562 alterum
1699 503 1947 578 quidem
1971 503 2117 558 infe-

452 597 696 667 riorem,
732 613 873 654 cum
895 597 1298 653 ministerium
1327 596 1524 665 magis
1547 594 1857 668 corporale
1882 591 2114 665 ample-

455 691 651 744 ctatur
682 690 1084 760 (quamquam
1104 691 1162 743 et
1189 687 1391 759 ipsum
1424 691 1512 742 est
1535 681 2115 754 utilissimum),alte-

451 791 590 833 rum
620 792 763 834 vero
789 777 1270 845 meliorem,cum
1291 775 1372 832 ad
1399 775 1829 847 mysteriorum
1851 775 2116 829 contem-

451 867 782 939 plationem
813 867 1122 931 ascendat,
1154 866 1474 938 magisque
1504 864 1830 938 spiritualis
1857 862 1949 918 sit.
1979 864 2114 918 Haec

450 960 534 1027 tu,
563 957 668 1029 qui
688 957 930 1014 auditor
950 973 1038 1025 es,
1072 956 1461 1028 spiritualiter
1490 955 1721 1027 accipe,
1741 957 1799 1009 et
1818 950 2112 1008 utrumvis

449 1044 806 1116 elige.0uod
831 1047 881 1102 si
905 1046 1247 1103 ministrare
1271 1045 1379 1113 vis,
1413 1045 1749 1101 ministrato
1776 1043 1842 1099 in
1864 1041 2111 1099 nomine

451 1136 684 1194 Christi.
719 1137 926 1194 Aiebat
945 1137 1108 1194 enim
1131 1137 1290 1210 ipse:
1321 1137 1627 1203 Quatenus
1653 1136 1876 1206 fecistis
1906 1135 2015 1190 uni
2039 1133 2112 1190 de

449 1227 541 1282 his
584 1228 888 1296 fratribus
935 1229 1078 1284 meis
1116 1228 1399 1294 minimis,
1447 1227 1601 1282 mihi
1625 1228 1851 1297 fecistis
1874 1227 1940 1280 ⁸⁵.
1977 1224 2108 1281 Sive

447 1316 610 1372 enim
635 1317 898 1389 excipias
921 1317 1211 1389 hospites,
1228 1317 1352 1372 sive
1382 1316 1694 1372 mendicos
1723 1313 2108 1384 reticias,sive

445 1405 787 1463 miserearis
820 1406 1177 1473 dolentium,
1208 1406 1330 1462 sive
1359 1405 1711 1462 auxiliarein
1740 1420 1996 1461 manum
2038 1403 2109 1458 iis

443 1493 550 1566 qui
571 1493 633 1549 in
655 1495 1007 1551 necessitate
1030 1511 1100 1551 ac
1119 1493 1460 1550 calamitate
1491 1495 1957 1562 constituuntur,
1975 1507 2111 1565 por-

440 1582 626 1652 rigas,
642 1583 765 1640 sive
801 1585 976 1656 536
1009 1584 1303 1640 inservias
1336 1582 2020 1654 aegrotantibus,recipit
2049 1582 2109 1637 in

443 1674 711 1746 seipsum
727 1675 992 1731 Christus
1005 1674 1341 1732 omnia.Sin
1355 1679 1556 1731 autem
1569 1673 1716 1729 velis
1729 1672 1973 1730 Mariam
1988 1671 2112 1727 imi‘

2223 503 2360 578 Ὅρα
2388 527 2479 579 μοι
2516 513 2690 560 τοίνυν
2719 512 2816 572 τὰς
2841 506 2938 562 δύο
2963 509 3182 586 μερίδας
3238 511 3334 568 διὰ
3378 526 3478 570 τῶν
3513 503 3612 573 δύο
3665 503 3847 594 γυναιδ

2223 602 2325 645 κῶν
2391 595 2730 670 εἰσαγομένας
2762 615 2776 628 ·
2843 604 2938 658 τὴν
2994 603 3084 673 μεν
3142 607 3269 676 μίαν
3321 604 3536 674 ἐλάττω,
3590 614 3687 668 τὴν
3727 608 3846 668 δια-

2222 688 2399 737 κονίαν
2446 689 2542 744 τὴν
2599 693 3037 764 σωματικωτίραν
3093 691 3358 765 ἑλομένην,
3417 696 3553 756 πλὴν
3614 701 3696 753 ὅτι
3751 721 3842 770 και

2223 772 2386 832 αὐτὴν
2459 779 2881 849 χρησιμωτάτην
2923 800 2937 814 ο
3013 783 3110 839 τὴν
3183 778 3244 836 δε
3318 782 3699 846 ἀναϐεϐηκυῖαν
3773 801 3838 866 τῇ

2225 864 2415 937 θεωρίᾳ
2484 874 2585 918 τῶν
2657 873 2965 942 μυστηρίων
3034 871 3308 946 κρείττονα
3389 881 3480 930 καὶ
3553 864 3839 953 πνευματω-

2221 958 2448 1029 κωτέραν
2508 956 2645 1027 (70).
2713 964 2891 1011 Ταῦτα
2948 963 3014 1012 σὺ
3082 962 3108 1012 6
3165 960 3430 1036 ἀκροατὴς
3476 979 3839 1040 πνευματικῶς

2221 1041 2526 1133 ἰλκλάμϐανε,
2596 1051 2694 1133 ,καὶ
2769 1048 2794 1100 ὃ
2872 1047 3028 1109 θέλεις
3101 1049 3323 1115 ἔκλεξαι.
3382 1054 3444 1108 Εἰ
3509 1059 3600 1128 μεν
3669 1057 3834 1133 βούλῃ

2222 1126 2502 1202 διακονεῖν,
2580 1131 2814 1188 διακόνει
2888 1137 2940 1190 έν
3011 1146 3084 1210 τῷ
3149 1140 3366 1214 ὀνόματι
3425 1152 3518 1197 τοῦ
3575 1153 3837 1220 Χριστοῦ.

2221 1221 2387 1284 Αὐτός
2433 1226 2535 1298 γὰρ
2594 1225 2760 1298 ἔλεγεν
2791 1247 2802 1259 ·
2857 1226 2962 1299 Ἐγ⁹
3011 1230 3132 1282 ὅσον
3181 1229 3463 1290 ἐποιήσατε
3507 1235 3583 1288 ἑνὶ
3642 1241 3839 1291 τούτων

2229 1319 2329 1364 τῶν
2388 1309 2619 1386 ἀδελφῶν
2685 1334 2786 1388 μου
2839 1325 2939 1368 τῶν
3002 1316 3318 1390 ἐλαχίστων,
3369 1320 3483 1396 ἐμοὶ
3541 1323 3836 1400 ἐποιήσατε,

2227 1399 2338 1454 Κάν
2382 1404 2484 1488 γὰρ
2541 1403 2714 1466 ξένους
2752 1402 2914 1480 δέχῃ,
2952 1405 3047 1458 κᾶν
3094 1415 3337 1483 πτωχούς
3395 1410 3687 1488 ἀναπαύῃς,

2217 1497 2328 1552 τοῖς
2376 1487 2722 1565 ὀδυνωμένοις
2781 1493 3104 1570 ἐπικάμπτη,
3159 1497 3255 1551 κᾶν
3280 1509 3392 1563 τοῖς
3417 1499 3466 1554 ίν
3510 1487 3710 1580 ἀνάγκη
3744 1511 3834 1560 καὶ

2223 1585 2467 1654 συμφορᾷ
2540 1589 2699 1655 χεῖρα
2775 1581 3026 1656 βοηθείας
3101 1584 3307 1661 ὀρίγης,
3386 1589 3482 1642 κᾶν
3540 1591 3834 1668 ἀῤῥὼστοις

2220 1668 2451 1756 ύπηρετῇ
2464 1689 2505 1736 ς,
2573 1673 2744 1724 πάντα
2800 1671 2888 1734 εἰς’
2925 1673 3103 1728 ἑαυτὸν
3144 1677 3170 1728 ό
3212 1683 3444 1752 Χριστὸς
3491 1679 3834 1756 ἀναδέχεται.

439 1763 716 1836 tari,quae
741 1763 946 1820 relicto
968 1764 1235 1837 corporis
1254 1765 1585 1821 ministerio
1604 1763 1682 1820 ad
1700 1762 2089 1836 spiritualium

2220 1757 2280 1810 Εἰ
2347 1753 2406 1811 δε
2471 1758 2619 1833 θέλῃς
2683 1765 2778 1820 τὴν
2836 1769 3044 1836 Μαρίαν
3105 1765 3344 1826 ζηλῶσαι
3399 1753 3832 1829 καταλελοιπυίαν

439 1853 927 1926 spectaculorum
957 1855 1532 1928 contemplationem
1559 1853 1980 1922 ascendit,hoc
2009 1867 2108 1908 ne-

439 1942 670 2013 gotium
719 1943 981 2016 legitime
1034 1949 1244 2001 tracta.
1287 1945 1577 2018 Relinque
1631 1960 1873 2018 corpus,
1901 1943 2108 1999 desere

440 2031 957 2102 agriculturam,et
974 2033 1372 2091 obsoniorum
1402 2034 1905 2107 compositionem
1924 2037 2107 2105 atque

438 2129 828 2197 apparatum,
860 2128 918 2180 et
937 2124 1206 2182 assideto
1238 2125 1318 2181 ad
1347 2125 1535 2198 pedes
1555 2123 1824 2194 ,Domini,
1851 2123 2107 2195 ejusque

436 2227 748 2270 sermones
774 2212 1213 2282 auscultato,ut
1239 2230 1603 2271 arcanorum
1634 2212 1963 2270 divinitatis
1993 2212 2108 2267 ﬁas

433 2303 754 2374 particeps.
789 2305 937 2358 Nam
956 2303 1384 2376 contemplatio
1414 2304 1920 2360 documentorum
1945 2303 2104 2386 Iesu,

434 2391 833 2450 ministerium
862 2392 1131 2466 corporis
1157 2392 1548 2450 transcendit.

508 2576 562 2630 2.
593 2572 890 2646 Accepisti
934 2571 1136 2645 igitur,
1158 2573 1532 2644 charissime,
1564 2572 1844 2646 exempla
1873 2589 1944 2630 ac
1975 2587 2106 2648 spe.

436 2661 654 2719 cimen.
685 2663 989 2719 Utrumvis
1021 2662 1330 2734 tumulare,
1358 2667 1462 2720 aut
1491 2662 1796 2734 egentium
1838 2667 1965 2719 esto
1996 2663 2104 2719 mi-

433 2752 639 2822 nister,
692 2757 797 2809 aut
854 2752 1212 2824 dogmatum
1269 2753 1482 2810 Christi
1521 2759 1775 2810 amator.
1831 2753 2005 2818 Quod
2051 2753 2102 2809 si

431 2847 607 2916 potes
650 2846 906 2915 utraque
957 2843 1200 2912 imitari,
1245 2843 1527 2915 utrinque
1569 2842 1790 2899 referes
1835 2841 2099 2900 fructum

435 2929 669 2988 salutis.
702 2932 932 2988 Primus
962 2936 1166 2990 tamen
1208 2938 1296 2989 est
1350 2919 1673 3005 spiritualis
1704 2947 1924 3003 sermo,
1957 2931 2097 2988 reli-

432 3035 558 3093 qua
585 3021 794 3078 omnia
819 3027 960 3077 sunt
1007 3024 1362 3095 posteriora.
1402 3023 1605 3078 Maria
1653 3021 1830 3089 enim,
1875 3021 2093 3095 inquit,

2218 1851 2313 1905 τὴν
2371 1855 2464 1900 τοῦ
2523 1855 2766 1922 σώματος
2823 1847 3114 1921 διακονίαν,
3173 1854 3440 1911 ἀναϐᾶσαν
3489 1856 3552 1914 δε
3595 1863 3665 1924 εἰς
3714 1866 3833 1918 θεω·

2218 1941 2336 2009 ρίαν
2409 1945 2511 1990 τῶν
2601 1949 2935 2013 πευματικῶν
3029 1946 3296 2017 θεαμάτων
3371 1949 3524 2020 (71),
3600 1958 3831 2024 γνησίως

2219 2024 2428 2098 μέτελθε
2481 2030 2538 2079 τὸ
2595 2035 2834 2103 πρᾶγμα.
2879 2030 3144 2086 Κατάλιπε
3189 2039 3249 2086 τό
3292 2044 3462 2108 σῶμα,
3516 2041 3668 2093 ἔασον
3709 2061 3838 2114 γεω-

2218 2120 2394 2188 ργίαν,
2447 2114 2724 2188 ὀψοποιίαν
2754 2137 2808 2172 τε
2845 2125 2935 2174 καὶ
2959 2128 3299 2197 παρασκευήν
3323 2141 3337 2155 °
3360 2128 3578 2182 κάθισον
3602 2125 3661 2183 δί
3688 2132 3830 2206 παρὰ

2219 2207 2339 2267 τούς
2385 2201 2558 2269 πόδας
2594 2215 2684 2260 τοῦ
2718 2214 2930 2282 Κυρίου,
2960 2216 3049 2264 καὶ
3077 2211 3302 2267 ἄκουσον
3339 2215 3500 2270 αὐτοῦ
3523 2227 3622 2271 τῶν
3641 2201 3822 2292 λόγων,

2222 2294 2306 2348 ἵνα
2332 2299 2570 2358 κοινωνὸς
2594 2302 2714 2371 γένῃ
2747 2307 2848 2352 τῶν
2877 2308 2974 2363 τῆς
3001 2304 3241 2367 θεότητος
3265 2313 3594 2384 μυστηρίων.
3618 2307 3677 2363 Ἦ
3722 2310 3824 2386 γὰρ

2222 2385 2415 2473 θεωρία
2443 2394 2540 2438 τῶν
2567 2387 2744 2445 Ἰησοῦ
2787 2391 3114 2464 μαθημάτων
3146 2391 3432 2455 ἀναϐέϐηκε
3459 2405 3550 2451 τοῦ
3593 2385 3830 2473 σώματος

2214 2480 2307 2533 τὴν
2330 2472 2622 2533 διακονίαν.

2286 2569 2340 2620 2.
2385 2565 2598 2629 Ἕλαϐες
2656 2572 2848 2642 τοίνυν,
2906 2569 3164 2646 ἀγαπητε,
3219 2576 3287 2628 τὰ
3323 2573 3694 2652 ὑποδείγματα
3745 2583 3832 2634 καὶ

2212 2658 2308 2732 τὴν
2373 2653 2660 2726 ἀπόδειξιν,
2717 2659 2962 2718 Ζηλωσον
3019 2661 3055 2714 ἁ
3113 2663 3285 2732 θελεις,
3342 2665 3372 2724 ἢ
3432 2661 3679 2732 διάκονος
3715 2671 3831 2724 έσοο

2211 2753 2462 2818 πτωχῶν,
2507 2747 2536 2806 ἢ
2587 2746 2816 2823 έραστὴς
2855 2745 3134 2824 δογμάτων
3173 2761 3429 2828 Χριστοῦ.
3456 2763 3518 2810 Εἰ
3557 2754 3617 2811 δε
3657 2755 3826 2812 δύνα-

2213 2852 2304 2886 σαι
2377 2833 2639 2911 ἀμφότερα
2717 2837 2973 2909 ζηλῶσαι,
3053 2841 3359 2917 ἑκατέρωθεν
3430 2843 3663 2923 ἀποφέρῃ
3735 2853 3825 2903 τόν

2209 2928 2407 2998 καρπόν
2438 2936 2529 2989 τῆς
2585 2935 2866 3002 σωτῆρίας.
2923 2937 3134 3005 Πρῶτος
3183 2937 3359 3006 μέντοι
3415 2933 3556 2989 ἔστὶν
3605 2939 3632 2990 ό
3669 2958 3825 2993 πνευ-

2206 3019 2422 3087 ματικός
2467 3015 2638 3090 λόγος,
2691 3021 2758 3072 τὰ
2811 3016 2870 3073 δε
2915 3019 3076 3075 λοιπὰ
3129 3024 3300 3076 πάντα
3347 3020 3590 3101 δεύτερα.
3641 3033 3823 3104 Μαρία

434 3109 648 3168 bonam
670 3118 912 3182 partem
966 3113 1163 3182 elegit.
1195 3112 1253 3168 Si
1282 3113 1460 3182 igitur
1499 3116 1556 3168 et
1588 3116 1652 3168 tu
1680 3111 1892 3168 Christi
1922 3111 2089 3184 cupis

2207 3109 2330 3180 γὰρ,
2387 3111 2540 3178 φησὶ,
2587 3111 2684 3166 τήν
2723 3107 2926 3181 ἀγαθὴν
2974 3107 3171 3184 μερίδα
3211 3111 3493 3176 ἐξελέξατο.
3526 3114 3618 3169 Ἀν
3647 3121 3818 3170 τοίνυν

432 3215 563 3257 esse
589 3207 842 3275 mystes,
885 3199 1156 3258 assideas
1204 3201 1284 3257 ad
1315 3201 1506 3274 ipsius
1531 3201 1739 3273 pedes,
1792 3201 2092 3274 suscipias

429 3289 621 3362 ipsius
652 3290 1067 3362 Evangelium,
1099 3289 1184 3347 ibi
1208 3290 1590 3364 derelinques
1638 3295 1826 3348 totam
1855 3307 1984 3348 rem
2013 3291 2096 3348 fa-

427 3379 747 3450 miliarem,
779 3386 838 3438 et
890 3397 1123 3438 vacuus
1148 3381 1228 3438 ab
1259 3381 1425 3437 omni
1455 3379 1855 3437 sollicitudine
1884 3383 2090 3455 deges,

425 3476 551 3534 imo
567 3471 747 3529 etiam
766 3471 1118 3528 obliviscere
1138 3472 1222 3528 tui
1238 3472 1430 3544 ipsius
1462 3472 1757 3545 corporis,
1790 3478 1848 3528 et
1875 3472 1959 3530 ita
1985 3473 2091 3529 de-

424 3575 597 3616 mum
627 3563 852 3634 poteris
891 3562 1264 3636 speculando
1313 3579 1453 3619 cum
1499 3563 1634 3636 ipso
1684 3562 1974 3636 colloqui,
2025 3566 2092 3619 ut

421 3648 674 3706 imiteris
728 3651 995 3721 Mariam,
1039 3667 1109 3710 ac
1159 3650 1416 3722 gloriam
1473 3667 1826 3724 supremam
1871 3667 2088 3709 conse-

421 3753 631 3810 quare.
660 3742 810 3798 Cum
839 3746 1043 3797 autem
1073 3757 1231 3810 oras,
1265 3756 1412 3797 cave
1445 3740 1565 3797 alia
1592 3756 1704 3814 pro
1729 3741 1859 3798 aliis
1907 3757 2088 3814 expo-

420 3843 578 3898 scas,
607 3834 663 3886 et
687 3831 1014 3887 Dominum
1043 3831 1257 3893 irrites,
1290 3845 1415 3886 non
1443 3831 1756 3903 pecunias,
1802 3847 1927 3887 non
1978 3831 2086 3888 hu-

415 3932 668 3976 manam
694 3920 972 3991 gloriam,
1000 3935 1126 3976 non
1155 3920 1512 3992 potentiam,
1545 3935 1670 3976 non
1705 3920 1872 3976 aliud
1900 3921 2078 3993 quid-

415 4022 603 4080 quam
635 4025 837 4066 rerum
884 4008 1191 4065 ﬂuxarum
1215 4025 1228 4071 ;
1253 4009 1358 4065 sed
1405 4017 1540 4082 pete
1564 4026 1823 4080 regnum
1852 4010 1974 4076 Dei,
2021 4015 2078 4068 et

413 4104 660 4156 cunctas
686 4115 782 4156 res
811 4098 1081 4172 corporis
1096 4099 1468 4156 necessarias
1487 4100 1591 4156 tibi
1610 4099 1705 4155 ille
1728 4100 2076 4172 suppedita-

408 4190 582 4244 turus
601 4192 714 4256 est,
737 4187 1265 4261 quemadmodum
1285 4190 1414 4262 ipse
1441 4189 1732 4246 Dominus
1758 4191 1871 4245 ait:
1907 4189 2071 4257 Quae-

407 4279 524 4333 rite
547 4293 801 4348 regnum
825 4280 1002 4345 Dei,et
1016 4280 1321 4350 justitiam
1345 4282 1555 4349 ejus,et
1583 4279 1708 4336 hac
1730 4281 1933 4336 omnia
1962 4281 2074 4337 ad-

393 4360 696 4439 jicientur
736 4368 899 4424 vobis
924 4370 993 4424 ⁸⁸.
1028 4368 1257 4441 Duplex
1291 4375 1382 4426 est
1431 4374 1654 4441 autem,
1686 4369 2063 4436 charissime,

2205 3199 2295 3246 καὶ
2361 3197 2426 3247 σύ
2501 3195 2652 3270 θέλῃς
2715 3199 2922 3269 μύστης
2978 3207 3108 3252 εῖναι
3149 3209 3409 3275 Χριστοῦ,
3473 3205 3811 3279 παρακαθέζη

2204 3287 2295 3356 μεν
2327 3283 2488 3336 αὐτοῦ
2531 3293 2642 3348 τοῖς
2670 3291 2822 3355 ποσὶ,
2861 3284 3000 3362 δέχῃ
3059 3286 3119 3343 δε
3160 3290 3323 3344 αὐτοῦ
3374 3297 3433 3346 τὸ
3481 3293 3812 3366 Εύαγγέλιον,

2204 3373 2533 3446 καταλείψεις
2573 3375 2734 3430 αὐτοῦ
2781 3376 2896 3430 ὅλον
2924 3382 3012 3432 τὸν
3044 3377 3186 3454 βίον,
3218 3387 3309 3434 καὶ
3354 3381 3651 3457 ἀμερίμνως
3680 3381 3717 3438 δ
3721 3389 3814 3438 ιοί-

2207 3481 2311 3526 σεις
2340 3485 2354 3498 ·
2414 3463 2750 3548 έπιλησθῂση
2802 3464 2863 3521 δε
2923 3474 3013 3522 καὶ
3068 3477 3161 3523 τοῦ
3207 3467 3349 3525 ἰδίου
3401 3477 3664 3546 σώματος,
3723 3482 3810 3530 καὶ

2203 3554 2336 3606 οὕτω
2395 3551 2602 3629 δυνήσῃ
2653 3554 3135 3632 προσδιαλέγεσθαι
3190 3559 3353 3614 αὐτοῦ
3394 3569 3506 3626 τοῖς
3547 3566 3815 3641 θεωρήμα-

2203 3661 2305 3712 σιν,
2353 3645 2435 3697 ἶνα
2469 3645 2708 3720 ζηλώσῃς
2736 3653 2966 3722 Μαρίαν,
3009 3654 3099 3702 καὶ
3128 3654 3224 3709 τὴν
3279 3649 3525 3705 ἀνωτάτω
3553 3659 3808 3728 καρπώσῃ

2199 3727 2383 3794 δόξαν,
2445 3740 2872 3810 Προσευχόμενος
2917 3734 2996 3806 δὲ,
3057 3739 3156 3813 ὅρα
3190 3743 3263 3813 μὴ
3320 3739 3453 3794 ἄλλα
3505 3727 3807 3796 ἀντόῖλλων

2197 3821 2438 3896 αἰτήσῃς,
2471 3827 2561 3878 καὶ
2603 3832 2937 3901 παροργίσῃς
2992 3831 3081 3881 τόν
3132 3833 3343 3903 Κύριον,
3389 3835 3462 3904 μὴ
3523 3837 3803 3908 χρήματα,

2191 3916 2262 3984 μὴ
2310 3909 2470 3976 δόξαν
2526 3913 2874 3990 ἀνθρωπίνην,
2936 3923 3009 3992 μὴ
3071 3915 3407 3991 δυναστείαν,
3448 3926 3518 3995 μὴ
3568 3921 3693 3976 ἄλλο
3749 3941 3804 3976 τι

2189 4009 2290 4054 τῶν
2345 4008 2750 4078 παρερχομένων
2777 4019 2791 4034 ⁸
2861 4005 2992 4060 ἀλλά
3046 4012 3178 4063 αἴτει
3237 4015 3334 4070 τὴν
3373 4009 3649 4084 βασιλείαν
3708 4021 3804 4066 τοῦ

2189 4097 2342 4160 Θεοῦ,
2395 4099 2486 4146 καὶ
2537 4097 2709 4148 πάντα
2755 4099 2821 4149 τὰ
2862 4101 2990 4171 πρὸς
3035 4103 3131 4158 τὴν
3174 4104 3363 4176 χρείαν
3416 4108 3509 4154 τοῦ
3562 4108 3805 4176 σώματος

2184 4179 2339 4242 αὑτός
2411 4201 2496 4236 σοι
2535 4184 2767 4260 παρέξει,
2830 4189 3007 4250 καθώς
3070 4207 3228 4262 φησιν
3281 4189 3436 4252 αὐτὸς
3489 4192 3515 4243 6
3567 4193 3753 4268 Κύριος
3787 4213 3800 4227 ·

2181 4277 2393 4330 Ζητεῐτε
2464 4278 2559 4333 τὴν
2636 4273 2912 4348 βασιλείαν
2984 4286 3079 4332 τοῦ
3149 4287 3304 4346 Θεοῦ,
3381 4285 3472 4334 καὶ
3545 4285 3642 4340 τήν
3721 4279 3804 4336 δι-

2178 4365 2463 4423 καιοσύνην
2533 4365 2695 4420 αὐτοῦ
2725 4409 2739 4434 ,
2798 4373 2890 4422 καὶ
2962 4377 3131 4423 ταῦτα
3203 4371 3375 4423 πάντα
3441 4373 3801 4446 προστεθήσε..

402 4457 622 4513 orandi
639 4458 860 4514 modus
893 4474 906 4512 :
938 4457 1086 4516 alter
1104 4457 1356 4531 quidem
1387 4459 1537 4514 situs
1561 4465 1652 4516 est
1679 4459 1741 4515 in
1771 4460 2068 4531 gloriﬁca-

2210 4472 2265 4506 αι
2317 4453 2458 4527 ύμῖν.
2489 4461 2802 4530 Προσευχῆς
2833 4455 2912 4528 δε,
2946 4457 3207 4532 ἀγαπητε,
3259 4456 3358 4513 δύο
3407 4459 3511 4515 εἰσὶ
3561 4465 3798 4537 πρόποιο

400 4547 562 4604 tione
581 4563 720 4604 cum
751 4547 1091 4605 humilitate
1115 4565 1128 4614 ;
1163 4548 1312 4605 alter
1349 4565 1492 4605 vero
1521 4550 1628 4622 qui
1657 4551 1798 4607 huic
1817 4551 2064 4609 inferior

398 4643 508 4707 est,
534 4639 597 4694 in
627 4639 932 4712 petitione.
966 4639 1116 4696 Cum
1146 4656 1289 4711 ergo
1337 4657 1495 4711 oras,
1529 4641 1715 4698 nolito
1742 4642 2060 4700 confestim

396 4727 478 4785 ad
504 4729 854 4800 petitionem
884 4729 1201 4786 accedere:
1238 4730 1332 4786 sin
1363 4730 1618 4799 aliter,in
1649 4736 1816 4788 tuam
1847 4732 2061 4788 volun-

392 4821 577 4875 tatem
604 4818 668 4874 id
687 4819 956 4875 criminis
983 4819 1187 4889 infers,
1218 4819 1388 4894 quod
1415 4822 1770 4878 necessitate
1798 4821 2054 4880 adactus

389 4922 602 4980 preces
630 4911 751 4966 Deo
797 4908 1112 4967 adhibeas.
1168 4913 1318 4968 Cum
1343 4910 1524 4981 igitur
1551 4911 1884 4983 ingrederis
1913 4929 2054 4987 pre-

388 4997 532 5067 cari,
562 4998 835 5071 relinque
866 4999 1153 5072 teipsum,
1203 5016 1476 5064 uxorem,
1522 5001 1782 5072 liberos;
1841 5003 2052 5063 desere

383 5091 632 5157 terram,
654 5088 1014 5146 transcende
1046 5089 1287 5160 caalum,
1318 5090 1671 5166 derelinque
1696 5107 1943 5153 omnem
1963 5094 2050 5153 vi-

455 5250 503 5288 ⁸⁵
533 5251 730 5311 Matth.
760 5269 902 5323 xxv,
933 5256 1022 5312 40.
1100 5255 1147 5293 ⁸⁵
1177 5254 1376 5313 Matth.
1398 5272 1478 5320 xi,
1501 5260 1592 5314 33.

452 5395 566 5481 (:70)
617 5396 864 5482 Antiqui
917 5397 1045 5482 duo
1084 5398 1222 5456 libri
1271 5416 1538 5482 κρείττονα
1585 5405 1675 5454 καί
1705 5401 2038 5482 τελειοτέραν.

452 5419 566 5464 μυ]
617 5419 864 5469 Ληιιᾳω
922 5419 1045 5454 auo
1084 5419 1222 5456 uDrl
1271 5421 1301 5452 x
1340 5419 1538 5454 ειττονα
1585 5421 1675 5454 και
1705 5419 2038 5462 τελειοτέραν.

377 5469 578 5544 Ταῦτα,
616 5471 1118 5544 praestantiorem
1166 5419 1728 5544 per/fectioremque.
1782 5461 2044 5536 Nec'ita

378 5536 570 5615 multo
596 5539 718 5596 duo
745 5542 1007 5615 ῃιεενληεὶΔ
1029 5546 1118 5615 μὲν
1154 5536 1352 5615 βούλει.
1387 5547 1521 5601 Mox
1568 5536 1751 5604 iidem
1803 5565 1952 5608 mss.
1991 5549 2040 5604 έν

375 5617 450 5680 τῷ
480 5613 714 5682 ονόματι.
744 5613 970 5673 Vocula
990 5613 1039 5667 ἐν
1063 5613 1277 5674 aberat
1296 5632 1334 5676 a
1363 5617 1645 5690 vulgatis.

2175 4543 2202 4595 6
2231 4546 2322 4615 μὲν
2367 4545 2394 4596 ό
2422 4554 2520 4608 τῆς
2569 4543 2876 4619 δοξολογίας
2928 4551 3059 4622 μετά
3111 4553 3588 4625 ταπεινοφροσύνης
3611 4572 3625 4586 ο
3667 4549 3797 4606 δεύ-

2175 4651 2324 4706 τερος
2356 4631 2416 4687 δὲ
2459 4637 2485 4686 6
2527 4644 2624 4698 τῆς
2653 4636 2909 4699 αἰτήσεως
2950 4637 3306 4702 ὑποϐεϐηκὼς.
3358 4645 3797 4716 Προσευχόμονος

2191 4717 2301 4792 οὖν,
2329 4727 2400 4796 μὴ
2444 4723 2624 4787 εύθέως
2663 4724 2747 4779 ἐπὶ
2786 4729 2998 4786 αἴτησιν
3029 4730 3192 4804 ἔρχου
3224 4745 3238 4760 ·
3287 4728 3332 4783 εἰ
3374 4726 3436 4783 δέ
3477 4736 3635 4804 μήγε,
3677 4728 3796 4786 δια·

2183 4812 2387 4904 ϐάλλεις
2414 4836 2509 4870 σου
2548 4822 2642 4877 τὴν
2679 4823 3012 4894 προαίρεσιν,
3065 4823 3130 4883 ὡς
3176 4822 3278 4875 ὑπὸ
3323 4830 3420 4884 τῆς
3445 4828 3632 4898 χρείας
3673 4824 3792 4904 (72)

2166 4901 2585 4980 ἀναγκαζόμενος
2630 4912 2909 4985 προσεύχῃ
2961 4918 3036 4982 τῷ
3083 4919 3220 4984 Θεῷ.
3256 4912 3577 4986 Ἀρχόμενος
3617 4901 3788 4968 τοίνον

2161 5004 2492 5069 προσευχῆς,
2523 4996 2778 5051 κατάλιπε
2825 5002 3064 5070 σεαυτόν,
3094 5007 3343 5073 γυναῖκα,
3372 5005 3528 5056 τέκνα
3551 5015 3568 5033 ⁸
3629 5004 3784 5058 έασον

2160 5087 2256 5144 τήν
2317 5093 2439 5158 γῆν,
2513 5085 2770 5162 ὑπέρϐηθι
2830 5086 3068 5163 οὐρανὸν,
3135 5089 3390 5147 κατάλιπε
3449 5099 3627 5148 πᾶσαν
3695 5095 3783 5154 τὴν

2226 5409 2340 5480 (71)
2363 5410 2553 5492 _Unu_s_.
2585 5427 2701 5492 ms.
2723 5411 2977 5492 perinde
2998 5419 3063 5473 ut
3091 5415 3234 5473 editi
3268 5412 3639 5492 θεωρημάτων.
3668 5415 3772 5474 Ve"-

2153 5482 2311 5558 teres
2341 5481 2462 5558 d_uo
2488 5482 2624 5540 libri
2657 5481 2954 5558 θεαμάτων.

2224 5555 2338 5624 (72)
2361 5555 2508 5626 Reg.
2535 5555 2846 5615 secundus
2883 5562 3079 5634 χρείας
3102 5577 3222 5618 σου.
