4120 6418
356 415 378 468 1
391 414 494 469 329

1497 398 2094 462 CONSTITUTIONES
2133 397 2573 457 MONASTlC/E.

3587 405 3727 459 1330

349 538 525 589 κτίσιν
571 534 761 607 ὀρατὴν
813 550 868 585 τε
912 536 1006 584 καὶ
1060 531 1303 605 ἀόρατον,
1347 534 1439 582 καὶ
1486 527 1643 602 ἄρξαι
1673 526 1774 580 ἀπὸ
1807 522 1925 588 δοξο

2070 522 2307 579 sibilem
2329 539 2400 579 ac
2428 523 2797 581 invisibilem
2827 528 3186 594 creaturam,
3216 529 3273 584 et
3302 526 3500 600 incipe
3529 543 3566 584 a
3592 528 3692 598 glo

349 624 530 698 λογίας
557 632 651 677 τοῦ
689 627 1010 682 ποιήσαντος
1034 622 1101 673 τά
1127 622 1318 689 πάντα,
1345 623 1437 671 καὶ
1493 621 1616 672 ὅταν
1666 615 1701 670 δ
1705 615 1949 687 οξολογή-

350 734 452 788 cy;
496 715 674 781 αὐτὸν,
727 717 799 786 μὴ
858 710 1187 783 πλανώμενος
1231 713 1317 762 τὸν
1363 716 1482 761 νοῦν
1543 705 1648 762 ὧδε
1713 705 1948 770 κάκεῖσε,

346 801 486 878 μηδε
561 803 864 862 Ἑλληνικῶς
942 799 1263 873 μυθολογῶν,
1320 795 1426 851 ἀλλ’
1489 797 1590 851 ἀπὸ
1632 805 1732 849 τῶν
1787 795 1946 867 ἁγίων

345 898 560 966 Γραφῶν
621 892 967 964 ἐκλεγόμενος,
1022 895 1114 942 καὶ
1163 887 1345 960 λέγων·
1393 888 1602 959 Εὑλογῶ
1653 906 1729 950 σε,
1766 889 1944 961 Κύριε,

341 985 432 1038 τὸν
487 984 847 1056 μακρόθυμον,
902 985 992 1033 καὶ
1042 978 1360 1045 ἀνεξίκακον,
1409 981 1497 1030 τὸν
1549 976 1666 1030 καθ’
1719 976 1946 1034 εκάστην

342 1073 542 1146 ἧμέρσν
589 1072 1029 1144 μακροθυμοῡντά
1075 1087 1167 1142 μοι
1218 1067 1620 1140 πλημμελοῦντι,
1666 1072 1755 1119 καὶ
1786 1063 1948 1118 δόντα

339 1159 579 1224 ἐξουσίαν
629 1166 791 1213 πᾶσιν
833 1161 960 1232 ἡμῖν
1003 1162 1298 1230 μετανοίας.
1349 1160 1445 1210 Διὰ
1501 1159 1600 1229 γὰρ
1640 1163 1792 1209 τοῦτο
1823 1175 1944 1208 σιω-

339 1257 456 1322 πᾷς,
488 1255 578 1303 καὶ
608 1249 772 1323 ἀνέχῃ
802 1251 971 1323 ἡμῶν,
1007 1251 1182 1323 Κύριε,
1219 1249 1303 1300 ἵνα
1362 1267 1420 1300 σε
1451 1243 1808 1320 δοξολογῶμεν
1855 1249 1944 1298 τὸν

336 1339 710 1401 οἱκονομοῡντα
757 1346 852 1392 τοῦ
906 1342 1089 1410 γένους
1140 1339 1288 1410 ἡμῶν
1353 1341 1446 1396 τὴν
1503 1340 1786 1411 σωτηρίαν·
1819 1339 1944 1389 ποτε

334 1431 428 1502 μὶν
475 1425 570 1482 διὰ
622 1427 790 1501 φόϐων
830 1430 968 1500 (73)·
1000 1426 1180 1480 ἄλλοτε
1215 1423 1248 1478 δ
1253 1430 1274 1480 ε
1300 1423 1394 1479 διὰ
1421 1430 1792 1499 παραινέσεων,
1817 1429 1943 1479 ποτε

337 1514 398 1571 δε
445 1514 540 1571 διὰ
589 1525 888 1592 προφητῶν,
939 1517 1155 1592 ὕστερον
1195 1512 1256 1569 δε
1287 1512 1380 1568 διὰ
1408 1523 1499 1576 τῆς
1527 1520 1819 1589 παρουσίας
1847 1522 1939 1567 τοῦ

336 1603 574 1680 Χριστοῦ
621 1626 716 1660 σου
769 1605 1182 1678 ἐπισκεψάμενος
1237 1608 1396 1678 ἡμᾶς.
1465 1608 1533 1658 Σὺ
1584 1607 1684 1678 γὰρ
1713 1604 1940 1666 ἔπλασας

333 1695 496 1768 ἡμᾶς,
527 1701 617 1749 καὶ
641 1697 747 1768 οὐχ
769 1699 934 1769 ἡμεῖς.
969 1700 1037 1748 Σὺ
1065 1703 1110 1748 εἰ
1138 1697 1165 1747 ὁ
1191 1698 1319 1756 Θεὸς
1338 1697 1368 1754 ἠ
1376 1703 1504 1768 μῶν.

400 1789 458 1842 3.
485 1785 646 1838 Ὀταν
668 1783 730 1840 δι
755 1783 1112 1858 δοξολογήσης
1139 1784 1241 1838 ἀπό
1270 1795 1372 1838 τῶν
1397 1792 1631 1860 Γραφῶν,
1663 1788 1732 1848 ὡς
1777 1783 1935 1840 δύνα-

2063 614 2399 670 riﬁcatione
2431 615 2756 671 conditoris
2782 615 3225 686 universorum,
3259 621 3317 674 et
3355 617 3459 673 ubi
3487 618 3603 690 ipsi
3629 618 3730 675 de-

2061 704 2219 760 deris
2245 705 2501 775 gloriam
2532 720 2608 760 ne
2643 719 2863 775 vagare
2894 707 3093 760 mente
3117 705 3237 760 huc
3258 710 3315 762 et
3332 706 3494 772 illuc,
3526 723 3726 780 neque

2058 796 2404 850 Graecorum
2419 809 2586 850 more
2609 809 2850 850 enarres
2872 792 3132 861 fabulas,
3163 794 3271 849 sed
3297 811 3476 868 carpe
3491 796 3566 852 de
3589 813 3726 852 san-

2057 885 2165 941 ctis
2188 883 2523 957 Scripturis,
2555 888 2614 940 et
2640 883 2774 939 dic:
2807 884 3076 950 Domine,
3106 883 3422 947 benedico,
3458 885 3586 957 tibi,
3611 885 3724 942 cle'

2057 974 2248 1030 menti
2267 980 2323 1030 et
2350 972 2624 1030 toleranti
2654 973 2978 1043 malorum,
3003 972 3108 1046 qui
3137 989 3236 1028 me
3265 973 3535 1045 quotidie
3581 991 3721 1048 pec-

2057 1068 2297 1120 cantem
2326 1063 2444 1119 fers
2477 1063 2794 1136 patienter,
2818 1067 2874 1118 et
2903 1062 3189 1119 omnibus
3215 1062 3393 1118 nobis
3424 1063 3720 1134 poeniten-

2057 1153 2151 1208 tiaa
2170 1152 2423 1224 agendae
2443 1153 2792 1208 facultatem
2821 1153 3076 1224 prmbes.
3101 1151 3328 1208 Idcirco
3349 1152 3509 1208 enim
3533 1158 3720 1223 taces,

2056 1258 2127 1299 ac
2159 1258 2272 1299 nos
2306 1242 2587 1310 sustines,
2648 1242 2920 1311 Domine,
2969 1245 3036 1297 ut
3089 1241 3197 1298 tibi
3257 1242 3499 1312 generis
3525 1243 3719 1299 nostri

2055 1331 2312 1388 salutem
2396 1331 2736 1388 moderanti
2808 1331 3150 1387 tribuamus
3240 1332 3558 1402 gloriam:
3612 1333 3719 1405 qui

2054 1421 2238 1477 modo
2269 1420 2565 1492 terrendo,
2600 1420 2786 1477 modo
2816 1420 3219 1490 admonendo,
3241 1421 3429 1478 modo
3449 1437 3558 1494 per
3576 1437 3714 1494 pro-

2051 1511 2288 1583 phetas,
2315 1515 2690 1583 postremum
2715 1526 2823 1583 per
2853 1510 3182 1566 adventum
3213 1510 3423 1567 Christi
3465 1511 3551 1567 tui
3597 1527 3713 1568 nos

2049 1600 2321 1658 visitasti.
2353 1601 2444 1657 Tu
2473 1601 2634 1657 enim
2660 1601 2887 1656 tinxisti
2917 1616 3051 1672 nos,
3081 1615 3207 1657 non
3226 1604 3429 1656 autem
3457 1601 3574 1674 ipsi
3596 1616 3713 1659 nos

2048 1693 2133 1746 Tu
2163 1707 2227 1747 es
2252 1693 2408 1746 Deus
2434 1692 2727 1747 noster".

2120 1784 2174 1837 3.
2209 1783 2359 1836 Cum
2387 1785 2587 1836 autem
2618 1795 2729 1852 pro
2757 1779 2984 1836 viribus
3013 1795 3088 1836 ex
3131 1779 3456 1852 Scripturis
3489 1780 3710 1852 gloriﬁ-

332 1892 444 1942 σαι,
494 1879 583 1929 καὶ
651 1873 962 1950 ἅναπίμψης
1013 1872 1152 1928 αἶνον
1203 1878 1335 1950 πρὸς
1384 1879 1472 1928 τὸν
1520 1879 1666 1942 Οεὸν,
1699 1879 1812 1928 τότε
1842 1879 1925 1949 ἄρ·

2051 1869 2301 1939 caveris,
2320 1869 2790 1942 laudaverisque
2803 1870 3012 1941 Deum,
3029 1874 3156 1926 tum
3169 1869 3368 1926 ordire
3383 1869 3706 1934 humiliter,

329 1983 436 2036 χου
467 1964 584 2036 (78)
605 1967 736 2037 μετὰ
789 1967 1288 2040 ταπεινοφροσύνης,
1343 1970 1433 2018 καὶ
1478 1963 1610 2036 λέγε.
1657 1965 1788 2037 Ἐγὼ
1818 1969 1930 2038 μὲν,

334 2054 510 2127 Κύριε,
531 2053 629 2106 οὐκ
652 2053 760 2127 εἰμί
785 2054 926 2117 ἄξιος
947 2053 1031 2107 ἐπὶ
1053 2062 1150 2107 σοῦ
1181 2055 1526 2126 φθέγξασθαι,
1559 2051 1702 2108 διότι
1725 2051 1936 2128 σφόδρα

328 2139 634 2216 ἁμαρτωλὸς
669 2144 946 2216 τυγχάνω.
972 2141 1078 2198 [ἂν
1117 2147 1190 2216 μη
1221 2141 1468 2205 σύνοιδάς
1495 2163 1549 2195 τι
1573 2151 1775 2214 σεαυτῷ
1805 2151 1934 2216 φαῦ-

326 2229 433 2300 λον,
458 2235 594 2284 οὕτω
615 2236 729 2307 χρὴ
764 2251 822 2286 σε
850 2231 1033 2304 λέγειν.
1069 2229 1252 2294 Οὐδεὶς
1277 2235 1379 2308 γὰρ
1403 2232 1768 2306 ἀναμάρτητος
1797 2233 1929 2306 εἰμὴ

328 2324 486 2392 μόνος
547 2322 576 2374 ὀ
625 2325 774 2383 Θεὸς.
842 2320 1012 2374 Πολλὰ
1048 2325 1152 2394 γὰρ
1182 2322 1579 2396 ἁμαρτάνοντες,
1627 2325 1691 2374 τὰ
1714 2321 1934 2376 πλεῖστα

325 2412 444 2463 οὔτε
510 2414 761 2483 συνίεμεν.
836 2413 931 2462 Διά
958 2418 1112 2464 τοῦτο
1156 2416 1313 2483 φησὶν
1344 2413 1369 2463 ὁ
1396 2410 1727 2472 Ἀπόστολος·
1761 2409 1930 2464 Οὐδὲν

325 2497 534 2572 ἰμαυτῷ
613 2495 858 2564 σύνοιδα,
904 2498 1013 2552 ἀλλ’
1059 2500 1154 2552 οὐκ
1210 2499 1260 2552 ἐν
1325 2503 1493 2572 τούτῳ
1551 2497 1925 2575 δεδικαίωμαι·

324 2592 586 2657 τουτέστι,
636 2587 802 2642 πολλὰ
858 2589 1162 2665 ἁμαρτάνω,
1207 2594 1299 2643 καὶ
1349 2591 1409 2642 οὐ
1451 2590 1811 2648 συνιῶ,”Οθεν
1839 2597 1930 2646 καὶ

323 2677 352 2730 ὁ
419 2682 702 2750 Προφήτης
781 2684 932 2751 φησί·
1005 2684 1417 2753 Παραπτὼματα
1480 2685 1557 2740 τίς
1625 2687 1842 2740 συνήσει
1912 2697 1926 2748 ;

320 2764 483 2820 Ὥστε
507 2763 596 2819 οὖν
634 2767 694 2820 οὐ
713 2764 885 2841 ψεύδῃ
910 2767 1215 2842 ἄμαρτωλόν
1249 2772 1465 2822 σεαυτὸν
1496 2769 1670 2839 εἰπὼν,
1711 2771 1772 2824 Εἰ
1825 2774 1926 2847 γὰρ

325 2863 514 2917 συνιεῖς
571 2858 710 2928 (75),
763 2862 854 2910 καὶ
885 2857 1026 2928 αὐτῷ
1055 2861 1226 2929 τούτῷ
1255 2858 1590 2933 ἁμαρτάνεις,
1623 2868 1696 2930 τῷ
1740 2859 1924 2932 λέγειν,

323 2946 427 2999 ὅτι.
489 2945 602 2997 Οὐκ
666 2945 775 3019 εἰμί
851 2946 1174 3022 ἁμαρτωλὸς·
1232 2947 1360 3001 ἀλλὰ
1412 2949 1602 3022 μᾶλλον
1657 2951 1790 3022 λέγε,
1847 2954 1928 3004 ὅτι

320 3030 470 3108 ’Υπίρ
491 3037 612 3097 τούς
635 3034 976 3109 ἁμαρτωλοὺς
999 3039 1194 3099 πάντας
1217 3040 1334 3109 (76)
1361 3038 1462 3111 ἐγώ
1511 3039 1618 3112 εἰμι
1671 3041 1697 3092 ὁ
1749 3059 1926 3114 παρα-

322 3121 509 3176 ϐαίνων
553 3128 613 3176 τὸ
674 3127 808 3179 θεῖον
863 3131 1185 3201 πρόσταγμα
1220 3132 1279 3180 τὸ
1318 3128 1541 3184 κελεῦον.
1573 3129 1734 3182 Ὅταν
1763 3132 1927 3184 τάντα

2048 1973 2120 2015 ac
2143 1958 2242 2015 dic
2266 1976 2279 2014 :
2308 1959 2373 2014 Ei
2388 1958 2637 2032 quidem
2652 1975 2778 2015 non
2799 1975 2936 2015 sum
2957 1959 3201 2030 dignus,
3218 1959 3601 2032 Domine,qui
3619 1959 3708 2016 lo-

2044 2062 2200 2120 quar
2228 2063 2437 2104 coram
2467 2053 2542 2118 te,
2570 2048 2858 2120 quoniam
2907 2047 3085 2104 valde
3119 2052 3402 2121 peccator
3448 2064 3608 2105 sum.
3640 2052 3708 2107 Et

2041 2137 2179 2194 licet
2220 2137 2448 2194 nullius
2488 2137 2636 2194 mali
2682 2137 2788 2194 tibi
2839 2140 3120 2194 conscius
3170 2138 3273 2206 sis,
3318 2142 3520 2195 tamen
3543 2139 3626 2196 ita
3645 2143 3706 2195 te

2043 2231 2280 2300 oportet
2322 2227 2539 2284 dicere.
2593 2230 2778 2284 Nemo
2807 2227 2974 2284 enim
3018 2229 3149 2284 sine
3179 2232 3432 2301 peccato
3453 2233 3558 2299 est,
3585 2229 3708 2286 nisi

2043 2317 2206 2374 solus
2228 2320 2404 2374 Deus.
2433 2319 2586 2374 Nam
2616 2333 2757 2374 cum
2785 2323 3035 2390 peccata
3072 2319 3242 2390 537
3295 2318 3489 2374 multa
3533 2334 3706 2375 com-

2041 2407 2376 2480 mittamus,
2432 2412 2636 2463 tamen
2670 2423 2746 2463 ne
2794 2407 3184 2478 intelligimus
3215 2408 3463 2481 quidem
3493 2423 3706 2465 eorum

2041 2497 2379 2554 maximam
2421 2502 2680 2570 partem.
2731 2499 3114 2570 Quapropter
3156 2496 3300 2554 dicit
3327 2497 3652 2570 Apostolus
3685 2515 3699 2554 :

2038 2587 2213 2644 Nihil
2234 2587 2386 2644 mihi
2403 2588 2674 2644 comicus
2691 2588 2952 2657 sum,sed
2972 2603 3093 2643 non
3113 2588 3176 2643 in
3201 2588 3310 2643 hoc
3321 2589 3705 2657 justiﬁcalus

2038 2692 2170 2733 sum
2193 2678 2261 2745 ³⁸,
2290 2677 2406 2734 hoc
2435 2682 2543 2748 est,
2570 2677 2886 2734 committo
2916 2677 3109 2733 multa
3130 2681 3401 2750 peccata,
3447 2693 3560 2734 nec
3606 2683 3702 2735 ta-

2038 2783 2179 2824 men
2206 2783 2280 2825 ea
2307 2782 2634 2838 cognosco.
2662 2767 2828 2823 Unde
2854 2767 2936 2824 ait
2965 2782 3211 2840 quoque
3231 2767 3571 2840 Propheta:
3601 2769 3706 2825 De-

2039 2857 2186 2913 licta
2228 2857 2364 2928 quis
2400 2857 2764 2926 intelliget"9
2791 2861 2820 2912 ?
2843 2860 3038 2922 Quare
3087 2871 3213 2912 non
3260 2855 3533 2912 mentiris
3562 2873 3705 2914 cum

2037 2948 2299 3021 teipsum
2321 2947 2472 3003 dicis
2497 2951 2898 3020 peccatorem.
2922 2947 3154 3003 Etenim
3183 2947 3233 3002 si
3253 2947 3337 3003 ita
3362 2962 3496 3004 esse
3521 2962 3706 3004 nove-

2034 3037 2136 3099 ris,
2164 3036 2428 3093 etiamin
2446 3037 2562 3092 hoc
2587 3037 2725 3108 ipso
2740 3051 2983 3108 peccas,
3011 3035 3178 3109 quod
3192 3035 3342 3092 dicis
3368 3053 3382 3088 :
3412 3039 3542 3092 Non
3565 3053 3703 3094 sum

2035 3129 2351 3199 peccator:
2381 3125 2488 3182 sed
2519 3126 2624 3199 qui
2654 3125 2856 3198 potius
2890 3141 2902 3178 :
2933 3128 3118 3181 Pecco
3147 3140 3259 3196 ego
3289 3124 3484 3196 magis
3513 3141 3704 3198 quam

320 3217 711 3290 κατορθώσητε,
768 3216 957 3288 λέγετε,
1016 3219 1098 3271 ὃτι
1167 3219 1404 3294 Ἀχρεῖοι
1485 3217 1666 3274 δοῦλοι
1747 3219 1920 3294 ἔσμεν·

2039 3216 2231 3273 caeteri
2273 3219 2641 3288 peccatores,
2691 3213 2798 3287 qui
2841 3214 3064 3271 violem
3108 3213 3258 3270 illud
3306 3217 3699 3287 praeceptum,

319 3303 356 3355 ἆ
407 3307 510 3377 γὰρ
567 3304 831 3377 ὀφείλομεν
888 3316 1131 3378 ποιῆσαι,
1167 3314 1541 3383 πεποιήκαμεν.
1577 3311 1728 3364 Οὕτω
1759 3331 1816 3364 σε
1843 3308 1924 3364 δεῖ

317 3389 628 3463 λογίζεσθαι
659 3389 968 3462 διαπαντὸς,
997 3397 1080 3448 ὅτι
1125 3396 1368 3471 Ἀχρείός
1423 3399 1548 3471 εἰμι·
1600 3405 1692 3453 καὶ
1743 3401 1919 3454 πάλιν·

316 3485 389 3552 Τῇ
475 3485 919 3556 ταπεινοφροσύνῃ
1013 3483 1263 3548 ἀλλήλους
1365 3488 1643 3560 ἡγούμενοι
1758 3491 1921 3564 ὑπερ-

315 3572 538 3640 έχοντας
581 3570 794 3627 ἑαυτῶν.
855 3576 1170 3645 Προσεύχου
1209 3576 1298 3628 οὖν
1349 3584 1422 3648 τῷ
1453 3583 1567 3648 Θεῷ
1595 3580 1728 3650 μετὰ
1757 3577 1920 3650 φόϐου

314 3664 406 3712 καὶ
422 3663 922 3734 ταπεινοφροσύνης.
963 3661 1122 3715 Ὀταν
1153 3661 1241 3716 οὖν
1293 3666 1568 3738 ἁποτείνῃς
1612 3666 1763 3739 λόγον
1819 3687 1918 3720 τα-

315 3753 740 3825 πεινοφροσύνης,
779 3757 870 3805 καὶ
929 3755 1100 3826 εἴπῃς·
1173 3755 1498 3830 Εὐχαριστῶ
1562 3776 1668 3826 σοι,
1737 3759 1912 3831 Κύριε,

314 3842 395 3893 ὅτι
451 3860 552 3914 μου
607 3841 1054 3917 ἐμακροθύμησας
1104 3851 1212 3907 τοῖς
1242 3851 1656 3920 παραπτώμασι,
1685 3852 1775 3900 καὶ
1821 3848 1918 3911 ἕως

313 3937 406 3982 τοῦ
469 3937 560 3982 νῦν
609 3928 938 4005 ἀτιμώρητον
981 3951 1046 4006 με
1097 3937 1299 3995 εἴασας·
1356 3934 1452 4007 ἐγὼ
1501 3939 1590 4008 μεν
1636 3940 1738 4012 γὰρ
1771 3938 1917 4002 ἄξιος

314 4023 456 4092 ἤμην
484 4019 649 4072 πάλαι
673 4025 840 4094 μυρία
867 4019 1016 4075 δεινὰ
1031 4025 1238 4094 παθεῖν,
1274 4029 1360 4077 καὶ
1415 4023 1766 4100 ἁπορῥιφῆναι
1812 4025 1914 4080 ἀπὸ

311 4114 403 4161 τοῦ
450 4115 735 4182 προσώπου
789 4128 910 4178 σου,
962 4113 992 4169 ἡ
1047 4107 1108 4164 δε
1149 4110 1446 4176 ἁνεξίκακός
1479 4133 1574 4167 σου
1619 4114 1913 4189 φιλανθρω-

310 4201 408 4250 πία
464 4195 894 4271 ίμααροθύμησεν
952 4198 1030 4252 ἐπ’
1085 4199 1218 4274 ἐμοί·
1265 4202 1572 4278 εὐχαριστῶ
1612 4224 1719 4270 σοι,
1751 4205 1796 4258 εἰ
1824 4211 1917 4258 καὶ

309 4290 381 4357 μὴ
432 4287 686 4358 τυγχάνω
729 4286 1001 4361 ,αὐτάρκης
1047 4292 1178 4361 πρὸς
1235 4290 1583 4364 εὐχαρεστίαν
1665 4301 1762 4354 τῆς
1815 4303 1916 4356 σῆς

309 4373 656 4436 ἀνεξικακίας·
706 4379 797 4426 καὶ
855 4376 977 4428 ὃταν
1028 4379 1096 4428 τὰ
1161 4375 1260 4430 δύο
1315 4385 1446 4455 μέρη
1523 4380 1913 4456 ἁποπληρώσης

311 4468 411 4524 τῆς
463 4459 764 4535 δοξολογίας
819 4469 908 4516 καὶ
955 4471 1454 4542 ταπεινοφροσύνης,
1486 4474 1598 4523 τότε
1626 4469 1804 4524 λοιπὸν
1835 4476 1913 4525 αἴ-

309 4569 471 4621 τησον
527 4551 552 4603 ὃ
602 4551 814 4625 ὀφείλεις
869 4553 1116 4613 αἰτῆσαν
1155 4561 1227 4630 μὴ
1270 4556 1510 4625 πλοῦτον,
1544 4561 1716 4622 καθὼς
1741 4568 1912 4634 προεῖ-

308 4660 425 4710 πον,
470 4645 541 4714 μη
586 4638 744 4704 δόξαν
793 4640 1039 4716 ἐπίγειον,
1094 4649 1166 4718 μὴ
1228 4647 1404 4718 ὑγείαν
1439 4653 1696 4720 σώματος.
1749 4649 1914 4713 Αὐτὸς

306 4732 409 4806 γάρ
461 4750 517 4784 σε
555 4731 766 4800 ἔπλασε,
813 4737 902 4785 καὶ
948 4729 1172 4794 κήδεταί
1213 4755 1307 4788 σου
1364 4746 1458 4800 τῆς
1494 4742 1774 4814 σωτηρίας,
1824 4745 1915 4793 καὶ

308 4816 422 4874 οἶδε
443 4829 553 4884 πῶς
579 4821 784 4894 ἑκάστῷ
819 4828 1088 4898 συμφέρει,
1135 4827 1235 4879 εἴτε
1289 4827 1558 4899 ὑγιαίνειν,
1608 4831 1707 4881 εἴτε
1755 4825 1913 4884 ἀσθε-

2033 3305 2200 3379 quod
2231 3305 2315 3360 sio
2337 3305 2545 3375 jubet:
2576 3304 2725 3360 Cum
2746 3305 2950 3361 omnia
2982 3309 3141 3361 recte
3159 3304 3448 3373 feceritis,
3481 3305 3697 3360 dicite:

2031 3395 2206 3453 Servi
2229 3395 2477 3452 inutiles
2489 3410 2694 3451 sumus
2711 3411 2723 3450 :
2747 3410 2880 3467 qua
2897 3395 3054 3452 enim
3075 3394 3382 3452 debuimus
3391 3394 3600 3463 facere
3616 3395 3704 3464 fe-

2030 3487 2218 3542 cimus
2238 3486 2306 3540 9°.
2341 3485 2434 3539 Sic
2487 3500 2730 3557 semper
2759 3485 3025 3556 cogitare
3072 3487 3128 3540 te
3158 3488 3414 3552 oportet,
3462 3484 3702 3539 Inutilis

2029 3590 2181 3630 sum.
2211 3575 2296 3629 Ac
2315 3589 2524 3630 rursus
2547 3579 2746 3630 tecum
2761 3578 2979 3646 reputa
3002 3573 3150 3648 illud
3174 3591 3187 3629 :
3207 3573 3573 3629 Humilitate
3597 3588 3698 3628 su-

2022 3663 2288 3732 periores
2305 3664 2422 3719 sibi
2439 3664 2691 3721 invicem
2713 3663 3085 3720 arbitrantes
3109 3665 3178 3718 ⁹¹.
3232 3665 3479 3719 Precare
3516 3661 3700 3732 igitur

2028 3755 2218 3810 Deum
2250 3768 2391 3808 cum
2419 3753 2633 3809 timore
2653 3757 2710 3809 et
2732 3751 3092 3809 humilitate.
3119 3751 3228 3808 Ubi
3249 3765 3392 3821 ergo
3430 3750 3698 3823 protule-

2023 3843 2106 3900 ris
2135 3841 2491 3899 humilitatis
2519 3841 2724 3910 verba,
2747 3841 3092 3915 dixerisque
3121 3859 3134 3897 :
3161 3841 3390 3898 Gratias
3421 3856 3537 3910 ago
3563 3839 3691 3913 tibi,

2025 3932 2300 3995 Domine,
2321 3931 2492 4004 quod
2520 3932 2815 4004 patienter
2835 3932 3132 4004 pertulisti
3168 3935 3419 4004 peccata
3448 3945 3606 3998 mea,
3635 3937 3696 3990 et

2025 4037 2218 4095 usque
2247 4021 2328 4077 ad
2357 4022 2473 4077 hoc
2500 4025 2739 4094 tempus
2768 4037 2867 4077 me
2897 4021 3192 4094 reliquisti
3216 4020 3476 4078 multum
3500 4019 3691 4092 :equi-

2024 4111 2165 4168 dem
2188 4112 2316 4182 jam
2347 4111 2584 4183 pridem
2615 4128 2782 4168 eram
2802 4111 3048 4181 dignus,
3073 4112 3179 4185 qui
3202 4111 3526 4168 innumera
3547 4126 3688 4183 sup.

2021 4202 2204 4275 plicia
2227 4205 2489 4275 paterer,
2518 4201 2969 4274 expellererque
2999 4218 3030 4258 e
3056 4206 3392 4274 conspectu
3421 4205 3548 4267 tuo,
3581 4200 3690 4256 sed

2025 4291 2492 4349 clementissima
2517 4296 2622 4348 tua
2649 4291 2993 4363 benignitas
3025 4291 3308 4348 sustinuit
3330 4307 3428 4347 me
3457 4290 3688 4363 patien-

2021 4387 2146 4450 ter;
2180 4383 2428 4452 gratias,
2454 4384 2731 4452 inquam,
2765 4397 2883 4452 ago
2913 4381 3040 4452 tibi,
3093 4381 3336 4438 tametsi
3364 4396 3488 4436 non
3544 4395 3690 4452 pos-

2021 4487 2160 4527 sum
2189 4475 2390 4539 grates
2411 4469 2743 4526 clementiaa
2774 4475 2890 4527 tuas
2939 4470 3176 4527 debitas
3203 4471 3550 4543 persolvere
3583 4488 3596 4538 ;
3628 4471 3687 4526 et

2020 4560 2125 4616 ubi
2152 4560 2307 4616 duas
2336 4558 2790 4629 gloriﬁcationis
2817 4566 2874 4616 et
2893 4560 3251 4617 humilitatis
3265 4565 3466 4632 partes
3488 4559 3684 4616 absol-

2021 4649 2198 4718 veris,
2261 4655 2388 4706 tum
2418 4649 2668 4707 demum
2696 4651 2865 4724 quod
2910 4649 3087 4706 deces
3117 4653 3337 4722 petere,
3368 4653 3522 4722 pete,
3554 4664 3676 4705 non

2022 4738 2278 4808 divitias,
2311 4741 2400 4796 uti
2421 4742 2553 4812 jam
2575 4739 2720 4808 dixi,
2763 4754 2889 4795 non
2914 4738 3170 4810 gloriam
3199 4743 3522 4806 terrenam,
3553 4753 3678 4793 non

2023 4831 2296 4904 corporis
2349 4831 2695 4888 sanitatem.
2742 4833 2875 4902 Ipse
2905 4828 3069 4886 enim
3096 4827 3272 4885 ﬁnxit
3317 4832 3395 4898 te,
3439 4827 3677 4901 ipsique

382 4998 426 5033 ⁸⁷
456 4998 608 5055 Psal.
643 5015 798 5067 xeix,
830 5004 886 5059 3.
961 5003 1009 5038 ⁸⁸
1049 5005 1070 5058 l
1103 5001 1238 5061 Cor.
1268 5020 1344 5077 ιν,
1373 5007 1430 5061 4.
1506 5006 1554 5042 ⁸⁸
1585 5006 1739 5066 Psal.
1762 5022 1925 5080 xvm,

2043 5050 2057 5066 .
2134 5011 2183 5045 9°
2225 5011 2360 5068 Luc.
2391 5026 2529 5078 xvn,
2572 5010 2658 5066 10.
2734 5010 2776 5046 9'
2821 5007 3074 5082 Philipp.
3113 5010 3168 5080 ii,
3200 5013 3254 5067 3.

377 5178 489 5250 (73)
512 5177 756 5260 anntiqui
783 5176 907 5236 duo
931 5179 1068 5260 libri
1081 5181 1711 5260 966gv,,._1rapartvéarrnv.
1738 5187 1904 5244 Alius

307 5267 420 5306 ms.
472 5249 701 5323 96693.;
760 5249 1128 5324 παραινέσεως.
1184 5254 1338 5313 Editi
1397 5249 1906 5332 φόϐου...παραινί-

310 5339 457 5384 σεως.

521 5392 776 5469 Codices
809 5393 933 5450 duo
954 5391 1092 5448 αἶνον
1134 5406 1248 5469 Θεῷ
1281 5404 1395 5453 τότε
1442 5400 1617 5469 ἄρξαι.

346 5457 499 5544 005⁷.
571 5464 720 5544 ῌάἰη
784 5471 841 5544 et
899 5483 1020 5544 ms._
1068 5457 1285 5544 Εἱ-γαρ
1339 5457 1550 5535 συνιέῖξ.
1615 5473 1907 5530 Combeﬁ~

310 5534 600 5617 sius-legi
635 5542 922 5617 oportere
969 5539 1050 5596 ait
1097 5541 1157 5594 Εἰ
1191 5534 1308 5617 ’γὰρ
1359 5544 1417 5595 οὐ
1445 5534 1658 5607 συνιεῖς·
1692 5548 1761 5601 Si
1789 5563 1909 5601 non

315 5604 604 5688 intelligis
627 5604 708 5688 (εέ
718 5625 836 5666 esse
845 5604 1240 5688 peccatorem)
1255 5604 1470 5688 .'Nam,
1491 5604 1797 5688 inquit,sic
1815 5634 1910 5687 pe-

307 5681 379 5761 tit
406 5682 855 5761 contextusqiec
877 5683 1150 5740 Basilius
1177 5685 1364 5761 aliter
1408 5681 1738 5761 scripSerjil.
1785 5681 1912 5759 Ego

308 5751 511 5804 tamen
535 5763 657 5805 non
672 5751 870 5820 rideo,
895 5769 1004 5810 cur
1025 5771 1273 5812 necesse
1304 5757 1377 5813 sit
1418 5751 1778 5830 particulam
1811 5751 1914 5817 nve-

2055 5193 2258 5248 antem
2273 5194 2482 5248 contra
2494 5190 2769 5246 omnium
2781 5189 3066 5245 librorum
3078 5187 3264 5244 ﬁdem
3278 5186 3673 5258 addere,cum

2055 5279 2140 5318 mc
2153 5278 2283 5319 eam
2303 5263 2526 5322 habere
2542 5262 2770 5335 possint
2790 5261 3170 5335 sententiam:
3179 5259 3237 5335 _Si
3251 5261 3388 5331 quis
3405 5258 3677 5330 intelligit

2013 5334 2095 5390 ita
2125 5350 2278 5403 esse,
2301 5337 2416 5393 hoc
2438 5331 2560 5405 est,
2579 5336 2627 5390 si
2649 5334 3049 5405 consciusest
3078 5331 3194 5388 sibi
3225 5348 3286 5387 se
3311 5348 3441 5388 esse
3465 5348 3674 5404 pecca-

2015 5409 2230 5476 torem,
2260 5409 2392 5463 sine
2416 5404 2606 5462 dubio
2637 5410 2870 5478 peccat,
2904 5404 2953 5478 si
2972 5408 3161 5478 neget»
3179 5418 3315 5478 esse
3349 5420 3415 5478 se
3455 5419 3670 5478 peccat

2016 5474 2220 5533 torem
2243 5497 2258 5533 :
2293 5480 2398 5552 qui
2421 5474 3038 5552 scilicet—mendacium
3053 5474 3506 5552 faciat._lbidem
3529 5474 3671 5552 editi

2019 5555 2102 5620 et,
2128 5553 2269 5619 Reg.
2312 5546 2548 5618 tertius,
2575 5555 2664 5601 καὶ
2713 5549 2839 5600 αὑτό
2878 5567 3031 5600 τουτο
3061 5547 3375 5620 ἁμαρτάνεις
3395 5550 3452 5600 τὸ
3482 5546 3666 5618 λέγειν.

2019 5619 2128 5676 Alii
2160 5622 2282 5677 duo
2302 5640 2448 5678 mss.
2487 5621 2630 5676 utin
2658 5625 2956 5676 contextu.

2091 5693 2206 5764 (76')
2264 5696 2386 5750 Vox
2443 5696 2636 5752 πάντας
2676 5690 2886 5748 addita
2934 5693 2991 5747 et
3027 5705 3101 5749 ex
3131 5689 3394 5760 antiquis
3423 5687 3670 5744 duobus

2019 5762 2208 5819 libris.
