4120 6384
326 379 462 435 1333

1463 362 2060 425 CONSTITUTIONES
2102 362 2534 422 MONASTICE.

3556 369 3695 425 1334-

322 506 491 577 μίαις,
540 503 630 554 καὶ
682 497 864 552 ἑαυτὸν
897 492 1166 572 προδώσει
1221 500 1331 556 τοῖς
1391 492 1627 568 ἰχθροῖς,
1683 491 1857 577 τούτω
1897 489 1912 540 ί

2039 486 2368 559 suppetias.
2413 488 2467 544 Si
2499 487 2637 560 quis
2692 487 2855 544 enim
2906 501 3014 561 per
3067 488 3373 560 ignaviam
3421 489 3693 564 seipsum

324 574 457 656 Θεὸς
484 591 543 645 ού
578 595 875 663 συμμαχεῖ,
911 583 1040 640 οὐδε
1068 585 1348 639 εἰσακούει·
1399 580 1670 658 προλαϐὼν
1700 581 1802 653 γὰρ
1830 574 1925 631 διὰ

323 689 418 746 τῆς
465 681 722 754 ἁμαρτίας
776 676 1118 752 ἠλλοτρίωσεν
1177 674 1358 727 ἑαυτὸν
1389 672 1490 726 ἀπὸ
1533 677 1624 724 τοῦ
1671 675 1824 723 Θεοῦ.
1864 665 1924 718 Ὀ

321 774 423 846 γὰρ
479 770 632 824 θέλων
678 767 994 842 βοηθεῖσθαι
1037 767 1140 818 ὑπὸ
1192 770 1284 816 τοῦ
1337 769 1496 830 Θεοῦ,
1520 765 1578 814 τὸ
1640 763 1832 846 πρίπον
1864 755 1924 846 ού

321 845 672 936 προδίδωσιν·
729 859 755 910 0
813 853 874 910 δε
917 858 977 908 τὸ
1035 854 1148 926 (82)
1179 857 1373 928 πρέπον
1414 856 1484 922 μὴ
1545 845 1834 926 προδιδοὺς
1863 845 1922 899 οῦ

321 946 645 1024 προδίδοταί
673 965 797 1000 ποτε
839 947 941 998 ὑπὸ
971 953 1067 1006 ⁴ν’ἧς
1111 945 1250 1006 θείας
1283 945 1618 1016 συμμαχίας.
1670 942 1787 1012 Χρὴ
1819 941 1924 990 τοί-

321 1059 410 1092 νυν
449 1038 500 1092 ἕν
529 1034 716 1112 μηδενὶ
743 1036 1234 1109 καταγινώσκεσθαι
1259 1035 1359 1086 ὑπὸ
1385 1039 1477 1085 τοῦ
1510 1028 1650 1084 ἰδίου
1688 1023 1922 1082 συνειδόο

319 1147 424 1196 τος,
465 1133 555 1181 καὶ
599 1129 762 1189 οὕτως
813 1131 909 1186 τὴν
968 1128 1107 1179 θείαν
1168 1126 1484 1198 συμμαχίαν
1539 1118 1918 1174 ἑπικαλιῖσθαιο

319 1217 678 1272 ἐπικαλεῖσθαι
735 1213 796 1270 δι
843 1219 915 1290 μὴ
964 1216 1228 1290 ῥᾳθύμως,
1261 1217 1333 1285 μὴ
1382 1210 1801 1285 μετεωριζομένῳ
1847 1213 1919 1277 τῷ

315 1315 386 1380 νῷ
438 1304 543 1361 ὧδε
589 1307 821 1360 κάκεῖσε·
869 1307 896 1358 ὀ
929 1307 1029 1376 γὰρ
1077 1311 1309 1364 τοιοῦτος
1361 1301 1419 1354 ού
1471 1305 1624 1374 μόνον
1672 1296 1919 1369 015113100-

315 1416 403 1450 ται
442 1401 502 1450 τὸ
526 1388 749 1469 αἴτημα,
785 1394 913 1447 ἀλλὰ
945 1398 1035 1446 καὶ
1068 1394 1318 1467 μειζόνως
1369 1390 1650 1466 παροξυνεί
1693 1388 1809 1459 (83)
1830 1389 1919 1438 τὸν

316 1489 603 1546 Δεσπότην.
637 1485 699 1538 Εἰ
735 1487 860 1560 γὰρ,
902 1483 988 1536 ἰπὶ
1028 1485 1282 1559 ἄρχοντός
1315 1501 1395 1544 τις
1439 1480 1604 1542 ἑστὼς
1627 1482 1718 1530 καὶ
1748 1474 1920 1530 διαλε-

315 1580 547 1650 γόμενος,
580 1577 711 1650 μετὰ
783 1573 974 1626 πολλοῦ
1028 1571 1187 1646 φόϐου
1251 1574 1486 1637 ἵσταται,
1541 1568 1918 1642 ἆμετεώριστον

317 1668 454 1739 ἔχων
496 1670 586 1718 καὶ
623 1668 685 1717 1'0
738 1663 921 1726 ἔξωθεν
973 1662 1120 1735 ὄμμα
1149 1665 1241 1714 καὶ
1275 1664 1334 1714 τὸ
1373 1668 1469 1722 τῆς
1497 1657 1684 1731 ψυψῆς
1711 1653 1918 1710 ἔνδοθεν

314 1760 518 1829 μήποτε
567 1751 907 1825 κινδυνεύσῃ·
943 1755 1093 1823 πόσῳ
1146 1750 1334 1822 μᾶλλον
1363 1753 1476 1818 (84)
1520 1747 1603 1800 ἐπὶ
1639 1753 1772 1800 Θεοῦ
1802 1749 1912 1821 χρὴ

2034 575 2392 632 libidinibus
2421 577 2625 644 dedat,
2654 578 3000 650 prodatque
3049 579 3318 652 seipsum
3371 581 3692 638 hostibus:

2036 667 2088 723 ei
2111 668 2265 723 Deus
2295 668 2592 724 auxilium
2625 683 2750 724 non
2795 667 2926 733 fert,
2960 684 3158 742 neque
3196 671 3462 739 exaudit,
3494 687 3692 745 quan-

2035 756 2372 829 doquidem
2399 756 2566 830 prior
2587 772 2701 813 suo
2733 773 2795 813 se
2821 763 3073 830 peccato
3101 774 3137 814 a
3160 761 3278 815 Deo
3301 759 3689 819 abalienavit.

2035 846 2147 913 Qui
2177 847 2338 902 enim
2360 863 2396 903 a
2422 850 2543 903 Deo
2571 863 2636 901 se
2675 851 2843 919 optat
2862 847 3086 918 juvari,
3109 863 3220 904 suo
3244 864 3370 904 non
3408 848 3579 905 deest
3605 850 3693 906 of-

2031 936 2172 992 ﬁcio
2205 953 2218 991 :
2251 937 2357 1009 qui
2392 942 2596 994 autem
2628 935 2826 993 oﬂlcio
2855 952 2982 993 non
3011 937 3198 1007 deest,
3227 952 3548 1010 nunquam
3594 939 3692 995 di-

2031 1026 2172 1082 vino
2201 1025 2428 1082 auxilio
2451 1024 2811 1082 destituitur.
2842 1028 3086 1098 Oportet
3111 1025 3315 1099 itaque
3345 1026 3406 1082 in
3431 1026 3599 1084 nulla
3627 1043 3691 1084 re

2032 1130 2068 1172 ιι
2098 1115 2346 1188 propria
2377 1115 2750 1172 conscientia
2775 1115 3197 1186 condemnari,
3229 1119 3288 1171 et
3315 1115 3398 1172 ita
3439 1115 3692 1173 demum

2031 1205 2304 1262 divinum
2338 1205 2632 1261 auxilium
2662 1205 2937 1276 ﬂagitare
2972 1223 2984 1260 :
3031 1205 3438 1276 ﬂagitandum
3487 1209 3691 1263 autem

2032 1301 2120 1352 est
2148 1310 2273 1352 non
2323 1296 2609 1365 segniter,
2643 1310 2842 1368 neque
2893 1299 3094 1351 mente
3118 1296 3238 1352 huc
3264 1300 3322 1352 et
3350 1296 3489 1352 illuc
3517 1296 3691 1354 diva-

2031 1390 2210 1455 gantc
2245 1403 2257 1442 :
2317 1384 2622 1457 siquidem
2670 1384 2949 1458 quisquis
2976 1389 3066 1440 est
3093 1385 3419 1456 ejusmodi,
3447 1401 3570 1443 non
3593 1401 3691 1443 so-

2027 1474 2156 1531 lum
2181 1490 2306 1531 non
2329 1478 2767 1531 consecuturus
2793 1479 2884 1532 est
2906 1491 3044 1547 quae
3066 1475 3384 1547 petet,imo
3414 1491 3559 1532 vero
3578 1479 3691 1533 Do-

2029 1565 2263 1622 minum
2314 1566 2511 1636 magis
2557 1565 2966 1638 exasperabit.
3021 1565 3078 1622 Si
3109 1565 3271 1620 enim
3303 1581 3443 1621 cum
3469 1566 3690 1640 aliquis

2028 1671 2236 1712 coram
2269 1655 2537 1728 principe
2563 1659 2701 1723 stat,
2735 1670 2805 1710 ac
2833 1654 3120 1727 loquitur,
3155 1658 3271 1711 stat
3307 1670 3451 1711 cum
3493 1657 3688 1716 multo

2026 1744 2263 1816 timore,
2297 1749 2479 1817 atque
2496 1747 2625 1801 tum
2645 1748 2956 1800 externum
2977 1749 3106 1802 tum
3128 1735 3434 1801 internum
3465 1746 3686 1804 animus

315 1843 529 1898 ἕστάναι
581 1845 713 1916 μετὰ
751 1841 910 1915 φόϐου
955 1847 1046 1894 καὶ
1079 1846 1295 1917 τρόμου,
1348 1839 1462 1893 ὅλον
1490 1841 1576 1891 τὸν
1601 1844 1721 1890 νοῦν
1772 1855 1912 1889 τεταε

2026 1834 2271 1892 oculum
2300 1849 2696 1906 nequaquam
2744 1848 2994 1903 vagum,
3020 1833 3126 1889 sed
3157 1834 3455 1915 intentum
3476 1835 3682 1905 habet,

312 1939 460 2009 μένον
508 1936 703 2006 ἔχοντα
748 1936 878 2009 πρὸς
907 1931 1063 1984 αὐτὸν
1097 1935 1272 2005 μόνον,
1309 1935 1400 1982 καὶ
1455 1927 1718 2001 όιλλαχοῦξ
1744 1922 1917 1999 μηδα-

311 2042 410 2098 μου
441 2041 456 2092 ;
485 2027 628 2076 Διότι
657 2022 815 2085 αὐτὸς
840 2021 898 2074 ού
929 2025 1082 2095 μόνον
1137 2023 1225 2072 τὸν
1278 2019 1458 2084 ἔξωθεν
1493 2019 1764 2090 ἄνθρωπον
1802 2013 1914 2087 βλέ-

309 2132 413 2186 πει,
449 2115 623 2177 καθὼς
661 2113 1016 2188 οἱᾶνθρωποι,
1055 2109 1183 2162 ἀλλὰ
1217 2112 1412 2162 καὶτὸν
1444 2104 1649 2160 ἔνδοθεν
1689 2107 1909 2178 καθορᾷ.

315 2204 432 2258 Ἐὰν
482 2207 652 2256 τοίνυν
703 2202 885 2265 οὕτως,
939 2202 1008 2264 ὡς
1083 2203 1217 2274 χρὴ,
1294 2203 1492 2270 στήκῃς
1551 2195 1762 2248 ἕνὼπιον
1820 2199 1914 2246 τοῦ

315 2299 474 2363 Θεοῦ,
507 2296 598 2345 καὶ
651 2292 718 2344 τὰ
749 2292 896 2364 παρὰ
950 2296 1172 2342 σεαυτοῦ
1197 2289 1370 2341 πάντα
1396 2287 1652 2359 εἰσφίρῇς,
1685 2287 1756 2357 μὴ
1783 2281 1914 2336 ἁπο-

313 2389 466 2455 στῇς,
496 2381 589 2453 ἓῳς
614 2381 734 2432 ὅτου
759 2377 925 2452 λάϐῃς
959 2381 1017 2430 τὸ
1063 2378 1264 2450 αἴτημά
1301 2389 1417 2430 σου·
1447 2374 1534 2428 ἐὰν
1593 2370 1652 2427 0“:
1689 2391 1914 2444 καταγι-

311 2476 491 2544 νώσκῃ
527 2472 628 2522 ύπό
671 2475 764 2522 τοῦ
823 2463 1120 2528 συνειδότος
1181 2486 1275 2519 σου
1329 2468 1394 2526 ὡς
1440 2471 1794 2536 καταφρονῶν,
1825 2466 1914 2514 καὶ

311 2559 396 2613 ἰὰν
423 2565 686 2634 μετεώρως
742 2562 944 2630 στήκῃς
992 2557 1064 2619 εἰς
1113 2555 1298 2628 εὐχὴν,
1344 2551 1628 2627 δυνάμενος
1694 2551 1914 2625 ἆμετεω-

309 2652 506 2722 ρίστως
575 2654 782 2718 στῆναι,
835 2651 908 2719 μὴ
966 2645 1236 2718 τολμήσῃς
1301 2653 1490 2703 στῆναι
1561 2641 1772 2694 ἐνώπιον
1820 2646 1912 2692 τοῦ

310 2743 466 2806 Θεοῦ,
500 2739 584 2789 ἵνα
610 2741 681 2810 μὴ
731 2740 946 2808 γένηται
993 2736 1024 2794 ἡ
1057 2739 1332 2810 προσευχή
1370 2752 1465 2785 σου
1501 2731 1574 2794 εἰς
1632 2730 1908 2805 ἁμαρτίαν.

307 2827 369 2881 Εἰ
399 2823 480 2894 δι,
509 2826 860 2890 ἕξασθενήσας
896 2826 998 2878 ὑπὸ
1045 2832 1143 2886 τῆς
1189 2824 1463 2900 ἁμαρτίας,
1511 2821 1914 2898 ἀπερισπάστως

311 2916 372 2970 ού
429 2914 659 2969 δύνασαι
704 2918 980 2988 εὔχεσθαι,
1015 2917 1137 2968 ὅσον
1167 2911 1396 2967 δύνασαι
1434 2915 1650 2966 σεαυτὸν
1692 2911 1912 2984 βιάζου,

306 3009 396 3058 καὶ
430 3008 808 3080 προσκαρτίρει
867 3009 1072 3062 στὴκων
1108 3002 1322 3055 ἐνώπιον
1367 3009 1460 3054 τοῦ
1499 3006 1629 3054 Θεοῦ
1659 2999 1794 3070 (85),
1825 3003 1912 3052 τὸν

303 3103 423 3148 νοῦν
478 3099 610 3171 πρὸς
659 3095 816 3148 αὐτὸν
869 3097 1028 3167 ἔχων,
1085 3098 1177 3146 καὶ
1216 3091 1544 3163 ἕπισυνάογων
1604 3090 1760 3142 αὐτὸν
1785 3093 1912 3166 πρὸς

2024 1941 2100 1981 ne
2121 1925 2271 1980 forte
2284 1923 2346 1980 in
2365 1922 2614 1995 aliquod
2637 1923 2973 1995 periculum
2989 1910 3219 1979 veniat:
3242 1928 3472 1996 quanto
3489 1925 3687 1997 magis

2025 2030 2233 2071 coram
2266 2017 2385 2070 Deo
2432 2029 2575 2070 cum
2621 2013 2833 2070 timore
2866 2029 2938 2070 ac
2974 2017 3231 2070 tremore
3256 2015 3543 2071 standum
3573 2020 3681 2086 est,

2025 2110 2225 2162 mente
2257 2109 2380 2161 tota
2409 2105 2471 2160 in
2501 2103 2672 2160 illum
2703 2103 2926 2168 solum,
2957 2119 3267 2176 nusquam
3296 2120 3441 2162 vero
3465 2105 3584 2162 alio
3603 2106 3692 2163 in-

2025 2196 2236 2252 tenta?
2265 2198 2416 2251 Nam
2464 2192 2594 2266 ipse
2632 2208 2755 2249 non
2799 2197 3116 2249 externum
3146 2193 3458 2250 hominem
3504 2195 3692 2254 modo

2023 2285 2189 2342 videt
2212 2285 2376 2341 velut
2396 2285 2696 2350 homines,
2725 2283 2833 2340 sed
2858 2283 3164 2339 internum
3196 2284 3377 2340 etiam
3402 2286 3689 2344 intuetur.

2025 2373 2280 2431 Proinde
2335 2373 2386 2429 si
2417 2373 2525 2444 sic,
2558 2377 2622 2429 ut
2676 2372 2868 2440 decet,
2919 2373 3152 2429 steteris
3209 2388 3414 2430 coram
3460 2375 3604 2444 Deo,
3633 2379 3692 2433 et

2023 2463 2234 2537 qumin
2253 2467 2305 2519 te
2325 2467 2486 2530 sunt,
2505 2462 2715 2518 omnia
2736 2477 2847 2534 pro
2860 2461 3092 2518 viribus
3108 2462 3473 2534 praestiteris,
3494 2479 3568 2520 ne
3591 2463 3692 2522 de-

2025 2553 2227 2618 sistas,
2258 2551 2454 2608 donec
2483 2551 2790 2624 postulata
2812 2551 3090 2607 obtineas
3115 2569 3127 2606 :
3179 2551 3272 2607 sin
3304 2569 3341 2608 a
3365 2557 3470 2610 tua
3497 2553 3690 2627 ipsius

2025 2642 2398 2700 conscientia
2428 2641 2809 2712 negligentia:
2853 2657 2925 2698 ac
2967 2645 3356 2714 contemptus
3405 2644 3690 2701 condem-

2024 2734 2210 2805 naris,
2230 2737 2473 2806 stesque
2495 2733 2557 2788 in
2581 2732 2886 2806 precando
2910 2747 3071 2802 vaga
3091 2737 3312 2801 mente,
3330 2749 3470 2790 cum
3491 2735 3691 2808 possis

2023 2824 2171 2881 citra
2195 2824 2415 2879 mentis
2437 2823 2885 2879 aberrationem
2915 2827 3095 2894 stare,
3129 2827 3285 2879 stare
3316 2839 3522 2881 coram
3569 2829 3689 2883 Deo

2021 2930 2098 2971 ne
2128 2915 2305 2986 aude,
2332 2918 2397 2970 ut
2416 2929 2491 2969 ne
2513 2912 2690 2969 cedat
2712 2913 2982 2985 precatio
3007 2917 3110 2969 tua
3131 2913 3234 2970 tibi
3260 2914 3319 2971 in
3344 2920 3686 2989 peccatum.

2022 3004 2193 3070 Quod
2253 3003 2301 3058 si
2354 3019 2390 3059 a
2442 3005 2694 3074 peccato
2746 3001 3113 3070 debilitatus,
3161 3019 3288 3060 non
3337 3009 3510 3079 potes
3539 3007 3689 3064 citra

2020 3093 2242 3150 mentis
2268 3091 2716 3148 aberrationem
2737 3091 2993 3164 precari,
3017 3097 3317 3164 quantum
3346 3099 3519 3167 potes
3562 3097 3688 3154 vim

305 3183 506 3253 ἔαυτόν,
534 3189 626 3238 καὶ
656 3186 682 3237 0
727 3188 855 3246 Θεὸς
882 3188 1199 3258 συγγνώμην
1245 3190 1402 3250 ποιεῖ,
1427 3183 1508 3234 ὅτι
1554 3181 1647 3234 ούκ
1685 3179 1785 3233 ἀπὸ
1813 3200 1909 3233 κα-

2023 3185 2125 3242 tibi
2146 3184 2260 3257 ipsi
2279 3183 2602 3253 inferas,ac
2623 3187 2971 3239 constanter
2992 3187 3085 3238 sta
3107 3198 3314 3240 coram
3337 3186 3686 3254 Deo,mente

302 3278 686 3350 ταφρονήσεως,
742 3272 870 3325 ἀλλά
923 3272 1025 3325 ἀπὸ
1085 3271 1345 3332 ἀσθενείας
1392 3271 1486 3323 οῦκ
1563 3270 1788 3342 ἰσχύεις,
1845 3273 1910 3331 ὡς

309 3368 444 3438 χρὴ,
479 3367 688 3420 στήκειν
715 3361 928 3415 ἐνώπιον
970 3357 1062 3413 τοῦ
1094 3368 1227 3414 Θεοῦ
1263 3361 1395 3432 (86).
1424 3361 1538 3414 Ἐὰν
1568 3361 1704 3414 οὕτω
1740 3358 1905 3434 βιάζῇ

307 3453 489 3507 ἑαυτὸν
529 3451 600 3514 εἰς
627 3457 729 3504 πᾶν
767 3453 917 3526 ἔργον
965 3449 1179 3522 ἀγαθὸν,
1236 3454 1306 3523 μὴ
1354 3448 1608 3522 ἀποστῇς,
1665 3448 1758 3510 ἓως
1788 3451 1908 3502 ὅτου

303 3541 467 3616 λάϐῃς
511 3544 572 3594 τό
620 3542 822 3618 αἴτημά
882 3559 998 3610 σου,
1047 3537 1176 3591 ἀλλὰ
1227 3541 1575 3614 μακροθύμως
1611 3546 1764 3613 οιροῦε
1815 3542 1908 3596 τὴν

305 3633 468 3705 θύραν
522 3630 684 3682 αὐτοῦ
743 3630 900 3681 αἰτῶν
947 3632 1006 3681 τὸ
1047 3629 1248 3700 αἴτημά
1307 3645 1424 3682 σου.
1459 3633 1564 3687 Πᾶς
1605 3629 1707 3700 γὰρ
1740 3627 1766 3678 0
1819 3625 1907 3678 αἰ-

307 3730 410 3775 τῶν
466 3718 737 3794 λαμϐάνει,
801 3723 952 3792 φησὶ,
1016 3722 1107 3771 καὶ
1175 3718 1201 3770 0
1273 3717 1444 3778 ζητῶν
1503 3714 1757 3791 εὖρίσκει,
1818 3721 1908 3770 καὶ

303 3818 378 3882 τῷ
437 3812 680 3884 κρούοντι
737 3806 1096 3880 ἀνοιγήσεται.
1165 3811 1308 3867 Τίνος
1374 3809 1472 3881 γὰρ
1531 3805 1687 3858 ἀλλον
1749 3804 1906 3868 θελεῖς

303 3906 486 3976 τυχεῖν
517 3899 560 3953 εἰ
582 3904 654 3974 μὴ
687 3902 850 3972 μόνης
869 3907 966 3960 τῆς
989 3900 1122 3950 κατὰ
1153 3900 1282 3951 Θεὸν
1301 3901 1594 3970 σωτηρίας

375 4085 425 4136 5.
481 4079 656 4142 Θέλεις
683 4080 888 4150 μαθεῖν,
948 4076 1207 4150 ἅγαπητὶ,
1265 4085 1372 4138 πῶς
1407 4074 1804 4152 ἕμακροθύμουν
1856 4078 1906 4130 οἱ

301 4170 466 4244 ἅγιοι,
512 4173 603 4220 καὶ
652 4167 746 4221 οὐκ
794 4166 1147 4238 ἀπεγίνωσκον
1192 4185 1205 4231 ;
1243 4171 1342 4220 Τὸν
1401 4165 1642 4240 Ἀϐραὰμ
1699 4167 1726 4218 0
1777 4170 1906 4228 Θεὸς

299 4265 541 4332 νεώτερον
591 4257 816 4323 ἐκάλεσε,
845 4262 936 4309 καὶ
997 4255 1052 4308 in:
1129 4264 1222 4316 τῆς
1281 4256 1574 4330 Ἀσσυρίων
1635 4265 1735 4328 γῆς
1787 4275 1904 4329 μετ-

301 4351 481 4414 ᾇθηκεν
531 4347 688 4400 αὐτὸν
733 4346 806 4407 εἰς
850 4350 944 4403 τὴν
990 4344 1366 4407 Παλαιστίνην,
1403 4350 1578 4417 φήσας
1617 4346 1780 4418 αὐτῷ’
1819 4349 1906 4400 Σοὶ

304 4432 464 4489 δώσω
491 4441 584 4495 τὴν
625 4443 725 4508 γῆν
775 4436 995 4498 ταύτην,
1031 4439 1122 4486 καὶ
1177 4443 1249 4505 τῷ
1308 4438 1569 4508 σπέρματί
1634 4454 1727 4488 σου
1775 4437 1906 4507 μετὰ

305 4528 384 4580 σε’
425 4529 515 4578 καὶ
573 4527 638 4585 ὡς
696 4527 761 4580 τὰ
809 4526 982 4598 ἄστρα
1025 4532 1117 4576 τοῦ
1170 4525 1411 4598 ούρανοῦ,
1457 4523 1619 4588 οὕτως
1662 4526 1813 4578 ἔσται
1846 4526 1904 4576 τὸ

303 4618 517 4688 σπέρμα
567 4633 684 4684 σου,
722 4613 748 4667 0
803 4617 899 4666 οὺκ
964 4612 1462 4688 ἐξαριθμηθήσεται.
1519 4617 1620 4666 Καὶ
1672 4613 1905 4689 παρῆλθε

301 4704 460 4767 πολὸς
491 4703 614 4758 ἑτῶν
663 4702 904 4776 ἀριθμὸς,
941 4708 1032 4756 καὶ
1091 4701 1342 4778 ἐνεκρὼθη
1395 4705 1485 4774 μὲν
1520 4701 1680 4755 αὑτοῦ
1719 4705 1748 4762 ἡ
1801 4705 1902 4774 φύ-

303 4813 410 4861 σις,
464 4793 512 4846 ἂν
563 4796 842 4868 προθύροις
874 4789 932 4846 δε
982 4795 1012 4852 ἡ
1071 4791 1300 4861 τελευτὴ,
1348 4797 1437 4845 καὶ
1489 4793 1583 4844 οὐκ
1609 4794 1765 4862 εἶπεν,
1796 4795 1897 4861 ὅτι,

303 4886 486 4958 Κύριε,
512 4881 592 4937 ἀεί
644 4902 736 4956 μοι
785 4879 986 4946 παῖδας
1073 4881 1384 4956 ἐπαγγέλλῃ,
1443 4887 1530 4936 καὶ
1572 4888 1772 4959 πατέρα
1835 4903 1900 4956 με

301 4975 517 5027 ἔσεσθαι
559 4974 764 5025 πάντων
816 4980 914 5025 τῶν
963 4970 1116 5026 ἐθνῶν
1191 4971 1304 5044 (87)
1371 4972 1658 5046 προλέγεις.
1726 4977 1899 5051 Νεκροί

369 5160 417 5197 9i
451 5159 590 5216 Luc.
614 5173 691 5230 xI,
730 5160 815 5213 t0.
892 5159 939 5194 ⁹⁵
967 5159 1110 5216 Gen.
1138 5175 1259 5228 xm,
1296 5163 1382 5231 15,
1416 5159 1502 5218 16.

365 5340 479 5413 (82)
503 5338 694 5415 Editio
715 5340 918 5415 Venet.
958 5341 1014 5415 et
1047 5342 1164 5395 tres
1219 5355 1368 5396 mss.
1419 5341 1445 5394 ὸ
1479 5343 1580 5415 γὰρ
1617 5344 1696 5397 τό.
1753 5343 1896 5401 Alia:

301 5407 436 5466 dum
461 5407 755 5469 editiones
777 5411 803 5464 ὁ
832 5407 890 5464 cl“:
917 5414 994 5463 1'0.

373 5482 484 5552 (83)
511 5485 672 5559 Unus
699 5499 814 5538 ms.
838 5487 896 5538 et
925 5481 1065 5538 editi
1084 5483 1388 5559 παροξύνει,
1416 5492 1757 5559 exasperat.
1785 5487 1896 5546 Alii

298 5550 424 5627 duo
444 5550 744 5627 παροξυνεῖ,
775 5550 1178 5627 exasperabitl

370 5603 485 5700 (ει)
516 5603 670 5700 is;
686 5603 1005 5700 stagnat};
1016 5603 1188 5700 1,359.5.
1223 5626 1433 5700 μᾶλλον.

372 5694 486 5766 (85)
515 5694 752 5771 Antiqui
780 5697 905 5756 duo
933 5697 1069 5755 libri
1098 5694 1310 5751 §v0)1::0v
1341 5706 1559 5776 Κυρίου.

2021 3275 2083 3331 in
2107 3273 2277 3330 illum
2297 3272 2718 3344 deﬁxa,eaque
2740 3271 2819 3327 ad
2848 3269 3113 3344 seipsam
3137 3272 3457 3343 advocata,
3479 3276 3688 3349 sicque

2019 3365 2297 3435 ignoscet
2318 3365 2493 3433 Deus,
2518 3361 2813 3434 quoniam
2835 3375 2960 3417 non
2980 3377 3053 3418 ex
3084 3366 3455 3437 contemptu,
3481 3363 3587 3421 sed
3612 3381 3687 3422 ex

2018 3453 2385 3520 inﬁrmitate,
2404 3456 2468 3507 ut
2485 3451 2787 3518 convenit,
2802 3455 2960 3507 stare
2973 3467 3180 3508 coram
3207 3455 3323 3509 Deo
3345 3469 3469 3512 non
3488 3458 3683 3528 potes.

2022 3543 2078 3599 Si
2105 3542 2190 3598 sic
2207 3541 2269 3596 vi
2299 3541 2408 3596 tibi
2432 3539 2597 3596 illata
2616 3555 2798 3597 omne
2821 3555 2976 3612 opus
3003 3540 3236 3598 bonum
3257 3543 3538 3616 perﬁcies
3569 3563 3581 3615 ;
3607 3560 3684 3602 ne

2019 3630 2458 3705 supersederis,
2483 3629 2693 3702 quoad
2733 3629 2920 3702 petita
2967 3645 3345 3704 consequare
3376 3649 3398 3689 .'
3439 3635 3546 3690 sed
3573 3651 3684 3709 pa-

2016 3722 2230 3779 tienter
2278 3718 2434 3775 fores
2467 3720 2598 3790 ejus
2638 3718 2837 3790 pulsa,
2870 3735 3010 3774 cum
3040 3720 3217 3792 petis.
3269 3723 3472 3779 Omnis
3500 3726 3678 3791 enim,

2015 3811 2232 3884 inquit,
2264 3811 2369 3882 qui
2385 3810 2536 3880 petit
2565 3810 2742 3882 539
2774 3811 2996 3880 accipit
3023 3827 3036 3865 2
3070 3817 3125 3867 et
3145 3813 3251 3884 qui
3271 3816 3485 3884 quaerit
3515 3815 3681 3874 inve-

2017 3904 2132 3967 nit,
2153 3907 2209 3958 et
2228 3901 2506 3971 pulsanti
2525 3901 2834 3969 aperietur
2855 3902 2922 3950 εδ.
2942 3901 3136 3966 Quam
3158 3902 3319 3958 enim
3343 3903 3525 3960 aliam
3548 3921 3679 3963 rem
3768 3952 3772 3956 .

2017 3991 2264 4064 assequi
2283 3990 2397 4055 vis,
2428 3989 2549 4046 nisi
2572 3988 2767 4045 solam
2790 3989 3132 4047 secundum
3158 3994 3347 4049 Deum
3370 3993 3630 4052 salutem
3649 3996 3678 4053 ‘I

2175 4080 2270 4136 V'is
2293 4079 2546 4148 discere,
2577 4093 2613 4135 o
2639 4078 2873 4151 dilecte,
2894 4081 3208 4152 quomodo
3237 4082 3532 4155 patientes
3553 4084 3677 4142 fue-

2015 4169 2134 4226 rint
2164 4171 2378 4240 sancti,
2412 4184 2524 4225 nec
2555 4184 2726 4242 spem
2777 4168 3107 4238 abjecerint
3129 4172 3157 4227 ?
3181 4171 3510 4242 Abraham,
3535 4189 3676 4232 cum

2012 4260 2219 4331 junior
2247 4263 2424 4327 esset,
2449 4259 2688 4314 vocavit
2715 4262 2888 4326 Deus,
2913 4264 2971 4316 et
3004 4275 3076 4315 ex
3105 4262 3491 4334 Assyriorum
3517 4267 3675 4322 terra

2015 4347 2324 4406 transtulit
2354 4347 2418 4403 in
2467 4347 2880 4416 Palaestinam,
2911 4352 3091 4421 atque
3149 4349 3230 4406 ad
3283 4366 3422 4408 eum
3470 4351 3669 4410 dixit:

2018 4439 2151 4495 Tibi
2205 4435 2359 4493 dabo
2414 4441 2642 4494 terram
2701 4438 2881 4505 hanc,
2915 4443 2969 4495 et
3009 4439 3222 4496 semini
3276 4443 3376 4496 tuo
3416 4447 3672 4514 posite;

1940 4561 1983 4616 Β
2015 4534 2070 4586 et
2130 4527 2290 4583 velut
2337 4527 2541 4583 sidera
2581 4528 2739 4595 cmli,
2788 4528 2874 4583 sic
2903 4528 3016 4584 erit
3063 4543 3259 4586 semen
3285 4535 3476 4599 tuum,
3510 4533 3672 4602 quod

2014 4631 2136 4672 non
2185 4615 2640 4672 enumerabitur
2662 4618 2730 4672 95.
2764 4619 2828 4672 Et
2856 4616 3190 4672 multorum
3215 4633 3517 4674 annorum
3563 4635 3670 4678 nu-

2011 4720 2219 4762 merus
2267 4703 2600 4773 efﬂuxerat,
2632 4709 2691 4761 et
2729 4709 2951 4762 natura
2985 4705 3178 4778 ipsius
3207 4707 3341 4777 jam
3370 4707 3670 4766 exstincta

2011 4799 2160 4863 erat,
2225 4811 2391 4851 mors
2435 4810 2579 4851 vero
2622 4811 2734 4867 pro
2761 4795 2992 4851 foribus
3044 4795 3260 4868 stabat,
3293 4811 3405 4854 nec
3461 4802 3668 4855 tamen

2008 4885 2206 4943 dixit:
2259 4884 2534 4952 Domine,
2565 4881 2714 4942 mihi
2766 4900 3005 4958 semper
3058 4885 3215 4943 ﬁlios
3259 4886 3576 4960 promittis,
3609 4893 3668 4948 et

2010 4975 2282 5047 gentium
2309 4974 2587 5033 omnium
2606 4973 2878 5032 futurum
2896 4991 2996 5033 me
3017 4980 3253 5049 patrem
3272 4979 3664 5050 praenuntias.

2078 5345 2187 5417 (86)
2219 5343 2473 5418 Codices
2504 5343 2628 5402 duo
2673 5344 2884 5398 ἐνώπιον
2911 5343 3091 5401 αὐτοῦ.
3131 5345 3270 5401 Ἐάν.
3327 5347 3457 5403 Mox
3499 5346 3665 5418 Regii

2006 5417 2314 5492 secundus
2357 5423 2416 5473 et
2461 5422 2717 5489 quartus
2748 5425 2901 5492 κροῦε
2937 5418 3003 5480 εἰς
3029 5423 3124 5492 τὴν
3164 5420 3363 5492 θύρμαν
3393 5418 3553 5471 αὐτοῦ
3582 5417 3664 5472 αἱ-

2003 5471 2167 5616 ὧνὲ
2200 5471 2412 5573 βούλει(
2775 5471 3171 5561 Ριιίεαίίοᾶνῑε
3217 5471 3408 5558 έίίὶιιε,
3439 5495 3496 5548 et
3523 5471 3663 5560 pete

2003 5576 2118 5616 auo
2187 5576 2292 5616 vis.

2003 5576 2376 5704 qu€8q7fgtliti
2406 5635 2463 5688 et
2493 5647 2642 5704 mss.
2673 5633 2876 5704 πάντων
2915 5640 3014 5685 τῶν
3059 5631 3234 5703 ἐθνῶν,
3265 5638 3502 5704 patrem
3545 5649 3664 5690 om-

2007 5705 2175 5761 nium
2210 5705 2506 5776 gentium.
2536 5703 2650 5760 Sed
2676 5703 2843 5776 apud
2887 5706 3034 5773 LXX,
3066 5703 3278 5762 Cenes.
3313 5721 3451 5774 xm,
3494 5711 3524 5762 5
3553 5704 3660 5762 ali-
