4120 6376
424 329 561 386 1335

1783 323 1840 378 S.
1881 317 2138 376 BASILII
2178 319 2426 376 MAGNI.

3657 328 3796 385 1336

423 449 634 508 Mortui
651 450 792 506 sunt
812 448 931 506 mei
949 449 1262 506 naturales
1283 451 1486 506 motus
1511 450 1757 538 propter
1775 447 2083 538 senectam

2214 461 2292 495 ιου
2356 440 2453 498 διὰ
2497 452 2666 522 γῆρας
2713 452 2808 510 τῆς
2843 447 3043 518 φύσεως
3072 447 3138 498 τὰ
3165 449 3452 519 κινήματα,
3480 451 3573 502 καὶ
3602 451 3794 526 suppa,

423 545 482 599 et
527 543 688 598 Sara:
746 540 916 596 uxori
972 555 1125 597 mete
1185 539 1340 596 nihil
1383 540 1516 611 jam
1546 537 1840 596 muliebre
1865 532 2086 592 accidit

420 646 548 704 prae
607 633 928 701 senectute,
982 634 1085 687 tua
1131 629 1312 699 igitur
1366 629 1523 685 falsa
1578 633 1668 685 est
1709 623 2082 700 pollicitatio.

422 719 619 777 Ambo
641 719 803 776 enim
818 720 951 790 jam
978 735 1154 775 senes
1171 719 1417 791 qualem
1440 734 1611 791 spem
1631 717 1856 773 habere
1877 729 2085 787 possu-

426 826 565 866 mus
584 811 612 866 ‘I
643 813 772 866 Non
792 809 943 865 dixit
973 809 1124 875 haec,
1157 824 1356 884 neque
1384 807 1688 878 cogitavit,
1707 805 1816 862 sed
1870 805 1933 861 in
1964 803 2084 884 ﬁde

425 899 836 957 inconcussus
859 900 1214 972 permansit,
1230 904 1286 956 et
1308 903 1480 955 tetate
1501 897 1690 972 ipsius
1710 899 2080 967 senescente,

427 1005 567 1061 spes
583 989 1037 1059 juvenescebat.
1062 992 1128 1044 Et
1147 1004 1400 1062 corpore
1420 988 1574 1044 vires
1588 1004 1732 1043 suas
1753 987 2083 1052 amittente,

431 1094 502 1134 ac
530 1078 939 1148 desperationi
966 1077 1170 1134 locum
1202 1077 1406 1149 dante,
1438 1077 1590 1133 tides
1621 1081 1680 1132 et
1703 1076 1980 1132 animum
2030 1078 2088 1131 et

431 1184 651 1241 corpus
691 1167 1144 1225 corroborabat.
1196 1171 1372 1237 Deus,
1399 1167 1614 1239 inquit,
1667 1170 1780 1234 est,
1811 1166 1917 1238 qui
1953 1180 2089 1238 pro-

430 1257 616 1321 misit,
639 1258 767 1330 ipse
793 1263 881 1314 est
909 1258 1204 1314 Dominus
1231 1263 1482 1325 naturae,
1517 1262 1571 1313 et
1603 1256 1771 1313 aliter
1796 1257 1925 1313 ﬁeri
1963 1271 2088 1312 non

431 1351 651 1418 potest.
685 1349 815 1419 Ipse
845 1351 955 1409 est,
988 1347 1094 1419 qui
1122 1363 1260 1419 quae
1281 1362 1355 1402 ex
1380 1362 1442 1402 se
1473 1346 1602 1402 fieri
1630 1361 1756 1402 non
1808 1349 2088 1418 possunt,

433 1441 500 1492 ut
545 1435 672 1492 fieri
705 1435 960 1508 possint,
988 1435 1130 1492 facit
1162 1455 1174 1494 :
1230 1436 1533 1510 siquidem
1573 1435 1750 1492 efﬁcit
1773 1435 2002 1506 omnia,
2037 1438 2092 1492 et

432 1539 545 1596 pro
574 1523 820 1580 arbitrio
873 1529 1255 1581 transmutat.
1308 1526 1543 1581 Imitare
1569 1525 1757 1581 ﬁdem
1799 1524 2084 1581 Abrahae.

434 1616 762 1686 Postquam
791 1614 974 1684 igitur
997 1614 1308 1672 debilitata
1352 1614 1564 1672 fuisset
1593 1619 1830 1685 natura,
1864 1619 2094 1671 motus-

434 1719 552 1776 que
608 1704 905 1776 exstincti,
941 1709 1070 1761 tum
1121 1706 1374 1762 demum
1424 1705 1526 1761 Dei
1573 1705 1719 1762 vixit
1745 1704 2092 1778 promissio.

2191 532 2221 590 ἡ
2273 538 2400 604 γυνή
2457 532 2581 607 μου,
2624 535 2794 588 οὐκέτι
2849 537 3090 608 ὑπομένει
3142 555 3194 588 τι
3243 543 3539 608 γυναικεῖον
3597 535 3694 592 διά
3735 544 3796 593 τό

2191 629 2382 696 γῆρας.
2443 623 2579 677 ὥστε
2614 621 2821 696 ψευδὴς
2851 626 2880 686 ἠ
2937 623 3239 698 έπαγγελία.
3289 629 3388 680 Δύο
3435 629 3540 701 γὰρ
3569 633 3800 703 γέροντες

2190 717 2344 764 ποίαν
2391 710 2584 766 ελπίδα
2636 717 2863 787 ἔχομενς
2907 715 3018 766 Ούκ
3071 711 3181 768 εἶπε
3245 723 3432 785 ταῦτα,
3463 717 3559 770 οὐκ
3600 715 3800 777 ἐνενόη-

2195 819 2300 868 σεν,
2363 800 2469 854 ἀλλ’
2520 805 2686 876 ἔμενεν
2747 803 3030 867 ἀσάλευτος
3081 811 3144 876 τῇ
3197 810 3394 859 πίστει·
3447 811 3540 860 καὶ
3597 815 3660 879 τῇ

2191 889 2372 964 ἡλικίᾳ
2419 892 2706 968 ἐγήρασκεν
2737 895 2868 967 (88),
2908 897 2937 954 ἡ
2979 891 3036 948 δε
3063 893 3207 958 ε’λπὶς
3259 894 3450 957 ένέαζε.
3482 901 3584 950 Καὶ
3615 900 3676 950 τό
3709 900 3802 970 μεν

2197 988 2351 1054 σῶμα
2385 981 2458 1044 εἰς
2516 981 2722 1036 ἀτονίαν
2779 987 3000 1056 ἤρχετο,
3057 988 3150 1038 καὶ
3211 983 3508 1057 ἀπόγνωσιν
3565 985 3802 1055 ἐνεποίει,

2195 1073 2224 1129 ἡ
2266 1068 2325 1124 δὲ
2381 1077 2560 1134 πίστις
2627 1073 2832 1146 ἐνεύρου
2883 1078 2973 1126 καὶ
3015 1078 3102 1133 τὴν
3150 1073 3338 1147 ψυχήν
3381 1080 3472 1128 καὶ
3516 1079 3575 1128 τὸ
3627 1084 3801 1150 σῶμα.

2197 1163 2348 1229 Θεὸς,
2404 1167 2585 1234 φησιν,
2648 1162 2788 1215 ἐστὶν
2865 1163 2891 1214 ὁ
2959 1162 3408 1236 ἐπαγγειλάμενος,
3462 1165 3488 1218 ό
3543 1169 3806 1230 Δεσπότης

2196 1260 2290 1312 τῆς
2350 1254 2572 1324 φύσεως,
2624 1257 2715 1305 καὶ
2753 1251 2916 1314 ἄλλως
2947 1255 3192 1325 γενέσθαι
3238 1253 3298 1307 ού
3350 1250 3592 1310 δύναται.
3638 1255 3808 1319 Λύτός

2199 1339 2338 1394 ἐστιν
2378 1342 2404 1394 ό
2445 1346 2534 1394 καὶ
2568 1343 2634 1394 τά
2692 1338 2933 1395 ἀδύνατα
2980 1339 3184 1396 δυνατὰ
3246 1351 3428 1396 ποιῶν·
3471 1341 3614 1399 δίοτι
3669 1353 3811 1399 ποιεῖ

2199 1432 2391 1501 πάντα,
2421 1431 2512 1483 καὶ
2589 1432 2971 1504 μετασκευάζει
3015 1434 3080 1494 ὡς
3139 1430 3407 1506 βούλεται.
3495 1441 3675 1507 Μιμοῦ
3713 1439 3808 1494 τὴν

2201 1524 2384 1573 πίστιν
2439 1528 2530 1573 τοῦ
2586 1520 2848 1594 Ἀϐραάμ.
2892 1520 3014 1574 Ὀτε
3075 1522 3162 1574 οὖν
3219 1521 3508 1582 ἠσθένησεν
3543 1525 3573 1581 ἡ
3629 1526 3809 1597 φύσις,

2203 1612 2294 1662 καί
2360 1609 2614 1686 έναρώθη
2651 1614 2717 1664 τὰ
2766 1616 3051 1685 κινήματα,
3105 1615 3221 1665 τότε
3276 1615 3463 1676 ἔζησεν
3499 1615 3529 1671 ἠ
3581 1613 3810 1687 ἐπαγγε-

2201 1697 2291 1751 λία
2340 1707 2430 1752 τοῦ
2487 1707 2640 1755 Θεοῦ.
2695 1705 2865 1773 Δέχου
2921 1703 2988 1754 τὰ
3044 1697 3434 1774 ὑποδείγματα.
3507 1701 3687 1775 Ἠμείς
3751 1700 3812 1758 δε

435 1791 653 1866 Accipe
705 1794 1007 1867 exempla.
1050 1798 1168 1851 Nos
1198 1800 1402 1852 autem
1463 1810 1693 1852 annum
1735 1811 2006 1862 oramus,
2037 1797 2096 1850 et

2214 1793 2439 1842 ενιαυτόν
2487 1792 2919 1865 προσευχόμεθα,
2974 1796 3065 1844 καὶ
3117 1788 3514 1866 ἀναχωροῦμεν·
3577 1789 3674 1846 δύο
3721 1795 3808 1853 ἔτη

437 1881 829 1939 desistimus:
897 1883 1214 1941 biennium
1254 1885 1618 1956 jejunamus,
1647 1888 1706 1941 et
1746 1884 2097 1958 supersede-

439 1988 602 2028 mus.
651 1973 926 2030 Nolimus
971 1974 1152 2045 igitur
1197 1974 1475 2032 animum
1523 1975 1924 2048 despondere,
1955 1991 2096 2032 cum

443 2065 599 2120 Deus
628 2062 806 2120 nobis
853 2064 1085 2138 aliquid
1116 2064 1430 2137 promittit.
1482 2065 1589 2132 Qui
1610 2065 1772 2122 enim
1795 2065 1936 2122 huic
1962 2081 2100 2138 pro-

441 2151 691 2208 miserat
738 2153 1280 2225 multiplicaturum
1329 2169 1394 2210 se
1446 2169 1654 2210 semen
1703 2154 1883 2225 illius,
1933 2153 2100 2211 idem

442 2257 689 2314 quoque
716 2242 996 2314 promisit
1032 2259 1095 2300 se
1123 2243 1301 2300 nobis
1331 2243 1618 2301 daturum
1647 2244 1816 2318 quod
1857 2244 2104 2317 petieri-

442 2345 602 2386 mus.
642 2330 735 2388 Ait
763 2331 923 2388 enim
959 2350 972 2387 :
1009 2333 1214 2390 Venite
1242 2334 1324 2390 ad
1362 2349 1472 2404 me,
1505 2350 1704 2391 omnes
1727 2335 1833 2406 qui
1863 2335 2102 2392 labora-

446 2420 602 2488 tis,et
620 2424 862 2479 onerati
883 2424 1042 2495 estis,
1059 2429 1112 2480 et
1135 2440 1238 2495 ego
1264 2426 1531 2495 reﬁciam
1553 2441 1653 2482 vos
1675 2428 1742 2482 9°.
1769 2428 1918 2484 Cum
1939 2424 2104 2483 enim

446 2515 511 2566 tu
537 2510 717 2582 longe
748 2511 826 2567 ab
857 2512 994 2585 ipsa
1024 2513 1293 2584 abesses,
1318 2514 1732 2572 misericordia
1781 2519 1984 2572 motus
2007 2531 2108 2572 ac-

448 2601 686 2657 cersivit
737 2605 792 2658 te
857 2602 1262 2672 laborantem,
1317 2608 1375 2661 et
1448 2605 1812 2676 gravissima
1872 2605 2106 2678 peccati

448 2689 689 2747 sarcina
717 2698 1036 2750 oneratum
1061 2711 1074 2750 :
1109 2699 1174 2750 ut
1200 2693 1428 2752 levaret
1455 2700 1509 2753 te
1527 2711 1729 2763 onere,
1759 2695 2107 2768 etrequiem

446 2780 510 2836 in
549 2784 861 2852 posterum
890 2781 1001 2840 tibi
1044 2782 1402 2854 largiretur;
1454 2789 1512 2841 et
1558 2789 1622 2841 tu
1662 2784 1714 2841 ei
1773 2784 1951 2841 fidem
1982 2799 2109 2842 non

449 2869 692 2926 habes?
730 2871 911 2944 Atqui
962 2871 1100 2929 licet
1150 2878 1347 2930 tacere
1402 2873 1790 2946 voluerimus,
1843 2873 1922 2931 ab
1974 2873 2112 2946 ipsa

451 2963 660 3017 nostra
687 2960 1053 3020 conscientia
1079 2961 1525 3034 redarguimur.
1550 2967 1752 3039 Neque
1783 2965 1944 3022 enim
1972 2980 2112 3038 pro-

451 3053 659 3122 pterea
683 3050 735 3105 ei
763 3049 950 3107 ﬁdem
970 3051 1360 3124 abrogamus,
1384 3053 1552 3127 quod
1581 3071 1693 3112 nos
1716 3055 1962 3115 reﬁcere
1987 3069 2112 3111 non

2205 1881 2541 1952 νηστεύομεν,
2617 1884 2709 1932 καὶ
2789 1881 3084 1953 παυόμεθα.
3145 1885 3232 1940 Mil
3312 1879 3401 1934 οὖν
3479 1880 3811 1956 ἀτονήσωμεν

2207 1973 2339 2044 πρὸς
2383 1973 2477 2028 τὴν
2528 1968 2839 2042 ἐπαγγελίαν
2888 1978 2980 2022 τοῦ
3022 1978 3182 2027 Θεοῦ.
3271 1974 3372 2025 Καὶ
3425 1973 3526 2045 γάρ
3562 1973 3588 2024 ὁ
3640 1972 3812 2044 ἐκείνῳ

2210 2057 2645 2131 ἐπαγγειλάμενος
2721 2058 2996 2117 πληθύνειν
3071 2063 3128 2113 τὸ
3209 2064 3420 2136 σπέρμα
3503 2061 3683 2130 αὐτοῦ,
3719 2066 3809 2116 καὶ

2211 2149 2336 2221 ἡμῖν
2389 2148 2728 2220 ἐπηγγείλατο
2795 2149 3006 2202 αἰτοῦσι
3043 2154 3294 2226 παρέχειν
3324 2154 3383 2204 τὸ
3410 2155 3608 2225 αἴτημα
3640 2153 3803 2224 ἡμῶν.

2214 2242 2352 2296 Φησὶ
2385 2239 2510 2314 γάρ·
2565 2245 2718 2292 Δεῦτε
2770 2240 2958 2302 πάντες
3023 2243 3154 2314 πρὸς
3214 2240 3327 2313 (89)
3374 2243 3460 2314 με,
3495 2243 3543 2294 οἱ
3592 2248 3809 2294 κοπιῶν-

2212 2346 2296 2389 τες
2373 2332 2465 2380 καὶ
2545 2332 2966 2404 πεφορτισμένοι,
3053 2330 3199 2401 κάγὼ
3283 2327 3570 2384 ἀναπαύσω
3655 2331 3811 2404 ὑμᾶς.

2213 2419 2433 2491 Μακράν
2463 2419 2564 2492 γάρ
2626 2437 2720 2472 σου
2770 2419 2915 2480 ὄντος
2967 2416 3055 2471 ἀπ’
3097 2420 3277 2492 αὑτοῦ,
3322 2422 3587 2473 κοπιῶντά
3637 2439 3691 2473 τε
3727 2424 3818 2473 καὶ

2214 2511 2621 2583 πεφορτισμένον
2653 2511 2712 2560 τὸ
2757 2506 3052 2582 βαρύτατον
3092 2510 3204 2582 (90)
3255 2515 3466 2584 φορτίον
3494 2518 3592 2572 τῆς
3643 2509 3820 2586 ἁμαρ·-

2216 2602 2349 2665 τίας,
2406 2596 2618 2659 ἐλεήσας
2677 2617 2735 2651 σε
2789 2596 3230 2672 προσεκαλέσατο,
3273 2601 3407 2653 ὥστε
3458 2604 3708 2672 κουφίσαι
3762 2617 3822 2653 σε

2219 2695 2310 2740 τοῦ
2341 2691 2587 2762 ¹φορτίου,
2613 2691 2705 2740 καὶ
2749 2686 3044 2742 ἀνάπαυσιν
3087 2697 3178 2741 τοῦ
3214 2689 3398 2742 λοιποῦ
3451 2690 3816 2764 χαρίσασθαι’

2219 2782 2310 2830 καὶ
2365 2779 2431 2830 σὺ
2480 2777 2538 2829 ού
2597 2780 2856 2840 πιστεύεις
2905 2777 3082 2850 «51'qu;
3109 2776 3261 2832 ’Δλλὰ
3311 2779 3438 2852 γὰρ,
3476 2776 3574 2830 κᾶν
3614 2784 3821 2849 σιωπᾷ»

2223 2866 2461 2939 θέλωμεν,
2505 2865 2828 2940 ἐλεγχόμεθα
2872 2868 2974 2921 ὑπὸ
3029 2875 3122 2921 τοῦ
3174 2864 3476 2930 συνειδότος
3523 2869 3693 2940 ἡμῶν.
3744 2866 3822 2922 Oti

2219 2958 2321 3031 γὰρ
2381 2955 2702 3030 ἀπιστοῦμεν
2751 2957 2892 3028 αύτῷ
2950 2959 3020 3021 ὡς
3063 2962 3136 3031 μὴ
3197 2953 3467 3031 δυναμένῳ
3520 2956 3826 3012 ἀναπαῦσαι

2222 3047 2378 3120 ἡμᾶς,
2436 3045 2564 3100 ἀλλὰ
2625 3046 3061 3122 περιστελλόμεθα
3107 3041 3235 3123 ἆραι
3287 3051 3375 3100 τὸν
3443 3047 3603 3119 ζυγὸν
3659 3046 3820 3100 αὐτοῦ
3868 3101 3880 3118 ,

451 3138 677 3211 possit:
711 3139 819 3196 sed
839 3141 1058 3213 jugum
1079 3141 1271 3215 ipsius
1292 3159 1479 3217 supra
1497 3160 1612 3200 nos
1640 3143 1845 3202 tollere
1871 3159 2106 3201 recusa-

2225 3136 2301 3211 ἐφ’
2351 3136 2568 3205 ἑαυτῶν,
2617 3140 2705 3190 τὸν
2749 3141 2991 3210 χρηστὸν
3032 3142 3122 3190 καὶ
3170 3137 3408 3213 ἐλαφρὸν,
3429 3141 3521 3190 καὶ
3577 3133 3672 3190 διὰ
3724 3144 3821 3200 τῆς

452 3228 898 3297 ωυε,,1)οηυω
958 3230 1107 3288 illud
1154 3236 1212 3289 et
1254 3231 1433 3290 leve:
1476 3234 1760 3307 pigetque
1801 3235 1864 3291 in
1896 3235 1998 3291 Dei
2022 3250 2114 3290 re—

455 3333 648 3389 gnum
676 3334 784 3388 per
813 3325 1142 3392 angustam
1163 3326 1402 3394 portam
1424 3322 1690 3393 introire,
1719 3329 1778 3381 et
1805 3323 2116 3381 malumus

456 3412 848 3478 peccatorum
901 3409 1209 3466 sarcinam
1242 3415 1499 3483 gestare,
1531 3417 1589 3469 et
1635 3428 1742 3486 per
1770 3413 2117 3486 voluptates

454 3495 814 3554 libidinosas
839 3497 968 3556 lata
988 3499 1090 3556 via
1125 3499 1423 3569 incedere,
1464 3507 1523 3558 et
1550 3517 1660 3574 per
1678 3501 1946 3574 amplam
1974 3517 2115 3574 por-

457 3591 583 3644 tam
607 3587 843 3659 ingredi
870 3589 933 3645 in
958 3589 1286 3647 interitum.
1334 3595 1407 3648 At
1454 3607 1640 3665 saepe,
1667 3592 1884 3666 inquit,
1914 3589 2116 3664 petivi,

459 3676 516 3730 et
539 3677 742 3730 tamen
767 3689 890 3732 non
922 3675 1152 3750 accepi.
1197 3679 1469 3746 Prorsus,
1499 3677 1603 3750 qui
1641 3677 1802 3734 male
1832 3675 2117 3750 petivisti,

459 3766 564 3820 aut
590 3762 961 3834 dubitanter,
993 3770 1101 3822 aut
1138 3781 1299 3837 vaga
1348 3772 1572 3837 mente,
1603 3771 1711 3824 aut
1740 3783 1812 3823 ea
1845 3783 1981 3840 quae
2013 3765 2120 3822 tibi

460 3868 584 3910 non
615 3854 985 3912 conducunt.
1006 3855 1182 3922 Quod
1205 3855 1257 3912 si
1282 3872 1443 3929 saepe
1469 3857 1652 3914 etiam
1676 3857 1961 3930 ﬂagitasti
1982 3871 2122 3913 con-

461 3944 770 4012 ducibilia,
796 3950 858 4002 at
876 3961 1000 4003 non
1022 3947 1448 4019 perseverasti.
1471 3947 1774 4021 Scriptum
1801 3952 1894 4004 est
1916 3947 2078 4003 enim
2103 3963 2117 4003 :

463 4036 537 4092 In
584 4037 888 4104 patientia
942 4043 1143 4094 vestra
1191 4038 1487 4107 possidete
1529 4039 1765 4094 animas
1794 4043 2022 4095 vestras
2048 4039 2116 4094 97.

462 4127 607 4182 Item
641 4143 654 4181 :
690 4126 806 4194 Qui
847 4128 1320 4197 perseveraverit
1350 4143 1538 4200 usque
1556 4129 1620 4184 in
1646 4129 1849 4198 ﬁnem,
1879 4127 1976 4184 hic
2003 4129 2120 4186 sat-

463 4231 571 4273 vus
603 4217 715 4273 erit
747 4217 818 4275 9⁸.

535 4345 591 4399 6.
632 4344 788 4398 Deus
830 4343 1018 4401 corda
1069 4343 1238 4402 novit
1274 4344 1675 4418 precantium.
1709 4345 1864 4412 Quid
1917 4346 2117 4420 igitur,

461 4431 681 4505 inquit,
740 4433 1028 4506 petitione
1100 4438 1310 4492 nostra
1355 4449 1512 4508 opus
1565 4438 1654 4491 est
1707 4437 1884 4494 Deo?
1944 4436 2121 4510 540

2225 3236 2409 3290 στενῆς
2454 3226 2616 3288 πύλης
2673 3226 2914 3281 εἰσελθεῖν
2957 3229 3030 3291 εἰς
3075 3230 3165 3286 τὴν
3206 3225 3479 3301 βασιλείαν
3521 3234 3618 3280 τῶν
3672 3225 3822 3300 ούρα-

2222 3324 2340 3369 νῶν·
2386 3318 2675 3392 αἱρούμεθα
2720 3313 2779 3369 δὲ
2823 3315 3016 3390 μᾶλλον
3073 3319 3133 3369 τὸ
3177 3325 3278 3370 τῶν
3307 3315 3572 3391 ἁμαρτιῶν
3620 3319 3824 3390 φορτίον

2227 3404 2540 3480 βαστάζειν,
2579 3412 2670 3460 καὶ
2737 3402 2831 3459 διὰ
2885 3415 2984 3460 τῶν
3037 3404 3087 3460 έν
3126 3403 3291 3480 ἡδονῇ
3351 3407 3678 3479 παθημάτων
3739 3407 3826 3462 τὴν

2227 3497 2527 3571 εὐρύχωρον
2584 3493 2709 3550 ὀδόν
2766 3491 3036 3569 βαδίζειν,
3065 3495 3158 3549 καί
3200 3492 3294 3550 διὰ
3343 3504 3438 3558 τῆς
3460 3494 3828 3558 πλατείαςπύ·

2235 3607 2323 3650 ιιης
2373 3587 2714 3663 εἰσέρχεσθαι
2761 3585 2834 3650 εἰς
2905 3591 2998 3644 τὴν
3039 3585 3323 3644 ἀπώλείαν.
3366 3583 3527 3640 Ἀλλά
3559 3583 3831 3656 πολλάκις,

2229 3682 2387 3751 φησὶν
2419 3679 2554 3749 (91),
2602 3677 2796 3749 ἤτησα,
2825 3681 2917 3730 καὶ
2955 3676 3052 3729 ούκ
3091 3675 3293 3732 ἔλαϐον.
3333 3679 3550 3740 Πάντως
3605 3677 3686 3728 ὅτι
3739 3693 3829 3726 κα-

2227 3777 2328 3830 κῶς
2384 3769 2665 3842 ᾖτησας,ἣ
2715 3767 3023 3832 ἀπίστως,ἣ
3081 3773 3362 3842 μετεώρως,
3395 3767 3424 3826 ἡ
3481 3768 3548 3819 re
3570 3769 3642 3839 μή
3696 3783 3828 3837 συμ-

2230 3859 2447 3934 φέροντά
2483 3872 2614 3916 σοι.
2644 3858 2707 3912 Εἰ
2745 3854 2805 3912 δὲ
2835 3862 2926 3910 καὶ
2963 3858 3030 3909 τά
3067 3861 3396 3930 συμφέροντα
3421 3855 3674 3920 πολλάκις
3702 3858 3831 3928 ᾔτη-

2233 3968 2352 4018 σας,
2421 3946 2520 4000 ἀλλ’
2570 3947 2629 3999 ού
2686 3951 3018 4022 παρέμεινας.
3067 3951 3362 4020 Γέγραπται
3420 3949 3547 4020 γὰρ,
3607 3947 3690 3998 ὅτι
3749 3943 3830 3998 Ἐν

2231 4047 2291 4113 τῇ
2322 4040 2554 4112 ὑπομονῇ
2588 4039 2730 4111 ὑμῶν
2768 4039 3041 4096 κτήσασθε
3081 4040 3176 4100 τὰς
3225 4035 3410 4109 ψυχὰς
3441 4037 3604 4110 ὑμῶν’
3631 4040 3743 4104 καὶ,
3775 4033 3831 4088 Ο’

2230 4130 2514 4202 ὑπομείνας
2541 4127 2609 4190 εἰς
2631 4126 2794 4194 τέλος,
2826 4127 2975 4200 οὗτος
3002 4128 3144 4187 σωθή
3156 4145 3323 4184 σεται.

2301 4348 2353 4401 6.
2388 4339 2547 4397 Οἶδεν
2599 4345 2626 4397 ό
2682 4346 2814 4405 Θεὸς
2855 4350 2957 4396 τῶν
2994 4345 3433 4416 προσευχομένων
3459 4345 3554 4398 τὴν
3583 4336 3833 4416 καρδίαν.

2227 4438 2292 4489 Τί
2317 4431 2428 4505 οὖν,
2451 4439 2607 4508 φησὶ,
2629 4442 2728 4498 τῆς
2755 4435 2902 4507 ἡμῶν
2929 4437 3118 4509 χρείαν
3171 4435 3285 4504 ἔχει
3309 4431 3565 4492 αἰτήσεως
3595 4431 3623 4483 ὁ
3669 4434 3795 4491 Θεός
3818 4445 3834 4497 ;

463 4525 672 4580 Nonne
694 4524 862 4580 novit
881 4524 1103 4597 quibus
1125 4523 1506 4594 indigemus?
1522 4525 1678 4590 Quid
1707 4540 1848 4596 ergo
1873 4542 2106 4584 necesse

2231 4527 2343 4579 Ούκ
2401 4522 2541 4579 οἶδεν
2605 4525 2673 4578 ὧν
2733 4527 2824 4588 (92
2877 4529 3064 4600 χρείαν
3121 4525 3359 4596 ἕχομενς
3401 4525 3494 4584 Τίς
3543 4517 3634 4573 οὖν
3676 4524 3839 4596 χρεία

463 4617 553 4669 est
574 4617 778 4686 petere
801 4614 829 4669 ?
857 4613 1028 4669 Novit
1045 4612 1295 4686 quidem
1327 4613 1482 4671 Deus
1507 4614 1730 4687 quibus
1755 4631 1912 4690 opus
1933 4616 2122 4674 habe-

463 4719 625 4770 mus,
655 4709 713 4760 et
744 4704 955 4761 omnia
1000 4703 1342 4776 corporalia
1382 4704 1562 4762 nobis
1594 4705 1852 4764 fruenda
1879 4706 2124 4766 abunde

465 4793 832 4867 suppeditat,
857 4797 913 4850 et
933 4809 1073 4849 cum
1102 4792 1306 4850 bonus
1333 4793 1430 4861 sit,
1460 4793 1616 4868 pluit
1641 4811 1822 4869 super
1845 4797 2042 4868 justos
2065 4801 2124 4855 et

462 4883 743 4956 injustas,
763 4882 1008 4956 vultque
1021 4882 1210 4940 solem
1229 4899 1408 4940 suum
1430 4899 1613 4959 super
1631 4884 1829 4944 bonos
1848 4891 1906 4944 et
1927 4887 2123 4944 malos

537 5047 585 5082 9°
615 5045 816 5104 Matth.
840 5059 919 5109 ιι,
948 5047 1037 5102 28.
1104 5046 1147 5080 97
1174 5046 1314 5104 Luc.
1337 5062 1452 5118 xxx,
1482 5049 1566 5104 I9.
1646 5048 1693 5083 οε
1717 5047 1922 5105 Matth.
1944 5048 2118 5120 x,§22.

461 5233 550 5284 ter
579 5226 818 5298 legitur,
847 5229 1049 5301 πατέρα
1085 5225 1282 5278 πολλῶν
1307 5300 1313 5301 γ
1335 5227 1514 5301 ἐθνῶν-
1539 5228 1744 5301 τέθεικα
1772 5246 1847 5299 σε,
1882 5233 2120 5298 patrem

461 5297 1101 5370 multarumgentium
1136 5300 1315 5368 posui
1360 5303 1434 5357 te.
1475 5297 1704 5355 Ibidem
1734 5297 2122 5370 Reg.'secun-

462 5371 577 5428 dus
597 5373 773 5442 Νεκρὰ
800 5367 860 5423 δέ
884 5391 1004 5442 μου.

529 5390 577 5428 18
599 5390 701 5424 Νεκ
741 5392 773 5421 α
800 5390 858 5423 σε
884 5391 1004 5442 μου.

529 5445 648 5575 έ88)
684 5390 926 5523 ϐειῑεξτθε
951 5444 1075 5499 duo
1109 5441 1246 5499 libri
1279 5445 1370 5494 καὶ
1407 5444 1436 5500 ἠ
1499 5443 1590 5514 μὶν
1625 5440 2116 5527 ἠλικίαβγήρασεν,

556 5517 644 5575 89)
675 5514 868 5569 Editio
929 5517 1072 5570 Ven.
1129 5519 1185 5572 et
1239 5518 1356 5569 tres
1400 5529 1549 5569 mss.
1579 5516 1781 5575 αἴτημα
1809 5525 1975 5575 ημῶν.
2017 5523 2116 5571 Καὶ

556 5514 644 5579 89)
675 5514 868 5569 Editio
929 5517 1072 5570 Ven.
1094 5519 1185 5588 __et
1236 5518 1356 5588 tres
1400 5529 1549 5588 mss.
1579 5516 1781 5586 αἴτημα
1809 5514 1975 5588 ἡμῶν.
2017 5523 2120 5571 Καὶ

462 5583 638 5640 πάλιν
677 5593 828 5661 ᾼεῦτε
863 5589 1011 5657 πρὸς.
1043 5585 1186 5643 Alia;
1217 5585 1354 5642 dua:
1374 5585 1666 5642 editiones
1708 5583 1923 5661 ait-nisa
1947 5590 2112 5660 ἡμῶν.

464 5663 599 5717 Φησὶ
633 5658 756 5732 γὰρ.

2232 4616 2486 4676 αἰτήσεως
2514 4633 2527 4684 ;
2559 4611 2689 4668 Οἷδε
2751 4616 2842 4687 μὶν
2891 4615 2918 4667 ό
2952 4615 3073 4674 Θεὸς
3108 4613 3176 4664 ὧν
3209 4611 3504 4686 χρῄζομεν,
3541 4615 3634 4663 καὶ
3666 4612 3838 4663 πάντα

2231 4709 2298 4759 τὰ
2327 4707 2608 4779 σωματικὰ
2640 4703 2908 4766 πλουσίως
2959 4705 3085 4776 ἡμῖν
3139 4706 3365 4776 παρέχει
3398 4700 3466 4762 εἰς
3520 4698 3834 4764 ἀπόλαυσιν,

2230 4796 2321 4849 καί
2349 4795 2539 4868 ἀγαθός
2597 4796 2872 4868 ὑπάρχων³
2906 4792 3096 4869 βρέχει
3138 4788 3513 4852 ἰπὶ-δικαίους
3569 4794 3662 4842 καὶ
3719 4785 3839 4842 ἀδέ-

2230 4905 2374 4957 κους,
2412 4890 2503 4939 καὶ
2559 4888 2648 4938 τὸν
2707 4884 2851 4945 ἣλιον
2909 4884 3072 4939 αὐτοῦ
3140 4880 3398 4936 ἀνατέλλει
3458 4879 3544 4935 ἰπὶ
3577 4881 3839 4953 πονηρούς

2302 5230 2412 5307 (90)
2454 5227 2693 5307 antiqui
2721 5225 2847 5307 duo
2879 5223 3014 5307 libri
3046 5221 3141 5307 διὰ
3172 5225 3237 5307 τςξ
3260 5222 3579 5307 ραρύτοςτον.

2303 5293 2420 5367 (94)
2457 5293 2759 5356 Editiones
2776 5297 2966 5354 Paris.
3006 5302 3064 5354 et
3085 5293 3270 5356 Basil.
3283 5293 3381 5353 hic
3409 5301 3472 5352 et
3501 5293 3680 5367 paulo
3699 5293 3837 5367 post

2303 5307 2420 5367 (91)
2457 5307 2759 5356 Editiones
2777 5307 2966 5354 Paris.
3006 5307 3064 5354 et
3085 5307 3262 5356 Basil.
3283 5307 3381 5353 hic
3409 5307 3472 5352 et
3501 5307 3680 5378 paulo
3699 5307 3837 5422 post

2230 5370 2759 5454 ??§§._Edlﬂth-.VBD.
2791 5372 2874 5454 ἐς
2916 5373 3240 5454 treshmss.
3288 5374 3570 5454 utroque‘
3597 5383 3657 5454 in
3726 5379 3837 5452 occ

2229 5441 2408 5517 φησίν.
2471 5442 2682 5517 Statim
2736 5441 2895 5517 editi
2924 5445 2983 5497 et
3030 5441 3176 5510 Reg.
3225 5441 3436 5498 tertius
3479 5441 3764 5517 ἀπλήστως
3804 5441 3832 5495 ἦ

2227 5509 2515 5590 μετεῴρως,
2553 5513 2990 5590 insatiabititer
3019 5520 3074 5570 et
3105 5509 3263 5590 uaga
3307 5518 3521 5590 mente.
3557 5509 3721 5590 Regii
3751 5523 3842 5564 se-

2229 5584 2468 5643 bundhs
2500 5584 2557 5641 ει
2598 5584 3114 5657 quartusautam;
3149 5585 3504 5657 ἡέμετεῴρως,
3531 5586 3720 5640 recte.

2304 5659 2416 5731 (92)
2444 5651 2685 5714 Veterés
2713 5655 2835 5712 duo
2864 5655 3002 5713 libri
3029 5660 3118 5709 καὶ
3151 5651 3246 5708 οὐκ
3276 5651 3416 5708 οἶδέν
3445 5651 3532 5706 ὧν.
