4120 6404
213 5164 245 5175 κ

304 404 441 460 1337
1443 391 1580 450 CON
1589 384 1897 449 STITUTIO

2008 385 2038 442 s
2074 387 2509 472 κοΝΑδτιριΕ.
3535 389 3672 445 1338

301 529 394 580 καὶ
441 523 688 598 ἀγαθοὺς,
739 540 830 576 και
884 523 985 595 πρὸ
1051 525 1144 574 τοῦ
1183 517 1405 580 αἰτῆσαι
1459 517 1594 591 ἡμᾶς
1628 536 1642 550 ο
1701 518 1795 574 τήν
1844 508 1897 566 δί

2013 510 2245 583 oriri",
2276 511 2447 586 prius
2475 512 2659 570 etiam
2709 529 2898 588 quam
2928 529 2966 571 a
3011 515 3188 572 nobis
3241 518 3490 586 rogatus
3543 514 3620 570 sit
3651 529 3665 569 :

2015 601 2121 657 sed
2151 601 2355 675 ﬁdem,
2386 606 2444 660 et
2472 602 2701 659 virtutis
2744 619 2929 677 opera
2980 608 3037 661 et
3074 620 3332 675 regnum
3375 604 3668 660 cuslorum

2011 690 2130 747 nisi
2168 707 2307 749 cum
2353 691 2560 750 labore
2586 696 2640 748 et
2681 694 3126 764 perseverantia
3153 693 3343 749 multa
3372 693 3668 765 efﬂagita-

2011 781 2187 852 veris,
2217 797 2289 838 ea
2340 798 2734 856 nequaquam
2764 797 3154 854 consequere.
3216 785 3459 856 Oportet
3507 781 3669 839 enim

2009 871 2178 942 prius
2201 870 2545 928 desiderare
2577 890 2589 939 ;
2630 875 2758 928 tum
2786 870 2889 926 ubi
2910 869 3374 941 desideraveris,
3423 886 3669 926 omnes-

2008 975 2129 1033 que
2149 958 2303 1016 vires
2324 963 2458 1017 tuas
2483 960 2830 1018 adhibueris
2839 961 2942 1031 ,ita
2959 976 3031 1017 ex
3045 959 3250 1018 animo
3272 959 3670 1032 qumrendum

2009 1050 2070 1108 in
2101 1049 2220 1107 fide
2251 1055 2307 1107 et
2331 1051 2637 1124 patientia.
2670 1067 2868 1125 neque
2898 1049 3426 1118 committendum,
3454 1053 3519 1104 ut
3549 1048 3670 1105 ulla

2008 1139 2070 1196 in
2101 1157 2162 1196 re
2194 1158 2229 1197 a
2249 1140 2494 1213 propria
2523 1141 2894 1197 conscientia
2916 1140 3341 1208 condemnere,
3376 1144 3672 1211 tanquam

2008 1229 2115 1302 qui
2161 1235 2264 1286 aut
2309 1231 2682 1303 negligenter
2732 1237 2837 1288 aut
2885 1231 3210 1288 oscitanter
3246 1245 3448 1298 roges,
3493 1233 3549 1284 et
3590 1229 3671 1285 ita

2007 1319 2276 1386 demum,
2325 1337 2464 1378 cum
2514 1324 2667 1378 Deus
2718 1322 2990 1393 voluerit,
3049 1321 3352 1395 accipies:
3385 1317 3669 1393 quando-

2007 1408 2258 1483 quidem
2285 1426 2420 1483 quze
2453 1410 2558 1467 tibi
2600 1410 2944 1485 expediant,
2994 1410 3211 1466 melius
3239 1410 3369 1484 ipse
3397 1406 3672 1480 intelligit

2007 1513 2195 1572 quam
2215 1502 2371 1555 tu.Et
2393 1499 2645 1557 fortasse
2666 1517 2736 1556 ea
2753 1499 2826 1556 de
2845 1516 3036 1556 causa
3051 1499 3248 1556 differt
3261 1499 3665 1570 largitionem,

2009 1591 2074 1644 ut
2113 1589 2229 1645 hac
2254 1593 2380 1646 arte
2419 1595 2474 1648 te
2517 1605 2662 1660 erga
2704 1588 2905 1663 ipsum
2948 1591 3431 1662 perseverantem
3461 1585 3671 1642 reddat

295 1702 534 1756 καματου
557 1703 638 1746 τις
666 1691 856 1738 κτᾶται
900 1685 1036 1756 (93),
1062 1681 1356 1746 σπόυδάζει
1402 1692 1555 1738 τοῦτο
1605 1683 1896 1758 φυλάττειν,

2009 1678 2425 1753 intelligasque
2449 1681 2599 1754 quid
2624 1682 2698 1738 sit
2726 1679 2960 1740 donum
2990 1681 3114 1750 Dei,
3145 1696 3216 1736 ac
3241 1697 3380 1736 cum
3413 1682 3668 1735 tremore

297 1772 380 1824 ἵνα
408 1778 505 1845 μή,
538 1772 796 1837 ἀπολέσας
827 1773 973 1841 αὐτὸ,
1007 1772 1235 1848 ἀπολέσῃ
1285 1780 1374 1829 καὶ
1412 1777 1500 1828 τόν
1546 1774 1706 1828 πολὺν
1738 1776 1897 1828 αὑτοῦ

2008 1769 2315 1826 custodias
2347 1771 2515 1844 quod
2539 1771 2752 1829 datum
2799 1776 2909 1828 est.
2942 1768 3246 1844 Quidquid
3276 1767 3436 1825 enim
3476 1765 3666 1822 multo

294 1863 548 1934 κάματον,
598 1868 690 1916 καὶ
727 1868 823 1923 τήν
853 1865 1017 1940 χάριν
1064 1871 1156 1916 τοῦ
1187 1872 1322 1918 Θεοῦ
1367 1862 1644 1934 ἀθετήσας,
1687 1865 1897 1928 ἀνάξιος

2008 1859 2214 1918 labore
2267 1861 2346 1918 ab
2393 1860 2598 1936 aliquo
2629 1866 3053 1938 comparatum
3078 1866 3190 1932 est,
3243 1859 3307 1916 id
3363 1856 3667 1914 custodire

2009 1954 2284 2022 conatur,
2306 1955 2372 2008 ut
2399 1967 2475 2008 ne
2499 1950 2614 2009 hoc
2636 1952 2970 2026 deperdito,
3002 1949 3217 2024 perdat
3241 1963 3488 2023 quoque
3516 1945 3668 2003 mul-

299 619 501 679 πίστιν,
559 616 649 666 καὶ
701 613 767 664 τὰ
803 612 1188 687 κατορθώματα
1245 617 1342 671 τῆς
1394 607 1596 684 ἀρετῆς,
1655 609 1746 658 καὶ
1808 607 1902 664 τὴν

302 702 576 778 βασιλείαν
613 710 714 774 τῶν
757 701 1007 775 οὐρανῶν,
1040 699 1124 753 έὰν
1171 702 1242 773 μή
1272 698 1501 772 αἰτήσῃς
1549 697 1680 766 μετὰ
1725 695 1904 768 καμά-

301 813 392 850 του
441 798 533 848 καὶ
585 800 892 867 παραμονῆς
938 789 1147 858 πολλῆς,
1198 789 1256 842 οῦ
1322 787 1614 862 λαμϐάνεις.
1667 792 1752 839 Δεῖ
1799 788 1901 859 γὰρ

301 887 547 960 πρότερον
607 884 864 950 ποθῆσαι,
918 883 1229 940 ποθήσαντα
1285 875 1344 933 δε
1399 879 1632 941 ζητῆσαι
1675 875 1727 940 ἐξ
1780 873 1903 934 ἁλη-

305 973 442 1036 θείας
488 970 537 1024 ἂν
583 976 756 1025 πίστει
812 976 902 1024 καὶ
951 971 1181 1045 ὑπομονῇ
1232 972 1299 1024 τὰ
1336 967 1458 1044 παρ’
1491 968 1674 1022 έαυτοῦ
1731 969 1903 1019 πάντα

301 1061 606 1136 εἰσφέροντα
635 1081 649 1095 ο
720 1060 771 1114 έν
835 1057 1026 1134 μηδενὶ
1090 1064 1385 1136 κρινόμενον
1441 1059 1542 1110 ὑπὸ
1606 1056 1700 1110 τοῦ
1759 1051 1900 1109 ἰδίου

304 1146 617 1217 συνειδότος,
650 1151 719 1213 ὡς
775 1150 806 1210 ἦ
864 1147 1062 1222 ἀμελῶς
1109 1151 1138 1209 ἡ
1191 1149 1436 1224 ῥᾳθύμως
1488 1147 1772 1209 αἰτοῦντος,
1812 1149 1902 1197 καὶ

300 1240 412 1291 τότε
448 1238 614 1310 λαϐεῖ,
667 1239 751 1293 ὅτε
809 1239 940 1293 θέλει
992 1240 1018 1291 ό
1070 1242 1280 1313 Κύριος.
1333 1245 1606 1313 Κρεῖσσοντ
1643 1237 1744 1310 γάρ
1805 1254 1898 1288 σου

299 1323 411 1381 οἶδε
436 1331 503 1382 τὰ
524 1331 852 1402 συμφέροντά
883 1347 993 1385 σοι.
1048 1333 1150 1383 Καὶ
1181 1331 1308 1390 ῖσως
1357 1324 1452 1380 διὰ
1487 1327 1642 1378 τοῦτο
1681 1322 1902 1377 ἀναϐάλ-

295 1416 439 1471 λεται
469 1415 706 1484 διδόναι,
732 1423 826 1477 τήν
856 1421 988 1494 πρὸς
1042 1418 1197 1472 αὐτὸν
1235 1414 1556 1494 προσεδρίαν
1603 1436 1698 1469 σου
1744 1436 1898 1490 σοφι-

295 1505 506 1580 ζόμενος
539 1524 552 1537 ⁸
593 1512 684 1562 καὶ
738 1509 822 1561 ἱνα
856 1516 1012 1580 γνῷς,
1041 1511 1092 1561 τί
1118 1506 1230 1562 ἕστε
1262 1503 1430 1582 δῶρον
1479 1512 1627 1571 Θεοῦ,
1654 1525 1744 1558 και
1798 1525 1898 1577 φυ-

295 1593 457 1668 λάξῃς
495 1598 551 1650 τὸ
593 1592 743 1650 δοθὶν
773 1598 904 1669 μετά
942 1595 1122 1669 φόϐου.
1159 1601 1266 1648 Πᾶν
1295 1599 1396 1672 ’γὰρ
1439 1596 1465 1648 ὁ
1516 1598 1650 1669 μετὰ
1705 1594 1898 1648 πολλοῦ

292 1953 510 2022 γένηται
537 1959 632 2011 τῆν
661 1951 873 2005 αἰωνίου
920 1953 1079 2015 ζωῆς.
1111 1958 1174 2006 Τί
1212 1957 1311 2031 γὰρ
1345 1955 1576 2029 ὠφέλησε
1624 1959 1711 2008 τὸν
1743 1953 1898 2008 Σολο-

2011 2043 2138 2097 tum
2168 2056 2348 2097 suum
2372 2040 2668 2115 laborem,
2696 2059 2847 2100 neve
2875 2045 3223 2116 contempto
3262 2040 3365 2097 Dei
3391 2053 3663 2110 munere,

2009 2137 2236 2187 aeterna
2285 2130 2409 2188 vita
2435 2130 2722 2204 indignus
2754 2131 3069 2190 efﬁciatur.
3097 2130 3250 2200 Quid
3297 2129 3460 2186 enim
3505 2127 3665 2185 Salo-

2007 2219 2177 2278 moni
2195 2219 2420 2294 profuit
2442 2221 2560 2279 cito
2591 2221 2900 2296 sapientiae
2929 2221 3165 2280 donum
3188 2219 3668 2294 accepisse,cum

2004 2318 2208 2392 ipsum
2229 2318 2533 2377 amiserit?

2077 2414 2131 2466 7.
2164 2412 2372 2482 Itaque
2401 2409 2611 2466 animo
2635 2425 2711 2468 ne
2731 2410 3038 2483 concidas,
3074 2409 3126 2465 si
3153 2408 3312 2465 illico
3341 2422 3466 2464 non
3496 2421 3665 2464 asse-

2003 2497 2211 2570 quaris
2241 2499 2568 2572 postulata.
2619 2499 2676 2556 Si
2729 2499 3029 2572 benignus
3085 2502 3244 2556 Deus
3277 2496 3669 2556 intellexisset

2003 2589 2275 2644 futurum
2299 2588 2507 2652 fuisse,
2523 2594 2588 2646 ut
2608 2589 2842 2646 donum
2870 2589 3028 2647 illico
3051 2593 3371 2662 acceptum
3401 2592 3512 2644 ate
3541 2601 3667 2644 non

294 2048 474 2114 μῶντα
520 2045 722 2114 ταχέως
757 2039 982 2096 λαϐόντα
1029 2047 1124 2103 τήν
1180 2046 1343 2120 χάριν
1396 2052 1489 2109 τῆς
1540 2050 1741 2120 σοφίας,
1810 2050 1900 2100 καὶ

294 2128 622 2184 απολέσαντα
650 2130 811 2191 αὑτήν
839 2147 854 2200 ;

363 2404 417 2456 7.
461 2404 547 2460 Μὴ
603 2398 693 2454 οὖν
736 2400 1070 2474 ὀλιγοψύχει,
1103 2397 1148 2454 εἰ
1176 2405 1247 2475 μή
1280 2400 1442 2476 λάϐῃς
1483 2408 1685 2477 ταχέως
1732 2389 1790 2460 τό
1818 2426 1896 2458 αι-

291 2509 456 2563 τημα.
494 2490 556 2543 Εἰ
582 2493 685 2568 γὰρ
713 2487 836 2564 ᾔδει
865 2493 892 2543 ό
939 2489 1136 2564 ἀγαθός
1180 2497 1463 2565 Δεσπότης,
1495 2495 1575 2548 ὅτι
1603 2496 1737 2567 (94),
1797 2516 1897 2549 τα-

291 2582 430 2652 χέως
459 2579 734 2655 λαμϐάνων
772 2587 866 2642 τὴν
917 2582 1104 2657 χάριν,
1143 2583 1238 2636 οὐκ
1291 2581 1492 2646 ἀπολεῖς
1545 2585 1728 2654 αὐτὴν,
1761 2588 1896 2640 ἕτοι-

2003 2677 2395 2747 amitteretur,
2426 2679 2690 2736 necdum
2715 2690 2966 2752 rogatus
2995 2680 3075 2737 ad
3111 2679 3176 2736 id
3227 2675 3665 2735 conferendum

2002 2772 2254 2841 paratus
2299 2768 2528 2825 fuisset.
2552 2773 2721 2827 Nunc
2761 2776 2966 2827 autem
2989 2769 3094 2827 tibi
3118 2769 3520 2844 prospiciens,
3547 2766 3664 2823 hoc

2001 2855 2163 2914 facit.
2193 2857 2252 2915 Si
2280 2858 2444 2915 enim
2472 2859 2578 2932 qui
2608 2859 2901 2918 talentum
2930 2863 3266 2933 acceperat.
3302 2857 3487 2932 idque
3512 2856 3664 2913 inte-

2001 2961 2182 3018 grum
2227 2954 2585 3018 servaverat,
2632 2956 2954 3023 prepterea
2979 2954 3184 3007 tamen
3213 2947 3381 3023 quod
3409 2963 3484 3004 ex
3527 2945 3665 3020 ipso

2000 3035 2237 3114 nullum
2262 3041 2564 3110 quaestum
2596 3037 3508 3112 comparaverit,condemnatus
3528 3037 3664 3104 est',

1999 3128 2231 3198 quanto
2269 3126 2466 3196 magis
2496 3126 3003 3184 condemnabitur
3027 3127 3133 3200 qui
3152 3126 3358 3199 ipsum
3387 3123 3665 3199 perdide-

2000 3212 2116 3271 rit?
2137 3217 2252 3270 Nos
2284 3214 2462 3286 igitur
2481 3215 2700 3273 horum
2726 3216 2894 3274 haud
2912 3215 3128 3287 ignari,
3161 3216 3288 3272 sive
3317 3213 3512 3287 citius,
3538 3213 3663 3272 sive

2001 3304 2192 3360 serius
2221 3303 2539 3378 quidpiam
2591 3306 3022 3380 receperimus,
3053 3321 3382 3378 pergamus
3439 3303 3663 3375 gratias

1999 3393 2257 3452 Domino
2276 3395 2608 3469 rependere
2642 3417 2653 3452 :
2683 3397 2932 3471 quando
2959 3396 3250 3476 Dominus
3279 3410 3664 3469 quascunque

1997 3482 2160 3551 facit,
2192 3492 2266 3542 ea
2295 3485 2503 3553 omnia
2543 3503 2652 3560 pro
2682 3491 2891 3544 nostra
2919 3485 3114 3543 salute
3160 3485 3500 3560 dispensat,
3531 3489 3663 3541 tan~

1999 3576 2125 3630 tum
2165 3590 2277 3631 nos
2303 3590 2378 3632 ne
2409 3593 2482 3632 ex
2507 3576 2694 3633 animi
2723 3576 3092 3634 demissione
3111 3575 3385 3645 ﬂagitare
3425 3575 3663 3632 desina-

1997 3677 2158 3719 mus.
2194 3664 2420 3722 [(iPiI‘CO
2452 3666 2614 3723 enim
2672 3666 2963 3723 Dominus
3015 3666 3262 3739 protulit
3301 3663 3660 3738 parabolam

1996 3751 2072 3808 de
2129 3753 2312 3810 vidua
2337 3754 2457 3821 illa,
2485 3771 2621 3830 quae
2643 3756 2914 3828 judicem
2943 3756 3220 3829 iniquum
3254 3753 3415 3811 ﬂexit
3450 3769 3658 3826 perse-

1995 3841 2266 3899 verando
2287 3845 2330 3910 ²,
2363 3849 2430 3900 ut
2459 3860 2570 3901 nos
2601 3861 2848 3919 quoque
2877 3861 2980 3916 per
3006 3843 3521 3920 perseverantiam
3554 3859 3656 3916 pe-

1995 3929 2104 3987 tita
2132 3947 2604 4006 consequamur.
2659 3937 2741 3991 Ex
2765 3951 2838 3993 eo
2885 3935 3050 3992 enim
3093 3939 3152 3991 et
3175 3938 3386 3990 nostra
3415 3932 3570 3989 ﬁdes
3600 3937 3659 3990 et

1995 4017 2234 4077 dilectio
2262 4037 2407 4092 erga
2441 4025 2625 4080 Deum
2671 4023 3029 4094 ostenditur,
3084 4022 3134 4080 si
3184 4039 3248 4081 re
3299 4022 3480 4078 etiam
3532 4036 3658 4078 non

1991 4107 2150 4166 illico
2169 4109 2908 4184 impetrata,nihilominus
2929 4118 3134 4170 tamen
3155 4117 3354 4186 grates
3383 4111 3497 4186 ipsi
3522 4127 3658 4186 per-

1994 4206 2337 4258 severanter
2375 4203 2786 4261 exsolvamus.
2818 4208 3022 4279 Itaque
3051 4204 3104 4259 ei
3136 4219 3380 4277 semper
3401 4217 3660 4274 agamus

1994 4289 2238 4362 gratias,
2273 4297 2338 4348 ut
2362 4292 2532 4364 digni
2555 4294 2909 4360 habeamur,
2931 4295 3040 4367 qui
3069 4293 3442 4366 sempiterna
3465 4292 3658 4366 ipsius

1993 4378 2160 4437 bona
2186 4382 2552 4456 recipiamus
2583 4403 2597 4441 ε
2626 4385 3134 4459 quandoquidem
3174 4391 3378 4458 ipsum
3406 4383 3661 4441 addecet

1993 4467 2185 4539 gloria
2215 4470 2278 4528 in
2307 4473 2531 4532 seacula
2549 4475 2937 4532 steculorum.
2977 4477 3189 4532 Amen.

820 4575 1213 4628 ΚΕΦΑΛΔΙΟΝ
1278 4573 1347 4630 Β’.
1539 4616 1548 4626 .

2552 4583 2722 4657 ⁵41
2771 4583 2997 4641 CAPUT
3036 4587 3100 4640 ιι.

281 4661 408 4732 Περὶ
447 4664 542 4722 τῆς
571 4665 676 4746 τῶν,
695 4657 959 4746 λοῖισμῶν
990 4659 1336 4746 ἐπιστάσεως,
1368 4669 1459 4718 καὶ
1505 4666 1587 4719 ὅτι
1625 4669 1686 4722 οὐ
1724 4674 1883 4724 κακὸν

2008 4671 2074 4725 De
2113 4673 2577 4746 cogitationibus
2624 4674 2970 4732 cohibendis
3022 4688 3096 4731 ac
3145 4671 3554 4746 moderandis,
3601 4677 3657 4728 et

625 4735 685 4784 τὸ
713 4740 888 4806 σῶμα,
918 4734 988 4797 ὧς
1015 4753 1148 4798 τινες
1174 4735 1541 4810 ὑπειλήφασιν.

2063 4734 2222 4872 quoi:
2249 4760 2468 4816 corpus
2503 4747 2734 4804 malum
2766 4762 2885 4802 non
2910 4748 3008 4816 sit,
3033 4751 3098 4802 ut
3138 4745 3382 4818 quidam
3399 4734 3655 4815 putave-

2071 4831 2189 4873 run
2224 4859 2238 4872 .

2069 4907 2392 4965 l.Primum
2419 4905 2668 4981 quidem
2691 4905 2979 4964 omnibus
3007 4905 3206 4964 modis
3231 4905 3657 4978 cogitationem

289 2688 387 2742 μος
425 2665 486 2742 ᾖν
533 2675 626 2723 καὶ
669 2675 770 2746 πρὸ
826 2679 920 2724 τοῦ
973 2673 1194 2733 αἰτῆσαί
1253 2693 1310 2727 σε
1361 2673 1521 2733 αὐτὴν
1573 2683 1894 2752 παρασχεῖν,

289 2765 397 2813 Νῦν
448 2755 508 2812 δὲ
554 2756 846 2834 κηδόμενός
886 2781 981 2814 σου
1011 2769 1166 2816 τοῦτο
1223 2771 1379 2817 ποιεῖ.
1437 2770 1498 2819 Ei.
1527 2769 1628 2841 γὰρ
1677 2765 1894 2820 ὁλαϐὡν

289 2851 348 2901 τὸ
377 2847 648 2920 τάλαντον,
679 2855 770 2904 καὶ
802 2859 934 2914 σῷον
961 2851 1088 2905 αῦτό
1128 2852 1374 2927 φυλάξας,
1419 2850 1561 2908 διότι
1616 2861 1688 2930 μή
1740 2855 1895 2933 ἐπρα-

288 2940 623 3011 γματεύσατο
654 2940 770 3006 (95)
799 2940 946 3013 αὐτὸ,
983 2945 1264 3020 κατεκρίθη
1293 2964 1306 2977 ο
1342 2947 1490 3017 πόσῳ
1509 2944 1706 3018 μᾶλλόν
1735 2967 1894 3000 κατα-

289 3028 618 3103 κριθήσεται,
663 3029 691 3081 ό
747 3027 1002 3092 ἀπολέσας
1066 3031 1232 3100 αὐτό;
1289 3039 1469 3087 Ταῦτα
1531 3035 1619 3087 οὖν
1677 3032 1890 3105 εἰδότες,

290 3119 388 3170 εἶτε
444 3119 734 3194 ταχύτερον
800 3123 901 3174 εἶτε
957 3117 1285 3198 βραδύτερον
1336 3122 1590 3198 λάϐωμεν,
1640 3131 1890 3200 μείνωμεν

288 3201 728 3283 εὐχαριστοῦντες
782 3217 856 3282 τῷ
909 3217 1121 3286 Κυρίῳο
1163 3214 1244 3266 ὅτι
1299 3215 1470 3268 πάντα
1531 3217 1633 3268 ὅσα
1678 3223 1820 3270 ποιεῖ
1863 3218 1889 3270 ὁ

287 3300 571 3368 Δεσπότης,
617 3299 745 3372 ὑπέρ
797 3307 892 3363 τῆς
948 3303 1093 3374 ἡμῶν
1153 3308 1420 3378 σωτηρίας
1443 3305 1704 3380 οἰκονομεῖ
1732 3329 1745 3342 ο
1799 3312 1889 3382 μό-

285 3402 369 3436 νον
396 3385 548 3457 ήμεῖς
574 3390 645 3458 μή
681 3386 1170 3462 ὀλιγοψυχήσαντες
1217 3396 1544 3466 παυσώμεθα
1587 3405 1678 3457 τῆς
1732 3397 1888 3456 αἰτή-

288 3491 436 3536 σεως.
469 3475 566 3528 Διᾶ
618 3478 717 3549 γὰρ
748 3484 902 3529 τοῦτο
957 3482 1052 3538 τήν
1103 3479 1403 3556 παραϐολήν
1461 3480 1597 3537 εἶπεν
1626 3486 1652 3538 ό
1700 3489 1888 3561 Κύριος

285 3567 404 3640 περὶ
459 3573 554 3626 τῆς
609 3569 810 3644 χήρας,
874 3568 903 3628 ἣ
963 3565 1059 3622 διὰ
1093 3578 1185 3632 τῆς
1231 3581 1540 3647 παραμονῆς
1577 3575 1745 3638 αὐτῆς
1803 3575 1889 3629 έπ-

284 3652 486 3726 ἰκαμψε
518 3655 605 3708 τόν
645 3657 836 3729 ἄνομον
859 3663 1044 3734 κριτὴν
1075 3659 1212 3732 (96),
1247 3662 1329 3716 ἱνα
1357 3667 1448 3715 καὶ
1485 3665 1632 3737 ἡμεῖς
1662 3661 1756 3718 διὰ
1793 3674 1890 3730 τῆς

283 3753 590 3818 παραμονῆς
643 3745 982 3822 λαμϐάνωμεν
1041 3751 1109 3802 τὰ
1173 3751 1439 3825 αἰτήματα
1492 3755 1660 3828 ἡμῶν.
1711 3757 1888 3812 Ἔνθεν

282 3834 382 3908 γὰρ
410 3837 500 3886 καὶ
540 3836 568 3894 ἡ
602 3839 784 3898 πίστις
810 3839 955 3909 ήμῶν
1001 3843 1093 3892 καὶ
1131 3841 1160 3898 ἡ
1206 3839 1384 3913 ἀγάπη
1415 3844 1443 3901 ἠ
1487 3847 1618 3916 πρὸς
1643 3847 1730 3896 τὸν
1757 3847 1887 3897 Θεὸν

286 3918 574 3992 δείκνυται,
624 3926 766 3994 όταν,
807 3931 899 3979 καὶ
952 3932 1025 4001 μή
1066 3927 1412 4004 λαμϐάνοντες
1463 3936 1628 4005 ταχὺ,
1660 3937 1887 4008 μένωμεν

284 4011 723 4088 εὐχαριστοῦντες
773 4016 934 4090 αὐτῷ.
965 4018 1455 4096 Εὐχαριστήσωμεν
1513 4019 1602 4076 οὖν
1651 4023 1768 4096 (97)
1797 4023 1888 4077 αῦ-

284 4109 356 4173 τῷ
395 4098 430 4155 δ
437 4108 703 4178 ιαπαντός,
747 4108 831 4158 ἱνα
860 4107 1258 4184 καταξιωθῶμεν
1288 4110 1560 4185 ἐπιτυχεῖν
1621 4121 1717 4166 τῶν
1765 4113 1884 4166 αἰωο

281 4196 404 4244 νίων
434 4191 596 4246 αὑτοῦ
627 4192 836 4266 ἀγαθῶν
865 4217 878 4230 ·
911 4198 993 4250 ὅτι
1037 4198 1178 4272 αὐτῷ
1205 4205 1388 4276 πρέπει
1416 4204 1446 4262 ἠ
1492 4199 1626 4268 δόξα
1673 4209 1741 4266 εἰς
1765 4207 1885 4269 τοῦς

282 4281 472 4346 αἰῶνας
509 4291 610 4336 τῶν
632 4283 848 4343 αἰώνων.
875 4286 1066 4360 Ἀμήν.

1919 3257 1963 3312 ο

355 4898 403 4952 ί.
437 4901 647 4969 Πρῶτον
676 4895 790 4970 (98)
841 4899 934 4970 μεν
981 4893 1070 4950 οὖν
1108 4903 1392 4974 κρατητέον
1439 4899 1494 4955 ἑκ
1536 4906 1728 4967 παντὸς
1767 4909 1888 4981 τρό⁹

349 5039 399 5077 ⁸⁸
426 5039 586 5096 Matt.
607 5054 670 5109 ν,
701 5042 793 5096 45.
871 5045 889 5079 ¹
924 5043 1081 5101 Matt.
1111 5059 1256 5113 xxv,
1282 5048 1470 5104 25-30.
1546 5049 1569 5084 ⁸
1602 5049 1740 5106 Luc.
1764 5065 1922 5122 xvm,
1944 5055 2054 5109 2-5.

1995 5232 2080 5285 ὅτε
2108 5233 2280 5286 πάντα
2305 5235 2351 5286 εἶ
2386 5252 2440 5286 τι
2475 5239 2632 5288 ποιεῖ.
2667 5232 2777 5290 Alii
2805 5232 2930 5290 duo
2953 5234 3126 5287 πάντα
3151 5235 3251 5287 ὅσα
3279 5242 3437 5291 ποιεῖ.

2067 5304 2377 5381 (9§)_Regi_i
2406 5305 2709 5381 secundus
2757 5309 2818 5361 et
2861 5305 3070 5361 tertius
3120 5308 3206 5358 τὸν
3260 5308 3398 5379 ὠμὸν
3445 5309 3651 5381 κριτήν,

1995 5375 2298 5434 crudelem
2317 5377 2610 5446 judicem.

2206 5445 2444 5524 Yeteres
2475 5449 2599 5524 duo
2618 5445 2753 5504 libri
2775 5446 3187 5524 Εὖχαριστῶμεν
3219 5445 3328 5505 οὖν.

2066 5519 2181 5587 (98)
2213 5519 2462 5576 Codices
2486 5520 2610 5576 duo
2635 5525 2735 5574 Καὶ
2764 5519 2986 5593 πρῶτον.
3017 5519 3132 5577 Nec
3171 5521 3252 5576 ita
3279 5519 3470 5577 multo
3512 5525 3651 5593 post

2066 5539 2181 5587 (V6)
2213 5539 2462 5576 boalces
2486 5539 2610 5576 (ιιιο
2636 5539 2735 5574 ιιαι
2764 5539 2803 5573 π
2838 5541 2986 5576 ωτον.
3017 5539 3132 5577 nec
3171 5539 3252 5576 1ῐᾶ
3279 5539 3470 5577 ΙὉὶΠῐΟ
3512 5539 3646 5593 ροει

1995 5589 2118 5668 duo
2147 5607 2295 5649 mss.
2329 5599 2626 5668 συγχωρεῖν
2657 5597 2750 5650 τὴν
2784 5539 2992 5667 ίυχήν.
3024 5593 3139 5650 Alii
3164 5593 3287 5652 duo
3313 5597 3371 5651 et
3413 5592 3556 5650 edili
3583 5600 3646 5667 τῇ

1993 5660 2172 5736 ψυχῇ·

347 5219 469 5290 (93)
497 5220 662 5276 Unus
691 5235 810 5277 ms.
845 5224 902 5278 et
945 5221 1089 5280 editi
1115 5228 1389 5284 κτήσεται.
1423 5225 1534 5284 Alii
1563 5227 1687 5286 duo
1734 5245 1882 5287 mss.

274 5311 487 5348 κταται.

347 5363 463 5444 ριν)
491 5363 745 5444 Veteres
791 5363 916 5444 duo
960 5364 1168 5444 libri_6
1218 5365 1418 5444 ᾀγαοὸε
1446 5373 1592 5439 Θεὸς,
1623 5372 1723 5424 ὅτι.
1755 5374 1886 5438 mox

279 5431 420 5510 editi
445 5431 522 5492 'et
552 5438 697 5510 Reg.
729 5436 936 5510 tertius
962 5437 1058 5510 οῦιι
1107 5431 1352 5503 suam.
1382 5431 1530 5510 Reg.
1557 5431 1885 5499 "secundus

275 5505 333 5560 et
356 5511 622 5583 quartus
646 5505 878 5583 ἀπολεῖς.
910 5509 1119 5583 Statim
1143 5513 1282 5583 Reg.
1308 5505 1615 5570 secundus
1640 5521 1770 5568 Νυνὶ
1802 5512 1882 5573 δέ.

348 5578 464 5660 (25)
493 5579 733 5660 Antiqui
763 5581 886 5660 duo
913 5580 1048 5660 libri
1077 5578 1321 5660 dzénvfni
1357 5584 1725 5660 ἕπειργάσατο,
1764 5607 1886 5640 κατ-

274 5631 1048 5741 εκὲίθέςὲξὲᾆξῖἱιξῖιῖἑῐεῖ
1075 5631 1222 5741 his:
1249 5631 1883 5741 Ἕὲξέῦἕὲἲιῖἷοῐέωῑιῖὲ.

271 5721 523 5793 μένωμεν.
548 5721 814 5782 Subinde
834 5721 977 5784 editi
997 5728 1079 5800 ὅτε
1108 5721 1281 5781 πάντα
1307 5727 1343 5780 ἃ
1369 5736 1525 5785 ποιεῖ.
1572 5730 1738 5788 Unus
1767 5721 1883 5789 ins.
