4120 6388
457 402 596 458 1339

1836 397 1895 453 S.
1937 391 2188 452 BASlLlI
2223 394 2454 453 MAGNI

3698 385 3839 449 1M0

452 525 759 582 continere
783 521 1102 594 debemus,
1132 522 1184 580 ei
1213 522 1518 598 pervigilis
1550 523 1767 582 mentis
1792 519 2117 595 inspectio-

2232 539 2329 573 που
2356 524 2444 575 τόν
2468 521 2744 597 λογισμόν,
2793 519 3040 595 νηφάλιον
3084 517 3400 593 ίφιστῶντας
3441 518 3538 576 τὴν
3586 523 3680 578 τῆς
3717 513 3837 574 διαο

450 630 593 672 nem
619 613 1038 688 prmﬁcientes,
1068 614 1152 671 ita
1175 618 1243 671 ut
1271 613 1460 672 menti
1489 630 1613 671 non
1637 611 2038 689 permittatur,
2053 611 2120 669 ut

450 704 530 762 ob
593 704 1075 762 inconsideratos
1143 704 1408 778 impetus
1472 703 1786 761 affectibus
1851 700 2118 775 corporis

449 793 624 852 facile
654 795 717 851 in
744 795 1066 851 adversam
1095 799 1333 867 partem
1353 793 1736 851 trahentibus
1769 792 2120 850 cedat.Cor-

449 899 566 957 pus
596 883 759 941 enim
789 883 951 941 videt
1003 900 1112 957 per
1139 884 1408 952 oculum,
1459 887 1700 940 animus
1739 897 1884 941 vero
1932 880 2120 938 cernit

449 988 558 1046 per
569 977 836 1030 mentem
849 973 960 1029 sibi
979 977 1564 1048 agnatam,nequeta
1577 987 1713 1029 men
1731 971 1986 1028 alterum
2005 970 2119 1026 vel-

449 1063 539 1119 uti
574 1063 636 1118 in
663 1063 850 1120 altero
873 1067 980 1132 est,
1007 1063 1115 1120 sed
1137 1064 1376 1120 animus
1397 1067 1452 1120 et
1477 1078 1650 1119 meus
1671 1077 1864 1118 unum
1896 1064 2036 1117 sunt
2065 1063 2122 1120 et

447 1150 776 1217 idem,cum
791 1169 962 1210 mens
973 1153 1062 1209 vis
1079 1153 1366 1226 quaedam
1379 1151 1670 1209 naturalis
1684 1151 1906 1208 sit.non
1919 1155 2122 1208 autem

450 1240 781 1299 adventitia
801 1243 930 1315 ejus
954 1242 1142 1299 animi
1165 1241 1441 1316 partis,in
1463 1259 1587 1315 qua
1606 1242 1721 1298 sita
1739 1242 1891 1298 ratio
1913 1243 2122 1298 est.Et-

451 1331 614 1389 enim
643 1331 883 1389 animus
913 1331 1164 1406 quando
1191 1330 1690 1404 suaintelligendi
1707 1332 1765 1388 vi
1790 1336 2120 1418 commota,

449 1436 589 1493 quae
620 1421 673 1478 ei
701 1420 1053 1478 naturaliter
1081 1437 1118 1479 a
1147 1425 1358 1480 sancta
1387 1420 1668 1480 Trinitate
1688 1421 1885 1494 ipsius
1907 1421 2125 1495 opiﬁce

448 1508 631 1566 insita
660 1515 768 1579 est,
801 1509 876 1566 de
905 1511 1111 1576 rebus,
1143 1527 1280 1584 quae
1311 1518 1371 1568 et
1395 1511 1474 1569 ad
1499 1511 1771 1568 ofﬁcium
1800 1510 2123 1584 pertinent,

451 1601 508 1655 et
535 1599 806 1656 honestae
838 1603 996 1672 sunt,
1027 1600 1343 1670 deliberat,
1377 1605 1522 1658 tunc
1551 1601 1826 1674 corporis
1862 1599 2126 1657 assultus

449 1687 696 1760 eﬂ‘ugit;
726 1694 1050 1764 motusque
1081 1691 1214 1763 ejus
1243 1691 1624 1748 inordinatos
1657 1689 2035 1765 prospiciens
2056 1705 2128 1747 ac

447 1778 811 1851 reprimens,
843 1784 900 1837 et
923 1780 985 1836 in
1008 1797 1074 1838 se
1103 1781 1293 1852 digna
1319 1780 1735 1856 tranquilitate
1765 1780 1953 1852 degit.
1984 1785 2042 1838 et
2064 1779 2127 1837 in

2227 619 2365 674 νοίας
2411 611 2723 682 ἕπισκοπήν,
2755 613 2825 675 ὡς
2868 611 2929 663 ἂν
2958 614 3029 685 μή
3075 615 3369 684 συγχωρεῖν
3517 607 3674 682 ψυχῇ
3721 615 3838 674 ταῖς

2229 707 2628 780 ήπερισκίπτοις
2677 704 2860 778 ὁρμαῖς
2906 697 3103 777 ῥᾳδίως
3130 703 3262 776 πρὸς
3298 699 3394 761 τὰς
3445 705 3539 752 τοῦ
3593 704 3838 773 σώματος

2229 793 2479 856 ἀνθολκὰς
2532 789 2817 847 ὗυδιδὸναι.
2876 791 3060 864 Βλίψις
3111 793 3201 864 μὶν
3256 792 3360 866 γὰρ
3389 797 3483 842 τοῦ
3525 793 3764 863 σώματος
3808 791 3836 844 ὅ

2230 884 2508 958 ὀφθαλμὸς,
2542 885 2728 958 ὅρασις
2781 878 2842 936 δε
2892 889 2988 945 τῆς
3057 880 3241 953 ψυχῆς
3305 881 3332 932 ό
3397 883 3644 953 συμφυὴς
3700 879 3833 955 αὐτῇ

2228 982 2347 1039 νοῦς
2369 992 2383 1006 ⁸
2426 973 2537 1028 ἀλλ’
2566 974 2672 1047 ούχ
2701 976 2769 1037 ὡς
2796 974 2962 1048 ἕτερον
2991 970 3040 1025 ἓν
3071 971 3245 1047 ἑτέρῳ,
3279 969 3409 1023 ἀλλὰ
3463 967 3652 1023 ταῦτὸν
3676 969 3835 1043 ψυχή

2229 1083 2284 1120 τε
2321 1068 2412 1118 καὶ
2439 1070 2560 1128 νοῦς
2587 1086 2600 1099 ·
2661 1061 2881 1136 δύναμις
2928 1062 3184 1136 ὑπάρχων
3225 1062 3420 1134 φυσική
3452 1079 3533 1123 τις
3591 1063 3684 1114 καὶ
3742 1060 3840 1114 οὐκ

2231 1153 2538 1218 ἓπείσακτος
2587 1154 2681 1208 τοῦ
2729 1153 3036 1226 λογιστικοῦ
3094 1151 3206 1224 (99)
3257 1159 3356 1213 τῆς
3409 1149 3619 1222 ψυχῆς.
3656 1149 3842 1204 Ἢνίκα

2231 1248 2323 1322 μεν
2368 1247 2471 1322 γὰρ
2523 1246 2553 1304 ἠ
2593 1243 2775 1317 ψυχὴ,
2815 1245 2874 1296 τὸ
2924 1241 3114 1304 ἑαυτῆς
3161 1240 3482 1294 ἁνακινοῦσα
3527 1243 3719 1316 νοερὸν,
3779 1242 3841 1295 τὸ

2234 1343 2464 1411 φυσικῶς
2529 1333 3005 1409 ἔγκατεσπαρμένον
3071 1330 3202 1406 αὐτῇ
3274 1331 3420 1406 παρὰ
3472 1338 3571 1394 τῆς
3624 1349 3842 1392 πεποιη-

2232 1431 2384 1490 κυίας
2417 1425 2578 1485 αὐτὴν
2606 1423 2761 1498 ἁγίας
2803 1418 3054 1500 Τριάδος,
3103 1421 3502 1496 βουλεύεταιτᾶ
3544 1417 3734 1475 δίοντά
3786 1439 3842 1476 τε

2231 1520 2324 1570 καὶ
2393 1519 2750 1592 προσήκοντα,
2797 1531 3088 1572 τηνικαυτα
3139 1507 3411 1584 διαφεύγει
3469 1512 3564 1575 τὰς
3627 1513 3700 1581 (Ι)
3745 1531 3836 1566 του

2237 1611 2476 1681 σώματος
2523 1606 2804 1680 ἐπηρείας·
2863 1604 2956 1666 τάς
2993 1622 3047 1656 τε
3079 1600 3332 1663 ἆτάκτους
3391 1600 3552 1655 αὐτου
3603 1607 3841 1667 κινήσεις

2233 1699 2568 1774 προορωμένη
2617 1699 2708 1748 καὶ
2755 1693 3194 1768 ἕπιστομίζουσα,
3242 1690 3474 1765 γαλήνην
3522 1711 3577 1746 τε
3605 1693 3718 1765 ἄγει
3743 1697 3840 1753 τήν

2236 1787 2367 1862 αὐτῇ
2436 1791 2759 1861 πρέπουσαν,
2826 1789 2915 1838 καὶ
2988 1783 3038 1837 ίν
3100 1782 3502 1860 ἂπερικτυπήτῳ
3565 1783 3735 1859 σχολῇ
3791 1783 3842 1838 ἕν

447 1869 844 1943 pacatissimo
901 1869 1022 1928 otio
1080 1887 1176 1927 res
1227 1876 1460 1929 natura:
1499 1889 1630 1929 suae
1692 1869 2121 1929 convenientes

2235 1885 2341 1939 τοῖς
2398 1879 2535 1930 κατὰ
2582 1878 2736 1952 φύσιν
2772 1877 3077 1951 θεωρήμασι
3124 1879 3364 1948 γίνεται·
3419 1893 3572 1928 τουτο
3622 1875 3714 1948 μὶν
3767 1873 3841 1937 εἰς

448 1959 914 2034 contemplatur,
940 1960 1057 2017 hoc
1085 1961 1386 2028 videlicet,
1411 1967 1715 2036 quantum
1744 1960 1873 2018 ﬁeri
1907 1965 2128 2044 potest,

447 2049 693 2109 intentis
731 2050 920 2106 animi
949 2049 1142 2106 oculis
1174 2051 1237 2106 in
1265 2055 1479 2108 sancta
1507 2055 1565 2108 et
1593 2050 1913 2108 adoranda
1937 2051 2127 2108 Trini-

447 2143 568 2197 tate
617 2142 932 2212 contuens,
959 2139 1477 2214 consideransque
1503 2139 1774 2198 divinam
1805 2139 1971 2198 illam
2003 2155 2127 2196 ma'

442 2230 727 2302 jestatem
756 2243 825 2285 ex
852 2228 1195 2302 splendoris
1247 2229 1672 2300 magnitudine
1719 2229 2120 2301 inaccessam,

446 2318 840 2376 beatitudinis
870 2317 1227 2388 claritatem,
1245 2320 1610 2393 sapientiam
1632 2318 1815 2376 nullis
1845 2319 2122 2376 terminis

443 2407 988 2481 circumscriptam,
1045 2408 1291 2466 ﬁrmam
1357 2409 1648 2482 omnique
1727 2409 2123 2466 ﬂuctuatione

447 2512 710 2554 vacuam
768 2497 1285 2570 tranquillitatem,
1344 2503 1402 2555 et
1455 2503 1741 2555 naturam
1793 2497 2120 2555 affectuum

448 2586 720 2644 nesciam
755 2601 824 2643 ac
845 2587 1184 2645 immotam.
1226 2586 1332 2645 Cui
1371 2587 1534 2644 enim
1563 2603 1637 2644 ex
1662 2588 1993 2662 improviso
2025 2604 2122 2644 ac-

449 2675 649 2734 cidere
677 2675 826 2733 nihil
851 2681 1141 2750 potest,ut
1160 2677 1268 2751 qui
1293 2694 1495 2735 rerum
1521 2678 1797 2736 omnium
1818 2684 1944 2735 tam
1970 2695 2120 2752 prae-

451 2766 715 2822 sentium
762 2782 950 2840 quam
992 2766 1334 2824 futurarum
1361 2768 1771 2838 cognitionem
1806 2769 1869 2824 in
1917 2768 2120 2842 seipso

448 2856 829 2913 reconditam
861 2855 1105 2925 habeat,
1139 2857 1702 2931 complectaturque
1727 2857 2032 2926 universa,
2064 2862 2122 2916 et

447 2947 659 3005 omnia
689 2951 887 3005 teneat
913 2948 974 3005 in
1007 2964 1216 3020 manu,
1249 2949 1470 3023 cuique
1493 2949 1645 3006 nihil
1683 2949 1980 3021 resistere,
2018 2953 2122 3008 aut

450 3037 628 3111 cujus
661 3042 979 3111 aspectum
1033 3039 1180 3095 nihil
1232 3040 1491 3096 omnino
1543 3039 1841 3096 sustinere
1870 3043 2117 3113 potest:

449 3127 503 3185 ei
550 3133 1034 3186 consentaneum
1076 3133 1168 3186 est
1223 3129 1427 3186 inesse
1489 3129 1988 3203 tranquillitatem
2050 3147 2121 3188 ac

2233 1972 2328 2028 τήν
2387 1967 2538 2040 ἁγίαν
2574 1971 2666 2020 καὶ
2721 1969 3087 2042 προσκυνητήν
3141 1959 3372 2040 Τριάδα,
3414 1966 3548 2018 κατὰ
3595 1966 3656 2017 τὸ
3709 1963 3838 2036 hor,

2235 2057 2406 2120 ἀτενὲς
2480 2055 2731 2133 ἕνορῶσα,
2797 2059 2889 2108 καὶ
2955 2053 3362 2128 ἁναλογιζομένη
3416 2055 3476 2107 τὸ
3545 2061 3638 2116 τῆς
3703 2056 3839 2116 θείας

2233 2145 2394 2211 δόξης
2423 2146 2708 2223 ἀπρόσιτον
2758 2141 2854 2200 διὰ
2893 2149 2988 2204 τήν
3013 2143 3302 2219 ὑπερϐολήν
3331 2152 3428 2207 τῆς
3449 2143 3830 2220 λαμπρότητος,

2230 2240 2289 2292 τὸ
2321 2245 2416 2300 τῆς
2468 2239 2857 2312 μακαριότητος
2906 2231 3139 2307 διαυγες,
3170 2236 3230 2286 τὸ
3259 2242 3351 2296 τῆς
3382 2237 3564 2307 σοφίας
3608 2232 3832 2308 ἆπίραν-

2227 2347 2332 2394 τον,
2391 2330 2450 2379 τὸ
2501 2335 2595 2388 τῆς
2652 2324 2932 2401 ἀταραξίας
2983 2325 3220 2396 πεπηγὸς
3257 2328 3349 2377 καὶ
3381 2322 3691 2397 ἀκύμαντον,
3739 2327 3836 2383 τήν

2227 2413 2404 2476 ἀπαθῆ
2454 2417 2548 2468 καὶ
2580 2413 2823 2474 ἀκίνητον
2850 2416 3004 2489 φύσιν
3035 2415 3136 2486 (2).
3167 2412 3239 2486 ’ῼ
3273 2416 3372 2489 γὰρ
3417 2409 3584 2488 μηδέν
3611 2411 3662 2477 ἔξ
3715 2409 3841 2467 ἀδο-

2225 2511 2388 2567 κήτου
2423 2511 2741 2580 συμπίπτειν
2783 2501 2989 2559 δύναιτ’
3022 2503 3106 2576 ἂν,
3159 2501 3246 2558 οἶα
3299 2501 3366 2564 δή
3425 2506 3844 2580 τεθησαυρισμί-

2225 2619 2295 2671 νῳ
2323 2602 2418 2657 τήν
2447 2605 2644 2668 γνῶσιν
2673 2603 2773 2648 τῶν
2828 2615 2884 2649 τε
2936 2599 3094 2648 ὄντων
3140 2602 3241 2648 τῶν
3295 2613 3350 2648 τε
3395 2592 3650 2668 ίσομίνων
3680 2593 3842 2648 ἀπάν-

2223 2707 2346 2756 των,
2385 2691 2476 2740 καὶ
2531 2681 2999 2762 περιδεδραγμίνῳ
3041 2692 3144 2737 τῶν
3201 2684 3347 2751 ὅλων,
3387 2688 3477 2737 καὶ
3525 2685 3627 2736 ύπὸ
3679 2690 3842 2758 χεῖρα

2223 2780 2291 2831 τὰ
2352 2780 2633 2850 σύμπαντα
2683 2777 2880 2848 ἔχοντι,
2924 2780 3015 2828 καὶ
3066 2770 3217 2828 ούδέν
3273 2772 3562 2826 ἀντιπεσείν
3616 2773 3693 2844 (3)
3749 2777 3842 2827 καὶ

2226 2863 2531 2937 ἀντιϐλέψαι
2561 2865 2713 2938 ’γουν
2763 2864 2893 2927 ὅλως
2941 2859 3222 2938 δυνάμενον
3254 2882 3270 2897 ο
3323 2864 3491 2934 τούτῳ
3558 2859 3842 2916 ἀκόλουθον

2225 2963 2466 3031 παρεῖναι
2531 2953 2762 3028 γαλήνην
2821 2958 2913 3007 καί
2969 2953 3253 3031 ἀταραξίαν
3316 2948 3556 3012 διηνεκῆ.
3628 2953 3694 3005 Δί
3739 2955 3840 3028 γὰρ

2221 3055 2321 3101 τῶν
2389 3045 2708 3100 ἀνελπίστων
2775 3048 3094 3120 πραγμάτων
3171 3037 3427 3117 αἰφνίδιοι
3506 3044 3842 3119 περιστάσεις

2224 3137 2318 3200 τὰς
2369 3136 2612 3211 ταραχὰς
2647 3141 2758 3196 ταῖς
2815 3142 2917 3188 τῶν
2973 3133 3256 3211 ἀνθρώπων
3297 3127 3558 3196 διαναίοις
3609 3131 3836 3205 ἐμποιεῖν

447 3217 715 3292 quietem
725 3218 1271 3292 perpetuam.Eteni
1281 3236 1338 3276 m
1352 3235 1555 3276 rerum
1569 3220 2120 3292 inexspectatarum

2232 3227 2540 3299 πεφύκασιν.
2570 3222 2732 3277 Ὠστε
2848 3219 3090 3298 μηδεμία
3119 3227 3279 3276 κακία
3309 3221 3638 3300 παρενοχλεῖ,
3687 3224 3837 3273 πᾶσα

448 3307 746 3381 repentini
781 3324 964 3365 casus
995 3309 1517 3382 perturbationem
1550 3309 1872 3366 hominum
1910 3309 2122 3367 menti-

449 3396 568 3454 bus
598 3396 794 3454 solent
817 3397 1054 3455 aﬂ'erre.
1091 3400 1288 3467 Quare
1318 3415 1504 3472 quem
1525 3399 1763 3456 nullum
1793 3397 2007 3456 vitium
2037 3399 2124 3458 in-

451 3485 647 3550 festat,
696 3487 818 3544 imo
847 3504 1034 3562 quem
1063 3488 1255 3545 virtus
1287 3489 1509 3556 omnis,
1565 3493 1624 3546 et
1661 3504 1843 3546 omne
1887 3488 2122 3546 bonum

450 3576 796 3648 comitatur,
841 3579 894 3634 is
935 3579 1143 3652 utique
1187 3578 1322 3650 jure
1370 3595 1442 3636 ac
1469 3577 1684 3635 merito
1743 3578 2122 3636 immutabile

448 3671 934 3742 perpetuumque
961 3667 1260 3739 gaudium
1292 3666 1560 3739 gaudere
1589 3667 1829 3742 poterit,
1869 3669 2123 3743 quando

2230 3311 2290 3368 δι
2345 3313 2498 3388 ἀρετή
2555 3319 2646 3366 καὶ
2683 3319 2788 3367 πᾶν
2838 3315 2865 3367 ὃ
2908 3333 2959 3366 τι
2997 3312 3153 3366 καλὸν
3207 3316 3402 3381 ἕπεται,
3435 3312 3586 3374 οὗτος
3633 3309 3836 3386 εύφραί-

2228 3423 2367 3458 νοιτο
2419 3402 2480 3455 ἂν
2528 3405 2666 3456 κατὰ
2719 3403 2868 3476 λόγον
2918 3403 3240 3480 εὐφροσύνην
3288 3403 3535 3461 ἀκίνητόν
3565 3422 3578 3435 ·
3640 3419 3696 3454 τε
3750 3403 3839 3453 καὶ

2231 3491 2586 3552 ἀτελεύτητον.
2619 3495 2835 3570 ’Λρετῆς
2870 3496 2973 3568 γὰρ
3029 3497 3120 3547 καὶ
3171 3492 3502 3566 ἁγαθότητος
3545 3487 3746 3553 ὀπαδός
3801 3489 3830 3548 ἦ

2231 3582 2520 3658 εὐφροσύνη
2578 3585 2669 3654 (In),
2717 3585 2889 3644 καθὼς
2961 3584 2986 3636 ό
3046 3588 3289 3658 Προήτης
3338 3586 3497 3657 φησίν
3530 3602 3545 3617 ·

2237 3673 2454 3731 θήσεται
2487 3675 2674 3749 Κύριος
2701 3672 2785 3728 επὶ
2812 3679 2922 3736 τοῖς
2957 3675 3126 3748 ἔργοις
3157 3672 3340 3728 αύτου.

3612 3580 3841 3658 Εὐφρανο

449 3757 683 3815 virtutis
723 3773 793 3816 ac
817 3757 1104 3816 bonitatis
1130 3774 1335 3817 comes
1385 3764 1477 3815 est
1499 3757 1726 3824 laetitia,
1775 3759 2306 3833 quemadmodum
2335 3762 2635 3836 Propheta
2671 3760 2818 3820 dicit
2848 3778 2862 3820 :
2913 3763 3253 3821 Laetabitur
3278 3761 3572 3819 Dominus
3615 3759 3676 3816 in
3707 3773 3845 3831 ope-

449 3848 619 3905 ribus
639 3849 764 3905 suis
780 3850 832 3909 ³.

518 3943 574 3996 2.
615 3940 869 3997 Animus
899 3940 1082 4011 igitur
1123 3939 1227 4013 qui
1255 3944 1521 3997 mentem
1551 3956 1730 3997 suam
1764 3940 2123 4014 pervigilem

449 4031 509 4086 et
536 4028 772 4086 idoneis
806 4029 1149 4087 actionibus
1172 4033 1538 4104 occupatam
1567 4029 1909 4098 detinuerit,
1935 4031 1998 4086 in
2025 4030 2122 4100 iis,

445 4133 605 4193 quas
631 4117 754 4175 dixi
785 4119 1396 4193 contemplationibus
1428 4119 2124 4194 versabitur,moresque

448 4223 595 4264 suos
627 4208 705 4264 ad
730 4208 1237 4280 rectitudinem,et
1258 4209 1586 4282 justitiam,
1607 4208 2120 4284 honestatemque

452 4311 524 4354 ac
553 4313 770 4369 pacem
821 4297 1143 4356 exercebit.
1180 4298 1291 4355 Ubi
1324 4303 1527 4356 autem
1583 4298 1884 4363 meditari,
1914 4303 1972 4356 et
2019 4315 2118 4356 res

450 4387 877 4444 convenientes
909 4387 1068 4446 clare
1099 4387 1400 4461 speculari
1426 4387 1899 4459 destiterit,tunc
1922 4389 2120 4446 insur-

2307 3945 2552 4016 2.Ἶύχή
2604 3946 2778 3996 τοίνυν
2827 3942 2857 4002 ἠ
2913 3943 2972 3995 τὸ
3023 3943 3195 4018 νοερὸν
3235 3938 3396 4002 αὐτῆς
3443 3938 3492 3994 ίν
3541 3939 3698 4012 νήφει
3753 3942 3844 3993 καὶ

2236 4039 2347 4095 ταῖς
2411 4033 2809 4107 προσηκούσαις
2876 4031 3151 4107 ἐνεργείαις
3215 4027 3649 4104 διαφυλάττουσα
3695 4032 3743 4084 ἲν
3790 4047 3845 4082 τε

2235 4129 2342 4184 τοῖς
2396 4125 2790 4198 προειρημένοις
2829 4123 3135 4195 θεωρήμασι
3172 4124 3587 4192 καταστήσεται,
3645 4123 3736 4174 καὶ
3783 4122 3844 4174 τό

2235 4211 2426 4275 ἑαυτῆς
2458 4209 2580 4273 ἦθος
2637 4214 2766 4287 πρὸς
2819 4213 2879 4264 τὸ
2910 4212 3063 4286 ὀρθὸν
3103 4215 3193 4264 καὶ
3247 4207 3455 4263 δίκαιον
3508 4213 3760 4284 κόσμιόον
3789 4229 3845 4264 τε

2232 4307 2321 4355 καὶ
2375 4303 2633 4377 εἰρηνικόν
2691 4301 2998 4364 ἐξασκήσει.
3045 4300 3230 4355 Ἡνίκα
3291 4296 3344 4354 δ’
3396 4299 3456 4352 ἃν
3495 4318 3588 4353 του
3647 4295 3848 4354 διανοεῖ

2235 4394 2360 4446 σθαι
2419 4399 2510 4447 καὶ
2578 4393 2892 4466 ἐντρανίζειν
2952 4398 3063 4454 τοῖς
3133 4393 3431 4450 καθήκουσι
3511 4391 3845 4467 θεωρήμασιν

450 4477 654 4550 gentia
699 4480 970 4554 corporis
1022 4480 1170 4537 vitia
1225 4479 1410 4538 veluti
1467 4495 1651 4538 canes
1700 4481 2006 4537 temerarii
2059 4484 2117 4538 ct

2234 4480 2494 4556 ἀπολήξη,
2562 4501 2870 4552 τηνικαυτα,
2920 4483 3094 4556 ὧσπερ
3157 4479 3412 4542 σκύλακες
3462 4481 3684 4534 ἄτακτοι
3755 4484 3849 4535 καὶ

446 4567 736 4637 audaces,
763 4586 886 4628 non
905 4585 1150 4644 parum,
1178 4569 1406 4627 amisso
1425 4569 2118 4641 moderatore,allatrant

449 4660 743 4728 animam,
778 4665 834 4717 et
862 4660 1351 4734 unumquodque
1381 4660 1594 4718 vitium
1625 4661 1873 4718 trahens
1925 4660 2004 4717 ad
2051 4675 2118 4718 se

449 4749 582 4822 ejus
607 4748 854 4807 vitalem
878 4749 1250 4823 facultatem,
1284 4751 1488 4824 ipsam
1526 4751 1714 4807 variis
1745 4749 1944 4809 modis
1969 4750 2120 4807 dila-

448 4839 616 4897 niare
638 4839 1232 4914 conatur.Duplicem
1251 4841 1412 4898 enim
1434 4857 1548 4912 ego
1569 4840 1824 4897 arbitror
1850 4840 1970 4899 vim
1987 4855 2120 4896 esse

451 4930 693 4999 animae,
726 4946 864 4987 cum
915 4931 1052 5004 ipsa
1100 4947 1223 4988 una
1271 4935 1329 4988 et
1353 4931 1567 4988 eadem
1598 4931 1830 5002 existat,
1865 4930 2119 4987 alteram

447 5035 672 5094 corpus
727 5020 1124 5089 animantem,
1151 5021 1405 5078 alteram
1435 5038 1575 5078 vero
1614 5037 1816 5079 rerum
1849 5019 2126 5094 specula-

449 5110 881 5184 tricem,quam
897 5110 1081 5170 etiam
1116 5110 1514 5186 5&2,ration
1525 5110 1682 5169 alem
1705 5110 2124 5172 nominamus:

522 5238 546 5274 ³
569 5236 728 5296 Psal.
757 5253 870 5306 CIII,
904 5241 994 5296 3t.

520 5389 638 5456 (99)
661 5387 804 5456 Reg.
837 5383 1072 5458 primus
1095 5403 1186 5438 του
1242 5383 1454 5458 λογικου
1485 5389 1603 5446 τῆς.
1635 5383 1766 5440 Mox
1793 5380 1957 5442 idem
1999 5397 2118 5442 ms.

459 5461 1145 5533 φυσικῶς-κατεσπαρμένον
1159 5499 1172 5512 .

526 5528 605 5666 (1ζ
635 5528 810 5585 ἷζάὶὓῖ
836 5523 1069 5610 διαφύγῃ
1087 5548 1208 5614 τας.
1234 5525 1476 5616 Antiqui
1500 5529 1614 5616 tres
1648 5525 1785 5611 libri
1815 5523 2112 5654 διαφεύγει.

529 5603 587 5663 (2
641 5602 784 5666 Reg.
811 5615 1045 5666 primus
1073 5603 1318 5658 ακίνητον
1363 5617 1705 5666 ευφροσυνην,
1751 5605 2002 5656 zmmuta
2043 5601 2112 5658 τις

529 5599 784 5672 (2)ΑΒοε.
811 5599 1057 5672 primus
1073 5601 1340 5672 ἀκίνητον
1363 5599 1705 5672 εὐφροσύνην,
1751 5599 2125 5672 immutabile

457 5670 755 5741 gaudium
795 5669 850 5727 et
881 5676 1188 5728 constans.
1226 5669 1620 5728 Codex'Colb.
1655 5673 1830 5729 ἀπαθῆ
1874 5677 1964 5722 καὶ
1996 5669 2124 5730 ἀκή-

459 5759 614 5818 ρατον
647 5741 992 5817 εὐφροσύνην,
1027 5744 1301 5803 lat-titiam
1331 5743 1658 5814 a/fectuum
1712 5749 2012 5814 expertem
2067 5749 2122 5800 et

2237 4574 2444 4648 θρασεῖς
2482 4577 2568 4627 τόν
2608 4572 2896 4630 ἐπιστάτην
2955 4569 3297 4633 ἀποϐαλόντες
3335 4574 3434 4638 (5),
3486 4567 3846 4624 διαναστάντα

2232 4663 2297 4714 τὰ
2325 4681 2417 4715 του
2450 4668 2692 4737 σώματος
2742 4663 2910 4730 πάθη,
2935 4660 3100 4715 πολλὰ
3126 4660 3444 4716 καθυλακτεῖ
3472 4669 3569 4723 τῆς
3613 4659 3803 4732 ψυχῆς
3827 4679 3842 4696 ο

2233 4755 2323 4804 καὶ
2369 4753 2619 4814 ποικίλως
2657 4751 2819 4810 αὐτὴν
2875 4743 3110 4822 διασπᾴν
3164 4751 3423 4826 ίπιχειρεί
3477 4750 3696 4804 ἕκαστον
3746 4757 3846 4818 τῶν

2234 4845 2435 4912 παθῶν,
2461 4847 2555 4903 τήν
2589 4843 2810 4904 ζωτικὴν
2848 4841 3013 4904 αὐτῆς
3053 4839 3276 4918 δύναμιν
3324 4844 3451 4917 πρὸς
3504 4840 3656 4895 ἑαυτό
3703 4859 3848 4916 μερι-

2238 4933 2469 5006 ζόμενον.
2526 4938 2710 4992 Διττὴν
2763 4934 2863 5009 γάρ
2911 4931 3042 5004 εἶνᾳι
3095 4939 3187 4994 τῆς
3251 4930 3441 5004 ψυχῆς
3489 4933 3649 5003 ἔγωγε
3697 4926 3846 5002 οἶμαι

2235 5027 2330 5082 τήν
2381 5021 2626 5098 δύναμιν,
2666 5030 2790 5099 μιᾶς
2813 5029 2909 5078 καὶ
2957 5032 3057 5087 τῆς
3104 5021 3263 5084 αὐτῆς
3311 5023 3699 5098 ὑπαρχούσηςό
3733 5037 3843 5078 την

2235 5117 2327 5188 μέν
2385 5133 2500 5169 τινα
2549 5133 2641 5169 του
2692 5118 2936 5188 σώματος
2975 5113 3222 5183 ζωτικὴν,
3272 5115 3362 5172 τήν
3421 5108 3480 5166 δε
3524 5110 3698 5186 ἑτέραν
3746 5115 3840 5163 τῶν

2231 5397 2480 5458 puram.
2511 5383 2643 5458 MOI
2656 5397 2823 5458 unus
2855 5376 3276 5458 ερεηάδοκώτρυ
3303 5383 3697 5458 συνεμπίπτειντ
3747 5445 3781 5458 ﬂ

2308 5456 2391 5527 (3)
2427 5455 2670 5527 Antiqui
2705 5455 2825 5510 duo
2855 5453 2992 5511 libri
3025 5459 3116 5507 καὶ
3139 5449 3264 5507 οὐδε
3295 5449 3604 5527 ἀντιπεσεῖν.
3640 5449 3851 5507 Statim

2235 5521 2379 5584 editi
2407 5526 2536 5590 ὅλως
2557 5521 2803 5581 δύναται.
2837 5531 2909 5582 At
2937 5543 3088 5582 mss.
3113 5531 3380 5597 quatuor
3403 5521 3708 5596 δυνάμενον.

2308 5601 2477 5671 (lies-
2511 5597 2998 5677 ρτὲωιιεεειβοιδ
3055 5593 3380 5677 suum
3407 5599 3464 5649 τὸ
3503 5593 3854 5677 ararim-

2241 5673 2394 5742 σύνη,
2421 5666 2721 5741 ῇαῐιᾱίιιηι
2743 5672 2884 5741 ﬁnis
2904 5676 2986 5727 est
3012 5666 3473 5742 virtutisatque
3495 5666 3806 5722 bonitatis.

2239 5763 2242 5766 ’
2327 5738 2390 5809 5)’
2427 5738 2566 5814 Reg.
2595 5738 2911 5800 secundus
2941 5742 3226 5800 ἐπιστάτην
3258 5738 3648 5814 ansatum“.
