4120 6414
300 399 429 455 1341

1432 392 2030 453 CONSTITUTIONES
2070 393 2509 454 ιιοΝΑετιοιΕ.

3519 398 3668 455 1342

295 524 453 576 ὄντων
490 522 850 594 θεωρητικὴνς
881 519 945 578 ἣν
968 514 1039 579 δη
1089 523 1180 573 καὶ
1216 518 1491 593 λογιστική
1544 516 1891 591 ὀναμάζομεν.

2002 518 2135 593 iam
2170 532 2313 576 vero
2339 522 2663 593 propterea
2714 518 2882 593 quod
2932 520 3263 591 conjuncta
3313 523 3402 577 est
3427 518 3667 593 corpori

296 611 455 672 ,Δλλέι
521 615 614 671 τὴν
668 612 759 684 μὶν
807 610 1030 672 ζωτικὴν
1082 606 1327 683 δύναμιν,
1385 608 1493 664 imi.
1542 612 1897 683 συγκέκραται

294 709 369 772 τῷ
400 706 606 775 σώματι
635 702 665 760 ἦ
716 700 897 773 ψυχὴ,
931 708 1163 773 φυσικῶς
1194 696 1289 753 διὰ
1324 704 1418 759 τὴν
1450 702 1761 773 σύγκρασιν,
1804 700 1897 750 καὶ

294 790 391 843 οὐκ
421 791 480 844 έκ
518 794 872 865 προαιρέσεως
909 796 1139 865 χορηγεῖ
1163 810 1175 823 ·
1224 792 1398 864 ὥσπερ
1439 792 1541 864 γὰρ
1599 788 1742 848 ἣλιον
1789 788 1894 859 οὐχ

295 878 401 934 οἶόν
431 899 485 934 τε
514 880 880 953 έπιλείμψαντα
915 885 987 953 μὴ
1044 884 1269 953 φωτίσαι
1317 881 1395 953 (6)
1443 887 1619 943 τοῦτο,
1667 878 1787 932 καθ’
1833 877 1895 932 οὗ

292 972 385 1032 τὰς
604 974 843 1042 ἤνεγκεν·
903 970 1039 1023 οὕτω
1094 970 1280 1042 ψυχὴν
1330 968 1606 1043 ἀμήχανον
1648 974 1720 1042 μὴ
1767 969 1895 1029 ζωο-

292 1066 458 1113 ποιεῖν
491 1067 662 1133 σῶμα,
695 1059 737 1130 ᾧ
766 1058 827 1110 ἂν
855 1057 1130 1131 ἐγγένηται
1158 1080 1170 1092 ο
1221 1061 1253 1118 ἠ
1302 1055 1362 1112 δε
1405 1061 1694 1134 θεωρητική
1728 1054 1895 1110 δύνα-

294 1168 384 1222 μις
413 1147 462 1200 έν
490 1152 791 1223 προαιρέσει
820 1150 937 1220 ἔχει
966 1152 1060 1207 τὴν
1099 1152 1327 1206 κίνησιν.
1376 1148 1469 1202 ‘Av
1523 1150 1612 1220 μεν
1660 1143 1748 1199 οὖν
1801 1143 1899 1199 διὰ

292 1242 481 1298 παντὸς
502 1242 560 1290 τὸ
593 1240 907 1313 θεωρητικὸν
951 1257 1006 1291 τε
1044 1238 1132 1289 καὶ
1157 1237 1458 1309 λογιστικὸν
1489 1237 1679 1299 ἑαυτῆς
1736 1236 1894 1312 έγρη-

290 1332 499 1402 γορένειε
562 1328 967 1403 παρασκευάζῃ,
1037 1330 1206 1390 καθὼς
1274 1330 1300 1381 ὁ
1371 1333 1649 1403 Προφήτης
1728 1332 1891 1399 φησί.

290 1414 445 1476 Μηδὲ
499 1418 729 1490 νυστάξῃ
758 1418 839 1487 (7)
904 1418 931 1469 ὀ
985 1416 1265 1490 φυλάσσων
1312 1436 1370 1471 σε
1402 1460 1415 1474 .
1486 1415 1645 1490 διπλῇ
1714 1434 1896 1470 κατευσ-

288 1507 435 1567 νάζει
471 1509 537 1559 τὰ
564 1508 707 1565 πάθη
747 1514 840 1558 τοῦ
890 1512 1155 1579 σώματος,
1203 1515 1265 1580 τῇ
1321 1526 1376 1560 τε
1428 1511 1550 1582 περὶ
1578 1516 1677 1559 τῶν
1716 1524 1894 1579 κρειτ-

288 1600 448 1648 τόνων
479 1600 569 1648 καὶ
597 1603 879 1669 προσφυῶν
922 1597 1112 1669 θεωρίᾳ
1242 1594 1650 1669 ἁπασχολεῖται,
1700 1601 1790 1648 καὶ
1826 1602 1890 1668 τῇ

290 1682 550 1759 ἀταραξίᾳ
640 1692 733 1738 τοῦ
815 1691 1059 1757 σώματος
1121 1684 1505 1753 έπεσκοποῡσά,
1594 1688 1896 1761 συφρονίζει

288 1781 458 1826 ταῦτα
484 1778 575 1827 καὶ
603 1773 941 1828 καταστέλλει
970 1777 1043 1845 (8)
1075 1794 1091 1810 ·
1146 1774 1208 1827 ἂν
1239 1772 1318 1844 δε,
1352 1780 1448 1834 τὴν
1488 1774 1673 1850 ἀργίαν
1711 1774 1894 1828 ἀσπα-

2003 608 2229 675 anima,
2261 608 2311 665 si
2356 612 2573 682 suapte
2617 613 2838 664 natura
2870 608 2952 664 ob
2994 623 3131 664 eam
3172 608 3665 681 conjunctionem

2001 709 2126 752 non
2150 701 2356 754 autem
2377 698 2701 765 voluntate,
2729 696 3075 753 facultatem
3101 696 3259 753 hanc
3293 698 3532 755 vitalem
3555 698 3664 754 im-

2000 786 2270 859 pertitur.
2327 788 2854 855 Quemadmodum
2910 786 3070 843 enim
3126 785 3257 842 ﬁeri
3301 802 3425 845 non
3466 790 3668 861 potest

2001 877 2150 951 quin
2202 878 2424 935 soleas
2459 894 2555 934 res
2589 878 2669 935 ad
2712 893 2871 951 quas
2927 876 3132 933 radios
3163 892 3307 932 suos
3340 877 3665 949 appulerit,

2000 965 2253 1025 illustret
2289 986 2303 1024 :
2340 968 2423 1024 ita
2453 968 2584 1024 ﬁeri
2609 983 2734 1025 non
2762 971 2963 1040 potest
2982 966 3132 1039 quin
3156 965 3398 1021 animus
3427 966 3668 1039 corpori

2000 1056 2063 1113 in
2078 1072 2203 1129 quo
2222 1057 2610 1124 fuerit,vitam
2630 1056 2869 1114 tribuat.
2889 1056 3223 1114 Facultates
3234 1070 3379 1111 vero
3398 1055 3668 1127 specula-

2000 1145 2116 1202 trix
2148 1146 2209 1201 in
2242 1146 2547 1203 voluntate
2591 1150 2827 1203 motum
2876 1162 3060 1201 suum
3115 1144 3322 1203 habet.
3379 1148 3584 1217 ltaque
3618 1144 3667 1202 si

2000 1235 2347 1293 facultatem
2374 1253 2549 1294 suam
2602 1235 3163 1309 contemplatricem
3212 1240 3273 1291 et
3306 1233 3668 1293 rationalem

2000 1325 2247 1383 assiduo
2264 1326 2616 1397 vigilantem
2632 1325 2978 1395 reddiderit,
2990 1324 3148 1381 velut
3166 1324 3467 1397 Propheta
3492 1322 3664 1381 dicit:

1999 1414 2207 1488 Neque
2227 1415 2512 1471 dormitet
2559 1416 2665 1488 qui
2703 1413 2960 1471 custodit
3001 1420 3059 1470 te
3083 1415 3126 1481 ⁸,
3161 1411 3407 1484 duplici
3434 1413 3667 1470 ratione

2000 1505 2280 1577 consopit
2312 1506 2561 1561 vitiosos
2597 1506 2867 1579 corporis
2893 1502 3149 1560 affectus
3187 1520 3201 1571 ;
3231 1507 3297 1559 ut
3332 1518 3471 1575 quas
3497 1507 3554 1558 et
3580 1518 3668 1558 re-

1998 1610 2138 1651 rum
2150 1595 2609 1667 prtetantiorum
2627 1594 2864 1667 sibique
2876 1592 3153 1649 aiﬁnium
3168 1590 3667 1665 contemplationi

2000 1698 2245 1753 vacans,
2272 1688 2331 1741 et
2353 1684 2623 1757 corporis
2657 1680 3053 1756 tranquilitati
3086 1680 3437 1754 providens,
3474 1680 3669 1739 frenet

1998 1772 2132 1831 illos
2157 1779 2214 1830 et
2239 1777 2613 1846 compescat.
2650 1772 2710 1830 Si
2741 1788 2888 1829 vero
2912 1770 3083 1845 quod
3112 1786 3175 1827 se
3200 1769 3459 1840 ignavias
3489 1768 3663 1825 dedi-

290 1866 509 1935 σαμένη,
565 1865 624 1916 τὸ
674 1864 990 1939 θεωρητικόν
1041 1862 1285 1924 ἀκίνητον
1340 1869 1467 1939 ἔχῃ,
1522 1864 1775 1938 σχολαῖον
1831 1867 1891 1917 τὸ

2001 1862 2170 1932 derit,
2196 1862 2424 1919 detinet
2454 1862 2584 1919 sine
2618 1866 2788 1919 motu
2812 1859 3159 1919 facultatem
3189 1875 3366 1915 suam
3388 1857 3665 1931 specula-

290 1951 509 2013 ζωτικὸν
541 1952 616 2024 (9)
667 1954 737 2006 τὰ
781 1954 923 2011 πάθη
972 1960 1067 2007 τοῦ
1114 1958 1350 2027 σώματος
1396 1956 1629 2031 εὑρόντα,
1671 1958 1763 2006 καὶ⁵
1796 1972 1893 2027 με·

287 2043 565 2116 ρισάμενα,
620 2039 848 2115 μηδενὸς
903 2040 1306 2108 έπιστατοῦντος
1351 2049 1441 2098 καὶ
1487 2042 1890 2113 ἀνακόπτοντος,

288 2132 373 2184 ixi
416 2133 507 2192 τὰς
558 2131 748 2195 οἰκείας
792 2133 954 2205 ὁρμάς
1002 2152 1058 2187 τε
1110 2138 1203 2187 καὶ
1254 2132 1510 2210 ἐνεργείας
1559 2139 1653 2193 τήν
1703 2136 1890 2206 ψυχὴν

289 2220 769 2293 συγκαθείλκυσαν.
806 2220 967 2275 Ὠστε
1023 2219 1154 2276 εἶναι
1205 2226 1273 2278 τὰ
1307 2226 1452 2283 πάθη
1500 2230 1594 2277 τοῦ
1653 2230 1891 2298 σώματος

286 2308 446 2383 βίαια
499 2313 614 2383 μεν,
667 2308 951 2385 ἀργοῦντος
994 2318 1087 2364 τοῦ
1128 2311 1181 2364 ἄν
1243 2314 1368 2385 ἡμῖν
1416 2312 1610 2384 λόγον’
1677 2314 1885 2388 εὐπειθῆ

285 2396 365 2467 δὲ,
397 2402 583 2453 τούτου
612 2402 890 2462 τάττοντος
920 2406 1009 2453 καὶ
1042 2398 1312 2463 διέποντος
1341 2406 1473 2473 (10).
1526 2403 1603 2455 Οὐ
1655 2408 1889 2478 μεμπτὸν

282 2493 450 2542 τοίνυν
506 2492 567 2541 τὸ
620 2496 775 2563 σῶμα
833 2497 941 2549 τοῖς
1004 2489 1169 2566 ὀρθῶς
1226 2496 1345 2565 περὶ
1401 2492 1562 2546 αὐτοῦ
1612 2499 1889 2565 γινώσκειν

283 2576 539 2634 ἐθέλουσι,
572 2582 763 2651 Πρέπει
810 2581 911 2655 γὰρ
950 2587 1013 2653 τῇ
1060 2588 1158 2643 τῆς
1202 2580 1504 2653 συμϐουλῆς
1548 2580 1751 2636 ἐκθέσει
1796 2587 1888 2637 καὶ

280 2670 377 2730 τὰς
426 2665 745 2731 κακοδοξίας
801 2677 901 2722 τῶν
946 2678 1186 2745 πονηρῶς
1229 2669 1588 2744 ὑπειληφότων
1626 2676 1745 2746 περὶ
1796 2680 1889 2727 τοῦ

282 2762 526 2829 σώματος
606 2756 857 2833 ἀναιρεῖν.
922 2757 1123 2833 Ὠσπερ
1181 2762 1305 2835 γὰρ,
1355 2759 1611 2832 ἀγαπητὴ,
1656 2764 1813 2815 καλὸν
1862 2765 1889 2817 ὀ

283 2846 460 2915 ἵππος,
486 2852 579 2900 καὶ
631 2849 834 2923 ὅσῳπερ
885 2846 946 2901 ἄν
988 2852 1083 2907 τὴν
1131 2852 1287 2922 φύσιν
1332 2849 1572 2924 ὀξύτερος
1626 2857 1717 2906 καὶ
1767 2854 1888 2929 θερ-

280 2940 494 3011 μότερος
522 2933 575 3009 ᾖ,
607 2939 842 3009 τοσούτῳ
873 2935 1090 3010 ἀμείνων
1124 2958 1138 2972 ⁸
1196 2934 1367 2993 δεῖται
1417 2936 1477 2993 δε
1522 2948 1615 2993 τοῦ
1667 2942 1889 3014 ἡνιοχή-

285 3029 465 3087 σοντός
519 3042 572 3079 τε
608 3030 698 3079 καὶ
748 3026 1158 3103 κυϐερνήσοντος
1184 3029 1322 3102 (li),
1363 3030 1451 3081 οἷα
1502 3026 1570 3089 δὴ
1619 3029 1888 3105 λογισμῶν

281 3116 501 3191 ἄμοιρος
542 3121 631 3172 ὧν.
688 3117 988 3181 Ἐπιϐάντος
1044 3115 1106 3173 δε
1152 3128 1244 3173 τοῦ
1300 3121 1549 3194 ἡνιόχου,
1607 3122 1758 3183 αὐτὸς
1793 3125 1886 3197 μεν

282 3214 344 3281 τῇ
376 3209 529 3279 φύσει
558 3209 806 3283 χρῆσθαι
840 3210 1171 3285 πειράσεται.

352 3388 406 3440 3.
468 3383 587 3438 Ἐὰν
631 3404 723 3457 μεν
775 3382 863 3439 οὖν
913 3385 939 3439 ὁ
986 3387 1205 3459 ἡνίοχος
1255 3390 1348 3451 τὰς
1388 3389 1549 3462 ὁρμὰς
1602 3396 1694 3443 τοῦ
1748 3391 1885 3444 ὑπο-

282 3473 469 3545 ζυγίου
499 3470 712 3535 δεόντως
749 3474 1093 3550 οἰκονομήσῃ,
1149 3477 1317 3548 ἑαυτῷ
1351 3496 1409 3530 τε
1458 3482 1590 3551 πρὸς
1634 3483 1695 3531 τὸ
1746 3498 1884 3553 συμ-

282 3566 431 3638 φέρον
500 3563 797 3640 ἐχρήσατο,
858 3570 945 3618 καὶ
1006 3574 1100 3619 τοῦ
1148 3574 1349 3620 σκοποῦ
1405 3574 1499 3620 τοῦ
1544 3572 1884 3642 προκειμένου

280 3654 561 3724 τετύχηκε,
614 3658 707 3706 καὶ
736 3655 906 3717 αὐτὸς
949 3652 1009 3708 δε
1049 3660 1337 3722 σέσωσται,
1378 3661 1469 3709 καὶ
1504 3660 1563 3710 τὸ
1594 3658 1889 3729 ὑποζύγιον.

281 3743 428 3814 ὤφθη
469 3746 559 3801 τὴν
586 3751 789 3815 χρῆσιν
809 3746 1064 3818 ἄριστον·
1106 3742 1319 3799 έπειδέιν
1350 3742 1410 3801 δε
1456 3748 1482 3799 ὁ
1524 3748 1739 3820 ἡνίοχος
1781 3766 1885 3799 κα-

281 3840 385 3893 κῶς
429 3829 607 3906 ἀγάγῃ
636 3838 725 3886 τὸν
753 3834 942 3906 πῶλον,
975 3837 1001 3887 ὅ
1038 3854 1094 3888 τε
1131 3835 1298 3899 πῶλος
1326 3838 1439 3908 (l2)
1464 3836 1707 3898 πολλάκις
1743 3856 1885 3913 παρ-

282 3923 481 3995 ετράπη
538 3931 631 3985 τῆς
684 3923 964 3998 λεωφόρου,
1010 3930 1101 3979 καὶ
1186 3927 1257 3990 εἰς
1335 3924 1549 3982 atrociter»
1630 3927 1836 3991 ἐξέπεσε
1868 3947 1885 3964 ’

281 4014 613 4085 κατενεχθεὶς
665 4010 725 4069 δε
772 4020 862 4069 καὶ
912 4016 1069 4069 αὐτὸν
1116 4019 1258 4070 ἔστιν
1326 4018 1413 4071 ὅτε
1489 4022 1578 4071 τὸν
1636 4017 1887 4079 ἐπιϐάτην

280 4107 586 4174 κατήνεγκε,
659 4109 751 4157 καὶ
830 4103 1076 4169 κίνδυνος
1139 4106 1391 4183 ἑκατέρων
1439 4109 1469 4167 ἡ
1520 4116 1613 4161 τοῦ
1661 4110 1888 4182 ἡνιόχου

279 4193 517 4265 ρᾳθυμία
560 4197 782 4264 γίνεται.
836 4195 987 4247 Οὕτω
1034 4200 1126 4249 καὶ
1172 4195 1257 4250 ἐπὶ
1302 4205 1400 4259 τῆς
1450 4196 1641 4270 ψυχῆς
1676 4204 1769 4252 καὶ
1797 4206 1888 4252 τοῦ

283 4286 521 4354 σώματος
550 4282 902 4356 ὑπολάμϐανε.
957 4287 1027 4338 Τὸ
1065 4288 1157 4357 μιν
1194 4288 1293 4359 γὰρ
1341 4296 1495 4360 σῶμα
1531 4290 1625 4350 τὰς
1666 4292 1890 4361 φυσικὰς

280 4372 448 4446 ὁρμας
512 4371 686 4426 ἔλαϐεν
740 4373 839 4427 οὐκ
894 4372 1142 4442 ἀτόπους,
1203 4374 1333 4428 ἀλλὰ
1393 4382 1525 4451 πρός
1575 4397 1637 4430 τι
1681 4380 1887 4442 πάντως

281 4457 445 4522 καλὰς
469 4466 561 4514 καὶ
579 4466 884 4535 χρησίμους
908 4484 921 4497 ο
952 4462 1213 4538 λογισμοῦ
1242 4461 1303 4519 δι
1340 4465 1461 4537 (i3)
1498 4469 1889 4542 πῦτοξᾶμοιρον

354 4584 376 4621 ⁸
407 4584 564 4642 Psal.
597 4602 731 4657 cxx,
758 4590 811 4645 3.
866 4592 869 4593 ⁷
1920 4599 1966 4656 D

464 4713 625 4793 Unus
650 4729 787 4793 ms.
810 4716 869 4793 et
913 4712 1054 4793 editi
1103 4713 1471 4791 ἐπιλάμψαντα
1494 4718 1586 4790 [pri
1640 4722 1884 4791 φωτίσαι.

282 4781 395 4840 Alii
414 4789 681 4859 quatuor
699 4792 790 4837 τοῦ
804 4790 877 4859 μὴ
914 4791 1159 4859 φωτίσαι.

351 4855 430 4989 ἕξ)
458 4855 893 4925 Εᾱὶιὶνυστάξει,
919 4855 1295 4916 ἅονηιέιαὸιῖ.
1338 4863 1411 4916 At
1460 4876 1605 4916 mss.
1652 4862 1772 4916 tres
1808 4881 1888 4915 νυ·

420 4946 474 4989 η.

286 4943 449 4984 nam
462 4967 474 4981 .

644 4998 709 5052 Ἦ
727 5018 796 5078 ⁵τε
832 5002 933 5078 γᾲρ
960 5006 1079 5077 περὶ
1097 5010 1208 5078 *τῶν
1254 5008 1558 5078 κρειττόνων
1594 5009 1692 5078 καὶ,
1726 5023 1888 5078 προσ·
1912 5010 1923 5017 ’

283 5076 424 5156 φυῶν
458 5070 648 5151 θεωρία
674 5070 1393 5156 αὐτῆς’.ἁπησχόληται,καὶ
1437 5077 1468 5133 ἡ
1515 5078 1620 5156 ,τὰς
1670 5070 1889 5156 ἀταξίας

283 5146 654 5220 έπεσκρποῡσα
678 5146 770 5195 τοῦ
804 5146 1046 5220 σώματος
1087 5146 1397 5220 σωφρονίζει
1430 5150 1629 5211 ταύτας
1669 5151 1758 5201 καὶ
1798 5168 1889 5201 κα-

280 5212 570 5283 ταστέλλει,
603 5212 915 5289 θοι-τυρίοέ
935 5218 1074 5289 Reg.
1108 5212 1343 5289 primus
1384 5224 1442 5275 et
1492 5219 1661 5277 Colb.
1709 5225 1773 5276 ut
1824 5220 1888 5277 in

280 5289 586 5363 contextu,
614 5286 732 5363 nisi
752 5286 922 5359 quod
946 5288 1007 5343 in
1038 5286 1378 5363 Colhertino
1398 5290 1632 5361 legatur
1643 5291 1891 5363 ἀσχολεῖ-

282 5373 389 5437 ται.
419 5360 503 5414 Ita
530 5373 671 5437 vero
703 5360 843 5437 Reg.
875 5360 1182 5416 secundus
1207 5361 1413 5437 habet,
1466 5360 1591 5437 Ειγε
1646 5360 1765 5437 περὶ
1791 5368 1886 5423 τήν

282 5433 383 5517 τῶν
411 5435 714 5517 κρειττόνων
756 5435 847 5517 κριὶ
894 5440 1177 5517 προσφυῶν
1235 5435 1451 5508 θεωρίαν
1498 5433 1887 5508 ἁπασχολεῖταε

281 5499 374 5548 καὶ
533 5504 627 5590 τὰς
658 5502 895 5593 ’ἀταξίας
933 5498 1306 5593 incongrua:
1334 5498 1434 5559 ’τοῦ
1486 5498 1743 5579 σώματος,
1788 5526 1887 5560 σω-

286 5569 520 5641 φρονίζει
548 5572 708 5637 αὐτὰς
738 5580 830 5628 καὶ
866 5575 1221 5644 καταστελλει,
1259 5577 1332 5633 Si
1357 5579 1532 5634 modo
1548 5569 1888 5648 rebus'prat-

280 5642 1702 5727 staotioribussibiqueafﬁnibuscontemplandis
1714 5665 1886 5707 vaca-

283 5717 723 5786 verit,atquein
734 5717 1002 5790 corporis
1014 5726 1204 5777 motus
1217 5717 1633 5793 incompositos
1655 5724 1885 5781 intenta

1997 1953 2355 2024 tricem,jam
2375 1953 2647 2026 corporis
2674 1952 2957 2009 libidines
2986 1950 3226 2008 vitalem
3255 1953 3490 2022 partem
3514 1948 3663 2006 otio-

1998 2059 2132 2099 sam
2167 2047 2385 2109 nactaa,
2430 2043 2809 2116 partitaeque,
2855 2039 3023 2097 nullo
3072 2048 3315 2110 regente
3367 2054 3439 2096 ac
3466 2038 3666 2111 prohi-

1995 2131 2198 2198 bente,
2232 2132 2506 2189 animum
2535 2132 2614 2188 ad
2633 2132 2897 2203 impetus
2918 2134 3211 2202 actusque
3246 2127 3360 2184 sibi
3386 2127 3665 2200 proprios

1995 2222 2370 2296 pertrahunt.
2408 2223 2605 2287 Quare
2641 2219 2914 2277 violentae
2948 2217 3198 2291 quidem
3220 2221 3361 2273 sunt
3385 2215 3665 2289 corporis

1996 2312 2362 2382 aﬂ'e‘ctiones,
2391 2310 2625 2367 ratione
2660 2309 2722 2365 in
2751 2308 2931 2365 nobis
2957 2309 3149 2364 otium
3180 2310 3397 2378 agente
3428 2324 3442 2375 ;
3482 2304 3663 2361 mori-

1994 2417 2154 2469 gera;
2203 2417 2371 2471 vero,
2412 2401 2549 2475 ipsa
2594 2399 2916 2456 ordinante
2971 2414 3043 2455 ac
3094 2396 3495 2469 gubernante.
3532 2398 3664 2454 Non

1993 2493 2172 2564 igitur
2195 2508 2417 2565 corpus
2458 2491 2714 2561 dignum
2764 2494 2855 2547 est
2911 2487 3404 2562 reprehensione,
3456 2486 3506 2544 si
3556 2487 3665 2561 qui

1992 2586 2151 2640 recte
2178 2582 2254 2639 de
2286 2584 2422 2655 ipso
2443 2581 2720 2653 judicare
2762 2580 2966 2637 velint.
3020 2580 3138 2636 Par
3171 2582 3260 2635 est
3284 2577 3447 2635 enim
3480 2578 3664 2637 etiam

1994 2687 2216 2747 pravas
2249 2672 2567 2745 opiniones
2600 2686 2810 2727 eorum
2831 2669 2939 2742 qui
2965 2668 3123 2726 male
3150 2668 3227 2724 de
3256 2683 3508 2740 corpore
3528 2683 3661 2726 sen-

1991 2761 2170 2831 tiunt,
2198 2776 2308 2833 per
2340 2776 2492 2817 meai
2545 2758 2855 2815 sententiae
2882 2756 3325 2830 expositionem
3370 2760 3654 2813 evertere.

1996 2850 2529 2917 Quemadmodum
2564 2849 2750 2918 enim,
2778 2863 2816 2904 ο
2866 2846 3102 2917 dilecte,
3130 2846 3298 2904 bona
3331 2862 3426 2903 res
3461 2860 3658 2919 equus

1992 2945 2103 3008 est,
2129 2945 2188 2997 et
2219 2955 2345 3014 quo
2378 2943 2595 3011 suapte
2624 2942 2846 2995 natura
2869 2936 3225 2994 concitatior
3243 2952 3316 2993 ac
3337 2935 3659 2993 vehemen-

1992 3030 2109 3088 tior
2135 3030 2329 3097 fuerit,
2362 3045 2433 3086 eo
2481 3028 2739 3085 habetur
2772 3026 3159 3101 prastantior
3186 3043 3200 3082 :
3238 3031 3444 3083 tamen
3478 3025 3532 3082 ei
3565 3027 3660 3083 ut-

1993 3124 2135 3193 pote
2168 3119 2419 3177 rationis
2468 3118 2700 3191 experti
2756 3133 2913 3191 opus
2969 3123 3057 3173 est
3113 3121 3171 3172 et
3194 3115 3575 3173 moderatore
3601 3118 3662 3172 et

1913 3238 1957 3297 ρ
1994 3210 2417 3281 gubernatore.
2436 3209 2543 3266 Ubi
2563 3214 2767 3265 autem
2793 3206 3211 3266 conscenderit
3228 3205 3401 3263 illum
3420 3205 3657 3278 auriga,

1992 3300 2314 3359 conabitur
2336 3300 2468 3373 ipse
2496 3302 2715 3356 natura
2750 3298 2855 3354 uti.

2063 3396 2114 3447 3.
2152 3389 2378 3461 Auriga
2399 3388 2601 3458 igitur,
2632 3388 2715 3445 sic
2745 3388 2856 3444 rite
2885 3386 3146 3459 jumenti
3168 3386 3435 3459 impetus
3463 3387 3656 3456 regat,

1992 3483 2051 3536 et
2074 3478 2308 3553 sibiipsi
2345 3477 2566 3534 utiliter
2616 3492 2690 3533 eo
2734 3477 2941 3545 utitur,
2989 3479 3047 3533 et
3095 3475 3174 3533 ad
3222 3474 3432 3541 ﬁnem,
3468 3489 3659 3547 quem

1994 3568 2111 3625 sibi
2145 3568 2481 3641 proposuit,
2519 3566 2811 3639 pervenit,
2845 3566 3098 3639 ipseque
3134 3569 3408 3622 servatur
3430 3563 3659 3622 incolu-

1992 3656 2129 3726 mis,
2156 3661 2215 3713 et
2242 3655 2502 3727 jumenti
2550 3671 2698 3711 usus
2737 3653 2851 3710 sibi
2888 3653 3119 3710 videtur
3169 3653 3459 3725 optimus.
3506 3654 3656 3710 Cum

1991 3761 2137 3804 vero
2182 3747 2395 3815 auriga
2443 3743 2602 3801 male
2653 3742 2867 3800 rexerit
2914 3742 3173 3816 pullum.
3216 3741 3575 3815 plerumque
3599 3745 3659 3799 et

1992 3834 2197 3909 pullus
2220 3834 2349 3907 ipse
2374 3832 2634 3890 deﬂectit
2660 3849 2696 3889 a
2725 3831 2968 3905 publica
2992 3831 3107 3901 via,
3134 3835 3193 3888 et
3214 3831 3279 3887 in
3297 3830 3463 3887 invia
3495 3828 3658 3887 dela-

1991 3925 2158 3982 bitur
2192 3924 2368 3996 ;,imo
2410 3924 2592 3980 etiam
2649 3938 2918 3995 praeceps
2964 3926 3160 3993 actus,
3205 3936 3657 3994 nonnunquam

1996 4029 2298 4071 sessorem
2326 4014 2529 4086 ipsum
2562 4013 2917 4087 praecipitat,
2943 4019 3126 4087 atque
3158 4028 3232 4070 ex
3253 4011 3482 4083 aurigae
3503 4011 3657 4069 desi-

1994 4103 2095 4160 dia
2123 4108 2371 4177 uterque
2399 4104 2462 4159 in
2493 4102 2826 4176 periculum
2854 4102 3196 4160 adducitur.
3246 4101 3542 4159 Eumdem
3575 4100 3657 4157 ad

1995 4193 2251 4250 modum
2271 4192 2347 4250 de
2382 4194 2594 4250 anima
2641 4209 2890 4266 quoque
2935 4198 2991 4249 et
3044 4192 3119 4249 de
3154 4206 3407 4265 corpore
3431 4191 3655 4261 cogita.

1997 4286 2228 4357 Corpus
2257 4283 2421 4341 enim
2452 4282 2760 4341 naturales
2789 4283 3056 4356 impetus
3090 4283 3373 4339 sortitum
3402 4285 3493 4338 est
3527 4296 3656 4339 non

1994 4373 2253 4447 ineptos,
2283 4373 2390 4431 sed
2417 4390 2669 4446 prorsus
2700 4373 2780 4431 ad
2815 4372 3046 4446 aliquid
3079 4372 3334 4429 idoneos
3362 4387 3435 4430 ac
3458 4370 3654 4428 utiles.

1996 4464 2250 4536 Expers:
2269 4467 2359 4520 est
2410 4468 2618 4521 autem
2663 4462 2935 4532 rationis,
2990 4466 3055 4520 ut
3081 4461 3305 4534 majori
3344 4461 3407 4519 in
3462 4460 3655 4534 pretio

1995 4715 2123 4771 acie
2152 4712 2272 4770 hac
2292 4714 2540 4783 castiget
2570 4718 2625 4769 et
2655 4718 3008 4782 compescat.

2069 4790 2144 4859 (9)
2174 4786 2322 4840 Editi
2359 4785 2529 4859 σχολῇ
2571 4788 2630 4837 τὸ
2662 4785 2901 4859 ζωτικὸν.
2950 4786 3186 4842 Veteres

1999 4857 2251 4929 σχολαῖον
2295 4861 2354 4910 τὸ
2400 4856 2641 4917 ζωτικὸν.
2691 4856 3012 4929 Aliquanto
3054 4860 3193 4928 post

1996 4928 2184 5001 ψυχὴν
2206 4929 2670 5001 συγκαθείλκυσεν.

2007 4996 2017 5001 ”
2065 4996 2171 5070 (ῙΟ)
2233 4996 2379 5073 Reg.
2429 5000 2664 5074 primus
2712 4998 2965 5057 etColb.
3027 5000 3304 5060 τάττοντος
3371 4996 3509 5051 αὐτά
3558 5001 3652 5051 καὶ

1999 5068 2285 5127 διέποντος.

2038 5092 2285 5133 ιεποντος.

2070 5149 2175 5206 (11)
2206 5143 2407 5201 Codex
2436 5142 2604 5201 Colb.
2654 5139 2827 5215 δεῖται
2887 5148 2980 5195 τοῦ
3024 5144 3369 5215 ἡνιοχοῦντος
3431 5145 3521 5195 καὶ
3554 5160 3651 5193 κυ-

1998 5214 2277 5340 ἓερνῶντος
2306 5216 2482 5272 αὐτόν.
2521 5218 2663 5289 Reg.
2717 5214 2951 5289 primus
3016 5214 3406 5288 ἡνιοχήσαντος
3431 5218 3523 5267 καὶ
3551 5232 3651 5265 κυ-

2033 5307 2333 5340 εοησαντος.

2033 5307 2333 5351 ερησαντος.

2054 5308 2384 5428 Ἷῖἔῗνῦῗίιε
2417 5376 2533 5416 ms.
2570 5360 2597 5413 ὁ
2629 5355 2689 5413 δε
2738 5355 2927 5420 πῶλος.
2985 5356 3502 5431 Aliquanto__post
3525 5355 3651 5431 duo

1996 5426 2268 5488 mss.'~:6v
2296 5431 2558 5491 ἀναϐάτην
2611 5434 2940 5503 κατήνεγκεν.
2995 5426 3267 5487 Subinde
3312 5426 3496 5485 iidem
3523 5426 3648 5484 duo

1994 5518 2142 5560 mss.
2173 5504 2410 5579 ῥᾳθυμία
2438 5508 2731 5579 γεγένηται.

2068 5569 2183 5646 (13)
2219 5569 2456 5634 'Vet'eres'
2479 5569 2603 5632 duo
2636 5573 2773 5631 libri
2801 5573 3058 5646 λογισμοῦ
3090 5569 3168 5628 δέ.
3205 5572 3316 5629 Alii
3340 5571 3465 5628 duo
3499 5587 3647 5634 mss.

1993 5653 2051 5703 et
2084 5644 2225 5705 editi
2251 5647 2508 5723 λογισμοῦ
2536 5666 2609 5704 τε.
2648 5649 2779 5704 Mox
2808 5644 2931 5703 dno
2956 5644 3109 5702 mss.
3139 5646 3223 5703 ἱνα
3245 5646 3469 5725 τιμηθῇ,

3271 4780 3654 4864 uatuorlibri

3278 4871 3370 4928 eg.
3418 4870 3654 4928 primus
