4120 6376
489 364 624 419 1343

1859 358 1922 414 S.
1971 358 2158 414 BASII
2177 357 2224 413 11
2247 357 2466 416 MAGNI

3709 365 3850 422 1344

483 485 690 544 anima
717 483 1038 550 habeatur,
1067 481 1150 540 ob
1192 481 1442 540 rationis
1486 481 1972 554 praerogativam.
2005 481 2137 554 Ipsa

2244 483 2496 558 ὑπάρχει,
2543 483 2626 538 ἵνα
2685 484 2929 556 τιμηθείη
2972 489 3084 546 τοῖς
3137 490 3231 537 τοῦ
3258 483 3412 557 λόγου
3449 491 3846 563 προτερήμασιν

481 576 645 633 enim
679 575 730 630 si
757 574 1022 647 impetus
1047 573 1318 645 corporis
1345 572 1455 629 rite
1480 571 1912 642 gubernarit,et
1935 571 2142 643 ipsum

485 669 707 736 servat,
737 665 950 738 etipsa
1001 667 1168 720 caret
1213 662 1482 734 periculo
1519 679 1533 718 :
1568 661 1661 719 sin
1711 662 1844 732 ejus
1876 660 2145 732 negligat

479 755 750 826 regendi,
784 760 842 811 et
867 752 1140 824 segnitiei
1169 767 1409 809 sommo
1436 751 1617 822 victa,
1639 750 2141 821 gubernationem

483 844 755 917 corporis
783 843 1139 909 deseruerit,
1170 847 1229 899 et
1256 842 1461 915 ipsum
1491 841 1675 898 veluti
1703 841 1938 898 ratione
1963 840 2140 898 desti-

481 937 699 1004 tutum,
730 949 767 990 a
794 937 959 989 recta
975 931 1076 990 via
1101 933 1360 1002 aberrat,
1385 936 1442 988 et
1463 931 1733 987 animam
1760 931 1825 986 in
1857 929 2141 988 eamdem

483 1023 727 1080 ruinam
761 1023 1050 1094 detrudit,
1085 1021 1259 1096 543
1289 1037 1415 1078 non
1466 1037 1540 1078 ex
1582 1036 1694 1076 sua
1723 1019 1917 1094 ipsius
1945 1019 2144 1092 pravi-

482 1114 624 1184 tate,
653 1112 761 1168 sed
788 1118 1035 1186 propter
1064 1112 1224 1168 illius
1255 1111 1619 1168 socordiam.
1653 1112 1886 1168 Etenim
1916 1112 1966 1166 si
1985 1111 2145 1181 ejus-

483 1203 652 1259 modi
663 1208 862 1258 essent
875 1203 1002 1258 istaa
1014 1201 1290 1274 corporis
1301 1200 1671 1266 affectiones,
1685 1205 1884 1258 utnon
1897 1203 2147 1274 possent

483 1291 562 1349 ab
585 1292 791 1348 animo
811 1291 1069 1360 domari,
1094 1291 1308 1348 merito
1338 1306 1463 1347 non
1494 1307 1531 1348 a
1557 1290 1740 1363 culpa
1763 1290 2003 1347 abesset
2019 1305 2147 1346 cor-

481 1397 597 1455 pus
630 1397 644 1438 :
677 1386 738 1438 at
772 1382 821 1437 si
847 1380 1311 1455 multorum,qui
1341 1382 1428 1438 eis
1457 1381 1764 1438 dominari
1784 1380 2148 1448 studuerint,

479 1471 735 1544 imperio
761 1470 1020 1528 subditas
1048 1471 1288 1539 fuerint,
1343 1487 1564 1544 corpus
1603 1471 1684 1527 ab
1717 1470 1790 1527 iis
1816 1470 1921 1543 qui
1944 1469 2150 1543 ipsum

478 1562 643 1619 velut
671 1562 987 1635 pravitatis
1015 1566 1331 1618 auctorem
1357 1561 1664 1620 criminari
1694 1565 2012 1627 conantur,
2041 1575 2148 1617 ne-

478 1667 793 1725 quaquam
818 1651 1055 1725 culpari
1081 1657 1315 1726 potest:
1351 1652 1460 1710 sed
1483 1651 1830 1709 incusanda
1847 1655 1938 1708 est
1953 1649 2147 1721 negli-

479 1741 696 1811 gentias
723 1742 954 1812 anima,
986 1742 1036 1799 si
1063 1758 1242 1800 suum
1273 1742 1334 1798 in
1355 1758 1578 1814 corpus
1595 1741 1940 1798 dominium
1969 1741 2141 1799 dese-

2242 575 2273 633 ἦ
2305 573 2488 646 ψυχή.
2516 573 2634 628 Ἐὰν
2671 575 2762 647 μεν
2801 576 2904 648 γὰρ
2937 573 3066 634 αὐτὴ
3115 576 3212 638 τὰς
3253 583 3347 630 τοῦ
3393 581 3635 650 σώματος
3679 577 3845 654 ὁρμὰς

2241 658 2464 727 δεόντως
2509 663 2784 738 οἰκονομῇ,
2842 665 2970 718 αὐτὸ
3013 685 3070 720 τε
3127 671 3510 739 περιεσώσατο,
3562 673 3655 722 καὶ
3705 669 3847 722 αὐτὰ

2241 754 2336 818 ἔξω
2374 751 2662 808 κινδύνωνο
2713 752 2798 807 ἐὰν
2837 751 2898 808 δε
2925 762 3018 808 τοῦ
3059 754 3401 812 ίπιστατικοῦ
3445 755 3709 832 ἀμελήσῃ,
3753 763 3848 813 καὶ

2240 844 2384 915 ὕπνῳ
2413 846 2739 918 κρατηθεῖσα
2774 853 2866 905 τῆς
2902 846 3165 920 ῥᾳθυμίας
3192 848 3331 918 (14),
3369 851 3558 921 παρείη
3607 852 3704 907 τήν
3751 856 3848 902 τοῦ

2244 939 2486 1006 σώματος
2533 936 2843 1007 ἡνιόχησιν,
2885 935 3012 990 αὐτό
3059 954 3136 1006 τε,
3180 932 3268 988 οἶα
3307 935 3576 1010 λογισμῶν
3631 940 3850 1014 ἔρημον,

2241 1032 2334 1084 τῆς
2387 1024 2582 1086 εὐθείας
2639 1023 2960 1099 ἐκτρέπεται,
3021 1031 3111 1080 καὶ
3156 1029 3251 1084 τήν
3308 1025 3496 1099 ψυχήν
3559 1035 3670 1090 τοῖς
3713 1032 3853 1091 ἴσοις

2243 1113 2512 1187 περιέϐαλε
2547 1119 2901 1187 πταίσμασιν,
2955 1114 3051 1168 οὐκ
3103 1114 3157 1178 εξ
3203 1115 3398 1178 οἰκείας
3451 1122 3659 1185 κακίας,
3721 1116 3854 1172 ἀλλὰ

2247 1199 2340 1256 διὰ
2386 1207 2476 1262 τήν
2520 1202 2716 1265 ἐκείνης
2759 1203 3065 1281 ὀλιγωρίαν.
3114 1204 3177 1258 Εἰ
3365 1206 3469 1280 γὰρ
3501 1203 3563 1266 ήν
3599 1209 3669 1260 τὰ
3705 1210 3850 1268 παθη

2243 1300 2336 1346 τοῦ
2367 1299 2628 1367 σώματος,
2652 1293 2737 1348 οἶα
2774 1299 2846 1367 μὴ
2883 1291 3226 1368 δαμασθῆναι
3264 1294 3444 1368 ψυχῇ,
3477 1296 3620 1368 εἶχεν
3650 1296 3712 1350 ἂν
3761 1300 3855 1362 τὰς

2247 1382 2418 1445 αἰτίας
2473 1383 2695 1456 εὐλόγως
2760 1387 2822 1436 τὸ
2868 1393 3058 1457 σῶμα·
3122 1384 3168 1438 εί
3215 1381 3276 1438 δε
3315 1384 3525 1447 πολλοῖς
3567 1387 3858 1462 ὑποχείρια

2243 1474 2424 1544 γέγονε
2460 1480 2567 1534 τοῖς
2607 1474 2722 1546 (15)
2786 1483 3053 1547 κρατῆσαι
3110 1470 3524 1544 ἕσπονδακόσιν,
3579 1473 3852 1531 ἀνεύθυνον

2247 1564 2336 1634 μὶν
2367 1565 2427 1614 τὸ
2449 1570 2604 1636 σῶμα
2627 1570 2736 1626 τοῖς
2765 1559 2801 1616 δ
2807 1561 3064 1616 ιαϐάλλειν
3093 1565 3164 1626 ὡς
3216 1562 3461 1639 ἀρχηγὸν
3506 1569 3698 1628 κακίας
3741 1565 3855 1620 ἐπι-

2246 1659 2516 1724 χειροῦσι,
2543 1657 2751 1726 μεμπτή
2787 1649 2848 1706 δε
2867 1661 2962 1716 τῆς
2993 1652 3294 1728 ὀλιγωρίας,
3324 1656 3356 1712 ή
3405 1657 3465 1708 τὸ
3511 1662 3669 1730 κῦρος
3721 1655 3855 1710 ἀνειφ

2248 1746 2373 1813 μίνη
2403 1743 2516 1814 (16)
2545 1750 2638 1795 τοῦ
2680 1748 2943 1815 σώματος,
2976 1746 3092 1796 οὔτε
3128 1743 3260 1804 αὕτη
3303 1746 3458 1815 φύσει
3494 1747 3554 1800 τὸ
3599 1749 3761 1800 κακόν
3802 1744 3854 1800 ἐν

476 1832 683 1901 ruerit,
712 1849 852 1889 cum
886 1849 1086 1906 neque
1113 1834 1248 1907 ipsa
1303 1838 1519 1906 suapte
1563 1838 1780 1890 natura
1815 1833 2046 1890 malum
2076 1833 2137 1890 in

2250 1831 2406 1890 ἑαυτῆ
2439 1834 2666 1904 ἔχουσα,
2699 1830 2828 1886 ἀλλὰ
2859 1840 2919 1906 τῇ
2955 1831 3222 1904 ἀπολείψει
3263 1841 3356 1886 τοῦ
3390 1832 3550 1888 καλοῦ
3594 1833 3642 1886 ἕν
3684 1838 3854 1908 τούτῳ

480 1937 546 1978 se
574 1921 820 1989 habeat,
851 1923 957 1979 sed
985 1924 1048 1979 in
1068 1923 1231 1980 malo
1272 1927 1545 1980 versetur
1582 1923 1732 1980 boni
1755 1923 2014 1982 defectu.
2051 1924 2142 1980 Vi-

477 2009 628 2068 tium
660 2011 825 2068 enim
847 2011 1000 2068 nihil
1021 2011 1188 2069 aliud
1235 2016 1324 2068 est
1373 2028 1564 2085 quam
1588 2011 1823 2070 virtutis
1847 2012 2136 2070 defectus.

1128 2103 1356 2160 CAPUT
1394 2105 1488 2160 lll.

480 2190 651 2259 Quod
669 2206 791 2249 non
808 2198 1040 2264 oportet
1061 2193 1303 2252 incaute
1325 2207 1461 2249 cum
1472 2193 1827 2250 mulieribus
1851 2194 2136 2266 colloqui.

552 2377 604 2428 t.
631 2375 714 2428 Ac
732 2371 809 2428 de
836 2371 1233 2430 moderandis
1252 2371 1504 2447 quidem
1523 2372 2019 2445 cogitationibus,
2045 2389 2140 2432 re-

475 2461 809 2535 gendisque
838 2463 1144 2536 corporeis
1164 2462 1606 2528 affectionibus,
1640 2462 1838 2537 deque
1858 2464 2137 2538 amplitu-

477 2551 620 2608 dine
649 2557 834 2626 atque
860 2551 1271 2625 tranquilitate
1299 2552 1522 2608 interni
1557 2553 1840 2625 hominis,
1873 2553 2138 2628 itemque

476 2641 554 2697 de
600 2657 804 2698 rerum
855 2641 936 2697 ad
989 2641 1152 2697 hunc
1202 2642 1585 2698 attinentium
1629 2642 2140 2716 contemplatione

477 2745 550 2786 ac
581 2731 781 2788 studio
811 2729 1058 2788 abunde
1080 2747 1193 2804 pro
1217 2731 1373 2787 virili
1401 2731 1682 2804 superius
1715 2731 2135 2790 disseruimus.

475 2822 588 2877 Par
615 2824 705 2877 est
732 2824 936 2876 autem
967 2836 1092 2877 non
1135 2821 1333 2878 solum
1377 2821 1772 2892 cogitationes
1809 2823 2135 2891 moderari,

476 2909 584 2966 sed
609 2910 1028 2983 etiam,quoad
1052 2911 1186 2982 ejus
1208 2911 1335 2968 fieri
1365 2915 1624 2984 potest,a
1648 2927 1850 2968 rerum
1877 2928 2137 2971 consue-

475 2999 681 3056 tudine
705 3000 982 3057 recedere
1015 3018 1029 3056 :
1063 3001 1330 3058 maxime
1359 3017 1595 3072 earum,
1617 3017 1756 3074 quae
1785 3017 1899 3060 suo
1918 3003 2000 3060 ad
2023 3020 2136 3062 nos

474 3105 724 3148 accessu
751 3090 1066 3148 libidinem
1093 3091 1274 3148 nobis
1307 3092 1367 3149 in
1389 3093 1751 3149 memoriam
1780 3097 2138 3151 revocantes

472 3180 723 3238 turbant
743 3197 815 3238 ac
833 3180 1218 3238 confundunt
1230 3187 1498 3239 mentem
1506 3181 1810 3255 ,bellaque
1828 3188 1884 3239 et
1897 3197 2140 3256 pugnas
2165 3209 2207 3264 ο

475 3269 683 3328 animo
698 3270 947 3328 faciunt.
977 3270 1201 3328 Bellum
1221 3271 1384 3328 enim
1410 3272 1578 3344 quod
1600 3272 1802 3328 invitis
1833 3272 2011 3330 nobis
2035 3289 2136 3330 ac-

475 3359 899 3428 cidit,suﬂ‘erre
915 3361 1100 3434 plane
1117 3377 1364 3419 necesse
1377 3362 1555 3420 fuerit
1573 3380 1587 3430 ;
1607 3363 1716 3420 sed
1732 3367 2139 3437 spontaneum

473 3449 702 3511 bellum
735 3450 849 3506 sibi
871 3450 1027 3508 ciere
1057 3456 1150 3508 est
1172 3451 1624 3510 absurdissum.
1652 3457 1716 3508 ln
1744 3453 1946 3526 priore
1974 3454 2140 3511 enim

475 3538 709 3595 etiamsi
737 3539 874 3613 quis
905 3544 1246 3613 superetur,
1280 3539 1431 3598 forte
1459 3541 1703 3599 veniam
1732 3547 2140 3616 consequetur

473 3629 654 3702 (absit
680 3635 886 3688 tamen
923 3631 1041 3687 hoc
1098 3646 1135 3688 a
1178 3631 1394 3688 Christi
1447 3631 1712 3694 athletis)
1747 3649 1762 3688 :
1820 3635 1882 3689 at
1901 3648 2045 3690 vero
2074 3634 2139 3690 in

473 3719 659 3777 altero
679 3721 729 3777 si
755 3721 894 3794 quis
927 3721 1809 3795 vincatur,pmterquamquod
1837 3723 1902 3780 id
1925 3723 2138 3780 admo«

472 3810 623 3866 dum
651 3810 976 3868 ridiculum
1007 3815 1120 3877 est,
1169 3815 1464 3884 praeterea
1505 3812 1684 3868 venia
1713 3818 1895 3869 caret.
1927 3817 2137 3886 Itaque

471 3913 671 3972 operae
686 3899 948 3972 pretium
965 3904 1054 3957 est
1066 3903 1125 3957 et
1141 3901 1466 3959 mulierum
1483 3901 1787 3976 colloquia
1804 3893 1868 3959 et
1881 3919 2138 3961 consue-

470 3987 712 4044 tudines
725 4003 913 4061 quam
935 3989 1197 4046 maxime
1213 3990 1562 4061 fugere,nisi
1584 3991 1951 4049 inevitabilis
1971 4007 2137 4065 quee-

471 4076 617 4134 dam
641 4079 971 4135 necessitas
1003 4078 1214 4150 adigat
1248 4081 1329 4136 ad
1361 4080 1849 4138 collocutionem.
1885 4082 2060 4148 Quod
2086 4083 2136 4140 si

471 4166 900 4224 devenerimus
930 4169 1011 4225 ad
1036 4168 1154 4226 hoc
1181 4170 1582 4238 necessitatis,
1614 4170 1695 4227 ab
1720 4171 1816 4227 his
1839 4177 2137 4245 tanquam

471 4256 553 4314 ab
574 4257 715 4329 igne
744 4259 1088 4316 cavendum
1119 4265 1228 4326 est,
1262 4266 1318 4318 et
1347 4261 1428 4317 ab
1459 4262 1608 4335 ipsis
1637 4262 1920 4319 ocissime
1949 4267 2008 4320 et
2037 4279 2136 4319 ce-

472 4345 715 4404 lerrime
737 4348 1166 4406 secedendum.
1193 4350 1522 4408 Considera
1545 4357 1750 4408 autem
1776 4352 1928 4425 quid
1956 4369 2031 4410 ea
2059 4353 2137 4409 de

472 4452 537 4494 re
567 4437 872 4511 Sapientia
885 4439 1021 4513 ipsa
1038 4441 1237 4498 dicat:
1266 4443 1572 4513 Alligabit
1592 4445 1726 4514 quis
1752 4444 1950 4514 ignem
1967 4446 2031 4501 in
2060 4445 2135 4500 si-

473 4544 578 4597 nu,
613 4534 798 4586 vestes
817 4535 1018 4588 autem
1076 4547 1199 4587 non
1245 4531 1596 4588 comburat?
1645 4539 1752 4588 aut
1797 4534 2135 4591 ambulabit

473 4619 606 4692 quis
627 4633 811 4689 super
830 4619 1118 4678 carbones
1136 4622 1379 4693 ignis,et
1407 4621 1586 4692 pedes
1606 4638 1726 4679 non
1745 4623 2048 4681 comburet
2064 4625 2086 4659 ⁵
2107 4628 2135 4678 .9

550 4762 571 4798 ⁸
598 4761 772 4819 Prov.
801 4777 882 4834 vi,
913 4767 1003 4831 27,
1033 4765 1126 4819 28.

552 4907 664 4978 (14)
693 4906 1207 4983 Reg._tertius__et
1255 4906 1397 4983 editi
1452 4917 1516 4983 τῇ
1563 4909 1958 4983 ῥαθυμίᾳ-ΜΗ
1987 4914 2128 4983 tres.

475 4991 624 5035 mss.
656 4985 749 5038 τῆς
771 4979 1056 5054 ῥᾳθυμίας.
1109 4981 1236 5054 Hoc
1283 4979 1418 5054 ipso
1472 4979 1535 5038 in
1559 4979 1713 5054 loco:
1739 4979 1931 5038 codex
1961 4982 2126 5040 Colb.

473 5055 743 5126 napi)ij
771 5050 918 5104 ’τοο
950 5053 1068 5107 Nec
1117 5050 1202 5108 ita
1251 5050 1444 5108 multo
1496 5057 1636 5126 post
1672 5053 1795 5110 duo
1823 5070 1969 5110 mss.
1996 5058 2131 5116 ἴσοις

472 5120 568 5196 περ
575 5120 818 5196 ιέϐαλλεν)

685 5194 892 5271 Codex
919 5194 1092 5271 Colb.
1122 5196 1223 5248 ὑπὸ
1253 5195 1414 5271 χεῖρα
1437 5199 1641 5270 γέγονεν
1663 5195 1712 5271 is
1748 5203 1880 5258 τοῖς.

544 5201 656 5330 (15)
685 5201 892 5251 Codex
921 5201 1092 5257 C011).
1122 5201 1223 5248 ὑπὸ
1253 5201 1414 5271 χεῖρα
1437 5201 1641 5270 γέγονεν
1663 5201 1712 5248 ἕν
1748 5203 1880 5258 τοῖς.

551 5268 661 5347 ,16)
694 5265 847 5352 Εᾴἱῑὶ
875 5270 1076 5354 8111⁸θὸ
1130 5284 1280 5323 mss.
1335 5273 1394 5321 τὸ
1453 5277 1611 5351 κῦρος
1653 5267 1944 5356 ἁνημμένη.
1985 5271 2126 5397 Reg.

544 5351 709 5392 imus
743 5356 1042 5397 ανειμιμενη.
1093 5338 1294 5396 Codex
1353 5339 1516 5397 Colb.
1553 5359 1811 5397 ανειμενη.
1846 5343 1978 5396 Mox
2003 5357 2082 5397 vu
2110 5372 2126 5382 -

472 5336 709 5409 primus
743 5336 1042 5413 ἀνειμμενη.
1093 5338 1294 5396 Codex
1353 5336 1530 5413 Colb.'
1553 5336 1811 5413 ἀνειμένηζ
1846 5343 1978 5396 Mox
2003 5336 2132 5413 vul-

475 5359 709 5409 prtmus
743 5359 851 5390 ανει
896 5359 1042 5410 μενη.
1093 5359 1294 5396 boue:
1353 5359 1516 5397 uom.
1553 5359 1811 5413 ανειμενη.
1846 5359 1978 5396 mox
2003 5359 2132 5397 vm-

475 5415 629 5477 gatm
650 5415 770 5464 tres
791 5359 1084 5466 editiones
1105 5416 1162 5465 et
1185 5413 1327 5482 Reg.
1352 5412 1554 5468 tertius
1575 5412 1843 5469 secunda
1875 5428 2061 5469 manu
2081 5412 2132 5466 is

473 5483 642 5554 τούτῳ
671 5483 1052 5554 καθισταμένη.
1110 5483 1349 5554 Veteres
1395 5489 1513 5539 tres
1538 5482 1674 5539 libri
1728 5484 1779 5536 ἐν
1808 5487 2031 5550 τούτοις,
2073 5490 2132 5542 et

473 5550 564 5628 ita
583 5550 831 5628 quo_que
853 5550 913 5608 in
942 5553 1090 5628 Reg.
1124 5555 1310 5628 Atertio
1339 5553 1654 5628 legebatur
1691 5555 1887 5628 prima
1917 5573 2128 5615 manu.

548 5623 661 5698 (17)
687 5624 832 5698 Beg.
861 5624 1096 5698 primus
1124 5623 1396 5698 λογισμοῖς
1408 5623 1595 5698 αὐτῶν
1626 5623 1939 5680 ἓπῖστατιῐν.

547 5693 661 5760 (18)
687 5693 837 5751 Edlti
863 5693 925 5752 et
947 5695 1070 5752 duo
1102 5693 1254 5754 mss.
1282 5693 1375 5750 καὶ
1429 5697 1674 5771 ἀγωνίας,
1721 5703 1860 5772 Reg.
1896 5700 2131 5772 primus

2247 1923 2629 1995 καθισταμένη.
2662 1927 2835 1976 Κακία
2859 1924 2960 1996 γὰρ
2991 1919 3144 1978 οὑδὶν
3175 1924 3343 1999 ἔτερόν
3374 1923 3516 1978 ἐστιν
3564 1924 3592 1984 ὃ
3641 1923 3850 1979 ἀπόλει-

2246 2009 2335 2082 ψις
2363 2009 2517 2085 ἀρετῇ
2529 2034 2576 2075 ς.

2783 2108 3177 2158 ΚΕΦΑΛΔΙΟΝ
3241 2103 3312 2159 Γ’.

2243 2191 2368 2248 Ὀτι
2433 2192 2492 2247 οὐ
2533 2189 2619 2247 δεῖ
2641 2195 2735 2255 τὰς
2763 2201 2862 2247 τῶν
2909 2201 3169 2266 γυναικῶν
3210 2198 3506 2268 συντυχίας
3544 2193 3842 2269 ἀφυλάκτως

2896 2285 3165 2338 ποιεῖσθαι
3176 2325 3192 2340 .

2321 2379 2374 2432 1.
2425 2379 2553 2450 Περὶ
2602 2375 2692 2444 μὲν
2737 2381 2836 2435 τῆς
2881 2372 3206 2436 ἐπιστάσεως
3271 2382 3372 2428 τῶν
3428 2375 3716 2450 λογισμῶν,
3757 2379 3850 2430 καὶ

2246 2474 2338 2527 τῆς
2383 2469 2712 2538 ἡνιοχήσεως
2760 2473 2862 2516 τῶν
2924 2471 3016 2516 τοῦ
3068 2469 3303 2538 σώματος
3364 2469 3710 2539 παθημάτων,
3759 2469 3852 2519 καὶ

2245 2565 2343 2618 τῆς
2391 2555 2717 2630 εὐρυχωρίας
2772 2558 2864 2607 καὶ
2903 2552 3139 2625 γαλήνης
3201 2562 3293 2609 τοῦ
3354 2553 3501 2610 ἔνδον
3551 2555 3854 2630 ἀνθρώπου,

2245 2649 2334 2698 καὶ
2372 2653 2467 2706 τῆς
2521 2652 2620 2696 τῶν
2667 2644 3002 2703 καθηκόντων
3045 2643 3188 2715 αὐτῷ
3245 2646 3459 2718 θεωρίας
3488 2663 3544 2697 τε
3565 2650 3656 2698 καὶ
3690 2664 3854 2698 σπου·

2248 2731 2364 2802 δῆς,
2398 2733 2715 2809 ἀρκούντως,
2758 2737 2828 2796 ὡς
2869 2732 3004 2804 ἐνῆν,
3053 2740 3454 2811 προειρήκαμεν.
3513 2739 3630 2810 Χρὴ
3673 2731 3737 2788 δε
3771 2739 3846 2808 μή

2245 2829 2398 2898 μόνον
2437 2830 2545 2886 τοῖς
2575 2821 2851 2895 λογισμοῖς
2881 2823 3174 2879 ἐπιστατεῖν
3203 2825 3340 2896 (17),
3372 2823 3503 2878 ἀλλὰ
3528 2829 3620 2878 καί
3649 2826 3850 2878 τούτων

2245 2922 2337 2976 τῆς
2389 2914 2613 2988 ὁμιλίας,
2667 2919 2736 2978 ὡς
2779 2915 2886 2968 οἶόν
2938 2935 3013 2986 τε,
3063 2915 3415 2989 χωρίζεσθαι,
3460 2913 3700 2988 μάλιστα
3749 2915 3853 2968 ὅσα

2244 3003 2611 3069 πλησιάζοντα
2664 3007 2790 3079 ἡμῖν
2836 3005 2903 3068 εἰς
2954 3008 3251 3079 ὑπόμνησίν
3278 3024 3334 3058 τε
3368 3012 3468 3057 τῶν
3496 3006 3676 3060 παθῶν
3715 3006 3852 3078 ἡμᾶς

2244 3095 2463 3166 ἄγοντα,
2545 3097 2790 3168 ταράττει
2843 3100 2936 3148 καὶ
3016 3099 3236 3167 συγχέει
3288 3097 3377 3147 τόν
3427 3093 3698 3166 λογισμὸν,
3756 3097 3849 3146 καὶ

2243 3183 2497 3258 πολέμους
2536 3189 2628 3237 καὶ
2672 3183 2874 3257 ἀγῶνας
2900 3185 3012 3255 (18)
3055 3183 3257 3257 ἐμποιεῖ
3301 3191 3362 3257 τῇ
3415 3183 3597 3257 ψυχῇ.
3634 3186 3733 3237 Τόν
3752 3184 3846 3256 μὶν

2247 3276 2345 3347 γὰρ
2389 3274 2651 3338 ἀκουσίως
2681 3277 2806 3348 ἡμῖν
2843 3280 3242 3349 προσπίπτοντα
3293 3271 3692 3346 καταδέχεσθαι
3745 3276 3846 3326 πό-

2246 3362 2396 3437 λεμον
2452 3363 2735 3436 ἀναγκαῖον
2795 3363 2858 3416 ἄν
2910 3368 2988 3423 εἴη
3015 3385 3028 3398 ·
3097 3364 3336 3418 ἑκούσιον
3389 3363 3450 3418 δὲ
3505 3360 3850 3436 δημιουργεῖν

2247 3454 2450 3517 ἑαυτοῖς
2503 3453 2852 3527 ἀλογώτατον.
2919 3454 2999 3509 Ἐν
3069 3457 3162 3528 μεν
3216 3457 3319 3528 γὰρ
3364 3463 3436 3526 τῷ
3486 3457 3724 3530 προτέρῳ
3760 3457 3850 3506 καὶ

2246 3547 2277 3604 ή
2329 3541 2464 3604 ήττα
2500 3549 2671 3618 τυχὸν
2729 3550 3048 3618 συγγνώμης
3101 3544 3356 3612 τεύξεται,
3425 3543 3581 3603 ἀπείη
3637 3540 3698 3596 δε
3749 3550 3848 3595 τῶν

2245 3637 2382 3689 κατὰ
2406 3639 2637 3711 Χριστόν
2657 3633 2924 3693 ἁθλητὼνο
2973 3633 3024 3687 iv
3072 3631 3133 3688 δε
3169 3637 3339 3707 τούτῳ
3388 3637 3450 3687 τὸ
3498 3631 3846 3704 ἁλῶναιμθ),

2244 3730 2370 3800 πρὸς
2417 3730 2476 3779 τὸ
2533 3725 2925 3798 καταγᾶαστον
2991 3721 3142 3795 εἶναι,
3206 3730 3298 3778 καὶ
3351 3729 3667 3798 συγγνώμης
3708 3721 3851 3776 ieri-

2243 3834 2423 3890 ρηται.
2478 3818 2594 3886 Χρὴ
2649 3819 2831 3880 τοίνυν,
2884 3818 2977 3866 καὶ
3018 3817 3109 3875 τὰς
3159 3821 3260 3866 τῶν
3320 3821 3581 3886 γυναικῶν
3641 3810 3852 3886 ὁμιλίας

2244 3909 2336 3956 καὶ
2380 3908 2674 3976 συντυχίας
2735 3905 2805 3965 ὡς
2851 3905 2918 3956 τὰ
2964 3903 3199 3976 μάλιστα
3244 3905 3468 3977 φεύγειν,
3519 3902 3564 3956 εἰ
3632 3906 3706 3976 μή
3771 3919 3850 3962 τις

2244 3993 2602 4068 ἀπαραίτητος
2656 3995 2854 4064 ἆνοίγκη
2921 3997 3018 4052 τήν
3065 3998 3359 4066 συντυχίαν
3417 3991 3686 4066 βιάζοιτο.
3747 3996 3851 4046 Καὶ

2243 4083 2475 4156 ὃινοίγκης
2531 4080 2593 4136 δὲ
2633 4082 3054 4150 καταλαϐούσης,
3105 4085 3175 4146 ὡς
3225 4082 3328 4137 ἀπὸ
3377 4085 3539 4158 πυρὸς
3591 4087 3852 4158 προσήκει

2246 4172 2622 4246 φυλάττεσθαι,
2652 4178 2742 4227 καὶ
2777 4173 3031 4236 ὀξυτάτας
3051 4178 3143 4227 καὶ
3171 4178 3434 4246 ταχίστας
3462 4173 3581 4243 (20)
3619 4170 3850 4226 ἀπαλλα-

2243 4265 2337 4335 γὰς
2383 4267 2740 4337 ποιουμένους.
2774 4267 3045 4322 Σκόπησον
3086 4259 3146 4317 δε
3179 4267 3231 4316 τί
3280 4266 3400 4336 περὶ
3450 4265 3640 4315 τούτου
3688 4265 3849 4334 φησὶν

2245 4355 2275 4412 η
2313 4359 2507 4426 Σοφία·
2548 4349 2824 4407 Ἀποδίσει
2852 4372 2935 4415 τις
2989 4360 3096 4429 πῦρ
3134 4351 3184 4406 ὶν
3230 4351 3426 4424 κολπῳ,
3478 4354 3548 4406 τὰ
3603 4347 3663 4404 δε
3731 4351 3852 4423 ἱμά-

2244 4462 2334 4496 τια
2393 4443 2505 4515 (21)
2589 4441 2648 4496 οὐ
2693 4445 3059 4509 κατακαύσεις
3155 4443 3184 4502 ἣ
3245 4445 3590 4516 περιπατήσει
3641 4459 3722 4501 τις
3769 4438 3847 4494 ἐπ’

2246 4533 2515 4607 ἀνθράκων
2597 4535 2786 4607 πυρὸς,
2863 4535 2983 4593 τοὺς
3062 4528 3122 4586 δὲ
3213 4527 3386 4594 πόδας
3472 4531 3532 4584 οὐ
3586 4548 3851 4589 κατακαυ-

2245 4641 2326 4676 σιι
2349 4639 2364 4692 ;

2168 4576 2211 4630 D

2239 4913 2298 4968 et
2322 4911 2489 4968 Colb.
2516 4914 2606 4964 καὶ
2641 4911 2870 4982 ἀγῶνας.

2309 4983 2425 5055 (I9)
2471 4978 2704 5056 Veteres
2717 4986 2987 5056 quatuor
3011 4980 3148 5039 libri
3179 4984 3246 5056 re
3267 4981 3480 5056 ἁλῶναι.
3535 4978 3761 5056 vocula
3788 4983 3846 5033 τό

2240 5051 2416 5128 abest
2443 5072 2480 5111 a
2503 5051 2766 5128 vulgatis
2785 5059 2846 5111 et
2861 5070 2914 5128 ‘a
2943 5053 3312 5128 Reg._tertio.
3343 5051 3575 5128 Ibidem
3594 5055 3736 5123 Reg.
3759 5067 3846 5128 se-

2239 5127 2478 5183 cundus
2507 5124 2636 5203 πρὸξ
2653 5135 2742 5199 τῷ.
2773 5124 3048 5185 Subinde
3075 5124 3202 5182 duo
3230 5141 3383 5182 mss.
3433 5124 3638 5199 ὁμιλίας
3665 5143 3718 5177 τε
3753 5126 3842 5175 καί

2242 5216 2357 5253 συν.
2799 5233 2808 5238 ε

2307 5271 2425 5342 (20)
2455 5270 2608 5327 Editi
2630 5274 2721 5324 καὶ
2748 5275 2987 5342 ταχείας.
3028 5270 3099 5327 At
3127 5269 3254 5326 duo
3278 5285 3417 5326 mss.
3445 5274 3538 5322 καὶ
3556 5270 3838 5342 ταχίστας,

2241 5339 2472 5397 Ibidem
2505 5344 2644 5412 Reg.
2669 5339 2904 5413 primus
2939 5346 3210 5402 Σκόπησον
3238 5345 3342 5416 γὰρ
3365 5346 3484 5416 περὶ
3519 5339 3702 5395 τούτου
3729 5342 3782 5391 τί
3808 5339 3841 5397 ἡ

2244 5418 2612 5503 σογίακφέσίν.
2641 5416 2786 5494 Reg.
2816 5420 3074 5500 quartus
3110 5421 3230 5503 περὶ
3254 5418 3469 5503 τούτων,
3496 5419 3612 5503 eis).

2312 5480 2592 5559 (21)}!eg.
2626 5480 3073 5559 primariam.
3125 5480 3308 5559 αὐτοῦ.
3355 5488 3478 5559 Nec
3525 5485 3610 5559 ita
3657 5480 3850 5559 multo

2241 5554 2727 5630 infra'druo'niss.
2774 5557 2835 5610 Εί
2866 5554 2927 5612 δὲ
2967 5578 3071 5630 ,τις
3122 5557 3293 5630 λέγοι.
3335 5556 3607 5614 Subinde
3656 5554 3851 5612 codex

2240 5627 2409 5684 Colb-
2451 5629 2481 5687 ή
2518 5624 2933 5685 συνδιαιτᾶσθαι
2957 5629 3043 5684 ὶπὶ
3079 5624 3272 5686 πλεῖον.
