4120 6400
292 341 429 397 1345

1431 332 1569 387 CON
1580 326 2029 387 STITUTIONES
2066 329 2210 386 1οΝ
2218 330 2480 385 ΔεΤΙΟΑέ
2492 371 2507 387 .

3512 340 3655 397 1346

357 467 413 519 2.
458 460 519 515 Εἰ
564 458 626 514 δέ
669 478 751 522 τις
786 458 943 531 λίγει,
994 458 1049 511 ἐκ
1087 463 1180 512 τοῦ
1220 456 1428 529 γυναιξὶ
1486 455 1882 526 συντυγχάνειν,

2071 457 2125 508 2.
2155 453 2328 514 Quod
2356 455 2406 511 si
2434 454 2574 527 quis
2601 455 2778 528 dicat,
2813 473 2876 514 se
2906 473 2980 515 ex
3008 457 3303 532 frequenti
3330 460 3652 519 mulierum

291 549 705 606 συνδιαιτᾶσθαι
784 568 840 602 τε
905 552 990 601 ἐπὶ
1042 548 1215 619 πλέον,
1273 550 1341 620 μὴ
1398 544 1885 620 παραϐλάπτεσθαι,

287 642 440 702 οὗτος
489 641 519 699 ἦ
562 640 621 692 οὗ
659 642 960 712 μετέσχηκα
1004 646 1101 700 τῆς
1135 645 1227 690 τοῦ
1278 635 1488 711 ἄρρενος
1537 637 1758 706 φύσεως,
1799 638 1888 685 καὶ

290 732 403 783 ἔστι
426 748 480 783 τι
506 736 685 801 κτῆμα
712 730 823 793 (22)
862 724 1314 804 παραδοξότατον,
1359 724 1409 777 ἐν
1448 728 1752 797 μεταιχμίῳ
1798 730 1888 781 τῆς

289 822 488 893 φύσεως
539 820 783 892 ἑκατέρας
852 817 1011 878 ἑστὼς
1066 819 1198 888 (οἷον
1250 820 1367 876 τοὺς
1432 814 1533 867 ἀπὸ
1599 817 1886 884 γεννήσεως

284 910 572 986 εὐνούχους
602 915 784 982 φασὶν,
822 912 927 980 εἰγε
964 907 1223 970 κάκείνοις
1261 903 1478 979 δοίημεν
1517 907 1578 957 τό
1626 905 1758 977 πρὸς
1795 904 1885 958 τὴν

286 999 496 1059 θήλειαν
563 998 760 1061 ἀπαθες
809 1004 899 1051 καὶ
963 996 1239 1056 ἀκίνητον·
1300 996 1587 1066 Ἐπιθυμία
1640 993 1742 1064 γὰρ
1798 990 1885 1042 εὐ-

282 1092 483 1162 νούχου
532 1088 969 1164 διποπαρθενῶσαι
1034 1088 1147 1159 (23)
1211 1093 1398 1154 νεᾶνιν,
1460 1088 1620 1156 φησὶν
1686 1083 1713 1133 ὁ
1788 1086 1883 1134 Σο-

283 1180 417 1251 φός)·
468 1180 526 1248 ἡ,
579 1179 623 1234 εἰ
663 1183 915 1252 μετέσχε,
957 1176 1344 1250 βαπτιζόμενος
1386 1177 1488 1227 ὑπὸ
1535 1181 1636 1225 τῶν
1681 1172 1883 1236 παθῶν,

280 1269 375 1323 οὐκ
424 1269 748 1336 αὶσθάνεται,
810 1273 930 1331 τοὺς
973 1270 1259 1341 μεθύοντας
1301 1268 1330 1325 ἣ
1387 1271 1747 1340 φρενιτιῶντας
1794 1280 1884 1335 μι-

278 1362 553 1433 μούμενος.
601 1360 670 1428 οἱ,
720 1362 789 1412 τὰ
842 1355 1120 1411 δεινότατα
1168 1358 1502 1425 πεπονθότες,
1540 1353 1635 1417 ἔξω
1683 1353 1884 1413 πάθους

281 1446 412 1502 εἶναι
449 1450 749 1522 νομίζουσι.
802 1451 1239 1522 Συγχωράσοιμεν
1280 1443 1340 1500 δε
1390 1454 1464 1516 τῷ
1518 1443 1653 1515 λόγῳ
1691 1445 1751 1494 τό
1789 1440 1886 1502 ἔξω

279 1536 458 1609 λόγου,
490 1541 551 1591 τὸ
595 1535 726 1592 εἷναί
773 1558 893 1591 τινα
946 1543 1018 1610 μὴ
1076 1541 1381 1610 νυττόμενον
1425 1537 1526 1586 ὑπὸ
1554 1541 1646 1587 τοῦ
1675 1531 1887 1607 ἄρρενος

280 1629 498 1689 πάθους.
544 1626 699 1681 Ἀλλὰ
741 1628 840 1681 κᾶν
870 1628 1025 1690 αὐτὸς
1068 1632 1141 1700 μὴ
1186 1624 1505 1699 πάσχῃ,οῦκ
1541 1621 1602 1676 ἂν
1628 1628 1721 1675 καὶ
1765 1624 1885 1683 τοὺς

281 1716 470 1780 ἄλλους
536 1716 751 1779 εὐκόλως
817 1722 1060 1781 πείσειεν,
1127 1718 1198 1779 ὡς
1254 1716 1313 1769 οὐ
1377 1716 1609 1787 πάσχοι.
1674 1716 1744 1766 Τὸ
1803 1707 1885 1781 δε,

1932 542 1947 557 ‘
1998 542 2300 616 colloquio
2324 549 2508 616 atque
2538 546 2975 603 consuetudine
3005 564 3398 622 nequaquam
3422 552 3582 621 laedi,
3602 553 3653 608 is

1998 638 2105 689 aut
2127 634 2431 707 particeps
2464 650 2589 692 non
2613 642 2702 692 est
2741 636 3028 693 masculae
3067 644 3318 707 naturae,
3349 645 3405 696 et
3433 646 3522 697 est
3556 657 3653 698 res

1994 724 2277 795 quaedam
2292 726 2840 798 portentosissima,
2854 726 2917 782 in
2937 728 3252 801 utriusque
3274 747 3449 787 sexus
3473 731 3659 797 conti.

1994 813 2096 870 nio
2130 814 2347 886 posita,
2395 816 2614 889 quales
2659 815 2872 872 dicunt
2915 832 3019 873 eos
3065 818 3171 890 qui
3217 821 3481 877 eunuchi
3530 825 3664 882 nati

1993 909 2154 971 sunt,
2187 905 2236 961 si
2268 911 2471 964 tamen
2500 907 2618 964 hoc
2646 906 2761 963 illis
2804 907 2988 965 etiam
3030 908 3246 965 demus
3275 911 3444 983 quod
3486 912 3655 970 nullo

1992 994 2180 1053 modo
2204 996 2445 1054 feminae
2463 996 2711 1054 libidine
2730 996 3093 1068 afﬁciantur,
3104 1004 3211 1055 aut
3232 1015 3659 1060 commovean-

1994 1090 2117 1140 tur:
2144 1086 2646 1157 Concupiscentia
2666 1089 2823 1145 enim
2843 1089 3147 1158 spadonis,
3163 1090 3657 1162 devirginareju-

1994 1177 2333 1245 venculam,
2365 1176 2562 1249 inquit
2596 1178 2858 1248 Sapiens
2879 1180 2920 1245 ⁸,
2941 1184 3044 1236 aut
3078 1180 3125 1235 si
3158 1194 3373 1251 expers
3395 1196 3522 1239 non
3545 1185 3658 1253 est,

1994 1280 2138 1322 cum
2161 1270 2322 1323 totus
2346 1266 2703 1324 libidinibus
2730 1269 3055 1326 immersus
3085 1270 3371 1343 sit,5hﬁl
3390 1272 3657 1331 insciens

1990 1353 2196 1411 ebrios
2223 1359 2283 1412 et
2323 1356 2701 1428 phreneticos
2757 1356 3045 1424 imitatur,
3099 1360 3226 1430 qui,
3280 1359 3657 1429 gravissimis

1993 1444 2228 1502 morbis
2252 1445 2470 1517 affecti,
2495 1446 2846 1503 existimant
2874 1463 3003 1504 esse
3036 1464 3102 1503 se
3131 1464 3175 1505 a.
3192 1448 3411 1506 morbo
3435 1448 3655 1507 immu-

1994 1549 2104 1591 nes
2118 1535 2413 1605 .Agedum
2429 1534 2597 1608 quod
2616 1536 2836 1592 rationi
2854 1536 3018 1593 haud
3040 1542 3519 1594 consentaneum
3541 1543 3654 1607 est,

1992 1622 2058 1680 id
2080 1624 2233 1681 inter
2260 1624 2729 1697 disceptandum
2776 1625 3211 1694 concedamus,
3256 1642 3393 1683 esse
3443 1644 3654 1700 quem-

1992 1714 2184 1787 piam,
2210 1716 2317 1788 qui
2335 1714 2504 1772 nullo
2533 1717 2810 1773 masculo
2839 1716 3059 1775 affectu
3088 1717 3529 1776 exstimulatur.
3550 1721 3655 1775 Ve-

282 1803 509 1879 μηδενὸς
574 1812 914 1881 προκειμένου
978 1808 1406 1881 κατορθώματος,
1477 1809 1601 1865 τοὺς
1671 1802 1882 1862 πολλοὺς

1994 1820 2133 1861 rum
2165 1804 2403 1861 tametsi
2430 1804 2581 1862 nihil
2608 1806 2805 1873 sentit,
2837 1810 3039 1863 tamen
3062 1821 3125 1863 se
3143 1806 3292 1863 nihil
3312 1807 3533 1865 sentire
3551 1807 3654 1865 vix

284 1892 671 1964 σκανδαλίζειν,
758 1896 908 1971 οἶμαι
980 1897 1076 1949 οὐκ
1142 1892 1419 1949 ἀκίνδυνον
1483 1903 1556 1966 τῷ
1628 1900 1885 1947 ποιοῦντι.

283 1982 501 2039 ’Ἔπειτα
558 1982 619 2040 δέ
664 1986 832 2060 ἕτερον
888 1986 1031 2040 ἔστιν
1071 1983 1224 2054 ἰδεῖν,
1278 1989 1361 2039 ὅτε
1413 1983 1510 2037 κᾶν
1550 1983 1576 2035 ὁ
1626 1981 1755 2057 ἀνὴρ
1812 1984 1884 2055 μὴ

287 2070 511 2146 δὶχετειι
547 2075 715 2149 λύμην
754 2084 862 2137 τοῖς
899 2076 1197 2151 λογισμοῖς,
1230 2075 1337 2128 ἀλλ’
1367 2074 1464 2128 οὐκ
1500 2070 1611 2131 ἤδη
1650 2077 1742 2125 καὶ
1766 2074 1888 2144 περὶ

282 2171 381 2225 τῆς
422 2169 669 2237 γυναικός
720 2168 846 2239 ἡμῖν
896 2165 1315 2240 ἀμφισϐητήσει,
1346 2168 1411 2226 ὡς
1463 2168 1557 2217 καὶ
1611 2162 1741 2219 αὐτὴ
1791 2160 1887 2223 ἔξω

281 2262 383 2305 τῶν
440 2264 533 2307 τοῦ
585 2260 825 2328 σώματος
896 2258 1129 2330 ὑπάρχει
1180 2258 1380 2308 παθῶν·
1453 2252 1583 2305 ἀλλὰ
1636 2250 1889 2311 πολλάκις

283 2342 470 2416 εκείνη,
524 2344 748 2407 ἀσθενὴς
790 2342 927 2399 οὖσα
984 2350 1072 2398 τὸν
1132 2345 1405 2418 λογισμὸν,
1465 2347 1557 2395 καὶ
1607 2344 1666 2394 τὸ
1722 2341 1886 2399 πάθος

283 2434 568 2511 ὀξύρροπον
633 2440 858 2509 ἔχουσα,
936 2438 1093 2490 ἔπαθέ
1160 2455 1213 2488 τι
1287 2434 1371 2489 ἐπὶ
1441 2441 1514 2504 τῷ
1586 2430 1886 2505 ἁγυλάκτως

281 2530 621 2600 ποιῆσαμένῳ
657 2527 774 2599 (24)
822 2528 915 2588 ,ιὰς
954 2530 1269 2598 συντυχίας.
1331 2530 1433 2579 Καὶ
1480 2522 1639 2585 αὐτὸς
1695 2524 1785 2594 μὶν
1825 2518 1885 2572 οὐ

284 2618 555 2690 τέτρωται,
604 2619 801 2691 ’ἔτρωσε
858 2613 918 2669 δε
972 2615 1240 2681 πολλάκις,
1297 2618 1370 2676 ὡς
1424 2616 1520 2666 οὐκ
1568 2611 1875 2666 ἕπίσταται.

285 2711 387 2758 Καὶ
443 2706 493 2759 ἐν
550 2711 904 2781 προσποιήσει
943 2701 1102 2765 δῆθεν
1153 2710 1511 2777 πνευματικῆς
1566 2700 1771 2775 ἀγάπης
1826 2701 1885 2751 τὸ

279 2798 494 2866 γὺναιον
557 2804 796 2868 συνεχῶς
848 2799 975 2869 πρὸς
1038 2799 1128 2849 τὸν
1193 2793 1434 2853 ἀσκητὴν
1496 2790 1883 2865 ἀφικνούμενον,

281 2884 513 2959 ἄρχεται
572 2881 643 2937 δι’
707 2885 983 2958 ὀφθαλμῶν
1043 2892 1134 2946 τῆς
1187 2884 1447 2958 ἁμαρτίας
1502 2882 1885 2956 ἐμφορηθῆναι,

282 2978 375 3025 καὶ
401 2972 708 3036 ἀκολάστοις
756 2978 960 3047 ὄμμασι
1009 2979 1106 3034 τὴν
1157 2982 1252 3027 τοῦ
1303 2974 1528 3031 πλησίον
1585 2968 1729 3023 ἰδέαν
1778 2970 1887 3022 ἀπι-

283 3060 588 3130 ϐόσκεσθαι,
654 3069 743 3117 καὶ
795 3069 892 3123 τὴν
946 3060 1095 3117 ἔνδον
1149 3065 1422 3137 παρθένον,
1478 3062 1541 3123 ἧς
1583 3058 1816 3133 μάλιστα
1858 3058 1885 3110 ό

1997 1894 2225 1951 caeteris
2256 1894 2434 1951 etiam
2466 1894 2831 1966 persuadere
2852 1895 3091 1967 poterit.
3108 1897 3289 1953 Porro
3307 1896 3474 1969 quod
3492 1896 3653 1969 quis,

1995 1983 2166 2041 nulla
2194 1983 2306 2040 sibi
2337 1984 2649 2056 proposita
2689 1984 2928 2056 virtute,
2960 1983 3164 2042 multis
3191 1984 3514 2042 offensioni
3542 1990 3652 2057 est,

1997 2075 2113 2131 hoc
2160 2074 2215 2130 ei
2257 2074 2665 2147 periculosum
2713 2091 2846 2132 esse
2892 2075 3171 2134 arbitror.
3226 2076 3451 2133 Deinde
3513 2091 3653 2134 vero

1994 2165 2160 2221 aliud
2190 2166 2375 2221 etiam
2398 2164 2913 2222 considerandum
2936 2171 3047 2235 est,
3073 2165 3243 2239 quod
3269 2165 3654 2224 etiamsinul—

1993 2253 2119 2310 lam
2163 2254 2295 2310 viro
2347 2254 2679 2326 perniciem
2706 2253 2962 2311 afferant
2991 2254 3407 2323 cogitationes,
3439 2260 3500 2313 at
3527 2269 3653 2313 non

1993 2343 2139 2400 item
2154 2344 2229 2399 de
2254 2342 2501 2400 muliere
2519 2359 2769 2416 quoque
2788 2343 3109 2401 nobiscum
3128 2342 3654 2417 contendet,quasi

1993 2450 2068 2491 ea
2091 2435 2273 2491 etiam
2301 2449 2738 2505 corporearnm
2762 2433 3087 2491 libidinum
3114 2449 3328 2506 expers
3359 2435 3437 2492 sit
3459 2455 3473 2492 :
3500 2434 3652 2507 quin

1993 2524 2198 2598 potius
2211 2524 2346 2597 ipsa
2361 2540 2500 2579 cum
2518 2539 2678 2596 saepe
2694 2523 2879 2581 debili
2896 2523 3129 2581 ratione
3146 2523 3398 2596 praedita
3412 2524 3653 2595 sit,irre~

1992 2620 2223 2689 patque
2253 2613 2424 2671 facile
2454 2613 2520 2669 in
2539 2630 2613 2670 ea
2631 2613 2845 2679 libido,
2866 2630 2942 2671 ex
2960 2630 3034 2671 eo
3053 2614 3162 2688 qui
3178 2614 3242 2671 in
3261 2614 3453 2687 ipsius
3472 2614 3651 2674 collo-

1994 2704 2301 2761 cutionem
2330 2703 2570 2761 incaute
2618 2703 2783 2760 venit
2820 2702 3160 2762 detrimenti
3209 2704 3443 2778 aliquid
3495 2706 3653 2764 acci-

1993 2795 2101 2868 pit.
2136 2798 2201 2851 Et
2228 2795 2359 2867 ipse
2387 2794 2638 2868 quidem
2666 2810 2792 2851 non
2820 2796 3126 2852 sauciatur
3156 2812 3170 2852 :
3203 2794 3311 2851 sed
3339 2810 3461 2852 non
3486 2811 3648 2867 raro,

1992 2884 2129 2942 licet
2161 2885 2464 2954 nesciens,
2496 2884 2810 2942 sauciavit.
2842 2888 2911 2941 Et
2933 2884 3310 2952 muliercula,
3354 2901 3492 2957 quas
3535 2886 3652 2958 spi-

1992 2974 2225 3032 ritualis
2254 2974 2795 3032 scilicetcharitatis
2807 2975 3195 3033 simulatione
3207 2979 3391 3048 atque
3403 2977 3653 3033 nomine

1993 3066 2073 3122 ad
2102 3069 2373 3122 ascetum
2404 3064 2747 3138 frequenter
2774 3064 3026 3132 accedit,
3077 3064 3285 3137 incipit
3306 3081 3415 3138 per
3442 3065 3652 3123 oculos

280 3170 500 3225 νυμφιος
572 3152 682 3229 ἕρᾷ,
757 3158 869 3217 τόῖς
933 3152 1251 3228 ἀκαθάρτοις
1300 3152 1574 3225 λογισμοῖς
1650 3146 1882 3222 διαρθεί-

1994 3158 2245 3228 peccato
2267 3152 2526 3226 impleri,
2539 3152 2972 3227 obtutibusque
2989 3152 3232 3211 lascivis
3252 3153 3501 3227 depasci
3521 3170 3653 3227 spe-

278 3260 386 3317 ρειν
420 3242 556 3314 (25).
596 3242 680 3304 Ὠς
727 3242 789 3296 ἃν
843 3248 1015 3297 τοίνυν
1069 3240 1237 3316 μηδεν
1282 3251 1383 3295 τῶν
1431 3241 1710 3316 εἰρημένων
1741 3257 1883 3310 συμ-

280 3330 428 3398 ϐαίη,
488 3331 840 3404 φυλάττεσθαι
897 3338 1180 3407 προσήκει,
1234 3334 1280 3386 εἰ
1348 3336 1439 3405 μεν
1493 3332 1600 3384 οἷόν
1662 3348 1737 3395 τε,
1793 3331 1885 3381 καὶ

278 3421 556 3487 παντελῶς,
611 3421 655 3474 εἰ
698 3418 758 3475 δε
809 3427 906 3495 μὴ,
964 3424 1059 3485 τὰς
1108 3430 1235 3495 γοῦν
1285 3423 1493 3494 συχνὰς
1524 3424 1613 3472 καὶ
1642 3419 1883 3472 ἐπιτετα-

278 3515 437 3584 μένας
464 3509 673 3583 ὁμιλίας
728 3519 831 3563 τῶν
871 3520 1131 3585 γυναικῶν
1188 3515 1278 3565 καὶ
1319 3514 1637 3583 συντυχίας,
1667 3508 1775 3579 οὐχ
1813 3509 1882 3569 ὡς

277 3608 565 3674 μισοῦντας
606 3604 669 3654 τό
714 3605 874 3674 γόνος,
926 3600 1134 3675 ἄπαγει
1195 3597 1319 3655 οὐδε
1362 3604 1433 3663 ὡς
1462 3600 1884 3675 ἀπαρνουμένους

274 3694 374 3749 τὴν
441 3689 641 3744 ὶκείνων
710 3695 1032 3764 συγγένειαν,
1102 3690 1232 3745 ἀλλὰ
1288 3695 1379 3744 καὶ
1429 3692 1883 3767 προσισταμένους

277 3784 369 3832 καὶ
426 3779 717 3854 ὠφελοῦτας
767 3781 877 3853 (26)
936 3784 1005 3834 τὰ
1060 3777 1264 3834 δυνατὰ
1322 3788 1497 3835 πᾶσαν
1546 3782 1635 3853 μεν
1696 3798 1879 3831 κοινω-

276 3875 471 3922 νοῦσαν
529 3877 626 3933 τῆς
683 3872 1013 3943 ἀνθρωπίνης
1066 3871 1609 3945 φὺσεως,-ίξαιρίτως
1668 3865 1728 3921 δε
1792 3866 1882 3929 τὰς

275 3962 399 4021 τοὺς
453 3960 579 4033 ὕπερ
635 3970 729 4022 τῆς
780 3961 989 4034 ἁγνείας
1046 3960 1248 4035 ἀγῶνας
1309 3960 1610 4034 ἀνελομίνας
1641 3959 1774 4031 (27),
1816 3961 1881 4020 ὡς

275 4051 345 4102 τὰ
372 4046 570 4123 ἅδε).φὰ
618 4051 746 4123 ἡμῖν
802 4052 1182 4115 συναθλούσαςο
1214 4056 1309 4111 τὴν
1350 4047 1410 4104 δι
1466 4053 1758 4123 συντυχίαν
1789 4069 1880 4121 φυ-

275 4138 635 4212 λαττομένους,
683 4143 770 4194 ἵνα
810 4147 882 4215 μὴ
923 4144 1140 4210 πάθους,
1191 4143 1253 4196 οὗ
1291 4143 1643 4217 παρῃτήμεθα
1679 4144 1793 4214 ικαὶ
1839 4139 1880 4211 ᾧ

274 4227 729 4305 ἀπηγορεύσαμεν,
763 4231 1048 4306 ὑπόμνημα
1074 4238 1311 4305 γίνηται.

1991 3245 2147 3301 ciem
2175 3244 2458 3317 proximi,
2490 3249 2547 3300 et
2588 3243 2890 3300 internam
2936 3243 3255 3314 virginem,
3293 3259 3483 3315 quam
3524 3259 3651 3301 ma-

1992 3336 2154 3392 xime
2182 3349 2445 3407 sponsus
2479 3338 2666 3401 amat,
2693 3333 3162 3404 cogitationibus
3206 3334 3465 3406 impuris
3516 3350 3650 3393 cor-

1994 3440 2301 3497 rumpere.
2334 3422 2595 3481 Proinde
2623 3440 2699 3480 ne
2740 3439 2973 3492 eorum,
3004 3439 3144 3497 quae
3171 3424 3457 3495 diximus,
3480 3426 3653 3498 quid-

1991 3529 2181 3587 quam
2210 3514 2469 3584 eveniat,
2499 3506 2707 3570 omnia
2725 3529 2978 3587 prorsus
3020 3514 3106 3585 (id
3133 3513 3181 3571 si
3210 3515 3338 3571 ﬁeri
3386 3516 3647 3588 poterit),

1992 3604 2085 3660 sin
2110 3603 2338 3674 minus,
2355 3604 2568 3660 crebra
2599 3603 2814 3660 saltem
2837 3608 2897 3659 et
2912 3603 3100 3674 longa
3125 3604 3449 3661 mulierum
3469 3604 3648 3662 collo-

1988 3694 2138 3767 quia
2161 3678 2592 3767 consortiaque
2621 3693 2870 3751 vitanda
2897 3698 3076 3750 sunt:
3108 3709 3307 3767 neque
3326 3693 3391 3750 id
3410 3709 3484 3751 ex
3504 3695 3647 3752 odio

1991 3798 2193 3855 sexus,
2224 3797 2450 3855 apage:
2476 3797 2673 3856 neque
2691 3782 2870 3855 quasi
2895 3782 3271 3853 abnegemus
3290 3782 3530 3840 illarum
3551 3800 3646 3841 co-

1989 3872 2477 3943 gnationem,sed
2494 3878 2558 3929 ut
2572 3888 2781 3929 earum
2794 3873 3201 3947 patrocinium
3219 3874 3644 3948 suscipiamus,

1990 3967 2174 4036 atque
2200 3977 2310 4037 pro
2338 3962 2484 4019 virili
2505 3962 2758 4033 singulis
2775 3978 2915 4036 quas
2935 3968 3163 4019 naturae
3193 3963 3481 4021 humana:
3508 3980 3647 4021 con-

1990 4057 2180 4109 sortes
2219 4056 2380 4121 sunt,
2412 4052 2721 4126 suppetias
2767 4052 3059 4123 feramus,
3084 4053 3157 4110 iis
3188 4054 3478 4125 maxime,
3507 4070 3645 4127 quas

1988 4156 2100 4215 pro
2131 4142 2404 4199 castitate
2428 4143 2489 4199 in
2518 4146 2823 4200 certamen
2849 4143 3481 4215 descenderunt,velut
3508 4158 3647 4217 quin

1988 4234 2340 4290 communia
2349 4233 2669 4290 nobiscum
2681 4234 3011 4291 certamina
3022 4233 3302 4292 subeant.
3316 4238 3649 4292 Caveamus

268 4324 477 4376 autem
506 4335 901 4391 congressum
938 4337 1009 4379 ac
1047 4323 1573 4391 consuetudinem,
1623 4326 1689 4380 ut
1716 4338 1792 4380 ne
1818 4320 2154 4392 libidinem,
2188 4323 2285 4380 cui
2314 4323 2447 4380 vale
2491 4322 2779 4395 diximus,
2810 4323 3032 4399 cuique
3092 4325 3377 4383 nuntium
3418 4324 3647 4383 remisi-

271 4424 433 4480 mus,
463 4411 527 4467 in
565 4412 923 4469 memoriam
949 4427 1327 4471 revocemus.

822 4527 1212 4577 ΚΕΦΑΛΔῙΟΝ
1250 4523 1319 4580 Δ’.

269 4626 392 4707 Ὀτι
459 4624 543 4707 δεῖ
604 4637 667 4704 τῇ
749 4626 971 4705 δυνάμει
1043 4639 1136 4707 τοῦ
1213 4638 1455 4705 σώματος
1511 4640 1711 4707 μετρεῖν
1776 4653 1871 4694 την

344 4700 669 4779 ἐγκράτειαν·
746 4708 836 4756 καὶ
886 4700 985 4758 ”ὄτι
1042 4703 1195 4758 καλὸν
1270 4700 1359 4758 διαὶ
1426 4700 1630 4779 ἔννομον
1684 4708 1713 4764 ἠ
1778 4715 1871 4760 τοῦ

344 4773 587 4847 σώματος
617 4773 867 4850 ἕργασία.

349 4866 397 4918 t.
481 4862 793 4919 ’Λκόλουθον
869 4870 1045 4940 μέντοι
1109 4871 1201 4923 καὶ
1261 4871 1490 4943 γαστρὸς
1554 4867 1868 4945 ἕπικρατεῖν.

342 5006 365 5042 ⁸
405 5006 580 5064 Eccli.
605 5024 705 5078 xx,
737 5013 792 5068 2.

336 5148 454 5222 (22)
486 5150 1033 5231 Veteresduojibrt
1063 5156 1177 5231 ἔστι
1205 5161 1426 5231 κτίσμω
1458 5156 1568 5215 Alii
1597 5157 1721 5217 duo
1751 5160 1865 5215 ἔστι

263 5234 316 5274 τε
344 5239 562 5306 κτίσμα.
598 5222 747 5306 Editi
774 5228 833 5280 et
860 5226 999 5306 Reg.
1034 5227 1240 5306 tertius
1286 5222 1399 5283 ἕὰτι
1428 5250 1479 5284 τι
1508 5238 1707 5306 κτῆμα.
1747 5234 1865 5306 Alis

264 5298 663 5438 33333.1“
690 5309 849 5352 ⁸³³³·
887 5298 1162 5372 ίίυίηίῐυθ
1200 5298 1417 5376 δοίημεν
1446 5307 1505 5357 τὸ
1530 5298 1678 5378 πρὸς·
1713 5305 1865 5362 Editi

337 5437 456 5505 (23)
483 5439 1017 5522 Yet_eres_quinque
1046 5441 1178 5500 libri
1210 5442 1663 5522 ᾀποπαρθινῷσαι.
1709 5447 1861 5505 Editi

337 5454 456 5505 (τά)
491 5454 720 5495 veteres
742 5454 1016 5567 qumque
1046 5454 1178 5500 libri
1210 5454 1663 5522 ἀποπαρθενῶσαι.
1709 5454 1859 5505 Editi

267 5508 744 5593 ἀποπαρθενξσαηι
760 5583 775 5593 _
790 5510 955 5593 idem
977 5515 1376 5593 ﬂeg._primus
1396 5519 1452 5587 ἡ,
1478 5519 1520 5571 εἰ
1539 5523 1859 5593 μετέσχηκε.

339 5580 448 5664 QE)
476 5581 718 5664 ἑιμὲςιέί
739 5583 865 5664 dt“!
884 5584 991 5641 libi
1014 5580 1323 5664 ,ἀςῖνῖάκτως
1350 5580 1660 5664 meum

331 5650 447 5723 (25)
477 5650 965 5735 Εάὶιῖδιαφθείρει.
995 5650 1072 5716 Δί
1098 5663 1217 5718 tres
1246 5676 1397 5721 mss.
1430 5650 1766 5738 διαφθείρειν.

2636 4526 2858 4583 CAPUT
2899 4526 2986 4582 Ν.

1982 4634 2153 4703 Quod
2162 4638 2393 4705 oportet
2415 4635 2716 4705 corporeis
2730 4634 2955 4691 viribus
2978 4633 3399 4691 abstinentiam
3419 4634 3645 4690 metiri:

2050 4713 2106 4765 et
2130 4708 2291 4780 quod
2309 4710 2577 4778 corporis
2596 4708 2771 4764 labor
2791 4706 2946 4765 bona
2970 4722 3065 4763 res
3095 4712 3179 4763 est
3199 4713 3253 4763 et
3280 4707 3570 4777 legitima.

2056 4874 2107 4929 t.
2139 4873 2527 4945 Consequens
2552 4871 2760 4944 utique
2786 4869 2984 4944 fuerit,
3010 4874 3077 4929 ut
3098 4869 3295 4928 ventri
3329 4868 3515 4928 etiam
3536 4866 3644 4927 do-

2044 5162 2154 5236 (26)
2206 5164 2349 5233 Reg.
2416 5162 2654 5236 primus
2718 5164 2777 5218 et
2843 5158 3006 5236 βου).
3068 5159 3487 5236 προίσταμίνόυς
3550 5162 3641 5211 καὶ

1974 5232 2391 5319 εὐεργετοῦντας-,Δ
2416 5232 2581 5319 ἧςίιιι
2614 5232 3072 5319 patrocinante:
3096 5232 3278 5319 atque
3307 5232 3641 5318 afficiant“

1975 5305 2276 5395 beneﬁcio.
2336 5306 2547 5364 Statim
2603 5322 2749 5362 mss.
2801 5305 3034 5377 aliquot
3076 5305 3255 5364 πάσας
3310 5306 3402 5376 μεν
3448 5320 3640 5355 κοινω-

1970 5395 2432 5531 νοῖἔῗῗϐοάίοθε
2476 5452 2710 5531 aliquot
2740 5450 2943 5531 διγῶνας
2990 5447 3262 5531 immisszs.
3315 5445 3640 5531 Aliquanto

1968 5517 2107 5593 post
2134 5517 2257 5578 tres
2297 5540 2446 5581 mss.
2479 5520 2539 5578 οὖ
2577 5517 2944 5598 παρῃτημεθα.
2990 5517 3141 5576 Editi
3179 5523 3237 5576 et
3277 5517 3445 5575 unus
3464 5532 3578 5574 ms.
3612 5517 3639 5569 6

1967 5598 2337 5670 παρῃτήμεθα.
