4120 6408
318 333 457 389 1349

1461 315 2058 375 CONSTITUTIONES
2086 317 2536 376 MONASTICJE.

3558 331 3577 383 ι
3588 324 3696 383 350

312 454 718 532 παραλυόμενον.
769 452 935 503 Τοῦτο
962 445 1089 521 γῆο,
1140 444 1309 517 οἶμαι,
1349 441 1575 518 ἀρίστης
1616 441 1906 515 οἰκονομίας

2043 438 2379 532 talamitatis
2399 444 2721 518 participes
2747 446 3047 505 exstitere.
3082 449 3371 507 Convenit
3395 448 3579 522 igitur
3602 450 3666 506 ni

314 545 451 615 ἕστὶ,
477 546 539 597 τὸ
567 549 680 603 τοῖς
704 541 956 611 κειμένοις
1006 534 1402 590 κατακολουθεῖν
1429 534 1591 606 ὅροις.

2038 528 2127 586 hil
2169 529 2463 588 innovare
2494 538 2711 605 praeter
2755 539 3039 592 naturam
3069 538 3499 611 terminosque,
3538 555 3695 613 quos

313 635 419 709 qui
457 636 691 691 natura
716 625 1060 685 commodis
1087 623 1370 691 consulit,
1402 621 1772 695 prmecribit:
1805 619 1915 677 sed
1942 619 2005 676 in
2034 619 2129 675 his
2186 619 2501 681 immorari
2549 640 2893 699 corpusque
2931 625 3011 683 ad
3050 628 3357 698 agendum
3387 636 3691 702 paratum.

313 736 623 799 nusquam
654 735 797 777 vero
826 732 934 791 per
976 715 1550 773 immoderationem
1573 711 1911 772 resolutum
1947 709 2194 768 habere.
2221 714 2355 770 Haec
2386 718 2475 772 est
2502 714 2687 785 enim,
2719 732 2856 774 meo
2884 716 3133 790 quidem
3176 718 3428 790 judicio,
3461 720 3700 793 optima,

314 813 541 887 agendi
568 811 741 879 ratio,
772 811 1029 865 statutos
1056 804 1276 863 limites
1305 819 1576 861 servare.

387 943 442 995 2.
490 932 694 995 ’Δλλως
749 950 804 986 τε
832 936 923 984 καὶ
974 928 1029 984 εχ
1058 929 1301 983 πλειόνων
1329 936 1630 1005 μαρτυριῶν
1659 933 1750 987 τῆς
1782 926 1925 988 θείας

316 1034 524 1102 Γραφῆς
582 1028 770 1098 ῖχομεν
824 1016 885 1075 ἂν
938 1023 1050 1093 (35)
1086 1028 1369 1080 συστῆσαι
1423 1022 1509 1072 τὸν
1535 1018 1707 1090 λόγον⁵
1734 1015 1793 1070 Ἤ
1819 1016 1921 1089 γὰρ

318 1120 431 1173 θεία
486 1119 660 1193 Γραφὴ
720 1113 1040 1189 ἐργάζεσθαι
1096 1114 1186 1185 μιν
1256 1108 1467 1177 κελεύει,
1526 1112 1618 1160 καὶ
1663 1106 1924 1159 κινεῖσθαι

313 1216 384 1280 τῷ
441 1211 663 1280 σώματι,
725 1207 815 1255 καὶ
894 1201 1083 1275 μᾶλλον
1162 1199 1342 1275 ἐτέρων
1405 1193 1696 1274 ὑπερείδειν
1772 1193 1924 1248 ἀσθέέ

312 1316 450 1350 νειαν
496 1294 633 1367 (36),
684 1293 713 1353 ἣ
766 1298 859 1352 τῆς
896 1308 1002 1366 παρ
1046 1288 1232 1364 ’ἐτέρων
1278 1285 1490 1342 δεῖσθαι
1520 1289 1727 1361 χειρός·
1764 1302 1923 1337 κατα-

312 1400 582 1459 μαραινειν
616 1378 675 1434 δέ
728 1387 882 1433 τοῦτο
911 1383 1001 1431 καὶ
1026 1378 1309 1453 παραλύειν
1359 1383 1474 1437 ταῖς
1500 1374 1744 1450 ἀμέτροις
1773 1370 1924 1430 ἕκτή-

315 1473 453 1537 ξεσιν
507 1468 774 1544 οὐδαμῶς.
833 1471 934 1523 Καὶ
990 1470 1179 1521 τούτου
1234 1464 1662 1529 ἂξιοπιστότατόν
1690 1464 1807 1535 (3’7)
1838 1479 1923 1514 σοι

316 1561 605 1637 παρέξομαι
659 1562 905 1636 μάρτυρα
958 1561 1048 1611 τὸν
1095 1557 1244 1629 ἅγιον
1292 1555 1518 1622 Παῦλον,
1574 1558 1643 1613 πη
1691 1555 1781 1628 μιν
1833 1550 1921 1604 λί-

312 1664 493 1725 γὀνται
551 1650 829 1722 Ἀκούομέν
883 1666 1023 1709 τινας
1098 1645 1146 1699 ἓν
1194 1647 1316 1719 ὑμῖν
1392 1642 1630 1706 ἀτάκτως
1694 1659 1923 1717 περιπα-

314 1749 531 1803 τοῦντας
566 1782 579 1808 ,

317 1828 534 1893 ἀταξίαν
610 1825 1003 1900 ’ἀποφηνάμενον
1037 1845 1050 1857 ·
1135 1825 1246 1878 Οὔκ
1324 1825 1699 1897 ἠτακτήσαμεν
1776 1824 1919 1894 γὰρ,

319 1923 498 1994 φησιν,
545 1915 593 1971 ἓν
642 1920 785 1991 ὑμῖν,
838 1913 963 1969 οῦδὲ
1019 1912 1218 1990 δωρεὰν
1272 1917 1428 1990 ἄρτον
1479 1912 1728 1987 ἐφάγομεν
1781 1910 1926 1983 παρά

317 2029 481 2081 τινος,
524 2007 623 2061 ἀλλ’
679 2007 727 2060 ἐν
768 2012 914 2080 κόπῳ
961 2011 1051 2059 καὶ
1097 2007 1295 2080 μάχθῳ
1340 2008 1528 2066 νυκτὸς
1585 2006 1675 2055 καὶ
1727 2003 1927 2075 ἡμέρας

319 2098 676 2172 ἕργαξόμενοι·
726 2102 818 2150 καὶ
864 2100 923 2149 τὸ
967 2098 1155 2148 τούτου
1207 2095 1357 2147 πλέον
1402 2095 1535 2165 (38)·
1568 2098 1693 2153 Ταῖς
1720 2095 1927 2166 χρείαις

318 2207 419 2263 μου
472 2192 562 2242 καὶ
606 2195 715 2250 τοῖς
764 2183 885 2241 οὖσι
932 2187 1046 2260 μετ’
1083 2183 1207 2259 ἓμοῦ
1256 2186 1594 2258 ὑπηρέτησαν
1653 2184 1708 2234 αἱ
1749 2186 1928 2254 χεῖρες

318 2276 502 2332 αὗται⁹
572 2276 778 2353 ἕτίρωτι
835 2274 894 2329 δὲ
947 2275 1120 2328 πάλιν·
1195 2273 1307 2329 Ἵνα
1358 2273 1719 2349 ἐργαζόμενοι,
1774 2276 1925 2344 φησὶ,

316 2372 405 2424 τὸν
440 2368 634 2422 ἑαυτῶν
693 2368 849 2442 ἄρτον
897 2365 1136 2418 ἔσθίωσι·
1186 2368 1279 2416 καὶ
1329 2363 1485 2417 πάλιν
1530 2362 1728 2415 ἄλλοθι·
1761 2361 1927 2413 Ἦσυο

314 2459 526 2532 χάξειν,
580 2460 671 2509 καὶ
714 2457 955 2530 πράττειν
1004 2456 1071 2507 τὰ
1125 2450 1263 2521 ἴδια,
1323 2457 1413 2506 καὶ
1472 2451 1790 2526 ἐργάζεσθαι
1812 2456 1929 2513 ταῖς

316 2552 506 2624 χερσὶν
537 2548 702 2619 ὑμῶν.
745 2548 921 2618 Τύφου
975 2547 1169 2607 παντὸς
1220 2544 1335 2615 (39)
1372 2542 1715 2614 ἀπηλλάχθαι
1763 2558 1927 2613 προσο

316 2642 433 2696 ἠκει
474 2640 563 2690 τὸν
616 2635 873 2702 ἀσκητὴν,
923 2639 1014 2687 καὶ
1036 2639 1133 2693 τὴν
1184 2638 1352 2707 μέσην
1396 2637 1554 2695 ὄντως
1583 2636 1675 2685 καὶ
1706 2630 1927 2705 βασιλι-

314 2731 412 2786 κὴι
442 2723 566 2780 ὁδὸν
596 2730 959 2800 πορευόμενον,
1014 2722 1099 2777 ἐπὶ
1156 2724 1350 2799 θάτερα
1402 2719 1664 2796 μηδαμῶς
1709 2720 1927 2774 ἀποκλί-

313 2833 434 2870 νειν’
499 2820 635 2889 μήτε
685 2819 782 2873 τὴν
842 2812 1016 2868 ἃνεσιν
1071 2811 1456 2881 ἀσπαζόμενον,
1516 2816 1650 2885 μήτε
1677 2819 1741 2885 τῇ
1774 2813 1929 2885 ὑπερ-

316 2904 438 2979 ϐολῇ
489 2913 584 2966 τῆς
650 2904 954 2979 ἕγκρατείας
1015 2902 1335 2979 ἀχρειοῦντα
1387 2906 1445 2956 τό
1495 2922 1666 2976 σωμα.
1725 2901 1786 2955 Εἰ
1836 2904 1929 2974 μεν

314 2996 415 3070 γὰρ
469 2994 625 3046 καλὸν
704 2990 766 3052 ἦν
820 2995 1107 3070 παρεῖσθαι
1154 3002 1227 3064 τῷ
1278 2998 1503 3067 σώματι,
1558 2997 1649 3045 καὶ
1713 2992 1925 3045 κεῖσθαι

2105 930 2159 982 2.
2214 929 2509 984 Caeterum
2563 929 2874 1002 possimus
2925 931 3108 988 etiam
3141 929 3416 1003 pluribus
3471 932 3694 991 divina

2035 1017 2355 1089 Scripturas
2386 1019 2742 1076 testimoniis
2790 1025 3069 1078 nostrum
3092 1037 3438 1079 sermonem
3467 1023 3694 1081 conﬁr—

2032 1120 2221 1163 mare.
2257 1107 2469 1165 Divina
2494 1125 2767 1182 namque
2798 1111 3109 1183 Scriptura.
3151 1111 3392 1184 operari
3416 1111 3611 1182 jubet,
3639 1115 3699 1169 et

2032 1210 2285 1269 corpore
2314 1198 2561 1265 moveri,
2588 1203 2649 1255 et
2666 1200 2871 1270 potius
2899 1200 3157 1257 aliorum
3186 1200 3399 1257 fulcire
3424 1200 3699 1259 debilitav

2030 1290 2175 1356 tem,
2205 1301 2393 1359 quam
2446 1287 2689 1343 alterius
2715 1304 2904 1345 manu
2938 1288 3212 1360 indigere
3239 1307 3253 1347 :
3288 1295 3349 1348 at
3378 1290 3529 1347 illud
3559 1290 3701 1349 tabe

2031 1377 2351 1434 absumere
2376 1383 2434 1436 et
2467 1379 2813 1435 immodicis
2864 1378 3358 1438 aﬁlictationibus
3386 1396 3699 1451 enervare,

2031 1480 2153 1523 non
2208 1467 2372 1524 item.
2432 1472 2626 1542 Atque
2676 1469 2861 1541 hujus
2910 1469 2995 1525 rei
3024 1474 3236 1527 testem
3279 1470 3401 1527 ﬁde
3426 1470 3703 1542 dignissi-

2031 1570 2203 1613 mum
2231 1556 2337 1613 tibi
2368 1557 2676 1614 adducam
2707 1563 2985 1615 sanctum
3011 1559 3287 1627 Paulum,
3320 1560 3427 1632 qui
3477 1559 3703 1617 alicubi

2030 1647 2280 1720 quidem
2291 1646 2465 1704 dicit:
2480 1649 2529 1704 Δ
2538 1650 2781 1704 adimus
2792 1650 3083 1721 quosdam
3096 1651 3257 1707 inter
3271 1666 3372 1706 vos
3384 1651 3703 1711 ambulare

666 1735 833 1811 μηδεν
908 1735 1329 1811 ἰριγαζομίνους⁹
1396 1739 1488 1787 καὶ
1566 1736 1653 1792 τὴν
1736 1730 1923 1808 ἀργίαν

2043 1736 2384 1794 inordinate
2400 1736 2562 1793 nihil
2590 1744 2906 1808 operante:
2932 1740 3160 1805 ‘°.Quin
3192 1744 3251 1796 et
3272 1738 3574 1812 inertiam,
3607 1755 3703 1797 or-

2034 1825 2193 1882 dinis
2216 1826 2624 1884 desertionem
2655 1829 3231 1900 pronuntiavit.Non
3269 1830 3451 1898 enim,
3476 1829 3696 1903 inquit,

2032 1917 2383 1973 inordinate
2395 1919 2684 1988 gessimus
2707 1934 2814 1974 nos
2847 1920 3008 1975 inter
3026 1934 3147 1989 eos,
3168 1933 3358 1990 neque
3372 1922 3567 1990 gratis
3594 1934 3701 1990 pa-

2035 2020 2170 2063 nem
2186 2008 2688 2065 manducavimus
2707 2009 2783 2065 ab
2805 2009 3140 2080 (εὕρασθαί
3158 2013 3222 2065 in
3246 2010 3535 2077 labore,et
3556 2010 3704 2081 fati»

2035 2098 2300 2168 gatione,
2317 2104 2487 2155 nocte
2502 2104 2557 2154 et
2578 2098 2675 2155 die
2690 2104 3007 2168 operante:
3030 2100 3172 2154 “.Et
3189 2098 3357 2171 quod
3382 2098 3499 2155 hoc
3519 2099 3703 2159 etiam

2038 2187 2240 2257 majus
2262 2192 2382 2242 est:
2406 2188 2508 2243 Ad
2535 2202 2606 2243 ea
2652 2202 2785 2260 quae
2825 2187 2983 2245 mihi
3006 2203 3155 2258 opus
3200 2193 3458 2255 erant,et
3483 2187 3577 2244 Itis
3598 2189 3705 2261 qui

2036 2288 2264 2333 mecum
2286 2282 2427 2332 sunt
2448 2278 2954 2333 ministraverunt
2974 2292 3195 2334 manus
3212 2276 3391 2349 546
3410 2278 3540 2335 ista
3555 2279 3600 2314 ι’
3620 2282 3704 2335 Ae

2036 2364 2256 2422 iterum
2300 2366 2417 2421 alio
2455 2365 2704 2422 inloco.
2759 2367 2832 2423 Ut
2881 2372 3220 2436 operantes,
3272 2367 3489 2439 inquit,
3519 2383 3695 2425 suum

2035 2469 2255 2525 panem
2284 2455 2652 2512 mandat-ent
2668 2457 2732 2510 η.
2776 2458 2845 2511 Et
2870 2471 3082 2511 rursus
3113 2454 3289 2512 alibi:
3316 2457 3388 2514 Ut
3409 2457 3601 2527 quieti
3625 2456 3701 2512 si-

2040 2546 2133 2612 tis,
2157 2550 2213 2601 et
2243 2552 2584 2601 utvestrum
2600 2548 2906 2617 negotium
2919 2548 3119 2617 agatis
3148 2552 3203 2603 et
3230 2547 3561 2617 operemini
3579 2562 3704 2605 ma-

2038 2636 2215 2691 nibus
2241 2637 2452 2692 vestris
2469 2637 2514 2672 ¹⁸
2538 2651 2562 2694 .’
2591 2638 2838 2709 Oportet
2859 2642 3128 2692 ascetam
3156 2637 3238 2693 ab
3259 2636 3427 2693 omni
3448 2637 3613 2695 fastu
3635 2636 3701 2694 1i-

2037 2727 2248 2782 berum
2269 2740 2427 2795 esse,
2454 2730 2511 2782 et
2536 2726 2699 2783 viam
2738 2741 2876 2782 vere
2906 2726 3174 2783 mediam
3203 2730 3261 2783 et
3287 2726 3520 2797 regiam
3549 2742 3702 2783 eun-

2038 2819 2180 2883 tem,
2208 2831 2527 2889 nunquam
2566 2816 2646 2873 ad
2698 2815 3051 2874 alterutram
3080 2821 3319 2889 partem
3346 2815 3652 2873 declinare
3686 2834 3701 2886 ;

2036 2921 2236 2979 neque
2274 2904 2496 2962 dedere
2527 2920 2594 2962 se
2623 2905 2912 2977 mollitiei,
2956 2922 3156 2980 neque
3185 2922 3296 2979 per
3324 2906 3703 2964 abstinentiae

2032 2996 2603 3054 immoderationem
2634 3011 2857 3070 corpus
2884 2996 3091 3054 inutile
3113 2996 3626 3055 reddere.Etenim
3648 2999 3708 3054 et

314 3086 491 3159 νεκρόν
543 3085 783 3157 ἔμπνουν,
823 3086 1092 3144 τοιούτους
1138 3085 1343 3145 πάντως
1398 3080 1577 3154 ἃν(40)
1602 3083 1738 3155 ἡμᾶς
1793 3098 1924 3132 κατ-

2043 3086 2268 3143 bonum
2319 3091 2476 3142 esset
2500 3085 2815 3142 hominem
2870 3101 3123 3159 corpore
3150 3086 3409 3144 fractum
3454 3102 3617 3157 esse,
3648 3090 3708 3144 et

316 3175 592 3227 εσκεύασεν
646 3171 704 3237 ἐξ
760 3171 938 3246 ἀρχῆς
996 3174 1024 3226 ὀ
1081 3176 1231 3236 Θεός·
1287 3172 1333 3225 εἰ
1402 3167 1462 3226 δὲ
1526 3170 1587 3224 οὐ
1644 3174 1924 3229 πεποίηκεν

313 3262 499 3330 οὕτως,
551 3264 756 3323 πάντως
806 3264 834 3315 ὅ
876 3266 928 3315 τί
970 3281 1065 3337 περ
1122 3261 1184 3315 ἂν
1240 3260 1397 3315 καλὸν
1452 3263 1602 3333 ἔγνω,
1659 3263 1926 3314 τοῦτοκαὶ

314 3348 633 3405 ἀπετέλεσενο
685 3352 729 3404 εἰ
778 3347 839 3404 δέ
885 3352 1009 3426 ὅπερ
1066 3352 1223 3404 καλὸν
1272 3348 1355 3419 ἧν,
1389 3358 1541 3404 τοῦτο
1566 3351 1705 3424 ἡμᾶς
1736 3349 1925 3426 ἀπειρ-

312 3441 535 3513 γάσατο,
595 3439 987 3515 ἁμαρτάνουσιν
1040 3443 1089 3495 οἱ
1137 3444 1197 3496 τὸ
1254 3441 1421 3503 καλῶς
1467 3441 1706 3509 ποιηθὶν,
1740 3443 1810 3504 ὥς
1842 3443 1927 3494 ἓν·

315 3548 478 3600 εστιν,
511 3529 573 3585 οὐ
598 3530 962 3605 φυλάττοντες.

387 3750 443 3806 3.
473 3745 561 3802 Ἓν
592 3742 680 3801 οὖν
733 3745 1023 3811 ὀάσκητὴς
1074 3753 1172 3811 τῆς
1224 3744 1485 3809 εὐσεϐείας
1541 3748 1822 3809 σκοπείτω,
1882 3745 1927 3800 εἰ

314 3841 493 3911 μήπου
540 3840 703 3890 κακία
745 3832 839 3890 διὰ
891 3835 1154 3912 ῥᾳθυμίας
1208 3834 1514 3909 ὰεφὼλευσε
1551 3844 1613 3909 τῇ
1659 3835 1840 3908 ψυχῇ,
1883 3834 1928 3889 εἰ

315 3946 493 4000 μηπου
524 3929 554 3985 ἠ
606 3925 761 3999 νῆψις
807 3931 897 3979 καὶ
924 3928 953 3986 ἡ
987 3928 1118 4003 πρὸς
1151 3929 1280 3980 Θεὸν
1313 3925 1522 3988 ἕκτενής
1568 3934 1660 3987 τῆς
1694 3921 1928 3986 διανοίας

316 4014 835 4084 ἀπότασιςίξελύθη,
888 4016 932 4068 εἰ
987 4021 1166 4090 μήπου
1226 4018 1252 4069 ὁ
1310 4023 1404 4069 τοῦ
1439 4018 1736 4089 Πνεύματος
1766 4015 1926 4088 ἁγια-

316 4109 471 4180 σμὸς,
522 4110 614 4159 καὶ
671 4107 698 4158 ὁ
753 4104 943 4158 ἐκεῖθεν
991 4103 1322 4179 ἔγγενόμενος
1376 4113 1438 4179 τῇ
1468 4104 1623 4179 ψυχῇ
1659 4107 1929 4178 φωτισμὸς

321 4197 635 4270 ἡμαυρώθη.
700 4193 810 4263 Ὧς,
896 4197 1001 4267 εἴγε
1050 4198 1116 4247 τὰ
1195 4194 1439 4269 εἰρημένα
1490 4193 1721 4269 ἀκμάζοι
1774 4192 1928 4264 καλά,

312 4281 556 4358 οὐδαμῶς
605 4287 788 4358 καιρὸν
845 4283 945 4346 ἕξει
996 4285 1063 4336 τὰ
1105 4286 1245 4344 πάθη
1278 4292 1370 4338 τοῦ
1413 4290 1655 4358 σώματος
1682 4284 1930 4347 κατεξανο

319 4375 597 4441 ίστασθαι,
628 4381 726 4436 τῆς
753 4372 937 4446 ψυχῇς
966 4375 1097 4447 πρὸς
1126 4375 1194 4426 τὰ
1222 4374 1327 4425 ἄνω
1356 4376 1471 4446 (41)
1502 4371 1928 4447 ἀσχολουμένης,

2035 3178 2185 3234 dum
2217 3176 2473 3251 spiraret
2500 3176 2869 3250 viveretque,
2925 3181 3235 3233 mortuum
3278 3181 3485 3234 tamen
3501 3177 3705 3249 jacere

2036 3267 2245 3342 utique
2276 3282 2390 3323 nos
2418 3266 2571 3323 tales
2603 3269 2760 3324 Deus
2791 3266 2872 3324 ab
2909 3266 3082 3324 initio
3110 3266 3503 3324 condidisset.
3530 3266 3705 3333 Quod

2036 3358 2087 3414 si
2115 3373 2239 3415 non
2269 3359 2353 3415 ita
2408 3357 2565 3423 fecit,
2618 3357 2872 3414 omnino
2924 3356 3093 3430 quod
3123 3356 3352 3414 bouum
3391 3361 3482 3413 est
3505 3356 3702 3425 novit,

2033 3449 2150 3507 hoc
2180 3448 2363 3505 etiam
2394 3447 2618 3515 effecit;
2675 3448 2770 3504 sin
2801 3451 3007 3504 autem
3053 3462 3167 3504 nos
3221 3446 3328 3517 ita,
3371 3450 3440 3503 ut
3476 3446 3705 3504 bonum

2035 3544 2185 3607 erat,
2208 3537 2497 3610 condidit,
2531 3541 2789 3611 peccant
2808 3537 2915 3610 qui
2944 3536 3114 3610 quod
3140 3536 3299 3594 bene
3328 3536 3558 3595 factum
3591 3541 3704 3607 est,

2033 3634 2333 3703 quantum
2361 3628 2425 3684 in
2454 3628 2601 3701 ipsis
2630 3631 2735 3699 est,
2762 3642 3159 3701 nequaquam
3184 3630 3449 3684 servant.

2106 3742 2161 3798 3.
2194 3739 2392 3794 Unum
2421 3735 2603 3807 igitur
2643 3735 2985 3792 consideret
3025 3735 3265 3810 pietatis
3315 3734 3527 3803 cultor,
3556 3749 3706 3792 num

1994 3830 1997 3833 “
2035 3828 2303 3903 privatas
2335 3826 2539 3899 aliqua
2570 3841 2678 3899 per
2693 3824 2981 3882 incuriam
3007 3824 3069 3881 in
3101 3825 3308 3881 anima
3324 3840 3439 3881 sua
3460 3823 3710 3882 delitue.

2034 3920 2127 3990 rit,
2161 3916 2454 3975 numcubi
2474 3916 2780 3987 vigilentia
2798 3919 2854 3973 et
2874 3916 3205 3972 vehemens
3228 3915 3416 3971 animi
3437 3914 3499 3971 in
3518 3915 3706 3973 Deum

2036 4008 2286 4066 intentio
2320 4006 2727 4077 oblanguerit,
2757 4021 2907 4062 num
2934 4004 3176 4078 spiritus
3201 4004 3625 4073 sanctiﬁcatio,
3647 4006 3708 4060 et

2037 4116 2175 4174 quae
2205 4097 2366 4154 illinc
2393 4097 2598 4154 animo
2630 4095 2865 4153 accedit
2902 4094 3580 4164 illustratio,obscurata
3610 4092 3707 4151 sit.

2039 4192 2190 4247 Nam
2222 4187 2273 4244 si
2296 4187 2543 4259 vigeant
2566 4202 2702 4260 quae
2732 4185 2999 4241 diximus
3026 4184 3214 4254 bona,
3245 4184 3482 4241 nullum
3510 4182 3706 4240 rebel-

2040 4277 2210 4336 landi
2234 4277 2441 4335 locum
2466 4276 2776 4333 invenient
2801 4273 3153 4332 affectiones
3183 4272 3698 4348 corporis,animo

2041 4367 2104 4425 in
2130 4366 2410 4441 supernis
2442 4368 2763 4439 occupato,
2796 4363 3149 4438 nullamque
3173 4364 3415 4438 corpori
3445 4363 3709 4421 excitan-

314 4466 405 4533 καὶ
435 4463 530 4516 οὐκ
576 4459 893 4525 ἐνδιδούσης
933 4465 1114 4537 καιρὸν
1144 4471 1213 4536 τῷ
1243 4468 1451 4537 σώματι
1493 4472 1587 4527 τῆς
1633 4461 1924 4518 διαναστά-

2043 4460 2262 4516 uarum
2308 4455 2633 4514 libidinum
2684 4454 3069 4512 occasionem
3098 4454 3425 4511 tribuente.
3458 4452 3518 4510 Si
3546 4450 3712 4509 enim

318 4572 443 4615 σεως
499 4561 599 4606 τῶν
669 4555 875 4612 παθῶν.
924 4553 984 4608 Εἰ
1034 4555 1155 4629 γὰρ,
1232 4549 1616 4627 διανοουμένων
1676 4556 1823 4630 ἡμῶν
1881 4572 1924 4608 τι

2043 4565 2203 4623 saepe
2234 4565 2375 4605 cum
2405 4561 2518 4605 nos
2548 4545 2624 4603 de
2654 4544 2960 4619 aliquibus
2984 4545 3239 4616 hujusce
3264 4543 3403 4601 vita
3423 4542 3712 4600 rebusin-

314 4642 567 4707 πολλάκις
621 4645 759 4697 κατὰ
809 4646 897 4697 τὸν
954 4641 1072 4717 βίον
1143 4646 1371 4716 συντόνῳ
1427 4643 1690 4717 λογισμῷ,
1747 4648 1841 4697 καὶ
1898 4645 1924 4704 ἡ

2044 4643 2209 4698 tento
2234 4637 2443 4696 animo
2500 4635 2867 4709 cogitamus,
2925 4638 3056 4691 tum
3083 4633 3253 4691 visus
3286 4637 3415 4689 tum
3465 4631 3712 4689 auditus

313 4732 431 4807 ὄψις
450 4737 541 4788 καὶ
572 4734 602 4793 ἠ
636 4731 768 4794 ἀκοὴ
827 4731 1153 4811 ἁνενίργητος
1209 4736 1391 4808 ἔμεινε,
1444 4737 1535 4787 καὶ
1579 4732 1729 4793 ὃληή
1774 4732 1924 4807 ψυχή

2044 4730 2264 4787 inertes
2288 4731 2648 4802 permanent
2676 4728 2735 4781 et
2761 4723 3021 4787 desides,
3050 4723 3402 4796 animaque,
3429 4720 3711 4778 sensibus

311 4831 406 4877 τοῦ
454 4822 816 4898 ἱνθυμήματος
874 4826 1077 4898 ἔχεταί,
1132 4824 1502 4879 καταλιποῦσα
1526 4825 1616 4888 τὰς
1648 4824 1924 4888 αἰσθήσεις

2049 4822 2179 4877 sine
2212 4818 2520 4876 iunctione
2580 4813 2897 4885 derelictis,
2937 4817 3065 4872 tota
3114 4813 3177 4869 in
3202 4812 3319 4871 hac
3348 4811 3712 4884 cogitatione

314 4910 560 4988 ἐρῆμους,
612 4913 783 4987 πολλῷ
835 4914 1027 4988 μᾶλλον
1094 4914 1139 4970 εἰ
1191 4914 1219 4969 ὁ
1276 4917 1408 4978 θεῖος
1464 4917 1588 4991 ἔρως
1637 4913 1932 4989 ἕνακμάζοι

2052 4907 2525 4984 Ῑιωτοῑςροῑὶοτὶ
2576 4905 2685 4980 qui
2728 4903 2991 4977 viguerit
3041 4903 3106 4962 in
3156 4903 3363 4962 animo
3381 4906 3591 4962 nostro
3619 4900 3708 4959 di-

386 5108 502 5167 ¹⁰11
520 5106 727 5167 Thess.
759 5109 845 5178 iii,
879 5112 964 5168 tt.
1025 5111 1069 5148 “
1094 5109 1246 5169 ibid.
1276 5116 1333 5183 7,
1364 5114 1418 5169 8.
1474 5112 1520 5149 ¹²
1545 5114 1678 5172 Act.
1711 5129 1813 5183 xx,
1848 5114 1918 5171 34

2044 5112 2068 5148 ⁸
2094 5112 2143 5168 ΙΙ
2171 5109 2379 5167 Thess.
2400 5122 2483 5173 in,
2520 5110 2612 5165 t2.
2672 5106 2720 5143 ιδ
2746 5104 2996 5163 lThess.
3025 5118 3108 5175 1v,
3138 5107 3226 5163 tt.

381 5308 499 5380 (35)
526 5308 671 5381 Reg.
703 5304 940 5381 primus
970 5309 1187 5381 ἔχοιμεν
1219 5308 1304 5364 ἄν.

381 5322 499 5380 (35)
528 5322 671 5435 Heg.
703 5322 940 5380 prunus
970 5322 1187 5387 εχοιμεν
1219 5322 1304 5364 αν.

316 5448 328 5460 ⁸
380 5383 495 5460 (εοξ
655 5378 924 5460 θικϐοιδ.
958 5384 1140 5460 tripus
1187 5382 1467 5460 {Imperiis
1511 5378 1774 5460 incenati}.
1804 5380 1931 5441 Hoc

312 5450 704 5529 ips9_i11__loco
732 5452 877 5529 Reg.
909 5450 1235 5529 secundus,
1257 5450 1319 5512 ni
1331 5454 1572 5529 gus'rs'pew
1623 5450 1858 5529 δεῖσθαι.

384 5522 501 5591 (37)
527 5523 766 5579 Veteres
793 5521 921 5579 duo
947 5521 1088 5580 libri
1109 5527 1300 5579 τούτου
1320 5521 1653 5589 ἀξιόπιστον.
1698 5526 1931 5585 Ibidem

311 5606 471 5667 reg.
487 5594 1070 5667 _secundus_1rapiEm.

385 5662 503 5737 (38)
526 5663 771 5724 Codices
800 5662 928 5726 duo
945 5685 1139 5723 τουτων
1168 5667 1341 5727 πλέον.
1367 5668 1540 5729 Haud
1568 5668 1751 5743 longe
1773 5683 1934 5728 unus

2039 5326 2187 5367 mss.
2220 5312 2311 5362 καί
2340 5305 2493 5361 πάλιν
2534 5302 2794 5367 ἀλλαχοῦ,

2111 5383 2227 5451 (39)
2257 5383 2398 5451 Reg.
2444 5370 2750 5463 secundus
2788 5376 2962 5449 Τύφου
2982 5375 3343 5501 generavit};
3376 5370 3704 5445 Aliquanto

2111 5458 2179 5501 ist
2200 5453 2325 5501 duo
2357 5466 2503 5501 mss.
2540 5468 2624 5501 επι
2665 5448 2861 5501 θατέοω
2902 5466 2973 5501 μη
3020 5465 3185 5501 dum.

2040 5447 2624 5528 postduo_}1iss._ini
2665 5447 3185 5528 Ogripﬁjfnd'aaég.
3255 5521 3266 5528 _
3536 5514 3548 5526 _

2113 5502 2649 5586 (ti-OIEHi—E‘nawa;
2697 5502 2798 5576 ἄν.⁸
2833 5502 3073 5577 Ὗέιόΐθέ
3123 5502 3388 5594 quatuor
3415 5514 3552 5575 libri
3582 5515 3710 5571 πάν·

2040 5615 2164 5664 τως,
2196 5595 2440 5653 rectius.

2114 5662 2195 5740 (41
2209 5682 2226 5740 )
2253 5669 2419 5728 Unus
2446 5680 2567 5723 ms.
2591 5664 2725 5738 πρὸς
2753 5662 2812 5718 τὸ
2865 5662 2990 5719 ἅνω.
