4120 6388
686 220 705 251 \

462 328 591 384 1351

1817 304 1874 360 S.
1938 298 2185 357 BASlLll
2239 299 2481 356 MAGNI.

3691 306 3829 360 1362

454 471 636 527 vinus
660 480 850 531 amor,
882 479 957 518 ne
981 459 1241 532 spatium
1265 452 1513 527 quidem
1542 450 1617 506 de
1644 446 1996 505 libidinibus
2016 459 2106 501 cos

2223 423 2370 528 ημῶν
2413 418 2901 532 τῇψψυχῇ,“ὀνίδε
2945 423 3127 497 καιρὸν
3176 428 3269 483 τῆς
3296 420 3411 494 (42)
3439 425 3558 495 περὶ
3586 424 3655 475 τὰ
3682 426 3829 487 πάθη

454 557 685 632 gitandi
730 553 908 611 nobis
938 551 1208 607 futurum
1257 548 1364 599 est.
1397 540 1567 608 Quod
1609 540 1659 596 si
1686 533 2116 594 insurrexerint

454 625 550 708 vel
570 647 908 723 paululum,
937 641 1095 699 illico
1127 634 1314 694 animi
1336 630 1698 688 sublimitate
1722 625 2109 685 sedabuntur.

453 711 683 810 Utrum,
708 711 943 810 quasso,
963 724 1368 805 prmstabilius
1392 727 1497 787 est,
1521 719 1850 776 arboresne
1870 711 2114 783 frugile-

451 846 552 887 ras
574 804 817 891 imitari,
841 838 978 896 quas
1001 826 1058 876 et
1076 818 1223 890 ipse:
1244 812 1545 887 opulentas
1563 811 1725 872 sunt,
1752 811 1810 862 et
1832 804 1980 861 alios
2002 818 2113 859 sua

452 916 750 975 fertilitate
766 894 1122 973 exhilarant,
1144 920 1223 962 an
1244 901 1503 959 similem
1521 914 1655 955 esse
1675 894 1960 959 oleribus,
1976 907 2111 964 quas

453 1023 580 1080 pres
605 1010 756 1061 aestu
806 1007 988 1073 atque
1033 995 1297 1052 siccitate
1325 990 1745 1051 marcescunt;
1788 988 1846 1040 et
1874 997 2022 1051 esse,
2047 982 2113 1036 ut

454 1072 545 1153 est
574 1093 741 1167 apud
768 1072 1130 1164 prophetam
1174 1085 1244 1148 *5,
1292 1079 1456 1135 velut
1479 1078 1682 1133 betam
1719 1072 2110 1130 semicoctam

454 1200 593 1257 quae
614 1157 696 1239 ne
716 1157 839 1236 suis
868 1157 1117 1250 quidem
1136 1170 1351 1227 usibus
1373 1164 1665 1224 inservire
1687 1161 1882 1237 possit
1901 1157 2111 1232 (idque

453 1254 597 1330 cum
628 1272 903 1340 integras
920 1266 1001 1321 ad
1035 1278 1149 1320 nos
1176 1257 1483 1317 curandos
1514 1255 1666 1311 vires
1695 1269 1733 1310 a
1769 1254 1989 1308 natura
2016 1262 2110 1304 ac-

452 1335 836 1435 ceperimus),
868 1359 1051 1427 atque
1076 1368 1149 1408 ex
1178 1347 1432 1406 dimidia
1473 1348 1710 1402 tantum
1748 1344 1941 1414 parte,
1978 1335 2111 1394 solo

449 1426 729 1509 videlicet
743 1426 982 1503 animos
998 1458 1069 1499 ac
1086 1456 1209 1498 non
1233 1438 1417 1495 etiam
1434 1448 1687 1507 corpore
1709 1426 2110 1505 philosophias

453 1554 705 1614 operam
725 1534 910 1594 dare?
958 1530 1187 1589 Etenim
1216 1529 1265 1584 si
1299 1525 1628 1584 fuissemus
1678 1522 1806 1579 sine
1855 1530 2110 1589 corpore

450 1603 776 1696 constituti,
811 1622 1154 1681 necessario
1183 1616 1416 1691 optima
1447 1626 1707 1687 quasque
1749 1608 1954 1666 animo
1980 1603 2111 1662 solo

452 1694 840 1776 sectaremur.
872 1716 1091 1769 Verum
1129 1708 1275 1782 quia
1304 1703 1529 1778 duplex
1571 1707 1629 1758 et
1652 1701 1857 1769 homo,
1890 1694 2111 1767 duplex

2224 509 2413 571 ἐννοίας
2464 510 2660 584 ἕξομεν.
2712 511 2774 566 Εἰ
2804 508 2865 566 δέ
2922 530 3025 566 που
3074 516 3164 566 καὶ
3212 514 3400 585 μικρὸν
3448 520 3619 567 ταῦτα
3648 510 3684 567 δ
3689 533 3830 570 ιανα-

2224 605 2405 666 σταίη,
2462 604 2671 673 ταχέως
2727 609 2789 675 τῇ
2849 609 2941 675 τῆς
2968 600 3158 675 ψυχῆς
3206 601 3520 676 μεγαλονοίᾳ
3551 621 3831 658 καταστα-

2220 688 2458 749 λῆσεται.
2516 696 2580 745 Τί
2636 694 2739 767 γὰρ
2800 689 3022 764 βέλτιον,
3082 693 3191 746 εἰπέ
3236 710 3345 766 μοι,
3401 696 3682 766 μιμεῖσθαι
3728 702 3829 749 τῶν

2222 776 2452 857 δένδρων
2499 783 2565 834 τὰ
2620 784 2875 856 εῦκαρπα,
2897 780 2933 834 ἃ
2980 786 3071 836 καὶ
3126 782 3261 835 αὐτὰ
3294 780 3529 849 πλουτεῖ,
3582 788 3673 838 καὶ
3715 783 3828 840 ἐτέ-

2218 888 2344 945 ρους
2397 876 2510 931 ταῖς
2570 870 2879 944 εύκαρπίαις
2935 870 3216 945 εὐφραίνει,
3266 872 3296 932 ἣ
3343 876 3676 947 παρεοικέναι
3726 881 3827 928 τῶν

2219 957 2463 1032 λαχάνων
2514 967 2623 1023 τοῖς
2681 961 2781 1013 ὑπὸ
2832 963 3103 1024 καύσωνος
3159 966 3250 1015 καὶ
3282 959 3538 1040 ἀνυδρίας
3567 983 3827 1040 μαραινο-

2218 1054 2411 1122 μένοις,
2467 1054 2559 1103 καὶ
2613 1047 2764 1123 εἶναι,
2825 1052 2962 1105 κατὰ
2996 1053 3083 1104 τὸν
3138 1057 3429 1129 προφήτην,
3492 1055 3667 1129 ὥσπερ
3701 1058 3827 1109 σεύ-

2219 1138 2357 1193 τλιον
2402 1142 2672 1214 ἡμίεφθον,
2714 1137 2840 1195 ούδε
2889 1149 3003 1203 ταῖς
3057 1141 3276 1217 οἰκείαις
3309 1148 3519 1220 χρείαις
3556 1146 3827 1219 ὑπηρετεῖ-

2221 1230 2347 1282 σθαι
2377 1225 2660 1304 δυνάμενον
2709 1230 2819 1304 (καὶ
2865 1239 3036 1284 ταῦτα
3072 1231 3319 1292 αὐτοτελῆ
3360 1237 3456 1293 τὴν
3492 1241 3591 1296 τῆς
3632 1235 3829 1297 οἰκείας

2221 1320 2494 1395 θεραπείας
2549 1316 2772 1394 δύναμιν
2824 1324 2969 1395 παρὰ
3041 1330 3137 1385 τῆς
3206 1325 3410 1396 φύσεως
3462 1326 3721 1396 ἔχοντας)·
3775 1325 3827 1389 ἐξ

2219 1412 2463 1482 ἡμισείας
2491 1407 2551 1465 δε
2600 1416 2695 1471 τήν
2746 1411 3055 1485 φιλοσοφίαν
3108 1411 3429 1489 ἐργάξεσθαι
3474 1413 3631 1488 ψυχῇ
3667 1420 3822 1490 μόνη,

2220 1497 2326 1552 ἀλλ’
2355 1500 2483 1574 οὐχὶ
2537 1507 2628 1555 καὶ
2676 1510 2749 1574 τῷ
2798 1508 3006 1575 σώματι
3034 1518 3049 1571 ;
3081 1502 3143 1558 Εἰ
3170 1505 3261 1576 μὶν
3316 1505 3417 1579 γὰρ
3467 1503 3563 1568 ἔξω
3591 1512 3685 1559 τοῦ
3726 1511 3824 1559 σώ-

2217 1609 2375 1662 ματος
2413 1593 2525 1662 (43)
2575 1593 3028 1668 καθειστήκειμεν,
3091 1589 3373 1667 ἀναγκαῖον
3392 1601 3454 1669 τῆ
3510 1594 3666 1668 ψυχῇ
3690 1599 3821 1670 μόνη

2220 1676 2542 1743 σπουδάζειν
2576 1684 2642 1735 τὰ
2662 1656 2936 1756 βελτιστα,
2974 1656 3083 1736 ἐπεὶ
3111 1678 3147 1736 δ
3150 1686 3171 1736 ‘s
3193 1656 3243 1736 ⁷δ
3248 1656 3440 1747 ιπλοῦς
3465 1683 3492 1737 ὁ
3520 1656 3823 1762 ’ἀνθρωποςξ

449 1810 636 1868 etiam
661 1766 945 1864 convenit
955 1766 1098 1858 esse
1126 1766 1364 1857 virtutis
1389 1766 1679 1862 studium,
1711 1766 1881 1863 quod
1899 1790 1959 1842 et
1979 1766 2106 1842 cor-

2217 1766 2437 1824 διπλοῦν
2466 1772 2596 1825 εἶναι
2620 1777 2991 1846 προσῆκει-καὶ
3017 1776 3075 1826 τὸ
3111 1781 3201 1835 τῆς
3246 1771 3436 1851 ἀρετῆς
3472 1772 3822 1851 σπουδασμα,

447 1902 618 1973 poris
639 1895 976 1961 laboribus,
1008 1897 1067 1948 et
1090 1890 1312 1948 animae
1330 1883 1623 1944 exercitiis
1647 1878 1975 1939 excolatur.
2005 1877 2110 1934 La-

447 1989 630 2047 bores
659 1991 866 2046 autem
887 1980 1157 2055 corporis
1206 1992 1332 2035 non
1368 1977 1512 2032 sunt
1538 1971 1751 2042 otium,
1781 1966 1892 2026 sed
1910 1966 2112 2039 ipsum

449 2093 610 2152 opus
626 2122 639 2137 .

518 2174 574 2228 4.
605 2173 796 2241 Atque
826 2164 1009 2221 etiam
1058 2159 1207 2217 illud
1235 2151 1887 2217 considerandumest,
1939 2151 2007 2204 ut
2034 2160 2112 2203 ne

445 2236 822 2320 necessitatis
830 2266 1140 2326 corporea
1155 2248 1409 2306 obtentu
1417 2242 1823 2301 inserviamus
1836 2236 2113 2309 volupta-

443 2353 629 2413 tibus.
658 2353 808 2408 Nam
825 2345 874 2402 si
902 2345 1263 2417 perpetuam
1284 2335 1549 2393 inediam
1572 2330 2109 2401 sustinentes,pos-

446 2457 649 2499 scmus
675 2436 881 2496 debita
912 2430 1184 2504 corporis
1203 2426 1403 2485 ofﬁcia
1432 2422 1695 2496 explere,
1716 2420 1923 2492 utique
1951 2417 2107 2490 opti-

444 2546 618 2589 mum
646 2529 764 2584 hoc
791 2529 976 2582 esset:
1012 2519 1118 2577 sed
1147 2516 1443 2592 quoniam
1470 2525 1781 2586 perpauca
1810 2508 1952 2562 sunt
1977 2517 2106 2559 cor-

2214 1864 2391 1924 πόνοις
2457 1880 2512 1916 τε
2564 1867 2807 1936 σώματος
2860 1868 2951 1916 καὶ
3006 1861 3196 1937 ψυχῆς
3223 1861 3506 1938 ἀσκήμασι
3530 1869 3823 1940 κατορθού-

2214 1971 2382 2024 μενον.
2452 1956 2612 2007 Πόνοι
2677 1949 2737 2009 δὲ
2793 1959 3037 2028 σώματος
3063 1954 3171 2028 οὐχ
3206 1956 3236 2015 ἠ
3267 1952 3446 2030 ἀργία,
3479 1954 3609 2011 ἀλλὰ
3640 1960 3697 2011 τὸ
3734 1960 3821 2035 ἕρ-

2213 2062 2305 2116 γον
2331 2040 2465 2097 ἐστί.

2284 2136 2340 2190 4.
2374 2140 2459 2186 Δεῖ
2485 2137 2662 2208 μέντοι
2684 2138 2776 2189 καὶ
2827 2140 2981 2188 τοῦτο
3014 2141 3246 2203 σκοπεῖν,
3284 2136 3425 2200 ὅπως
3480 2136 3542 2190 ἂν
3584 2142 3655 2212 μὴ
3691 2156 3815 2214 προ-

2214 2225 2370 2297 φάσει
2428 2232 2524 2289 τῆς
2583 2232 2676 2278 τοῦ
2740 2230 2984 2298 σώματος
3033 2230 3224 2301 χρείας
3275 2234 3345 2290 εἰς
3405 2228 3685 2302 ὁπηρεσιαν
3715 2226 3816 2281 τῶν

2211 2310 2415 2372 ἠδονων
2472 2313 2829 2389 ἐξοκείλωμεν.
2880 2315 2943 2368 Εἰ
2976 2316 3091 2388 μὶν-
3133 2318 3236 2390 γάρ
3288 2313 3350 2376 ἧν
3404 2314 3579 2392 ἐνδείᾳ
3612 2315 3818 2377 διηνεκε

2207 2408 2655 2478 προσανέχοντας,
2720 2408 2815 2469 τὰς
2870 2407 3212 2471 καθηκούσας
3294 2406 3512 2462 ἐκτελεῖν
3567 2407 3820 2483 ἐργασίας

2330 2501 2558 2570 σώματι,
2591 2502 2769 2590 ,τοῦτο
2824 2495 2887 2549 ἆν
2937 2493 2998 2555 ἦν
3052 2497 3287 2570 ἄριστον·
3322 2496 3433 2551 ἐπει
3462 2495 3523 2552 δε
3556 2498 3672 2552 λίαν
3701 2498 3817 2590 (44)

442 2635 616 2695 pora,
643 2632 782 2691 quae
821 2609 1126 2685 ejusmodi
1165 2585 1325 2664 victu
1352 2585 1486 2661 non
1502 2598 1849 2667 concidant,
1878 2593 2101 2652 idcirco

2212 2585 2389 2659 ὀλίγῶν
2447 2588 2702 2660 σωμάτων
2751 2586 2867 2642 ἐστὶ
2915 2596 2977 2663 τῇ
3002 2608 3215 2663 τοιαυτῃ
3265 2586 3300 2643 δ
3305 2596 3443 2650 ιαιτῆ
3455 2610 3534 2645 σει
3558 2596 3632 2664 μῆ
3658 2585 3819 2645 καταῖι

2251 2682 2261 2695 ο
2492 2675 2515 2695 ἢ
2543 2685 2563 2695 ι-
2695 2682 2705 2695 I
2951 2681 2961 2695 Ι
3104 2681 3127 2695 ιν
3482 2685 3492 2695 ι
3573 2685 3584 2695 ι
3665 2679 3677 2695 9

442 2675 511 2768 ut
531 2675 1261 2775 moderateiejunandum
1282 2700 1392 2761 est,
1422 2696 1506 2750 ita
1528 2691 1808 2749 levamen
1834 2682 2100 2743 maxime

2212 2682 2431 2747 πίπτειν,
2480 2675 2563 2732 δεῖ
2622 2682 2714 2732 καὶ
2777 2681 3042 2737 νηστεύειν
3100 2681 3352 2753 ἔμμετρα,
3409 2685 3500 2734 καὶ
3526 2685 3623 2741 την
3654 2679 3815 2754 ἀναγ-

441 2796 854 2857 necessarium
866 2789 1105 2864 corpori
1132 2783 1546 2852 afferendum;
1570 2780 1655 2837 sic
1680 2780 1976 2848 tamen,ut
1994 2789 2099 2830 vo-

440 2889 636 2962 luptas
664 2887 727 2943 in
762 2862 1074 2941 sumendis
1131 2877 1279 2934 cibis
1303 2872 1792 2946 haudquaquam
1813 2865 1984 2924 ducis
2015 2862 2101 2920 vi-

440 2952 576 3036 ce-m
600 2974 866 3049 impleat,
895 2970 1001 3028 sed
1048 2967 1216 3041 547
1272 2964 1504 3022 ratione
1539 2956 1878 3018 necessitati
1904 2952 2101 3012 termi-

440 3084 554 3127 nos
590 3043 908 3137 diligenter
935 3057 1371 3134 prescribente,
1400 3069 1472 3110 ac
1511 3052 1910 3121 congruenter
1950 3043 2103 3101 citra

2200 2769 2484 2826 καιοτάτην
2537 2767 2840 2845 ἐπικουρίαν
2899 2769 3150 2845 εἰσφέρειν
3208 2778 3283 2842 τῷ
3336 2774 3563 2843 σώματι,
3600 2775 3672 2844 μὴ
3712 2780 3817 2835 τῆς

2203 2853 2402 2931 ἡδονῆς
2433 2860 2723 2931 ἡγουμένης
2781 2863 2901 2936 περὶ
2956 2861 3023 2912 τὰ
3058 2857 3337 2933 βρώματα,
3375 2857 3502 2913 ἀλλὰ
3553 2868 3648 2913 τοῦ
3673 2860 3818 2933 λογι-

2206 2956 2342 3054 σμοῦ
2371 2953 2465 3053 την
2522 2954 2710 3054 χρείαν
2754 2952 2888 3054 μετὰ
2941 2948 3212 3023 ἁκριϐειαν
3249 2950 3537 3024 ὁρίζοντος
3578 2952 3814 3028 καθάπερ

2202 3042 2343 3102 τινὸς
2390 3039 2738 3113 ἐπιστήμονος
2794 3040 2973 3115 ἰατροῦ
3007 3048 3118 3103 τοῖς
3145 3042 3475 3101 καθήκουσιν
3538 3039 3813 3116 ἀπροσπα-

440 3159 631 3216 ullam
667 3150 1259 3213 commiserationem
1289 3159 1459 3201 more
1482 3140 1655 3216 periti
1682 3135 1906 3195 medici
1933 3133 2098 3190 inﬁr-

2212 3131 2311 3193 θῶς
2370 3135 2463 3190 τὴν
2531 3129 2797 3185 ἀσθένειαν
2854 3133 3237 3205 θεραπεύοντος.
3297 3135 3505 3196 Ταύτης
3561 3135 3659 3208 γὰρ
3720 3142 3813 3194 τῆς

439 3250 713 3307 mitatem
747 3248 1016 3301 curante
1033 3236 1315 3310 Quisquis
1341 3234 1527 3303 enim,
1546 3231 1751 3289 animo
1764 3228 1848 3284 sic
1860 3226 2096 3293 affecto,

438 3339 644 3397 cibum
679 3335 882 3402 sumit,
911 3332 975 3387 in
1029 3328 1217 3386 nihilo
1253 3324 1550 3382 videbitur
1589 3319 1834 3378 inferior
1858 3331 1982 3374 non
2002 3330 2098 3370 su-

439 3428 650 3498 menti,
700 3428 1000 3499 quantum
1045 3419 1261 3476 attinet
1304 3414 1384 3471 ad
1431 3408 1906 3486 philosophiam.
1969 3408 2097 3461 lmo

437 3517 610 3593 quod
636 3496 1059 3574 ad—consilium
1086 3511 1474 3577 mentemque
1499 3505 1750 3575 spectat,
1788 3513 1913 3555 non
1937 3496 2096 3567 jeju-

436 3590 609 3667 nium
641 3608 1003 3680 perpetuum
1026 3598 1232 3665 modo,
1263 3594 1373 3652 sed
1396 3592 1664 3650 inediam
1690 3590 1868 3647 etiam
1897 3601 2095 3642 serva-

439 3700 542 3770 vit,
578 3677 660 3755 ac
684 3677 924 3768 corpori
965 3685 1392 3764 prospiciendo
1419 3682 1669 3741 laudem
1707 3677 2096 3751 consequitur

438 3784 913 3861 dispensationis
940 3780 1208 3853 optimae.
1238 3780 1368 3834 Non
1393 3773 1555 3831 enim
1587 3770 1938 3828 moderatus
1962 3782 2093 3823 cor-

437 3860 601 3953 poris
616 3877 806 3935 victus
829 3868 1266 3931 etabstinentia
1285 3864 1481 3922 solent
1499 3860 1857 3936 cupiditates
1888 3872 2096 3916 accen-

436 3970 603 4039 dere,
632 3982 705 4023 ac
723 3962 1005 4021 libidines
1023 3956 1354 4015 indomitas
1382 3951 1655 4010 reddere.
1689 3953 1809 4007 Hoc
1838 3947 2001 4005 enim
2022 3963 2097 4003 ex

436 4036 713 4116 ciborum
744 4048 1151 4110 redundantia
1178 4046 1388 4114 oritur,
1421 4047 1480 4099 et
1507 4059 1579 4098 ex
1605 4040 1852 4097 deliciis.
1894 4040 1975 4093 De
2003 4036 2097 4093 his

435 4148 600 4217 satis,
616 4161 757 4202 cum
768 4141 850 4200 ad
878 4136 1372 4197 conﬁrmandum
1390 4132 1557 4206 quod
1570 4147 1733 4188 nunc
1748 4129 2097 4186 examinan-

436 4238 588 4295 dum
611 4234 790 4293 nobis
814 4229 1200 4305 propositum
1222 4230 1329 4294 est,
1346 4222 1647 4279 sufﬁciant
1662 4237 1799 4294 quae
1821 4224 1878 4276 et
1901 4235 1976 4276 ex
1996 4233 2101 4274 na-

435 4333 588 4387 tura:
612 4324 869 4397 legibus,
906 4325 964 4378 et
992 4334 1064 4375 ex
1117 4316 1339 4373 divinae
1376 4312 1697 4385 Scriptum
1740 4308 2133 4368 testimoniis,

435 4414 822 4492 protulimus.
845 4410 961 4469 Sed
981 4424 1122 4465 cum
1148 4422 1221 4463 ea
1249 4420 1388 4478 quae
1414 4403 1773 4481 dictasunt,
1821 4415 1945 4457 non
1976 4415 2109 4457 ver.

2211 3216 2497 3283 διαθέσεως
2525 3218 2574 3272 ἐν
2606 3219 2763 3294 ψυχῇ
2810 3224 3085 3294 γενομένης
3117 3223 3256 3295 (45),
3327 3219 3479 3276 οὐδὲν
3503 3224 3529 3275 ὁ
3569 3225 3807 3296 μετέχων

2206 3318 2303 3373 τῆς
2356 3321 2546 3388 τροφῆς
2601 3319 2693 3364 τοῦ
2727 3316 2799 3385 μὴ
2848 3314 3163 3385 μετέχοντος
3193 3309 3435 3388 δεύτερος
3462 3312 3535 3375 εἰς
3591 3311 3807 3386 φιλοσο-

2206 3403 2326 3473 φίαν
2380 3409 2632 3475 φανεῖται·
2688 3400 2817 3454 ἀλλὰ
2864 3410 2937 3473 τῷ
2986 3405 3077 3475 μεν
3124 3410 3305 3475 σκοπῷ
3363 3406 3458 3462 την
3495 3398 3711 3464 διηκενῆ
3748 3401 3809 3455 ού

2204 3496 2449 3550 νηστείαν
2501 3495 2675 3565 μόνον,
2732 3490 2862 3544 ἀλλὰ
2919 3496 3010 3544 καὶ
3066 3489 3317 3566 ἀτροφίαν
3375 3493 3712 3566 κατώρθωσε,
3742 3499 3803 3564 τῇ

2205 3577 2266 3633 δὲ
2312 3586 2433 3656 περὶ
2492 3585 2552 3634 τὸ
2607 3590 2762 3656 σῶμα
2820 3582 3118 3657 προμηθείᾳ
3141 3590 3231 3643 τῆς
3266 3580 3486 3658 ἀρίστης
3513 3581 3808 3655 οἰκονομίας

2201 3674 2258 3724 τὸ
2308 3670 2572 3725 ἐπαινετὸν
2616 3674 2750 3744 ἔχει.
2804 3671 2881 3723 Οὐ
2927 3673 3030 3745 γὰρ
3062 3667 3201 3723 οἶδεν
3230 3672 3257 3723 ὁ
3289 3669 3805 3747 σύμμετροςςᾶσγωγῆ

2202 3770 2295 3815 τοῦ
2341 3767 2579 3835 σώματος
2631 3766 2722 3815 καὶ
2806 3759 3079 3837 ἐγκράτεια
3138 3764 3232 3824 τὰς
3263 3759 3539 3835 ἐπιθυμίας
3600 3759 3811 3833 ἀναφλέ-

2202 3873 2331 3926 γειν,
2386 3849 2826 3927 καὶὼὰδὰμαστα
2878 3855 2942 3905 τὰ
2969 3853 3111 3910 πάθη
3158 3859 3348 3909 ποιεῖν,
3378 3850 3678 3915 Πλεονεείας
3709 3852 3811 3925 γὰρ

2203 3948 2294 3996 καὶ
2354 3951 2551 4018 τρυφῆς
2608 3947 2761 3996 τοῦτὸ
2799 3961 2860 4016 γε
2918 3942 3047 4013 (46).
3097 3947 3200 3996 Καὶ
3228 3949 3397 3996 ταῦτα
3430 3944 3521 4015 μὲν
3550 3937 3656 4014 οὖν,
3692 3943 3813 3995 ὅσον

2207 4030 2262 4086 ἐκ
2312 4042 2411 4085 τῶν
2472 4043 2562 4095 τῆς
2588 4035 2790 4107 φύσεως
2840 4036 3009 4107 νόμων
3061 4037 3151 4086 καὶ
3211 4036 3515 4107 μαρτυρίών
3545 4040 3641 4095 τῆς
3680 4033 3816 4092 θείας

2209 4128 2435 4200 Γραφῆς,
2475 4131 2744 4183 συστῆσαι
2778 4126 2836 4178 τό
2863 4129 2951 4175 νῦν
2986 4124 3094 4197 (47)
3132 4123 3199 4185 εἰς
3229 4118 3513 4194 διάσκεψιν
3539 4122 3668 4195 ἡμῖν
3692 4108 3817 4195 προ-

2208 4218 2458 4285 κείμενον.
2515 4208 2726 4271 Ἐπειδὴ
2790 4208 2849 4265 δι
2901 4209 2985 4266 δεῖ
3040 4217 3111 4285 μὴ
3176 4214 3330 4285 μόνον
3378 4217 3488 4272 ταῖς
3512 4217 3614 4263 τῶν
3651 4209 3816 4284 λόγων

2211 4303 2501 4366 ὑποθήκαις
2550 4310 2805 4377 κρατῦναι
2861 4304 2929 4356 τὰ
2976 4302 3237 4377 εἰρημένα,
3297 4299 3427 4354 ἀλλὰ
3473 4305 3564 4354 καὶ
3595 4319 3816 4377 πρακτι-

2214 4401 2323 4455 κοῖς
2358 4390 2718 4468 ύποδείγμασι
2767 4398 2855 4453 τὸν
2915 4391 3210 4467 συμϐουλὴν
3261 4389 3688 4466 βεϐαιώσασθαι,
3739 4387 3822 4441 ἐπ’

436 4477 531 4567 bis
550 4521 623 4564 ac
634 4502 878 4562 monitis
899 4499 1102 4557 solum
1118 4477 1406 4564 stabilire,
1429 4492 1538 4550 sed
1550 4480 1899 4550 efﬁcacibus
1924 4491 2104 4548 etiam

2217 4483 2379 4544 αὐτην
2409 4481 2517 4545 ῆδη
2580 4481 2881 4559 βαδιοῦμαι
2927 4486 3042 4552 (48)
3086 4488 3179 4535 τοῦ
3226 4488 3461 4556 Σωτῆρος
3510 4484 3607 4539 τὴν
3666 4477 3821 4533 πολι-

437 4594 732 4669 exemplis
772 4590 1135 4649 sententiam
1178 4590 1455 4643 nostram
1500 4582 1864 4640 conﬁrmare
1905 4596 2106 4654 opera:

436 4686 701 4762 pretium
755 4683 849 4751 sit,
900 4680 980 4738 ad
1004 4679 1207 4752 ipsam
1235 4677 1369 4749 jam
1393 4671 1752 4748 progrediar
1774 4669 2106 4728 Servatoris

433 4758 628 4836 nostri
654 4775 845 4832 vitam
872 4768 1162 4845 quam,in
1189 4780 1371 4823 carne
1399 4765 1790 4831 transactam,
1818 4758 2106 4816 omnibus

436 4867 534 4941 pie
562 4866 760 4923 vivere
785 4860 1128 4920 volentibus
1148 4856 1385 4915 virtutis
1404 4853 1663 4911 formam
1695 4867 1767 4909 ac
1792 4847 2107 4922 exemplar

509 5021 556 5057 ¹³
582 5019 699 5077 lsa.
732 5032 808 5087 L1,
838 5017 934 5073 20.

507 5174 624 5239 (42)
644 5170 795 5229 Editi
825 5172 883 5227 et
902 5169 1054 5239 Reg.
1084 5162 1295 5220 tertius
1325 5158 1449 5239 ούδὶ
1474 5165 1660 5239 μικρὸν
1685 5169 1802 5239 τῆς.
1825 5158 1937 5216 Alii
1957 5174 2107 5239 qua-

437 5233 577 5304 tuor
611 5233 761 5301 mss.
822 5237 946 5311 οὐδὲ
971 5233 1152 5311 {auges
1205 5242 1315 5296 τῆς.
1343 5238 1459 5292 Nec
1474 5233 1579 5293 ita
1599 5233 1790 5291 multo
1834 5237 1975 5305 post
2004 5246 2105 5287 co-

440 5318 560 5376 dex
587 5317 753 5375 Colb.
797 5308 1296 5387 ἰινυδρίαςξηραινο
1342 5312 1495 5370 ένοις,

508 5392 623 5443 (42)
650 5386 897 5443 Codices
938 5382 1190 5443 aliquot.
1257 5329 1352 5443 εέἒ,
1381 5388 1471 5433 τοῦ

508 5392 623 5460 (42)
650 5386 897 5460 Codices
934 5374 1190 5460 aliquot.
1257 5374 1352 5460 ἔξω
1381 5388 1471 5433 τοῦ
1512 5383 1775 5460 σώματος.
1804 5374 2110 5460 ᾼὺοεμιξ-

437 5443 725 5518 ιὶέιίὶιίέὰ
779 5443 1061 5528 vulgatis:
1109 5453 1244 5509 Mox
1280 5455 1424 5523 Reg.
1476 5443 1782 5507 secundus
1832 5443 2013 5507 ἐπειδὴ
2049 5443 2108 5500 ἃ

443 5528 685 5593 διπλοῦς.

509 5606 623 5673 (44)
652 5590 825 5672 Ἡθς.
873 5595 1180 5657 secundus
1237 5592 1416 5673 ἐπειδὴ
1456 5590 1557 5673 ’δι
1593 5594 1917 5673 λίαν.-ΜΟΧ
1945 5595 2108 5673 Reg.

435 5664 691 5750 quartus
734 5664 849 5729 εὸτι
896 5674 963 5726 τὰ
1011 5678 1106 5732 τῆς
1162 5670 1413 5731 τοίαύτης
1444 5664 1671 5737 διαίτης,
1732 5667 1866 5721 ὥστε
1891 5669 1962 5739 μὴ
2019 5683 2113 5719 κα-

2215 4581 2379 4647 τείαν,
2409 4576 2471 4636 ῆν
2510 4578 2649 4629 κατά
2711 4577 2884 4649 σάρκα
2914 4571 3347 4645 πολιτευσάμενος
3402 4576 3539 4624 πᾶσι
3598 4575 3705 4629 τοῖς
3740 4565 3822 4621 εύ·

2218 4667 2381 4730 σεϐῶς
2436 4666 2747 4741 βιώσασθαι
2805 4663 3013 4718 θέλουσι
3065 4665 3225 4716 τύπον
3289 4658 3477 4738 ἀρετῆς
3538 4661 3628 4711 καὶ
3693 4659 3818 4732 πρό-

2213 4777 2435 4832 γραμμα
2488 4759 2731 4811 τέθεικενο
2796 4756 2933 4808 ὥστε
2992 4756 3113 4816 τούς
3177 4751 3412 4821 λοιποὺς,
3470 4746 3694 4823 ὄρωντας
3752 4746 3821 4808 εἰς

2215 4846 2439 4911 ἐκείνους
2489 4848 2611 4910 τοὺς
2665 4852 3035 4921 χαρακτῆρας,
3085 4845 3179 4900 τήν
3236 4842 3420 4915 ὁμοιαν
3472 4844 3585 4900 τοῖς
3627 4836 3821 4890 ἑαυτῶν

2216 5174 2511 5211 ταπιπτειν.

2284 5231 2399 5299 (45)
2430 5230 2575 5298 Reg.
2611 5223 2847 5299 primus
2880 5220 3035 5294 ψυχῇ
3059 5235 3355 5299 γινομένης.

2286 5291 2402 5373 (46)
2434 5291 2742 5373 Unus—ms.
2778 5296 2878 5369 γὰρ
2894 5291 2997 5373 καὶ
3012 5291 3218 5373 τροφῆς
3243 5291 3398 5343 τοῦτό
3421 5306 3501 5361 γε.

2291 5358 2401 5443 μή
2438 5370 2593 5443 Editi
2622 5358 2885 5443 συστῆναι
2899 5368 2957 5417 τὸ
2983 5358 3202 5443 νῦνηλί
3235 5377 3388 5419 mss.
3426 5358 3699 5443 quinque
3734 5372 3827 5408 συ-

2222 5432 2441 5504 στῆσαι.
2471 5440 2699 5498 Ibidem
2729 5438 2853 5495 duo
2884 5453 3035 5509 mss,
3092 5438 3218 5509 ἡμῖν
3247 5432 3720 5509 προκομιζόμενον.

2290 5502 2407 5588 (is)
2442 5518 2585 5585 Reg.
2638 5512 2875 5585 primus
2928 5502 3241 5588 caelestia.
3287 5502 3637 5578 'Aliquanto
3692 5502 3834 5575 post

2225 5581 2345 5648 duo
2373 5581 3007 5659 ὼ88.’καὶ’προγραμμὸν
3044 5581 3289 5635 τέθεικεν.
