4120 6416
299 331 434 388 i353

1432 318 2039 380 CONSTITUTIONES
2075 316 2526 379 MONASTICE.

3523 321 3664 378 1354

301 452 422 527 βίος
476 455 841 506 εναποτυποῦν
897 445 1043 502 ἰδίαν
1094 444 1351 521 οὐδαμοῦ,
1384 450 1443 501 τὸ
1482 445 1781 523 ἀρχέτυπον
1831 451 1934 517 τῇ¹

2043 442 2419 515 »roposuit,ut
2448 444 2660 518 reliqui
2687 448 3014 516 conspecta
3035 444 3151 501 hac
3169 443 3388 516 efﬁgie,
3404 445 3664 502 similem

300 542 607 618 παραλλαγῇ
667 548 762 601 τῆς
828 543 1102 613 μιμήσεως
1148 535 1577 613 διαστρέφοντας.
1621 535 1742 588 Ὀτι
1794 536 1897 609 γὰρ

300 636 389 685 τὸν
437 631 625 684 οἰκεῖον
677 627 796 702 βίον
852 630 879 681 ὁ
938 632 1115 702 Σωτὴρ
1169 627 1341 680 εἰκόνα
1376 627 1639 689 πολιτείας
1678 624 1900 701 ἀρίστης

302 727 437 776 πᾶσι
486 727 595 781 τοῖς
657 718 798 789 αύτῷ
845 718 1120 771 πείθεσθαι
1169 717 1404 770 θέλουσίν
1447 718 1646 780 ἔθηκεν,
1672 716 1899 767 ἄκουσον

303 811 465 864 αὐτοῦ
526 805 826 884 διαρρήδην
881 814 1035 860 τοῦτο
1089 803 1459 868 διδάσκοντος·
1523 807 1638 861 Ἐάν
1690 825 1772 868 τις
1798 806 1901 880 γὰρ

306 905 487 974 φησὶν,
564 897 680 972 ἐμοὶ
767 894 1010 970 διακονῇ,
1097 894 1213 970 ἐμοὶ
1270 895 1632 961 ἀκολουθείτω,
1689 895 1748 947 ού
1813 898 1903 952 την

303 992 442 1043 κατὰ
485 990 660 1064 σάρκα
706 984 877 1045 δηλῶν
935 984 1284 1045 ἀκολούθησιν
1314 983 1400 1057 (ἦν
1428 989 1529 1061 γὰρ
1577 991 1739 1037 πᾶσιν
1767 985 1903 1037 ἄπο-

304 1098 390 1152 ρος
445 1079 581 1149 (49),
638 1082 731 1129 τοῦ
792 1080 986 1150 Κυρίου
1035 1082 1191 1128 τανῦν
1242 1077 1292 1127 ἓν
1340 1075 1573 1148 οὐρανοῖς
1604 1075 1732 1127 εἶναι
1769 1075 1905 1125 κατά

305 1171 366 1221 τό
426 1175 577 1239 σῶμα
627 1168 1058 1238 γινωσκομένου),
1109 1163 1239 1216 ἀλλὰ
1279 1169 1370 1223 τὴν
1403 1162 1591 1240 ἀκριϐῆ
1625 1172 1720 1225 τῆς
1751 1162 1904 1216 πολι-

309 1261 448 1317 τείας
477 1258 609 1309 κατὰ
639 1259 699 1308 τὸ
726 1253 997 1331 ἐγχωροῦν
1026 1258 1271 1328 μίμησιν.

381 1530 433 1581 5.
476 1531 597 1586 Πῶς
643 1519 731 1576 οὖν
778 1523 805 1575 ό
862 1527 1038 1599 Σωτὴρ
1085 1523 1231 1596 ἡμῶν
1284 1521 1525 1596 βεϐίωκε,
1557 1526 1647 1574 καὶ
1675 1530 1784 1584 πῶς
1812 1540 1909 1576 πε-

309 1614 612 1667 πολίτευται
643 1629 656 1680 ;
688 1612 974 1686 Ἀμαρτίαν
1032 1614 1122 1685 μὲν
1185 1612 1281 1663 οὐκ
1338 1609 1568 1669 ἐποίησε·
1628 1617 1745 1672 Πῶς
1807 1613 1909 1686 γὰρ

312 1702 374 1756 ἂν
434 1705 464 1762 ἡ
527 1699 841 1759 δικαιοσύνη
871 1708 935 1774 τῇ
970 1700 1201 1776 ἁμαρτίᾳ
1230 1701 1431 1759 ἡττήθη
1463 1717 1476 1767 ;
1504 1708 1616 1763 πῶς
1654 1697 1705 1753 δ’
1753 1699 1814 1752 ἀν
1855 1702 1914 1753 τὸ

2006 533 2068 589 in
2097 532 2221 588 vita
2250 549 2360 589 sua
2411 533 2674 591 formam
2713 534 3141 607 exprimerent,
3191 551 3498 608 nusquam
3545 536 3664 592 hoc

2007 621 2318 694 exemplar
2335 622 2578 679 diversa
2606 639 2679 679 ac
2706 622 2928 695 impari
2953 623 3287 679 imitatione
3315 628 3664 696 perverten-

2008 717 2116 768 tes.
2144 714 2293 769 Nam
2317 713 2484 786 quod
2505 716 2781 769 Servator
2809 727 2986 767 suam
3031 712 3220 784 ipsius
3249 712 3439 770 vitam
3469 713 3666 770 omni-

2007 801 2124 857 bus
2147 800 2262 873 ipsi
2293 802 2709 874 obtemperare
2736 800 3081 857 volentibus
3113 802 3430 874 proposuit
3455 802 3668 871 imagi-

2007 906 2148 946 nem
2182 890 2313 945 vitze
2336 891 2608 963 optimm,
2637 890 2781 946 audi
2810 890 3013 963 ipsum
3044 895 3247 962 aperte
3279 891 3395 947 hoc
3431 890 3665 947 docen-

2011 980 2383 1051 tesziquis
2415 982 2598 1050 enim,
2634 981 2848 1052 inquit,
2902 978 3056 1035 mihi
3086 981 3395 1035 ministrat
3441 995 3535 1037 me
3578 994 3669 1036 se-

2012 1077 2237 1142 quatur
2259 1069 2326 1138 ιδ,
2344 1069 2508 1125 haud
2533 1070 2812 1125 indicans
2860 1084 3216 1142 corpoream
3251 1068 3549 1141 sequendi
3576 1084 3669 1125 ra-

2010 1160 2237 1215 tionem
2266 1165 2394 1216 erat
2422 1159 2585 1215 enim
2613 1159 2904 1215 omnibus
2934 1158 3252 1232 impervia,
3297 1175 3438 1215 cum
3468 1158 3672 1215 Domi-

2012 1265 2160 1305 num
2190 1264 2353 1305 nunc
2374 1249 2713 1304 secundum
2745 1264 2969 1321 corpus
2989 1249 3052 1304 in
3079 1249 3246 1305 caelis
3278 1264 3410 1305 esse
3454 1253 3672 1306 notum

2016 1341 2133 1407 sit),
2159 1339 2264 1395 sed
2279 1340 2433 1408 vitae,
2462 1344 2762 1413 quantum
2788 1338 2917 1395 ﬁeri
2938 1342 3156 1412 potest,
3171 1343 3525 1396 accuratam
3543 1338 3674 1395 imi-

2013 1428 2330 1485 tationem.

2090 1525 2140 1575 5.
2173 1517 2490 1585 Quomodo
2520 1517 2703 1589 igitur
2723 1517 2870 1574 vixit
2884 1519 3165 1575 Servator
3180 1521 3405 1591 noster,
3439 1521 3495 1575 et
3520 1532 3676 1591 quo-

2017 1608 2202 1665 modo
2255 1612 2648 1665 conversatus
2697 1607 2840 1663 est?
2871 1610 3190 1663 Peccatum
3248 1607 3495 1680 quidem
3547 1622 3674 1663 non

2020 1699 2235 1756 fecit".
2272 1698 2382 1764 Qui
2406 1698 2567 1754 enim
2598 1714 2634 1754 a
2654 1697 3072 1771 peccatovinci
3088 1697 3320 1769 justitia
3336 1697 3630 1770 potuisset
3646 1696 3675 1750 ‘t

312 1788 510 1863 ψεῦδος
554 1799 646 1852 τῆς
691 1789 933 1851 ἀληθείας
988 1788 1275 1865 ἕκράτησεν
1314 1807 1329 1857 ;
1386 1798 1497 1851 πῶς
1528 1786 1586 1842 δε
1619 1791 1649 1848 η
1699 1785 1918 1862 δύναμις

2043 1789 2125 1863 [ui
2154 1804 2294 1844 vero
2333 1788 2718 1844 mendacium
2756 1788 3016 1843 vinceret
3038 1786 3397 1844 veritatem?
3429 1787 3535 1862 qui
3579 1787 3682 1842 de-

314 1881 414 1932 ὑπὸ
470 1888 566 1941 τῆς
592 1879 858 1939 ἀσθενείας
905 1877 1342 1946 κατεπαλαίσθη;
1401 1881 1433 1937 ἧ
1464 1885 1575 1941 πῶς
1627 1881 1687 1931 τὸ
1731 1883 1802 1951 μὴ
1863 1877 1917 1930 ὃν

313 1976 405 2022 τού
436 1970 574 2030 ὄντος
629 1972 953 2044 περιεγένετο
984 1968 1079 2036 ;”Ο
1270 1970 1373 2040 γὰρ
1433 1971 1562 2028 Θεὸς
1602 1965 1680 2020 ἀεί
1709 1969 1796 2035 ὧν,
1829 1971 1920 2020 καὶ

313 2065 405 2119 τῆς
461 2056 727 2132 ύποίρξεως
785 2057 901 2131 ὅρον
951 2056 1045 2108 ούκ
1094 2058 1251 2127 ἔχων,
1284 2060 1446 2129 πέρας
1473 2055 1532 2108 ού
1564 2059 1916 2130 προσιέμενος·

313 2148 345 2206 ἠ
399 2142 458 2199 δὲ
505 2147 743 2221 ἁμαρτία
790 2147 901 2198 ἔστι
1097 2141 1367 2211 οὐδέποτε,
1411 2141 1536 2197 ούδε
1565 2144 1616 2197 ἐν
1648 2141 1762 2218 ἰδίᾳ
1786 2147 1920 2198 ὑπο-

319 2237 506 2289 στάσει
574 2233 1048 2307 καταλαμϐοίνεταιο
1105 2232 1153 2287 ἐν
1211 2231 1271 2287 δι
1327 2241 1430 2294 τοῖς
1502 2230 1700 2307 δρῶσιν
1759 2234 1921 2293 αὐτὴν

316 2325 508 2399 μᾶλλον
564 2325 593 2384 ἡ
646 2323 697 2377 ἰν
727 2330 839 2386 τοῖς
869 2320 1154 2398 δρωμένοις
1184 2324 1300 2395 (50)
1330 2331 1505 2385 κακῶς
1534 2322 1805 2395 ἀπολείψει
1830 2331 1921 2377 τοῦ

317 2414 478 2468 καλοῦ
530 2417 624 2472 τὴν
682 2412 904 2487 ὕπαρξιν
968 2414 1192 2483 ἔχουσα,
1249 2416 1434 2474 σκότος
1489 2421 1749 2466 τυποῦται
1813 2420 1925 2476 τοῖς

320 2499 624 2576 ἀδικήμασι
677 2504 869 2574 νοερὸν,
929 2509 1002 2572 τῷ
1048 2497 1107 2553 δὲ
1137 2506 1267 2573 φωτὶ
1295 2510 1391 2564 τῆς
1421 2497 1763 2565 δικαιοσύνης
1795 2500 1830 2556 δ
1835 2523 1922 2555 ια-

319 2594 584 2666 λυόμενον
642 2595 701 2645 τὸ
758 2593 860 2665 γὰρ
915 2598 1022 2663 φῶς
1073 2589 1123 2643 ἐν
1172 2598 1234 2664 τῇ
1287 2596 1475 2664 σκοτίᾳ
1518 2595 1703 2664 φαίνει,
1735 2597 1923 2664 καὶτῷ

322 2686 506 2758 πέρατι
546 2690 644 2735 τῶν
702 2680 1050 2755 ἀτοπηματων
1126 2677 1527 2755 συνδιατρέχον.
1588 2686 1924 2755 Πεταυμένων

322 2776 422 2847 γὰρ
446 2781 547 2825 τῶν
571 2780 808 2845 πονηρῶν
846 2771 1099 2846 πράξεων,
1130 2775 1219 2824 καὶ
1250 2774 1279 2830 ἠ
1333 2770 1557 2846 ὕπαρξις
1605 2780 1701 2835 τῆς
1748 2772 1923 2847 ἁμαρ-

326 2868 441 2924 τίας
518 2861 942 2934 συναφανίζεται.
1018 2863 1390 2919 Ζητηθήσεται
1458 2864 1586 2936 γὰρ,
1655 2868 1837 2935 φησὶν,
1890 2863 1921 2921 ἠ

333 2951 568 3024 ἁμαρτία
621 2949 801 3017 αὐτοῦ,
854 2953 945 3000 καί⁹
994 2948 1053 3001 ού
1102 2952 1173 3021 μη
1231 2950 1432 3023 εύριθῇ·
1490 2949 1587 3002 κάν
1628 2953 1656 3009 ἠ
1711 2949 1795 3003 ἰπὶ
1823 2957 1927 3012 τοῖς

327 3040 675 3114 ἁμαρτήμασι
700 3042 930 3112 τιμωρία
979 3042 1352 3111 τεταμιευμένη
1383 3040 1547 3110 τύχοι
1591 3047 1697 3100 τοίς
1764 3039 1929 3113 ἀμαρ-

326 3132 566 3193 τάνουσι,
624 3132 714 3181 καὶ
762 3127 947 3188 ἄλυτος
1003 3129 1034 3186 ἡ
1077 3125 1161 3179 ἐπὶ
1202 3140 1314 3188 τοις
1347 3124 1653 3201 ἀδικήμασι
1697 3129 1928 3190 κόλασις.

324 3216 610 3293 Ἀμαρτίαν
671 3221 844 3270 τοίνυν
896 3216 992 3269 οὐκ
1039 3214 1301 3284 ἑποίησεν,
1369 3214 1495 3270 οὐδὲ
1563 3219 1677 3290 (51)
1748 3218 1929 3294 εύρέθη

331 3304 484 3367 δόλος
535 3305 584 3358 ἂν
637 3313 709 3377 τῷ
763 3309 987 3378 στόματι
1045 3305 1227 3360 αὐτοῦ.
1279 3309 1659 3382 Μακροθυμίας
1716 3306 1796 3375 δε,
1846 3313 1937 3361 καὶ

332 3393 677 3459 ἀνεξικακίας,
737 3399 828 3446 καὶ
892 3398 1279 3469 χρηστότητος,
1355 3402 1651 3471 πραότητός
1724 3418 1779 3451 τε
1846 3404 1937 3452 καὶ

332 3483 735 3558 φιλανθρωπίας,
789 3487 880 3543 καὶ
931 3486 1272 3558 ἡμερότητος.
1339 3490 1811 3561 ταπεινοφροσύνης
1884 3507 1938 3541 τε

333 3580 424 3628 καὶ
454 3579 765 3649 φρονήσεως.
815 3578 906 3626 καὶ
935 3575 1115 3636 πάσης
1157 3573 1474 3638 ἁπαξαπλῶς
1532 3574 1715 3649 ἀρετῆς
1763 3576 1935 3631 πολλὰ

333 3666 576 3738 παρέσχε
601 3666 667 3715 τὰ
714 3659 1097 3735 ὑποδείγματα,
1160 3662 1290 3738 ἅπερ
1344 3661 1392 3715 ἐν
1449 3672 1559 3727 τοίς
1606 3666 1942 3738 Εύαγγελίοις

335 3756 510 3821 σαφῶς
559 3744 923 3822 διηγόρευται.
977 3750 1360 3821 Μακροθυμίας
1411 3752 1502 3822 μὲν
1557 3756 1648 3803 καὶ
1700 3749 1939 3815 ἀνεξικα-

334 3842 454 3900 κίας
498 3845 568 3907 τῷ
629 3840 795 3911 φέρειν
851 3839 960 3905 (52)
1003 3838 1098 3900 τὰς
1146 3845 1246 3889 τῶν
1307 3835 1580 3891 Ἰουδαίων
1643 3839 1938 3904 ἐπιϐουλὰς,

339 3926 417 3981 ἀεὶ
462 3933 579 3990 ταῖς
636 3926 751 3990 ἑξῆς
797 3925 1109 4000 ὑπερϐολαῖς
1158 3930 1226 3980 τά
1290 3933 1520 4003 πρότεροι
1573 3934 1945 4007 πονηρεύματα

335 4014 726 4077 καλυπτούσαςσ
755 4020 845 4068 καὶ
871 4011 1164 4088 διελέγχειν
1203 4017 1320 4088 (53)
1368 4021 1459 4091 μὲν
1506 4019 1697 4081 αὐτοὺς
1753 4025 1942 4096 ἠρέμα,

336 4105 458 4158 ὅσον
493 4112 692 4163 στῆσαι
748 4113 846 4165 τῆς
902 4110 1176 4180 πονηρίας,
1246 4104 1549 4179 ἀμύνασθαι
1610 4106 1670 4162 δι
1706 4116 1795 4163 καί
1850 4109 1946 4163 ἐπ-

339 4192 528 4256 εξιέναι
555 4189 682 4246 οὐδὲ
707 4195 846 4246 κατά
873 4197 1080 4268 μικρὸν,
1108 4193 1237 4248 ἀλλά
1266 4195 1565 4268 φιλονεικεῖν
1624 4207 1744 4262 ταῖς
1801 4200 1947 4275 εὐερ-

338 4286 541 4354 γεσίαις
595 4285 690 4340 τὴν
748 4280 948 4334 ἐκείνων
1017 4280 1390 4357 ἀπανθρωπίαν
1448 4293 1617 4349 νικᾶν,
1669 4295 1760 4342 καὶ
1828 4297 1946 4353 ταῖς

2020 1878 2346 1935 bellaretur
2367 1877 2636 1949 potentia
2665 1876 2744 1933 ab
2784 1875 3131 1932 inﬁrmitate
3156 1876 3185 1933 ?
3211 1883 3315 1933 aut
3360 1875 3677 1950 quomodo

2021 1968 2189 2042 quod
2218 1983 2341 2024 non
2373 1972 2485 2035 est,
2514 1967 2574 2023 id
2603 1967 2769 2040 quod
2797 1970 2886 2034 est
2916 1968 3317 2039 superasset?
3337 1958 3493 2023 Deus
3514 1966 3679 2024 enim

2025 2072 2266 2130 semper
2296 2055 2770 2125 est,nullumque
2801 2054 2984 2113 habet
3003 2055 3335 2113 exsistendi
3354 2062 3596 2130 tempus
3616 2055 3684 2112 li-

2027 2148 2323 2218 mitatum,
2359 2162 2470 2213 nec
2482 2146 2666 2202 ﬁnem
2691 2146 2879 2202 ullum
2903 2143 3187 2202 admittit.
3209 2150 3521 2204 Peccatum
3537 2160 3683 2203 vero

2024 2253 2343 2309 nunquam
2373 2241 2481 2305 est,
2516 2252 2714 2309 neque
2738 2236 2801 2292 in
2833 2253 2947 2294 sua
2976 2236 3170 2308 ipsius
3203 2236 3547 2293 substantia
3573 2236 3684 2291 de-

2025 2326 2434 2400 prehenditur.
2468 2329 2680 2382 Verum
2704 2326 2762 2381 in
2784 2326 3179 2400 peccantibus
3200 2326 3398 2397 magis
3411 2342 3600 2400 quam
3621 2324 3686 2382 in

2026 2416 2177 2489 ipsis
2217 2415 2424 2484 rebus,
2456 2430 2594 2487 qua;
2616 2414 2775 2472 male
2814 2417 2989 2484 tiunt,
3029 2431 3138 2490 per
3185 2415 3332 2471 boni
3379 2415 3687 2472 defectum

2032 2504 2388 2575 subsistens,
2412 2504 2732 2576 caliginem
2769 2505 3142 2579 spiritualem
3199 2520 3308 2578 per
3360 2504 3688 2577 injustitias

2031 2594 2344 2668 imprimit,
2373 2611 2510 2667 quae
2535 2595 2781 2667 justitias
2805 2596 3034 2651 lumine
3051 2594 3568 2665 dissolvitur,cum
3584 2593 3691 2652 lux

2032 2684 2093 2741 in
2125 2684 2386 2741 tenebris
2411 2684 2609 2741 luceat
2634 2686 2700 2754 ¹⁸,
2724 2689 3073 2758 eteousque
3121 2685 3362 2752 durent,
3413 2684 3691 2758 quandiu

2033 2772 2250 2830 delicta
2277 2773 2519 2830 durant.
2550 2777 2697 2830 Nam
2730 2774 3107 2831 cessantibus
3128 2774 3331 2847 pravis
3350 2770 3693 2831 actionibus

2028 2864 2158 2935 jam
2191 2864 2416 2934 peccati
2448 2864 2785 2920 substantia
2812 2863 2997 2920 simul
3016 2864 3197 2921 etiam
3213 2863 3446 2921 deletur
3465 2868 3523 2921 et
3558 2878 3696 2920 eva-

2034 2955 2242 3009 nescit.
2275 2952 2589 3020 Quaeretur
2618 2955 2797 3023 enim,
2820 2953 3037 3027 inquit,
3063 2960 3381 3025 peccatum
3409 2954 3605 3024 illius,
3635 2961 3693 3011 et

2033 3058 2155 3099 non
2185 3044 2522 3099 invenietur
2546 3046 2588 3079 ¹⁹
2621 3062 2634 3108 ;
2668 3043 2902 3100 etiamsi
2934 3043 3538 3124 alioquisuppljcium
3557 3035 3698 3117 pec-

2035 3131 2315 3188 cantibus
2342 3137 2716 3188 reservatum
2750 3133 2825 3189 sit
2853 3133 2932 3188 ob
2957 3138 3228 3205 peccata,
3262 3133 3457 3206 sitque
3485 3147 3699 3206 perpe-

2037 3226 2174 3277 tuus
2205 3220 2503 3276 cruciatus
2523 3220 2603 3275 ob
2626 3220 2971 3294 iniquitates
3004 3220 3701 3295 exspectaudus.Pecca-

2041 3316 2165 3366 tum
2190 3310 2382 3379 igitur
2400 3324 2521 3365 non
2534 3310 2899 3382 fecit,neque
2919 3312 3199 3368 inventus
3224 3319 3307 3368 est
3322 3311 3497 3367 dotus
3513 3313 3577 3366 in
3597 3325 3700 3367 ore

2042 3401 2243 3471 ejus”.
2273 3398 2388 3457 Sed
2425 3404 2635 3455 contra
2657 3400 2943 3467 lenitatis,
2994 3401 3319 3473 patientius,
3354 3400 3699 3472 benignita-

2042 3490 2136 3555 tis,
2167 3487 2676 3558 mansuetudinis,
2696 3489 3117 3559 humanitatis,
3133 3490 3434 3547 comitatis
3456 3488 3703 3547 humili-

2041 3578 2201 3641 tatis,
2226 3576 2584 3650 prudentiae,
2607 3582 2665 3633 et
2688 3593 2811 3633 uno
2856 3577 3044 3633 verbo
3095 3579 3330 3635 virtutis
3382 3580 3704 3651 cujuscun-

2044 3683 2162 3740 que
2193 3665 2371 3739 548
2384 3666 2664 3739 exempla
2677 3666 2867 3722 multa
2878 3666 3153 3739 praebuit,
3174 3684 3311 3741 quae
3332 3668 3489 3724 clare
3503 3682 3707 3724 recen-

2045 3761 2252 3811 sentur
2278 3756 2339 3811 in
2370 3755 2725 3825 Evangeliis.
2751 3756 3030 3812 Lenitatis
3056 3756 3308 3830 quidem
3325 3762 3383 3813 et
3398 3756 3709 3830 patientia-

2049 3862 2191 3901 rum
2211 3844 2450 3917 pertulit
2467 3845 2816 3901 Judieorum
2841 3845 3116 3914 insidias,
3138 3862 3275 3918 quae
3298 3845 3707 3919 posteriorum

2047 3934 2408 4005 injuriarum
2429 3933 2845 4004 magnitudine
2868 3950 3108 4007 semper
3129 3933 3713 4005 contegebantﬂagi—

2051 4023 2132 4079 tia
2163 4023 2390 4095 priora.
2414 4028 2605 4096 Atque
2637 4023 2819 4079 etiam
2848 4039 2987 4079 cum
3012 4023 3331 4094 redarguit
3363 4023 3531 4097 ipsos
3561 4022 3713 4079 leni-

2052 4118 2157 4185 ter,
2188 4112 2388 4168 solum
2415 4112 2693 4168 videlicet
2719 4119 3020 4187 quantum
3047 4129 3204 4186 opus
3230 4118 3380 4182 erat,
3407 4118 3472 4169 ut
3502 4128 3714 4169 eorum

2052 4207 2355 4259 coerceret
2379 4202 2844 4275 malignitatem,
2866 4218 2989 4259 non
3014 4207 3082 4260 ut
3109 4203 3289 4259 etiam
3319 4218 3424 4260 eos
3469 4201 3719 4258 ulcisce-

2051 4296 2239 4363 retur,
2269 4297 2373 4347 aut
2396 4308 2534 4348 reos
2562 4297 2880 4366 perageret
2905 4292 3001 4348 vel
3033 4292 3354 4359 tantillum,
3387 4292 3495 4348 sed
3516 4295 3584 4348 ut
3618 4290 3720 4348 beo

340 4378 444 4425 τῶν
515 4369 723 4442 ἀγαθῶν
780 4374 1066 4444 χορηγίαις
1124 4376 1219 4430 τὴν
1298 4381 1396 4435 τῆς
1449 4382 1699 4451 πονηρίας
1761 4377 1934 4432 ἐπίτα-

2054 4382 2283 4438 neficiis
2310 4382 2548 4439 illorum
2580 4383 3110 4451 inhumanitatem,
3140 4389 3195 4441 et
3217 4383 3523 4439 bonorum
3543 4380 3724 4452 largi-

345 4477 429 4512 σιν
472 4460 607 4530 (54)·
658 4464 749 4512 καὶ
801 4462 860 4512 τὸ
906 4458 1195 4513 τελευταῖτν
1237 4480 1464 4537 σταυρόν
1503 4464 1629 4541 ὑπὲρ
1659 4475 1761 4519 τῶν
1791 4487 1948 4521 σταυ-

418 4602 464 4636 ¹⁶
493 4603 662 4657 Joan.
698 4617 796 4669 xu,
822 4604 911 4658 26.
984 4601 1026 4637 ¹τ
1055 4606 1072 4658 l
1097 4604 1255 4658 Aetr.
1277 4608 1444 4672 11,22.
1527 4607 1570 4642 ¹³
1599 4609 1773 4664 Joan.
1797 4609 1836 4682 i,
1868 4616 1918 4667 5.

417 4744 534 4818 (49)
560 4747 699 4826 iteg.
726 4744 1033 4826 secundus
1055 4742 1116 4803 ἦν
1138 4746 1323 4826 γὰρᾶν
1350 4748 1548 4826 ἅπασιν
1575 4751 1790 4826 ἄπορος.
1824 4755 1961 4826 Nec

347 4814 667 4891 italu-ulto:
707 4822 847 4891 post
896 4816 1088 4872 codex
1130 4814 1299 4877 Colb.
1353 4814 1716 4874 πεπολίτευται
1750 4839 1762 4889 ;
1804 4825 1962 4877 οἷκουε

351 4896 593 4962 συνετῶςο
629 4887 911 4962 ἁμαρτίαν,
947 4898 1003 4944 et
1034 4891 1322 4962 quomodo
1380 4887 1767 4962 conversatus
1824 4903 1907 4952 est
1936 4896 1963 4951 ‘t

349 4958 497 5013 audi
514 4958 842 5028 sapienter,
871 4967 983 5016 etc.
1016 4958 1148 5016 Mox
1189 4960 1313 5017 duo
1347 4979 1491 5018 mss.
1523 4960 1833 5025 δικαιοσύνη
1874 4975 1966 5028 τῆς

349 5029 632 5112 ἁμαρτίας...
683 5030 950 5112 Subinde
998 5033 1122 5112 duo
1154 5049 1302 5112 mss.
1332 5042 1438 5112 πῶς
1470 5031 1523 5086 δ’
1554 5034 1615 5088 ἂν
1640 5039 1670 5096 ἡ
1720 5034 1963 5112 δύναμις.

399 5099 537 5181 ,(30)
570 5101 745 5169 lllnd,
781 5100 830 5153 ἕν
859 5108 966 5181 τοῖς
1006 5099 1319 5181 δρωμένοις,
1367 5107 1442 5181 de
1493 5109 1767 5181 personis
1817 5099 1968 5166 acci-

349 5175 645 5244 piendum
671 5188 804 5244 esse
826 5179 999 5244 putat
1028 5175 1530 5233 Vir‘doctissimu—s
1565 5179 1965 5237 Combetisius

352 5242 558 5326 sicque
582 5244 747 5326 hunc
772 5242 976 5326 locum
1002 5244 1468 5326 interpretatur:
1494 5254 1634 5307 (tum
1654 5260 1967 5321 peccatum

352 5318 417 5368 in
437 5318 520 5396 eis
544 5318 745 5396 potius
769 5318 851 5396 sit
867 5318 974 5396 qui
992 5318 1189 5384 ipsum
1201 5328 1590 5396 ῃρνρβζναηι,
1610 5318 1792 5396 qnam
1818 5326 1881 5379 in
1897 5327 1968 5380 iis

355 5387 459 5451 qui
487 5388 629 5443 inde
650 5387 886 5461 injuria
907 5387 1247 5461 damnaque
1297 5387 1689 5461 afﬁciuntur,
1742 5395 1976 5451 honesti

357 5460 621 5526 rectique
646 5460 921 5514 carentia
936 5460 1316 5516 existentiam
1340 5460 1582 5521 habens.
1614 5468 1744 5521 Mox
1775 5468 1972 5523 Vossii

357 5523 548 5579 codei
568 5533 630 5605 et
649 5528 750 5584 alii
770 5529 894 5605 duo
915 5533 1119 5605 νοερὸν,
1149 5539 1221 5605 τῷ
1245 5529 1307 5605 δὲ
1330 5540 1479 5605 φωτί.
1515 5537 1666 5591 Editi
1716 5543 1772 5593 et
1823 5554 1967 5593 mss.

358 5596 637 5672 nonnulli
671 5603 852 5659 νοητὸν
882 5607 955 5670 τῷ
988 5596 1140 5672 φωτί.
1170 5596 1438 5662 Subinde
1481 5608 1608 5665 duo
1636 5624 1788 5665 mss.
1829 5624 1973 5666 cum

357 5666 528 5722 Voss.
557 5664 934 5744 ἀποπημοίτων
947 5664 1413 5748 συμπαρατρέχον.

748 5760 997 5819 Pauor.
1037 5761 1139 5820 Gn.
1178 5764 1354 5822 XXXI.

2002 4614 2044 4647 ιθ
2075 4610 2308 4684 Psa1.x,
2346 4618 2426 4670 t5.
2450 4631 2568 4673 sec.
2604 4615 2779 4673 licbr.

2056 4470 2216 4526 tione
2227 4470 2712 4540 magnitudinem
2732 4471 3017 4545 nequitias
3037 4487 3249 4528 eorum
3275 4471 3515 4527 vincere
3544 4483 3724 4526 cona-

2856 4616 2904 4653 ²⁰
2927 4614 3038 4671 Isa.
3069 4630 3182 4683 Lm,
3218 4620 3249 4672 9
3276 4632 3291 4683 ;
3318 4617 3340 4670 l
3365 4616 3514 4671 Petr.
3536 4628 3597 4684 ιι,
3632 4617 3725 4670 22.

2140 4759 2256 4825 (51)
2276 4761 2509 4816 Veteres
2539 4758 2663 4815 duo
2694 4757 2832 4813 libri
2864 4756 3103 4832 ἐποίησεν
3130 4760 3155 4811 ὁ
3196 4762 3447 4832 Χριστὸς,
3477 4755 3621 4814 οὐδὲ.

2143 4831 2254 4906 (52)
2284 4832 2432 4887 Editi
2459 4834 2517 4883 τὸ
2540 4835 2726 4906 φέρειν.
2757 4833 2829 4885 At
2858 4829 3162 4906 ms§._dt_lo
3298 4836 3483 4906 φέρειν.

2147 4897 2260 4973 (53)
2288 4897 2968 4973 Reg.secundusetediti
3009 4897 3314 4973 adlinit."
3337 4897 3570 4958 Veteres
3605 4901 3731 4957 duo

2072 4971 2207 5046 libri
2235 4971 2542 5046 διελέγχειν,
2579 4980 2635 5028 et
2659 4973 2742 5028 ita
2772 4988 3019 5046 quoque
3056 4971 3272 5046 legitur
3294 4974 3353 5029 in
3378 4977 3518 5044 Reg.
3561 4973 3734 5046 tertio

2078 5043 2185 5099 sed
2226 5032 2496 5100 secunda
2523 5032 2711 5101 manu
2741 5063 2753 5101 :
2789 5032 2893 5099 ubi
2921 5032 3265 5170 supplenda
3290 5050 3383 5102 est
3403 5032 3730 5114 Voculam),

2078 5120 2142 5170 ut
2172 5115 2221 5170 si
2272 5125 2344 5168 τῶ
2408 5114 2701 5170 (Pulsa-nu
2750 5130 2972 5170 auema
3020 5115 3272 5170 modum
3333 5116 3587 5170 scriptor
3633 5115 3730 5170 ali-

2078 5120 2142 5170 ut
2172 5115 2221 5170 si
2272 5125 2344 5188 τῷ
2408 5114 2701 5188 διελέγχειν
2750 5114 3272 5188 quemadmodum
3333 5116 3587 5188 scriptor
3626 5115 3736 5188 ali-

2077 5185 2479 5257 quanto'ante
2501 5185 2651 5243 dixit
2700 5185 2999 5262 rq'i‘pz'patv.
3051 5190 3179 5243 Mox
3237 5188 3380 5243 editi
3429 5185 3541 5248 τάῖς
3580 5185 3736 5260 εὐερ-

2074 5262 2284 5331 γεσίαις
2360 5265 2453 5318 τὴν
2530 5263 2731 5313 ἐκείνων
2788 5257 3164 5331 ἀπανθρωπίαν
3200 5265 3310 5331 Ῠκαὶ
3383 5265 3562 5331 νικᾷν-
3597 5257 3733 5320 ταῖς.

2077 5280 2284 5322 ἐσιαις
2360 5280 2453 5318 την
2530 5280 2731 5313 εκεινων
2788 5280 3164 5331 ἀπανθρωπίαν
3221 5280 3310 5312 και
3383 5280 3530 5328 νικᾳν
3597 5280 3733 5320 ταις.

2077 5280 2219 5401 (leg.
2250 5338 2502 5403 quartus
2535 5332 2676 5403 utin
2710 5334 3010 5403 contextu.
3034 5330 3256 5388 Vocula
3306 5336 3396 5383 καὶ
3444 5329 3603 5386 male
3652 5331 3741 5385 lo-

2078 5409 2212 5456 cata
2233 5401 2427 5458 fuerat
2456 5403 2517 5458 in
2540 5401 2818 5471 vulgatis.

2151 5476 2267 5542 (54)
2322 5476 2486 5547 Unus
2542 5490 2661 5547 ms.
2714 5488 2855 5547 cum
2902 5473 3072 5547 voss:
3139 5479 3389 5547 πονηρίας
3469 5475 3740 5547 ἔνστασιν.

2079 5543 2206 5616 Mox
2250 5539 2452 5616 codex
2508 5543 2870 5616 Colb._atﬁrbv
2929 5539 3309 5616 ἀναδέχεσθαὶ.
3335 5543 3530 5601 Vossii
3571 5547 3743 5616 vetus

2078 5612 2602 5689 liber‘avad‘c'xcrat.
2631 5614 3005 5689 Alii_mss:_et
3051 5612 3202 5671 editi
3252 5616 3409 5689 αύτόν
3439 5612 3747 5689 ,καταδέχε-

2081 5702 2193 5745 ται.
2230 5687 2287 5744 Si
2314 5684 2436 5763 per
2451 5684 2682 5746 veteres
2700 5685 2890 5743 libros
2906 5684 3132 5754 liceret,
3157 5686 3410 5746 mallem
3438 5687 3637 5759 legere
3649 5684 3749 5740 ’κα-

3322 5778 3394 5834 43
