4120 6382
319 247 490 340 ιοετ’

307 416 408 460 τῶν
451 424 638 479 τιμίων
678 421 842 455 τόκων
891 403 920 459 ἠ
981 399 1250 474 θερεπεία),
1303 398 1514 458 εἰκότως
1570 399 1746 455 πόνοις
1805 398 1914 448 σὼ·
1945 395 1990 446 Δ

309 515 468 570 ματος
514 496 888 568 προσωμίγουν
931 486 1216 556 διηνεκέσι,
1257 498 1349 548 τῆν
1394 487 1682 559 ἀναγκαίαν
1729 487 1914 557 χρείαν

307 589 472 658 ταύτῃ
535 584 738 642 ἑαυτοῖς
795 583 1200 654 συμπορίζοντες
1227 580 1362 650 (61),
1422 579 1625 638 Ἰησοῦς
1684 572 1741 628 0‘";
1789 575 1916 626 τού..

308 695 414 737 τοις
453 676 905 744 ὑποτασσόμενος,
950 672 1019 732 ὦς
1061 689 1219 742 φησιν
1265 671 1295 728 ἠ
1342 673 1541 744 Γραφὴ,
1582 667 1782 724 πάντως
1827 665 1918 714 καὶ

308 773 382 835 τῷ
445 759 810 835 συνδιαφέρειν
869 763 990 821 τούς
1073 763 1257 820 πόνους
1319 763 1408 816 την
1481 757 1766 810 εὐπείθειαν
1833 749 1916 804 έπ-

311 851 596 908 εδείκνυτο.
635 855 837 924 Ιίροῑὼν
892 845 951 902 δε
997 854 1087 901 καὶ
1134 851 1228 911 τὰς
1273 845 1594 906 δεσποτικὰς
1639 849 1729 896 καὶ
1779 844 1918 902 θείας

311 943 606 1018 εὐεργεσίας
665 939 993 1012 ἀπογυμνῶν,
1053 944 1144 991 καὶ
1210 939 1448 1012 μαθητὰς
1502 935 1680 988 λοιπὸν
1737 933 1916 1006 αἰρού-

312 1051 485 1106 μενος,
539 1036 631 1084 καὶ
682 1028 954 1103 βασιλείαν
1011 1028 1239 1102 ούρανῶν
1296 1029 1585 1101 κηρύσσειν
1616 1021 1918 1094 διανοούμε-

311 1141 413 1187 νος,
447 1119 540 1172 οὐκ
584 1118 667 1172 ἐπὶ
698 1124 822 1192 μιᾶς
859 1121 1048 1188 γωνίας
1105 1120 1354 1188 κείμενος,
1415 1113 1715 1185 ἐκλυόμενος
1757 1128 1812 1162 τε
1859 1112 1916 1162 τὸ

317 1219 488 1283 σῶμα,
519 1217 614 1272 τῆς
655 1207 779 1281 πὰρ’
839 1205 1022 1280 ἑτέρων
1070 1202 1238 1257 ὶδεῑτο
1285 1201 1577 1271 διακονίας,
1627 1200 1755 1252 ἀλλὰ
1797 1201 1919 1274 ἄρτι

310 1302 400 1373 μεν
431 1295 746 1372 ὁδοιπορῶν,
791 1301 880 1348 καὶ
918 1296 1144 1356 πεζεύειν
1177 1291 1448 1364 διηνεκῶς,
1501 1301 1612 1352 τοίς
1661 1291 1919 1364 μαθηταῖς

309 1389 421 1462 οἶμαι
470 1386 892 1459 διακονούμενος,
933 1387 1002 1447 ὡς
1053 1384 1206 1444 αὐτὸς
1254 1388 1460 1457 ἔφησεν·
1513 1383 1646 1454 Ἐγὼ
1705 1377 1766 1433 δί
1814 1379 1920 1452 εἰμι

312 1477 361 1532 ἄν
405 1483 550 1552 μέσῳ
602 1479 745 1550 ὑμῶν
793 1478 858 1536 ὡς
902 1476 928 1526 ὁ
980 1471 1255 1526 διακονῶν·
1317 1477 1427 1541 καὶ,
1489 1473 1669 1531 Καθὼς
1721 1471 1747 1522 ὁ
1804 1471 1920 1530 Υἱὸς

310 1575 401 1620 τοῦ
461 1565 734 1641 ἀνθρώπου
796 1564 892 1616 οὐκ
957 1561 1080 1622 ἦλθε
1147 1559 1546 1627 διακονηθῆναι,
1615 1558 1744 1612 ἀλλὰ
1804 1555 1921 1611 δια-

313 1666 558 1715 κονῆσαι·
609 1657 729 1731 ἄρτι
767 1651 826 1707 δὲ
877 1658 1068 1706 νίπτων
1115 1657 1236 1714 τούς
1283 1649 1451 1713 πόδας
1499 1660 1600 1704 τῶν
1648 1651 1915 1724 μαθητῶν·

314 1742 462 1806 αὖθις
493 1742 551 1798 δε
591 1752 651 1817 τῇ
706 1741 1034 1814 διδασκαλίᾳ
1079 1739 1504 1816 προσδιατρίϐων
1553 1739 1636 1793 ἐπὶ
1696 1741 1917 1812 μακρὸν,
1952 1752 1994 1808 β

313 1839 468 1886 τόπον
515 1853 571 1886 τε
625 1832 679 1884 ὲκ
725 1837 887 1884 τόπου
934 1831 1255 1904 μεταμείϐων
1302 1829 1512 1902 ἀοκνως,
1550 1826 1644 1882 διὰ
1675 1834 1768 1887 τὴν
1811 1847 1919 1880 σω-

311 1927 497 1997 τηρίαν
527 1925 674 1995 ἡμῶν
706 1918 940 1976 διετέλει.
973 1920 1145 1984 Ἀπαξ
1184 1917 1244 1974 δε
1282 1921 1574 1992 ὑποζυγίῳ,
1620 1923 1710 1970 καὶ
1753 1919 1920 1988 τούτῳ

313 2018 467 2085 μόνον
499 2012 584 2065 ἐπὶ
635 2011 808 2083 ὀλίγον
841 2012 954 2082 (62)
1011 2013 1350 2084 χρησάμενος
1400 2016 1651 2082 φαίνεται,
1685 2007 1791 2079 οὐχ
1841 2008 1924 2058 ἱνα

311 2106 371 2155 τὸ
401 2110 556 2174 σῶμα
585 2098 621 2154 δ
627 2105 951 2173 ιαναπαύση,
985 2099 1092 2152 ἀλλ’
1133 2102 1216 2153 ἶνα
1244 2108 1356 2162 τοῖς
1385 2102 1552 2175 ἔργοις
1599 2103 1694 2157 τὴν
1723 2116 1922 2172 προφη-

312 2197 449 2245 τείαν
497 2196 880 2266 σφραγίσηται.
935 2195 998 2243 Τί
1057 2187 1116 2242 δε
1164 2193 1214 2242 oi
1268 2189 1592 2257 ἀπόστολος
1652 2187 1798 2258 Οὐχὶ
1837 2189 1924 2238 τὸν

314 2286 578 2338 Δεσπότην
619 2284 980 2352 μεμίμηνται;
1049 2279 1176 2350 οὐχί
1235 2283 1412 2340 πόνοις
1480 2277 1704 2350 ὡμίλουν
1753 2273 1925 2332 διηνεδ

313 2379 473 2438 κῶς;
550 2375 823 2426 Σκόπησον
906 2367 1107 2420 Παῦλον
1182 2365 1524 2440 ἕργαζόμενον
1607 2365 1921 2431 ἀπαύστως,

317 2457 702 2534 ὁδοιποροῦντα
743 2461 1017 2524 συντόνως,
1069 2456 1308 2522 πλέοντα,
1365 2452 1757 2519 κινδυνεύοντα,
1801 2472 1925 2526 χει-

317 2550 628 2624 μαζόμενον,
688 2546 1040 2620 ἕλαυνόμενον,
1101 2546 1505 2619 μαστιζομενον,
1563 2544 1924 2617 λιθαξόμενον,

316 2646 478 2692 πᾶσιν
535 2637 796 2711 ἀρκοῦντα
849 2642 956 2697 τοῖς
1019 2643 1333 2709 πειρασμοῖς
1389 2644 1452 2709 τῇ
1508 2636 1779 2708 προθυμίᾳ
1834 2641 1928 2695 τῆς

261 2777 268 2782 .
315 2729 523 2800 ψυχῆς,
565 2732 655 2779 καὶ
712 2735 784 2797 τῷ
843 2727 1010 2779 σθένει
1057 2734 1150 2779 τοῦ
1206 2731 1468 2798 σώματος.
1524 2725 1584 2778 Εἰ
1629 2720 1687 2776 δε
1746 2721 1807 2782 ἦν
1860 2731 1922 2796 τῇ

318 2818 541 2892 ἀμετρία
589 2815 868 2890 παραλύων
934 2821 1030 2874 τὴν
1086 2824 1178 2868 τοῦ
1235 2821 1478 2888 σώματος
1529 2811 1773 2886 δύναμιν,
1833 2812 1928 2864 οὐκ

318 2908 380 2959 ἂν
441 2905 525 2959 ἰπὶ
585 2909 792 2968 τούτοις
860 2904 1211 2978 ἰστεφανώθη.
1285 2903 1452 2957 Καλόν
1519 2899 1627 2968 οὖν,
1696 2905 1781 2955 τόν
1833 2909 1927 2954 τοῦ

320 2999 581 3049 Δεσπότου
611 2993 728 3068 βίον
771 2999 862 3047 καὶ
909 3002 1009 3048 τῶν
1059 2997 1248 3048 τούτου
1293 2995 1542 3066 μαθητῶν
1572 2997 1664 3044 καὶ
1693 2991 1924 3044 ἀποστό-

316 3084 413 3137 λων
439 3085 550 3155 (63)
583 3081 676 3137 διεὶ
705 3103 759 3137 τε
788 3093 888 3138 τῶν
915 3083 1166 3156 ψυχικῶν
1199 3083 1388 3158 ἀρετῶν
1416 3079 1510 3135 δια
1538 3101 1592 3135 τε
1621 3091 1720 3133 τῶν
1754 3099 1928 3153 σῶμα·
1957 3113 1996 3170 C

319 3183 476 3227 τικῶν
517 3172 838 3247 ἀσκημάτων
890 3177 1244 3248 μιμούμενον,
1305 3171 1506 3246 ἐνεργὸν
1563 3175 1815 3246 παρέχειν
1868 3173 1926 3222 τὸ

324 3272 476 3335 σῶμα
512 3271 630 3325 ταῖς
668 3268 912 3338 αρίσταις
966 3265 1377 3338 ύπηρετούμενον
1435 3262 1677 3336 πράξεσι.
1738 3268 1929 3332 Ψυχῆς

325 3355 413 3424 μὶν
441 3353 540 3425 γὰρ
570 3355 628 3403 τὸ
668 3354 981 3426 προελέσθαι
1025 3362 1126 3404 τῶν
1167 3351 1335 3404 καλῶν
1389 3355 1490 3404 ὅσα
1531 3355 1622 3402 καὶ
1653 3359 1714 3424 τῇ
1753 3369 1929 3424 συνερι

323 3446 419 3513 γίᾳ
472 3447 564 3493 τοῦ
607 3447 846 3513 σώματος
906 3440 1219 3494 τελειοῦνται
1247 3442 1379 3512 (64)·
1449 3446 1684 3513 σώματος
1747 3436 1806 3492 δι
1868 3442 1926 3492 τὸ

326 3533 544 3605 ἂνεργείν
609 3530 738 3604 οἱπερ
795 3532 826 3588 ἠ
896 3529 1051 3602 ψυχὴ
1120 3529 1404 3603 προείλετο.
1475 3529 1804 3590 Ἀτονοῡντος
1870 3525 1929 3581 δε

322 3623 510 3673 τούτου
554 3623 686 3694 πρὸς
739 3623 833 3678 τὴν
879 3619 1152 3693 ἐνέργειαν,
1207 3617 1447 3692 ἡμιτελὲς
1496 3621 1554 3671 τὸ
1611 3620 1930 3691 κατόρθωμα

324 3710 372 3762 ἐν
427 3716 730 3787 προαιρέσει
791 3715 1163 3786 κρυπτόμενον,
1231 3711 1462 3784 καθάπερ
1526 3727 1578 3761 τι
1641 3707 1930 3782 βλάστημα

322 3807 431 3864 τοῖς
470 3811 568 3865 τῆς
613 3809 710 3873 γῆς
762 3800 972 3862 κόλποις
1027 3799 1484 3874 ἐμμαραινόμενον,
1534 3804 1624 3851 καὶ
1689 3799 1747 3851 οὐ
1805 3819 1929 3873 προ·-

325 3888 496 3942 ϐαἰνον
527 3890 600 3951 εἰς
629 3897 831 3966 χρῆσιν
862 3891 1076 3954 τούτων,
1111 3885 1182 3940 δι’
1215 3888 1304 3949 οὓς
1328 3893 1416 3940 καὶ
1441 3891 1553 3960 ἔφυ.

1483 276 1618 329 CON
1631 266 2082 328 STITUTIONES
2127 267 2319 323 ΜΟΝΑ
2332 268 2544 324 STICAS

3548 277 3686 330 1358

2028 390 2212 446 rebus
2241 391 2320 446 ad
2350 391 2676 447 vivendum
2711 391 3071 448 necessariis
3094 405 3216 447 non
3241 392 3577 452 admodum
3598 397 3686 453 in-

2028 483 2234 536 structi
2257 482 2452 553 (cujus
2486 483 2569 536 rei
2585 483 2750 538 testis
2778 487 2866 536 est
2895 495 3164 554 praesepe
3193 481 3360 553 quod
3389 499 3685 542 veneran-

2025 569 2107 625 do
2141 570 2340 643 partui
2387 571 2810 637 inservivit"),
2859 575 3051 638 erant,
3093 574 3156 626 ut
3201 571 3519 629 verisimile
3567 579 3683 644 est,

2024 659 2341 715 laboribus
2381 661 2650 733 corporis
2689 660 2954 717 assiduis
2992 659 3196 731 dediti,
3228 661 3311 717 sic
3343 666 3407 718 ut
3447 663 3564 719 hac
3591 679 3686 721 ra-

2025 749 2190 805 tione
2219 765 2313 805 res
2334 751 2707 807 necessarias
2733 749 2996 823 sibiipsis
3035 758 3484 824 compararent.
3506 756 3682 811 Jesus

2025 844 2248 906 autem,
2274 845 2338 896 ut
2368 841 2452 896 ait
2480 842 2806 914 Scriptura,
2838 840 2933 896 his
2959 840 3290 912 subjectus,
3320 841 3684 918 laboresque

2026 944 2151 984 una
2171 945 2309 984 cum
2332 929 2476 1003 ipsis
2496 930 2875 1002 perferendo,
2898 929 3307 986 obedientiam
3324 947 3498 988 suam
3518 949 3684 1006 pror-

2027 1035 2130 1074 sus
2150 1019 2497 1076 declaravit.
2516 1023 2806 1077 Caeterum
2829 1025 3030 1076 autem
3050 1022 3338 1093 temporis
3357 1039 3684 1095 progressu

2027 1123 2165 1164 cum
2187 1109 2398 1165 herilia
2417 1109 2745 1182 divinaque
2767 1108 3064 1166 beneficia
3111 1109 3434 1181 detegeret,
3466 1119 3543 1182 et,
3572 1115 3686 1171 ele-

2028 1197 2136 1252 ctis
2165 1198 2418 1269 posthac
2457 1197 2794 1270 discipulis,
2842 1197 2918 1254 de
2961 1198 3354 1270 priedicando
3391 1201 3685 1260 calorum

2027 1301 2216 1356 regno
2237 1287 2542 1357 cogitaret,
2565 1302 2960 1360 nequaquam
2980 1287 3042 1342 in
3064 1303 3188 1343 uno
3204 1289 3432 1359 angulo
3453 1292 3686 1364 positus

2029 1382 2132 1432 aut
2157 1393 2408 1450 corpore
2438 1376 2772 1447 exsolutus,
2801 1375 3060 1432 aliorum
3080 1377 3393 1448 indigebat
3421 1381 3689 1438 ministe-

2028 1465 2139 1533 rio,
2164 1467 2268 1522 sed
2291 1467 2477 1522 modo
2498 1465 2924 1532 obambulans,
2942 1469 2998 1522 et
3017 1465 3263 1523 assidue
3285 1467 3546 1540 pedibus
3577 1469 3690 1526 iter

2031 1555 2378 1621 conﬁciens,
2417 1571 2541 1611 una
2589 1570 2728 1611 cum
2764 1554 3082 1627 discipulis
3121 1555 3248 1613 suis
3282 1557 3686 1627 ministrabat,

2030 1642 2192 1698 velut
2208 1643 2337 1715 ipse
2359 1644 2507 1700 dixit
2531 1661 2544 1699 :
2577 1645 2706 1715 Ego
2723 1651 2924 1700 autem
2948 1646 3012 1700 in
3037 1645 3229 1701 medio
3251 1652 3513 1703 vestrum
3534 1663 3686 1715 sum,

2030 1734 2183 1789 sicut
2213 1735 2318 1805 qui
2345 1736 2652 1791 ministrat
2680 1736 2748 1790 ³³.
2801 1738 2984 1791 Item:
3017 1736 3178 1792 Sicut
3207 1735 3404 1792 Filius
3434 1736 3690 1793 hominis

2031 1838 2152 1877 non
2176 1824 2333 1878 venit
2356 1825 2718 1891 ministrari,
2740 1825 2844 1880 sed
2867 1825 3217 1881 ministrare
3233 1826 3282 1860 ⁸ο
3303 1842 3316 1880 :
3341 1824 3527 1882 modo
3547 1841 3691 1882 vero

2031 1911 2276 1967 lavabat
2292 1913 2477 1985 pedes
2493 1913 2934 1986 discipulorum
2948 1915 2991 1948 ³¹
3004 1954 3016 1967 .
3037 1915 3265 1968 Rursus
3289 1918 3490 1970 autem
3510 1915 3572 1970 in
3588 1915 3693 1970 do-

2034 2001 2228 2058 cendo
2271 2002 2376 2059 diu
2424 2003 2756 2068 immorari,
2790 2015 2862 2059 ac
2908 2003 3114 2060 locum
3154 2019 3228 2060 ex
3265 2002 3402 2060 loco
3434 2003 3694 2076 impigro

2032 2098 2377 2165 permutare
2398 2093 2608 2150 salutis
2628 2097 2849 2150 nostra:
2879 2093 3078 2164 gratia
3091 2109 3216 2151 non
3240 2093 3693 2152 intermittebat.

2035 2181 2229 2237 Semel
2244 2188 2444 2238 autem
2461 2183 2969 2254 jumento,eoque
2989 2183 3070 2238 ad
3089 2183 3374 2252 exiguum
3399 2184 3699 2241 duntaxat

2037 2276 2274 2343 tempus
2312 2288 2457 2327 usus
2487 2273 2671 2328 fuisse
2701 2272 3070 2344 comperitur
3086 2273 3155 2339 ³³,
3186 2287 3312 2328 non
3333 2277 3398 2328 ut
3425 2273 3699 2332 reﬁceret

2034 2375 2274 2432 corpus,
2308 2361 2420 2416 sed
2441 2366 2505 2416 ut
2525 2361 2676 2433 ipsis
2697 2360 2984 2433 operibus
3010 2361 3394 2434 prophetiam
3414 2362 3699 2434 obsigna-

2036 2454 2143 2505 ret.
2177 2449 2332 2516 Quid
2362 2466 2506 2506 vcro
2533 2450 2840 2523 apostoli?
2884 2453 3096 2508 Nonne
3123 2451 3450 2508 Dominum
3478 2451 3698 2510 imitati

2037 2540 2228 2595 sunt?
2258 2555 2461 2595 nonne
2488 2539 2791 2596 vacabant
2811 2540 3075 2596 assiduis
3099 2539 3459 2596 laboribus?
3491 2541 3696 2598 Consi-

2036 2628 2184 2685 dera
2208 2629 2459 2685 Paulum
2488 2629 2898 2686 indesinenter
2925 2629 3329 2698 laborantem,
3347 2632 3561 2687 acriter
3589 2632 3699 2688 iter

2036 2717 2377 2783 facientem,
2411 2720 2822 2789 navigantem,
2853 2719 3310 2791 periclitantem,
3336 2725 3696 2792 tempestate

2032 2808 2350 2880 jactatum,
2377 2809 2676 2879 fugatum,
2705 2809 2915 2880 ﬂagris
2950 2823 3197 2878 caesum,
3216 2809 3522 2882 lapidibus
3551 2811 3698 2882 peti-

2038 2904 2187 2967 tum,
2211 2899 2400 2955 animi
2416 2899 2722 2955 alacritate
2748 2905 2804 2954 et
2829 2900 3098 2972 corporis
3129 2900 3410 2956 firmitate
3437 2899 3700 2958 ferendis

2037 2988 2324 3044 omnibus
2345 2987 2777 3044 tentationibus
2797 3003 2919 3043 non
2940 2988 3442 3062 imparem.Quod
3465 2989 3513 3046 si
3533 3006 3699 3047 ener-

2039 3082 2236 3134 vasset
2265 3077 2534 3149 corporis
2563 3078 2721 3132 vires
2751 3093 2859 3149 per
2885 3077 3476 3150 immoderationem,
3502 3079 3697 3136 haud-

2038 3183 2346 3240 quaquam
2361 3167 2580 3224 olihtec
2597 3183 2886 3222 coronam
2910 3172 3226 3223 assecutus
3237 3167 3700 3234 fuisset.Quam-

2039 3259 2251 3314 obrem
2269 3257 2554 3331 praeclare
2580 3258 2780 3326 faciet,
2801 3259 2907 3330 qui
2931 3257 3189 3326 Domini,
3213 3257 3494 3333 illiusque
3514 3260 3697 3317 discis

2041 3349 2321 3422 pulcrum
2355 3364 2424 3404 ac
2447 3347 2862 3421 apostolorum
2892 3348 3070 3404 vitam
3092 3353 3217 3404 tam
3240 3365 3347 3421 per
3371 3349 3561 3406 animi
3582 3351 3697 3406 vir-

2041 3445 2192 3494 tutes
2215 3453 2400 3511 quam
2424 3454 2531 3511 per
2551 3439 2820 3511 corporis
2841 3438 3120 3494 exercitia
3137 3439 3453 3505 imitando,
3475 3455 3695 3514 corpus

2039 3534 2349 3584 strenuum
2363 3535 2418 3583 et
2431 3528 2802 3600 optimorum
2819 3543 3075 3600 operum
3091 3528 3436 3585 ministrum
3451 3534 3700 3603 praesta-

2038 3617 2147 3675 bit.
2177 3616 2376 3672 Animi
2416 3616 2579 3672 enim
2609 3619 2722 3682 est,
2754 3615 2921 3672 bona
2959 3615 3228 3686 seligere,
3262 3632 3397 3689 quae
3439 3618 3698 3690 posthac

2038 3705 2432 3777 perﬁciuntur
2461 3703 2731 3775 corporis
2756 3719 2979 3776 opera;
3023 3705 3291 3776 corporis
3318 3721 3483 3774 vero,
3528 3722 3698 3762 exse;

2039 3797 2142 3869 qui
2160 3810 2295 3868 quas
2323 3793 2566 3851 animus
2593 3795 2820 3863 selegit.
2840 3793 3014 3859 Quod
3035 3793 3084 3849 si
3110 3808 3330 3866 corpus
3361 3794 3697 3852 invalidum

2039 3892 2130 3945 est
2175 3885 2253 3941 ad
2303 3883 2632 3954 agendum,
2683 3883 3103 3955 imperfectum
3151 3889 3425 3940 remanet
3463 3883 3698 3942 virtutis

323 3994 478 4051 opus
507 3994 645 4034 cum
675 3977 1008 4035 occultetur
1036 3976 1097 4032 in
1128 3977 1316 4032 animi
1343 3976 1638 4032 sententia
1667 3976 1848 4033 veluti
1887 3991 2136 4048 germen
2165 3973 2503 4048 quoddam,
2536 3973 2704 4044 quod
2733 3973 2794 4028 in
2838 3978 3007 4028 terras
3046 3971 3276 4028 sinibus
3319 3978 3695 4047 emarcescrt,

317 4084 432 4131 nec
458 4069 536 4124 ad
565 4085 750 4124 usum
781 4084 993 4124 eorum
1025 4072 1268 4140 propter
1293 4081 1448 4139 quos
1477 4065 1841 4138 productum
1873 4073 1985 4137 est,
2017 4065 2309 4140 pervenit.

393 4189 449 4240 7.
481 4183 652 4242 Ἀλλὰ,
687 4189 837 4256 φησὶ,
873 4189 962 4236 καὶ
1013 4185 1038 4235 6
1081 4185 1268 4256 Κύριος
1305 4182 1513 4234 ἀσιτίαν
1563 4188 1928 4256 ἐπιτεταμένην

329 4269 588 4346 διήνεγκε,
637 4278 726 4326 καὶ
778 4277 1013 4336 Μωϋσῆς
1053 4269 1113 4326 δὲ
1151 4269 1301 4326 οὐδὲν
1361 4265 1536 4339 ἧττον,
1569 4278 1659 4324 καὶ
1691 4272 1866 4334 Ἠλίας
1903 4273 1928 4324 ό

325 4370 612 4439 προφήτης.
645 4363 799 4417 Ἀλλὰ
854 4369 943 4416 καὶ
986 4371 1142 4416 τοῦτο
1195 4366 1482 4429 σκόπησον,
1540 4363 1621 4414 ὁτι
1665 4364 1689 4414 ὁ
1745 4367 1931 4439 Κύριος

2111 4188 2164 4238 7.
2223 4180 2359 4250 Sed,
2415 4180 2628 4253 inquit,
2689 4183 2745 4236 et
2797 4179 3090 4236 Dominus
3140 4180 3385 4253 pertulit
3433 4181 3700 4239 inediam

2041 4267 2413 4340 diuturnam,
2458 4275 2514 4325 et
2546 4269 2781 4342 Moyses
2810 4284 3076 4343 quoque,
3109 4272 3166 4326 et
3197 4269 3351 4328 Elias
3380 4269 3699 4345 propheta.

2043 4364 2264 4417 Verum
2315 4360 2459 4416 illud
2500 4359 2682 4416 etiam
2732 4357 3171 4429 animadverte,
3222 4361 3547 4418 Dominum
3594 4379 3700 4420 no-

328 4453 472 4525 ἠμῶν
530 4449 670 4515 ἅπαξ
727 4460 882 4505 τοῦτο
935 4455 1088 4526 μόνον
1144 4451 1392 4521 ἐποίησε,
1451 4455 1541 4503 καὶ
1598 4458 1828 4514 Μωϋσῆς
1875 4449 1929 4506 δὲ

2046 4454 2259 4518 strum,
2289 4454 2344 4505 et
2374 4451 2636 4522 Moysen,
2672 4447 2938 4521 itemque
2985 4448 3192 4517 Etiam,
3220 4449 3280 4504 id
3325 4444 3509 4507 semel
3547 4453 3700 4508 dun-

328 4545 416 4593 καὶ
476 4539 648 4604 Ἠλίας
706 4541 914 4616 ὁμοίωςο
983 4545 1070 4595 τὸν
1126 4539 1184 4595 δί
1245 4539 1423 4594 λοιπόν
1488 4543 1680 4616 χρόνον
1735 4539 1937 4594 ἅπαντα

328 4629 375 4684 ίν
435 4629 578 4695 τάξει
632 4641 692 4706 τῇ
749 4634 1095 4708 προσηκούσῃ
1155 4629 1600 4707 διακυβερνῶντες
1652 4634 1710 4684 τὸ
1760 4640 1931 4704 σῶμα,

331 4725 420 4774 καὶ
476 4717 677 4798 ἐνεργὸν
726 4729 880 4775 τοῦτο
929 4726 1269 4798 παρέχοντες,
1318 4724 1502 4784 κόποις
1545 4735 1600 4774 τε
1638 4727 1730 4774 καὶ
1760 4725 1938 4784 πόνοις

329 4811 763 4885 προσομιλοῦντες
813 4809 914 4880 ἀεὶ,
984 4811 1119 4864 οὕτω
1186 4814 1280 4874 τὰς
1340 4808 1525 4885 ἀρετὰς
1591 4819 1685 4874 τῆς
1750 4807 1939 4884 ψυχῆς

329 4907 392 4974 τῇ
443 4907 691 4974 συνεργίᾳ
741 4911 833 4955 τοῦ
895 4907 1132 4976 σώματος
1180 4900 1603 4976 ἀπελάμπρυναν,
1666 4905 1751 4954 τον
1808 4919 1940 4976 πρα-

330 4993 507 5042 κτικὸν
563 4987 680 5063 βίον
738 4989 1012 5065 σφραγῖδα
1059 4995 1148 5044 καὶ
1199 4991 1458 5044 τελείωσιν
1507 4997 1602 5052 τῆς
1651 5007 1939 5064 πνευματια

331 5088 430 5142 κῆς
495 5079 750 5141 πολιτείας
810 5087 1148 5155 πεποιημένοι
1177 5123 1189 5136 .
1255 5088 1418 5134 Τοῦτο
1487 5083 1576 5153 μεν
1659 5088 1891 5142 Mentiar);
1925 5124 1938 5150 ,

404 5234 450 5269 ³³
495 5236 633 5289 Luc.
661 5247 724 5303 ιι,
755 5239 808 5289 7.
889 5235 935 5269 ’θ
979 5234 1119 5289 Luc.
1153 5247 1298 5302 xm,
1327 5234 1417 5289 27.

410 5385 528 5458 (6t)
568 5385 770 5440 Codex
803 5382 966 5439 Colb.
993 5383 1193 5458 ἑαυτοῖς
1220 5385 1597 5458 ἐκπορίζοντες.
1633 5384 1824 5440 Vossii
1849 5400 1943 5440 ve-

344 5456 437 5508 tus
468 5453 616 5528 liber
644 5461 841 5528 ταύτην
875 5457 1049 5528 αὐτοῖς
1075 5453 1475 5528 ἐπιπορίζοντες.

415 5527 524 5592 (62i
554 5528 715 5599 _Editi
747 5527 831 5580 ἐπὶ
865 5527 1039 5599 ὀλίγῳ.
1090 5526 1336 5599 Antiqui
1389 5534 1504 5582 tres
1546 5526 1683 5599 libri
1732 5532 1950 5598 praeter

349 5596 518 5652 Voss.
544 5596 625 5651 ἐπὶ
655 5599 847 5672 ὀλίγον.
878 5595 1007 5656 Μόή
1036 5598 1231 5655 codex
1252 5595 1429 5656 'Colb.
1464 5607 1619 5673 σῶμα
1649 5595 1950 5652 διᾶναπαύ-

1496 5234 1543 5267 ³⁰
1583 5233 1787 5289 Matth.
1820 5247 1918 5295 χιι,
1951 5235 2042 5288 28.

2047 4545 2210 4598 taxat
2241 4534 2454 4596 fecisse
2480 4555 2492 4594 :
2523 4537 2628 4594 sed
2661 4543 2781 4594 toto
2807 4539 3039 4610 reliquo
3065 4541 3335 4611 tempore
3358 4555 3579 4614 corpus
3603 4539 3704 4599 de-

2045 4630 2171 4686 bita
2201 4627 2620 4686 moderatione
2651 4625 3042 4698 gubernasse,
3077 4625 3348 4701 illudque
3368 4626 3703 4688 reddidisse

2048 4724 2360 4775 strenuum
2406 4722 2465 4774 et
2518 4715 2808 4784 validum,
2869 4729 3108 4788 semper
3159 4721 3216 4773 et
3270 4715 3328 4773 in
3383 4713 3701 4776 laboribus

2047 4811 2191 4865 etin
2241 4808 2530 4864 aerumnis
2583 4811 2909 4871 versantes,
2970 4806 3175 4879 sicque
3224 4807 3412 4863 animi
3456 4807 3705 4866 virtutes

2048 4899 2316 4971 corporis
2349 4913 2463 4970 ope
2506 4895 2901 4966 illustrarunt,
2933 4900 3245 4953 actuosam
3278 4897 3462 4954 vitam
3489 4907 3600 4954 ceu
3631 4897 3706 4954 sl-

2050 4989 2259 5058 gillum
2292 4992 2470 5060 atque
2509 4982 2938 5059 perfectionem
2989 4985 3314 5058 spiritualis
3344 4983 3519 5062 550
3568 4987 3704 5044 vitas

2049 5084 2428 5152 praestantes.
2489 5080 2610 5134 Hoc
2667 5079 2920 5150 Moyses,
2973 5077 3090 5134 hoc
3141 5077 3312 5146 Elias,
3369 5079 3486 5135 hoc
3525 5080 3705 5136 etiam

2119 5231 2165 5268 ‘1
2205 5235 2378 5289 Joan.
2411 5245 2530 5297 XIII,
2690 5231 2738 5266 ³³
2777 5232 2979 5288 Matth.
3012 5247 3129 5302 xxi,
3162 5236 3214 5287 7.

2055 5402 2242 5525 πῖ.ἔὲἒῇ
2283 5459 2517 5512 Veteres
2547 5455 2670 5511 duo
2709 5455 2843 5510 libri
2887 5473 2978 5505 και
3031 5464 3133 5508 τῶν
3181 5453 3500 5512 ἀποστόλων.
3531 5453 3710 5512 Ριιτιίι

2060 5527 2197 5583 cula
2227 5533 2317 5579 καί
2341 5529 2399 5583 in
2432 5528 2604 5583 editis
2629 5527 3028 5582 desideratur.

2133 5602 2246 5667 (64)
2289 5599 2491 5656 Codex
2521 5599 2687 5656 Colb.
2720 5596 3022 5651 τελειοῦται.
