4120 6376
454 268 594 324 1359
1809 257 1867 314 S.
1910 254 2081 312 BASII

2210 256 2454 316 MAGNI.
2890 317 2902 325 .
3686 278 3828 335 i360

445 393 708 448 Joannes
736 387 865 461 ipse
892 385 1124 443 effecit:
1170 385 1275 458 qui
1305 401 1375 442 ex
1421 400 1648 442 arcano
1677 382 1951 458 quodam
2006 382 2072 436 De

2219 390 2374 436 τοῦτο
2406 383 2467 439 δε
2506 387 2705 454 Ἠλίας,
2749 397 2904 443 τοῦτο
2944 387 3004 444 δε
3058 396 3149 444 καὶ
3197 392 3439 457 Ἰωάννης
3469 397 3649 470 αὐτὸς,
3692 401 3829 454 οἰκοσ-

448 480 700 538 consilio
728 477 916 535 diuin
954 477 1194 533 deserto
1221 480 1652 543 commoratus,
1685 473 2074 547 completoqu

2218 478 2377 547 νομίᾳ
2426 479 2517 549 μεν
2566 476 2846 554 ἀπορρήτῳ
2893 484 2988 539 τὴν
3025 486 3246 554 χρονίαν
3289 481 3339 536 ἓν
3492 485 3668 561 ἐρήμῳ
3700 487 3829 543 δια-

446 572 565 629 hoc
594 568 847 627 consilio
879 566 959 623 ad
988 567 1300 637 regionem
1346 566 1574 622 cultam
1606 564 1932 638 profectus,
1971 566 2071 617 tun

2219 562 2405 637 τριϐὴν
2469 570 2839 641 ποιησάμενος·
2906 572 3039 641 μετὰ
3104 566 3164 623 δε
3228 576 3324 631 τὴν
3401 574 3672 649 πλήρωσιν
3736 589 3829 641 τῆς

448 666 507 718 et
519 659 894 734 prredicavit,
912 662 971 714 et
995 656 1320 729 baptizavit
1339 655 1530 729 (quod
1552 655 1804 729 pertinet
1826 651 1905 708 ad
1929 650 2075 707 actic

2221 652 2537 727 οἰκονομίας,
2588 655 2672 710 ἐπὶ
2716 663 2811 716 τὴν
2857 664 3254 733 κεκοσμημένην
3295 669 3478 739 χώραν
3526 665 3703 736 ἐλθὼν,
3734 688 3828 729 κη-

446 751 637 821 nem),
669 753 729 807 et
770 750 852 805 ob
899 763 1075 804 suam
1122 746 1415 820 loquendi
1453 746 1789 802 libertatem
1819 743 2073 799 adversu

2219 745 2431 818 ρύσσων
2460 765 2515 799 τε
2552 752 2644 800 καὶ
2688 746 2987 820 βαπτίζων,
3037 748 3072 800 ἀ
3121 756 3213 803 τοῦ
3259 755 3507 826 πράττειν
3555 754 3686 825 ἐστὶ,
3736 764 3826 812 καὶ

449 838 768 904 Herodem,
800 841 1106 894 certamen
1155 835 1444 892 absolvit.
1486 838 1606 891 Hoc
1644 839 1703 890 et
1743 832 1944 890 omnis
1976 846 2076 887 san

2220 829 2275 884 ἐκ
2304 840 2400 894 τῆς
2429 834 2544 905 (65)
2581 839 2715 910 πρὸς
2741 839 2829 889 τὸν
2872 833 3113 911 Ἡρώδην
3152 838 3451 915 παρρησίας
3478 847 3572 902 τὴν
3602 846 3826 905 ἄθλησιν

450 935 685 987 ctorum
709 931 995 996 turma,et
1023 925 1152 998 ipse
1176 927 1350 980 Jesus
1371 924 1527 991 fecit,
1542 925 1602 980 in
1626 922 1865 993 agendo
1888 920 2077 977 scilice

2218 920 2585 996 τελειούμενος.
2633 932 2799 978 Τοῦτο
2837 931 2927 979 καὶ
2968 933 3072 989 πᾶς
3123 929 3148 979 ὁ
3194 936 3294 981 τῶν
3325 930 3485 1002 ἁγίων
3516 935 3822 1008 κατάλογος,

446 1032 883 1093 perseverans:
919 1019 984 1071 ut
1015 1013 1323 1070 undelibet
1346 1014 1603 1086 planum
1625 1018 1787 1068 esset
1816 1016 1873 1068 et
1896 1009 2073 1082 explo

2216 1014 2306 1063 xui
2353 1009 2561 1077 Ἰησοῦς
2600 1014 2759 1078 αὐτὸς
2813 1014 2862 1068 ἐν
2920 1025 2992 1088 τῷ
3039 1019 3286 1082 πράττειν
3339 1016 3375 1072 δ
3381 1021 3612 1076 ιατελῶψ
3648 1028 3715 1088 ὡς
3761 1023 3828 1079 εἷ·-

445 1113 647 1165 ratum
672 1123 814 1163 cum
840 1122 913 1162 ex
941 1108 1178 1161 naturae
1206 1103 1464 1173 legibus,
1493 1107 1622 1159 tum
1654 1118 1725 1159 ex
1761 1101 2072 1158 divinarum

2215 1119 2300 1152 ναι
2352 1103 2601 1156 πάντοθεν
2665 1101 2825 1163 δῆλον
2854 1107 2910 1158 ἔκ
2964 1126 3021 1159 τε
3066 1115 3167 1159 τῶν
3228 1113 3395 1182 νόμων
3461 1120 3557 1175 τῆς
3623 1118 3827 1186 φύσεως

449 1198 895 1271 Scripturarum
938 1195 1237 1261 doctrina,
1281 1199 1411 1250 tum
1441 1209 1516 1249 ex
1562 1191 1836 1249 omnium
1865 1194 2075 1246 sancto

2216 1194 2307 1242 xui
2333 1186 2424 1253 τῆς
2462 1189 2820 1258 διδασκαλίας
2845 1204 2945 1248 τῶν
2987 1198 3137 1250 θείων
3166 1203 3400 1273 Γραφῶν,
3424 1203 3480 1253 ἔκ
3501 1221 3556 1255 τε
3584 1212 3685 1255 τῶν
3714 1213 3824 1268 τοῖς

445 1304 583 1344 rum
603 1286 798 1358 factis,
828 1290 959 1344 tum
990 1300 1063 1341 ex
1092 1284 1336 1340 vivendi
1365 1284 1598 1339 ratione
1625 1282 1816 1354 ipsius
1839 1282 2072 1336 Servata

2218 1279 2387 1352 ἁγίοις
2449 1282 2623 1336 ἅπασι
2687 1288 3059 1361 πεπραγμένων
3084 1328 3100 1353 ,
3167 1289 3223 1340 ἔκ
3287 1308 3343 1341 τε
3405 1297 3504 1352 τῆς
3564 1291 3823 1357 πολιτείας

445 1378 528 1435 ris
550 1377 761 1444 nostri,
787 1381 915 1433 tum
946 1390 1021 1431 ex
1059 1374 1272 1445 regula
1299 1374 1431 1429 vitae
1457 1374 1727 1429 virorum
1758 1371 1857 1445 pie
1883 1371 2072 1440 degen

2214 1377 2308 1423 τοῦ
2360 1379 2594 1449 Σωτῆρος
2645 1375 2808 1448 ἡμῶν,
2868 1381 2958 1429 καὶ
3011 1384 3103 1430 τοῦ
3148 1382 3361 1442 κανόνος
3407 1389 3500 1443 τῆς
3541 1391 3641 1435 τῶν
3670 1384 3821 1437 εὐσε-

444 1467 622 1537 tium,
654 1465 870 1522 melius
909 1480 1041 1521 esse
1087 1468 1271 1537 atque
1317 1462 1752 1536 praestabilius,
1802 1461 1848 1517 si
1883 1476 2071 1534 corpu

2215 1459 2439 1514 ϐούντων
2495 1464 2650 1532 ζωῆς,
2711 1467 2793 1518 ὅτι
2849 1465 3004 1519 καλὸν
3059 1471 3150 1520 καὶ
3210 1474 3469 1546 συμφέρον
3511 1476 3821 1526 συνεστάναι

441 1556 689 1613 ﬁrmum
712 1554 787 1612 sit
815 1570 887 1612 ac
915 1554 1263 1624 robustum,
1284 1569 1472 1626 quam
1495 1553 1546 1608 si
1574 1552 1918 1608 exsolutum
1943 1550 2068 1606 sita

2212 1550 2426 1624 μᾶλλον,
2475 1553 2505 1612 ᾖ
2552 1555 2838 1630 παρεῖσθαι
2892 1563 2967 1628 τῷ
3009 1561 3233 1630 σώματι·
3285 1563 3375 1612 καὶ
3428 1557 3630 1634 ὣεργόν
3667 1570 3821 1617 τοῦτο

441 1649 795 1704 enervatum
822 1663 835 1701 :
868 1643 1157 1718 itemque,
1192 1642 1241 1700 si
1266 1642 1557 1699 reddatur
1587 1641 1668 1699 ad
1696 1641 1892 1697 bonas
1923 1639 2068 1696 actic

2211 1645 2465 1716 παρέχειν
2520 1649 2633 1705 ταῖς
2680 1642 2917 1716 ἀγαθαῖς
2950 1646 3226 1720 πράξεσιν,
3277 1647 3307 1707 ἦ
3366 1646 3525 1723 ἀργον
3575 1650 3822 1716 ἑκουσίως

439 1750 551 1792 nes
600 1738 940 1805 strenuum,
988 1747 1178 1806 quam
1234 1732 1284 1789 si
1324 1730 1663 1789 voluntaria
1717 1729 2064 1787 aﬂlictation

868 1750 940 1805 cn,
988 1747 1178 1806 quam
1234 1732 1284 1789 si
1324 1730 1663 1789 voluntaria
1717 1729 2103 1787 aﬂlictatione
2134 1740 2175 1797 Β
2213 1728 2495 1786 ἀποτελεῖν.

437 1826 604 1886 iners
632 1824 740 1883 ﬁat
767 1839 839 1884 ac
867 1824 1067 1884 deses.
2763 1827 3154 1879 KEMAAION
3198 1825 3270 1882 E’.

1102 1915 1331 1971 CAPUT
1367 1915 1433 1969 ν.
2304 1909 2425 1964 Ὀτι
2453 1915 2711 1985 προσήκει

2304 1909 2425 1964 Ὀτι
2453 1915 2711 1985 προσήκει
2740 1915 2828 1965 τὸν
2857 1911 3097 1973 ἀσκητην
3135 1918 3262 1990 ἔργα
3299 1913 3624 1977 ἐπιτηδεύειν
3654 1921 3722 1972 τὰ

440 2005 613 2075 Quod
636 2005 913 2063 convenit
942 2009 1204 2061 ascetam
1228 2004 1291 2059 in
1317 2003 1389 2058 iis
1418 2002 1716 2073 operibus,
1746 2017 1878 2074 qua:
1906 2002 2101 2072 ipsum
2797 2006 3058 2075 πρέποντα
3085 2004 3224 2076 (66).

938 2094 1211 2161 deceant,
1252 2092 1599 2148 exercitari.
2282 2089 2565 2164 Ἐργάζεσε

2282 2089 2636 2164 Ἐργάζεσθαι
2686 2095 2863 2164 μέντοι
2919 2096 3005 2146 τὸν
3064 2092 3302 2155 ἀσκητὴν
3376 2103 3635 2172 προσήκει
3691 2102 3818 2174 ἔργα

511 2189 806 2245 Caeterum
847 2184 907 2241 in
938 2183 1010 2240 iis
1050 2199 1115 2239 se
1143 2181 1432 2256 operibus
1462 2196 1734 2237 exercere
1765 2183 1966 2236 asceta
1995 2179 2101 2236 de-

2209 2181 2276 2232 τά
2302 2183 2585 2255 πρέποντα,
2618 2181 2720 2233 ὅσα
2745 2181 3032 2244 καπηλείας
3074 2183 3254 2243 ἀπάση
3267 2206 3307 2251 ς,
3348 2190 3438 2237 xui
3484 2191 3815 2261 μακροτέρων

435 2276 560 2346 bet,
590 2291 730 2349 quas
762 2273 880 2331 sibi
908 2273 1308 2331 conveniant:
1358 2288 1496 2345 quae
1521 2270 1797 2327 videlicet
1823 2269 1903 2325 ab
1932 2286 2062 2326 om:

2209 2277 2611 2344 περιπασμών,
2669 2275 2761 2323 καὶ
2814 2269 3262 2348 αἰσχροκερδείας
3309 2271 3659 2331 ἀπήλλακται·
3714 2277 3816 2329 ὅσα

438 2362 1228 2440 cauponaria,longioriqne
1250 2361 1468 2418 mentis
1491 2360 1848 2418 avocatione
1866 2365 1923 2416 et
1942 2366 2065 2434 tur]:

2209 2358 2518 2431 ὑπωροφίων
2545 2362 2797 2431 μενόντων
2823 2361 2990 2432 ἡμῶν,
3024 2363 3093 2423 ὡς
3135 2363 3203 2413 τὰ
3243 2359 3432 2431 πολλὰ,
3466 2360 3815 2417 ἐπιτελεῖσθαι

435 2454 608 2513 lucro
633 2453 834 2511 aliena
853 2453 990 2522 sint,
1008 2467 1268 2526 quaeque
1293 2449 1681 2508 manentibus
1696 2449 1856 2506 intra
1874 2454 2062 2506 tectu:

2212 2442 2456 2515 δύναται,
2491 2449 2575 2501 ἶνα
2601 2448 2710 2521 (67)
2759 2453 2849 2501 xui
2880 2452 2939 2501 τὸ
2982 2451 3129 2523 ἔργον
3158 2449 3452 2525 πληρῶται,
3483 2456 3574 2504 καὶ
3604 2455 3815 2526 ἡσυχία

435 2543 616 2602 nobis
640 2546 708 2599 ut
729 2542 1060 2616 plurimum
1091 2539 1307 2597 conﬁci
1332 2539 1590 2612 possint,
1621 2543 1686 2595 ut
1707 2543 1765 2595 et
1790 2538 2062 2611 complea

2211 2535 2554 2609 φυλάττηται.
2587 2537 2650 2589 Εἰ
2680 2534 2741 2590 δέ
2779 2557 2833 2590 τι
2872 2534 2983 2590 δέοι
3014 2534 3108 2590 διὰ
3151 2542 3249 2598 τὴν
3298 2537 3586 2614 ἀναγκαίαν
3627 2548 3814 2618 χρείαν

438 2638 536 2691 tur
565 2647 745 2706 opus,
773 2638 831 2688 et
856 2630 1029 2705 quies
1060 2633 1346 2686 servetur.
1377 2628 1551 2695 Quod
1577 2628 1625 2684 si
1657 2629 1989 2701 oportuerit
2019 2627 2065 2684 ο]

2209 2630 2299 2678 καὶ
2339 2626 2592 2697 ὕπαιθρον
2622 2628 2766 2700 ἔργον
2816 2625 3079 2692 ἐπιτελεῖν,
3111 2625 3238 2682 οὐδὲ
3262 2636 3416 2683 τοῦτο
3461 2636 3556 2689 τὴν
3599 2631 3814 2704 φιλοσο-

437 2721 848 2780 inevitabilem
873 2718 1213 2792 quamdam
1233 2719 1652 2774 necessitatem
1673 2733 1830 2790 opus
1851 2718 2064 2790 aliquo

2211 2720 2330 2788 ρίαν
2360 2714 2604 2772 κωλύσει,
2652 2714 2712 2766 Ὀ
2750 2717 2851 2791 γὰρ
2903 2714 3120 2790 ἀκριϐὴς
3168 2718 3466 2792 φιλόσοφος,
3494 2728 3812 2795 φροντιστή-

439 2811 623 2869 etiam
645 2809 760 2867 sub
789 2809 893 2866 dio
921 2807 1148 2882 perﬁci,
1178 2823 1251 2863 ne
1281 2807 1397 2864 hoc
1425 2807 1673 2880 quidem
1705 2806 2066 2880 philosophi:

2208 2823 2318 2879 ριον
2340 2807 2476 2875 ἔχων
2505 2806 2561 2856 τὸ
2590 2812 2763 2878 σῶμα,
2794 2810 2885 2858 xui
2909 2812 3221 2880 καταγωγὴν
3249 2816 3340 2871 τῆς
3367 2808 3552 2882 ψυχῆς
3580 2808 3810 2885 ἀσφαλῆ,

437 2900 713 2957 futurum
738 2902 828 2955 est
854 2896 1311 2971 impedimento.
1342 2897 1453 2962 Qui
1483 2897 1645 2953 enim
1668 2912 1805 2952 vere
1833 2896 2064 2969 philosc

2209 2892 2303 2946 κάν
2357 2893 2433 2947 ἐπ’
2491 2892 2689 2969 ἀγορᾶς
2735 2895 2802 2947 ὢν
2860 2898 3003 2971 τύχη
3044 2897 3182 2965 (68),
3239 2897 3337 2951 κᾶν
3404 2900 3455 2953 ἐν
3501 2904 3810 2978 πανηγύρει,

438 2989 601 3063 phus
629 2992 737 3058 est,
766 2987 817 3044 ei
842 3003 982 3044 cum
1002 2994 1229 3059 corpus
1250 2986 1325 3042 sit
1347 2985 1480 3042 loco
1511 2985 1732 3043 scholae
1758 2989 1816 3041 et
1840 2978 2065 3057 gymna

2209 2981 2305 3036 κᾶν
2334 2981 2383 3035 ἕν
2421 2987 2549 3060 ὄρει,
2578 2983 2674 3036 κάν
2704 2982 2753 3037 ἓν
2793 2982 2955 3060 ἀγρῷ,
2986 2985 3082 3039 κᾶν
3120 2987 3312 3060 μεταξὺ
3340 2989 3573 3052 πλήθους
3600 2990 3811 3057 πολλοῦ,

442 3079 537 3149 sii,
569 3077 765 3150 sitque
794 3076 993 3133 eidem
1036 3076 1221 3134 animi
1253 3076 1425 3132 sedes
1455 3075 1827 3143 ﬁrmissima,
1861 3075 2069 3130 etiams

2211 3072 2261 3126 ἐν
2287 3081 2361 3145 τῷ
2392 3081 2598 3146 φυσικῷ
2627 3079 2966 3148 μοναστηρίῳ
2994 3073 3337 3151 καθίδρυται,
3387 3075 3534 3131 ἔνδον
3576 3081 3812 3151 συνάγων

436 3169 503 3226 in
522 3168 656 3225 foro
676 3166 872 3236 fuerit,
906 3166 1026 3223 sive
1055 3165 1118 3222 in
1145 3170 1470 3235 conventu,
1494 3166 1619 3221 sive
1638 3165 1699 3221 in
1725 3173 1949 3236 monte,
1977 3165 2061 3220 siv

2208 3166 2295 3216 τὸν
2324 3171 2465 3229 νοῦν,
2509 3168 2597 3216 καὶ
2654 3163 2944 3236 φιλοσοφῶν
2990 3167 3056 3217 τὰ
3103 3165 3244 3237 αὐτῷ
3274 3170 3554 3240 πρέποντα.
3588 3172 3812 3222 Δυνατόν

437 3258 504 3315 in
527 3272 696 3331 agro,
729 3256 852 3313 sive
870 3256 934 3312 in
954 3254 1158 3312 media
1183 3254 1585 3311 multitudinis
1612 3254 1968 3326 frequentia,
1988 3270 2064 3310 oc'

2207 3255 2306 3326 γὰρ
2337 3257 2428 3305 καὶ
2457 3255 2592 3306 οἶκοι
2619 3255 2930 3326 καθήμενον,
2964 3252 3058 3316 ἔξω
3086 3254 3505 3331 περιπλανᾶσθαι
3533 3277 3640 3319 τοις
3667 3256 3810 3331 λογι-

436 3346 503 3403 in
530 3345 796 3404 naturali
823 3343 1194 3402 monasterio
1233 3348 1684 3400 commoratur:
1726 3342 1952 3416 quippe
1991 3360 2063 3417 qu

2209 3349 2380 3416 σμοίςο
2442 3347 2533 3395 xui
2584 3340 2668 3395 ἰπὶ
2714 3350 2812 3405 τῆς
2867 3340 3060 3418 ἀγορᾶς
3122 3347 3258 3417 ὄντα,
3317 3350 3546 3418 νήφοντα
3609 3343 3690 3415 δε,
3740 3348 3812 3409 ,ὡς

438 3435 602 3493 intus
646 3434 728 3492 ad
759 3450 823 3493 se
870 3435 1127 3492 advocet
1171 3433 1470 3502 animum,
1518 3437 1577 3489 et
1603 3432 1679 3489 de
1708 3431 1914 3500 rebus,
1957 3449 2065 3506 qua

2207 3430 2286 3485 ἔπ’
2339 3431 2560 3508 ἐρημίας
2612 3427 2762 3499 εἶναι,
2817 3435 2949 3508 πρὸς
3003 3432 3183 3486 ἑαυτὸν
3238 3453 3295 3487 τε
3350 3440 3441 3488 xui
3490 3438 3622 3512 πρὸς
3681 3438 3810 3490 Θεὸν

438 3524 553 3582 sibi
582 3524 921 3588 conveniat,
962 3521 1445 3598 philosophetur.
1492 3521 1638 3578 Fieri
1685 3521 1848 3578 enim
1877 3527 2065 3595 potest

2204 3526 2359 3597 μόνον
2426 3520 2876 3598 ἕπιστρεφόμενον,
2945 3527 3037 3576 xui
3098 3523 3158 3576 οὗ
3226 3520 3512 3598 δεχόμενον
3577 3532 3690 3587 ταῖς
3728 3526 3809 3579 αἰ-

437 3618 507 3673 ut
535 3617 592 3672 et
617 3614 724 3685 qui
754 3612 923 3671 domi
949 3612 1206 3680 desidet,
1229 3611 1282 3669 is
1314 3616 1518 3668 tamen
1543 3615 1747 3667 mente
1771 3610 1936 3668 foras
1963 3627 2064 3668 eva

2207 3614 2433 3672 σθήσεσι
2468 3615 2594 3675 τοὺς
2647 3611 2703 3666 ἑκ
2753 3620 2854 3666 τῶν
2902 3612 3169 3673 αἰσθητῶν
3214 3622 3278 3688 τῇ
3335 3614 3491 3689 ψυχῇ
3554 3616 3809 3691 θορύϐους

435 3708 627 3776 getur,
659 3707 718 3760 et
747 3703 853 3777 qui
877 3703 942 3760 in
966 3702 1097 3760 foro
1126 3705 1422 3766 versatur,
1465 3699 1543 3769 is,
1575 3700 1626 3756 si
1665 3699 1889 3771 vigilet,
1916 3717 2062 3774 quas

1022 3718 1097 3760 iro
1126 3705 1422 3766 versatur,
1465 3699 1543 3769 is,
1575 3700 1626 3756 si
1665 3699 1889 3771 vigilet,
1916 3702 2097 3774 quasi
2202 3707 2649 3779 προσπίπτοντας.

432 3793 498 3852 in
518 3791 846 3851 solitudine
865 3792 1109 3859 sit,cum
1129 3794 1188 3848 et
1210 3790 1292 3847 ad
1312 3788 1704 3863 semetipsum
1725 3794 1784 3846 et
1803 3792 1883 3846 ad
1902 3792 2093 3847 Deum

433 3882 634 3941 solum
662 3897 988 3939 conversus
1018 3880 1112 3950 sit,
1152 3878 1567 3951 tumultusque
1596 3894 1669 3934 ex
1694 3877 1879 3935 rebus
1910 3879 2095 3935 sensi-

429 3970 656 4030 bilibus
680 3971 747 4027 in
776 3969 1052 4028 animum
1097 3968 1427 4041 irrepentes
1473 3982 1869 4042 nequaquam
1899 3968 2092 4025 sensi-

426 4059 543 4119 bus
564 4058 848 4132 excipiat.

1073 4147 1301 4204 CAPUT
1350 4148 1440 4204 Vl.

2783 4155 3175 4204 κΕψΑΑΑιοΝ
3215 4172 3282 4217 ς-

425 4237 597 4308 Quod
623 4252 745 4294 non
773 4237 1047 4293 convenit
1078 4242 1338 4293 ascetam
1363 4237 1606 4294 incaute
1633 4251 1766 4293 cum
1806 4237 2050 4294 omnibu

2193 4237 2316 4293 Ὅτι
2336 4238 2395 4291 οὐ
2415 4258 2526 4315 χρη
2559 4244 2720 4294 πᾶσιν
2752 4237 3041 4314 ἀνθρώποις
3070 4239 3379 4315 ἀφυλάκτως
3411 4238 3799 4317 συνδιατρίϐειν

860 4360 865 4364 ~
922 4324 1261 4382 hominibus
1290 4326 1577 4398 colloqui.

1564 4369 1577 4383 .
2811 4335 2898 4383 τόν
2928 4329 3190 4391 ἀσκητὴν.

494 4420 545 4474 Ι.
583 4417 717 4473 Jam
739 4430 818 4472 ne
845 4413 995 4471 illud
1019 4414 1269 4488 quidem
1295 4413 1486 4483 decet,
1521 4415 1791 4489 seipsum
1820 4416 2078 4474 homini-
2107 4444 2121 4498 ι

2268 4425 2318 4476 1.
2360 4419 2580 4496 Θαῤῥείν
2621 4416 2681 4473 δὲ
2717 4416 2857 4493 μηδὲ
2907 4427 3068 4475 πᾶσιν
3118 4421 3407 4498 ἀνθρώποις
3439 4420 3639 4490 ἑαυτὸν,
3691 4443 3798 4497 μη-

411 4506 530 4564 bus
553 4505 843 4564 omnibus
866 4504 1250 4572 concredere,
1275 4508 1378 4561 aut
1402 4520 1467 4561 se
1493 4504 1745 4578 aperire,
1766 4511 1870 4562 aut
1902 4523 1964 4562 se
1989 4508 2038 4563 in

2190 4507 2250 4564 δὲ
2330 4508 2664 4584 ἀπογυμνοῦν
2707 4553 2722 4578 ,
2816 4506 2957 4583 μηδὲ
3052 4508 3431 4565 ἀνακαλύπτειν
3526 4510 3795 4586 aeuum;

410 4600 584 4655 caute
621 4593 927 4667 detegere.
970 4594 1081 4660 Qui
1127 4593 1289 4650 enim
1319 4593 1658 4651 secundum
1691 4598 1880 4651 Deum
1909 4597 2037 4653 Vlle

2184 4604 2460 4675 προσήκει.
2522 4598 2749 4662 Πολλοὺς
2804 4602 2905 4674 γὰρ
2967 4596 3217 4677 ἐφέδρους
3268 4602 3293 4653 ό
3346 4603 3483 4654 κατά
3531 4606 3653 4656 Θεὸν
3693 4620 3793 4655 πο-

405 4685 549 4744 huic
576 4683 920 4758 cOmplures
944 4681 1329 4751 insidiantur,
1360 4688 1543 4757 atque
1572 4683 1612 4740 ii
1651 4683 1767 4756 ipsi
1805 4684 2032 4759 plerum

2179 4686 2501 4763 λιτευόμενος
2557 4692 2690 4761 ἔχειν
2750 4693 2838 4742 καὶ
2898 4688 3089 4751 αὐτοὺς
3144 4688 3397 4752 πολλάκις
3440 4694 3562 4753 τοὺς
3609 4690 3796 4743 οἰκειο-

403 4790 523 4850 que
550 4774 658 4849 qui
690 4777 831 4829 sunt
860 4771 914 4828 ei
944 4772 1080 4855 conj
1093 4771 1451 4843 unctissimi,
1478 4788 1641 4846 saepe
1669 4773 1855 4830 vitam
1877 4774 2030 4846 ipsiu

2177 4781 2385 4848 τάτους,
2451 4788 2543 4841 τῆς
2606 4778 2791 4832 ἑαυτοῦ
2851 4778 2991 4841 ζωῆς
3062 4783 3452 4843 κατασκόπους.
3523 4785 3793 4854 Προσήκει

400 4864 741 4939 explorant.
771 4864 980 4936 Itaque
1022 4877 1225 4936 operte
1270 4862 1529 4934 pretium
1558 4867 1650 4920 est
1678 4879 1803 4921 non
1842 4871 2027 4923 temer

2175 4875 2347 4922 τοίνυν
2393 4874 2465 4943 μὴ
2533 4867 2920 4932 ἀϐασανίστως
2989 4869 3258 4923 ποιεῖσθαι
3327 4870 3417 4930 τὰς
3482 4873 3614 4944 πρὸς
3673 4874 3795 4933 τοὺς

397 4970 540 5014 cum
558 4952 821 5012 externis
844 4950 1156 5024 congredi.
1181 4952 1239 5008 Si
1258 4950 1442 5023 enim,
1468 4958 1531 5010 ut
1555 4954 1725 5035 551
1756 4954 1840 5012 ait
1869 4958 2024 5012 Evan

2175 4960 2355 5025 ἔξωθεν
2402 4964 2714 5032 συντυχίας.
2782 4958 2843 5014 Εἰ
2907 4961 3009 5035 γὰρ
3069 4960 3095 5012 ὁ
3163 4963 3365 5033 Σωτὴρ,
3425 4960 3490 5023 ὦς
3543 4980 3676 5034 φησι
3733 4980 3790 5015 το

455 5158 571 5236 (65)
611 5156 921 5236 S_ic_Vossii
939 5159 1116 5236 vetus
1146 5155 1300 5236 liber
1328 5158 1533 5236 etalii
1584 5162 1725 5216 tres.
1760 5160 1914 5217 Editi
1957 5161 2057 5236 βα·
2171 5185 2359 5223 ποντα.

384 5228 585 5309 git-itan!
632 5228 734 5309 ἀπὸ
780 5236 873 5309 του
920 5232 1167 5309 πρςκττειν
1215 5232 1425 5309 ἔτι-καὶ
1459 5231 1525 5309 ἐκ
1569 5240 1708 5309 τῇςη
1743 5228 2011 5306 corrupte

2234 5241 2343 5309 (67)
2385 5236 2535 5293 Editi
2560 5234 2763 5291 δύναιτ’
2785 5235 2846 5289 ἂν
2872 5237 3074 5309 ίνα.ίΑῑ
3095 5252 3240 5294 mss.
3258 5241 3377 5295 tres
3399 5233 3435 5289 δ
3438 5238 3643 5309 ύναταιο
3667 5237 3776 5309 ἵνα.

383 5307 520 5382 Post
544 5301 804 5382 verbum
829 5299 1327 5382 ἀποτελεῖνηςιιοά
1341 5300 1414 5382 _i_n
1452 5301 1572 5382 ﬁne
1607 5299 2048 5382 hujus__capi_tis
2167 5299 2450 5366 ln‘Vossii
2480 5311 2663 5365 veteri
2690 5309 2845 5382 libro
2871 5308 2954 5365 ita
2977 5308 3197 5380 legitur
3227 5314 3364 5382 post
3385 5307 3663 5382 voculam
3685 5306 3773 5382 οἴνε

378 5373 614 5452 legitur,
633 5372 919 5452 additum
939 5371 1319 5452 inveniturin
1341 5373 1533 5429 Vossii
1557 5371 1743 5431 veteri
1767 5371 1926 5433 libro
1953 5375 2005 5430 δι

2162 5384 2296 5452 ᾤστε
2324 5384 2412 5434 τὸν
2432 5386 2586 5452 ,τόνον
2616 5388 2713 5442 τῆς
2740 5379 2925 5452 ψυχῆς
2953 5371 3168 5439 καὶντήν
3199 5371 3297 5452 ri};
3327 5378 3520 5452 ἀρετῆς
3553 5379 3774 5452 θεωρίαν

379 5440 902 5527 τήνᾷὑπερ-ϐολῄντῆς
934 5440 1153 5527 έξδείας.
1191 5518 1200 5527 1
1416 5520 1423 5526 '
1662 5521 1671 5527 ι
1746 5518 1777 5527 Α.
1878 5520 1888 5527 _
1931 5526 1936 5527 γ
2160 5450 2256 5506 διὰ
2283 5462 2374 5514 τῆς
2418 5440 3108 5527 ἑπιτεταγμνένηξῖργασίας
3151 5456 3223 5525 μὴ
3272 5440 3661 5523 ἀπαμϐλύνειν·’
3687 5451 3774 5502 ἱνα

452 5521 560 5599 (6-6)
579 5511 756 5599 :Ediu
785 5511 1111 5599 ἐπιτηδεύειν
1148 5518 1613 5599 τᾲῃπροσηκοντα.
1644 5518 1894 5599 Antiqui
1924 5526 2043 5578 tres

919 5511 1111 5599 πεζεύειν
1148 5518 1613 5599 τᾲῃπροσηκοντα.
1644 5518 1894 5599 Antiqui
1924 5526 2043 5599 tres
2156 5531 2246 5579 xui
2275 5511 2337 5577 τό
2360 5511 2546 5599 {pr/ay.

373 5585 515 5648 libri
537 5585 605 5642 τὰ
630 5589 912 5662 πρέποντα.
961 5588 1087 5644 Mox
1133 5585 1574 5665 editi-«posin:
1626 5592 1694 5643 τὰ
1739 5585 1867 5665 ἔργα
1911 5611 2000 5667 πρε

1462 5593 1574 5647 vixet
1626 5592 1694 5643 τὰ
1739 5585 1867 5665 ἔργα
1911 5597 2043 5667 πρέ·⁸
2226 5600 2345 5668 (68)
2384 5585 2586 5654 codex
2607 5594 2774 5652 Colb.
2806 5594 2876 5647 ὢν
2903 5598 3089 5669 τύχοι.
