4120 6380
280 402 411 457 1361

1436 389 2024 452 CONSTITUTIONES
2061 389 2497 450 MONASTICE.

3518 398 3657 456 £362

276 523 632 597 Εύαγγίλιον,
690 518 785 571 ούκ
847 515 1085 570 ἕπίστευε
1135 524 1242 577 τοῖς
1300 522 1462 571 πᾶσιν
1517 517 1697 570 ἑαυτὸν
1751 514 1869 585 (Λύ-

2000 512 2244 585 gelium,
2268 531 2390 571 non
2415 516 2700 573 omnibus
2727 517 2993 591 seipsum
3025 519 3428 577 concredebat
3450 522 3658 579 Serva-

275 618 361 675 τὸς
422 617 569 686 γὰρ,
646 612 843 683 φησὶν,
907 608 932 658 ό
1011 607 1218 668 Ἰησοῦς
1280 608 1392 679 (69)
1460 606 1552 659 ούκ
1621 606 1884 659 ἐπίστευεν

276 703 456 756 ἑαυτὸν
512 698 753 764 αύτοίς)·
827 696 872 749 εἰ
937 694 1158 764 ἐκεῖνος,
1228 696 1254 748 6
1316 698 1581 760 καθαοός.,
1644 697 1670 748 6
1732 696 1887 767 ἄμω-

273 811 391 866 μος,
447 793 474 843 ό
544 788 912 857 ἀνεπίληπτος,
969 787 995 838 6
1073 782 1296 854 δίκαιος,
1348 787 1375 837 6
1429 790 1488 838 τὸ
1540 792 1641 839 πᾶν
1699 783 1879 857 ἁρετὴ,

273 890 386 943 πῶς
450 883 603 953 ἡμεῖς
678 879 728 929 οἱ
792 875 1138 950 ἁμαρτωλοὶ,
1207 877 1255 928 οἱ
1320 875 1625 943 εύόλισθοι,
1693 875 1743 926 οἰ
1806 877 1878 946 μὴ

272 972 410 1023 κατά
453 971 649 1022 σκοπὸν
706 965 785 1018 ἀεὶ
832 961 1184 1037 εύοδούμενοι,
1216 972 1370 1017 τοῦτο
1400 966 1489 1036 μὶν
1522 960 1615 1017 διὰ
1642 968 1736 1021 τὴν
1779 982 1881 1034 φυ-

277 1064 433 1119 σικὴν
480 1057 770 1122 ἀσθένειαν,
801 1062 955 1108 τοῦτο
986 1051 1045 1107 δὲ
1085 1051 1179 1107 διὰ
1220 1056 1308 1108 τὸν
1352 1063 1588 1128 πονηρῶς
1618 1058 1709 1105 καὶ
1737 1051 1879 1105 ἀνεν-

275 1144 443 1210 δότως
494 1149 620 1220 ἡμῖν
671 1143 1118 1220 προσπαλαίοντα,
1169 1143 1379 1205 ἑαυτοὺς
1436 1140 1731 1204 ἐκδιδόντες
1782 1160 1878 1194 πε-

270 1242 500 1311 ριέργοις
541 1234 834 1311 ἀνθρώποις
857 1234 996 1304 (70),
1036 1232 1166 1303 ούχὶ
1209 1235 1439 1306 πονηρὰς
1477 1231 1879 1305 ἐπισπασόμεθα

272 1323 307 1378 δ
313 1325 538 1392 ιαϐολάς,
570 1329 662 1377 καὶ
694 1324 896 1384 ἑαυτοῖς
924 1325 990 1373 τὰ
1020 1318 1295 1374 σκάνδαλα
1332 1322 1698 1394 καταπὰξομεν
1723 1322 1830 1392 (71)
1860 1335 1873 1386 ;

268 1415 527 1477 Πολλάκις
571 1417 671 1488 γὰρ
716 1415 766 1464 οἰ
819 1414 1039 1484 πονηροί
1081 1415 1170 1464 καὶ
1213 1413 1280 1463 τὰ
1325 1409 1496 1472 καλῶς
1545 1414 1876 1485 πραττόμενα

268 1501 564 1557 διαϐάλλειν
611 1501 968 1574 ἱπιχειροῦσι,
998 1504 1089 1552 καὶ
1128 1504 1200 1573 μὴ
1245 1497 1566 1576 ἀλοιδόρητα
1610 1499 1872 1572 καταλιμ-

265 1594 442 1645 πάνειν
525 1595 615 1643 καὶ
698 1593 763 1643 τὰ
841 1593 1135 1663 μικρότατα
1207 1596 1307 1641 τῶν
1370 1590 1716 1661 πταισμάτων
1781 1586 1870 1640 ἀν-

267 1682 505 1754 έχονται.

334 1863 388 1915 2.
432 1862 546 1934 Χρὴ
598 1863 770 1912 τοίνυν
824 1855 1215 1931 πεφυλαγμίνας
1269 1857 1385 1924 (72)
1442 1857 1708 1910 ποιεῖσθαι
1773 1858 1867 1920 τὰς
1908 1871 1947 1925 Β

264 1951 396 2023 πρὸς
442 1967 566 2010 τους
614 1947 795 2011 ἔξωθεν
843 1945 1070 2020 ὁμιλίας.
1123 1945 1398 2019 Συμϐαίνει
1442 1948 1545 2020 γὰρ
1591 1946 1768 2008 αὐτοῖς
1814 1966 1866 1999 τι

262 2042 353 2090 καὶ
404 2038 573 2113 ἕτερον
622 2039 787 2098 πάθος
851 2037 952 2091 ὑπὸ
1008 2035 1273 2109 λογισμῶν
1331 2034 1567 2110 ἀπειρίας
1622 2034 1706 2088 ἐπὶ
1764 2044 1864 2087 τῶν

264 2125 724 2201 ἀναχωρησάντων
771 2133 863 2179 τοῦ
912 2123 1056 2198 βίου.
1106 2124 1559 2199 ’Υπολαμϐάνουσι
1609 2128 1745 2201 γὰρ,
1803 2125 1862 2178 ού

262 2220 357 2275 την
416 2222 629 2290 γνώμην
684 2216 1083 2289 μετατεθεῖσθαι
1146 2223 1247 2267 τῶν
1307 2217 1710 2288 μετατιθεμένων
1748 2216 1862 2284 (73)

261 2309 355 2364 τὴν
385 2305 668 2371 πολιτείαν,
703 2302 832 2357 ἀλλὰ
865 2308 960 2362 τὴν
1006 2306 1163 2375 φύσιν
1198 2303 1372 2364 αὐτοῖς
1409 2308 1497 2362 τὴν
1536 2302 1863 2377 ἀνθρωπίνην

259 2396 677 2467 μιτεσκευάσθαι
704 2414 718 2427 ·
772 2396 863 2446 καὶ
915 2391 974 2444 ού
1031 2396 1272 2466 κρίνουσι
1322 2396 1440 2454 τοὺς
1505 2391 1744 2456 ἀπητὰς
1794 2396 1864 2454 ὡς

258 2484 309 2538 ἓν
355 2485 549 2537 πάθεσι
697 2489 802 2543 τοῖς
832 2481 1007 2543 αὐτοῖς
1060 2486 1432 2556 στρεφομένους
1456 2524 1471 2549 ,
1528 2479 1753 2557 δυνάμει
1804 2479 1864 2537 δι

259 2573 449 2646 ψυχῆς
489 2578 581 2626 καὶ
629 2572 962 2649 ἀλλοτριώσει
1010 2579 1073 2645 τῇ
1124 2575 1251 2646 πρός
1290 2574 1381 2634 τὰς
1417 2569 1615 2635 ἡδονὰς
1654 2571 1864 2648 ἔπικρα-

259 2670 478 2726 τοῦντας
514 2662 683 2717 αὐτῶν
708 2662 822 2733 (74)
847 2682 860 2695 ·
896 2660 1002 2714 ἀλλ’
1035 2664 1255 2729 οἴονται,
1283 2663 1364 2714 ὅτι
1409 2664 1578 2720 πάντη
1625 2659 1862 2715 εκποδὼν

258 2755 326 2806 τὰ
369 2755 512 2811 πάθη
571 2760 663 2813 τῆς
711 2759 803 2804 τοῦ
857 2755 1094 2824 σώματος
1150 2750 1319 2803 αὐτῶν
1372 2754 1569 2825 φύσεως
1622 2755 1854 2825 γέγονεν.

259 2839 410 2895 Ὀθεν
478 2838 571 2909 δὴ,
630 2846 721 2894 καὶ
782 2844 826 2894 εἶ
887 2860 941 2893 τι
997 2844 1182 2914 μικρὸν
1245 2842 1271 2893 6
1336 2844 1686 2915 πνευματικός
1746 2838 1865 2895 δια-

261 2932 454 3006 μάρτοι
527 2937 619 2983 τοῦ
684 2929 845 2983 καλοῦ
874 2970 888 2996 ,
952 2930 1137 2993 εύθίως
1200 2930 1424 2994 ἅπαντες
1451 2973 1464 2999 ,
1532 2936 1624 2984 καὶ
1690 2933 1737 2985 οἱ
1803 2934 1863 2984 τὸ

260 3024 382 3093 πρίν
447 3021 750 3095 θερμότατοι
808 3017 1070 3073 ἕπαινέται
1133 3024 1222 3073 καὶ
1291 3021 1622 3093 θαυμασταὶ,
1683 3026 1864 3095 πικροὶ

260 3112 548 3184 κατήγοροι
596 3114 848 3181 γίνονται,
900 3114 992 3163 καὶ
1050 3105 1085 3162 δ
1092 3108 1418 3182 ιελίγχουσιν
1485 3109 1716 3177 ἑαυτούς,
1770 3110 1861 3162 ού-

263 3193 321 3249 δι
401 3203 650 3272 πρότερον
737 3196 948 3259 ἀληθεῖς
1030 3198 1146 3259 τούς
1230 3196 1472 3260 ἐπαίνους
1561 3202 1862 3273 ποιούμενοι
1903 3224 1944 3280 C

262 3287 507 3361 Καθάπερ
583 3289 684 3361 γὰρ
768 3285 994 3345 ἀθλητοῦ
1069 3306 1211 3349 τινος
1283 3287 1660 3350 ὀλισθῆσαντος
1691 3331 1704 3356 ,
1779 3289 1864 3342 εὖ·

261 3375 350 3434 θύς
399 3375 425 3425 6
474 3373 753 3435 ἀντίπαλος
799 3374 1236 3436 κατεξανίσταται
1284 3381 1449 3428 παίων
1497 3383 1588 3430 καὶ
1633 3397 1867 3452 προσκα·

259 3461 525 3515 ταϐάλλων
572 3463 727 3516 αύτόν
752 3483 766 3497 ο
817 3463 953 3516 οὕτω
997 3468 1086 3516 καὶ
1130 3462 1312 3516 ἐκεῖνοι
1356 3465 1489 3538 (75),
1535 3465 1660 3519 ὶπάν
1702 3464 1867 3520 ἴδωσι

257 3555 343 3605 τόν
411 3552 462 3605 ἐν
531 3551 759 3611 ἀσκήσει
826 3551 1010 3627 ἀρετῆς
1077 3549 1345 3614 διαζῶντα
1404 3559 1590 3629 μικρόν
1654 3574 1707 3607 τι
1773 3564 1864 3608 τοῦ

261 3642 421 3695 καλοῦ
491 3639 950 3718 διαμαρτήσαντα,
1020 3640 1334 3696 ἐπιτίθενται
1397 3652 1511 3705 ταῖς
1574 3641 1866 3719 λοιδορίαις

261 3737 352 3786 καὶ
408 3739 524 3794 ταῖς
584 3729 620 3786 δ
626 3732 895 3799 ιαϐολαίς,
955 3733 1128 3806 ὥσπερ
1189 3732 1474 3807 τοξεύμασι
1540 3731 1817 3806 βάλλοντες
1848 3752 1861 3766 ’

259 3822 319 3875 ού
387 3822 717 3897 λογιζόμενοι
776 3822 897 3875 καθ’
961 3821 1173 3884 ἑαυτοὺς
1201 3865 1214 3891 ,
1274 3824 1356 3876 ὅτι
1420 3822 1572 3877 αὐτοὶ
1631 3826 1722 3898 μεν
1791 3823 1864 3898 ἐφ’

260 3910 484 3976 ἑκάστης
550 3914 746 3989 ἡμέρας
810 3916 1020 3988 μυρίοις
1082 3917 1464 3986 τιτρώσκονται
1523 3920 1630 3974 τοῖς
1688 3911 1866 3987 βελεσι

258 4011 359 4055 τῶν
422 4003 622 4058 παθῶν.
685 4004 753 4055 Οἱ
808 3998 870 4056 δέ
928 4021 989 4075 γε
1050 4009 1148 4065 τῆς
1212 4001 1473 4064 εὐσεϐείας
1536 4001 1861 4075 ἀγωνισταὶ,

257 4097 456 4167 χαὶπερ
524 4093 625 4144 ύπό
690 4099 791 4144 τῶν
858 4092 1049 4165 ὁμοίων
1101 4092 1529 4168 πολιορκούμενοι
1579 4095 1778 4162 παθῶν,
1830 4094 1859 4153 ἦ

257 4182 423 4257 μικρά
464 4199 603 4252 τινα,
647 4181 678 4240 ἢ
724 4177 878 4233 οὐδὲν
930 4180 1177 4243 πολλάκις
1224 4183 1324 4234 ὑπό
1378 4184 1573 4236 τούτων
1636 4181 1863 4257 ἐπηρεά-

259 4268 440 4329 ζονται
466 4290 479 4304 ·
530 4274 622 4322 καὶ
668 4275 857 4341 ταῦτα,
904 4273 1001 4322 καὶ
1046 4274 1134 4322 τόν
1185 4268 1576 4342 ἀνταγωνιστὴν
1636 4268 1864 4345 σφοδρό-

256 4377 401 4431 τερον
456 4362 588 4434 ἤπερ
656 4356 840 4411 ἐκεῖνοι
907 4353 1207 4431 δεχόμενοι.
1263 4358 1503 4433 Ἐπείπερ
1562 4360 1706 4414 οὗτοι
1770 4365 1861 4435 μεν

255 4450 344 4499 τὸν
386 4450 519 4522 πρὸς
561 4446 748 4520 ἐκεῖνον
796 4445 973 4520 ἀγῶνα
1010 4443 1434 4520 διωμολόγησαν,
1482 4454 1574 4502 καὶ
1614 4453 1752 4522 μέγα
1787 4458 1861 4521 τῷ

255 4544 467 4611 πονηρῷ
509 4539 568 4589 τό
608 4538 746 4590 κατά
774 4539 968 4589 τούτων
1014 4537 1248 4613 ἄρασθαι
1292 4545 1450 4608 νῖκος,
1482 4539 1633 4591 πάλιν
1660 4540 1775 4612 (76)
1808 4536 1860 4591 δ’

255 4623 322 4680 αὖ
374 4630 433 4679 τὸ
486 4629 779 4687 ἡττηθῆναι
832 4631 1042 4702 καιρίαν
1096 4632 1193 4686 τὴν
1247 4627 1453 4700 πληγὴν
1511 4632 1740 4700 ἤνεγκεν,
1789 4630 1860 4692 ὡς

256 4716 556 4793 ὁλοσχερῶς
606 4722 697 4770 καὶ
746 4723 909 4771 πᾶσιν
966 4717 1156 4793 ἀρετῆς
1207 4720 1416 4793 μέρεσιν
1463 4719 1773 4777 ἡττηθέντιο
1830 4719 1856 4771 6

256 4803 319 4861 δε
367 4810 500 4883 πρὸς
542 4811 663 4872 τοὺς
704 4814 776 4880 τῷ
825 4806 930 4883 βίῳ
977 4811 1391 4884 προσνείμαντας
1438 4808 1655 4872 ἑαυτούς
1698 4827 1857 4863 κατα-

1895 4581 1937 4636 D

325 4986 376 5023 ³³
411 4988 584 5046 Joan.
623 5002 685 5056 ιι,
720 4990 813 5045 24.

325 5168 438 5296 (69)
467 5164 726 5253 ⁹Αιιῑὶιιιιί
771 5164 896 5224 duo
933 5165 1070 5224 libri
1118 5166 1145 5222 ὁ
1196 5167 1416 5230 Ἰησοῦς.
1447 5167 1748 5227 Articulus
1792 5168 1857 5226 in

325 5256 331 5296 ι
359 5246 514 5296 παυς
543 5238 772 5296 deerat.

251 5238 514 5313 vulgatis
543 5238 772 5296 deerat.

481 5310 684 5390 godex
708 5306 1005 5390 νοεεκίκδ
1011 5306 1066 5363 ιδ
1070 5316 1209 5390 ὀντες
1232 5320 1474 5390 πονηροῖς
1502 5311 1650 5387 ἀνθρ.

350 5381 449 5458 71).
481 5383 645 5439 Unus
696 5397 816 5458 ms.
881 5381 1394 5458 ἓπισπασώμεθαεί.
1422 5381 1855 5458 Δκαταπήξωμεειι.

257 5452 389 5531 ᾏοξ
417 5451 537 5531 duo
565 5470 712 5509 mss.
735 5452 1117 5531 ἐπιχειροῦσιν,
1140 5451 1251 5508 οὔδ’
1244 5475 1265 5508 ε
1292 5452 1632 5531 ἀλοιδόρητα.
1656 5451 1860 5514 Codex

259 5522 439 5601 (ΣΟῷρί
460 5521 810 5601 ἐπιχειροῦσι,
822 5521 832 5526 ⁷
841 5521 975 5601 μήτε
1003 5524 1084 5601 ἀλ.

484 5594 871 5673 Υοῐρὶθεγᾱιιὸ
898 5597 1038 5654 libri
1063 5597 1476 5673 πεφυλαγμένως.

330 5665 445 5744 (73)
484 5665 697 5744 Gode1__
713 5669 877 5744 Colb.
906 5677 1008 5723 τῶν
1051 5665 1420 5744 μεταθεμένων.
1466 5671 1676 5730 Statim
1713 5673 1856 5743 Reg.

253 5737 467 5796 tertius
508 5742 568 5796 et
604 5739 746 5797 editi
787 5737 1376 5816 μετασκευάσθαι.Ἀ1ϋ
1404 5747 1524 5801 tres
1562 5760 1711 5802 mss.
1742 5737 1860 5819 μετ-

1996 601 2090 652 tor
2112 600 2269 668 (Ipse
2297 603 2476 668 enim,
2507 603 2722 676 inquit,
2748 605 2920 660 Jesus
2972 620 3091 660 non
3138 605 3414 662 credebat
3450 614 3659 664 semet-

1993 688 2191 757 ipsum
2222 691 2301 745 ez's
2323 692 2430 762 ³³);
2466 693 2513 748 si
2560 693 2674 765 ille,
2710 692 2847 750 licet
2874 710 3083 767 purus,
3115 694 3475 768 inculpatus,
3506 696 3658 753 nulli

1992 778 2448 848 reprehensioni
2474 782 2800 852 obnoxius,
2821 784 3040 855 justus,
3064 785 3113 839 si
3144 784 3240 841 ille
3270 785 3373 857 qui
3400 800 3655 858 prorsus

1991 868 2176 923 virtus
2206 868 2342 940 ipsa
2363 874 2511 939 erat,
2534 871 2617 927 ita
2647 888 2708 928 se
2731 873 2933 943 gessit,
2957 872 3270 946 quomodo
3300 889 3412 930 nos
3440 890 3655 947 peccao

1991 960 2168 1023 tores,
2196 958 2273 1014 ad
2303 959 2540 1032 lapsum
2570 962 2887 1034 proclives,
2916 979 3179 1035 quorum
3208 963 3317 1020 vite
3344 979 3467 1021 non
3496 982 3655 1022 sem-

1990 1055 2098 1119 per
2126 1047 2366 1105 directae
2396 1054 2536 1105 sunt
2567 1051 2646 1106 ad
2668 1067 2943 1124 scopum,
2968 1054 3188 1125 partim
3219 1057 3465 1127 propter
3490 1053 3656 1110 inﬁr-

1985 1135 2257 1192 mitatem
2277 1138 2635 1206 naturalem,
2662 1141 2882 1212 partim
2906 1146 3154 1215 propter
3174 1157 3313 1198 eum
3344 1143 3448 1216 qui
3475 1142 3652 1199 mali-

1986 1241 2102 1298 gne
2122 1243 2193 1283 ac
2213 1227 2436 1284 fortiter
2452 1229 2630 1286 nobis
2650 1230 3024 1300 adversatur,
3041 1233 3354 1305 quomodo
3369 1235 3643 1307 inquam,

1986 1315 2111 1371 fieri
2139 1317 2373 1389 poterit,
2400 1323 2465 1374 ut
2497 1318 2545 1373 si
2575 1321 2984 1392 nosmetipsos
3011 1322 3263 1378 curiosis
3291 1323 3647 1380 hominibus

1983 1405 2451 1478 prodiderimus,
2484 1422 2607 1464 non
2642 1408 2976 1465 conflemus
3006 1410 3066 1465 in
3115 1425 3228 1467 nos
3275 1427 3502 1484 pravas
3539 1429 3643 1470 ca-

1978 1495 2269 1562 lumnias,
2290 1502 2348 1552 et
2367 1496 2543 1553 nobis
2571 1498 2724 1571 ipsis
2749 1499 3115 1556 offendicula
3138 1516 3262 1556 non
3293 1501 3641 1558 struamus?

1979 1589 2128 1642 Nam
2179 1585 2430 1657 maligni
2476 1601 2549 1643 ea
2596 1589 2777 1645 etiam
2824 1605 2960 1663 quae
2997 1594 3156 1646 recte
3197 1589 3370 1660 ﬁunt,
3410 1589 3639 1647 calum-

1976 1674 2131 1730 niari
2172 1691 2297 1731 non
2334 1691 2473 1732 raro
2511 1683 2829 1746 conantur,
2859 1681 2915 1734 et
2940 1694 3015 1735 ne
3044 1678 3358 1737 levissima
3380 1679 3635 1753 quidem

1976 1769 2172 1821 errata
2197 1781 2235 1821 a
2261 1765 2547 1822 conviciis
2574 1767 2876 1824 immunia
2902 1767 3162 1841 relinqui
3191 1768 3416 1827 sinunt.

2045 1859 2099 1910 2.
2141 1858 2253 1911 Par
2282 1861 2372 1914 est
2398 1856 2578 1927 igitur
2603 1862 2777 1914 caute
2806 1875 2947 1915 cum
2977 1858 3237 1915 externis
3273 1857 3630 1915 hominibus

1974 1944 2369 2004 confabulari.
2403 1952 2551 2004 Nam
2580 1946 2855 2004 incidunt
2891 1952 2949 2005 et
2993 1949 3055 2005 in
3105 1947 3270 2005 aliud
3311 1947 3627 2021 quoddam

1972 2033 2202 2103 vitium,
2233 2037 2382 2094 dum
2432 2039 2507 2095 de
2534 2038 2607 2093 iis
2637 2037 2744 2111 qui
2792 2054 2824 2094 e
2854 2037 3077 2095 saeculo
3115 2041 3492 2095 recesserunt
3518 2038 3630 2094 im-

1972 2124 2157 2195 perite
2186 2141 2257 2182 ac
2301 2126 2511 2183 inscite
2540 2128 2825 2197 cogitant.
2860 2127 3256 2200 Suspicantur
3299 2127 3462 2184 enim
3500 2142 3627 2184 non

1970 2219 2234 2270 mentem
2256 2217 2740 2290 sententiamque
2764 2230 2992 2284 eorum,
3015 2216 3123 2290 qui
3146 2216 3279 2273 vitae
3302 2231 3493 2288 genus
3514 2216 3627 2274 im-

1970 2307 2298 2372 mutarunt,
2330 2305 2717 2362 immutatam
2746 2305 2955 2373 fuisse,
2987 2306 3094 2362 sed
3115 2306 3316 2379 ipsam
3337 2311 3625 2364 naturam

1970 2390 2306 2449 humanam
2354 2394 2592 2467 penitus
2633 2394 2695 2450 in
2722 2393 2838 2450 illis
2868 2394 3053 2451 fuisse
3101 2394 3624 2467 transformatam,

1970 2495 2083 2536 nec
2123 2480 2400 2552 judicant
2427 2483 2502 2538 de
2532 2483 2770 2551 ascetis,
2804 2488 3099 2557 tanquam
3135 2482 3212 2540 de
3250 2483 3625 2553 hominibus,

1971 2570 2075 2642 qui
2105 2587 2243 2627 cum
2264 2572 2325 2628 in
2349 2572 2564 2629 iisdem
2587 2572 2902 2629 affectibus
2932 2578 3273 2643 versentur,
3295 2589 3402 2630 eos
3418 2579 3627 2631 tamen

1971 2658 2159 2716 animi
2187 2661 2434 2730 viribus,
2459 2666 2517 2718 et
2542 2679 2652 2719 sua
2681 2678 2718 2719 a
2741 2662 3152 2735 voluptatibus
3179 2661 3628 2720 abalienatione

1970 2749 2251 2818 vincant;
2283 2751 2387 2808 sed
2421 2752 2788 2809 arbitrantur
2810 2753 3080 2825 corporis
3103 2768 3313 2809 eorum
3341 2757 3626 2809 naturam

1972 2839 2288 2896 affectibus
2311 2841 2668 2898 nullomodo
2689 2841 3022 2898 obnoxiam
3042 2856 3197 2898 esse.
3221 2844 3302 2898 Ex
3321 2858 3444 2914 quo
3460 2842 3548 2912 ﬁt,
3562 2846 3631 2899 ut

1973 2929 2024 2985 si
2062 2929 2157 2984 vel
2195 2930 2506 3002 paululum
2549 2931 2874 3005 spiritualis
2909 2931 2994 2987 vir
3022 2947 3059 2987 a
3087 2936 3249 2988 recto
3290 2930 3629 2997 declinarit,

1975 3020 2176 3087 statim
2206 3034 2440 3087 omnes,
2467 3020 2641 3076 etiam
2670 3020 2845 3092 iiipsi
2866 3019 2971 3092 qui
2999 3024 3171 3077 erant
3191 3024 3371 3077 antea
3399 3020 3632 3077 ferven-

1974 3108 2187 3165 tissimi
2228 3108 2578 3165 laudatores
2625 3108 3163 3182 admiratoresque,
3194 3109 3347 3165 ﬁant
3392 3125 3635 3166 amaru-

1972 3197 2118 3253 lenti
2153 3204 2561 3261 accusatores,
2603 3203 2784 3270 atque
2828 3198 2982 3254 adeo
3030 3213 3156 3254 non
3200 3214 3377 3255 veras
3416 3197 3630 3255 laudes

1976 3288 2142 3360 prius
2158 3288 2437 3345 tribuisse
2451 3287 2914 3344 convincuntur.
2927 3286 3455 3353 Quemadmodum
3469 3288 3633 3344 enim

1971 3375 2212 3435 labente
2229 3378 2432 3453 aliquo
2451 3378 2693 3446 athleta,
2708 3377 3021 3435 confestim
3045 3378 3430 3435 adversarius
3443 3380 3639 3435 insur-

1974 3468 2078 3539 git,
2107 3467 2399 3541 illumque
2433 3467 2584 3536 ferit,
2616 3484 2688 3524 ac
2708 3467 2914 3537 magis
2942 3467 3305 3539 prosternit:
3337 3467 3424 3525 sic
3451 3469 3635 3526 etiam

1971 3555 2077 3623 illi,
2099 3554 2204 3610 ubi
2232 3554 2494 3612 viderint
2513 3571 2652 3611 eum
2677 3555 2784 3628 qui
2806 3555 2870 3610 in
2900 3555 3135 3612 virtutis
3163 3556 3445 3612 exercitio
3466 3556 3634 3627 vivit,

1974 3644 2274 3701 tantillum
2306 3660 2343 3700 a
2365 3650 2531 3701 recto
2557 3644 2898 3708 deﬂexisse,
2929 3649 3057 3699 tum
3107 3644 3309 3718 ipsum
3347 3644 3636 3703 conviciis

1972 3732 2413 3805 calumniisque
2439 3732 2690 3806 perinde
2709 3738 2775 3789 ut
2801 3733 3089 3789 immissis
3116 3732 3489 3807 quibusdam
3517 3735 3637 3808 spi-

1972 3822 2122 3880 culis
2141 3822 2514 3879 insectantur
2536 3838 2550 3877 :
2573 3837 2769 3894 neque
2793 3825 3079 3894 reputant
3107 3837 3338 3889 secum,
3361 3838 3425 3880 se
3444 3824 3635 3897 quoti-

1973 3914 2071 3971 die
2097 3912 2431 3970 innumeris
2456 3912 2739 3969 vitiorum
2766 3912 2897 3969 telis
2924 3912 3220 3984 transﬁgi.
3242 3917 3314 3969 At
3341 3928 3482 3970 vero
3510 3913 3634 3987 pie-

1970 4003 2111 4060 tatis
2130 4006 2640 4075 propugnatores,
2652 4001 2890 4057 etiamsi
2908 4001 2987 4058 ab
3000 4001 3219 4058 iisdem
3239 4001 3634 4059 obsideantur

1972 4091 2309 4161 affectibus,
2332 4106 2494 4164 saepe
2518 4094 2720 4148 tamen
2752 4089 2831 4146 ab
2851 4090 2946 4146 his
2967 4094 3070 4147 aut
3086 4106 3328 4164 parum,
3353 4096 3456 4149 aut
3481 4091 3633 4148 nihil

1971 4181 2277 4254 accipiunt
2292 4180 2660 4247 detrimenti;
2688 4180 2894 4253 idque,
2913 4179 3197 4253 quamvis
3213 4181 3631 4238 adversarium

1970 4270 2477 4328 vehementiorem
2508 4286 2696 4344 quam
2734 4269 2817 4326 illi
2847 4269 3202 4329 sustineant.
3232 4273 3381 4329 Nam
3405 4271 3471 4328 hi
3493 4272 3629 4346 qui-

1969 4360 2110 4418 dem
2140 4361 2194 4417 ei
2223 4377 2286 4417 se
2316 4358 2701 4416 adversarios
2730 4359 2987 4433 professi
3015 4363 3172 4433 sunt,
3202 4364 3262 4417 et
3288 4361 3495 4432 magni
3521 4362 3630 4420 ali-

1968 4452 2118 4527 quid
2148 4449 2435 4524 adeptum
2466 4466 2530 4507 se
2560 4465 2699 4506 esse
2728 4448 3054 4506 arbitratur
3089 4449 3394 4520 malignus
3421 4449 3542 4520 ille,
3575 4451 3628 4508 si

1966 4544 2043 4598 de
2069 4542 2215 4614 ipsis
2242 4543 2505 4613 reportet
2529 4539 2866 4610 victoriam,
2895 4543 3247 4612 contraque,
3275 4538 3326 4594 si
3349 4554 3626 4596 succum-

1966 4631 2075 4695 bit,
2097 4634 2266 4704 putat
2286 4628 2658 4686 mortiferam
2689 4628 2933 4702 plagam
2955 4627 3070 4684 sibi
3093 4627 3303 4698 inﬂigi,
3326 4633 3623 4702 tanquam

1966 4720 2070 4794 qui
2096 4719 2355 4794 perfecte
2385 4722 2443 4776 et
2470 4719 2534 4775 in
2561 4717 2847 4776 omnibus
2875 4715 3109 4774 virtutis
3134 4716 3410 4790 partibus
3432 4717 3622 4774 victus

1966 4809 2079 4867 sit:
2112 4808 2222 4867 sed
2250 4808 2477 4866 bellum
2506 4807 2601 4878 iis,
2630 4807 2736 4882 qui
2766 4822 2830 4864 se
2858 4805 3090 4864 mundo
3126 4805 3471 4881 saeculoque
3515 4807 3621 4865 ad-

1967 5167 2303 5224 εσκευάσθαι.

2036 5244 2151 5315 (74)
2191 5240 2393 5315 Codex
2423 5238 2587 5315 {3011'}:
2621 5233 3029 5315 ἓπικρατοῦντας
3053 5236 3266 5315 ἑαυτῶν.
3297 5234 3619 5315 Aliquanto

1965 5319 2108 5386 post
2133 5307 2301 5369 'editi
2340 5310 2501 5386 _‘0_6:v
2546 5307 2633 5376 δὴ,
2683 5307 2783 5386 θεαὶ-
2823 5310 2865 5386 si
2908 5311 3015 5386 an.
3053 5310 3287 5386 Veteres
3312 5307 3447 5386 tres
3483 5309 3623 5366 libri

1968 5381 2012 5438 εἰ
2062 5403 2133 5440 τι.
2190 5382 2363 5440 Haud
2410 5382 2590 5453 longe
2646 5381 2789 5454 editi
2841 5381 3105 5433 ἕπαινέται
3154 5384 3266 5454 καὶ-
3303 5382 3620 5454 θαυμαστοί,

1966 5456 2158 5545 τηθίσι
2195 5454 2440 5528 Antiqui
2483 5451 2607 5510 duo
2651 5452 2789 5509 libri
2836 5458 3050 5526 praeter
3102 5451 3372 5509 Combef.
3405 5451 3627 5527 ’θαυμαέ

1971 5533 2110 5595 σταί,
2141 5527 2319 5583 bene.
2356 5527 2367 5528 ί

2039 5602 2153 5671 (75)
2191 5599 2392 5671 Codex
2421 5597 2586 5657 Colb.
2619 5597 2778 5671 οὕτως
2804 5593 3052 5671 κάκεῖνοι.

2041 5604 2129 5671 (75
2191 5604 2392 5657 Codex
2421 5604 2586 5657 Colb.
2619 5604 2778 5657 οὕτως
2804 5604 3052 5650 κάκεῖνοι.

2041 5604 2154 5744 (76)
2194 5670 2445 5729 Codices
2472 5668 2748 5727 nonnulli
2779 5672 2869 5721 καὶ
2898 5667 3075 5722 πάλιν.
