4120 6380
461 377 595 428 1363

1797 427 1799 430 ς
1841 369 1896 422 ὃ.
1945 367 2185 420 ιςΑδΗΑι
2225 369 2442 426 MAGNI

3698 381 3834 434 1364

454 495 751 564 dixerunt,
773 492 1025 557 illatum,
1044 493 1381 565 despicatui
1403 493 1678 556 habetur,
1701 491 1918 562 partim
1948 487 2115 559 quod

2232 497 2544 564 πεφρόνηται
2593 497 2846 568 πόλεμος-⁸
2907 500 2965 548 τὸ
3020 500 3139 568 μεν,
3192 498 3273 548 ὅτι
3329 501 3378 549 οἱ
3437 497 3674 552 πλεῖστοι
3741 503 3834 552 αύ-

454 583 724 641 maxima
752 598 961 638 eorum
985 598 1124 654 pars
1154 581 1233 636 ad
1255 597 1431 637 suam
1458 580 1692 638 cladem
1722 585 2114 649 stragemque

455 679 667 744 suapte
700 675 916 743 sponte
957 675 1222 739 currant,
1253 669 1666 741 voluptatibus
1707 667 1890 723 variis
1931 670 2114 737 atque

455 761 888 835 cupiditatibus
935 761 1014 816 ad
1056 764 1376 831 peccatum
1406 758 1619 824 allecti,
1651 757 2119 826 adversarioque

453 850 772 908 victoriam
800 849 876 905 de
908 865 970 904 se
998 835 1280 905 facillime
1305 846 1741 920 reportandam
1770 845 2116 912 offerentes,

456 939 682 1013 partim
705 937 872 1011 quod
901 938 942 993 ii
971 937 1150 994 etiam
1172 937 1279 1009 qui
1299 953 1519 1010 parum
1550 941 1796 1008 peccato
1819 933 2118 990 obsistere

455 1029 758 1094 videntur,
791 1027 871 1084 ob
902 1027 1072 1084 varia
1114 1025 1552 1097 impedimenta
1599 1023 1764 1080 haud
1809 1021 2050 1078 difﬁcile
2081 1037 2118 1076 a

457 1119 743 1192 palaestra
774 1117 1082 1184 secedant,
1109 1117 1281 1188 552
1315 1121 1374 1171 et
1401 1120 1569 1186 terga
1593 1119 1910 1184 vertentes,
1935 1112 2117 1169 vehe-

459 1213 817 1281 menterque
849 1206 1079 1276 sagittis
1103 1205 1290 1278 petiti,
1323 1204 1551 1262 multas
1584 1220 1654 1262 ac
1687 1204 1880 1262 fmdas
1927 1203 2118 1262 cladis

461 1315 586 1356 suae
619 1303 794 1356 notas
827 1295 1048 1354 ferant.

491 1438 494 1440 _
532 1393 585 1445 3.
628 1386 803 1455 Quod
832 1387 883 1442 si
927 1386 1079 1442 forte
1126 1383 1423 1451 nonnulli,
1457 1383 1689 1456 impetu
1728 1384 1910 1443 etiam
1941 1400 2120 1442 mun-

461 1477 766 1534 danarum
810 1490 1095 1531 curarum
1127 1477 1434 1546 superato,
1465 1473 1716 1544 maligni
1763 1473 1922 1534 illius
1963 1473 2120 1532 bello

463 1566 722 1623 obversa
749 1564 900 1622 facie
930 1578 1240 1636 opponere
1285 1580 1351 1618 se
1379 1568 1726 1636 potuerunt,
1759 1579 1884 1622 non
1919 1569 2122 1622 tamen

462 1656 636 1729 paria
663 1654 999 1712 certamina
1037 1653 1472 1725 sustinuerunt,
1505 1652 1612 1710 sed
1642 1653 1856 1721 multo,
1885 1654 1980 1711 vel
2017 1670 2124 1727 po.

461 1746 582 1802 tius
609 1744 858 1802 inﬁnitis
884 1743 1161 1817 partibus
1187 1743 1430 1800 minora
1453 1748 1595 1800 sunt
1624 1749 1969 1801 ascetarum
2001 1759 2122 1803 cer-

2227 589 2326 632 τῶν
2374 583 2681 656 αὐτομάτως
2722 585 2808 639 ἰπὶ
2863 590 2950 646 τὴν
2999 586 3160 642 ἧτταν
3216 591 3494 658 τρέχουσι,
3544 596 3660 649 ταῖς
3717 609 3832 644 ποι-

2226 669 2393 732 κίλαις
2447 670 2664 736 ἡδοναῖς
2725 679 2815 728 καὶ
2866 673 3165 747 ἕπιθυμίαις
3197 679 3352 748 ,πρὸς
3413 681 3507 736 τὴν
3567 677 3828 753 ἁμαρτίαν

2229 756 2626 835 δελεαζόμενοι,
2689 769 2780 818 καὶ
2837 766 3031 820 ἄπονον
3089 765 3228 836 αύτῷ
3287 770 3383 824 τὴν
3447 767 3565 820 καθ’
3633 768 3829 822 ἑαυτῶν

2226 855 2373 908 νίκην
2429 858 2787 928 παρέχοντες·
2834 859 2892 907 τὸ
2941 851 3020 918 δὲ,
3065 855 3145 907 ὅτι
3197 861 3287 908 καὶ
3330 858 3379 912 οἱ
3427 853 3704 920 δοκοῦντες
3751 878 3834 930 μι-

2227 943 2350 1014 κρὸν
2416 946 2541 1016 πρὸς
2616 948 2712 1002 τὴν
2787 944 3045 1017 ἁμαρτίαν
3122 942 3418 1019 ἀνταίρειν,
3487 955 3599 1007 τοῖς
3664 952 3834 1000 ποικί-

2225 1027 2334 1091 λοις
2377 1040 2765 1104 περισπασμοῖς
2811 1033 3029 1095 εὐκόλως
3081 1041 3179 1094 τῆς
3226 1032 3452 1105 ἀγωνίας
3501 1034 3832 1108 ἆγίλκονται,

2227 1123 2318 1174 καὶ
2365 1123 2431 1174 τὰ
2471 1130 2610 1175 νῶτα
2653 1121 2964 1195 στρέψαντες
2999 1125 3130 1194 (77),
3177 1128 3267 1175 καὶ
3313 1120 3600 1188 ἀνωδότως
3648 1124 3836 1197 βαλλό-

2229 1233 2391 1286 μενοι,
2438 1215 2602 1269 πολλὰ
2649 1221 2739 1270 καὶ
2801 1217 3010 1290 αἰσχρὰ
3068 1226 3166 1280 τῆς
3223 1220 3384 1280 ἣττης
3439 1221 3504 1273 τὰ
3565 1224 3835 1292 στίγματα

2231 1307 2496 1377 φέρουσιν.

2301 1399 2355 1450 3.
2395 1394 2456 1448 Εἰ
2506 1391 2567 1448 δέ
2602 1398 2702 1449 πού
2746 1415 2900 1464 τινες,
2946 1400 3038 1448 καὶ
3078 1399 3172 1453 τὴν
3215 1399 3376 1470 φορὰν
3418 1404 3520 1449 τῶν
3571 1396 3834 1470 βιωτικῶν

2230 1493 2610 1557 περισπασμῶν
2671 1483 3025 1558 βιασάμενοι,
3079 1482 3381 1555 ἀντιϐλέψαι
3433 1489 3562 1559 πρὸς
3611 1488 3699 1538 τὸν
3744 1494 3838 1539 τοῦ

2230 1580 2460 1645 πονηροῦ
2509 1569 2826 1632 δεδύνηνται
2869 1573 3112 1646 πόλεμον,
3155 1571 3264 1625 ἀλλ’
3317 1569 3403 1625 οὖν
3450 1592 3510 1645 ’γε
3567 1573 3625 1627 ού
3672 1577 3840 1626 τοιού-

2230 1680 2350 1721 τους
2411 1659 2614 1733 ἀγῶνας
2678 1659 2994 1735 διήνεγκαν,
3058 1662 3188 1715 ἀλλὰ
3251 1662 3420 1734 πολλῷ
3486 1668 3578 1716 καὶ
3643 1661 3840 1737 ἀπείρῳ

2231 1759 2303 1822 τῷ
2368 1755 2537 1826 μέρτῳ
2603 1761 2703 1805 τῶν
2789 1752 3087 1811 ἁσκητικῶν
3167 1753 3496 1826 λειπομένους
3555 1755 3700 1825 (78).
3781 1751 3841 1804 ¢O

461 1835 822 1898 taminibus.
837 1834 997 1892 Alter
1016 1833 1180 1892 enim
1200 1833 1512 1890 contendit
1530 1834 1783 1890 retinere
1795 1832 1896 1904 jus
1916 1849 2118 1903 suum,

2232 1843 2322 1913 μεν
2377 1845 2477 1917 γαρ
2540 1851 2640 1895 τῶν
2701 1839 2921 1896 δικαίων
2972 1849 3180 1916 κρατεῖν
3223 1843 3336 1915 (79)
3395 1839 3692 1898 ἐσπούδακε
3751 1847 3841 1895 καὶ

463 1931 644 1999 atque
673 1925 737 1982 in
765 1924 995 1994 litibus,
1026 1940 1164 1996 quae
1193 1923 1269 1980 de
1300 1923 1705 1996 praesentibus
1734 1922 1909 1994 ﬁunt,
1941 1923 2120 1996 perti-

460 2016 693 2077 naciter
717 2014 1018 2083 decertat;
1048 2014 1197 2072 alter
1227 2029 1366 2070 vero
1394 2013 1490 2070 vel
1519 2013 1594 2070 de
1621 2014 1756 2085 jure
1781 2015 1963 2070 etiam
2008 2029 2120 2071 suo

462 2107 535 2163 iis
577 2105 683 2180 qui
713 2122 922 2164 secum
968 2104 1226 2175 litigant,
1255 2103 1554 2168 concedit,
1580 2103 1896 2176 perﬁciens
1933 2103 2115 2160 illud:

462 2198 558 2256 Ab
600 2213 665 2255 eo
694 2197 899 2267 aufert
931 2211 1064 2267 quae
1095 2201 1202 2252 tua
1247 2201 1409 2266 sunt,
1442 2210 1518 2254 ne
1547 2201 1747 2264 repete
1761 2195 1832 2253 δί’.
1861 2193 1958 2251 llle
1990 2209 2122 2266 per-

464 2303 686 2344 cussus
714 2287 972 2359 percutit
1016 2285 1303 2352 vicissim,
1329 2290 1389 2342 et
1414 2284 1666 2343 affectus
1707 2284 1928 2356 injuria
1955 2284 2120 2354 inju-

463 2378 620 2438 riam
659 2376 927 2434 vicissim
956 2374 1154 2446 infert,
1187 2379 1370 2447 atque
1398 2374 1516 2433 hoc
1557 2379 1737 2447 pacto
1775 2381 1933 2432 stare
1965 2390 2028 2431 se
2058 2373 2121 2430 in

465 2465 812 2540 aequalitate
836 2464 1164 2524 arbitratur
1193 2484 1204 2524 :
1240 2464 1338 2522 hic
1362 2480 1506 2522 vero
1532 2464 1768 2534 tolerat,
1800 2465 2005 2535 quoad
2038 2464 2125 2520 in-

461 2555 689 2628 juriam
717 2553 962 2611 facienti
992 2558 1097 2610 aut
1125 2553 1306 2611 etiam
1338 2553 1572 2610 ferienti
1597 2555 1934 2610 satietatem
1965 2558 2124 2608 attu-

462 2645 614 2703 lerit.
658 2647 724 2702 Et
759 2644 856 2701 hic
892 2643 1056 2700 idem
1081 2643 1282 2701 studet
1305 2643 1590 2700 omnibus
1617 2643 1885 2714 corporis
1915 2641 2124 2713 volup-

463 2735 689 2792 tatibus
716 2733 1057 2790 dominari:
1091 2732 1242 2790 alter
1279 2748 1422 2789 vero
1453 2732 1532 2789 ad
1562 2733 1898 2789 satietatem
1927 2747 2124 2804 usque

464 2824 739 2896 indulget
768 2822 1202 2895 voluptatibus.
1239 2821 1559 2889 Quomodo
1597 2822 1778 2892 igitur
1819 2823 1923 2894 qui
1952 2821 2124 2878 civile

463 2915 602 2973 vitm
645 2929 838 2984 genus
881 2912 1066 2984 ducit,
1100 2913 1257 2969 inter
1301 2911 1556 2969 athletas
1609 2911 2047 2980 numerabitur,
2076 2912 2127 2967 si

466 3019 606 3061 cum
626 3007 832 3061 asceta
845 3002 1269 3075 comparetur?
1291 3001 1476 3058 Velim
1497 3001 1843 3060 consideres
1860 3006 1918 3058 et
1937 3001 2123 3068 aliud,

464 3093 634 3167 quod
678 3093 750 3150 iis
781 3092 1024 3150 solitum
1053 3097 1140 3148 est
1185 3107 1304 3147 usu
1342 3091 1567 3159 venire,
1599 3091 1706 3164 qui
1733 3106 2126 3148 communem

465 3199 538 3240 ac
583 3182 900 3255 vulgarem
948 3182 1136 3240 vitam
1194 3186 1551 3254 sequuntur,
1603 3180 2126 3252 quandocumque

463 3290 562 3330 res
592 3278 935 3331 ascetarum
980 3272 1349 3344 expendunt.
1385 3270 1575 3328 Simul
1618 3287 1689 3327 ac
1729 3271 1894 3327 enim
1924 3275 2128 3327 asceta

467 3379 712 3436 tequum
741 3378 878 3418 esse
907 3361 1170 3427 duxerit,
1201 3377 1424 3433 corpus
1454 3364 1591 3432 post
1620 3360 1869 3431 longam
1902 3359 2126 3416 famem

467 3451 752 3512 alimento
807 3451 1133 3522 suffulcire,
1190 3454 1336 3506 tunc
1392 3450 1575 3521 quasi
1625 3449 1676 3506 is
1730 3450 2128 3521 incorporeus

469 3547 644 3610 esset,
692 3545 750 3599 et
794 3540 1064 3598 materias
1111 3555 1353 3612 expers,
1397 3538 1606 3614 ipsum
1653 3543 1758 3596 aut
1800 3538 1972 3606 nihil,
2021 3542 2127 3596 aut

465 3647 656 3704 quam
683 3629 1003 3704 paululum
1028 3629 1296 3686 alimenti
1326 3644 1564 3686 sumere
1597 3628 1824 3686 volunt.

537 3725 593 3780 4.
633 3724 698 3780 Et
727 3721 778 3778 si
819 3720 1075 3778 viderint
1101 3724 1372 3777 ascetam
1412 3735 1536 3776 non
1567 3719 1819 3776 omnino
1864 3718 2127 3776 immise-

465 3809 777 3868 ricorditer
803 3827 1023 3884 corpus
1051 3814 1324 3879 tractare,
1349 3808 1456 3866 sed
1485 3810 1705 3881 partim
1732 3809 1945 3866 saltem
1977 3824 2126 3882 pras-

469 3901 621 3960 senti
657 3900 1004 3959 necessitati
1028 3899 1394 3968 satisfacere,
1428 3915 1570 3956 eum
1601 3898 1890 3955 conviciis
1919 3915 1991 3955 ac
2023 3915 2128 3955 ca-

465 3991 712 4049 lumniis
759 3995 1207 4061 consectantur,
1261 4005 1334 4046 ac
1387 4004 1491 4045 eos
1538 3993 1762 4045 vocant
1807 3988 2123 4056 heluones,

465 4096 862 4152 voracesque,
900 4084 960 4136 et
1004 4079 1066 4134 id
1108 4078 1374 4135 dedecus
1414 4077 1788 4151 bibendique
1827 4077 2125 4150 intempe-

466 4169 730 4228 rantiam
757 4168 838 4226 ab
866 4184 991 4225 uno
1019 4167 1083 4224 in
1106 4183 1320 4226 omnes
1352 4166 1721 4224 extendunt:
1753 4181 1950 4239 neque
1977 4165 2130 4222 illud

467 4263 773 4331 reputant,
805 4273 890 4321 se,
924 4273 1064 4314 cum
1095 4256 1211 4327 bis,
1248 4264 1306 4312 et
1344 4271 1416 4312 ex
1458 4256 1605 4328 ipsis
1634 4255 1914 4312 nonnulli
1946 4256 2128 4312 etiam

471 4353 560 4404 ter
587 4347 684 4404 die
703 4346 909 4405 cibum
929 4347 1194 4419 capiant,
1217 4351 1275 4401 et
1303 4347 1458 4402 escis
1486 4345 1879 4403 crassissimis
1901 4362 1973 4402 ac
2000 4346 2134 4419 pin-

472 4437 802 4507 guissimis,
829 4437 1179 4509 ingentique
1209 4436 1488 4493 carnium
1531 4436 1692 4493 mole
1738 4436 2125 4508 exsatientur,

2229 1929 2526 2000 ’γιλονείκως
2585 1928 2959 2004 διαγωνιζεται
3026 1930 3075 1984 ἐν
3137 1939 3255 1996 ταῖς
3314 1936 3434 2007 περὶ
3489 1934 3556 1984 τὰ
3610 1935 3844 2006 παρόντα

2232 2018 2733 2093 ἀμφισϐητήσεων·
2777 2024 2803 2074 ὁ
2856 2019 2915 2076 δε
2965 2027 3055 2082 καὶ
3098 2031 3198 2075 τῶν
3248 2018 3469 2076 δικαίων
3513 2030 3595 2074 τοί
3639 2020 3844 2095 ἀμφισ-

2231 2108 2456 2168 ϐητοῦσι
2515 2119 2851 2186 παραχωρεῖ,
2909 2111 3120 2186 πληρῶν
3185 2115 3266 2175 τὸ,
3329 2111 3458 2165 Ἀπὸ
3519 2119 3612 2164 τοῦ
3674 2115 3847 2186 αἴρον-

2231 2220 2319 2262 τος
2373 2203 2439 2252 τὰ
2504 2203 2593 2267 σὰ,
2645 2206 2716 2274 μὴ
2786 2200 3020 2257 ἀπαίτει.
3089 2201 3146 2255 Ὀ
3209 2205 3322 2275 μὶν,
3382 2204 3684 2269 τυπτηθεὶς,
3733 2200 3848 2256 ἀντ·

2231 2293 2529 2358 ετύπτησε,
2589 2296 2681 2344 καὶ
2741 2288 3048 2360 ἀδικηθεὶς,
3101 2288 3468 2359 ἀντηδίκησε,
3519 2311 3611 2344 και
3675 2295 3839 2366 ταύτῃ

2231 2385 2288 2436 τὸ
2356 2384 2473 2434 ἴσον
2530 2384 2673 2454 ἔχειν
2740 2381 3129 2454 ὑπολαμϐάνει·
3182 2384 3208 2434 ὁ
3263 2379 3324 2436 δι
3383 2389 3626 2457 καρτερεῖ
3679 2386 3841 2457 μέχρι

2231 2473 2505 2538 τοσούτου,
2552 2472 2687 2545 ἄχρι
2737 2475 2890 2546 κόρον
2936 2481 3009 2542 τῷ
3057 2468 3334 2524 ἀδικοῦντι
3384 2473 3414 2531 ἠ
3468 2473 3579 2544 (80)
3635 2477 3726 2526 καὶ
3768 2480 3841 2542 τῷ

2231 2565 2443 2612 παίοντι
2481 2559 2779 2632 ἐμποιήσει.
2830 2566 2931 2613 Καὶ
2975 2563 3000 2612 ὁ
3030 2564 3120 2633 μεν
3164 2569 3346 2614 πασῶν
3384 2569 3484 2613 τῶν
3528 2569 3618 2614 τοῦ
3668 2567 3844 2635 σώμα-

2233 2667 2317 2708 τος
2367 2645 2572 2706 ἡδονῶν
2628 2657 2834 2722 κρατεῖν
2895 2646 3277 2702 διεσπούδακεν
3306 2691 3319 2718 ,
3381 2651 3408 2701 ὁ
3475 2647 3534 2702 δε
3599 2649 3648 2702 ἓν
3705 2655 3842 2724 κόρῳ

2237 2734 2498 2811 διατρίϐει
2546 2746 2645 2788 τῶν
2692 2733 2912 2796 ἡδονῶν.
2967 2745 3083 2800 Πῶς
3129 2734 3219 2790 οὖν
3262 2737 3322 2789 ἂν
3362 2743 3452 2790 καὶ
3489 2739 3605 2810 (81)
3657 2737 3843 2811 ἀγωνι-

2239 2846 2368 2888 στης
2432 2828 2458 2882 ὁ
2527 2824 2778 2898 βιωτικὸς
2841 2829 3112 2899 νομισθείη
3183 2830 3308 2900 πρὸς
3371 2825 3606 2887 ἀσκητὴν
3673 2832 3844 2904 κρινό-

2236 2933 2428 2990 μενος;
2480 2921 2750 2973 Σκὸπησον
2795 2914 2854 2969 δε
2902 2923 2992 2970 καὶ
3040 2919 3228 2991 ἕτερον,
3275 2920 3396 2993 ὅπερ
3441 2920 3675 2990 πάσχειν
3726 2921 3846 2971 σύν-

2239 3008 2355 3069 ηθες
2401 3014 2513 3068 τοῖς
2558 3015 2630 3077 τῷ
2683 3010 2903 3082 παρόντι
2952 3005 3054 3079 βίῳ
3110 3011 3508 3080 προσέχουσιν,
3569 3010 3728 3068 ἡνίκα
3783 3005 3844 3065 ἂν

2235 3099 2300 3149 τὰ
2349 3100 2468 3168 περὶ
2522 3099 2641 3156 τοὺς
2693 3095 2923 3156 ἀσκητάς
2978 3095 3315 3159 ἐξετάζωσιν,
3369 3093 3616 3149 Ἐπειδὰν
3671 3100 3770 3170 γὰρ
3819 3099 3844 3148 ὁ

2168 3205 2208 3262 C
2239 3185 2476 3248 ἀσκητὴς
2521 3183 2576 3236 ἐκ
2624 3191 2830 3260 μακρᾶς
2871 3193 2968 3245 τῆς
3017 3181 3214 3247 ἐνδείας
3264 3182 3550 3261 ὑπερείδειν
3593 3188 3652 3237 τὸ
3693 3194 3848 3258 σῶμα

2235 3280 2394 3352 τροφῇ
2445 3274 2614 3336 καλῶς
2661 3277 2805 3346 ἔχειν
2853 3276 3112 3346 ἡγήσαιτο
3160 3277 3292 3345 (82),
3353 3276 3586 3350 καθάπερ
3633 3273 3847 3347 ἀσώμα-

2235 3370 2320 3418 τόν
2366 3384 2420 3417 τε
2465 3369 2555 3416 καὶ
2607 3363 2786 3434 ἄϋλον,
2821 3364 2850 3423 ἦ
2892 3368 2952 3416 οὺ
2999 3369 3238 3437 μετέχειν
3275 3371 3491 3438 τροφῆς,
3529 3363 3560 3424 ἡ
3601 3371 3698 3426 τῆς
3736 3362 3848 3417 ἐλα-

2237 3460 2435 3528 χίστης
2463 3453 2694 3509 θέλουσι.

2309 3719 2361 3773 4.
2405 3713 2511 3768 Κᾶν
2555 3709 2722 3768 ἴδωσι
2764 3716 2850 3767 τὸν
2899 3711 3137 3772 ἀσκητὴν
3189 3716 3261 3785 μὴ
3312 3715 3481 3772 πάντη
3527 3720 3621 3766 τοῦ
3670 3718 3848 3786 σώμα-

2234 3823 2320 3865 τος
2365 3800 2586 3876 ἀφειδῶς
2629 3806 2845 3874 ἔχοντα,
2883 3799 3011 3856 ἀλλὰ
3059 3806 3202 3876 μέρει
3243 3809 3369 3874 γοῦν
3408 3822 3512 3856 τινι
3550 3806 3645 3862 τὴν
3684 3804 3848 3877 ὑπάρ-

2236 3913 2445 3967 χουσαν
2512 3890 2713 3947 ἔνδειαν
2775 3895 3142 3966 θεραπεύοντα,
3198 3888 3508 3968 λοιδοροῦσι
3577 3896 3666 3946 καὶ
3732 3889 3850 3945 δια-

2239 3982 2530 4053 ϐάλλουσι,
2609 3987 2699 4037 καὶ
2773 3981 3092 4045 πολνσίτους
3151 3985 3294 4043 τινὰς
3368 3987 3458 4036 καὶ
3522 3981 3848 4058 λαιμάργους

2239 4070 2586 4138 ἀποκαλοῦσι,
2625 4075 2720 4130 τὴν
2767 4073 2903 4124 κατὰ
2946 4078 3039 4125 τοῦ
3088 4071 3198 4134 ἑνὸς
3241 4070 3390 4147 ὕϐριν
3435 4075 3527 4124 καὶ
3572 4075 3848 4145 παροινίαν

2239 4160 2324 4215 ἐπὶ
2383 4165 2505 4223 τοὺς
2569 4161 2769 4223 πάντας
2825 4158 3164 4221 ίκτείνοντες·
3234 4159 3292 4212 ού
3349 4159 3710 4234 λογιζόμενοι,
3769 4161 3851 4214 ὃτι

2240 4251 2391 4304 αύτοὶ
2433 4254 2522 4324 μεν
2569 4246 2677 4320 δὶς,
2720 4252 2847 4304 ἔνιοι
2895 4245 2955 4304 δε
3001 4249 3170 4303 αὐτῶν
3214 4253 3305 4304 καὶ
3345 4253 3457 4326 τρὶς
3503 4257 3600 4312 τῆς
3651 4251 3849 4323 ἡμέρας

2243 4344 2535 4414 σιτούμενοι
2585 4344 2764 4394 σιτίων
2811 4341 2879 4392 τὰ
2925 4342 3216 4412 παχύτατα
3265 4343 3356 4394 καὶ
3408 4342 3653 4408 πιότατα,
3705 4336 3849 4391 ἀπείη

2239 4451 2333 4507 ρου
2388 4450 2444 4485 τε
2496 4432 2656 4503 ὄγκου
2714 4437 2874 4504 κρεῶν
2925 4428 3318 4503 ἕμφορούμενοι,
3376 4433 3467 4482 καὶ
3520 4432 3658 4482 οἶνον
3716 4427 3850 4487 πλῆ-

472 4527 986 4599 immodicamque
1019 4526 1143 4583 vini
1179 4527 1419 4598 copiam
1450 4526 1797 4596 infundant,
1829 4526 2124 4583 nihilomi-

2243 4523 2331 4583 θος
2389 4522 2608 4596 οἷμετρον
2667 4519 2992 4594 ἐγχεάμενοι,
3055 4520 3216 4580 οὕτως
3279 4518 3367 4573 ἰπὶ
3429 4521 3522 4580 τὰς
3583 4518 3852 4595 τραπέζας

472 4633 589 4673 nus
605 4624 808 4674 tamen
826 4617 1074 4689 perinde
1089 4621 1271 4688 atque
1289 4631 1468 4672 canes
1486 4620 1623 4688 post
1635 4615 1886 4685 longam
1902 4616 2131 4672 famem

474 4723 512 4763 a
539 4707 796 4764 vinculis
821 4706 1071 4774 solutos,
1095 4705 1326 4762 mensis
1355 4706 1606 4763 inhiare.
1635 4705 1750 4762 Sed
1777 4707 1901 4762 veri
1927 4712 2131 4764 asceta

475 4802 533 4853 et
573 4797 860 4856 alimento
893 4797 1227 4853 siccissimo
1255 4801 1526 4863 utuntur,
1561 4801 1617 4853 et
1653 4796 1716 4852 in
1745 4812 1868 4869 quo
1913 4801 2133 4870 praeter

472 4887 949 4944 imbecillitatem
969 4892 1180 4944 tenues
1204 4885 1540 4944 admodum
1563 4886 1642 4944 ad
1664 4886 1952 4945 alendum
1973 4888 2130 4946 vires

550 5050 598 5084 3‘
640 5051 780 5106 Luc.
820 5065 900 5120 v1,
940 5051 1030 5106 30.

549 5211 666 5277 (77)
703 5211 939 5283 Veteres
964 5208 1048 5265 du
1071 5207 1208 5283 libri
1235 5216 1373 5262 νῶτα
1399 5209 1704 5283 τρίψαντες.

549 5275 1200 5364 (78).Βθξζὶὶᾃεθουῐιᾱιιε
1231 5285 1286 5336 et
1315 5275 1566 5364 quartus
1750 5275 1838 5332 οὖν
1881 5299 1940 5364 γε
1988 5279 2132 5364 agre:

477 5350 567 5407 ού’
610 5356 727 5414 τοὺς
785 5350 988 5425 ἀγῶνας
1057 5350 1429 5424 διήνεγκανξ...
1497 5360 1596 5404 τῶν
1665 5350 1963 5410 ἀσκητικῶν
2030 5350 2132 5406 λεί-

478 5445 679 5479 πονται.

550 5501 664 5563 {79)
706 5494 907 5551 Codex
956 5495 1116 5551 Colb.
1153 5511 1292 5550 cum
1336 5497 1506 5550 Voss.
1555 5503 1654 5545 τῶν
1705 5489 1852 5546 ἰδίων
1902 5501 2127 5569 κρατεῖν,

475 5583 583 5623 sua
614 5582 857 5622 servare
886 5575 1162 5624 conatur.

472 5639 656 5765 lib(8g)
699 5637 985 5694 Voculam
1022 5643 1052 5697 ἣ
1087 5636 1438 5694 addidimus
1483 5653 1554 5692 ex
1585 5637 1849 5711 antiquis
1881 5637 2124 5698 duobus

561 5726 590 5764 r
653 5750 665 5763 .

561 5726 642 5764 l‘lS
653 5750 665 5763 .

2241 4616 2555 4684 κεχήνασιν,
2622 4613 2794 4686 ὥσπερ
2864 4608 3118 4671 σκύλακες
3183 4612 3314 4682 μετὰ
3378 4611 3582 4683 μακρὰν
3647 4604 3846 4661 ἔνδειαν

2241 4709 2341 4755 τῶν
2418 4698 2625 4774 δεσμῶν
2684 4698 2963 4772 ἀφεθέντες.
3025 4700 3091 4752 Οἱ
3159 4694 3220 4752 δέ
3281 4718 3342 4770 γε
3401 4700 3538 4753 κατὰ
3601 4695 3846 4756 ἀλήθειαν

2245 4790 2475 4851 ἀσκηταὶ
2526 4797 2688 4864 τροφῇ
2739 4808 2795 4844 τε
2847 4788 3103 4864 ξηροτάτη
3162 4792 3467 4865 κέχρηνται,
3529 4791 3620 4842 καὶ
3677 4785 3849 4860 ὀλίγον

2244 4880 2446 4955 ἐχούσῃ
2495 4880 2613 4952 (83)
2663 4882 2758 4932 σὺν
2808 4877 3046 4951 ἀσθενείᾳ
3091 4881 3148 4931 τὸ
3206 4882 3496 4954 τρόφιμον,
3549 4882 3675 4932 xui.“
3704 4878 3851 4953 παρὰ

2317 5205 2426 5276 (81)
2471 5201 2624 5259 Editi
2651 5208 2769 5263 Πῶς
2798 5196 2886 5252 οὖν
2922 5204 3038 5256 καὶ.
3063 5245 3074 5258 .
3098 5244 3110 5257 .
3149 5203 3397 5275 νομισθῇ.
3429 5201 3502 5261 At
3544 5217 3690 5260 mss.
3719 5197 3842 5258 duo

2242 5281 2311 5333 ut
2335 5277 2396 5331 in
2423 5279 2726 5331 contextu.

2311 5349 2608 5426 (82)__Beg.
2643 5343 3268 5426 secundus‘ﬁyéojnrm.
3298 5343 3462 5426 Alius
3494 5360 3843 5426 manurin-

2238 5415 2701 5548 f'ag._Ali'quanto
2732 5421 2870 5492 post
2892 5415 3032 5472 editi
3059 5421 3131 5491 μὴ
3185 5421 3362 5488 παντί,
3395 5415 3574 5474 male.
3610 5417 3845 5473 Veteres

2265 5510 2280 5547 ι
2330 5508 2376 5546 I‘l
2402 5511 2592 5548 ’τι-αντη.

2265 5508 2376 5548 lDI‘l
2402 5511 2592 5548 παντη.

2308 5566 2422 5635 (83)
2464 5558 2706 5635 Antiqui
2753 5558 2874 5616 duo
2904 5559 3039 5616 libri
3079 5560 3252 5635 ὀλίγον
3291 5560 3508 5635 ἔχουσι.
3540 5555 3845 5635 Moxuediti

2308 5581 2422 5635 (ὅό)
2464 5581 2706 5632 Anuqui
2753 5581 2874 5616 uuo
2904 5581 3039 5616 llDI‘l
3079 5581 3247 5634 ολιγον
3291 5581 3334 5614 ελ
3362 5581 3508 5616 ουσι.
3540 5581 3672 5618 uox
3702 5581 3769 5614 eu

2238 5636 2378 5700 ἅπαξ
2407 5635 2449 5692 εἰ
2478 5639 2568 5689 καὶ
2595 5632 2758 5696 τάξει,
2791 5635 2862 5693 At
2888 5648 3035 5692 mss.
3066 5637 3185 5698 tres
3218 5581 3360 5698 ἅπαέ
3385 5648 3397 5661 ⁸
3434 5634 3486 5684 οἰ
3517 5653 3576 5706 γε
3606 5630 3769 5694 τάξει.
