4120 6370
337 371 472 422 1365

1473 357 1557 409 C0
1569 357 1605 408 Ν
1617 343 2066 407 ΞΤΙΤΠΊἸΟΝΕΒ
2108 345 2374 400 ΜΟΝΑΒἸ
2395 351 2545 400 Ηῖίῖξ.

3563 342 3700 395 1368

335 497 510 541 πᾶσαν
548 508 641 545 την
695 489 890 558 ἡμέραν
938 480 1097 542 ἅπαξ·
1149 482 1198 531 οἱ
1239 499 1300 550 γε
1341 478 1486 540 τάξει
1540 474 1733 544 διαζῇν
1778 471 1932 541 ἐγνω-

2053 467 2192 534 sint,
2226 476 2281 522 et
2309 470 2632 523 comedunt
2662 467 2846 522 semel
2865 482 2969 538 per
2992 473 3173 519 totam
3201 464 3362 518 diem
3391 479 3403 517 :
3436 464 3702 535 quicum

335 599 495 644 κοτες,
564 582 653 629 καὶ
728 584 881 626 τούτο
948 576 1165 645 μετρίως
1243 575 1333 620 καὶ
1419 567 1774 636 ἐπιστημόνως
1850 579 1937 610 σι-

333 671 588 739 τούμενοι,
665 665 873 722 εἰκότως
924 664 1068 734 παρά
1131 663 1216 710 τὸν
1283 660 1464 730 καιρὸν
1522 665 1616 716 τῆς
1682 650 1938 706 σιτήσεως

335 761 428 814 τὴν
458 759 645 829 χρείαν
694 752 800 826 μετ’
855 749 1314 824 εὐπαρρησιάστου
1361 754 1452 798 τοὺ
1497 739 1795 801 συνειδότος
1825 739 1937 806 (84)

336 853 646 919 χορηγοῦσι
693 850 766 912 τῷ
810 847 1039 913 σώματι.
1079 841 1171 890 Διά
1223 856 1304 888 τοι
1359 843 1513 887 τουτο
1566 837 1821 906 προσήκει
1863 831 1934 898 μὴ

335 941 429 993 τὴν
469 933 756 1007 ἐλευθερίαν
802 933 948 1002 ἡμῶν
1008 928 1277 1000 κρίνεσθαι
1329 927 1429 976 ὑπὸ
1482 922 1636 980 ἄλλης
1686 913 1937 972 συνειδή-

339 1043 487 1084 σεως.
529 1022 590 1075 Εἰ
625 1024 725 1096 γὰρ
780 1021 931 1091 ἡμεῖς
978 1019 1167 1090 χάριτι
1219 1019 1522 1087 μετέχομεν,
1581 1015 1633 1064 τί
1690 1007 1936 1096 βλασφη-

336 1113 571 1186 μούμεθα
599 1112 725 1182 ὑπερ
773 1109 839 1160 ὧν
887 1109 1034 1180 ἡμεῖς
1083 1106 1537 1178 εὐχαριστοῦμεν;
1596 1103 1690 1157 τὴν
1738 1092 1937 1148 ἔνδειαν

335 1184 423 1254 καὶ
474 1205 568 1258 τήν
611 1207 707 1260 τῆς
760 1205 954 1272 τροφῆς
1013 1195 1264 1247 εὐτέλειαν
1326 1194 1456 1264 μετὰ
1523 1192 1782 1246 τοσαύτης
1849 1184 1936 1237 εύ-

333 1293 594 1364 φροσυνης
651 1291 998 1361 αἱρούμενοι,
1067 1284 1177 1356 μεθ’
1233 1286 1363 1344 ὅσης
1425 1276 1548 1332 οὐδε
1607 1277 1788 1330 έκεῖνοι
1841 1279 1936 1332 τὴν

331 1379 696 1454 ὑπέρλαμπρον
741 1381 831 1428 καὶ
869 1370 1179 1432 παντοδαπὴ
1215 1372 1326 1443 (85)
1369 1379 1466 1431 τῆς
1506 1365 1771 1436 πολυόψου
1815 1383 1936 1454 τρα-

331 1452 497 1530 πέζης
552 1452 914 1542 παρασκευήν,
974 1463 1034 1516 Εἰ
1089 1459 1148 1515 δέ
1205 1481 1281 1521 τις
1335 1469 1434 1511 τῶν
1503 1458 1781 1530 εἰρημένων
1842 1452 1934 1504 ἀν-

336 1560 552 1634 θρώπων
622 1555 705 1608 έπὶ
771 1559 975 1607 συνέσει
1045 1558 1134 1604 καὶ
1199 1549 1436 1620 εὐλαϐείᾳ
1502 1553 1760 1621 γνώριμος
1830 1547 1930 1608 εἴη,

333 1650 422 1699 καὶ
464 1643 535 1698 δι’
581 1641 769 1706 αἰδοῦς
822 1645 944 1714 ἄγοι
992 1645 1077 1694 τόν
1126 1643 1372 1713 ἡμέτερον
1423 1636 1554 1710 βίον,
1599 1638 1763 1706 τούτῳ
1815 1651 1932 1684 κοι-

331 1741 504 1787 νωνεῖν
555 1734 840 1808 τραπέζης,
894 1731 938 1784 εἰ
985 1733 1170 1782 τούτου
1234 1726 1465 1786 δεήσειεν
1521 1724 1926 1796 έπεσκεμμένως,

330 1823 425 1876 οὐκ
453 1822 660 1894 ἄλογον.

883 1915 1269 1964 ΚΕΦΑΑΑΙΟΝ
1304 1907 1376 1964 Ζ’.

327 2000 450 2056 Ὀτι
477 2001 537 2054 οὐ
577 2004 689 2075 χρὴ
725 2002 927 2072 συχνὰς
955 2004 1047 2052 καὶ
1096 1997 1484 2075 ἀᾷασανίστους
1527 1994 1796 2047 ποιεῖσθαι
1841 1994 1930 2052 τὰς

987 2073 1270 2140 προόδους.

405 2168 458 2220 1.
499 2167 614 2236 Χρὴ
650 2158 709 2215 δε
739 2157 878 2234 μηδὲ
924 2162 1181 2234 προφάσει
1227 2167 1319 2222 τῆς
1376 2166 1474 2210 τῶν
1533 2152 1763 2227 ἀδελφῶν
1814 2151 1929 2206 ἑπι-

332 2251 561 2322 σκέψεως
611 2270 665 2306 τε
703 2256 794 2306 καὶ
839 2254 1132 2320 συντυχίας
1161 2246 1348 2309 πολλὰς
1393 2251 1482 2298 καὶ
1532 2247 1730 2316 συχνὰς
1772 2251 1932 2296 ποιεῖ-

332 2344 457 2396 σθαι
482 2343 572 2406 τὰς
602 2337 864 2412 ἐκδημίας
894 2341 1020 2396 (ἔστι
1053 2340 1152 2412 γὰρ
1185 2342 1276 2390 καλ
1318 2344 1470 2388 τοῦτο
1521 2331 1795 2392 διαϐολικὴ
1851 2353 1932 2394 τις

333 2429 552 2497 ἕπίνοια,
585 2432 904 2504 πειρωμένου
951 2435 1043 2480 τοῦ
1093 2425 1288 2501 ἐχθροῦ
1339 2421 1432 2477 διὰ
1460 2428 1570 2495 (86}
1609 2432 1703 2484 τῆς
1754 2426 1929 2474 τοιαύ-

331 2540 429 2586 της
487 2515 714 2593 μεθόδου
759 2522 817 2571 τό
871 2517 1114 2578 εὐσταθες
1174 2518 1318 2588 ἡμῶν
1375 2519 1466 2566 καὶ
1522 2518 1579 2566 τό
1627 2517 1932 2585 τεταγμένον

331 2617 427 2675 τῆς
458 2610 594 2670 ζωῆς
630 2607 933 2680 παραλύειν,
974 2610 1064 2659 καὶ
1092 2605 1163 2670 εἰς
1195 2600 1500 2677 φιληδονίας
1543 2607 1632 2654 καὶ
1669 2601 1932 2674 λογισμῶν

333 2697 734 2760 ἀκαταστασίας
797 2693 1087 2768 διαφόρους
1149 2693 1461 2766 έμϐάλλειν)·
1519 2691 1635 2745 καθ’
1698 2693 1933 2764 ἡσυχίαν

332 2785 390 2844 δε
440 2787 640 2847 ἑαυτοῖς
697 2785 1019 2858 ὁμιλοῦντας,
1077 2781 1492 2836 διασκέπτεσθαί
1541 2800 1595 2834 τε
1643 2787 1734 2836 καὶ
1781 2780 1935 2836 ἐπαν-

329 2879 512 2952 ορθοῦν
566 2880 630 2927 τὰ
677 2872 768 2936 τῆς
817 2875 1000 2947 ψυχῆς
1031 2873 1405 2947 ἁμαρτήματα.
1451 2871 1508 2924 Ὀ
1555 2874 1656 2946 γὰρ
1696 2873 1818 2946 οἶρτι
1846 2875 1932 2923 τόν

329 2971 526 3038 κόσμον
573 2973 634 3033 τῇ
665 2965 780 3034 (87)
829 2961 1064 3017 διαθέσει
1121 2962 1418 3014 καταλιπὼν
1449 3003 1462 3028 ,
1537 2959 1638 3012 ἀπὸ
1691 2964 1779 3033 μὲν
1838 2969 1934 3021 τῆς

326 3059 458 3131 πρὸς
501 3057 565 3108 τὰ
613 3053 748 3124 καλά
784 3056 1001 3114 νεύσεως
1055 3057 1114 3106 τὸ
1166 3051 1428 3106 ἐπαινετόν
1486 3053 1618 3122 ἔχει⁸
1679 3054 1822 3102 οὔπω
1872 3046 1931 3101 δε

326 3147 385 3198 τό
429 3143 617 3198 τέλειον
672 3151 772 3196 τῶν
831 3140 1024 3218 ἀρετῶν
1076 3146 1339 3199 κέκτηται·
1399 3139 1640 3200 πολλάκις
1696 3135 1754 3192 δὶ
1808 3135 1932 3192 οὐδὲ
1959 3174 1999 3232 C

330 3230 662 3290 διανενόηται
718 3236 805 3286 τὸν
869 3235 1068 3306 πρόπον
1143 3238 1241 3294 τῆς
1306 3229 1474 3282 αὐτῶν
1540 3230 1929 3303 κατορθώσεως,

329 3321 458 3373 ἀλλὰ
519 3319 709 3387 δεῖται,
769 3318 882 3372 καθ’
958 3321 1194 3391 ἡσυχίαν
1251 3319 1430 3372 ἑαυτὸν
1498 3318 1930 3392 ἐπισκεψάμενος,

329 3407 562 3465 κατιδεῖν
590 3429 642 3463 τε
667 3412 760 3471 τὰς
791 3407 1044 3470 ἀτάκτους
1082 3417 1172 3470 τῆς
1217 3407 1400 3480 ψυχῆς
1445 3410 1609 3481 ὁρμὰς
1652 3414 1742 3462 καὶ
1788 3413 1932 3468 κινή-

335 3520 464 3574 σεις,
507 3499 598 3554 καί
627 3502 848 3564 ταύταις
891 3503 1136 3571 γενναίως
1179 3496 1658 3569 ἀνταγωνίσασθαι,
1692 3503 1782 3550 καὶ
1824 3507 1933 3559 τοῖς

330 3595 597 3664 κρείττοσι
659 3589 934 3661 λογισμοῖς
997 3590 1092 3651 τὰς
1157 3585 1375 3650 ἀταξιας
1440 3585 1928 3662 ἐπανορθώσασθαι·

330 3680 486 3745 πάξις
532 3682 633 3755 γάρ
692 3678 876 3751 ψυχῆς
933 3676 1115 3752 ἀρετῆς
1173 3678 1421 3749 σύνθεμα.
1478 3676 1536 3729 Ὀ
1592 3681 1763 3729 τοίνυν
1817 3673 1935 3732 δια-

325 3773 518 3832 ’παντὸς
565 3767 613 3820 ἐν
667 3765 997 3840 ἀποδημίαις
1047 3771 1138 3820 καὶ
1191 3766 1540 3840 μεταϐάσεσιν
1597 3767 1685 3835 ὢν,
1737 3771 1825 3820 καὶ
1855 3765 1934 3820 ἀεὶ

328 3863 386 3917 τό
440 3868 536 3922 τῆς
589 3857 779 3930 ψυχῆς
834 3877 1047 3914 συννουν
1114 3862 1203 3910 καὶ
1269 3861 1659 3929 πεπυκνωμένον
1714 3855 1934 3932 ῥιπίζων

328 3954 418 4004 καὶ
449 3945 704 4020 διαχέων,
735 3951 988 4020 καὶπρὸς
1034 3949 1125 4012 τὰς
1166 3942 1356 4012 ἡδονὰς
1403 3965 1494 3999 του
1545 3951 1785 4020 σώματος
1817 3944 1934 4020 βλέ-

327 4057 439 4102 πειν
491 4041 627 4090 κατὰ
681 4040 867 4110 μικρὸν
922 4035 1236 4109 ἐθιζόμενος,
1292 4045 1404 4099 πῶς
1461 4031 1746 4096 δυνήσεται
1802 4055 1930 4088 κατ-

328 4124 458 4184 ιδεῖν
496 4129 614 4198 (88)
657 4129 859 4196 εαυτόν,
909 4127 938 4186 ἦ
986 4135 1179 4197 γνῶναι
1225 4128 1292 4179 τά
1321 4131 1393 4196 μὴ
1445 4125 1609 4188 καλῶς
1653 4129 1862 4198 ἔχοντα,
1897 4127 1925 4188 ἦ

229 4277 236 4279 _
324 4220 456 4293 πρός
510 4218 568 4270 τὸ
627 4211 742 4270 δέον
790 4213 922 4267 αύτά
973 4215 1434 4288 μεθαρμόσασθαι,
1480 4220 1573 4277 τὴν
1635 4215 1821 4288 ψυχὴν
1857 4218 1931 4270 ἔτι

327 4302 627 4380 διερεθίζων
656 4306 786 4376 πρὸς
816 4300 1060 4374 ἐμπαθεῖς
1091 4299 1377 4364 διαθέσεις·

397 4573 449 4624 2.
491 4574 602 4644 Χρὴ
637 4575 804 4623 τοίνυν
836 4572 1020 4643 ἡσυχῆ
1055 4574 1219 4644 μένειν
1270 4572 1338 4622 τὰ
1368 4568 1552 4637 πολλὰ,
1605 4575 1695 4622 καὶ
1742 4588 1922 4644 καρτε-

323 4667 429 4733 ρεῖν
473 4661 690 4712 ἕκαστον
745 4665 836 4720 τὴν
902 4656 1042 4712 ἰδίαν
1101 4664 1428 4732 καταγωγὴν,
1490 4661 1572 4712 ἵνα
1619 4663 1718 4733 ἔχῃ
1768 4666 1919 4711 τούτο

323 4756 419 4814 τῆς
443 4749 746 4812 εὐσταθείας
789 4758 889 4802 τῶν
925 4755 1130 4824 τρόπων
1159 4753 1444 4825 μαρτύριον
1475 4750 1609 4823 (89)·
1639 4754 1710 4824 μὴ
1750 4751 1917 4808 πάντη

323 4841 413 4912 μὲν
465 4841 804 4917 καθεῖρχθαι,
1046 4842 1134 4901 τά,
1201 4859 1254 4892 τε
1320 4837 1604 4914 ἀναγκαίας
1660 4835 1922 4914 προόδους

324 4927 814 5004 εύπκρρησιάστους
844 4931 1130 4996 ποιεῖσθαι,
1172 4927 1220 4980 ἐν
1264 4926 1346 4992 αἷς
1389 4926 1540 4982 οὐδὲν
1581 4932 1638 4982 τό
1689 4926 1924 4992 συνειδὸς

323 5015 657 5087 ἐπισκήπτει,
722 5024 813 5074 καὶ
867 5023 988 5082 τοὺς
1041 5017 1350 5093 βελτίστους
1403 5037 1459 5073 τε
1526 5024 1617 5073 καὶ
1663 5019 1924 5093 ὠφελιμω-

319 5110 505 5170 τάτους
559 5104 655 5162 διὰ
713 5108 972 5172 πολιτείας
1032 5106 1299 5186 ἀκρίϐειαν
1357 5116 1458 5163 τῶν
1515 5105 1748 5184 ἀδελφῶν
1814 5109 1924 5163 έπι-

391 5234 502 5305 (84)
545 5232 638 5290 Sic
667 5236 894 5311 veteres
924 5239 1190 5307 quatuor
1215 5235 1373 5294 libri.
1405 5235 1556 5292 Editi
1585 5235 1694 5309 μετ’
1732 5233 1923 5311 ιύπαρ.

320 5305 384 5379 ῥη
393 5301 513 5368 σίας
541 5312 633 5360 τοῦ
648 5301 864 5379 ᾲσυνειδ,

395 5379 508 5449 t85)
544 5377 954 5449 Codices_duo
985 5382 1076 5432 καὶ
1103 5376 1468 5440 παντοδαπὴν.
1498 5379 1705 5438 Statim
1734 5379 1926 5437 codex

323 5445 499 5504 Colb.'
535 5449 578 5503 εί
607 5457 760 5502 τοῦτο
791 5445 1046 5508 δεήσειεν.

723 5521 927 5607 ἐχθροῦ.
945 5527 1039 5607 καξἰ
1060 5519 1176 5607 διά..
1202 5527 1286 5607 Δί
1300 5540 1459 5607 11199..
1482 5521 1790 5607 έχθοιῆδιοί.

395 5592 526 5673 (87),
549 5593 698 5673 Ρξόίῐῇ
728 5591 849 5673 ipsi.
877 5597 966 5673 τόν
1005 5591 1312 5673 δεσμόνμτῇ.
1336 5669 1343 5673 _
1365 5591 1600 5673 Veteres
1629 5595 1929 5673 duo__libri

323 5659 447 5735 ἄρτι
475 5659 624 5716 τόνδε
643 5668 729 5718 τὸν
760 5659 976 5738 δεσμόν,
1000 5659 1366 5740 ᾳιιίνοιίᾴυίι
1390 5669 1719 5726 vinculum.
1742 5667 1929 5726 Vossii

2049 557 2324 612 ordinate
2359 558 2539 612 vitam
2566 558 2783 624 degere
2816 556 3144 617 statuerint,
3180 553 3610 624 moderateque
3631 567 3704 606 ac

2050 646 2375 716 prudenter
2398 645 2600 700 cibum
2615 643 3023 712 sumant,jure
3043 658 3114 697 ac
3134 641 3346 696 merito
3361 641 3462 695 ubi
3481 640 3706 696 edendi

2053 744 2287 806 tempus
2317 734 2579 802 advenit,
2613 740 2756 789 tunc
2782 732 2986 788 animo
3012 730 3318 800 religionis
3347 729 3536 786 libero
3566 744 3702 785 cor-

2049 825 2178 895 pori
2197 824 2538 880 necessaria
2560 818 3394 894 suppeditant.0uamobrem
3425 817 3706 874 convenit

2047 912 2380 969 libertatem
2415 920 2681 970 nostram
2715 910 2793 966 ab
2838 909 2957 964 alia
2995 907 3365 963 conscientia
3401 923 3525 963 non
3544 907 3703 978 judi-

2047 1003 2192 1059 cari.
2228 1003 2286 1059 Si
2314 1004 2475 1058 enim
2506 1019 2617 1057 nos
2648 1017 2785 1056 cum
2817 998 3011 1070 gratia
3037 996 3388 1068 accipimus,
3419 996 3567 1066 quid
3591 1011 3704 1067 pro

2046 1093 2119 1150 iis
2141 1095 2214 1150 de
2235 1094 2459 1166 quibus
2481 1092 2706 1164 gratias
2727 1088 3534 1160 agimus,blaspbemamur?
3554 1086 3704 1142 dum

2047 1185 2416 1250 tenuitatem,
2449 1184 2688 1256 cibique
2717 1181 3005 1237 vilitatem
3040 1184 3206 1235 tanta
3236 1193 3374 1233 cum
3401 1176 3704 1234 hilaritate

2047 1276 2489 1347 amplectimur,
2517 1290 2658 1330 cum
2689 1278 2918 1345 quanta
2946 1285 3021 1326 ne
3048 1270 3130 1325 illi
3161 1268 3408 1342 quidem
3438 1265 3702 1338 splendi-

2045 1365 2363 1421 dissimum
2384 1372 2441 1420 et
2469 1363 2862 1432 omnigenum
2892 1376 3116 1416 mense
3135 1359 3491 1416 lautissima:
3515 1373 3704 1430 appa-

2043 1463 2260 1511 ratum.
2295 1454 2465 1518 Quod
2495 1453 2546 1509 si
2575 1452 2881 1525 quispiam
2907 1467 2981 1506 ex
3010 1449 3124 1516 his,
3153 1465 3307 1522 quos
3337 1448 3480 1516 dixi,
3510 1446 3702 1503 homi-

2042 1545 2225 1600 nibus
2253 1544 2332 1600 ob
2373 1543 2758 1616 prudentiam
2788 1557 2860 1597 ac
2905 1540 3188 1613 pietatem
3239 1542 3418 1594 notus
3462 1538 3558 1604 sit,
3585 1537 3696 1593 ha-

2041 1632 2302 1705 beatque
2343 1634 2403 1687 in
2449 1630 2784 1687 reverentia
2830 1635 3102 1685 nostrum
3158 1627 3294 1683 vitae
3335 1625 3694 1693 institutum,

2041 1739 2180 1778 eum
2212 1727 2417 1778 nostra
2443 1737 2656 1776 mensa
2681 1719 3112 1791 circumspecte
3141 1715 3613 1784 communicare,
3643 1714 3697 1770 si

1961 1823 2004 1877 Β
2039 1812 2101 1868 id
2133 1827 2289 1867 unus
2317 1815 2552 1884 poscat,
2575 1826 2613 1866 a
2633 1809 2865 1865 ratione
2884 1807 3148 1864 alienum
3171 1821 3297 1862 non
3327 1811 3438 1862 est.

2571 1900 2744 1973 553
2787 1901 3014 1956 CAPUT
3048 1899 3162 1954 vn.

2185 1989 2354 2058 Quod
2381 2005 2503 2047 non
2529 1994 2763 2059 oportet
2788 1988 2991 2044 crebro
3019 1994 3074 2044 et
3101 1993 3318 2045 temere
3345 1984 3552 2057 egredi

2116 2158 2164 2210 t.
2208 2157 2398 2224 Atque
2427 2151 2611 2208 etiam
2641 2166 2842 2223 operas
2871 2149 3130 2222 pretium
3157 2154 3268 2217 est,
3300 2165 3696 2225 nequaquam

2040 2248 2332 2315 praetextu
2380 2246 2438 2297 et
2484 2241 2721 2297 visendi
2762 2240 2995 2305 fratres,
3031 2244 3090 2296 et
3130 2255 3268 2296 cum
3315 2241 3463 2313 ipsis
3510 2243 3695 2300 collo-

2038 2331 2282 2405 quendi,
2309 2329 2522 2387 crebro
2544 2346 2614 2386 ac
2643 2329 2986 2402 frequenter
3015 2330 3407 2401 peregrinari.
3449 2333 3600 2389 Nam
3639 2335 3697 2388 et

2039 2422 2155 2478 hoc
2179 2420 2550 2477 diabolicum
2571 2419 2882 2492 quoddam
2904 2418 3215 2476 inventum
3241 2425 3363 2476 est:
3394 2420 3696 2493 siquidem

2041 2517 2292 2567 conatur
2309 2509 2698 2566 adversarius
2715 2508 3015 2579 ejusmodi
3027 2509 3278 2565 artiﬁcio
3291 2511 3697 2568 constantiam

2042 2607 2336 2669 nostram,
2359 2605 2416 2656 et
2437 2600 2572 2655 vitae
2598 2605 2818 2655 nostrae
2834 2597 3221 2670 disciplinam
3241 2605 3526 2671 evertere,
3550 2616 3696 2658 nos-

2041 2707 2160 2764 que
2200 2689 2605 2761 voluptatibus
2638 2704 2710 2744 ac
2742 2688 2919 2744 variis
2963 2687 3396 2756 cogitationum
3432 2689 3697 2746 tumulti-

2043 2780 2158 2837 bus
2191 2779 2526 2851 implicare.
2570 2781 2696 2834 lmo
2745 2793 2887 2833 vero
2932 2776 3252 2838 nobiscum
3296 2777 3470 2834 tacite
3517 2777 3698 2836 collo-

2041 2869 2304 2943 quendo,
2338 2873 2586 2940 peccata
2612 2867 2831 2923 animas
2853 2872 2910 2922 et
2939 2865 3277 2938 expendere
3301 2869 3700 2926 etemendare

2039 2957 2353 3014 debemus.
2376 2957 2485 3022 Qui
2511 2956 2671 3011 enim
2690 2971 2881 3027 nuper
2901 2971 2974 3009 ex
2996 2955 3199 3012 animo
3216 2955 3379 3012 hunc
3401 2956 3702 3015 mundum

2040 3047 2378 3119 dereliquit,
2393 3047 2472 3102 ob
2494 3062 2666 3102 suam
2683 3045 2931 3118 quidem
2953 3044 3033 3101 ad
3044 3045 3210 3101 bona
3225 3047 3702 3118 propensionem

2039 3135 2387 3195 laudandus
2403 3141 2520 3192 est:
2556 3143 2616 3192 at
2635 3134 2912 3192 nondum
2934 3139 3135 3192 tamen
3157 3135 3441 3192 virtutum
3458 3151 3702 3194 assecu-

2040 3233 2136 3283 tus
2157 3233 2248 3284 est
2273 3226 2724 3298 perfectionem,
2745 3225 2870 3282 imo
2896 3224 3080 3282 etiam
3100 3228 3414 3297 quomodo
3434 3242 3540 3282 eas
3562 3241 3702 3284 con-

2043 3317 2214 3390 sequi
2237 3317 2446 3390 possit,
2462 3331 2538 3371 ne
2560 3314 2844 3386 cogitavit
2867 3313 3143 3388 quidem:
3170 3314 3250 3371 ob
3270 3315 3453 3388 idque
3471 3316 3526 3373 ei
3545 3332 3700 3389 opus

2041 3412 2149 3474 est,
2165 3407 2480 3478 praemisso
2505 3405 2671 3478 prius
2689 3404 2785 3460 sui
2803 3405 2993 3476 ipsius
3024 3404 3202 3464 tacito
3223 3406 3524 3476 examine,
3544 3407 3705 3464 inor-

2041 3495 2283 3553 dinatos
2314 3496 2503 3553 animi
2533 3495 2794 3568 impetus
2823 3511 2896 3552 ac
2923 3500 3124 3552 motus
3152 3501 3451 3569 excutere,
3484 3497 3702 3570 hisque

2041 3585 2272 3642 fortiter
2303 3586 2620 3653 obluctari,
2643 3591 2698 3641 et
2716 3584 3071 3642 melioribus
3103 3585 3367 3644 consiliis
3388 3587 3702 3659 perturba-

2043 3675 2265 3732 tionem
2292 3676 2535 3744 sedare;
2558 3692 2702 3732 nam
2724 3675 2911 3733 animi
2927 3675 3230 3732 ordinatio
3252 3693 3322 3732 ac
3353 3677 3588 3734 sedatio
3609 3695 3702 3734 ar-

2041 3770 2399 3836 gumentum
2429 3771 2519 3822 est
2544 3765 2798 3822 virtutis.
2832 3766 2939 3831 Qui
2961 3766 3141 3836 igitur
3169 3765 3416 3822 assidue
3440 3768 3700 3840 peregri-

2038 3860 2237 3924 natur,
2287 3855 2624 3930 transitque
2667 3856 2743 3914 de
2797 3855 2932 3912 loco
2985 3856 3049 3912 in
3092 3855 3315 3923 locum,
3348 3872 3418 3913 ac
3459 3874 3702 3931 semper

2039 3945 2228 4002 animi
2248 3945 2640 4002 attentionem
2663 3945 3060 4017 crebramque
3080 3946 3534 4012 meditationem
3558 3961 3701 4003 ven-

2039 4034 2186 4104 tilat,
2215 4041 2273 4092 et
2299 4034 2578 4102 effundit,
2605 4035 3023 4108 paulatimque
3053 4036 3348 4093 assuescit
3377 4037 3457 4092 ad
3485 4053 3699 4109 corpo-

2037 4128 2118 4181 ris
2139 4125 2474 4198 voluptates
2495 4128 2811 4196 respicere,
2829 4125 3142 4197 quomodo
3163 4125 3380 4198 poterit
3400 4126 3696 4199 inspicere

2038 4216 2330 4288 seipsum,
2358 4220 2462 4270 aut
2499 4230 2830 4284 agnoscere
2869 4231 2940 4270 ea
2970 4231 3106 4287 quae
3139 4232 3198 4272 se
3247 4231 3372 4272 non
3408 4225 3565 4272 recte
3589 4215 3694 4272 ha-

2035 4304 2200 4376 bent,
2223 4311 2328 4360 aut
2351 4304 2488 4376 ipsa
2513 4304 2592 4359 ad
2611 4304 2933 4360 honestum
2956 4307 3368 4378 decorumque
3386 4321 3692 4373 revocare,

2035 4409 2176 4449 cum
2205 4393 2402 4461 magis
2434 4409 2507 4450 ac
2536 4393 2734 4463 magis
2781 4392 2860 4450 ad
2907 4394 3154 4451 vitiosas
3187 4397 3538 4453 ati'ectiones
3565 4397 3692 4454 ani-

2035 4497 2172 4535 mus
2199 4481 2356 4535 illius
2381 4481 2642 4536 irritetur
2662 4482 2689 4535 ?

2103 4572 2156 4623 2.
2185 4571 2297 4624 Par
2327 4575 2416 4624 est
2439 4568 2619 4639 igitur
2643 4570 2704 4624 in
2735 4568 2933 4642 quiete
2966 4576 3031 4625 ut
3059 4569 3391 4642 plurimum
3421 4587 3688 4640 manere,

2030 4662 2086 4714 et
2108 4656 2439 4730 quemlibet
2462 4657 2524 4712 in
2551 4658 2799 4730 propria
2821 4657 2960 4712 sede
2980 4659 3318 4730 persistere,
3334 4667 3396 4716 ut
3416 4660 3530 4717 hoc
3551 4677 3691 4716 con-

2029 4748 2263 4803 stantiae
2312 4762 2552 4802 morum
2584 4748 2995 4803 testimonium
3026 4748 3286 4806 habeat;
3333 4767 3454 4806 non
3485 4755 3690 4806 tamen

2031 4853 2279 4911 prorsus
2305 4837 2366 4892 in
2398 4836 2549 4893 cella
2579 4853 2691 4892 sua
2735 4836 3039 4905 inclusum
3075 4855 3229 4907 esse,
3264 4839 3374 4896 sed
3401 4839 3610 4906 libere,
3642 4840 3692 4896 si

2031 4931 2358 5000 propterea
2389 4926 2536 4983 nihil
2565 4919 2933 4984 conscientia
2961 4928 3304 5000 exprobret,
3336 4931 3691 4987 necessitate

2032 5023 2286 5088 cogente
2313 5017 2538 5088 egredi,
2571 5022 2629 5073 et
2670 5017 2883 5073 fratres
2911 5023 3049 5075 vute
3077 5018 3415 5089 integritate
3445 5026 3504 5077 et
3538 5022 3691 5095 opti-

2032 5123 2167 5164 mos
2195 5112 2254 5164 et
2284 5107 2634 5164 utilissimos
2670 5107 2948 5182 invisere,
2981 5108 3088 5164 sed
3115 5109 3199 5166 ita
3227 5115 3454 5182 tamen,
3501 5117 3566 5168 ut
3617 5128 3691 5170 ex

2032 5238 2204 5290 vetus
2231 5233 2385 5290 liber
2414 5237 2473 5290 et
2498 5233 2661 5308 Colb.
2685 5237 2788 5308 _ut
2829 5234 2892 5289 in
2916 5238 3242 5308 contextu,
3284 5237 3521 5292 rectius.
3576 5237 3694 5294 Ali-

2031 5310 2433 5382 quantopost
2463 5306 2654 5382 codex
2684 5306 2860 5382 Yoss.
2891 5303 3120 5382 ⁸ἀταξίας
3150 5303 3588 5382 ἐπανορθοῦσθαι.

2103 5380 2218 5448 (88)
2255 5373 2456 5435 Codex
2488 5377 2654 5448 Colb.
2688 5378 2718 5436 ἡ
2752 5373 3006 5433 κατιδεῖν.
3041 5383 3156 5435 Nec
3203 5381 3283 5437 ita
3307 5373 3501 5438 multo
3530 5381 3691 5439 infra

2031 5446 2204 5506 idém'
2224 5466 2339 5505 ms.
2367 5450 2438 5511 εἰς
2468 5454 2562 5521 τὴν
2591 5446 2730 5501 ἰδίαν
2757 5470 2946 5521 καταγ.

2110 5522 2223 5601 (89)
2262 5524 2498 5601 Yeteres
2526 5520 2651 5578 duo
2679 5521 2817 5601 libri
2847 5520 3152 5601 εὐσταθείας
3181 5528 3294 5601 τὸν,
3317 5529 3531 5601 τρόπον-
3550 5546 3690 5601 μαρ-

2035 5600 2244 5680 τυρούν.
2277 5593 2452 5652 Haud
2470 5592 2652 5664 longe
2681 5593 2872 5651 codex
2902 5595 3069 5654 Colb.
3091 5611 3230 5654 cum
3254 5592 3421 5655 Voss.
3455 5592 3692 5673 βελτίους

2037 5685 2091 5719 τε
2114 5685 2226 5722 και.
