4120 6398
384 354 409 406 1
420 352 523 407 367

1771 351 1829 408 S.
1871 348 2122 406 BASILII
2154 350 2380 409 HAGNI

3623 363 3760 418 i368

377 472 508 530 utili
552 487 886 544 congressu
931 473 1226 533 virtutum
1279 476 1482 551 capiat
1507 475 1825 550 exempla:
1877 472 2047 548 quod

2166 478 2499 550 σκέπτεσθαι,
2562 475 2973 553 παραδείγματα
3021 476 3212 553 ἀρετῶν
3255 477 3312 532 ἐκ
3362 488 3455 542 τῆς
3502 482 3760 557 ὡφεΜμου

380 569 846 637 consequentur,
871 564 1021 630 si,ut
1045 565 1330 635 diximus,
1353 567 1410 623 in
1438 566 1799 641 prodeundo
1826 563 2047 621 modus

378 656 672 721 teneatur,
712 653 981 725 nihilque
1038 655 1145 711 ﬁat
1192 656 1361 729 quod
1406 654 1762 729 reprehendi
1821 653 2043 727 possit.

382 743 553 814 Saepe
583 743 745 798 enim
766 742 1013 800 insitum
1035 745 1213 803 etiam
1245 746 1453 804 animo
1498 746 1747 803 taedium
1772 742 2050 801 exeundo

381 830 737 903 dissipatur;
771 832 955 905 idque
978 833 1042 890 in
1086 851 1275 892 causa
1315 841 1409 893 est
1451 853 1558 893 cur
1604 835 1822 892 iterum
1866 832 2049 889 veluti

382 921 906 991 convalescamus,
954 940 1027 980 ac
1057 924 1373 998 paululum
1418 927 1806 1000 respiremus,
1839 921 2048 981 alacri-

380 1014 592 1085 terque
622 1011 702 1070 ad
727 1013 1065 1070 certamina
1094 1031 1206 1088 pro
1233 1016 1454 1089 pietate
1499 1016 1823 1072 subeunda
1846 1013 2049 1070 venia-

382 1119 543 1160 mus.
573 1103 746 1168 Quod
778 1103 828 1159 si
857 1103 1015 1176 quis,
1067 1105 1237 1177 quod
1267 1122 1298 1162 e
1334 1106 1484 1163 cella
1525 1122 1651 1162 non
1680 1106 2044 1177 egrediatur,

382 1198 703 1267 propterea
730 1194 949 1250 sentiat
968 1194 1043 1251 de
1070 1212 1132 1251 se
1162 1196 1511 1267 magniﬁce,
1535 1196 1585 1252 is
1605 1196 1858 1265 noverit,
1880 1212 1943 1251 se
1964 1196 2048 1252 ob

382 1299 514 1340 rem
542 1283 788 1339 inanem
818 1281 1037 1340 inﬂari.
1078 1287 1282 1358 Neque
1311 1285 1475 1342 enim
1503 1301 1626 1341 non
1658 1285 1838 1349 exire,
1886 1302 1959 1342 ex
1982 1302 2049 1342 se

382 1372 763 1430 laudandum
795 1377 908 1439 est,
955 1379 1060 1430 aut
1084 1373 1226 1431 data
1272 1375 1595 1432 occasione
1639 1376 1819 1446 exire,
1851 1380 2051 1450 potest

384 1462 585 1519 virum
598 1462 860 1529 probum
885 1469 988 1520 aut
1010 1463 1364 1537 improbum
1375 1464 1654 1521 reddere:
1680 1465 1783 1521 sed
1802 1466 1937 1522 ﬁrm
1947 1482 2052 1522 um

387 1556 447 1608 et
471 1551 849 1609 immutabile
874 1552 1176 1624 judicium
1218 1555 1381 1611 circa
1409 1554 1663 1623 bonum,
1697 1560 1800 1612 aut
1841 1561 2055 1612 contra

386 1641 598 1698 levitas
625 1646 683 1697 et
709 1641 1114 1699 inconstantia
1139 1644 1453 1701 hominem
1475 1644 1709 1701 bonum
1732 1645 1930 1701 reddit
1958 1644 2053 1701 vel

388 1729 644 1786 malum.
672 1730 730 1787 Si
749 1731 887 1804 quis
908 1747 1053 1788 vero
1074 1737 1480 1805 posteaquam
1501 1733 1734 1790 bonum
1757 1734 1818 1790 in
1845 1734 2054 1791 animo

2162 571 2453 639 συντυχίας
2497 566 2826 641 λαμϐάνοντα
2876 569 3013 639 (90),
3068 566 3374 642 ἐμμέτρους,
3427 574 3491 633 ὡς
3549 574 3758 646 ἔφημεν,

2158 660 2249 708 καὶ
2280 654 2656 720 ἀνεπιλήπτους
2700 660 2794 720 τὰς
2835 653 3099 732 προόδους
3149 661 3476 731 ποιούμενον.
3510 662 3763 723 Πολλάκις

2158 748 2259 819 γὰρ
2290 751 2381 798 καὶ
2405 743 2633 805 ἀκηδίαν
2664 745 2994 820 ἐγγενομένην
3026 755 3087 819 τῇ
3120 746 3275 821 ψυχῇ
3310 751 3341 808 ἡ
3373 747 3604 823 πρόοδος
3634 748 3760 804 δια-

2157 833 2369 887 λύσασα
2397 838 2530 906 (91),
2562 834 2720 888 πάλιν
2751 836 2854 888 οἷον
2886 834 3174 912 ἐπιρρῶσαι
3202 841 3292 890 καὶ
3322 836 3641 895 ἀναπνεῦσαι
3668 860 3762 914 μι-

2157 926 2280 998 κρὸν
2308 932 2693 1000 παρασχοῦσα,
2724 926 3003 1000 προθύμως
3048 930 3323 999 προσιέναι
3372 936 3482 990 τοῖς
3509 931 3636 1004 ὑπερ
3668 938 3763 993 τῆς

2160 1011 2422 1076 εὐσεϐείας
2454 1011 2792 1087 ἀγωνίσμασι
2833 1010 3083 1069 δίδωσιν.
3117 1015 3179 1068 Εἰ
3227 1013 3288 1069 δέ
3325 1037 3401 1078 τις
3439 1016 3523 1070 ἐπι
3562 1027 3636 1090 τῷ
3688 1022 3760 1092 μὴ

2158 1105 2393 1177 προϊέναι
2421 1111 2513 1156 τοῦ
2546 1100 2817 1176 δωματίου
2862 1109 2999 1177 μέγα
3044 1107 3422 1179 φρονοίη-(92),
3456 1108 3585 1159 ἵστω
3634 1105 3762 1161 δια-

2158 1196 2284 1265 κένῳ
2328 1196 2670 1267 φυσιούμενος
2715 1196 3010 1268 πράγματι.
3062 1192 3202 1249 οῡδι
3255 1198 3358 1270 γὰρ
3414 1200 3473 1249 τό
3517 1201 3590 1271 μὴ
3639 1216 3765 1270 προ-

2163 1286 2291 1334 ἰέναι
2316 1283 2435 1335 καθ’
2489 1282 2642 1335 ἑαυτὸ
2700 1282 2877 1350 καλὸν,
2929 1284 2959 1343 ἦ
3007 1287 3065 1336 τὸ
3122 1287 3259 1337 κατὰ
3307 1288 3488 1359 καιρόν
3530 1289 3765 1359 προῑέναι

2160 1370 2317 1423 καλὸν
2365 1372 2394 1432 ἦ
2448 1371 2638 1444 φαῦλον
2691 1369 2832 1426 οἶδεν
2889 1371 3224 1446 ἐργάζεσθαι·
3287 1372 3392 1427 ἀλλ’
3450 1375 3482 1433 ἡ
3536 1380 3657 1449 περὶ
3705 1377 3764 1427 τό

2161 1460 2316 1512 καλὸν
2356 1459 2549 1533 βεϐαία
2594 1467 2686 1515 καὶ
2728 1464 2970 1523 ἀκίνητος
3016 1468 3210 1536 κρίσις,
3257 1464 3286 1523 ἦ
3341 1463 3657 1532 τούναντίον,
3707 1467 3766 1515 τό

2164 1548 2497 1621 εύμετάθετον
2556 1546 2848 1602 σπουδαῖον
2900 1551 2946 1610 ἦ
2987 1551 3177 1623 φαῦλον
3236 1549 3473 1605 ἀποτελεῖ
3520 1552 3654 1623 (93).
3708 1550 3771 1604 Εἰ

2167 1634 2227 1690 δέ
2255 1657 2359 1707 τις,
2406 1641 2466 1691 τὸ
2514 1637 2669 1690 καλὸν
2722 1647 2784 1711 τῇ
3065 1638 3292 1713 βεϐαίως
3343 1637 3767 1716 ἐνιδρυσάμενος,

2164 1734 2255 1782 καὶ
2301 1737 2364 1802 τῇ
2395 1733 2592 1805 χρονίᾳ
2631 1727 2857 1788 ἀσκήσει
2909 1738 3002 1790 τῆς
3042 1739 3142 1782 τῶν
3199 1733 3379 1784 παθῶν
3420 1730 3773 1804 κυϐερνήσεως

387 1820 640 1876 ﬁrmiter
665 1820 1157 1890 constabiliverit,
1187 1822 1596 1896 diuturnaque
1632 1823 2057 1880 exercitatione

2166 1823 2260 1877 τὴν
2318 1816 2586 1893 ἐμπειρίαν
2615 1817 2806 1886 λαϐὼν,
2853 1823 2942 1871 καὶ
2997 1815 3244 1892 δαμάσας
3297 1822 3388 1893 μεν
3436 1823 3527 1881 τὰς
3584 1839 3772 1893 σωμα-

391 1909 934 1980 gubernandorum
984 1911 1267 1969 affectum
1317 1913 1750 1986 experientiam
1799 1914 2057 1985 adeptus

396 1999 574 2072 554
606 1999 804 2068 fuerit,
837 2006 895 2057 et
921 2000 1169 2058 domitis
1203 2003 1476 2074 corporis
1505 2000 1860 2058 libidinibus
1890 2017 2056 2057 coer-

392 2088 581 2145 cuerit
622 2088 913 2145 tumultus
956 2090 1277 2159 animales,
1330 2095 1461 2146 tum
1509 2091 1758 2146 demum
1808 2091 2056 2147 rationis

391 2178 564 2234 freno
612 2178 880 2235 confisus
935 2179 1076 2235 velit
1126 2179 1503 2252 frequentius
1542 2195 1613 2235 ac
1664 2179 1934 2236 crebrius
1975 2179 2057 2236 ad

392 2267 785 2324 aediﬁcandos
803 2268 1264 2341 visitandosque
1284 2268 1498 2324 fratres
1519 2269 1745 2341 egredi,
1768 2285 1931 2338 eum,
1951 2270 2060 2343 qui

391 2356 693 2428 ejusmodi
712 2363 821 2428 est,
846 2358 998 2415 ratio
1019 2358 1098 2414 ad
1115 2358 1463 2414 exeundum
1487 2359 1688 2431 potius
1712 2359 1972 2425 inducet,
1993 2361 2060 2414 ut

390 2446 596 2518 posita
622 2463 806 2520 super
833 2446 1204 2504 candelabro
1248 2447 1516 2513 lucerna,
1548 2448 1840 2505 doctrinae
1878 2448 2057 2504 bonae

390 2533 599 2592 lumen
628 2536 935 2609 impertiat
953 2536 1273 2592 omnibus:
1300 2537 1350 2592 si
1377 2538 1564 2594 modo
1583 2537 1851 2594 conﬁdat
1877 2552 2061 2610 posse

394 2630 453 2682 et
481 2641 759 2683 sermone
799 2631 855 2683 et
897 2642 1081 2699 opere
1113 2627 1381 2700 seipsum
1414 2627 1487 2682 iis
1518 2627 1888 2701 quibuscum
1916 2642 2059 2682 con-

394 2716 683 2786 greditur,
716 2733 828 2773 ceu
867 2715 1208 2790 quamdam
1263 2717 1544 2773 virtutum
1596 2717 1870 2773 scholam
1895 2715 2060 2773 exhi-

391 2805 576 2863 bere:
609 2811 666 2862 et
697 2805 747 2861 si
777 2805 1174 2877 semetipsum
1206 2806 1288 2862 ita
1329 2806 1673 2876 muniverit,
1710 2810 1773 2861 ut
1801 2809 2060 2879 Aposto-

390 2893 492 2951 lus
517 2893 702 2950 dixit:
754 2895 848 2951 Ne
872 2895 1053 2964 forte,
1087 2911 1221 2951 cum
1252 2895 1389 2952 aliis
1417 2895 1902 2966 pradicavcrim,
1935 2895 2063 2965 ipse

395 2983 688 3053 reprobus
714 2983 954 3053 afﬁcior
973 2984 1022 3019 ³⁵
1037 3025 1050 3039 .

1037 3074 1263 3131 CAPUT
1310 3076 1452 3131 Vlll.

2165 1910 2313 1968 τικὰς
2370 1907 2629 1983 ἀκρασίας
2686 1909 2823 1981 (94),
2888 1907 3197 1980 χαλινῶσας
3263 1905 3323 1962 δε
3378 1912 3468 1970 τὰς
3531 1908 3772 1982 ψυχικὰς

2168 1995 2401 2067 ἀταξίας,
2438 1996 2639 2072 θαρρῶν
2671 1993 2731 2050 δε
2766 2005 2840 2069 τῷ
2871 2005 2962 2050 τοῦ
3008 1997 3267 2071 λογισμοῦ
3313 1997 3538 2071 χαλινῷ,
3568 2016 3774 2070 συχνο-

2166 2091 2318 2160 τέρας
2372 2086 2507 2139 θελοι
2537 2090 2650 2155 (95)
2703 2090 2971 2140 ποιεῖσθαι
3025 2091 3115 2149 τὰς
3140 2084 3404 2164 προόδους
3451 2088 3520 2149 εἰς
3559 2083 3774 2140 οἰκοδο-

2167 2180 2270 2249 μὴν
2299 2180 2391 2229 καὶ
2438 2174 2714 2247 ἐπίσκεψιν
2745 2173 2998 2249 ἀδελφῶν,
3031 2180 3121 2229 τόν
3159 2184 3396 2230 τοιοῦτον
3442 2181 3534 2230 καὶ
3573 2195 3775 2253 παρορ-

2166 2269 2328 2338 μήσει
2378 2264 2569 2339 μᾶλλον
2635 2265 2661 2317 ὀ
2725 2264 2874 2337 λόγος
2939 2264 3023 2318 ἐπὶ
3078 2270 3173 2325 τήν
3228 2262 3479 2341 πρόοδον,
3534 2266 3635 2338 ἵνα,
3678 2269 3774 2338 ,τὸν

2165 2354 2360 2427 λύχνον
2413 2353 2497 2407 ἐπὶ
2554 2359 2649 2413 τήν
2698 2353 2921 2427 λυχνίαν
2973 2356 3155 2425 τιθείς,
3204 2362 3342 2408 πᾶσι
3394 2358 3453 2409 τό
3522 2364 3628 2429 φῶς
3683 2363 3776 2416 τῆς

2166 2453 2266 2498 τῶν
2311 2444 2479 2496 καλῶν
2525 2446 2869 2517 καθηγήσεως
2912 2450 3227 2519 χορηγήσηο
3284 2450 3438 2519 μόνον
3492 2448 3596 2518 εἴγε
3654 2443 3777 2520 θαρο

2166 2533 2283 2609 ῥοίη
2316 2534 2454 2604 (96),
2490 2537 2555 2594 ὡς
2583 2538 2673 2586 καὶ
2700 2533 2837 2606 λόγῳ
2867 2539 2958 2586 καὶ
2989 2535 3122 2608 ἔργῳ
3173 2530 3548 2588 διδασκαλεῖον
3583 2532 3776 2609 ἀρετῶν

2170 2622 2349 2676 ἐαυνὸν
2381 2619 2665 2680 δυνήσεται
2712 2630 2823 2684 τοῖς
2877 2626 3309 2695 συντυγχάνουσι
3355 2628 3630 2699 παρέχειν·
3686 2628 3778 2677 καὶ

2170 2715 2334 2772 οὕτως
2390 2709 2802 2783 ἐξασφαλίσαιτο
2860 2710 3056 2784 ἑαυτὸν,
3118 2714 3293 2775 καθὼς
3365 2713 3391 2765 ὀ
3463 2712 3777 2774 ’Δπόστολος

2171 2805 2362 2876 εἴρηκε·
2418 2805 2504 2860 Μή
2560 2820 2690 2870 πως,
2749 2799 2924 2863 ἄλλοις
2981 2800 3227 2877 κηρύξας,
3284 2801 3442 2865 αύτός
3518 2798 3805 2875 ἀδόκιμος.

2169 2894 2419 2964 γένωμαι.

2707 3070 3109 3123 ΚΕΦᾹΛΑῙΟΝ
3159 3068 3237 3124 Η’.

399 3163 570 3232 Quod
597 3164 812 3221 ascetis
859 3162 1244 3219 instabilibus
1279 3165 1643 3233 conﬁdentia
1696 3179 1769 3221 ac
1816 3163 2058 3220 libertas

2168 3158 2291 3212 Ὀτι
2321 3157 2379 3211 ού
2405 3161 2516 3233 χρὴ
2546 3165 2655 3219 τοῖς
2695 3154 2987 3210 ἀστατοῦσι
3007 3166 3109 3210 τῶν
3146 3155 3389 3216 ἀσκητῶν
3427 3154 3778 3230 μεταδιδόναι

470 3253 757 3325 loquendi
767 3253 975 3309 danda
996 3268 1117 3309 non
1133 3254 1211 3308 sit
1222 3269 1246 3308 .'
1266 3254 1382 3310 imo
1407 3269 1545 3311 vero
1561 3253 1723 3325 quod
1743 3252 1808 3309 hi
1826 3252 2064 3310 vitandi

468 3347 614 3400 sint.

473 3437 524 3488 1.
566 3435 757 3505 Atque
804 3431 844 3488 ii
893 3431 1077 3489 etiam
1114 3432 1347 3489 vitandi
1385 3437 1547 3502 sunt,
1594 3432 1699 3506 qui
1747 3431 2061 3489 instabiles

401 3526 560 3587 sunt,
593 3525 651 3577 et
678 3521 864 3577 modo
894 3521 974 3577 ad
1003 3523 1139 3587 hos,
1168 3523 1356 3578 modo
1385 3522 1464 3578 ad
1492 3522 1627 3579 illos
1648 3523 1862 3579 fratres
1895 3537 2066 3578 acce-

401 3611 573 3675 dunt,
625 3616 683 3667 et
727 3610 1053 3684 irrequieto
1084 3628 1157 3667 ac
1201 3611 1547 3668 vehementi
1582 3612 1815 3684 impetu
1840 3611 2065 3682 jugiter

402 3701 779 3757 circumeunt
819 3701 1216 3772 monasteria,
1257 3707 1316 3758 et
1351 3701 1532 3774 plane
1563 3701 1886 3774 spiritualis
1922 3700 2068 3757 dile-

403 3790 617 3848 ctionis
649 3790 901 3850 obtentu
931 3794 989 3846 et
1026 3796 1296 3859 nomine,
1342 3791 1543 3848 carnis
1574 3790 1823 3863 explent
1859 3791 2067 3847 volun-

403 3885 555 3937 tates
586 3899 600 3936 :
658 3896 925 3952 quorum
972 3879 1033 3936 in
1066 3880 1284 3937 animis
1310 3879 1478 3936 nulla
1518 3879 1675 3937 inest
1703 3880 2064 3948 constantia,

403 3969 571 4026 nulla
594 3969 911 4038 stabilitas,
930 3968 1100 4026 nulla
1126 3969 1470 4043 disciplina,
1499 3969 1700 4026 nullus
1729 3969 2066 4042 prudentiae

404 4063 675 4127 ornatus;
702 4058 811 4114 sed
831 4057 1032 4130 potius
1049 4058 1348 4132 quidquid
1376 4058 1683 4115 curiosum
1715 4075 1785 4115 ac
1809 4073 2067 4130 pravum

405 4151 515 4217 est,
542 4145 842 4220 quidquid
865 4144 1153 4202 refertum
1186 4151 1273 4203 est
1300 4146 1709 4203 inconstantia
1739 4151 1794 4203 et
1822 4145 2071 4203 demen-

404 4237 508 4303 tia,
536 4235 678 4291 dolo
706 4240 766 4291 et
799 4234 1206 4299 simulatione,
1236 4235 1558 4291 mendacio
1596 4241 1653 4291 et
1680 4236 2070 4293 fraudulenta

406 4324 773 4383 adulatione.
833 4323 900 4379 Hi
947 4323 1109 4379 enim
1167 4330 1310 4380 sunt
1350 4328 1411 4381 et
1458 4325 1667 4396 lingua
1696 4325 1976 4398 imperiti,
2011 4330 2070 4382 et

404 4417 609 4470 ventre
634 4412 1129 4485 intemperantes,
1178 4419 1237 4471 et
1283 4414 1492 4472 animo
1544 4430 1788 4487 semper
1815 4414 1956 4472 elati
1995 4430 2067 4473 ac

479 4595 527 4630 ³⁵
566 4597 588 4650 Ι
618 4596 752 4651 Cor.
782 4609 858 4661 ix,
886 4598 978 4650 27.

479 4744 591 4817 (90)
632 4744 768 4801 Haec
798 4743 1007 4821 verba,
1035 4741 1444 4821 παραδείγματα
1480 4746 1671 4821 ἀρετῶν
1805 4756 1897 4821 τῆς
1927 4749 2062 4821 ὠφε-

404 4814 559 4900 λίμου
572 4814 579 4817 ’
593 4820 882 4900 σνντυχ
927 4814 1285 4900 λαμϐάνοντα,
1301 4814 1696 4900 reperiuntur
1723 4814 1988 4900 quidem
2000 4820 2064 4877 in

402 4888 662 4960 vulgatis
699 4895 762 4960 et
806 4888 868 4943 in
914 4888 1024 4944 ora
1077 4889 1241 4960 Regii
1273 4888 1423 4945 tertii
1454 4907 1642 4946 manu
1693 4888 2057 4948 recentiore:

402 4958 512 5014 sed
538 4959 600 5014 in
628 4959 877 5036 reliquis
899 4975 1028 5015 mss
1080 4958 1320 5017 desunt.
1354 4961 1585 5019 Ibidem
1615 4960 1738 5019 duo
1772 4964 1922 5019 mss.
1963 4962 2060 5036 ἑμ-

445 5049 620 5091 ετρους
648 5050 845 5091 μεντοι.

401 5050 620 5104 μετρους
648 5050 845 5103 μεντοι.

473 5104 586 5175 (91)
615 5103 866 5175 antiqui
905 5102 1031 5175 duo
1067 5103 1205 5162 libri
1239 5101 1554 5175 διαλύουσα.
1596 5105 1825 5163 Ibidem
1871 5106 2063 5162 Vossii

398 5173 584 5251 vetus;
615 5173 979 5251 liberetalii
1002 5174 1125 5231 duo
1157 5173 1516 5251 ἑπιρῥὼσασα.
1552 5177 1735 5234 Paulo
1782 5182 1919 5250 post
1963 5193 2060 5233 co-

398 5259 524 5335 aelxn
534 5248 711 5335 Xo's's.
737 5248 1137 5335 προθυμοτέρων
1161 5248 1455 5335 προσιέναι,

470 5320 586 5390 (92)
621 5320 783 5374 Unus
814 5334 927 5392 ms.
978 5319 1112 5391 μέγα
1136 5319 1353 5392 ⁸φρονεῖ.
1405 5323 1537 5378 Mox
1569 5319 1712 5376 editi
1755 5325 2056 5392 φυσώμενος

394 5392 687 5464 πράγματι.
729 5389 897 5459 Regii
925 5389 1233 5448 secundus
1281 5396 1340 5447 et
1381 5395 1638 5464 quartus
1687 5389 2051 5464 φυσιούμενος,

394 5462 632 5518 melius.
1188 5516 1189 5519 η
1400 5462 1420 5464 ⁷
1605 5514 1609 5519 .

468 5533 581 5606 (93)
621 5532 1196 5606 Regiussecundus
1237 5533 1428 5606 φαῦλον
1472 5533 1752 5588 ἀποτελεῖν·
1796 5533 1901 5606 ubi
1937 5550 2056 5591 vox

392 5598 533 5658 οἶδεν
564 5598 913 5725 supplenda
935 5609 1044 5661 est.
1076 5607 1206 5662 Mox
1243 5598 1441 5664 codex
1469 5609 1637 5664 Voss.
1668 5622 1782 5680 pro
1825 5605 2054 5681 βεϐαίως

387 5676 576 5734 habet
600 5692 653 5725 τε
675 5679 816 5734 sim;-

2243 3250 2469 3322 θάρσους
2512 3251 2603 3299 καὶ
2648 3244 2973 3321 παρρησίας,
3023 3244 3153 3300 ἀ).λά
3196 3252 3287 3301 καὶ
3332 3250 3546 3308 τούτους
3585 3245 3777 3320 φυλάτ-

2240 3339 2445 3393 τεσθαι.

2244 3430 2294 3482 i.
2337 3426 2697 3482 Φυλάττεσθαι
2751 3430 2926 3500 μέντοι
2979 3430 3240 3502 προσήκει
3293 3430 3385 3479 καὶ
3440 3429 3567 3490 τοὺς
3617 3425 3783 3480 ἀστα-

2170 3525 2409 3582 τοῡντας,
2468 3522 2558 3571 καὶ
2610 3517 2793 3571 ἄλλοτε
2843 3521 2977 3592 πρὸς
3029 3516 3211 3579 ἄλλους
3262 3524 3364 3569 τῶν
3397 3513 3629 3591 ἀδελφῶν
3660 3520 3777 3589 (97)

2170 3609 2587 3681 μεταϐαίνοντας,
2632 3612 2724 3660 καὶ
2763 3605 3055 3670 ἀπαύστοις
3110 3611 3203 3660 καὶ
3249 3604 3540 3668 ἀνενδότοις
3595 3609 3780 3683 ὁρμαῖς

2174 3695 2463 3760 διαπαντὸς
2507 3704 2940 3772 περινοστοῦντας
2994 3698 3062 3750 τὰ
3101 3701 3452 3772 μοναστήρια,
3506 3701 3598 3750 καὶ
3643 3717 3779 3772 προ-

2175 3789 2331 3862 φάσει
2389 3783 2547 3846 δῆθεν
2612 3793 2965 3859 πνευματικῆς
3038 3784 3245 3857 ἀγάπης
3316 3787 3382 3838 τὰ
3435 3793 3528 3848 τῆς
3582 3789 3777 3862 σαρκός

2175 3875 2559 3952 ἑκπληροῦντας
2609 3874 2895 3947 θελήματα·
2941 3870 3093 3928 οὐδὲν
3147 3873 3382 3948 βέϐαιον,
3440 3871 3566 3928 οὐδὲ
3620 3871 3779 3951 ἱδρυ-

2175 3972 2324 4041 μένον
2347 4010 2362 4037 ,
2415 3963 2540 4019 οὐδὲ
2584 3969 2830 4018 εὔτακτον
2854 4007 2869 4033 ,
2928 3962 3055 4018 οὐδε
3121 3969 3324 4019 συνέσει
3388 3969 3779 4040 κεκοσμημένον

2177 4055 2225 4109 ἐν
2277 4062 2390 4118 ταῖς
2439 4053 2650 4127 ψυχαῖς
2695 4056 2936 4126 ἔχοντας,
2995 4051 3124 4107 ἀλλὰ
3173 4061 3276 4108 πᾶν
3325 4055 3353 4109 ὅ
3402 4073 3456 4109 τι
3507 4059 3779 4132 περίεργον

2175 4150 2267 4198 καὶ
2314 4144 2590 4210 κακόηθες,
2643 4140 2952 4216 ῥεμϐασμοῦ
3004 4147 3095 4196 καὶ
3147 4141 3453 4215 ἀλογιστίας
3503 4142 3778 4219 πεπληρω-

2176 4239 2345 4309 μένον,
2380 4230 2538 4286 δόλου
2580 4237 2669 4285 καὶ
2717 4233 3065 4307 ὑποκρίσεως,
3110 4229 3459 4304 ψευδολογίας
3505 4236 3597 4286 καὶ
3647 4232 3781 4286 ἁπα-

2175 4322 2333 4385 τηλῆς
2362 4323 2651 4383 κολακείας.
2694 4321 2855 4375 Οὗτοι
2882 4321 3130 4395 γλῶσσαν
3162 4322 3271 4395 (98)
3304 4322 3396 4395 μέν
3443 4319 3778 4389 ἀπαίδευτοι,

2174 4418 2408 4490 γαστέρα
2446 4408 2506 4467 δε
2557 4411 2820 4484 ἀκρατέῖς,
2868 4411 3050 4485 ψυχὴν
3109 4408 3169 4465 δὲ
3221 4408 3510 4475 διαπαντός
3562 4410 3781 4489 ίπτερω-

2092 4786 2136 4841 D
2243 4745 2356 4817 (94)
2399 4743 2492 4827 Sic
2529 4760 2678 4801 mss.
2703 4748 2854 4826 _tres
2879 4732 3107 4817 praeter
3147 4745 3320 4802 Voss.
3361 4745 3489 4800 Vox
3519 4742 3778 4819 ἀκρασίας

2170 4816 2378 4873 deerat
2398 4833 2459 4873 in
2492 4816 2771 4873 vulgatis.

2215 4816 2378 4873 eerat
2398 4816 2459 4874 in
2492 4816 2771 4886 vulgatis.

2217 4884 2795 5015 1(95)6(_3)odex_Colb.
2826 4891 3147 4963 συχνοτέρας
3173 4884 3349 4942 ἐθέλει.
3382 4885 3549 4943 Alius
3579 4885 3768 4945 ἐθέλοι.

2239 4976 2333 5015 lus
2399 4978 2419 5012 ε
2441 4979 2514 5015 .ει.

2166 4961 2333 5016 Alius
2366 4961 2514 5015 θέλει.

2235 5034 2352 5105 (96)
2390 5031 2597 5105 Vossii.
2622 5035 2797 5088 vetus
2829 5030 2983 5105 liber
3030 5029 3278 5105 agapen
3304 5029 3492 5101 ἑαυτῷ.
3545 5032 3665 5088 Nec
3692 5031 3777 5087 ita

2166 5101 2359 5176 milito
2388 5107 2529 5175 post
2545 5102 3036 5176 duoimssiaoﬁrm;
3066 5101 3474 5176 ἑξησφαλίσατο,

2236 5175 2351 5247 (97)
2391 5172 2628 5247 Veteres
2653 5175 2778 5231 duo
2814 5174 2953 5230 libri
2995 5179 3086 5227 καὶ
3133 5172 3384 5235 ἀπιόντας
3425 5173 3605 5227 ἄλλοτε
3644 5173 3773 5245 πρὸς

2167 5243 2352 5307 ἄλλους
2375 5253 2477 5298 τῶν
2517 5243 2769 5314 ἀδελφῶν,
2802 5250 2913 5314 καὶ,
2946 5251 3059 5302 etc.

2239 5300 2350 5387 t98}
2388 5320 2553 5391 Unus
2582 5300 2696 5374 ms.
2726 5300 2784 5374 et
2803 5300 2946 5374 editi
2962 5300 3124 5371 όέὶτοι
3142 5317 3383 5391 γλώσσῃ.
3406 5317 3772 5391 Αεωεεῄτεε

2164 5385 2431 5462 γλῶοοαν.
2461 5389 2796 5462 Aliquanto
2811 5393 2950 5461 post
2967 5405 3129 5462 unus
3150 5385 3267 5446 ins.
3283 5385 3420 5445 cum
3441 5389 3587 5462 Voss
3612 5385 3767 5457 ψυχῇ

2166 5457 2227 5535 δὲ
2259 5457 2411 5535 ὃιαπ.
2438 5457 2879 5535 lbidém‘codex
2901 5461 3069 5518 Colb.
3096 5460 3517 5535 ἀνεπτερωμένοι.
3546 5460 3775 5535 Rursus

2164 5533 2228 5589 in
2260 5532 2474 5621 eodem
2504 5532 2640 5590 loco
2668 5531 2830 5589 idem
2860 5548 3010 5589 mss.
3043 5532 3204 5591 Colb.
3247 5529 3592 5604 ὀπιζομένους
3620 5529 3771 5602 λογιο

2168 5624 2354 5680 σμους.
