4120 6404
471 357 604 413 13⁵11

460 568 801 638 corripitur,
830 567 1080 638 perinde
1106 573 1288 638 atque
1313 567 1408 622 ille
1435 573 1709 635 aegrotat.
1737 566 1955 620 Deinde
1976 578 2119 618 vero

455 671 612 727 quos
642 661 897 728 occupat
928 656 1177 712 morbus
1206 656 1320 725 ille,
1356 673 1460 711 eos
1493 657 1757 724 invidos,
1789 653 2116 714 contentio-

458 761 580 814 sos,
616 752 1025 815 accusatores,
1058 747 1464 820 impudentes,
1507 746 1996 813 calumniatores,
2027 759 2119 799 as-

459 841 820 907 sentatores,
846 837 1176 900 molitores,
1201 841 1257 892 et
1282 843 1495 908 praeter
1515 837 1804 891 decorum
1836 833 2116 899 humiles,

452 923 798 995 illiberales,
848 931 1225 996 arrogantes,
1257 941 1329 982 ac
1398 925 1732 982 innumeris
1793 923 1984 980 turbis
2031 938 2120 977 re-

456 1013 639 1069 fertos
671 1015 870 1071 efficit.
897 1017 1126 1072 Invidet
1154 1016 1315 1071 enim
1347 1015 1450 1088 qui
1490 1015 1792 1086 ejusmodi
1833 1020 1944 1083 est,
1976 1013 2118 1068 viris

453 1102 654 1172 claris,
679 1121 906 1177 eosque
929 1106 1334 1161 calumniatur
1358 1123 1370 1160 :
1399 1105 1524 1160 imo
1554 1105 1737 1161 etiam
1760 1104 2116 1177 plerumque

451 1208 663 1249 eorum
714 1200 969 1250 mortem
1020 1195 1352 1266 exoptabit,
1386 1199 1469 1265 ut,
1502 1194 1856 1250 hominibus
1905 1193 2011 1265 qui
2037 1191 2116 1247 ad

450 1297 606 1353 opus
661 1282 867 1339 idonei
923 1289 1082 1350 sunt,
1115 1283 1557 1354 deﬁcientibus,
1591 1284 1882 1353 suffragia
1918 1282 1997 1338 ad
2053 1298 2117 1338 se

450 1369 867 1428 devolvuntur.
912 1373 1123 1429 Itidem
1154 1390 1344 1446 penes
1374 1391 1532 1444 quos
1565 1379 1658 1430 est
1697 1373 1924 1429 sortitio
1966 1370 2118 1427 elec-

449 1459 675 1532 tioque,
719 1462 789 1518 iis
821 1462 1190 1531 adulabitur,
1224 1463 1304 1520 ob
1331 1464 1516 1536 idque
1560 1462 1811 1519 habebit
1840 1461 2114 1518 animum

453 1549 727 1606 servilem
759 1568 770 1606 :
825 1562 887 1607 at
926 1567 1069 1608 vero
1114 1553 1412 1608 adversus
1455 1553 1790 1618 inferiores,
1821 1551 1872 1607 si
1905 1550 2113 1606 adver-

449 1644 675 1712 sentur,
728 1641 987 1712 superbe
1055 1659 1126 1698 ac
1183 1642 1511 1699 insolenter
1561 1641 1884 1698 invehitur.
1931 1638 2112 1696 Dolos

448 1725 632 1796 igitur
665 1736 939 1800 consuet,
975 1731 1166 1786 turbis
1186 1748 1256 1788 ac
1295 1729 1746 1803 suscipionibus
1775 1727 2112 1786 innumeris

449 1817 692 1875 futurus
740 1825 831 1877 est
876 1821 1200 1890 obnoxius,
1251 1821 1564 1894 animique
1616 1819 1906 1878 dissolvet
1957 1813 2113 1876 tran-

447 1907 834 1979 quilli-tatem,
885 1915 1296 1984 praetereaque
1335 1913 1492 1968 Deus
1542 1911 1710 1984 pacis
1778 1907 2112 1979 fugabitur,

449 2001 658 2068 utpote
689 1999 787 2054 cui
837 1999 1009 2057 locus
1033 2016 1159 2057 non
1188 2001 1261 2057 sit
1313 2000 1688 2074 quiescendi.
1731 1999 1979 2070 Cognito
2007 1997 2113 2054 ita-

450 2100 570 2157 que
593 2087 975 2158 detrimento,
997 2090 1157 2147 hanc
1180 2091 1516 2147 absurdam
1545 2089 1889 2162 cupidinem
1923 2088 2113 2158 fugia-

449 2189 612 2233 mus.
645 2177 818 2241 Quod
841 2178 891 2233 si
915 2179 1069 2235 Deus
1097 2180 1428 2254 aliquando
1458 2180 1637 2252 eligat
1665 2179 2007 2252 quempiam
2032 2175 2112 2234 ad

449 2264 754 2335 ejusmodi
773 2284 1053 2339 munera,
1078 2271 1266 2340 novit,
1291 2287 1431 2327 cum
1456 2271 1532 2326 sit
1556 2269 1892 2326 industrius
1916 2283 1986 2324 ac
2018 2283 2111 2324 sa-

450 2368 589 2426 gax,
621 2357 1148 2427 quemadmodum
1175 2362 1375 2432 ipsum
1410 2361 1590 2416 etiam
1621 2359 1997 2432 praestiturus
2034 2356 2110 2414 sit

448 2443 706 2514 dignum
741 2463 753 2502 :
781 2463 896 2503 nos
941 2455 1144 2505 autem
1169 2450 1392 2506 conscii
1433 2466 1566 2506 esse
1592 2448 1887 2505 debemus
1908 2444 2109 2502 nobis-

449 2532 748 2602 metipsis,
792 2552 1114 2610 nunquam
1150 2555 1262 2595 nos
1293 2540 1525 2612 aliquid
1567 2539 1685 2595 tale
1717 2536 2105 2610 appetivisse,

1822 354 1880 411 S.
1923 351 2176 407 BASILII
2227 349 2467 403 MAGNI.

463 485 552 534 est
603 481 663 534 in
715 479 1014 550 superbiae
1065 479 1300 550 lapsum
1333 496 1344 532 :
1391 480 1497 550 qui
1527 485 1727 535 autem
1759 479 1873 536 hoc
1903 475 2110 532 morbo

2232 475 2345 532 νίας
2388 476 2756 528 κατενήνεκται
2811 479 3019 541 πτῶμα·

3694 349 3836 410 13ἷῖ

3108 475 3199 521 καὶ
3266 471 3291 521 ό
3359 472 3526 541 τούτῳ
3565 478 3638 540 τῷ
3679 473 3834 524 πάθει

2229 561 2576 632 κρατούμενος
2631 563 2697 614 τὰ
2753 563 2847 611 ἶσα
2898 558 3069 629 ἐκείνῳ
3118 567 3284 616 νοσεῖ,
3345 558 3560 612 Ἔπειτα
3613 556 3671 612 δε
3743 566 3833 613 καὶ

2233 645 2555 719 βασκάνους,
2607 655 2697 700 καὶ
2760 647 3104 720 φιλονείκους,
3173 653 3262 698 καὶ
3331 653 3678 722 κατηγόρους,
3742 654 3832 700 καὶ

2229 734 2640 808 ἀναισχύντους,
2673 742 2762 790 καὶ
2823 734 2856 790 δ
2864 736 3121 803 ιαϐόλους,
3153 741 3244 788 καὶ
3269 735 3512 804 κόλακας,
3546 742 3635 789 καὶ
3677 757 3832 790 κατα-

2231 829 2527 888 σκευαστὰς
2575 832 2665 878 καὶ
2715 831 2860 902 παρὰ
2897 830 2955 879 τὸ
2994 835 3262 902 προσῆκον
3301 827 3378 899 (7)
3418 830 3710 896 ταπεινούς,
3743 826 3832 880 καὶ

2231 910 2624 989 δουλοπρεπεῖς,
2683 920 2774 970 καὶ
2844 915 3118 984 ἀλαζόνας,
3187 921 3278 969 καὶ
3333 921 3526 989 μυρίας
3587 923 3832 991 ταραχῆς

2228 1009 2498 1076 γέμοντας,
2567 1012 2719 1057 τούτο
2779 1008 2838 1057 τὸ
2904 1007 3071 1066 πάθος
3138 1008 3255 1067 τοὺς
3318 1005 3608 1069 ἑαλωκότας
3673 1004 3829 1079 ἐργά-

2232 1093 2482 1156 ζεται.’0
2561 1097 2664 1167 γὰρ
2718 1102 2950 1154 τοιοῦτος
3004 1093 3282 1165 βασκαίνει
3328 1102 3439 1158 τοῖς
3496 1093 3680 1163 ἀξίοις,
3735 1099 3829 1148 καὶ

2229 1178 2500 1234 διαϐάλλει
2545 1186 2783 1244 τούτους·
2841 1183 3041 1248 εὔξεται
3082 1180 3141 1237 δε
3200 1183 3443 1245 πολλάκις
3515 1183 3682 1236 αύτὼν
3740 1188 3832 1237 καὶ

2226 1276 2312 1325 τὸν
2343 1275 2579 1345 θάνατον,
2634 1277 2702 1338 ὡς
2759 1272 2953 1349 ἀπορίᾳ
3008 1282 3107 1328 τῶν
3186 1277 3404 1348 πρὸςτό
3457 1276 3603 1350 ἔργον
3651 1271 3829 1332 ἐπιτη-

2228 1358 2380 1416 δείων
2431 1361 2508 1415 ἐπ’
2561 1363 2717 1416 αὐτόν
2756 1365 2846 1426 τὰς
2901 1363 3110 1436 ψήφους
3173 1361 3354 1422 ἕλθεῖν.
3415 1361 3732 1416 Κολακεύσει
3773 1380 3828 1414 τε

2227 1455 2347 1514 τοὺς
2375 1447 2560 1506 δοῦναι
2598 1457 2812 1527 κυρίους
2849 1455 2934 1506 τόν
2973 1451 3181 1526 κλῆρον,
3224 1457 3314 1504 καὶ
3354 1446 3450 1504 διὰ
3493 1459 3646 1503 τοῦτο
3697 1446 3828 1502 δου-

2224 1539 2503 1615 λοπρεπὴς,
2553 1545 2722 1596 ἔσται·
2759 1544 3074 1616 θρασύνεται
3103 1545 3176 1603 (8)
3221 1537 3280 1594 δε
3317 1542 3455 1593 κατά
3477 1547 3576 1592 τῶν
3627 1537 3829 1592 ἐλαττό-

2223 1650 2342 1699 νων,
2375 1631 2420 1684 εἰ
2449 1630 2819 1686 ἀντιπίπτοιεν.
2871 1631 3058 1696 Δόλους
3108 1627 3194 1684 οὖν
3253 1629 3532 1705 συρῥάψει·
3586 1629 3832 1702 ταραχὰς

2223 1725 2314 1774 καὶ
2381 1722 2624 1784 ὑπονοίας
2686 1727 2881 1796 μυρίας
2939 1722 3058 1787 ἕξει·
3129 1726 3220 1775 καὶ
3289 1725 3382 1780 τὴν
3447 1718 3678 1792 γαλήνην
3736 1724 3832 1778 τῆς

2154 1836 2193 1890 Β
2228 1807 2412 1881 ψυχῆς
2458 1809 2762 1866 καταλύσει·
2827 1817 2918 1864 καὶ
2964 1813 2990 1866 ὁ
3049 1815 3175 1874 Θεὸς
3235 1818 3328 1872 τῆς
3387 1808 3592 1884 εἰρήνης
3641 1805 3830 1860 ἀπελαο

2226 1899 2465 1967 θήσεται,
2508 1900 2603 1951 οὐκ
2660 1899 2796 1972 ἔχων
2858 1902 2990 1954 ὅπου
3047 1901 3568 1977 προσαναπαύσεται.
3621 1900 3830 1958 Γνόντες

2222 1987 2309 2040 οὖν
2358 1993 2449 2046 τὴν
2492 1989 2705 2062 ζημίαν,
2755 1993 2994 2062 φύγωμεν
3013 1990 3127 2064 ζτῆς
3172 1987 3456 2062 ἐπιθυμίας
3497 1991 3556 2040 τό
3601 1988 3822 2041 οἰτοπον.

2220 2077 2281 2130 Εἰ
2343 2073 2402 2130 δέ
2426 2097 2527 2131 που
2560 2083 2685 2140 Θεός
2713 2099 2830 2134 τινα
2884 2083 3016 2155 πρὸς
3089 2081 3157 2134 τὰι
3219 2086 3442 2136 τοιαῦτα
3505 2077 3831 2150 ψηφίσαιτο,

2219 2161 2358 2222 οἶδεν
2409 2167 2434 2220 ό
2485 2166 2790 2240 εὐμήχανος
2837 2169 2976 2234 ὅπως
3025 2173 3116 2222 καὶ
3163 2167 3374 2241 παρέξει
3411 2169 3499 2220 τόν
3544 2164 3688 2232 ἄξιον

2217 2259 2364 2330 ἡμῶν
2409 2255 2664 2332 μηδαμοῦ
2705 2256 3019 2314 συνειδότων
3065 2260 3268 2326 ἐκυτοις
3317 2254 3683 2320 ἐσπουδακόσι
3713 2260 3834 2329 περὶ

2216 2351 2276 2400 τὸ
2324 2357 2582 2418 τοιοῦτον,
2615 2350 2643 2408 ᾖ
2706 2349 2831 2412 ὅλως
2876 2353 2971 2408 τὴν
3015 2347 3293 2422 ἐπιθυμίαν
3330 2347 3378 2400 ἐν
3435 2355 3497 2421 τῇ
3556 2347 3711 2420 ψυχῇ
3745 2366 3832 2401 πε-

2218 2441 2440 2510 ριέχειν.
2483 2443 2715 2511 Νόσημα
2759 2442 2861 2515 γὰρ
2903 2444 2992 2492 καὶ
3025 2447 3176 2494 τοῦτο
3214 2437 3404 2512 ψυχῆς
3431 2437 3831 2510 χαλεπώτατον,

2220 2531 2312 2578 καὶ
2342 2529 2598 2589 ἔκπτωσις
2622 2536 2723 2581 τῶν
2748 2527 2938 2585 καλῶν.

455 2637 654 2694 neque
696 2623 820 2680 ullo
851 2627 1036 2684 modo
1067 2627 1369 2698 ejusmodi
1408 2629 1773 2685 desiderium
1809 2627 1870 2683 in
1905 2625 2112 2683 animo
2151 2615 2463 2674 habuisse.
2506 2620 2657 2674 Nam
2687 2623 2744 2676 et
2771 2617 2870 2678 hic
2895 2617 3116 2676 anima:
3151 2615 3408 2678 morbus
3448 2617 3824 2678 rarissimus.

456 2717 570 2779 est,
603 2716 660 2768 et
683 2711 845 2784 facit,
878 2719 995 2773 uta
1021 2715 1202 2773 bonis
1243 2717 1622 2776 excidemus.

1119 2826 1349 2882 CAPUT
1386 2829 1448 2883 Χ.

467 2926 644 3000 556
681 2929 850 2996 Quod
897 2948 1016 2988 non
1061 2935 1330 2990 convenit
1380 2931 1535 2989 bona
1585 2933 1880 3002 zmutari,
1942 2946 2114 2988 vanae

1050 3006 1266 3075 gloriae
1297 3021 1502 3062 causa.

523 3093 571 3143 1.
630 3091 941 3160 Fugienda
978 3098 1069 3149 est
1111 3111 1302 3167 quam
1361 3094 1626 3152 maxime
1669 3094 1869 3151 inanis
1897 3093 2110 3163 gloria,

449 3191 587 3250 quea
641 3195 755 3236 nos
797 3197 923 3238 non
968 3189 1107 3239 ante
1138 3183 1440 3241 laboresa
1489 3183 1879 3256 suscipiendo
1903 3182 2113 3238 labore

450 3265 712 3325 deterret
745 3270 1072 3343 (siquidem
1118 3272 1308 3329 levius
1360 3274 1476 3329 hoc
1507 3279 1666 3330 esset
1695 3273 1971 3343 malum),
2008 3271 2113 3327 sed

449 3357 692 3412 coronis
742 3359 960 3431 spoliat
1001 3366 1142 3433 post
1185 3361 1446 3418 labores.
1472 3365 1572 3418 Est
1621 3369 1827 3418 autem
1853 3360 2115 3416 difﬁcilis

450 3452 808 3517 expugnatu
854 3448 957 3506 illa
1011 3449 1221 3506 salutis
1277 3457 1500 3508 nostra:
1555 3450 1914 3518 insidiatrix,
1974 3465 2112 3505 cum

458 3530 618 3590 locet
667 3536 844 3592 nobis
891 3538 1142 3596 insidias
1171 3539 1264 3597 vel
1316 3541 1375 3596 in
1424 3540 1572 3613 ipsis
1642 3540 1776 3598 coeli
1833 3539 2112 3599 orbibus.

447 3622 845 3698 virtutesque,
915 3643 1178 3701 quarum
1241 3630 1477 3686 caudex
1529 3629 1607 3686 ad
1660 3629 1880 3686 coelum
1921 3645 2116 3702 usque

447 3713 754 3786 pertingit,
796 3716 1055 3787 dejicere
1104 3735 1176 3776 ac
1223 3718 1548 3776 deturbare
1597 3720 1943 3776 contendat.
2003 3712 2112 3776 Ubi

448 3804 613 3860 enim
659 3805 876 3862 viderit
918 3808 1154 3880 pietatis
1188 3815 1595 3866 mercatorum
1626 3811 1968 3882 omnigenis
1999 3809 2114 3865 vir-

447 3895 648 3951 tutum
679 3897 987 3954 mercibus
1019 3900 1364 3956 onerariam
1391 3901 1608 3958 mentis
1637 3917 1861 3958 navem
1903 3900 2115 3972 imple-

445 3982 625 4055 visse,
669 3990 812 4042 tunc
858 3987 1118 4045 excitata
1148 4005 1262 4047 sua
1306 3994 1687 4062 tempestate,
1729 3995 1993 4047 evertere
2042 4005 2113 4044 ac

446 4071 840 4145 submergere
881 4092 1105 4136 navem
1146 4085 1423 4138 conatur.
1457 4084 1607 4140 Cum
1635 4081 1797 4138 enim
1845 4083 2110 4136 mentem

446 4160 600 4232 ejus,
626 4165 732 4236 qui
773 4165 852 4221 ad
895 4182 1152 4236 regnum
1203 4184 1540 4242 supernum
1583 4169 1853 4240 navigat,
1883 4184 1953 4224 eo
2003 4167 2109 4222 ad-

452 4250 641 4324 duxit,
671 4261 736 4311 ut
775 4255 855 4312 ad
884 4256 1152 4314 infernas
1198 4274 1294 4315 res
1350 4267 1408 4315 et
1439 4260 1516 4318 ad
1566 4259 1788 4330 glorias
1807 4260 2112 4315 humanas

445 4343 752 4416 respiciat,
798 4352 929 4402 tum
985 4347 1238 4406 demum
1286 4350 1575 4406 omnibus
1624 4351 1844 4406 animae
1893 4346 2112 4403 divitiis

446 4446 558 4487 ceu
613 4433 762 4492 ﬂatu
814 4439 1131 4510 repentino
1192 4438 1522 4510 dissipatis,
1573 4436 2111 4508 fundamentisque

2798 2818 3190 2868 ΚΕΦΔΛΔῙΟΝ
3227 2812 3262 2871 Γ

2291 2917 2411 2971 Ὀτι
2467 2918 2526 2971 ού
2575 2923 2686 2995 χρὴ
2741 2924 2874 2994 πρὸς
2917 2917 3216 2984 κενοδοξίαν
3263 2919 3522 2994 βλέποντα
3570 2917 3758 2982 ζηλοῦν

2900 3013 2970 3064 τὰ
3005 3010 3159 3067 καλά.

2299 3101 2348 3152 1.
2397 3094 2706 3161 Κενοδοξίαν
2763 3100 2845 3152 ὅτι
2900 3101 3134 3175 μάλιστα
3171 3103 3375 3173 φεύγειν
3419 3103 3679 3174 προσήκει
3737 3115 3829 3155 την

2225 3185 2286 3238 ού
2339 3190 2440 3261 πρὸ
2493 3197 2592 3239 τῶν
2636 3193 2802 3242 πόνων
2831 3197 2925 3242 τοῦ
2976 3198 3148 3243 πονεῖν
3190 3189 3497 3265 ἀριστῶσαν
3527 3196 3610 3259 (ῆν
3638 3190 3741 3261 γὰρ
3769 3187 3831 3238 ἄν

2225 3280 2283 3328 τὸ
2333 3280 2494 3329 κακὸν
2540 3278 2789 3350 ἔλαττον),
2847 3278 2975 3333 ἀλλὰ
3017 3284 3148 3358 μετὰ
3185 3285 3310 3343 τοὺς
3346 3285 3533 3340 πόνους
3579 3287 3676 3333 τῶν
3709 3297 3831 3330 στε-

2227 3369 2394 3439 φάνων
2471 3365 2841 3439 ἀποσυλῶσαν,
2904 3374 2999 3430 τὴν
3081 3368 3387 3424 δυσάλωτον
3446 3377 3542 3430 τῆς
3583 3370 3833 3440 ἡμετέρας

2229 3461 2495 3533 σωτηρίας
2543 3457 2833 3531 ὶπίεουλον,
2889 3465 2984 3519 τὴν
3023 3465 3156 3534 πρὸς
3197 3464 3313 3521 ταῖς
3363 3457 3630 3530 οὐρανίαις
3668 3453 3829 3522 ἀψῖσι

2225 3550 2346 3608 τοὺς
2402 3547 2520 3600 καθ’
2587 3551 2734 3622 ἡμῶν
2793 3548 2992 3622 λόχους
3055 3546 3366 3622 ἱδρύουσαν,
3419 3546 3509 3594 καὶ
3563 3544 3658 3602 τὰς
3730 3545 3826 3613 μέ-

2225 3657 2355 3710 χρις
2408 3640 2514 3709 (10)
2567 3639 2795 3714 οὐρανῶν
2864 3638 3274 3708 στελεχωθείσας
3361 3632 3547 3707 ἀρετὰς
3600 3630 3828 3684 καταϐα-

2223 3724 2325 3778 λεῖν
2367 3727 2785 3800 φιλονεικοῦσαν.
2838 3722 3078 3780 Ἐπειδὰν
3115 3727 3217 3802 γὰρ
3268 3721 3361 3797 ἴδῃ
3414 3727 3503 3775 τὸν
3550 3728 3642 3782 τῆς
3689 3720 3829 3774 εὐσε-

2225 3815 2363 3879 ϐείας
2421 3820 2643 3892 ἔμπορον
2705 3812 3059 3876 παντοδαποῖς
3130 3814 3417 3888 ἁγωγίμοις
3485 3811 3676 3886 ἀρετῶν
3735 3830 3828 3869 την

2223 3902 2451 3979 φορτίδα
2498 3915 2589 3966 τῆς
2647 3903 2883 3966 διανοίας
2933 3903 3305 3981 πληρώσαντα,
3332 3908 3467 3970 τότε,
3500 3906 3595 3960 τήν
3644 3900 3830 3961 ἑαυτῆς

2222 3991 2515 4067 καταιγίδα
2588 3999 2878 4063 κινήσασα,
2950 3998 3276 4068 περιτρέπειν
3348 3997 3439 4045 καὶ
3502 3990 3829 4066 ὑποϐρύχιον

2221 4085 2364 4155 οἴγειν
2422 4086 2480 4136 τό
2535 4085 2734 4156 σκάφος
2801 4079 3194 4158 διαγωνίζεται.
3261 4088 3366 4142 Τὴν
3435 4084 3538 4156 γὰρ
3594 4077 3830 4134 διάνοιαν

2224 4179 2313 4224 τοῦ
2369 4180 2466 4233 τῆς
2514 4171 2617 4224 ἄνω
2663 4171 2940 4248 βασιλείας
2986 4173 3256 4247 πλωτῆρος
3295 4176 3427 4248 πρὸς
3464 4174 3530 4225 τὰ
3555 4172 3696 4223 κάτω
3741 4175 3831 4222 καὶ

2222 4264 2316 4323 τὰς
2348 4259 2674 4336 ἀνθρωπίνας
2729 4260 2889 4326 δόξας
2940 4265 3063 4339 ὁρᾷν
3122 4262 3475 4330 ἀναπείσασα,
3508 4262 3713 4314 ἅπαντα
3741 4264 3828 4312 τὸν

2221 4349 2443 4404 πλοῦτον
2507 4359 2606 4413 τῆς
2669 4350 2826 4425 ψυχή’
2840 4373 2861 4414 ς
2928 4348 3190 4424 αἰφνίδιον
3248 4351 3552 4424 ἇξεφύσησε,
3585 4353 3673 4402 καὶ
3712 4352 3830 4410 τούς

2225 4438 2491 4512 θεμελίους
2542 4447 2643 4494 τῶν
2699 4439 2892 4516 ἀρετῶν
2945 4441 3265 4514 ύποσύρασα
3311 4440 3394 4494 ἐπὶ
3449 4448 3568 4513 γῆν,
3618 4438 3830 4514 ούρανο-

2157 3157 2196 3216 C

447 4521 739 4581 vir-tutum
761 4525 824 4582 in
851 4531 1073 4584 terram
1095 4527 1363 4600 dejectis,
1396 4527 1638 4585 labores
1664 4527 1744 4587 ad
1766 4525 1986 4583 caalum
2010 4540 2110 4580 us-

2222 4533 2408 4602 μήκεις
2463 4548 2650 4591 πόνους
2704 4536 3008 4604 κατήνεγκε,
3077 4535 3166 4584 τὸν
3223 4529 3310 4584 ἰπὶ
3364 4537 3476 4592 τοῖς
3539 4531 3832 4601 πεπονημέ-

441 4629 564 4687 quo
592 4622 904 4686 porrectos
928 4617 1147 4687 diruit;
1179 4618 1684 4691 quandoquidem
1715 4616 1856 4674 facit
1875 4621 1940 4673 ut
1953 4631 2110 4673 mer-

443 4703 656 4760 cedem
680 4706 759 4762 ab
785 4707 1138 4765 hominibus
1161 4708 1242 4764 ob
1267 4708 1608 4765 exantlatos
1639 4708 1881 4766 labores
1903 4723 2108 4780 expos-

443 4809 656 4852 camus
676 4813 812 4867 nos,
834 4815 990 4871 quos
1020 4805 1224 4856 tamen
1255 4798 1571 4872 oportebat
1599 4798 1680 4856 ad
1705 4801 1894 4856 Deum
1911 4798 2108 4855 solum

443 4885 764 4958 respicere,
795 4888 972 4962 eique
1001 4895 1212 4946 nostra
1261 4893 1421 4945 recte
1449 4889 1613 4946 facta
1647 4889 1994 4961 recondere,
2028 4887 2108 4946 ab

442 4971 549 5030 illo
596 4976 726 5034 solo
764 4993 876 5052 pro
925 4979 1142 5037 merito
1178 4979 1434 5053 prmmia
1473 4979 1766 5054 accipere.
1798 4983 1916 5038 Nos
1943 4995 2104 5051 vero,

443 5069 740 5142 quoniam
783 5068 1094 5131 malumus
1140 5069 1222 5128 ob
1260 5069 1582 5127 hominum
1636 5069 1894 5144 gloriam
1941 5071 2109 5130 bona

523 5249 600 5328 (7)
632 5249 1034 5328 Codcxjmss.
1065 5251 1202 5328 κατὰ
1225 5253 1284 5304 τὸ
1315 5255 1388 5324 μὴ
1437 5259 1730 5328 προσῆκον.
1776 5250 2109 5325 Aliquanto

448 5325 592 5400 post
613 5337 726 5400 ms.
751 5321 928 5400 _(_Jolb.
961 5327 1160 5400 μυρίων
1190 5321 1462 5400 ταραχῶν.

521 5394 592 5465 (8i
624 5394 786 5464 Regii
827 5394 1136 5470 secundus
1156 5400 1216 5452 et
1257 5394 1510 5470 quartus
1543 5396 1912 5470 _6_pagw¢irm,
1947 5397 2108 5454 imo-

441 5464 655 5537 .lenter
679 5481 742 5524 se
769 5473 956 5537 geret.
989 5466 1216 5524 Ibidem
1243 5464 1432 5524 codex
1458 5464 1625 5523 Colb.
1656 5464 1715 5522 δὲ
1744 5474 1856 5526 καὶ.

522 5536 600 5607 (9)
633 5536 800 5614 Regii
839 5538 964 5595 duo
997 5539 1240 5614 codices
1273 5539 1633 5614 ψηφίσεται...
1665 5542 1805 5602 ὃπως
1831 5544 1923 5614 καὶ,
1973 5557 2109 5614 προ-

449 5606 684 5682 gagates
703 5606 849 5673 ἄξιον
867 5626 1014 5682 eum
1043 5613 1150 5682 qui
1176 5606 1396 5682 digitus
1425 5616 1534 5681 est,
1572 5611 1962 5680 promovebit.
1991 5606 2109 5668 Nec

447 5677 533 5736 ita
561 5679 755 5739 multo
784 5681 943 5740 infra
973 5677 1166 5742 codex
1192 5677 1360 5740 Cblb.
1389 5677 1636 5756 περῖτῦν
1667 5685 1934 5740 τοιούτων.
2027 5717 2030 5719 -

2219 4638 2329 4681 νοις
2374 4621 2565 4692 μισθὸν
2631 4624 2776 4697 παρὰ
2838 4620 3122 4695 ἀνθρώπων
3175 4620 3292 4691 (Η)
3351 4621 3612 4672 αἰτεῖσθαι
3659 4638 3830 4690 παρα-

2220 4711 2550 4783 σκευάσασα,
2604 4709 2692 4773 οὓς
2741 4707 2848 4763 εδει
2913 4713 3046 4783 πρὸς
3095 4712 3184 4762 τὸν
3231 4713 3358 4764 Θεὸν
3405 4715 3558 4784 μόνον
3611 4707 3829 4784 ﬁlim»-

2217 4818 2334 4869 τας,
2391 4805 2482 4852 καὶ
2527 4803 2694 4873 τούτῳ
2737 4801 2805 4852 τὰ
2842 4801 3070 4875 ἡμέτερα
3119 4801 3504 4874 κατορθώματα
3549 4801 3829 4872 ταμιεύον-

2217 4908 2334 4956 me,
2399 4889 2524 4965 παρ’
2579 4889 2776 4944 ἐκείνου
2832 4893 2991 4962 μόνον
3047 4887 3202 4951 ἀξίως
3269 4890 3603 4962 κομίζεσθαι.
3654 4888 3830 4961 Ἡμεῖς

2220 4975 2300 5050 δε,
2339 4987 2432 5032 τοῦ
2483 4975 2576 5032 διὰ
2619 4983 2749 5033 Θεὸν
2788 4975 3175 5032 ἐσπουδακέναι
3211 4981 3278 5032 τὰ
3328 4979 3462 5032 καλὰ
3503 4983 3565 5032 τὸ
3607 4975 3701 5032 διὰ
3744 4978 3830 5030 ἁν-

2221 5071 2438 5146 θρὼπων
2485 5063 2644 5134 δόξαν
2699 5069 2920 5145 ἐνεργεῖν
2964 5071 3404 5148 προτιμοίσαντες,
3453 5069 3578 5150 παρ’
3625 5067 3823 5122 ἐκείνων

2291 5250 2678 5325 (l0)_Veteres
2702 5247 3233 5325 aliquot_l_ibri_xai
3273 5250 3370 5325 τὰς
3397 5253 3617 5325 μέχρις.
3649 5247 3825 5325 Deest

2219 5321 2510 5446 aréicglus
2534 5322 2598 5378 in
2625 5319 2909 5392 vulgatis.
2937 5323 3064 5378 Mox
3106 5323 3248 5392 Reg.
3278 5319 3518 5395 primus
3534 5321 3715 5395 ἀρετὰς
3731 5337 3827 5372 κα-

2217 5413 2283 5446 τα
2321 5414 2353 5445 α
2418 5413 2508 5450 ειν.

2291 5467 2406 5538 (ll)
2444 5468 2605 5521 Unus
2627 5481 2743 5520 ms.
2778 5463 3002 5540 etediti
3034 5467 3178 5538 παρὰ
3214 5467 3532 5540 *ανθρώποιᾳ
3558 5463 3673 5520 Alii
3703 5462 3830 5540 duo

2217 5535 2540 5594 mss.cum
2580 5540 2760 5612 iVoss.
2807 5535 3117 5612 ἀνθρώπωνζ
3161 5535 3486 5610 Aliquanto
3513 5541 3653 5610 post
3704 5535 3832 5592 duo

2218 5625 2374 5671 mss.
2399 5611 2788 5686 κατορθώματα
2814 5611 3221 5682 ταμιεύσαντας.
