4120 6426
385 361 525 415 1375

1767 353 1825 411 8.
1866 345 2119 407 BASiLlI
2157 340 2378 407 HAGNI

3628 364 3766 421 i376

381 479 698 550 disserere,
722 482 827 537 aut
850 478 1207 536 necessitate
1234 477 1494 536 instante
1525 493 1597 535 ac
1627 479 1877 549 urgente
1905 488 2043 529 ver-

2153 481 2319 548 καιρῷ
2347 471 2701 554 διαλέγεσθαι³
2735 480 2765 541 ἦ
2806 482 2864 534 τό
2894 482 3022 555 πρός
3059 484 3155 540 τὴν
3197 481 3314 555 (18)
3353 481 3646 538 ἐνεστῶσαν
3675 494 3767 543 καὶ

378 569 463 626 ba
490 569 710 635 facere,
739 573 844 626 aut
871 568 1054 625 etiam
1083 568 1334 625 omnino
1362 568 1528 642 loqui
1560 568 1637 624 ad
1666 563 2043 623 audientium

381 658 783 716 aediﬁcatione
808 678 822 728 ;
843 658 1109 731 reliquos
1133 673 1273 715 vero
1304 675 1613 715 sermones
1646 656 1805 714 velut
1834 668 2044 726 super-

382 746 542 804 ﬂuos
573 762 646 804 ac
674 762 867 804 vanos
893 747 1245 820 reprobare.

1028 839 1253 894 CAPUT
1289 840 1400 893 Xll.

472 924 644 993 Quod
670 942 792 982 non
814 928 1090 984 convenit
1126 932 1389 983 ascetam
1411 926 1672 997 facetias
1701 922 1945 980 sectari.

457 1087 667 1159 Operae
687 1087 948 1160 pretium
977 1092 1066 1144 est
1094 1086 1395 1143 abstinere
1425 1104 1461 1143 a
1488 1084 1715 1141 facetiis
1739 1080 2043 1140 omnibus.

384 1175 687 1246 Contingit
711 1176 871 1234 enim
894 1176 1344 1250 plerumque,ut
1368 1175 1472 1248 qui
1499 1174 1722 1231 talibus
1745 1185 2048 1244 occupan-

383 1267 502 1335 tur,
529 1281 566 1321 a
586 1272 752 1323 recta
776 1267 1007 1323 ratione
1037 1267 1336 1336 aberrent,
1368 1265 1573 1322 animo
1610 1263 1954 1320 effundente
1985 1276 2048 1315 se

385 1352 465 1409 ad
501 1354 689 1410 risum
736 1355 1132 1424 movendum,
1166 1360 1223 1411 et
1251 1355 1588 1429 prudentia:
1623 1352 2048 1424 cogitationem

384 1457 457 1497 ac
477 1445 601 1500 vim
631 1442 993 1501 destruente.
1010 1446 1178 1519 διξερε
1202 1450 1404 1502 autem
1428 1446 1544 1501 hoc
1566 1443 1797 1500 malum
1818 1439 2049 1509 sensim

382 1533 1057 1607 procedens,postremo
1087 1535 1306 1592 desinit
1325 1535 1387 1591 in
1413 1534 1740 1591 verborum
1770 1530 2048 1589 obsceni-

384 1625 567 1677 tatem
600 1628 657 1680 et
702 1624 763 1680 in
789 1629 1090 1682 extremas
1120 1625 1399 1697 ineptias,
1431 1624 1587 1682 adeo
1616 1628 1682 1681 ut
1730 1621 1917 1680 animi
1967 1619 2051 1675 vi-

382 1700 653 1781 gilantia,
704 1713 956 1787 ejusque
1002 1714 1066 1770 in
1122 1714 1369 1771 facetias
1416 1713 1663 1771 diffusio
1728 1725 2049 1784 nunquam

385 1798 567 1856 simul
596 1802 958 1859 cohaereant.
996 1803 1170 1869 Quod
1226 1803 1276 1859 si
1322 1820 1479 1876 opus
1512 1802 1843 1877 aliquando
1871 1797 2049 1855 fuerit

385 1888 831 1948 oblectamento
862 1892 1190 1949 verborum
1217 1898 1281 1949 ut
1310 1892 1546 1950 tristitia
1591 1890 1909 1966 paululum
1959 1904 2047 1944 re-

383 1978 758 2051 mittatur,sit
779 1998 978 2039 sermo
1002 1988 1189 2040 vester
1206 1984 1458 2039 refertus
1489 1980 1785 2056 spirituali
1814 1980 2042 2053 lepore,

383 2074 442 2126 et
495 2068 843 2141 evangelico
900 2072 1026 2129 sale
1074 2074 1393 2142 conditus;
1434 2078 1501 2130 ut
1556 2078 1797 2143 gratum
1827 2069 2045 2127 interni

383 2159 705 2230 cujusdam
737 2176 809 2217 ac
839 2163 1129 2235 sapientis
1160 2163 1394 2220 consilii
1414 2162 1624 2220 aﬂerat
1651 2160 2045 2225 odorem.du-

379 2248 730 2323 pliciterque
755 2252 1095 2309 auditorem
1126 2252 1433 2319 exhilaret,
1466 2259 1523 2310 et
1569 2252 1759 2310 animi
1809 2251 2047 2309 relaxa-

380 2338 567 2408 tione,
599 2344 657 2396 et
683 2340 1019 2413 prudentiae
1050 2343 1262 2413 gratia.

1011 2432 1238 2489 CAPUT
1273 2435 1412 2490 Xlll.

381 2517 470 2575 De
499 2520 983 2592 mansuetudine,
1012 2528 1065 2579 et
1087 2522 1382 2650 qqomodo
1408 2522 1678 2581 Charitas
1712 2524 2045 2581 constitua-

1178 2611 1274 2650 ur.

1178 2611 1274 2650 ur.

456 2680 702 2753 Oportet
748 2687 1020 2739 ascetam
1062 2698 1253 2757 quam
1292 2684 1559 2740 maxime
1616 2684 1864 2757 plenum
1910 2699 2046 2739 esse

387 2771 875 2841 mansuetudine,
899 2772 1403 2846 quandoquidem
1438 2773 1679 2846 spiritus
1700 2779 2048 2830 mansuetu-

383 2859 542 2916 dinis
571 2862 665 2917 vel
718 2863 1021 2937 particeps
1053 2863 1183 2936 jam
1215 2865 1408 2922 factus
1439 2870 1545 2937 est,
1561 2864 1654 2921 vel
1673 2864 1800 2921 ﬁeri
1822 2878 1883 2921 se
1915 2879 2050 2939 par-

379 2948 623 3023 ticipem
653 2952 1137 3025 cupit.Convenit
1165 2960 1368 3011 autem
1420 2954 1723 3027 hospitem
1752 2954 1938 3027 hujus
1970 2953 2044 3022 ei,

382 3039 491 3111 qui
514 3040 778 3114 hospitio
808 3043 1116 3117 excipitur,
1170 3044 1348 3118 558
1387 3044 1644 3101 similem
1676 3061 1828 3101 esse.
1874 3043 2047 3110 Quod

385 3127 437 3185 si
456 3145 612 3202 opus
643 3131 829 3188 etiam
857 3133 1191 3206 aliquando
1238 3136 1414 3191 fuerit
1460 3134 1879 3207 indignatione
1936 3133 2046 3190 ad-

382 3234 589 3276 versus
617 3222 958 3286 socordem,
991 3223 1097 3297 qui
1148 3223 1370 3282 scilicet
1418 3225 1494 3282 sit
1530 3223 1709 3282 nobis
1743 3223 2044 3291 subditus,

384 3309 617 3368 ratione
656 3317 1023 3386 temperetur
1060 3314 1420 3386 indignatio.
1452 3316 1685 3372 Etenim
1742 3320 1807 3372 ut
1856 3311 2049 3371 homi-

386 3399 535 3457 cidae
564 3401 782 3472 gladiis
807 3408 1081 3469 utuntur,
1114 3405 1198 3461 ita
1223 3410 1475 3469 utuntur
1500 3411 1557 3462 et
1581 3403 2048 3462 medici.Verum

383 3488 489 3560 illi,
517 3491 685 3564 quod
715 3508 788 3548 ex
835 3493 925 3549 ira
964 3499 1022 3551 et
1068 3494 1421 3552 crudelitate
1469 3510 1678 3551 ensem
1723 3493 1786 3549 in
1826 3506 2047 3549 manus

386 3585 658 3651 sumunt,
685 3587 929 3655 patrant
952 3583 1227 3642 facinora
1274 3584 1551 3641 on‘nium
1597 3582 2045 3652 scelestissima,

385 3685 525 3726 cum
550 3686 653 3728 eos
690 3673 795 3746 qui
842 3674 1117 3745 ejusdem
1173 3674 1409 3745 generis
1468 3676 1623 3737 sunt,
1655 3673 2047 3734 interimant:

383 3758 447 3815 in
494 3775 660 3832 vero,
705 3762 873 3835 quod
900 3765 1131 3821 ratione
1163 3764 1436 3835 gladium
1476 3763 1824 3834 admovent,
1856 3763 2050 3822 maxi-

383 3864 551 3906 mam
589 3850 730 3907 hinc
777 3850 1036 3909 afferunt
1065 3852 1381 3909 utilitatem
1407 3852 1663 3926 :quippe
1692 3853 1796 3927 qui
1822 3852 2052 3926 pericli-

385 3938 652 3996 tantibus
689 3941 945 3998 salutem
994 3942 1324 3999 conferant.
1375 3942 1545 3998 Hunc
1590 3942 1670 3999 ad
1699 3940 1955 3998 modum
1993 3946 2051 3999 et

387 4028 483 4084 cui
536 4031 705 4087 novit
752 4047 891 4087 cum
929 4031 1163 4088 ratione
1192 4030 1520 4104 indignari,
1571 4032 1625 4087 ei
1679 4046 2052 4105 magnopere

385 4117 655 4191 prodest,
695 4120 793 4177 cui
823 4119 1178 4191 indignatus
1199 4125 1308 4193 est,
1342 4137 1484 4177 cum
1531 4121 1664 4192 ejus
1708 4120 2048 4192 segnitiem,

388 4212 492 4265 aut
526 4208 858 4281 nequitiam
888 4210 1154 4279 corrigat
1185 4210 1327 4282 :qui
1356 4226 1501 4266 vero
1539 4209 1643 4267 irae
1672 4210 1811 4267 vitio
1858 4210 2053 4269 victus

388 4302 497 4365 est,
546 4297 696 4353 nihil
749 4298 985 4369 peragit
1029 4298 1183 4354 sani.
1228 4297 1404 4365 Quod
1453 4304 1652 4356 autem
1697 4304 1754 4359 et
1800 4317 1903 4357 eos
1947 4300 2053 4374 qui

387 4385 921 4443 mansuetudinem
954 4386 1254 4460 excolunt,
1301 4387 1514 4446 deceat
1536 4390 2061 4463 opportunaindi.

391 4475 619 4548 gnatio,
664 4476 808 4533 hinc
872 4477 1126 4550 planum
1182 4479 1699 4553 perspicuumque
1781 4479 2056 4539 efﬁcitur.

362 4606 363 4609 η
391 4568 626 4640 Moyses
658 4567 820 4624 enim
848 4567 956 4641 qui
985 4568 1304 4626 hominum
1342 4569 1616 4628 omnium
1645 4571 2059 4629 mansuetissi-

389 4672 528 4713 mus
568 4656 758 4714 fuisse
814 4657 1167 4732 perhibetur
1191 4659 1261 4731 ³⁸,
1294 4658 1400 4716 ubi
1423 4658 1506 4716 ita
1559 4660 1852 4733 temporis
1900 4661 2054 4719 ratio

387 4761 638 4819 poscere
667 4747 805 4804 visa
829 4751 938 4819 est,
985 4748 1336 4820 indignatus
1365 4752 1472 4813 est,
1523 4764 1716 4823 eoque
1762 4750 2054 4824 processit

388 4836 831 4903 concitationis.
858 4840 926 4894 ut
975 4836 1195 4894 ﬁnierit
1229 4837 1713 4911 indignationem
1741 4838 2052 4898 tribulium

462 4982 510 5019 ³⁸
539 4985 717 5041 Num.
748 4998 853 5056 xu,
884 4987 940 5041 3.

608 5135 763 5215 Editi
781 5137 812 5196 ἣ
847 5139 973 5215 πρὸς
1002 5140 1117 5215 τήν.
1145 5135 1368 5215 Atduo
1390 5152 1539 5215 mss.
1564 5136 1604 5215 Δἣ
1633 5141 1693 5191 τό
1722 5142 1850 5215 πρὸς
1878 5143 1993 5215 τήν,

464 5212 575 5278 (19)
608 5212 750 5279 Reg.
782 5209 988 5284 tertius
1040 5214 1094 5265 et
1141 5209 1287 5284 editi
1340 5212 1475 5284 πρός
1526 5209 1883 5284 εὐτραπελίας.
1941 5209 2054 5268 Alii

464 5229 575 5278 (ιν)
608 5229 750 5279 1168.
782 5229 988 5265 ῐΒΓῐιυδ
1040 5229 1094 5265 et
1141 5229 1287 5265 eum
1340 5229 1381 5262 π
1416 5229 1475 5272 ος
1526 5229 1883 5284 ευτραπελιας.
1941 5229 2053 5268 Λιιι

391 5282 513 5367 ﬁt”
562 5296 710 5367 τηεβ-
743 5284 906 5367 .πρδς.
932 5280 1290 5367 “feraliu-
1327 5229 1663 5367 οἵηπερ
1717 5287 1855 5367 eost
1882 5298 2053 5367 111113?

393 5366 510 5437 ms.
545 5351 815 5423 perinde
846 5357 914 5409 ut
966 5351 1108 5408 editi
1153 5351 1377 5415 Πολλούς
1401 5351 1523 5426 γᾶρ.
1555 5352 1668 5408 Alii
1717 5351 1841 5410 duo
1882 5354 2056 5407 Πολλὰ

429 5442 514 5477 αο.

400 5441 573 5562 “(fici
606 5494 805 5571 Codex
851 5495 1035 5571 (391)).Δ
1056 5504 1118 5571 τῆ
1176 5492 1345 5550 ἔνδον.
1392 5494 1564 5552 Haud
1587 5494 1769 5567 longe
1822 5495 2057 5571 aliquot

394 5580 553 5652 mss:
569 5565 828 5652 stay-uim
841 5610 853 5623 .
886 5566 1056 5652 Editi‘
1069 5566 1350 5652 εςόφραίνει.

471 5636 584 5706 (21)
615 5636 852 5712 veteres
881 5639 1005 5695 duo
1041 5636 1179 5695 libri
1218 5638 1568 5712 simpliciter
1585 5644 1676 5694 καὶ
1712 5644 1829 5695 τίνα
1863 5645 2055 5712 τρόπον

398 5713 736 5766 συνίσταται.
767 5708 1092 5783 Aliquanto
1143 5716 1284 5784 post
1306 5708 1427 5769 ti'es
1455 5727 1606 5770 mss.
1638 5717 1853 5786 praeter
1881 5708 2049 5771 Voss.

2153 569 2565 638 κατεπείγουσαν
2611 574 2801 646 χρείαν
2860 574 2979 633 τοὺς
3028 570 3215 644 λόγους
3259 575 3549 643 ποιεῖσθαι,
3595 577 3625 635 ἣ
3677 581 3768 631 καὶ

2153 651 2277 714 ὅλως
2298 658 2428 730 πρὸς
2479 662 2572 717 τὴν
2594 668 2693 712 τῶν
2724 658 3013 714 ἀκουόντων
3054 658 3343 735 οἰκοδομήν
3369 684 3381 696 ·
3415 668 3537 725 τοὺς
3567 660 3628 718 δὲ
3651 664 3766 718 λοι-

2152 747 2285 804 πθὺς
2313 747 2378 806 ὡς
2406 752 2679 820 περιττοὺς
2698 754 2789 803 καὶ
2814 748 3085 823 ἀνωφελεῖς
3104 754 3502 827 παραιτεῖσθαι.

2696 846 3091 896 ΚΕΦΑΛΑΙΟΝ
3130 840 3225 898 ΙΒ’.

2152 921 2275 977 Ὀτι
2336 924 2394 978 ού
2449 931 2561 1004 χρὴ
2627 933 2759 1005 πρὸς
2827 930 3164 1015 εὐτραπελίαν
3222 931 3338 1004 (i9)
3408 931 3615 1007 βλέπειν
3677 955 3763 988 τον

2824 1008 3088 1063 ἀσκητήν.

2225 1087 2581 1163 Εύτραπελίας
2635 1089 2845 1153 ἀπάσης
2896 1090 3196 1165 ἀπέχεσθαι
3251 1098 3529 1168 προσήκει.
3593 1095 3765 1149 Πολλὰ

2154 1177 2256 1250 γὰρ
2299 1176 2575 1250 συμϐαίνει
2612 1184 2728 1241 τοὺς
2775 1184 2894 1255 περὶ
2942 1182 3010 1233 τὰ
3062 1188 3281 1233 τοιαῦτα
3336 1181 3762 1256 ἀσχολουμένους

2156 1273 2247 1317 τοῦ
2298 1265 2453 1339 ὀρθοῦ
2493 1265 2650 1340 λόγου
2702 1265 3095 1346 διαμαρτάνειν,
3143 1278 3236 1333 τῆς
3272 1269 3458 1343 ψυχῆς
3501 1275 3633 1347 πρὸς
3680 1291 3764 1344 γε-

2154 1354 2407 1429 λοιασμόν
2468 1354 2841 1432 διαχεομένης,
2888 1364 2978 1412 καί
3030 1362 3088 1412 τὸ
3145 1368 3241 1421 τῆς
3294 1365 3589 1435 φρονήσεως
3636 1364 3763 1413 σύν-

2155 1464 2274 1497 νουν
2326 1450 2416 1498 καὶ
2469 1452 2861 1521 πεπυκνωμένον
2927 1448 3315 1511 καταλυούσης.
3395 1447 3651 1511 Πολλάκις
3703 1445 3764 1501 δὲ

2154 1537 2212 1586 τό
2242 1536 2401 1588 κακόν
2432 1532 2540 1606 ὁδῷ
2582 1533 2813 1610 βαδίζον
2851 1542 2937 1589 καὶ
2972 1546 3045 1600 εἰς
3096 1535 3475 1613 αἰσχρολογίαν
3512 1542 3603 1589 καὶ
3641 1534 3765 1589 ἀτο-

2156 1626 2280 1677 πίαν
2310 1630 2404 1685 τὴν
2431 1624 2668 1698 ἐσχάτην
2717 1628 3015 1699 κατέλυσεν,
3048 1631 3112 1689 ὡς
3159 1632 3231 1702 μὴ
3282 1625 3581 1701 συμϐαίνειν
3629 1627 3768 1679 κατά

2156 1718 2346 1767 ταυτὸν
2398 1715 2582 1788 ψυχῆς
2632 1717 2791 1788 νῆψιν
2847 1723 2937 1770 καὶ
2989 1716 3328 1792 εὐτραπελίας
3381 1714 3663 1790 διάχυσιν.
3704 1715 3766 1770 Εἰ

2084 1791 2130 1880 Β
2159 1800 2221 1857 δέ
2246 1825 2346 1858 που
2392 1810 2484 1859 καὶ
2537 1802 2669 1876 δέοι,
2702 1808 2837 1861 ὥστε
2881 1812 3069 1884 μικρόν
3108 1810 3377 1862 ὑπανεῖναι
3413 1810 3473 1860 τό
3528 1808 3764 1881 σκυθρωο

2154 1898 2274 1967 πόν,
2306 1892 2341 1948 δ
2347 1898 2401 1949 ιά
2437 1905 2537 1949 τῶν
2577 1896 2743 1970 λόγων
2783 1894 3184 1973 φαιδρύνεσθαι,
3224 1900 3358 1951 ἔστω
3385 1898 3411 1949 ὁ
3448 1897 3595 1969 λόγος
3621 1897 3763 1969 ὑμῶν

2154 1988 2380 2062 χάριτος
2408 1990 2577 2060 γέμων
2609 1996 2985 2061 πνευματικῆς,
3025 1992 3115 2040 καὶ
3146 1996 3218 2059 τῷ
3259 1985 3576 2060 εύαγγελικῷ
3608 1985 3762 2038 ἅλατι

2155 2075 2451 2150 ἠρτυμένος,
2483 2076 2565 2127 ἶνα
2602 2084 2693 2137 τῆς
2750 2072 2953 2128 ἔνδοθεν
2985 2076 3101 2147 (20)
3144 2085 3307 2149 σοφῆς
3337 2075 3635 2149 οἰκονομίας
3672 2078 3760 2159 την

2153 2160 2294 2217 εύωδ
2299 2167 2378 2217 ίαν
2408 2162 2736 2240 ἐπιφέρηται,
2756 2169 2847 2217 καὶ
2872 2161 3073 2229 διπλῶς
3094 2164 3339 2241 εὐφραίνῃ
3366 2168 3454 2218 τόν
3476 2162 3759 2238 ἀκροατὴν,

2153 2262 2216 2328 τῇ
2251 2274 2304 2307 τε
2332 2252 2501 2308 ἀνέσει
2526 2262 2587 2329 τῇ
2621 2274 2677 2308 τε
2715 2262 2810 2317 τῆς
2850 2257 3099 2317 συνέσεως
3137 2256 3345 2331 χάριτι.

2688 2439 3082 2492 ΚΕΦΑΛΑΙΟΝ
3122 2433 3219 2492 ΙΓ’.

2154 2527 2280 2602 Περὶ
2304 2527 2613 2601 πραότητος,
2632 2530 2722 2579 καὶ
2749 2530 2867 2578 τίνα
2880 2529 3069 2603 τρόπον
3092 2524 3271 2598 ἀγάπη
3303 2527 3616 2578 συνίσταται
3631 2521 3757 2595 (21).

2225 2690 2529 2761 Πραότητος
2592 2684 2679 2741 δεῖ
2741 2690 2820 2742 ὅτι
2893 2688 3126 2761 μάλιστα
3204 2684 3417 2761 ἔμπλεον
3490 2681 3619 2739 εἶναι
3677 2687 3764 2736 τόν

2154 2775 2392 2836 eum»
2423 2799 2436 2812 -
2496 2773 2675 2837 ἐπειδὴ
2723 2785 2816 2830 τοῦ
2868 2781 3153 2852 πνεύματος
3211 2785 3307 2840 τῆς
3377 2779 3670 2852 πραότητος
3729 2772 3758 2832 ἦ

2153 2871 2502 2940 μετέσχηκεν,
2552 2868 2581 2926 ἦ
2623 2876 2912 2941 μετασχεῖν
2943 2866 3158 2941 ἐφίεται.
3205 2872 3309 2921 Καὶ
3363 2869 3619 2942 προσήκει
3675 2865 3762 2914 τόν

2154 2959 2343 3010 τούτου
2399 2957 2640 3022 ξενιστην
2698 2966 2772 3030 τῷ
2827 2957 3132 3031 ξενιζομένῳ
3181 2959 3561 3031 προσεοικέναι.
3596 2954 3656 3005 Εἰ
3705 2946 3765 3003 δέ

2155 3067 2257 3101 που
2313 3052 2405 3102 καὶ
2451 3046 2855 3120 ἀγανακτήσεως
2911 3045 3023 3101 δέοι
3082 3049 3219 3099 κατά
3260 3053 3354 3099 τοῦ
3408 3045 3764 3119 ῥᾳθυμοῦντος

2156 3137 2241 3210 ὑφ’
2281 3140 2408 3210 ἡμῖν
2467 3134 2677 3197 δηλαδὴ
2718 3141 3051 3209 τεταγμένου,
3105 3138 3239 3189 ἔστω
3285 3134 3526 3206 λογισμῷ
3580 3135 3763 3204 κέκρα-

2155 3230 2281 3299 μένη
2314 3229 2345 3284 ἡ
2405 3224 2779 3297 ἀγανάκτησις.
2823 3229 2924 3278 Καὶ
2978 3228 3079 3300 γάρ
3114 3224 3299 3297 ξίφεσι
3337 3227 3627 3297 κέχρηνται
3673 3221 3764 3291 μὲν

2155 3319 2247 3367 καὶ
2295 3311 2628 3390 ἀνδροφόνοι,
2693 3318 2987 3389 κέχρηνται
3045 3310 3105 3367 δε
3164 3318 3256 3366 καὶ
3316 3312 3500 3386 ἰατρῶν
3552 3305 3763 3370 παῖδες.

2161 3402 2295 3456 Ἀλλ’
2322 3404 2370 3456 οἱ
2399 3407 2510 3477 μεν,
2545 3402 2724 3463 ἐπειδὴ
2773 3403 2901 3480 ὀργῇ
2935 3407 3027 3456 καὶ
3065 3404 3301 3475 ὠμότητι
3342 3404 3402 3454 τό
3448 3400 3588 3473 ξίφος
3647 3394 3767 3451 δια-

2159 3492 2507 3567 χειρίξονται,
2572 3495 2641 3545 τόι
2706 3494 2913 3545 πάντων
2990 3489 3304 3544 ἀτοπώτατα
3366 3485 3576 3563 δρῶσι,
3646 3488 3768 3547 τοὺς

2160 3588 2417 3656 ὁμογενεῖς
2476 3578 2872 3658 διαχρώμενοι·
2921 3583 2971 3634 οἱ
3004 3577 3085 3647 δι,
3126 3576 3309 3639 ἔπειδή
3359 3576 3596 3651 λογισμῷ
3642 3578 3770 3650 πρός

2159 3680 2254 3735 τὴν
2303 3670 2398 3727 διὰ
2450 3675 2629 3745 ξίφους
2665 3673 2779 3742 (22)
2809 3671 3066 3747 ἐνέργειαν
3120 3668 3476 3743 ἀφικνοῦνται,
3509 3668 3577 3719 τὰ
3626 3669 3771 3740 μέγι-

2162 3784 2261 3818 στα
2334 3763 2560 3817 ἐντεῦθεν
2650 3760 2907 3835 ὠφελοῦσι
2938 3776 2954 3792 ’
3032 3763 3154 3822 τοὺς
3208 3761 3307 3834 γὰρ
3374 3752 3772 3817 κινδυνεύοντας

2159 3854 2574 3930 περισὼζουσιν.
2632 3851 2785 3905 Οὕτω
2838 3853 2931 3903 καὶ
2986 3850 3012 3901 ὀ
3064 3852 3157 3901 σὺν
3208 3848 3345 3920 λόγῳ
3403 3842 3767 3919 διαγανακτεῖν

2161 3942 2393 4017 έγνωκὼς
2451 3946 2620 4000 ὤνησε
2682 3942 2751 3993 τὰ
2813 3939 2925 4012 (23)
2991 3937 3194 4011 μεγάλα
3258 3944 3464 4003 τοῦτον,
3531 3934 3651 3989 καθ’
3710 3940 3770 3987 οῦ

2162 4032 2449 4091 έποιήσατο
2508 4034 2603 4090 τὴν
2670 4027 3049 4102 ἀγανάκτησιν,
3116 4027 3381 4104 ῥᾳθυμίαν
3428 4026 3458 4086 ἦ
3520 4028 3771 4099 πονηρίαν

2162 4120 2639 4195 ἐπανορθούμενος·
2696 4119 2725 4171 ό
2786 4114 2847 4171 δι
2916 4115 3081 4191 ὀργῆς
3152 4117 3311 4170 πάθει
3393 4117 3773 4191 κεκρατημένος

2162 4206 2315 4265 οὐδὲν
2362 4211 2503 4283 ύγιὶς
2555 4206 2924 4283 ἀπεργάζεται.
2975 4204 3097 4260 Ὀτι
3151 4202 3210 4259 δὲ
3256 4210 3349 4258 καὶ
3400 4211 3507 4265 τοῖς
3543 4207 3773 4277 πραότη-

2164 4320 2248 4362 τος
2307 4302 2416 4371 (24)
2474 4297 2894 4372 ἐπιμελουμένοις
2944 4300 3129 4371 πρέπει
3182 4297 3214 4355 ἠ
3279 4298 3518 4371 εὔκαιρος
3579 4290 3771 4363 ἀγανά-

2166 4408 2369 4458 κτησις,
2399 4385 2559 4448 δῆλον
2601 4386 2847 4461 έντεῇθεν.
2900 4391 3004 4440 Καὶ
3050 4388 3153 4461 γὰρ
3184 4392 3438 4456 Μωῡσῆς,
3479 4385 3773 4456 πραότατος

2166 4483 2372 4534 πάντων
2420 4454 2729 4553 ἀνθρώπωνν
2755 4477 3129 4553 μαρτυρηθεὴ,
3184 4481 3276 4527 τοῦ
3333 4479 3519 4550 καιροῦ
3548 4470 3772 4524 καλοῦν-

2088 4544 2133 4599 D
2166 4589 2272 4636 τος,
2304 4544 2720 4642 διηγανάκτησε,
2770 4544 2862 4621 καὶ
2911 4566 2980 4628 εἰς
3024 4571 3269 4619 τοσοῦτον
3315 4562 3518 4639 προῦϐη
3551 4567 3663 4627 (25)
3692 4580 3773 4614 κι-

2163 4665 2384 4727 νήσεως,
2435 4660 2567 4722 ᾧστε
2620 4662 2758 4733 φόνῳ
2788 4664 2888 4710 τῶν
2941 4653 3211 4729 ὁμοφύλων
3263 4655 3445 4729 ὁρίσαι
3494 4655 3588 4711 τὴν
3643 4648 3772 4722 ἀγα-

2160 4752 2412 4810 νάκτησιν
2436 4769 2451 4784 ο
2510 4755 2663 4803 τοῦτο
2700 4750 2812 4822 μεν,
2862 4747 3022 4805 ἡνίκα
3070 4747 3157 4798 τὸν
3208 4747 3420 4818 μόσχον
3462 4741 3768 4806 έτέκταινον,

2160 4859 2317 4896 τουτο
2386 4835 2467 4910 δι,
2525 4838 2681 4893 ὁπότε
2747 4844 2822 4910 τῷ
2884 4834 3170 4910 Βεελφεγὼρ
3220 4831 3565 4908 ἐμιάνθησαν.
3608 4830 3773 4886 Ὢστε

2162 5138 2194 5199 ἣ
2223 5139 2570 5212 μετέσχηκεν.
2606 5134 2775 5212 Alius
2796 5148 2912 5212 ms.
2940 5135 3004 5212 et
3031 5130 3173 5189 editi
3194 5134 3468 5206 μετέσχεν.

2237 5202 2591 5288 (ἓὲὶέοαθι
2615 5202 3115 5288 δ⁰ὡ’.δ⁸ἀξῗτῶἓ”
3195 5202 3205 5206 ⁷
3499 5274 3523 5288 .
3733 5273 3744 5288 ,

2237 5274 2355 5360 (ἓξ)
2386 5281 2923 5360 _V_eteres_quatuor
2949 5274 3257 5360 lib‘ri‘eum
3280 5277 3460 5360 yoss.
3485 5274 3653 5360 ὤνησε
3679 5274 3765 5327 τά.

2164 5347 2319 5409 Editi
2338 5347 2593 5410 itﬁévnﬂ.
2627 5347 2759 5407 Μδι
2787 5349 2977 5405 codex
3005 5347 3171 5404 Colb.
3203 5348 3320 5401 καθ’
3345 5347 3405 5398 οὗ
3432 5353 3677 5401 ποιεῖται.

2235 5426 2347 5495 (24)
2379 5426 2542 5480 Unus
2593 5438 2708 5479 ms.
2741 5425 2802 5478 et
2845 5420 2991 5477 editi
3036 5425 3128 5472 καὶ
3178 5429 3269 5481 τῆς
3304 5421 3621 5492 πραότητος.
3656 5415 3773 5473 Alii

2164 5500 2287 5553 tres
2314 5500 2407 5548 καὶ
2436 5502 2541 5568 τοῖς
2568 5513 2659 5568 πρ.

2236 5569 2356 5641 (25)
2387 5560 2782 5641 Editinpos'gp.
2809 5567 2881 5621 At
2908 5579 3058 5621 mss.
3094 5567 3359 5639 quatuor
3384 5560 3613 5638 προῦϐη.
3649 5561 3773 5618 Sta-

2164 5637 2272 5703 tim
2312 5637 2503 5704 codex
2530 5637 2694 5696 Colb.
2727 5637 3038 5694 έτέκταιναν.
