4120 6448
260 336 395 391 I377
1396 311 1987 372 CONSTITUTlONES
2033 312 2482 371 MONASTICIE.
3489 325 3596 379 137
3605 323 3637 378 8

257 460 348 520 ἔνι,
393 458 485 508 καὶ
516 446 695 526 ¹πρόὶον
744 451 883 518 ὄντα,
921 447 1016 499 σὺν
1065 442 1200 516 λόγῳ
1241 439 1729 516 διαθερμαίνεσθαι,
1769 440 1860 489 καὶ

2009 435 2172 504 aede;
2212 435 2448 509 hocque
2478 441 2630 503 tum.
2661 454 2799 495 cum
2852 441 3219 501 conﬂassent
3248 444 3509 502 vitulum
3536 447 3587 482 '9
3618 467 3633 507 :

256 549 316 599 τό
352 553 450 608 τῆς
502 524 800 616 πραότητος
839 540 911 608 μὴ
954 531 1275 607 διαφθείρειν
1313 530 1488 586 καλόν.
1529 532 1599 582 Τό
1650 524 1710 616 δε
1747 525 1861 578 ἀκί-

2009 540 2101 580 um
2122 524 2324 594 etiam,
2353 542 2493 581 cum
2524 543 2585 582 se
2615 543 2720 599 per
2743 528 3105 602 Beelphegor
3132 532 3632 606 inquinassent“.

257 654 411 693 νητον
466 615 650 706 μένειν,
682 630 713 688 ἣ
763 627 980 685 δεόντως
1018 627 1091 698 μὴ
1132 621 1438 694 ἀγανακτεῖν
1476 618 1614 706 (26),
1674 615 1863 689 ἀργίας

2009 622 2172 680 Quare
2194 619 2391 687 potest
2410 616 2589 672 etiam
2620 623 2974 674 mansuetus
3003 635 3141 676 cum
3167 622 3398 679 ratione
3414 639 3637 680 excan—

267 732 366 787 τῆς
404 703 627 797 φύσεως,
665 718 724 771 οὐ
770 719 1069 790 πραότητος
1116 711 1179 764 ἆν
1224 715 1331 770 εἴη.
1368 717 1443 782 Τῇ
1501 705 1560 761 δι
1604 709 1867 780 πραότητι

2009 719 2241 775 .escere,
2310 719 2424 760 nec
2478 708 2685 761 tamen
2742 709 3222 765 mansuetudinis
3284 711 3637 783 dignitatem

261 795 454 887 πέφυκε
513 829 624 872 πως
687 811 778 859 καὶ
832 808 892 857 τό
959 802 1257 865 ἀνεξίκακον
1312 800 1549 853 ἕπεσθαι.
1622 799 1866 870 Πραότης

2011 798 2539 866 orrumpere.Nam
2560 795 2729 851 nullo
2741 796 2925 853 modo
2946 801 3337 868 commoveri,
3370 806 3473 858 aut
3494 807 3643 858 tem-

260 883 363 976 γὰρ
411 899 739 963 ἀνεξικακίας
793 900 997 969 μήτηρ.
1038 888 1207 944 Οὐδεν
1265 886 1325 942 δε
1372 889 1524 947 ἧττον
1578 894 1686 946 τοῖς
1736 886 1869 976 κοιτᾲ

2009 883 2205 939 ιθείὶνθ
2226 899 2349 940 non
2371 884 3001 955 indignari,lentitudo
3032 886 3207 957 fuerit
3233 894 3482 964 natum,
3517 908 3641 950 non

264 972 507 1049 όιληθειαν
527 991 767 1063 πραίσιν,
800 983 928 1036 ἀλλὰ
948 985 1020 1056 μὴ
1055 979 1322 1055 βαρύτητι
1348 977 1730 1048 πεπληγμένοις
1752 972 1867 1045 (27)

260 1083 319 1134 τό
341 1076 490 1144 ἦθος,
513 1081 607 1129 καὶ
637 1078 697 1128 τό
734 1075 974 1148 χρηστόν
1001 1073 1376 1144 συγκέκραται.
1420 1068 1730 1139 Χρηστότης
1765 1064 1868 1138 ’γὰρ

263 1168 358 1226 ὕλη
389 1170 697 1242 πραότητος.
728 1168 909 1215 Ταῦτα
945 1156 1027 1229 δὲ,
1071 1162 1462 1233 συγκιρνώμενα
1508 1152 1743 1212 ἀλλήλοις
1781 1170 1872 1203 και

269 1239 620 1329 συντιθέμενα,
654 1256 714 1306 τὸ
743 1252 1024 1326 κράτιστον
1045 1256 1144 1301 τῶν
1165 1246 1357 1322 ἀρετῶν
1386 1250 1482 1305 τὴν
1514 1242 1722 1316 ἀγάπην
1749 1239 1874 1294 ἁπο-

264 1346 413 1399 τελεῖ.

1978 974 2405 1030 mansuetudo.
2437 980 2631 1048 Atque
2683 976 2864 1031 etiam
2918 977 3205 1048 patientia
3236 979 3407 1047 solet,
3438 982 3641 1039 nescio

1979 1063 2313 1137 quomodo;
2344 1063 2649 1120 lenitatem
2682 1066 3115 1138 sequi.Lenitas
3143 1067 3305 1124 enim
3336 1075 3531 1127 mater
3558 1076 3648 1128 est

1981 1152 2308 1225 patientiae.
2341 1155 2634 1210 Caeterum
2665 1154 3061 1211 nihilominus
3118 1156 3180 1213 in
3236 1157 3309 1214 iis
3345 1159 3452 1232 qui
3506 1176 3645 1217 vere

1982 1241 2282 1299 mansueti
2314 1248 2473 1315 sunt,
2508 1259 2619 1300 nec
2666 1244 2893 1302 habent
2941 1261 3142 1302 mores
3191 1248 3507 1306 severitate
3563 1255 3649 1307 at-

1985 1331 2156 1388 tritos
2179 1348 2252 1388 ac
2296 1333 2559 1401 vitiatos,
2586 1336 2877 1407 permista
2920 1340 3009 1392 est
3049 1337 3231 1394 etiam
3279 1338 3643 1410 benignitas-

261 1432 495 1493 Etenim
518 1428 1005 1491 mansuetudinis
1032 1425 1284 1484 materia
1309 1422 1653 1495 benignitas
1702 1424 1811 1478 est.
1846 1422 1979 1478 Hinc
2008 1423 2217 1481 autem
2240 1423 2396 1479 inter
2424 1438 2487 1480 se
2518 1424 2808 1497 permista
2861 1439 2932 1482 ac
2959 1426 3301 1500 conjuncta,
3332 1432 3632 1501 praestan-

263 1523 563 1583 tiasimam
589 1521 878 1578 virtutum
906 1517 1264 1574 charitatem
1282 1513 1573 1571 efﬁciunt.

806 1629 1198 1679 ΚΕΦΑΛΑῙΟΝ
1246 1619 1342 1677 ΙΔ’.

831 1720 958 1788 Περὶ
989 1717 1305 1789 φρονήσεως.

2611 1623 2841 1679 CAPUT
2880 1622 3017 1680 XIV.

2564 1712 2652 1768 De
2712 1712 3066 1783 prudentia.

341 1812 554 1863 Πάντων
618 1809 796 1881 μέντοι
848 1812 948 1857 τῶν
1009 1806 1375 1880 πραττομένων
1435 1805 1686 1874 φρόνησιν
1737 1800 1876 1870 ἠγεῖ-

2060 1797 2352 1856 Οωῑθτιιω
2381 1802 2441 1856 in
2485 1801 2773 1858 omnibus
2816 1818 2953 1875 quae
3005 1802 3418 1876 suscipiuntur
3466 1806 3650 1863 rebus

272 1900 399 1953 σθαι
452 1902 726 1971 προσήκει.
768 1898 1072 1970 ⁴φρονήσεως
1107 1895 1210 1967 γὰρ
1271 1887 1411 1964 δίχα
1447 1895 1547 1944 πᾶν
1596 1890 1623 1942 ὅ
1656 1908 1729 1959 τι,
1783 1885 1879 1940 κᾶν

270 1988 428 2042 καλόν
457 1983 586 2041 εἶναι
626 1982 782 2059 δοκῇ,
836 1984 908 2047 εἰς
958 1987 1146 2036 κακίαν
1188 1978 1280 2035 διὰ
1335 1990 1431 2044 τῆς
1488 1979 1732 2055 ἀκαιρίας
1787 1981 1879 2030 καὶ

270 2088 368 2142 τῆς
425 2075 668 2152 ἀμετρίας
727 2077 1001 2148 μετέπεσε.
1078 2075 1251 2144 Λόγου
1310 2066 1370 2124 δὲ
1433 2072 1524 2122 καὶ
1586 2072 1881 2143 φρονήσεως

270 2175 377 2230 τοῖς
433 2166 647 2240 ἀγαθοῖς
701 2168 790 2218 τόν
858 2166 1039 2240 καιρόν
1084 2166 1175 2214 καὶ
1224 2164 1283 2215 τό
1349 2164 1534 2235 μέτρον
1596 2159 1880 2232 ὁρίζοντος,

276 2256 578 2331 θαυμαστόν
616 2274 671 2308 τι
706 2255 766 2306 τό
808 2260 907 2314 τῆς
943 2255 1193 2324 χρήσεως
1242 2249 1410 2302 αὐτῶν
1457 2245 1644 2326 κέρδος
1682 2254 1792 2310 τοῖς
1829 2264 1884 2299 τε

276 2343 499 2401 διδοῦσι
524 2346 616 2397 καὶ
652 2349 762 2406 τοῖς
780 2340 1109 2415 λαμϐάνουσι
1145 2342 1364 2411 γίνεται.

817 2522 1207 2573 ΚΕΦΑΛΑΙΟΝ
1257 2514 1357 2574 ΙΕ’.

708 2611 835 2684 Περὶ
862 2613 1084 2668 πίστεως
1113 2611 1204 2659 καὶ
1226 2601 1456 2667 ἐλπίδος.

354 2701 567 2754 Πάντων
618 2701 795 2772 μέντοι
875 2705 975 2750 τῶν
1040 2694 1436 2769 ἐγχειρημάτων
1500 2693 1729 2766 ἡγείσθω
1804 2694 1888 2745 πί-

283 2809 400 2852 στις
445 2790 476 2848 ἠ
519 2789 587 2850 εἰς
639 2790 790 2855 Θεὸν,
829 2791 919 2839 καὶ
960 2786 1259 2838 συνεπέσθω
1315 2787 1375 2837 τό
1429 2782 1620 2851 εὔελπι,
1690 2783 1774 2834 ἵνα
1820 2788 1884 2854 τῇ

280 2882 373 2954 μεν
408 2883 584 2933 πίστει
642 2879 758 2949 (28)
815 2873 1038 2948 δύναμιν
1088 2881 1186 2937 τῆς
1222 2872 1409 2946 ψυχῆς
1442 2868 1782 2948 ἐρειδὼμεθα,
1822 2877 1884 2943 τῇ

284 2966 345 3023 δέ
374 2966 674 3039 εὐελπιστίᾳ
712 2967 841 3041 πρός
886 2967 955 3018 τὰ
989 2963 1125 3016 καλὰ
1152 2963 1560 3037 προθυμὼμεθα.
1595 2958 1738 3014 Οὐδὲ
1785 2962 1888 3033 γὰρ

283 3058 315 3116 ἠ
357 3060 476 3131 περὶ
522 3056 589 3107 τὰ
636 3053 769 3107 καλὰ
819 3060 921 3107 τῶν
953 3051 1233 3126 ἀνθρώπων
1264 3050 1573 3125 ἐγχείρησις
1624 3047 1764 3123 δίχα
1802 3059 1893 3110 τῆς

1989 1890 2342 1946 antecedere
2365 1891 2683 1962 prudentia
2710 1891 2909 1949 debet.
2927 1896 3075 1950 Nam
3097 1893 3244 1950 citra
3264 1894 3651 1967 prudentiam

1988 1981 2195 2036 omnia
2219 1981 2400 2037 etiam
2427 1997 2563 2055 quas
2591 1981 2872 2039 videntur
2887 1998 3016 2038 esse
3035 1982 3305 2048 bona,ob
3331 1984 3652 2044 adversum

1989 2073 2231 2143 tempus
2281 2075 2338 2127 et
2383 2071 2463 2127 ob
2516 2070 3083 2129 immoderationem
3122 2079 3437 2130 vertuntur
3478 2075 3539 2131 in
3569 2075 3653 2130 vi-

1988 2158 2169 2228 tium;
2210 2159 2313 2215 sed
2342 2160 2390 2216 si
2419 2161 2573 2216 ratio
2607 2166 2663 2217 et
2685 2162 3003 2234 prudentia
3036 2168 3274 2236 tempus
3298 2179 3367 2219 ac
3398 2164 3652 2221 modum

1988 2248 2170 2305 rebus
2200 2249 2375 2306 bonis
2405 2251 3054 2322 prrescribat,mirabile
3084 2252 3397 2326 quoddam
3427 2254 3653 2311 emolu-

1991 2343 2265 2394 mentum
2296 2355 2369 2394 ex
2395 2339 2668 2412 ipsarum
2706 2357 2825 2396 usu
2845 2346 2972 2397 tum
3008 2358 3044 2399 a
3079 2341 3390 2410 dantibus,
3418 2347 3547 2399 tum
3574 2343 3653 2400 ab

1992 2425 2427 2499 accipientibus
2456 2427 2800 2501 percipitur.

2637 2518 2862 2574 CAPUT
2904 2520 3010 2575 XV.

2565 2608 2650 2664 De
2697 2608 2818 2677 ﬁde
2860 2613 2916 2664 et
2966 2623 3088 2678 spe.

2067 2693 2245 2767 Atqui
2293 2710 2388 2749 res
2438 2710 2651 2752 omnes
2700 2712 2857 2770 quas
2916 2696 3325 2768 aggredimur,
3361 2699 3663 2772 precedat

1997 2781 2147 2838 ﬁdes
2170 2782 2230 2837 in
2252 2784 2457 2853 Deum,
2490 2785 2932 2858 comiteturque
2972 2801 3110 2858 spes
3132 2784 3319 2853 bona,
3344 2791 3409 2842 ut
3437 2787 3659 2843 animas

1998 2871 2245 2945 quidem
2265 2872 2419 2928 vires
2447 2873 2765 2929 fulciamus
2788 2889 2893 2946 per
2914 2874 3120 2941 ﬁdem,
3136 2877 3243 2947 per
3265 2875 3491 2933 bonam
3515 2893 3660 2933 vero

2001 2977 2173 3034 spem
2195 2961 2525 3017 reddamur
2544 2962 2623 3018 ad
2642 2962 2807 3019 bona
2833 2963 3295 3038 aiacres.Neque
3321 2966 3482 3022 enim
3504 2966 3664 3023 ullus

1998 3051 2319 3108 hominum
2343 3052 2405 3108 in
2431 3052 2615 3109 rebus
2633 3053 2811 3109 bonis
2851 3059 3103 3111 conatus
3134 3055 3371 3128 absque
3400 3071 3664 3130 superna

283 3147 475 3199 ἄνωθεν
516 3142 765 3219 βοηθείας
810 3142 1210 3201 τελειωθήσεται
1240 3155 1257 3172 ⁸
1299 3137 1423 3194 οὐδε
1469 3142 1499 3199 ἠ
1550 3141 1742 3193 ἄνωθεν
1781 3141 1889 3212 χά-

2009 3156 2117 3214 ope
2147 3141 2292 3197 ﬂet:
2333 3156 2530 3214 neque
2576 3158 2899 3200 accessura
2948 3159 3221 3216 unquam
3272 3149 3365 3201 est
3400 3161 3665 3218 superna

282 3256 367 3312 ρις
406 3233 489 3287 ἐπὶ
545 3237 632 3287 τόν
689 3238 762 3307 μὴ
820 3230 1191 3293 σπουδάζοντα
1245 3229 1573 3306 παραγίνοιτ’
1624 3230 1686 3283 ἄν
1720 3245 1733 3259 ⁶
1787 3225 1896 3281 ἀλλ’

285 3325 503 3400 ἑκάτερα
555 3324 949 3397 συγκεκρᾶσθαι
985 3326 1263 3395 προσήκει,
1298 3317 1540 3379 σπουδήν
1587 3339 1643 3372 τε
1692 3318 1891 3394 ἀνθρω-

290 3418 443 3471 πίνην
493 3412 584 3464 καί
627 3416 723 3470 τὴν
777 3408 870 3464 διὰ
906 3418 999 3471 τῆς
1046 3414 1275 3471 πίστεως
1327 3411 1519 3462 ἄνωθεν
1556 3410 1894 3468 καθήκουσαν

294 3504 609 3576 συμμαχίαν
647 3500 718 3563 εἰς
749 3499 1011 3553 τελείωσιν
1038 3497 1300 3551 τελείωσιν
1332 3497 1537 3572 ἀρετῆς.

828 3611 1223 3661 ΚΕΦΑΛΑΙΟΝ
1261 3603 1357 3670 lg".

773 3700 899 3770 Περὶ
921 3696 1414 3769 ταπεινοφροσύνης.

362 3789 481 3842 Ἐπὶ
527 3793 662 3841 πᾶσι
722 3791 896 3861 μέντοι
943 3792 1052 3849 τοῖς
1106 3787 1233 3859 παρ’
1270 3786 1417 3858 ἡμῶν
1470 3785 1900 3860 κατορθουμένοις

288 3881 320 3940 ἡ
361 3878 517 3953 ψυχὴ
545 3884 638 3940 τῆς
667 3879 1042 3954 κατορθώσεως
1083 3877 1179 3938 τὰς
1215 3875 1390 3937 αἰτίας
1447 3873 1532 3928 ἐπὶ
1577 3878 1666 3928 τόν
1696 3878 1897 3929 Δεσπό-

287 3988 383 4027 την
450 3967 760 4044 ἀναφερίτω,
826 3962 993 4041 μηδὲν
1047 3965 1174 4028 ὅλως
1229 3966 1516 4040 κατορθοῦν
1581 3961 1635 4028 ἐξ
1707 3964 1901 4029 οἰκείας

285 4038 905 4132 λογιζομέννηηδυνάμεως
942 4057 1073 4128 (29).
1120 4054 1180 4108 Ἡ
1227 4056 1330 4130 γὰρ
1360 4038 1598 4115 ἡτοιαύτη
1655 4051 1899 4119 διάθεσις

287 4153 383 4208 τὴν
421 4148 896 4219 ταπεινοφροσύνην
960 4147 1086 4218 ἡμῖν
1145 4144 1377 4217 ἐμποιεῖν
1431 4149 1647 4216 πέφυκε.
1700 4153 1899 4200 Ταπει-

285 4239 575 4313 νοφροσύνη
645 4229 705 4287 δι
761 4232 1249 4306 θησαυροφυλάκιον
1305 4232 1519 4307 ἀρετῶν.
1571 4237 1752 4288 Ταῦτά
1816 4255 1901 4288 σοι

290 4327 413 4404 παρ’
467 4328 635 4399 ἡμῶν,
704 4324 772 4385 ὡς
824 4323 886 4374 ἄν
950 4341 1026 4382 τις
1089 4323 1246 4388 εἴποι,
1307 4326 1584 4396 σπέρματα
1629 4331 1730 4375 τῶν
1783 4344 1904 4397 περὶ

294 4416 477 4492 ἀρετ-ῆς
522 4413 689 4485 λόγων
724 4429 737 4442 ’
784 4415 848 4464 σὺ
890 4406 972 4481 δε,
996 4408 1166 4462 λαϐὼν
1196 4407 1442 4477 ἐντεῦθεν,
1482 4409 1751 4483 πολύχουν
1774 4414 1899 4486 ἡμῖν

2002 3231 2196 3302 gratia
2222 3230 2300 3287 ad
2337 3230 2513 3304 559
2537 3231 2848 3287 hominem
2882 3247 3008 3288 non
3038 3232 3419 3303 studiosum;
3452 3234 3555 3290 sed
3584 3235 3664 3292 ad

2002 3320 2337 3393 perfectum
2366 3321 2598 3377 virtutis
2629 3321 2941 3377 cumulum
2963 3323 3289 3393 conjuncta
3322 3324 3503 3380 simul
3531 3340 3665 3381 esse

2002 3409 2260 3478 utraque
2298 3406 2427 3462 haec
2475 3412 2732 3479 oportet,
2787 3411 2844 3463 et
2900 3407 3221 3464 hunanum
3264 3409 3555 3480 studium,
3610 3412 3670 3467 et

2004 3495 2241 3553 caeleste
2261 3496 2552 3553 auxilium
2573 3513 2681 3571 per
2706 3495 2893 3553 ﬁdem
2919 3514 2949 3554 e
2978 3499 3254 3571 supernis
3281 3501 3661 3558 accersitum.

2638 3606 2722 3661 CA
2738 3606 2864 3662 PUT
2903 3604 3034 3661 XVI.

2580 3696 2662 3751 De
2737 3695 3098 3751 humilitate.

2078 3779 2256 3854 Atqui
2276 3781 2336 3836 in
2353 3781 2640 3838 omnibus
2656 3799 2793 3856 quae
2817 3788 2973 3840 recte
2998 3800 3035 3840 a
3049 3782 3227 3839 nobis
3250 3783 3671 3855 ﬁunt,animus

2008 3887 2232 3928 causas
2256 3876 2431 3927 recta:
2453 3872 2705 3928 actionis
2724 3872 2945 3930 referat
2970 3873 3224 3929 Domino
3253 3880 3559 3948 acceptas,
3581 3879 3672 3934 ni-

2007 3961 2093 4018 hil
2111 3962 2360 4019 omnino
2391 3963 2516 4018 suis
2535 3978 2598 4019 se
2628 3962 2857 4019 viribus
2877 3969 3034 4021 recte
3055 3964 3251 4021 facere
3282 3971 3469 4022 ratus.
3503 3968 3672 4038 Ejus-

2008 4052 2179 4110 modi
2219 4052 2379 4109 enim
2403 4052 2654 4109 affectus
2684 4051 2836 4110 solet
2861 4054 3263 4112 humilitatem
3292 4054 3353 4111 in
3375 4055 3553 4112 nobis
3586 4057 3674 4114 in-

2010 4157 2319 4214 generare.
2348 4143 2643 4200 Virtutum
2664 4148 2868 4200 autem
2908 4144 3190 4202 aerarium
3219 4144 3530 4205 humilitas
3563 4152 3657 4205 est

2011 4235 2145 4289 Haec
2166 4232 2290 4300 tibi,
2315 4235 2379 4288 ut
2418 4231 2501 4289 ita
2530 4232 2754 4301 dicam,
2794 4248 2830 4289 a
2875 4233 3053 4290 nobis
3092 4240 3519 4308 proponuntur
3564 4253 3677 4294 ceu

2009 4323 2295 4395 quaedam
2330 4338 2682 4379 sermonum
2710 4322 2788 4379 ad
2836 4323 3113 4380 virtutem
3145 4325 3548 4397 spectantium
3590 4342 3677 4383 se-

2015 4411 2177 4467 mina
2208 4428 2222 4466 :
2264 4414 2329 4466 tu
2358 4425 2499 4466 vero
2526 4412 2617 4466 his
2663 4411 2805 4467 hinc
2825 4413 3109 4485 acceptis,
3130 4411 3529 4486 multiplicem
3561 4431 3674 4472 no-

295 4489 517 4582 ἲργασαι
537 4507 624 4556 τόν
653 4505 873 4577 καρπόν,
894 4505 985 4553 καὶ
1023 4498 1224 4572 πλήρου
1254 4502 1341 4551 τόν
1371 4507 1468 4561 τῆς
1506 4505 1689 4572 Σοφίας
1724 4500 1889 4574 λόγον,

2009 4499 2103 4555 bis
2130 4499 2391 4555 fructum
2414 4499 2635 4571 proter,
2653 4504 2709 4555 et
2733 4499 2906 4572 exple
2933 4501 3045 4556 hoc
3068 4501 3386 4573 Sapientiae
3417 4501 3669 4569 dictum,

295 4597 383 4647 τόν
415 4590 450 4646 δ
456 4589 511 4645 ιδ
515 4596 627 4644 όιαι
652 4591 923 4645 κελεύοντα
976 4596 1083 4652 τοῖς
1116 4594 1295 4662 σοφοῖς
1333 4585 1591 4664 ἀφορμὰς,
1623 4589 1705 4643 ἵνα
1733 4595 1900 4665 σοφώ.

293 4702 435 4759 τεροι
461 4685 728 4756 γένωνται.

826 4772 1219 4826 ΚΕΦΛΛΑῙΟΝ
1262 4767 1364 4825 ΙΖ’.

298 4866 446 4919 Κατὰ
492 4866 690 4925 πόσους
743 4865 967 4936 τρόπους
1024 4861 1073 4912 οἰ
1119 4863 1339 4933 πονηροὶ
1376 4858 1625 4931 λογισμοὶ
1664 4856 1712 4911 ἐν
1739 4856 1894 4932 ψυχῇ

919 4936 1281 4988 συνίστανται,

372 5028 427 5081 l.
477 5018 687 5081 Ἐπειδὴ
722 5018 781 5075 δὴ
812 5023 1098 5096 φθάσαντες
1147 5020 1262 5088 (30)
1292 5020 1382 5094 μὲν
1421 5015 1529 5078 ἤδη
1558 5021 1625 5072 τὰ
1654 5024 1773 5097 περὶ
1797 5027 1898 5073 τῶν

370 5179 417 5216 ³ο
447 5173 633 5233 Exod.
657 5188 837 5240 xxxii,
865 5175 957 5228 27.
1034 5172 1083 5208 ‘0
1103 5174 1278 5229 Num.
1308 5186 1443 5241 xxv,
1471 5175 1529 5229 5.

372 5357 677 5428 (26;,Unus
706 5368 822 5428 ms.
874 5365 1013 5406 cum
1033 5349 1209 5428 V9887.
1250 5354 1415 5428 μένειν
1446 5350 1537 5428 ὅτε
1556 5346 1672 5403 δέον
1702 5348 1895 5422 ἀγανα-

303 5420 719 5485 κτεῖν.’11)ἱάθιῐι
748 5424 874 5480 duo
901 5438 1046 5479 mss.
1072 5420 1233 5549 egw
1250 5420 1480 5495 φύσεως.
1507 5425 1647 5491 Reg.
1678 5420 1900 5479 secun-

303 5497 419 5549 dus
441 5498 647 5549 ἆοσνὶας.
680 5495 834 5549 Editi
863 5493 1064 5549 ἀρνίας.
1141 5493 1361 5549 ubinde
1382 5493 1504 5549 duo
1534 5510 1683 5549 mss.
1705 5492 1764 5545 ἂν
1794 5497 1897 5549 εἴη.

303 5497 647 5584 drigenici-7155;.
680 5495 834 5554 Editi
863 5493 1064 5571 ἀρνίας.
1095 5493 1361 5550 Subinde
1382 5493 1504 5550 duo
1534 5510 1683 5550 mss.
1705 5493 1764 5545 ἂν
1794 5497 1897 5552 εἵη.

302 5569 719 5707 Εῆἓξῖῗέἒᾶθι
739 5637 905 5698 Coll).
939 5634 1204 5711 βαρύτητι
1231 5636 1624 5711 πεπειλημίνοις
1651 5636 1806 5709 hic}.

2007 4587 2177 4662 quod
2199 4586 2575 4659 sapientibus
2599 4588 2774 4659 jubet
2797 4589 3140 4645 occasiones
3166 4589 3317 4659 dari,
3348 4594 3413 4645 ut
3435 4589 3675 4662 sapien-

2008 4678 2189 4733 tiores
2216 4675 2365 4733 ﬁant
2386 4677 2455 4733 ⁴¹.

2613 4767 2844 4823 CAPUT
2904 4769 3065 4824 XVII.

2008 4855 2161 4925 Quot
2178 4856 2369 4913 modis
2396 4857 2573 4913 malae
2588 4857 2650 4912 in
2671 4857 2872 4913 animo
2892 4858 3282 4928 cogitationes
3309 4864 3673 4917 nascantur.

2080 5023 2131 5077 1.
2159 5019 2305 5074 Cum
2337 5022 2543 5075 autem
2567 5018 2696 5090 jam
2724 5022 2902 5075 antea
2927 5017 3439 5092 disputaverimus
3470 5019 3545 5077 de
3574 5037 3674 5078 co-

1615 5172 1659 5207 “
1689 5173 1857 5228 Prov.
1885 5185 1967 5240 rx,
2000 5174 2052 5227 9.

2079 5352 2194 5420 (28)
2226 5352 2445 5406 Vocem
2471 5353 2649 5401 πίστει
2674 5348 3024 5420 addidimus
3053 5365 3126 5406 ex
3144 5349 3312 5407 libris
3338 5352 3676 5412 veteribus.

2075 5419 2190 5492 (29)
2216 5421 2418 5479 Codex
2448 5421 2611 5476 Colb.
2639 5419 3238 5493 λογιζομένοὸιανοίαςο

2078 5490 2193 5564 (30)
2228 5495 2459 5566 Veteres
2494 5499 2608 5566 tres
2636 5490 2772 5566 libri
2796 5490 3006 5566 Ἐπειδὴ
3037 5499 3128 5546 καὶ
3161 5495 3478 5566 φθάσαντες.
3508 5498 3680 5555 Haud

2009 5560 2190 5636 longe
2229 5563 2422 5621 codex
2452 5562 2617 5620 Colb.
2642 5563 2701 5616 οὗ
2739 5560 3072 5638 διειλάμεθα.
