4120 6424
477 295 614 352 1379

1849 282 1907 339 S.
1956 277 2204 337 BASlLlI
2247 279 2468 342 MAGNI

3717 286 3858 342 1380

475 413 1090 488 gitationibus,neque
1117 413 1321 466 tamen
1342 412 1489 481 quot
1522 408 1720 464 modis
1749 405 2130 476 cogitationes

2254 401 2520 475 λογισμῶν
2551 402 2892 478 ἐξητάσαμεν,
2925 403 2985 458 ού
3027 401 3329 479 διειλόμεθα
3367 402 3427 459 δε
3480 409 3616 460 κατὰ
3662 411 3860 468 πόσους

474 522 677 579 pravae
704 504 768 558 in
787 507 948 558 recto
965 500 1268 558 intellectu
1288 496 2138 565 exoriantur,distinxerimus,

473 596 536 652 id
565 608 816 668 quoque
854 607 1018 647 nunc
1066 589 1480 661 adjiciendum
1510 604 1640 644 esse
1678 588 2050 651 censuimus,
2079 588 2144 640 ut

472 681 911 758 perfectissima
961 681 1039 735 sit
1085 679 1268 750 hujus
1307 678 1494 750 partis
1542 677 1839 734 tractatio.
1896 673 2142 732 Duobus

471 774 652 846 igitur
682 771 884 828 modis
908 769 1281 825 intellectum
1338 774 1568 824 rectum
1617 767 1906 822 infestant
1935 770 2140 836 turpes

471 861 893 933 cogitationes,
923 874 1062 914 cum
1093 862 1197 913 aut
1223 855 1464 912 animus
1491 871 1565 910 ex
1601 870 1716 910 sua
1767 853 1962 924 ipsius
1985 851 2139 908 osci-

470 952 660 1009 tantia
689 951 750 1005 in
783 965 875 1015 ea,
898 964 1036 1021 quae
1055 962 1179 1003 non
1210 945 1643 1014 decent,vagus
1671 943 1876 1014 fertur,
1908 940 2139 998 incidit-

469 1057 590 1114 que
610 1057 683 1097 οι
701 1035 1238 1110 imaginationibus
1258 1035 1318 1090 in
1335 1033 1636 1090 absurdas
1654 1031 2140 1102 imaginationes,

469 1136 575 1187 aut
623 1146 764 1186 cum
816 1125 1097 1184 diabolus
1158 1124 1445 1180 insidiose
1499 1127 1755 1180 conatur
1805 1121 1994 1178 menti
2043 1137 2140 1177 res

467 1219 704 1292 ineptas
721 1218 1268 1288 objicere,eamque
1291 1230 1326 1270 a
1349 1230 1548 1270 rerum
1571 1212 1972 1268 laudabilium
1999 1227 2139 1267 con-

467 1308 856 1382 templatione
878 1304 1486 1377 considerationeque
1505 1301 2140 1371 avocare.Cum;igitur

469 1395 1070 1457 animus.attentione
1102 1408 1171 1449 ac
1205 1391 1588 1448 contentione
1618 1390 1835 1446 mentis
1860 1390 2136 1453 remissa,

471 1485 683 1541 obvias
713 1498 916 1539 rerum
965 1481 1146 1537 etiam
1191 1479 1532 1549 vulgarium
1568 1479 1893 1535 memorias
1952 1476 2138 1532 semel

469 1572 816 1646 susceperit,
840 1575 984 1626 tunc
1004 1569 1337 1626 intellectus
1368 1569 1580 1625 inscite
1602 1569 2138 1640 imprudenterque

465 1663 526 1718 in
558 1679 661 1719 eas
690 1677 806 1728 res,
858 1677 993 1732 quae
1025 1661 1112 1715 sic
1142 1657 1203 1715 in
1243 1657 1536 1715 memoria
1579 1658 1829 1729 haerent,
1863 1671 2136 1729 praeceps

467 1757 658 1820 actus,
694 1753 754 1807 in
785 1751 992 1823 eisque
1015 1747 1238 1804 diutius
1270 1754 1625 1821 occupatus,
1649 1763 1722 1803 ex
1745 1746 2046 1802 erroribus
2075 1747 2136 1802 in
2169 1769 2217 1830 Β

464 1841 683 1914 longos
714 1857 945 1896 errores
982 1838 1211 1907 transit,
1246 1853 1317 1894 ac
1347 1837 1592 1893 tandem
1627 1851 2045 1910 saepenumero
2074 1835 2136 1891 in

464 1929 855 2003 turpissimas
879 1933 1060 2002 atque
1091 1926 1601 1998 ﬂagitiosissimas
1625 1924 2017 1996 cogitationes
2036 1922 2137 1979 de-

463 2020 714 2078 labitur.
770 2019 1012 2093 Oportet
1047 2023 1248 2074 autem
1282 2017 1587 2088 ejusmodi
1621 2014 1809 2071 animi
1838 2013 2134 2070 incuriam

464 2127 536 2168 ac
565 2109 925 2167 effusionem
957 2107 1235 2164 densiore
1267 2111 1324 2162 et
1355 2107 1684 2162 coarctiore
1706 2104 1924 2161 mentis
1947 2103 2136 2177 appli-

462 2200 697 2257 catione
737 2197 1083 2268 emendare,
1119 2202 1506 2269 mentemque
1538 2196 1846 2262 reducere,
1891 2200 1950 2250 et
1996 2210 2133 2249 eam

461 2290 766 2346 bonorum
787 2286 1294 2360 contemplatione
1327 2286 1405 2342 ad
1425 2285 1697 2360 aliquam
1719 2301 1847 2340 rem
1875 2299 2132 2357 praesen-

465 2385 584 2437 tem
611 2377 836 2452 jugiter
862 2375 1186 2451 appellere.

535 2561 586 2613 2.
612 2557 760 2612 Cum
781 2561 982 2612 autem
1011 2552 1293 2611 diabolus
1323 2551 1597 2610 insidiari
1619 2551 1990 2622 aggreditur,
2031 2567 2130 2606 co-

463 2654 762 2720 naturque
792 2648 1180 2702 vehementer
1228 2644 1565 2700 admodum
1606 2645 1926 2700 suscitatas
1981 2658 2017 2698 a
2069 2657 2132 2696 se

463 2735 856 2809 cogitationes
885 2733 1044 2792 velut
1073 2734 1264 2805 ignita
1295 2733 1581 2806 quaedam
1610 2732 1842 2805 spicula
1868 2732 1929 2788 in
1965 2731 2131 2804 quis-

461 2831 591 2883 tum
624 2843 694 2882 ac
727 2830 1014 2898 pacatum
1044 2824 1320 2879 animum
1351 2826 1716 2896 intorquere,
1744 2837 2006 2894 eumque
2032 2821 2134 2875 de-

459 2921 706 2988 repente
734 2914 1139 2980 incendere,et
1158 2912 1569 2968 immissarum
1589 2910 1772 2967 semel
1794 2910 2131 2983 specierum

461 3005 786 3062 memorias
817 3003 1136 3059 diuturnas
1159 3020 1227 3059 ac
1253 3008 1490 3058 tenaces
1516 3000 1960 3074 efficere,560
1991 3007 2132 3055 tunc

2252 497 2474 564 τρόπους
2527 495 2582 546 αἱ
2646 500 2873 568 πονηραὶ
2933 497 3124 548 ἔννοιαι
3177 503 3288 558 τοῖς
3351 495 3527 571 ὀρθοῖς
3585 496 3859 572 λογισμοῖς

2253 581 2578 655 ἐπιφύονται,
2619 593 2707 636 νῦν
2754 589 3034 638 καὶτοῦτο
3088 587 3395 658 προσθεῖναι
3451 583 3852 662 ἐδικαιώσαμεν,

2251 671 2387 724 ὥστε
2448 669 2592 725 εἶναι.
2624 672 2948 731 τελειοτάτην
3014 678 3109 732 τὴν
3184 683 3276 726 τοῦ
3333 679 3520 749 μέρους
3585 676 3844 740 ἐξέτασιν.

2252 762 2350 812 Δύο
2414 765 2585 813 τοίνυν
2650 767 2856 838 τρόποι,
2919 765 3044 816 καθ’
3088 762 3173 824 οῦς
3238 767 3294 816 αἱ
3360 763 3605 839 ἀπρεπεῖς
3662 769 3855 844 ξννοιαε

2250 849 2639 922 παρενοχλοῦσι
2685 859 2796 912 τοῖς
2854 849 3028 927 ὀρθοῖς
3081 851 3357 926 λογισμοῖς
3391 875 3402 887 ·
3445 855 3476 914 ᾖ
3531 864 3620 916 τῆς
3666 855 3854 929 ψυχῆς

2249 938 2364 990 κατ’
2397 939 2590 992 οἰκείαν
2638 939 2918 1016 ὀλιγωρίαν
2968 947 3088 1014 περὶ
3127 945 3194 995 τά
3241 946 3352 1015 (31)
3397 949 3469 1016 μὴ
3523 951 3854 1018 προσήκοντα

2249 1027 2604 1101 πλανωμένης,
2681 1034 2774 1082 καὶ
2843 1036 3158 1102 φαντασίαις
3205 1030 3260 1084 ἐκ
3325 1043 3620 1105 φαντασιῶν
3674 1034 3853 1107 ἀλογί-

2251 1136 2396 1178 στοις
2435 1116 2882 1191 ἐντυγχανούσης,
2933 1120 2961 1178 ἦ
3017 1121 3131 1172 κατ’
3171 1119 3449 1180 ἐπιϐουλὴν
3479 1131 3572 1175 τοῦ
3601 1121 3851 1178 διαϐόλου

2247 1211 2564 1282 πειρωμένου
2621 1211 2940 1284 πραγμάτων
2996 1207 3216 1272 ἀτοπίας
3271 1211 3568 1284 ὑποφαίνειν
3618 1221 3680 1286 τῇ
3733 1211 3853 1267 δια·

2247 1302 2382 1370 νοίᾳ,
2423 1302 2513 1350 καὶ
2569 1301 2761 1356 ταύτην
2824 1297 3042 1371 ἀπάγειν
3097 1307 3192 1362 τῆς
3245 1309 3344 1352 τῶν
3395 1299 3669 1354 ἐπαινετῶν
3720 1305 3850 1356 θεω-

2247 1391 2366 1460 ρίας
2411 1391 2496 1440 καὶ
2564 1384 2912 1460 διασκέψεως.
2961 1388 3122 1441 *Οταν
3176 1392 3267 1463 μεν
3323 1387 3410 1442 οὖν
3464 1393 3494 1450 ἡ
3543 1391 3723 1464 ψυχὴ,
3789 1396 3849 1446 τὸ

2249 1480 2439 1530 πυκνόν
2501 1482 2591 1530 καὶ
2659 1481 2901 1531 σύντονον
2969 1487 3067 1541 τῆς
3128 1475 3366 1542 διανοίας
3433 1480 3848 1552 ύποχαλάσασα,

2247 1571 2455 1640 μνήμας
2483 1569 2572 1627 τὰς
2617 1570 3034 1642 προστυχούσας
3079 1573 3170 1621 καὶ
3215 1577 3316 1621 τῶν
3359 1573 3628 1641 τυχόντων
3668 1568 3849 1642 ἀναφέ-

2246 1677 2310 1732 ρῃ
2346 1659 2460 1727 (32)
2481 1659 2822 1732 πραγμάτων,
2851 1665 3143 1716 τηνικαῦτα
3189 1659 3214 1711 ὁ
3266 1657 3543 1731 λογισμὸς,
3602 1657 3854 1713 ἀπαιδεύ-

2246 1765 2348 1808 τως
2420 1749 2510 1798 καὶ
2583 1745 3010 1819 ἀνεπιστημόνως
3082 1751 3209 1823 πρὸς
3299 1750 3367 1802 τά
3437 1751 3854 1822 μνημονευθέντα

2246 1845 2346 1890 τῶν
2425 1837 2749 1910 πραγμάτων
2824 1840 3112 1912 φερόμενος,
3180 1839 3386 1898 τούτοις
3440 1857 3494 1890 τε
3547 1837 3631 1892 ἐπί
3679 1838 3851 1893 πλεῖον

2247 1924 2709 2000 ἐνασχολούμενος,
2760 1925 2979 1987 πλάνους
3018 1925 3073 1979 ἐκ
3127 1926 3330 1980 πλάνων
3397 1927 3695 2000 μεταϐαίνει
3741 1930 3851 2002 (33)

2244 2019 2497 2092 μακρούς,
2531 2020 2621 2068 καὶ
2671 2013 2737 2076 εἰς
2789 2015 3157 2089 αἰσχρότητας
3208 2016 3456 2080 πολλάκις
3498 2022 3589 2071 καὶ
3636 2016 3852 2080 ἀτοπίας

2245 2102 2445 2156 ἐννοιῶν
2510 2109 2851 2179 καταστρέφει
2902 2107 2960 2156 τό
3017 2106 3327 2163 τελευταῖον.
3387 2105 3543 2160 Ἀλλά
3605 2111 3699 2167 τὴν
3761 2112 3851 2182 μεν

2242 2198 2488 2253 τοιαύτην
2521 2194 2800 2269 ὀλιγωρίαν
2829 2204 2926 2258 τῆς
2970 2195 3159 2268 ψυχῆς
3205 2201 3295 2248 καὶ
3353 2193 3616 2269 διάχυσιν
3666 2218 3854 2252 πυκνο-

2243 2289 2365 2358 τέρᾳ
2399 2289 2489 2337 καὶ
2543 2284 2979 2361 ἐπιστρέφεστέρᾳ
3035 2295 3097 2360 τῇ
3158 2296 3248 2347 τῆς
3293 2285 3532 2351 διανοίας
3576 2287 3852 2342 ἐπιστάσει

2245 2371 2595 2450 διορθοῦσθαι
2631 2381 2722 2428 καὶ
2759 2378 3031 2448 ἐπανάγειν
3068 2373 3170 2443 δεῖ,
3211 2380 3298 2428 καὶ
3327 2385 3388 2450 τῇ
3431 2381 3560 2450 πρὸς
3597 2381 3655 2431 τὸ
3685 2384 3850 2452 παρόν

2244 2462 2322 2516 ἀεὶ
2351 2468 2556 2539 περὶτά
2594 2465 2727 2517 καλὰ
2757 2461 2792 2517 δ
2797 2464 3039 2536 ιασκέψει
3065 2465 3476 2540 προσασχολείν.

2314 2558 2366 2609 2.
2398 2552 2559 2606 Ὀταν
2597 2551 2655 2608 δε
2693 2556 2719 2606 ό
2772 2551 2806 2606 δ
2813 2553 3017 2616 ιάϐολος
3068 2553 3411 2610 ἐπιϐουλεύειν
3459 2557 3727 2632 ἐπιχειρῇ,
3761 2563 3851 2611 καὶ

2244 2645 2374 2714 μετά
2435 2643 2626 2706 πολλῆς
2700 2651 2790 2704 τῆς
2869 2642 3232 2721 σφοδρότητος
3294 2647 3468 2722 ὥσπερ
3539 2650 3656 2700 τινὰ
3721 2646 3846 2720 βέλη

2241 2736 2588 2806 πεπυρωμένα
2640 2737 2758 2794 τούς
2799 2732 2923 2807 παρ’
2972 2731 3132 2786 αὐτοῦ
3185 2737 3290 2797 (34)
3332 2734 3616 2809 λογισμοὺς
3667 2735 3850 2790 ἐνιέναι

2243 2823 2600 2896 ἡσυχαζούσῃ
2657 2828 2746 2875 καὶ
2799 2824 3066 2898 ἠρεμούση
3122 2822 3380 2897 βιάζηται
3422 2833 3486 2898 τῇ
3537 2825 3717 2900 ψυχῇ,
3759 2832 3848 2880 καὶ

2239 2915 2430 2970 ταύτην
2481 2908 2740 2984 αἰφνίδιον
2795 2910 3078 2989 ἐμπιπρᾷν,
3120 2917 3210 2966 καὶ
3239 2918 3459 2990 χρονίας
3514 2920 3604 2968 καὶ
3659 2913 3848 2969 δυσεκι

2240 3001 2428 3064 λύτους
2482 3004 2576 3062 τάς
2622 3005 2828 3076 μνήμας
2880 3009 2981 3055 τῶν
3038 3002 3180 3067 άπαξ
3221 3003 3577 3077 ἐμϐληθέντων
3634 3003 3848 3078 ἐργάζε-

464 3094 774 3166 vigilantia
814 3091 1084 3167 quadam
1126 3097 1182 3149 et
1230 3094 1557 3150 attentione
1588 3091 1830 3148 fortiore
1877 3091 2129 3148 insidias

2243 3093 2367 3144 σθαι
2393 3113 2404 3124 ·
2451 3099 2744 3150 τηνικαῦτα
2770 3091 2925 3162 νήψει
2945 3111 3036 3143 και
3072 3097 3366 3166 προσεχείᾳ
3396 3094 3508 3164 (35)
3539 3096 3845 3145 συντονωτέ-

463 3183 811 3258 hujusmodi
846 3185 1034 3241 vitare
1065 3183 1383 3254 debemus,
1430 3199 1552 3240 non
1584 3199 1762 3239 secus
1793 3199 1862 3238 ac
1906 3181 2128 3239 athleta

462 3275 683 3349 aliquis
707 3273 984 3331 custodia
999 3274 1269 3348 quadam
1288 3272 1756 3345 diligentissima
1786 3279 1840 3329 et
1860 3273 2127 3346 corporis

462 3365 725 3436 agilitate
763 3379 888 3420 non
939 3363 1076 3419 sinit
1119 3362 1495 3436 apprehendi
1528 3379 1591 3418 se
1619 3363 1696 3419 ab
1719 3362 2082 3418 adversariis
2111 3380 2124 3431 ;

462 3461 518 3510 et
544 3453 617 3509 de
640 3458 853 3509 caetero
882 3453 1212 3526 precationi
1251 3457 1308 3508 et
1334 3451 1580 3525 superni
1603 3451 1865 3524 praesidii
1890 3451 2128 3508 invoca-

461 3543 606 3599 tioni
649 3559 896 3616 prorsus
926 3541 1064 3597 belli
1117 3542 1370 3598 cessatio
1414 3547 1471 3597 et
1501 3540 1755 3597 telorum
1805 3540 2125 3596 declinatio

459 3632 795 3689 tribuenda:
819 3637 978 3687 sunt.
1003 3632 1126 3688 Hoc
1158 3633 1317 3686 enim
1339 3647 1452 3688 nos
1477 3631 1683 3687 docuit
1708 3630 1950 3698 Paulus,
1985 3648 2125 3687 cum

459 3723 627 3778 dixit:
656 3723 728 3777 In
747 3721 1018 3777 omnibus
1036 3727 1332 3777 sumentes
1351 3726 1584 3778 scutum
1605 3721 1834 3791 βᾶθί,ιή
1861 3737 1977 3793 quo
1994 3737 2126 3791 pos-

459 3813 585 3868 sitis
606 3809 806 3867 omnia
825 3812 943 3867 tela
961 3811 1311 3884 nequissimi
1330 3813 1504 3881 ignea
1536 3812 1990 3881 exstinguere".
2010 3808 2126 3865 Etsi

456 3899 638 3973 igitur
663 3901 842 3956 etiam
863 3900 1016 3956 inter
1037 3901 1337 3956 orandum
1361 3903 1641 3972 suggerat
1672 3916 1892 3972 pravas
1917 3900 2127 3969 imagi-

458 3991 838 4057 nationes,ne
860 3989 1110 4045 desistat
1133 3989 1376 4045 animus
1403 3990 1481 4045 ab
1503 3989 1756 4051 orando,
1774 4006 1970 4062 neque
1991 4006 2128 4061 pra-

458 4095 604 4136 vum
667 4079 817 4134 illud
873 4077 1064 4135 hostis
1133 4094 1361 4150 semen,
1413 4083 1518 4134 aut
1567 4077 2032 4149 imaginationes
2090 4095 2124 4134 a

456 4169 751 4241 versipelli
796 4167 898 4223 illo
926 4168 1360 4240 praesttgiatore
1402 4168 1718 4224 suscitatas
1750 4171 1916 4240 putet
1946 4186 2122 4226 suam

456 4257 647 4329 ipsius
668 4257 1096 4328 agriculturam
1121 4257 1393 4320 esse,sed
1419 4255 1565 4312 illud
1590 4273 1796 4314 secum
1827 4261 2118 4330 cogitans,

459 4345 537 4403 ab
568 4346 918 4419 impudente
941 4345 1041 4402 illo
1069 4343 1348 4419 nequitiae
1375 4346 1685 4404 inventore
1715 4349 2121 4406 absurdarum

457 4436 890 4508 cogitationum
925 4437 1188 4509 speciem
1235 4437 1523 4509 imprimi,
1550 4437 1784 4494 insistat
1839 4439 2122 4496 intentius

457 4524 807 4599 precationi,
832 4533 1122 4599 rogetque
1156 4528 1363 4594 Deum,
1408 4531 1473 4582 ut
1501 4527 1732 4583 malum
1754 4526 1900 4583 illud
1929 4529 2123 4585 muni-

459 4632 602 4672 men
633 4614 712 4672 ab
737 4615 1081 4688 ineptarum
1107 4615 1544 4687 cogitationum
1571 4617 1866 4674 memoria
1895 4626 2121 4676 exstru-

529 4761 576 4794 ⁴²
605 4759 824 4831 Ephes.
856 4775 931 4828 v1,
964 4765 1018 4816 7.

529 4904 816 4983 (3_l)hReg.
854 4901 1160 4983 secundus
1202 4902 1490 4983 _o7.t7wp_tav
1541 4905 1624 4958 ἐπὶ
1670 4908 1754 4983 τά.
1797 4908 2120 4983 Aliquanto

455 4974 604 5050 post
629 4977 777 5050 Reg.
805 4976 1036 5050 primus
1064 4974 1352 5047 ἀλογίστως
1373 4974 1826 5050 ’ἐντυγχανούσης,

530 5049 643 5127 (ᾆξ’.)
676 5044 825 5127 βξ.ξὶῐῖ
855 5044 1120 5127 ἀναφέροι,
1152 5044 1222 5103 At
1253 5065 1400 5127 mss.
1454 5044 1575 5127 tif-eti
1605 5047 1852 5127 ἀναφέρῃ.
1881 5057 1997 5110 Nec
2035 5055 2118 5112 ita,

455 5118 648 5174 multo
673 5118 831 5192 intra
862 5118 1264 5192 Hegfprimus
1296 5126 1385 5171 καὶ
1417 5125 1616 5182 τούτοις
1646 5118 1746 5177 ἐπὶ.

531 5194 644 5259 (33)
681 5191 921 5268 Veteres
969 5191 1279 5268 duoulibri
1323 5194 1545 5268 et_editi
1583 5195 1903 5268 μεταμείϐει,
1938 5198 2118 5256 male.

456 5263 597 5341 Reg.
642 5262 876 5333 primus
933 5267 990 5316 et
1028 5263 1208 5341 Colb._
1239 5263 1556 5341 μεταϐαίνει,
1583 5262 1768 5322 recte.
1797 5262 2120 5341 Aliquanto

455 5339 784 5412 postunus
824 5345 940 5387 ms.
979 5338 1274 5412 πυκνοτάτη
1310 5336 1638 5412 καὶ-ἐπιστρ,

526 5407 636 5473 (34)
666 5406 830 5485 tinus
873 5421 994 5459 ms.
1026 5406 1386 5485 nap'nt'aturau.
1412 5406 1596 5462 Haud'
1614 5409 1793 5479 longe
1817 5410 1960 5466 editi
2000 5411 2122 5485 βιά-

457 5475 625 5536 ζεται.
650 5477 720 5528 At
748 5492 893 5548 mss.
929 5475 1199 5532 nonnulli
1234 5475 1511 5548 βιάζηται.

528 5551 644 5679 ἓ35)
681 5547 879 5600 Codex
921 5548 1084 5602 (1011).
1118 5553 1207 5600 καὶ
1230 5547 1476 5622 προσοχῆ
1505 5571 1620 5604 συν.

556 5621 651 5679 36)
685 5619 921 5673 Veteres
949 5622 1220 5679 quinque
1248 5621 1386 5676 libri
1433 5631 1526 5673 τοῦ
1556 5641 1620 5674 πο

556 5621 651 5682 36)
685 5619 921 5673 Veteres
949 5622 1220 5692 quinque
1248 5619 1409 5676 libri
1429 5619 1526 5673 τοῦ
1556 5621 1800 5692 πολέμου.
1849 5625 1999 5682 Editi
2028 5633 2120 5679 τοῦ

2237 3201 2305 3258 ρᾳ
2350 3184 2437 3243 τὰς
2474 3184 2721 3244 τοιαύτας
2773 3179 3048 3242 ἐπιϐουλὰς
3085 3180 3472 3243 ὑπεξίστασθαι
3521 3179 3623 3250 δεῖ,
3673 3183 3845 3234 καθά-

2238 3293 2330 3348 περ
2398 3271 2625 3330 ἀθλητοῦ
2674 3291 2808 3332 τινος
2871 3269 3220 3344 ἀκριϐεστάτη
3291 3273 3490 3344 φυλακῇ
3551 3277 3642 3325 καὶ
3687 3275 3845 3344 τάχει

2240 3368 2480 3436 σώματος
2534 3365 2628 3425 τάς
2679 3360 2842 3423 λαϐὰς
2912 3369 3010 3412 τῶν
3067 3358 3356 3413 ἀντιπάλων
3425 3361 3793 3437 ἐκτρεπομένου
3827 3379 3840 3393 ·

2236 3457 2414 3505 καὶτὸ
2462 3459 2562 3505 πᾶν
2606 3459 2667 3525 τῇ
2702 3459 2977 3525 προσευχῇ
3037 3456 3128 3503 καὶ
3154 3458 3216 3524 τῇ
3260 3450 3530 3510 ἐπικλήσει
3581 3460 3676 3514 τῆς
3713 3453 3843 3504 οἰνω-

2240 3545 2320 3595 θεν
2354 3547 2671 3616 συμμαχίας
2703 3537 2915 3594 διδόναι
2962 3545 3056 3600 τὴν
3094 3548 3186 3593 τοῦ
3232 3540 3458 3614 πολέμου
3511 3543 3626 3614 (36)
3657 3544 3842 3595 καθαί-

2234 3652 2377 3708 ρεσιν
2447 3637 2536 3685 καὶ
2603 3637 2697 3691 τὴν
2748 3639 2848 3683 τῶν
2914 3628 3241 3704 τοξευμάτων
3299 3629 3623 3706 ἀποτροπήν,
3673 3639 3838 3686 Τοῦτο

2235 3726 2336 3796 γὰρ
2370 3725 2504 3796 ἡμας
2549 3723 2573 3774 ό
2607 3720 2806 3784 Ηαύλος
2848 3715 3064 3783 ἐδίδαξε
3109 3719 3266 3792 λέγων
3291 3741 3304 3754 ·
3339 3719 3455 3774 Ἐπὶ
3503 3723 3664 3774 πᾶσιν
3720 3721 3834 3776 ἀνα-

2233 3809 2476 3874 λαϐόντες
2558 3815 2645 3863 τόν
2733 3812 2908 3886 θυρεόν
2991 3818 3082 3871 τῆς
3165 3815 3430 3881 πίστεως,
3504 3805 3552 3863 ἐν
3742 3809 3836 3865 δυ-

2233 3901 2457 3960 νήσεσθε
2517 3904 2687 3954 πάντα
2751 3901 2818 3952 τά
2883 3897 3009 3973 βέλη
3076 3907 3169 3951 τοῦ
3225 3907 3453 3975 πονηροῦ
3530 3920 3596 3953 τα
3669 3916 3837 3955 πεπυ-

2233 3996 2438 4065 ρωμένα
2489 3987 2694 4043 σϐέσαι.
2753 3987 2858 4042 Κάν
2910 3995 3081 4042 τοίνυν
3130 3988 3177 4042 ἐν
3224 3985 3402 4052 αὑταῖς
3457 3999 3569 4054 ταῖς
3607 4014 3838 4067 προσευ-

2233 4090 2360 4153 χαῖς
2426 4075 2688 4154 ὑποϐάλλῃ
2758 4079 2870 4153 (37)
2929 4081 3024 4142 τὰς
3102 4083 3333 4155 πόνηράς
3389 4089 3701 4154 φαντασίας,
3762 4089 3834 4158 μή

2235 4169 2510 4222 ἀιστάσθω
2559 4171 2588 4228 ἠ
2622 4167 2776 4243 ψυχὴ
2835 4178 2925 4223 τοῦ
2969 4171 3384 4244 προσεύχεσθαι,
3444 4167 3584 4246 μηδὲ
3649 4174 3837 4228 οἰέσθω

2233 4258 2400 4314 οἰκεῖα
2446 4254 2574 4314 εἶναι
2621 4267 2849 4337 γεώργια
2894 4263 2986 4323 τάς
3033 4264 3261 4336 πονηρὰς
3317 4262 3409 4314 τοῦ
3466 4255 3662 4338 ἐχθροῦ
3727 4257 3837 4316 ἐπι-

2235 4354 2450 4426 σποράς,
2502 4355 2591 4403 καὶ
2648 4354 2740 4412 τὰς
2786 4358 2876 4403 τοῦ
2934 4350 3172 4404 ποικίλου
3224 4353 3615 4425 θαυματοποιοῦ
3647 4371 3836 4425 φαντα-

2235 4446 2353 4503 σίας
2380 4463 2392 4474 ·
2427 4439 2555 4493 ἀλλὰ
2579 4440 2896 4514 λογισαμένη
2944 4449 3004 4515 τῇ
3051 4433 3292 4494 ἀναιδεία
3338 4449 3428 4494 τοῦ
3464 4449 3559 4504 τῆς
3587 4449 3836 4518 πονηρίας

2234 4533 2442 4606 εὑρετοῦ
2522 4536 2615 4590 την
2692 4540 2792 4582 τῶν
2863 4529 3067 4583 ἀτόπων
3143 4529 3341 4583 ἐννοιῶν
3427 4538 3716 4604 φαντασίαν
3755 4539 3835 4605 γί-

2230 4623 2432 4689 νεσθαι,
2464 4620 2654 4695 μᾶλλον
2695 4618 2805 4683 (38)
2857 4623 3145 4674 ὲπιτεινέτω
3196 4625 3289 4679 τὴν
3341 4625 3702 4693 πρόσπτωσιν,
3744 4627 3834 4675 καὶ

2231 4912 2501 4985 πολεμίου,
2530 4909 2716 4985 [tostis
2747 4905 3064 4985 clqdegnpt
3092 4907 3181 4985 ita
3200 4905 3320 4985 legi
3344 4910 3726 4985 oporteret,si
3742 4911 3838 4985 vel

2227 4979 2386 5040 unus
2407 4981 2666 5038 ms.huic
2695 4980 2934 5036 lectioni
2964 4979 3331 5036 favereLNec
3361 4979 3444 5036 ita
3466 4979 3657 5036 multo
3681 4983 3833 5038 intra

2228 5073 2378 5112 mss.
2413 5052 2690 5109 nonnulli
2715 5054 2740 5104 ὁ
2773 5051 2998 5113 Παῦλος.
3047 5051 3347 5108 Articulus
3379 5052 3585 5118 deerat
3615 5055 3677 5108 in
3709 5054 3831 5110 vul-

2274 5129 2408 5184 atis.

2232 5144 2414 5270 8139i.)
2444 5196 2588 5252 Editi
2621 5195 2920 5270 ὑποϐάλλει,
2962 5199 3035 5251 At
3064 5212 3207 5252 mss.
3243 5195 3516 5270 nonnulli
3544 5196 3826 5270 ὑποϐαλλῃ.

2230 5267 2396 5326 Alius
2420 5285 2532 5323 ms.
2562 5267 3152 5340 OnoédlyAliquanto
3182 5275 3324 5340 post
3348 5267 3471 5324 duo
3503 5267 3831 5324 mssmotz‘i-

2228 5342 2317 5402 λας
2348 5341 2515 5392 αὐτοῦ
2556 5347 2860 5412 φαντασίας.

2302 5417 2410 5473 (38]
2442 5410 2602 5467 Utilis
2638 5427 2753 5468 ms.
2799 5411 3270 5484 patioratatatv,_atti‘rﬁ
3321 5411 3530 5484 μᾶλλον.
3574 5410 3685 5466 Alii
3715 5416 3834 5467 trcs

2230 5489 2538 5558 φαντασίαν,
2571 5485 2735 5556 ταύτῃ
2765 5481 2976 5558 μᾶλλον.
3013 5481 3253 5537 Ibidem
3289 5481 3552 5558 ρ’άὶΐί-τ-ὴν
3595 5489 3839 5558 πρόπτω-

2232 5553 2333 5608 σιν.
2373 5556 2526 5628 Libri
2580 5553 2812 5628 antiqui
2839 5559 3224 5628 πρόσπτωσιν.
3285 5555 3454 5609 Haud
3483 5553 3662 5625 longe
3713 5555 3838 5612 duo

2230 5644 2376 5683 mss.
2407 5622 2884 5684 ἀποσκεδασθῆναι
2899 5622 3066 5698 ἀύτῇ.
