4120 6394
233 330 359 390 I38I

1366 304 1958 374 CONSTI’I’UTIONES
1982 304 2426 363 'MONASTICE.

3456 306 3599 362 I382

231 458 491 510 ἱκετευέτω
520 453 608 505 τὸν
638 451 760 504 Θεὸν
804 442 1271 505 ἀποσκεδασθῆναι
1316 442 1460 512 αύτῷ
1499 442 1557 492 τὸ
1600 438 1827 510 πονηρόν

1977 434 2103 487 tum
2128 433 2375 497 evertat,
2406 434 2471 487 ut
2498 430 2646 487 citra
2673 430 3195 503 impedimentum,
3223 429 3426 487 subito
3448 445 3603 503 quo-

231 539 585 614 διατείχισμα
644 545 741 600 τῆς
805 544 904 588 τῶν
976 534 1179 588 ἀτόπων
1242 533 1509 604 λογισμῶν
1577 532 1821 602 μνήμηςο

230 634 364 685 ὥστε
420 624 897 703 ἀπαρεμποδίστως
952 631 1016 698 τῇ
1070 622 1184 696 (39)
1236 629 1329 684 τῆς
1386 617 1618 679 διανοίας
1666 619 1826 691 ὁρμῇ,

233 720 491 794 ἀχρόνως,
524 722 615 770 καὶ
666 715 986 791 ὀξυρῲπῶς,
1038 716 1168 789 πρὸς
1218 715 1306 764 τὸν
1344 714 1467 764 Θεὸν
1513 705 1820 794 διαϐαίνειν,

233 791 485 884 μηδαμοῦ
512 813 630 869 ταῖς
657 813 757 859 τῶν
785 811 1020 878 πονηρῶν
1068 802 1441 875 ὶνθυμημάτων
1468 795 1673 871 ἐφόδοις
1704 791 1829 849 δια-

233 902 565 972 κοπτόμενον.
593 896 655 950 Εἰ
686 892 745 948 δε
772 899 862 946 καὶ
892 892 1192 946 ἄπιτείνοιτο
1221 892 1252 950 ἡ
1285 891 1500 947 τοιαύτη
1531 896 1631 940 τῶν
1656 886 1833 958 λογισ-

234 998 344 1064 μῶν
368 987 586 1063 ἐπήρεια
615 982 708 1038 διὰ
753 988 849 1042 τὴν
892 989 983 1035 τοῦ
1032 979 1512 1057 προσπολεμοῦντος
1542 973 1830 1041 ἀναίδειαν,

234 1076 359 1133 οὐδὲ
387 1077 551 1139 οὕτως
580 1075 945 1147 ἀπαγορεύειν,
987 1065 1111 1125 οὐδὲ
1151 1073 1434 1146 ἡμιέργους
1475 1071 1594 1129 τοὺς
1634 1066 1835 1139 ἀγῶνας

234 1167 635 1241 καταλιμπάνειν
679 1166 976 1237 προσήκειο
1038 1160 1166 1213 ἀλλὰ
1212 1163 1377 1235 μέχρι
1421 1159 1675 1212 τοσούτου
1723 1157 1836 1226 (40)

233 1262 514 1333 καρτερεῖν,
562 1258 755 1328 μίχρις
805 1252 865 1304 ἂν
907 1254 933 1304 ὁ
971 1254 1115 1318 Θεὸς,
1160 1254 1248 1309 τὴν
1295 1251 1543 1323 ἡμετέραν
1594 1249 1836 1300 ῐνστασιν

233 1348 562 1420 θεασάμενος,
593 1347 687 1403 τὴν
732 1344 896 1416 χάριν
937 1345 1027 1394 τοῦ
1074 1342 1371 1413 Πνεύματος
1401 1335 1690 1410 ἐπιλάμψῃ,
1750 1338 1837 1388 τὸν

229 1441 320 1512 μὲν
350 1433 621 1489 ἐπίϐουλον
673 1428 1096 1504 φυγαδεύουσαν,
1143 1433 1236 1488 τὴν
1288 1425 1347 1482 δὲ
1404 1424 1639 1480 διάνοιαν
1690 1426 1839 1498 ἡμῶν

228 1529 612 1601 καθαίρουσαν,
658 1525 751 1574 καὶ
802 1521 941 1573 θείου
989 1522 1159 1593 φωτὸς
1204 1517 1559 1592 ἑμπιπλῶσαν,
1588 1519 1679 1568 καὶ
1707 1513 1839 1567 ἀκνί-

231 1618 407 1690 μάντῳ
453 1612 651 1687 γαλήνῃ
697 1614 789 1664 τὸν
835 1609 1090 1683 λογισμὸν
1134 1616 1205 1681 τῷ
1253 1613 1367 1661 erat:
1417 1604 1680 1682 λατρεύειν
1730 1618 1843 1678 μετ’

234 1704 556 1778 εὐφροσύνης
587 1704 952 1776 παρέχουσαν.

777 1806 1172 1860 ΚΕΦΛΛΑῙΟΝ
1201 1806 1308 1859 IH'.

472 1898 612 1971 Πρὸς
642 1898 763 1959 τοὺς
789 1893 837 1948 ἓν
867 1892 1107 1966 κοινοϐίῳ
1136 1895 1437 1957 κανονικούς
1470 1894 1605 1965 (41).

314 2014 362 2067 1.
406 2011 532 2081 Περὶ
558 2008 648 2079 μεν
679 2001 767 2058 οὖν
796 2011 889 2057 τοῦ
937 2004 1259 2057 καθέκαστον
1303 2001 1559 2071 ἀσκητοῦ,
1615 2008 1706 2056 καὶ
1751 2010 1844 2056 τοῦ

239 2102 327 2153 τὸν
356 2101 559 2171 μονήρη
608 2092 726 2169 βίον
774 2090 1172 2166 ἀσπασαμένου,
1205 2090 1253 2145 ἓν
1301 2099 1406 2154 τοῖς
1434 2094 1746 2168 ἔμπροσθεν,
1780 2093 1846 2154 ὡς

241 2187 385 2255 ἕνῆν,
445 2172 859 2257 δεδηλώκαμεν·
921 2183 1080 2249 ὅπως,
1120 2186 1216 2241 τήν
1266 2200 1321 2235 τε
1366 2181 1552 2255 ψυχὴν
1600 2185 1729 2255 πρὸς
1786 2184 1845 2235 τὸ

241 2275 397 2328 καλὸν
437 2273 688 2341 ἐξασκῶν,
749 2276 840 2326 καὶ
892 2276 951 2327 τὸ
994 2281 1146 2345 σῶμα
1198 2276 1324 2346 πρὸς
1379 2276 1436 2325 τὸ
1492 2268 1608 2325 δέον
1647 2272 1848 2325 οἰκονο-

242 2375 375 2441 μῶν,
408 2360 610 2417 δύναιτ’
645 2362 705 2414 ἂν
755 2361 880 2435 ἡμῖν
933 2364 1020 2414 τὸν
1070 2358 1257 2433 ἀκριϐῆ
1313 2365 1715 2436 χαρακτηρίσαι
1763 2381 1850 2433 φι-

241 2453 465 2526 λόσοφον
497 2473 510 2485 ·
555 2450 664 2503 insi.
699 2445 758 2503 δε
788 2450 904 2522 (42)
950 2451 996 2501 οἱ
1024 2448 1259 2502 πλεῖστοι
1298 2458 1397 2501 τῶν
1444 2448 1687 2509 ἀσκητῶν
1718 2449 1854 2500 κατά

253 2547 583 2614 συστήματα
636 2538 994 2593 πολιτεύονται
1028 2581 1042 2604 ,
1108 2536 1346 2601 ἀλλήλοις
1416 2541 1483 2592 τά
1551 2544 1857 2611 φρονήματα

246 2634 375 2704 πρὸς
430 2627 617 2705 ἀρετὴν
676 2630 1079 2704 παραθήγοντες,
1137 2631 1227 2679 καὶ
1271 2635 1333 2700 τῇ
1382 2636 1481 2680 τῶν
1520 2629 1857 2702 κατορθωμά-

246 2740 347 2773 των
415 2716 820 2791 ἀντιπαραθέσει
906 2724 1268 2791 παρορμῶντες
1336 2716 1550 2780 ἑαυτοὺς
1615 2715 1698 2769 ἐπὶ
1762 2721 1856 2777 τὴν

248 2816 341 2863 τοῦ
398 2806 560 2861 καλοῦ
614 2809 904 2880 προκοπὴν,
967 2802 1173 2859 δίκαιον
1227 2806 1489 2880 ᾠήθημεν,
1529 2811 1619 2860 καὶ
1664 2811 1859 2869 τούτοις

249 2903 341 2957 τὴν
399 2892 491 2949 διὰ
537 2887 643 2949 ῑι’ῶν
685 2895 852 2968 λόγων
901 2894 1232 2969 παράκλησιν
1285 2896 1700 2968 εἰσενέγκασθαι.
1739 2902 1854 2972 Χρὴ

256 2981 336 3053 δὲ,
367 2989 617 3061 πρότερον
670 2981 956 3057 ἕγνωκότας
1000 2984 1211 3050 αὐτούς,
1269 2986 1465 3039 ὁπόσου
1502 2992 1591 3039 καὶ
1633 2986 1857 3046 πηλίκον

253 3082 660 3150 μεταποιοῦνται
702 3074 887 3146 καλοῦ,
943 3076 1078 3127 οὕτω
1124 3079 1218 3133 τὴν
1267 3073 1352 3135 ἐπὶ
1404 3094 1557 3128 τουτο
1583 3076 1697 3149 (43)
1725 3096 1859 3152 προ-

254 3168 451 3239 τροπὴν
520 3161 900 3232 ὑποδέξασθαι,
973 3165 1054 3217 ἵνα
1118 3165 1414 3239 προθυμίαν
1482 3170 1571 3218 καὶ
1620 3162 1861 3226 σπουδὴν
1900 3152 1941 3210 C

255 3254 408 3319 ἠξίαν
460 3263 555 3317 τῆς
603 3261 696 3306 τοῦ
751 3256 1158 3329 κατορθώματος
1227 3253 1413 3330 ἀρετῆς
1475 3252 1860 3319 ἐπιδείξωνται.

258 3354 471 3422 Πρῶτον
669 3340 756 3396 οὖν
804 3343 892 3401 ἐπὶ
1074 3348 1135 3397 τὸ
1174 3348 1310 3398 κατά
1334 3348 1489 3417 φύσιν
1518 3346 1673 3400 καλὸν
1704 3347 1863 3402 ἐπαν-

258 3437 528 3507 έρχονται,
575 3436 667 3490 τὴν
698 3436 967 3484 κοινωνίαν
1017 3437 1108 3484 καὶ
1146 3437 1232 3491 τὴν
1273 3431 1643 3494 συνδιαίτησιν
1687 3434 1865 3490 ἀσπα-

262 3523 491 3595 ζόμενοι.
533 3524 814 3574 Κοινωνίαν
861 3523 963 3595 γάρ
1015 3519 1138 3593 βίου
1194 3520 1507 3580 τελεωτάτην
1556 3522 1656 3596 ἐγὼ
1703 3525 1864 3589 καλῶ,

260 3611 313 3665 ἓν
358 3612 389 3684 ᾖ
449 3615 678 3670 κτήσεως
737 3612 828 3682 μὲν
892 3605 1099 3673 ἰδιότης
1163 3609 1443 3685 ἐξωρισται
1470 3651 1486 3678 ,
1542 3618 1756 3685 γνώμης
1808 3611 1867 3666 δὲ

262 3699 560 3763 ἕναντίωσις
617 3697 960 3764 ἀπελήλαται,
1013 3704 1227 3774 ταραχή
1281 3695 1341 3753 δι
1392 3706 1559 3764 πᾶσα,
1591 3706 1682 3754 καὶ
1730 3702 1869 3775 φιλο-

263 3794 452 3858 νεικία,
492 3793 583 3841 καὶ
620 3784 794 3866 ἔριδες
832 3787 886 3841 ἰνι
928 3784 1106 3843 ποδῶν
1153 3789 1448 3848 ἑστήκασι·
1503 3793 1653 3843 κοινά
1696 3788 1756 3844 δι
1806 3786 1871 3845 τά

267 3880 565 3951 σύμπαντα,
623 3874 827 3948 ψυχαὶ,
885 3885 1111 3950 γνῶμαι,
1167 3883 1406 3952 σώματα,
1466 3883 1557 3932 καὶ
1612 3881 1757 3944 ὅσοις
1806 3883 1872 3934 τὰ

267 3972 486 4041 σώματα
533 3970 774 4043 τρέφεται
824 3971 916 4020 καὶ
965 3968 1337 4044 θεραπεύεται·
1406 3972 1577 4033 κοινὸς
1633 3970 1659 4023 ὁ
1722 3974 1868 4041 Θεὸς,

265 4060 436 4109 κοινόν
486 4059 546 4108 τὸ
588 4064 680 4117 τῆς
738 4053 1001 4119 εὐσεϐείας
1058 4055 1380 4133 ἰμπόρευμα,
1418 4064 1564 4119 κοινὴ
1624 4061 1653 4119 ἠ
1693 4080 1870 4121 σωτη-

263 4150 374 4219 ρία,
408 4147 556 4197 κοινά
584 4146 650 4196 τὰ
689 4143 1054 4218 ἀγωνίσματα,
1104 4152 1269 4200 κοινοὶ
1307 4150 1356 4201 οἰ
1407 4154 1573 4221 πόνοι,
1623 4156 1787 4205 κοινοὶ
1824 4154 1873 4204 οἱ

267 4238 511 4307 στέφανοι
543 4232 680 4304 (45),
714 4233 786 4295 εἷς
816 4235 865 4286 οἱ
892 4232 1092 4303 πολλοὶ,
1121 4238 1268 4305 me
1299 4238 1367 4298 εἷς
1392 4238 1451 4291 οὐ
1481 4243 1657 4311 μόνος,
1685 4238 1790 4293 ἀλλ’
1823 4239 1873 4293 ἓν

265 4322 492 4378 πλείοσι.

341 4502 395 4555 2.
446 4502 510 4552 Τί
557 4518 755 4561 ταυτης
795 4499 908 4572 (46)
949 4507 1044 4561 τῆς
1091 4497 1350 4562 πολιτείας
1386 4503 1541 4570 ἴσον;
1594 4508 1647 4556 τί
1679 4501 1737 4557 δε
1766 4523 1873 4577 μα-
1908 4508 1951 4566 D

270 4593 628 4665 καριώτερον;
700 4593 754 4641 τί
824 4596 923 4650 τῆς
1000 4594 1273 4662 συναφείας
1343 4596 1432 4643 καὶ
1497 4600 1593 4653 τῆς
1649 4592 1874 4656 ἐνώσεως

273 4676 687 4754 ἀκριϐέστερον,
745 4682 799 4731 τί
862 4685 954 4740 τῆς
1018 4686 1117 4731 τῶν
1174 4679 1312 4737 ἠθῶν
1377 4685 1466 4733 καὶ
1521 4689 1619 4733 τῶν
1684 4681 1876 4754 ψυχῶν

277 4769 620 4843 συγκράσεως
665 4771 1059 4843 χαριέστερονς
1122 4765 1421 4845 ’Ἄνθρωποι
1486 4769 1541 4823 ἐκ
1615 4767 1878 4846 διαφόρων

342 4912 457 4987 (39)
470 4909 839 4987 Veteres‘duo
851 4908 989 4966 libri
1015 4907 1465 4987 ἀπαριμποδίστῳ
1485 4920 1571 4987 τῇ.
1588 4914 1718 4971 Mox
1735 4908 1879 4971 editi

272 4987 331 5065 et
351 4978 479 5065 duo
507 4997 654 5037 mss.
684 4978 1133 5065 διακοπτόμενοςέ
1176 4978 1362 5065 quam
1392 4978 1879 5065 scripturam_re-

273 5053 589 5111 tinendam
617 5069 751 5109 esse
780 5069 904 5110 non
929 5053 1217 5124 judicavi}
1245 5072 1383 5110 cum
1424 5053 1573 5112 nihil
1615 5064 1737 5114 toto
1762 5058 1880 5114 hoc

270 5122 406 5198 loco
426 5124 786 5198 inveniatur,
814 5124 893 5181 ad
923 5122 1089 5196 quod
1106 5126 1308 5183 referri
1334 5128 1541 5198 possit.
1565 5129 1878 5198 Edendum

273 5196 453 5272 igitur
472 5190 1219 5272 curavio‘zaxonrcipmmuti
1240 5198 1301 5272 in
1319 5190 1449 5253 aliis
1468 5196 1708 5272 duobus
1725 5217 1879 5272 _mss.

274 5266 513 5342 Iégitur.
548 5266 815 5342 subinde
856 5266 1017 5323 unus
1054 5282 1169 5324 ms.
1203 5269 1543 5342 πολεμοῦντος
1590 5268 1877 5326 ἀναίδειαν.

349 5340 461 5412 (40)
510 5340 659 5395 Editi
706 5346 972 5392 τοσοῦτον.
1022 5344 1095 5395 At
1148 5358 1293 5397 mss.
1325 5340 1621 5401 τοσούτου.
1654 5344 1881 5400 Ibidem

282 5412 435 5492 Res:
453 5412 695 5492 ,ριῖίφιιε
733 5419 1161 5492 summai”.-

354 5479 648 5553 titlj'Itain
668 5479 1118 5551 ora'ftegiitertii
1141 5481 1375 5553 legitur,
1392 5485 1485 5547 ἕως
1506 5481 1609 5538 ὦδε
1632 5479 1885 5539 διδάσκει

282 5554 307 5605 ὁ
338 5551 483 5627 ᾆγιος
518 5559 658 5627 τοὺς,
692 5558 1010 5627 Δπιαϊαμρνας,
1064 5551 1353 5612 hactenus
1397 5558 1566 5613 ducet
1602 5559 1884 5627 Sanctus

280 5626 606 5681 solitarios.
621 5625 850 5683 Ibidem
874 5626 936 5682 in
954 5629 1225 5683 extrema
1244 5626 1472 5700 pagina
1492 5626 1772 5686 additum
1792 5634 1887 5686 est

1939 521 2084 576 dam
2116 519 2332 576 mentis
2372 519 2659 592 impulsu,
2692 518 2857 575 nulla
2878 520 3166 590 temporis
3196 535 3371 575 mora
3410 520 3593 576 inter.

1939 611 2157 684 posita,
2186 608 2677 682 festinanterque,
2712 608 2792 665 ad
2831 608 3020 664 Deum
3060 607 3349 665 accedere
3378 609 3596 681 possit,

1939 714 2247 774 nusquam
2273 714 2602 773 pravarum
2637 698 3070 767 cogitationum
3098 698 3335 754 insidiis
3364 698 3597 757 aliena-

1941 793 2056 846 tus.
2108 788 2275 856 Quod
2320 789 2369 845 si
2406 789 2589 845 etiam
2637 790 2929 859 augeatur
2972 786 3105 842 talis
3157 787 3596 856 cogitationum

1942 880 2212 936 assultus
2268 883 2515 952 propter
2571 876 2906 934 adversarii
2961 875 3425 947 impudentiam,
3474 893 3601 934 non

1943 972 2265 1042 propterea
2305 967 2649 1039 abjioienda
2692 981 2835 1038 spes
2866 964 3089 1027 omnis,
3121 970 3229 1021 aut
3272 967 3606 1023 certamina

1943 1058 2204 1131 relinqui
2249 1057 2476 1113 debent
2512 1052 2866 1128 imperfecta
2892 1071 2906 1110 :
2935 1054 3042 1110 sed
3073 1068 3147 1110 eo
3177 1068 3375 1126 usque
3403 1069 3607 1126 perse-

1944 1147 2306 1211 verandum,
2336 1146 2546 1220 quoad
2591 1149 2745 1201 Deus
2786 1147 3117 1216 conspecta
3158 1145 3370 1200 nostra
3407 1158 3610 1216 perse.

1947 1237 2221 1294 verentia
2274 1252 2390 1292 nos
2457 1236 2649 1307 gratia
2715 1233 2972 1303 Spiritus
3030 1232 3317 1298 illustret,
3372 1248 3509 1306 qua
3555 1236 3615 1290 et

1949 1327 2367 1384 insidiatorem
2398 1326 2582 1396 fuget,
2617 1328 2957 1397 purgetque
3005 1327 3272 1380 mentem
3312 1327 3612 1394 nostram,

1952 1420 2009 1473 et
2049 1417 2247 1489 ipsam
2290 1415 2501 1471 divino
2548 1413 2778 1470 lumine
2836 1412 3104 1485 impleat,
3147 1411 3492 1485 efﬁciatque
3547 1416 3615 1469 ut

1952 1520 2127 1562 mens
2158 1506 2219 1561 in
2248 1503 2680 1577 tranquillitate
2722 1501 3116 1576 pacatissimo
3148 1505 3268 1560 Deo
3299 1517 3440 1559 cum
3471 1501 3617 1558 lusti-

1954 1596 2037 1652 tia
2062 1594 2363 1651 inserviat.

2563 1807 2788 1865 CAPUT
2824 1807 3006 1863 XVIII.

2188 1896 2289 1953 Ad
2317 1898 2632 1953 canonicos
2662 1898 2727 1951 in
2757 1895 3020 1952 coenobio
3050 1899 3372 1952 versantes.

2034 2010 2080 2062 i.
2115 2008 2201 2062 Ac
2231 2005 2305 2061 de
2332 2009 2538 2061 asceta
2561 2003 2832 2076 quidem,
2879 2001 2984 2075 qui
3025 2018 3300 2060 seorsum
3343 2002 3487 2075 agit,
3535 1998 3621 2060 vi-

1959 2100 2206 2168 tamque
2229 2093 2561 2150 solitariam
2575 2091 2894 2164 amplexus
2909 2087 3304 2161 est,dilucide,
3319 2096 3618 2164 quantum

1960 2185 2023 2241 in
2064 2183 2241 2241 nobis
2273 2188 2419 2253 erat,
2451 2181 2727 2256 superius
2758 2181 3177 2245 disseruimus,
3209 2182 3522 2254 quomodo
3567 2188 3626 2241 et

1963 2274 2238 2332 animum
2259 2288 2537 2329 exercens
2559 2272 2640 2329 ad
2666 2272 2924 2338 bonum,
2946 2277 3002 2327 et
3022 2287 3244 2344 corpus
3266 2278 3406 2344 apte
3438 2279 3497 2329 et
3513 2274 3623 2330 rite

1963 2378 2362 2436 componens,
2396 2360 2828 2435 philosophum
2855 2357 3187 2434 perfectum
3216 2359 3394 2417 nobis
3423 2361 3624 2436 expri-

1968 2468 2130 2509 mere
2160 2452 2370 2525 possit.
2399 2456 2469 2507 At
2495 2451 2791 2524 quoniam
2814 2454 3135 2506 versantur
3161 2449 3340 2506 simul
3365 2452 3429 2508 in
3461 2467 3625 2508 com-

1967 2542 2262 2601 munitate
2292 2540 2928 2614 plurimiascetarum,
2962 2537 3239 2595 animum
3282 2546 3496 2598 mutuo
3526 2558 3629 2599 ex-

1968 2636 2253 2689 acuentes
2284 2629 2364 2686 ad
2393 2629 2692 2698 virtutem,
2716 2633 2949 2686 etrecte
2979 2627 3275 2686 factorum
3306 2645 3629 2704 compara-

1969 2722 2130 2779 tione
2164 2720 2401 2792 seipsos
2441 2719 2520 2775 ad
2568 2734 2962 2792 progressum
2994 2718 3053 2774 in
3083 2717 3248 2775 bono
3277 2718 3628 2777 faciendum

1970 2810 2361 2876 concitantes,
2406 2824 2653 2881 aequum
2704 2824 2835 2863 esse
2884 2808 3258 2880 putavimus,
3290 2808 3401 2865 hos
3447 2810 3629 2867 etiam

1970 2897 2356 2955 sermonibus
2399 2897 2620 2953 nostris
2652 2895 2984 2953 adhortari.
3026 2899 3174 2953 Cum
3215 2903 3419 2956 autem
3463 2899 3633 2972 prius

1971 2988 2377 3062 cognoverint,
2401 2985 2602 3059 qualis
2627 3002 2698 3042 ac
2727 2986 2940 3060 quanti
2963 2986 3110 3043 boni
3138 2988 3456 3062 participes
3483 2986 3635 3047 ﬁant

1973 3094 2077 3134 eos
2098 3080 2336 3150 oportet
2355 3076 2439 3132 sic
2467 3074 2954 3131 adhortationem
2971 3079 3243 3133 nostram
3264 3076 3344 3133 ad
3364 3078 3479 3134 hoc
3502 3094 3635 3151 spe-

1974 3171 2238 3224 ctantem
2271 3164 2596 3237 suscipere,
2642 3168 2706 3219 ut
2747 3163 2935 3219 animi
2982 3165 3520 3239 promptitudinem
3562 3184 3634 3225 ac

1976 3256 2242 3313 studium
2264 3254 2446 3326 hujus
2467 3254 2612 3309 boni
2630 3254 2979 3326 praestantia
3009 3254 3261 3327 dignum
3289 3257 3632 3315 ostendant.

1974 3343 2442 3413 Primumigitur
2470 3341 2550 3397 ad
2578 3341 2643 3398 id
2668 3340 2837 3414 quod
2863 3342 3032 3414 561
3063 3358 3137 3399 ex
3165 3348 3385 3401 natura
3414 3351 3505 3403 est
3524 3346 3634 3403 bo-

1974 3453 2145 3500 num,
2174 3434 2578 3502 revertuntur,
2604 3432 3035 3506 amplectentes
3060 3434 3411 3492 societatem
3443 3453 3514 3493 ac
3546 3438 3636 3494 vi-

1977 3532 2141 3582 ctum
2165 3525 2734 3581 communem.Nam
2756 3522 3260 3595 perfectissimam
3292 3523 3424 3582 vitae
3446 3528 3637 3583 socie-

1978 3619 2161 3671 tatem
2194 3612 2436 3686 appello
2468 3628 2581 3683 ego
2614 3628 2750 3669 eam
2781 3627 2818 3667 a
2859 3628 2983 3686 qua
3026 3610 3275 3671 exclusa
3312 3621 3402 3671 est
3437 3617 3640 3673 omnis

1980 3703 2288 3776 possessio
2332 3701 2600 3775 propria,
2645 3700 2976 3773 fugataque
3021 3707 3110 3757 est
3139 3702 3488 3761 animorum
3524 3705 3643 3762 dis-

1980 3790 2201 3859 sensio,
2233 3794 2290 3846 et
2318 3806 2391 3845 ex
2420 3805 2543 3861 qua
2569 3787 2947 3861 perturbatio
2979 3790 3176 3846 omnis
3215 3791 3642 3865 contentioque

1981 3898 2051 3939 ac
2082 3880 2338 3937 dissidia
2358 3879 2586 3935 absunt
2617 3896 2629 3934 :
2662 3880 2720 3935 in
2748 3896 2873 3954 qua
2905 3896 3046 3937 vero
3077 3881 3287 3937 omnia
3318 3886 3460 3937 sunt
3483 3899 3645 3940 com-

1981 3972 2212 4037 munia,
2246 3970 2490 4041 animas,
2533 3970 2864 4039 sententiae,
2896 3986 3153 4042 corpora
3182 3977 3241 4027 et
3259 3987 3644 4045 quaecunque

1982 4061 2123 4131 alia,
2184 4058 2408 4133 quibus
2474 4074 2731 4130 corpora
2788 4058 3139 4116 nutriuntur
3202 4075 3273 4117 ac
3336 4065 3643 4133 curantur,

1982 4150 2326 4210 communis
2377 4151 2560 4216 Deus,
2621 4149 2964 4205 communis
3014 4149 3253 4221 pietatis
3294 4150 3644 4221 negotiatio,

1983 4241 2150 4297 salus
2185 4239 2548 4300 communis,
2589 4237 2944 4294 communia
2991 4238 3345 4309 certamina,
3370 4254 3643 4296 commu-

1983 4345 2092 4385 nes
2118 4327 2374 4396 labores,
2420 4341 2661 4384 coronae
2689 4342 3068 4395 communes,
3114 4327 3218 4384 ubi
3266 4328 3439 4385 multi
3465 4344 3644 4397 unus,

1985 4422 2042 4473 et
2074 4432 2233 4471 unus
2261 4429 2385 4470 non
2414 4414 2605 4482 solus,
2640 4413 2746 4468 sed
2779 4414 2841 4469 in
2871 4413 3172 4487 pluribus.

2057 4510 2110 4560 2.
2151 4502 2301 4570 Quid
2337 4502 2826 4576 comparandum
2867 4507 2954 4559 est
2992 4503 3132 4559 huic
3163 4504 3299 4560 vitae
3330 4503 3649 4562 instituto?

1986 4593 2135 4666 quid
2155 4592 2431 4648 beatius?
2451 4591 2601 4664 quid
2620 4591 2737 4646 hac
2769 4592 3194 4663 conjunctione
3215 4598 3395 4666 atque
3421 4594 3649 4651 unitate

1988 4680 2347 4755 perfectius?
2392 4680 2541 4753 quid
2566 4679 2897 4751 jucundius
2928 4696 3169 4736 morum
3214 4687 3272 4737 et
3300 4680 3648 4739 animorum

1990 4768 2478 4844 conspiratione?
2509 4770 2791 4827 Homines
2821 4786 2893 4827 ex
2923 4770 3169 4826 diversis
3192 4771 3547 4828 nationibus
3579 4788 3651 4830 ac

1988 4913 2153 4985 illud,
2213 4911 2799 4988 épxﬁ_é1roru1rfiiotmg
2852 4920 2953 4966 τῶν
3002 4910 3052 4965 ἕν
3099 4910 3363 4988 τιοινοϐίῳ,
3396 4915 3644 4974 initium
3686 4976 3697 4982 ,

1988 5001 2231 5059 eorum,
2246 4985 2469 5059 'qui‘bus
2490 4985 2903 5059 instituuntur
2926 4986 3250 5043 canobz’m.

2062 5059 2176 5131 (42)
2205 5053 2405 5132 Codex
2431 5056 2596 5112 Colb.
2647 5053 2829 5116 ἐπειδὴ
2864 5053 2943 5113 δέ.
2999 5061 3113 5114 Nec
3150 5059 3235 5115 ita
3280 5058 3471 5115 multo
3513 5065 3655 5132 post

1989 5128 2292 5203 idempms.
2328 5128 2541 5203 ἑαυτοὺς
2569 5131 2841 5203 πρ-ρςτῄνο
3126 5202 3129 5203 ν
3186 5200 3222 5203 __
3260 5201 3267 5203 λ
3516 5128 3523 5149 τ

2062 5201 2175 5273 (43)
2208 5200 2449 5290 Antiqui
2478 5198 2780 5290 tres'libriA
2914 5206 3088 5256 τοῦτο.
3122 5200 3273 5257 Editi
3302 5205 3490 5275 τούτῳ.
3522 5202 3655 5260 MOI

1993 5267 2116 5329 duo
2149 5267 2410 5345 ἰῃεεηίΐ⁵
2446 5267 2616 5345 οἶμαι,
2647 5272 2968 5345 προθυμίαν,

2066 5347 2181 5420 (44)
2208 5343 2406 5420 godex
2442 5342 2609 5398 COIb.
2645 5342 2854 5420 Πρῶτον
2874 5347 2975 5420 ,μὲν
3000 5346 3101 5420 γὰρ
3127 5343 3231 5398 ἐπί.

2067 5415 2179 5487 (45)
2216 5418 2376 5472 Unus
2403 5430 2515 5487 ms.
2542 5415 2715 5487 me:
2736 5416 2761 5466 ὁ
2789 5415 3053 5487 στέφανος.

2066 5482 2178 5559 (46)
2209 5486 2411 5542 Codex
2457 5482 2629 5559 Cle.
2670 5493 2728 5559 et
2766 5482 2930 5542 Voss.
2964 5492 3027 5540 Τί
3065 5492 3237 5540 τοίνυν
3280 5491 3497 5559 ταύτης,
3527 5488 3657 5545 Mox

1995 5554 2295 5614 mésrtres
2326 5574 2460 5613 cum
2498 5558 2661 5634 Voss.
2685 5554 2879 5630 ψυχῶν
2902 5560 3263 5633 συγκράσεως.
3288 5558 3436 5616 Editi
3465 5558 3660 5634 ψυχῶν

2000 5635 2340 5704 συγιρίσιως,
2370 5632 2673 5701 corrupte.
