4120 6448
496 312 632 367 1383

1889 307 1947 365 S.
1990 302 2242 362 BASILII
2277 302 2500 361 MAGNI

3719 323 3870 381 1384

488 432 843 505 regionibus
888 430 1161 505 profecti,
1212 432 1339 485 tam
1391 428 1649 502 perfecte
1703 433 1759 488 et
1807 431 2039 487 sincere
2085 427 2124 485 i1

2255 434 2413 499 γενῶν
2454 433 2546 483 καὶ
2593 437 2785 506 χωρῶν
2831 433 3119 494 κινηθέντες
3176 431 3250 496 εἰς
3292 438 3560 500 τοσαύτην
3599 439 3870 521 ἀκρίϐειαν

491 540 685 580 unum
716 522 1018 585 coaluere,
1044 526 1111 577 ut
1139 519 1382 577 animus
1410 536 1568 577 unus
1593 525 1874 578 cernatur
1900 521 1964 576 in
1992 518 2145 575 mul-

489 614 565 670 tis
594 610 977 687 corporibus,
1016 610 1212 667 multa
1242 625 1385 666 vero
1416 626 1675 683 corpora
1719 609 1937 668 mentis
1967 609 2146 665 unius

487 718 719 774 organa
750 717 881 758 esse
910 699 1384 772 comperiantur.
1434 699 1547 766 Qui
1587 698 1866 756 infirmus
1896 703 1989 756 est
2017 713 2146 756 cor-

486 808 655 867 pore,
708 791 931 849 multos
969 790 1156 847 habet
1198 805 1322 845 una
1369 805 1576 844 secum
1619 805 1690 845 ex
1729 788 1949 846 affectu
1985 785 2146 843 inﬁr-

486 899 623 940 mos
657 882 805 955 :qui
852 880 1058 938 animo
1101 883 1353 950 aegrotat
1397 894 1469 935 ac
1516 879 1799 949 concidit,
1832 879 1885 934 ei
1921 880 2143 950 praesto

486 977 628 1029 sunt
655 971 850 1038 multi,
873 986 910 1028 a
938 970 1163 1044 quibus
1193 972 1450 1035 curetur,
1483 968 1826 1042 pariterque
1855 969 2140 1037 erigatur.

486 1063 554 1119 Hi
582 1060 865 1135 aequabili
892 1061 1028 1131 jure
1056 1059 1211 1115 inter
1234 1075 1298 1114 se
1315 1057 1415 1114 alii
1439 1056 1695 1114 aliorum
1726 1063 1785 1114 et
1803 1057 1960 1113 servi
1977 1064 2140 1133 sunt,

484 1156 543 1208 et
582 1150 835 1216 domini,
868 1154 925 1205 et
964 1149 1026 1204 in
1062 1148 1338 1204 libertate
1380 1146 1603 1203 invicta
1652 1147 1999 1204 servitutem
2028 1148 2142 1205 sibi

480 1240 741 1297 invicem
769 1238 1057 1295 exhibent
1081 1236 1553 1309 integerrimam,
1586 1252 1774 1310 quam
1805 1236 1859 1292 vi
1887 1253 2013 1294 non
2045 1253 2143 1310 pe-

481 1330 638 1404 perit
667 1328 891 1385 fortuiti
939 1327 1196 1398 alicujus
1239 1342 1415 1383 casus
1463 1327 1811 1399 necessitas,
1840 1342 1978 1400 quae
2015 1343 2142 1384 non

478 1434 733 1492 parvam
782 1417 908 1474 suis
952 1416 1202 1490 captivis
1259 1415 1435 1472 affert
1480 1415 1802 1483 tristitiam,
1848 1416 1955 1473 sed
2001 1432 2140 1473 eam

477 1524 620 1564 cum
649 1506 876 1579 gaudio
922 1506 1213 1579 produxit
1252 1505 1516 1562 liberum
1547 1506 1736 1562 animi
1778 1505 2136 1573 arbitrium;

476 1599 767 1655 charitate
795 1596 1019 1653 liberos
1065 1596 1346 1653 homines
1388 1595 1541 1652 alios
1584 1595 1716 1651 aliis
1758 1595 2134 1667 subjiciente,

477 1702 549 1743 ac
598 1685 895 1742 voluntati
935 1684 1279 1741 libertatem
1338 1688 1636 1740 servante.
1677 1683 1846 1740 Tales
1896 1700 2010 1741 nos
2056 1683 2138 1741 ab

2254 521 2570 580 ταυτότητος
2598 523 2939 596 συνηρμόσθη
2950 541 3064 589 σαν,
3088 523 3224 575 ὥστε
3252 528 3377 596 μίαν
3397 526 3580 601 ψυχὴν
3597 530 3646 584 ἐν
3661 535 3869 601 πολλοῖς

2258 611 2472 698 σώμασι
2500 610 2830 698 θεωρεῖσθαι,
2864 613 2953 662 καὶ
2976 612 3044 663 τὰ
3070 609 3234 664 πολλά
3257 618 3479 687 σώματα
3505 626 3631 691 μιᾶς
3653 630 3868 698 γνώμης

2254 697 2447 770 ὄργανα
2486 694 2817 755 δείκνυσθαι.
2846 698 2904 752 Ὀ
2949 698 3179 754 ἀσθενῶν
3209 706 3268 755 τὸ
3302 712 3456 779 σῶμα
3497 709 3721 777 πολλούς
3751 694 3864 789 έχει

2250 792 2313 857 τῇ
2349 781 2586 840 διαθέσει
2612 790 3035 862 συγκάμνονταςι
3063 791 3088 843 6
3117 800 3283 844 νοσῶν
3312 799 3403 847 καὶ
3424 781 3857 866 καταπίπτωνττῆ

2247 873 2404 948 ψυχῇ
2434 875 2655 940 πολλοὺς
2683 881 2795 951 ἔχει
2825 883 2949 942 τοὺς
2979 880 3220 954 ἰωμένους
3249 888 3341 936 καὶ
3381 864 3860 960 συνδιανιστῶνταδς

2249 964 2426 1019 αὐτόν.
2458 964 2712 1025 Ἀλλήλων
2744 965 3034 1038 ἰσόδουλοι,
3069 968 3298 1030 ἀλλήλων
3338 976 3533 1051 κύριοι,
3581 986 3673 1034 καὶ
3714 981 3763 1035 ἔν
3793 994 3854 1046 τῆ

2250 1050 2447 1143 ἀμάχω
2472 1053 2732 1143 ἐλευθερίᾳ
2759 1062 2853 1117 τὴν
2884 1057 3258 1134 ἀκριϐεστέραν
3281 1058 3316 1115 δ
3319 1044 3526 1119 ουλείοιν⁷
3551 1069 3667 1143 (47)
3695 1044 3856 1133 ἀλλήί.

2246 1142 2357 1205 λοις
2414 1140 2912 1216 ἀντεπιδείκνυνται,
2959 1146 3020 1207 ἣν
3073 1148 3168 1201 ούκ
3231 1147 3431 1223 ἀνάγκη
3499 1140 3857 1232 περιστάσεως

2248 1236 2380 1307 πρὸς
2410 1232 2534 1306 βίαν
2575 1234 2692 1306 (48)
2737 1233 2988 1309 ἐπήγαγε,
3029 1236 3223 1297 πολλὴν
3262 1244 3491 1314 φέρουσα
3530 1253 3638 1307 τοῖς
3666 1246 3857 1302 ἁλοῦσι

2246 1325 2342 1381 τὴν
2374 1320 2622 1412 ἀθυμίαν,
2656 1322 2784 1377 ἀλλὰ
2810 1331 3023 1399 γνώμης
3070 1330 3130 1380 1'6
3181 1328 3485 1405 αὐθαίρετον
3526 1335 3639 1407 μετ’
3671 1336 3854 1412 εὐφρο·

2250 1414 2412 1474 σύνης
2458 1409 2881 1490 ἐδημιούργησεν
2906 1437 2919 1450 ι
2978 1414 3188 1489 ἀγάπης
3232 1422 3353 1482 τοὺς
3397 1419 3690 1496 ἐλευθέρους
3725 1409 3852 1481 61:6-

2245 1504 2552 1563 τασσούσης
2600 1501 2856 1572 ἀλλήλοις,
2909 1510 3001 1558 καὶ
3052 1514 3127 1577 τῷ
3172 1507 3466 1584 αὐθαιρέτῳ
3496 1514 3555 1564 1'6
3592 1510 3850 1590 ἐλεύθερον

2248 1589 2629 1663 φυλαττούσης.
2661 1596 2942 1656 Τοιούτους
2993 1596 3133 1668 ἡμᾶς
3178 1594 3232 1660 ἐξ
3276 1595 3455 1672 ἀρχῆς
3501 1601 3527 1652 6
3568 1606 3698 1665 Θεὸς
3722 1589 3852 1657 εἶναι

2248 1677 2565 1753 βεϐούληται
2625 1681 2762 1754 (49),
2830 1686 2921 1734 καὶ
2986 1682 3072 1737 ἐπὶ
3136 1688 3343 1750 τούτοις
3403 1684 3847 1765 ἐδημιούργησεν.

473 1775 642 1832 initio
672 1777 827 1832 Deus
875 1790 1005 1831 esse
1042 1773 1252 1838 voluit,
1295 1779 1353 1830 et
1380 1789 1452 1829 ea
1500 1773 1575 1830 de
1623 1790 1810 1830 causa
1840 1772 2124 1830 condidit.

2247 1768 2408 1822 Οὗτοι
2432 1773 2490 1822 τό
2522 1768 2749 1844 ἀρχαῖον
2774 1769 3150 1827 ἀνακαλοῦνται
3174 1775 3349 1849 καλὸν,
3375 1785 3466 1830 τοῦ
3488 1779 3849 1856 ἀρχιπάτορος

473 1866 562 1935 Hi,
590 1869 841 1939 peccato
883 1864 1063 1938 primi
1100 1864 1369 1938 parentis
1416 1862 1562 1919 Adae
1609 1864 1933 1935 occultato,
1989 1863 2137 1920 anti-

472 1971 666 2030 quum
695 1959 984 2013 revocant
1011 1953 1267 2010 bonum.
1290 1952 1511 2010 Divisio
1532 1954 1694 2009 enim
1715 1953 2137 2027 dissensioque

474 2050 531 2101 et
558 2043 787 2100 bellum
820 2057 943 2099 non
978 2046 1287 2099 exstarent
1330 2042 1486 2098 inter
1521 2041 1820 2114 homines,
1850 2042 1964 2099 nisi
1994 2058 2134 2116 pec-

474 2124 676 2190 catum
707 2138 988 2189 naturam
1039 2131 1359 2187 divisisset.
1404 2131 1468 2187 Hi
1516 2132 1866 2202 Servatoris,
1901 2132 2138 2189 institu-

472 2226 798 2296 torumque
826 2223 957 2278 vitae
990 2222 1141 2293 ejus,
1183 2237 1372 2295 quam
1412 2221 1476 2276 in
1518 2236 1699 2277 carne
1725 2221 1907 2294 degit,
1941 2223 2136 2279 imita-

468 2317 630 2369 tores
698 2318 839 2368 sunt
898 2310 1133 2367 sinceri.
1205 2309 1740 2376 Quemadmodﬂm
1808 2314 1973 2368 enim
2034 2311 2132 2369 ille

468 2406 681 2459 coacto
713 2400 1153 2474 discipulorum
1203 2406 1362 2456 coetu
1409 2400 1620 2456 omnia
1662 2402 2038 2472 communia,
2076 2409 2134 2462 et

467 2490 735 2564 seipsum
784 2504 1176 2546 communem
1223 2489 1484 2563 praebuit
1538 2491 1830 2562 apostolis
1871 2507 1885 2546 :
1936 2490 2018 2548 ita
2068 2490 2132 2548 hi

467 2595 718 2654 quoque
747 2577 888 2635 duci
918 2578 1292 2647 obedientes,
1349 2580 1397 2634 si
1446 2578 1631 2635 modo
1656 2578 1846 2653 probe
1877 2581 2008 2636 vitae
2039 2596 2129 2636 re-

463 2668 670 2741 gulam
700 2667 1044 2733 observent,
1073 2667 1491 2741 apostolorum
1530 2682 1602 2723 ae
1650 2667 1889 2723 Domini
1935 2667 2128 2741 ipsius

458 2758 705 2816 vivendi
731 2774 923 2829 genus
962 2762 1245 2814 accurate
1291 2757 1625 2812 imitantur.
1660 2757 1727 2811 Hi
1767 2755 2127 2825 angelorum

460 2846 825 2904 aemulantur
874 2848 1083 2915 vitam,
1138 2845 1381 2901 illorum
1436 2843 1711 2917 exemplo
1774 2845 2124 2902 societatem

461 2937 781 3008 diligenter
837 2942 1091 2994 tuentes.
1143 2933 1315 2992 Nulla
1370 2939 1461 2990 est
1514 2933 1587 2989 lis
1637 2935 1791 2990 inter
1848 2934 2120 3005 angelos,

458 3026 629 3084 nulla
680 3025 1008 3091 contentio,
1039 3023 1206 3080 nulla
1240 3022 1673 3090 controversia,
1715 3021 1821 3078 sed
1861 3022 2122 3096 quisque

2248 1854 2426 1947 ’Δδὰμ
2469 1864 2565 1919 τὴν
2613 1859 2873 1935 ἁμαρτίαν
2928 1860 3375 1927 ἐπικαλύπτοντες.
3420 1854 3687 1942 Διαίρεσις
3722 1854 3848 1947 γάρ,

2243 1953 2335 2000 καὶ
2399 1945 2719 2014 διάστασις,
2789 1956 2879 2004 καὶ
2944 1951 3164 2028 πόλεμος
3229 1956 3324 2007 ούκ
3386 1955 3446 2009 ἂν
3512 1954 3574 2017 ἦν
3641 1958 3690 2011 ἐν
3753 1945 3847 2013 ἀν·-

2247 2038 2495 2113 θρώποις,
2544 2043 2618 2111 μὴ
2667 2049 2762 2102 τῆς
2818 2039 3073 2117 ἁμαρτίας
3130 2039 3490 2117 διατεμούσης
3535 2052 3631 2107 τὴν
3671 2052 3843 2123 φύσιν.

2245 2127 2403 2179 Οὗτοι
2452 2125 2680 2202 ἀκριϐεῖς
2731 2134 2962 2202 μιμηταὶ
3012 2138 3106 2183 τοῦ
3155 2139 3388 2209 Σωτῆρος
3438 2140 3529 2188 καὶ
3584 2145 3680 2201 τῆς
3729 2140 3847 2193 κατ’

2243 2215 2394 2268 αὐτὸν
2449 2212 2497 2268 ἓν
2558 2221 2716 2290 σαρκὶ
2762 2217 3030 2282 πολιτείας
3085 2221 3445 2296 ὑπάρχουσιν.
3475 2222 3676 2302 Ὠσπερ
3743 2231 3844 2305 γὰρ

2241 2303 2429 2368 ἐκεῖνος
2461 2349 2478 2374 ,
2529 2310 2695 2383 χορὸν
2758 2309 3008 2381 μαθητῶν
3062 2314 3463 2386 συστησάμενος
3495 2356 3510 2383 ,
3574 2319 3723 2369 κοινὰ
3781 2303 3847 2372 τα

2238 2397 2425 2463 πάντα,
2459 2400 2549 2448 καὶ
2596 2400 2766 2450 κοινόν
2805 2397 2986 2451 ἑαυτὸν
3031 2406 3144 2463 τοῖς
3189 2398 3503 2466 ἀποστόλοις
3558 2410 3845 2482 παρέσχη-

2237 2503 2358 2537 κεν·
2416 2486 2552 2538 οὕτω
2609 2492 2700 2539 καὶ
2756 2487 2901 2540 οὗτοι
2960 2496 3034 2560 τῷ
3090 2492 3463 2565 καθηγουμένῳ
3526 2497 3842 2570 πειθόμενοι,

2238 2574 2349 2645 οἶγε
2407 2573 2578 2636 καλῶς
2634 2578 2724 2627 τὸν
2789 2578 2979 2629 κανόνα
3030 2585 3122 2630 1'66
3184 2577 3311 2652 βίου
3375 2578 3839 2655 διαφυλάσσοντες,

2237 2666 2331 2720 τὴν
2389 2671 2490 2715 τῶν
2540 2662 2841 2716 ἀποστόλων
2878 2671 2988 2737 ,καὶ
3034 2674 3126 2719 1'66
3178 2674 3374 2743 Κυρίου
3416 2672 3676 2727 πολιτείαν
3728 2676 3840 2749 μετ’

2238 2748 2507 2824 ἀκριϐείας
2544 2757 2887 2825 μεμίμηνται.
2931 2754 3093 2808 Οὗτοι
3148 2761 3243 2815 τὴν
3281 2766 3382 2810 τῶν
3433 2758 3659 2833 ἀγγέλων
3702 2748 3840 2828 ζωὴν

2236 2839 2554 2912 ἐζηλώκασι,
2585 2846 2644 2894 1'6
2669 2846 2989 2913 κοινωνικόν,
3032 2846 3206 2920 ὥσπερ
3238 2845 3439 2918 ἐκεῖνοι,
3474 2847 3550 2902 δι’
3576 2850 3841 2930 ἀκριϐείας

2235 2929 2566 3003 φυλάξαντες.
2603 2931 2714 2983 Ούκ
2743 2933 2884 2985 ἔστιν
2932 2932 2984 2986 ἓν
3023 2931 3263 3007 ἀγγέλοις
3292 2938 3417 3011 ξοις,
3447 2939 3505 2992 ού
3534 2941 3835 3015 φιλονεικία,

2233 3018 2329 3071 ούκ
2382 3017 2816 3093 ἀμφισϐήτησις·
2887 3024 3107 3085 ἕκαστος
3152 3027 3221 3077 τά
3279 3028 3484 3080 πάντων
3547 3033 3679 3102 ἔχει,
3747 3037 3838 3085 καὶ

455 3132 593 3189 quae
623 3116 899 3173 omnium
931 3119 1091 3181 sunt,
1124 3112 1413 3187 possidet,
1445 3116 1504 3167 et
1542 3117 1744 3168 tamen
1789 3128 2004 3169 omnes
2034 3115 2120 3170 in-

2233 3110 2417 3171 πάντες
2466 3108 2724 3185 ὁλόκληρα
2748 3109 2888 3186 ίπαρ’
2928 3110 3132 3175 ἑαυτοῖς
3179 3116 3246 3166 τὰ
3295 3113 3429 3167 καλὰ
3478 3121 3833 3190 ταμιεύονται.

453 3211 625 3276 tegra
674 3206 841 3262 bona
883 3202 1051 3275 apud
1099 3202 1331 3274 seipsos
1390 3200 1745 3257 recondunt.
1795 3205 1924 3257 Non
1981 3207 2121 3260 sunt

453 3295 619 3351 enim
668 3291 1028 3362 angelorum
1084 3289 1308 3346 divitiae
1367 3289 1617 3345 materia
1674 3289 1962 3362 quaedam
2015 3292 2123 3348 cir-

452 3382 840 3455 cumscripta,
859 3394 997 3452 quae
1018 3378 1515 3452 quandocunque
1533 3378 1595 3434 in
1608 3378 1813 3452 plures
1837 3378 2121 3437 distribui

451 3487 609 3545 opus
658 3470 755 3538 sit,
823 3469 1086 3524 sectione
1140 3467 1428 3538 indigeat,
1496 3467 1604 3524 sed
1670 3469 1982 3541 possessio
2032 3476 2122 3529 est

451 3576 674 3636 expers
703 3559 994 3625 materiae,
1024 3563 1080 3614 et
1101 3558 1320 3614 mentis
1339 3557 1581 3614 divitiae.

522 3655 581 3707 3.
622 3648 930 3705 Etidcirco
952 3649 1114 3704 bona
1142 3648 1294 3715 haec,
1313 3663 1454 3703 cum
1481 3647 1649 3721 apud
1671 3648 1942 3721 singulos
1972 3649 2119 3709 inte-

449 3755 561 3811 gra
588 3743 1007 3813 permaneant,
1031 3752 1246 3793 omnes
1268 3751 1341 3792 ex
1365 3752 1542 3810 aequo
1564 3737 1832 3794 efﬁciunt
1849 3738 2068 3796 divites
2098 3758 2113 3797 :

447 3829 677 3903 quippe
708 3842 843 3901 quae
883 3826 1257 3901 peculiarem
1300 3826 1450 3898 ipsis
1490 3828 1940 3898 possessionem
1969 3828 2119 3884 nulli

451 3917 876 3975 controversia:
902 3923 1006 3972 aut
1027 3914 1399 3972 contentioni
1432 3915 1762 3971 obnoxiam
1779 3916 2116 3988 praebeant.

447 4007 599 4065 Nam
629 4005 1063 4079 contemplatio
1092 4005 1317 4060 summi
1353 4004 1527 4077 562
1555 4004 1720 4073 boni,
1742 4010 1800 4061 et
1824 4005 2116 4062 virtutum

446 4097 942 4155 manifestissima
985 4094 1471 4167 comprehensio,
1494 4094 1853 4164 angelorum
1880 4100 1969 4150 est
1993 4096 2117 4151 the-

446 4203 686 4258 saurus,
719 4184 801 4241 ad
819 4200 957 4258 quae
987 4184 1288 4256 respicere
1327 4182 1464 4238 licet
1504 4183 1813 4251 omnibus,
1843 4199 2118 4258 unoquo-

444 4291 563 4349 que
598 4276 819 4331 horum
841 4272 1115 4329 notitiam
1139 4286 1211 4327 ac
1242 4271 1693 4343 possessionem
1714 4273 2113 4346 adipiscente.

443 4364 612 4421 Tales
642 4363 940 4419 exsistunt
969 4362 1077 4434 qui
1119 4361 1246 4416 veri
1294 4366 1436 4417 sunt
1482 4366 1721 4430 ascetae,
1753 4364 1857 4435 qui
1889 4379 2114 4437 nequa-

441 4470 630 4528 quam
663 4453 980 4508 vindicant
1022 4450 1136 4506 sibi
1177 4451 1499 4520 terrestria,
1527 4451 1636 4506 sed
1667 4452 2009 4524 disceptant
2035 4453 2112 4511 de

442 4540 1155 4613 coelestibus,eademque
1170 4539 1258 4595 sin
1268 4538 1391 4610 guli
1402 4539 1728 4596 individuis
1738 4542 2111 4615 quibusdam

440 4631 866 4706 partitionibus
896 4628 1066 4704 apud
1091 4645 1153 4685 se
1180 4629 1438 4702 quisque
1475 4629 1712 4699 integra
1743 4631 2106 4688 recondunt.

440 4720 682 4778 Virtutis
724 4722 888 4777 enim
920 4719 1224 4793 possessio
1252 4724 1359 4789 est,
1395 4723 1451 4775 et
1479 4725 1635 4775 recte
1674 4719 1974 4777 factorum
2023 4722 2108 4779 di-

436 4810 618 4881 vitia,
652 4814 709 4867 et
734 4810 1049 4867 laudanda
1071 4809 1344 4876 avaritia,
1373 4814 1430 4864 et
1452 4806 1867 4880 lacrymarum
1888 4828 2105 4884 expers

436 4900 676 4974 rapina,
697 4906 754 4956 et
775 4898 1135 4956 insatiabilis
1156 4897 1410 4954 aviditas
1435 4914 1731 4955 coronam
1758 4907 2102 4973 consecuta,

437 4995 494 5046 et
517 5006 658 5046 reus
691 4988 948 5045 efﬁcitur
977 4987 1259 5061 quisquis
1303 4988 1428 5043 vim
1472 5002 1596 5043 non
1639 4987 1802 5045 facit.
1843 4991 2109 5063 Rapiunt

437 5094 673 5147 omnes,
693 5083 751 5135 et
773 5094 957 5134 nemo
978 5075 1239 5133 afﬁcitur
1261 5076 1504 5147 injuria,
1529 5077 1611 5132 ob
1636 5078 1822 5151 idque
1843 5095 1962 5151 pax
1993 5080 2105 5136 has

436 5167 679 5224 divitias
718 5167 1050 5241 dispensat.
1086 5167 1152 5222 Hi
1180 5165 1461 5238 promissi
1500 5167 1671 5236 regni
1712 5167 1880 5224 bona
1902 5169 2104 5242 praeri-

436 5258 630 5331 piunt,
663 5257 768 5330 qui
789 5272 895 5330 per
921 5255 1209 5312 eximiam
1235 5272 1412 5310 suam
1436 5255 1679 5312 vivendi
1708 5258 2009 5315 rationem
2030 5275 2102 5317 ac

508 5474 623 5547 (4-7)
655 5473 856 5547 Codex
885 5472 1062 5547 _Colb.
1098 5479 1162 5547 9t
1195 5474 1364 5547 _Voss.
1409 5470 1790 5547 ἀκριϐεστάτην
1823 5471 2087 5547 δουλείαν.

509 5544 623 5620 (48)
654 5544 899 5620 Antiqui
918 5551 1046 5620 tres
1071 5544 1453 5620 tibriprmter
1484 5545 1754 5601 Combei‘.
1785 5551 1917 5620 πρὸς
1949 5545 2092 5620 βίαν.

435 5614 589 5674 Illud
609 5620 742 5691 πρὸς
768 5614 833 5671 iri
861 5615 1037 5672 editis
1054 5614 1542 5672 desiderabatur.

2233 3197 2309 3249 06
2374 3199 2475 3274 γάρ
2542 3197 2680 3251 ἔστιν
2736 3198 2831 3258 ὕλη
2887 3198 3303 3275 ἐμπερίγραπτος
3368 3205 3394 3255 6
3450 3213 3550 3257 τῶν
3608 3205 3835 3279 ἀγγέλων

2227 3287 2470 3355 πλοῦτος,
2520 3284 2735 3361 δεομένη
2768 3297 2955 3363 τομῆς,
2997 3292 3154 3349 ἡνίκα
3184 3290 3244 3344 ἂν
3278 3294 3438 3352 αὐτὴν
3468 3295 3700 3349 πλείοσιν
3726 3295 3835 3349 ἑπι-

2226 3378 2474 3450 νέμεσθαι
2514 3374 2605 3452 δέη
2641 3378 2774 3450 (50)⁶
2809 3376 2917 3431 ἀλλ’
2947 3378 3100 3442 ἇῦλος
3130 3382 3161 3440 ἠ
3202 3390 3415 3453 κτῆσις,
3460 3390 3551 3437 καὶ
3595 3382 3833 3451 διανοίας

2228 3473 2255 3518 6
2278 3473 2516 3528 πλοῦτος.

2299 3646 2351 3698 3.
2396 3646 2498 3696 Καὶ
2528 3638 2624 3695 διὰ
2666 3649 2819 3696 τοῦτο
2857 3644 2980 3719 παρ’
3020 3644 3263 3710 ἑκάστοις
3305 3646 3564 3726 ὁλόκληρα
3590 3654 3656 3703 τὰ
3699 3651 3833 3705 καλὰ

2225 3734 2444 3806 μένοντα
2520 3733 2716 3794 πάντας
2798 3733 3045 3808 ἰσοτίμως
3135 3735 3418 3800 πλουσίους
3506 3738 3782 3812 ἐργάζεται
3813 3758 3870 3806 ,“

2227 3820 2688 3895 ἀναμφισϐήτητον
2737 3823 2914 3886 αὐτοῖς
2953 3829 3045 3877 καὶ
3092 3826 3306 3899 ἄμαχον
3361 3832 3456 3886 τὴν
3486 3830 3678 3882 οἰκείαν
3708 3840 3833 3891 κτῆ-

2228 3929 2312 3963 σιν
2367 3915 2692 3986 παρέχοντα.
2749 3916 2959 3987 Θεωρία
3012 3916 3114 3989 γὰρ
3172 3923 3265 3967 1'66
3319 3915 3583 3972 ἀνωτάτου
3646 3920 3828 3989 καλοῦ,

2225 4003 2316 4052 καὶ
2381 3998 2574 4073 ἀρετῶν
2645 4003 2948 4073 σαφεστάτη
3023 4002 3323 4076 κατάληψις
3346 4048 3361 4074 ,
3434 4016 3534 4059 τῶν
3606 4007 3829 4083 ἀγγέλων

2224 4087 2339 4141 ἐστὶ
2388 4091 2752 4164 θησαύρισμα,
2811 4095 2944 4164 πρὸς
2993 4091 3029 4145 ἃ
3084 4092 3292 4167 βλέπειν
3358 4096 3556 4150 ἅπασιν
3613 4100 3827 4169 ἔξεστιν,

2224 4176 2502 4254 ὁλόκληρον
2533 4179 2701 4232 αὐτῶν
2726 4183 2821 4238 τήν
2858 4188 3054 4254 γνῶσιν
3097 4187 3187 4236 καὶ
3228 4189 3323 4244 τὴν
3371 4194 3560 4246 κτῆσιν
3605 4189 3828 4244 ἑκάστου

2221 4265 2592 4341 λαμϐάνοντος.
2624 4275 2864 4322 Τοιοῦτοι
2903 4272 2954 4324 οἱ
2994 4274 3129 4325 κατὰ
3174 4271 3419 4333 ἀλήθειαν
3469 4275 3717 4349 ἀσκηταὶ,
3767 4280 3827 4333 ού

2222 4365 2322 4409 τῶν
2359 4362 2553 4430 γηίνων
2600 4363 3048 4434 μεταποιούμενοι,
3098 4360 3228 4417 ἀλλά
3277 4373 3378 4417 τῶν
3429 4367 3679 4443 ούρανίων
3719 4368 3824 4443 ἀμ-

2221 4445 2609 4520 φισϐητοῦντες,
2679 4454 2770 4501 καὶ
2817 4449 3120 4525 ἀμερίστοις
3174 4450 3455 4528 διανομαῖς
3503 4461 3570 4511 τὰ
3616 4458 3750 4512 αύτά
3778 4461 3828 4513 οἱ

2218 4539 2406 4600 πάντες
2460 4538 2584 4612 παρ’
2634 4537 2833 4600 ἑαυτοῖς
2889 4541 3109 4603 ἕκαστος
3164 4542 3423 4618 ὁλόκληρα
3479 4548 3828 4622 θησαυρίζον-

2217 4644 2317 4687 τες.
2379 4624 2592 4701 Ἀρετῆς
2643 4629 2746 4702 γὰρ
2799 4631 2830 4688 ἡ
2877 4636 3110 4697 κτῆσις,
3174 4637 3266 4685 καὶ
3317 4638 3737 4709 κατορθωμάτων
3797 4639 3824 4690 6

2216 4715 2436 4783 πλοῦτος
2469 4757 2484 4786 ,
2541 4720 2632 4769 καὶ
2687 4716 2953 4782 πλεονεξία
3008 4718 3246 4781 ἐπαινετὴ
3280 4767 3297 4795 ,
3358 4728 3448 4775 καὶ
3523 4721 3824 4800 ἀδάκρυτος

2217 4804 2449 4881 ἁρπαγὴ,
2494 4812 2585 4860 καὶ
2610 4806 2878 4866 ἀπληστία
2926 4816 3324 4885 στεφανουμένη,
3374 4817 3462 4866 καὶ
3504 4816 3529 4867 6
3568 4821 3641 4888 μὴ
3693 4815 3826 4890 βια-

2217 4896 2432 4970 ςόμενος
2459 4899 2662 4969 ἔνοχος.
2715 4901 2912 4961 Πάντες
2966 4900 3303 4974 ἁρπάζοντες,
3335 4908 3427 4957 καὶ
3481 4903 3653 4968 οὐδεὶς
3691 4905 3821 4961 οἱδι-

2214 4988 2462 5059 κούμενος
2494 5028 2509 5054 ,
2569 4993 2659 5041 καὶ
2708 4986 2802 5042 διά
2847 4998 3003 5043 τοῦτο
3040 4992 3217 5067 εἰρήνη
3284 5001 3358 5066 τῷ
3405 4994 3613 5069 πλούτῳ
3679 4997 3819 5072 βρα-

2215 5073 2460 5129 ϐεύουσα.
2534 5078 2696 5131 Οὗτοι
2774 5087 2872 5141 τῆς
2947 5079 3323 5156 ὶπηγγελμένης
3406 5083 3684 5158 βασιλείας
3753 5090 3819 5139 τά

2213 5163 2386 5237 ἀγαθὰ
2423 5168 2851 5244 προαρπάζουσι,
2895 5173 2990 5228 τήν
3038 5169 3271 5246 ἐνάρετον
3329 5172 3521 5229 ἑαυτῶν
3558 5176 3814 5229 πολιτείαν

2211 5260 2300 5308 καὶ
2352 5263 2620 5311 κοινωνίαν
2663 5257 2872 5332 ἀκριϐὲς
2917 5264 3137 5335 μίμημα
3190 5271 3286 5326 τῆς
3328 5262 3494 5319 ἐκεῖσε
3550 5262 3815 5338 διαγωγῆς

2206 5472 2588 5599 λεΗθεὶἱ
2645 5473 2769 5532 duo
2825 5491 2972 5533 mss.
3026 5476 3360 5550 βεϐούλευτο.
3418 5481 3581 5539 Alius
3633 5480 3817 5556 βεϐού-

2279 5618 2390 5689 (50)
2423 5615 2623 5675 Codex
2648 5617 2815 5677 C011).
2849 5617 3185 5694 ἐπινέμεσθαι
3216 5618 3349 5676 δέοι.
