4120 6376
226 379 362 434 1385

1363 368 1958 428 CONSTITUTIONES
2013 367 2451 425 MONASTICE.

3455 369 3593 422 i386

224 522 315 559 και
369 498 743 560 καταστάσεως
769 504 1158 571 ιπαριστῶντες.
1207 496 1369 550 Οὗτοι
1419 502 1512 556 τὴν
1563 496 1859 554 ἀκτησίανι

1971 494 2285 548 ocietatem
2333 491 2512 564 plane
2568 491 2878 548 imitentur
2925 491 3112 550 vitam
3152 491 3463 548 caelestem
3521 506 3592 548 ac

1597 585 1824 644 ἀλλήλων

231 679 292 734 δε
346 683 412 732 τὰ
457 681 646 731 πάντα.
700 677 914 730 ’Κιλίκων
965 679 1088 749 ἡμῖν
1141 675 1349 748 ἀγαθῶν
1398 679 1427 736 ἡ
1462 685 1552 729 τοῦ
1593 685 1830 750 Σωτῆρος

227 592 424 650 τελείως
475 590 847 662 κατώρθωσαν,
899 584 1049 640 οὐδὲν
1096 583 1235 639 ἴδιον
1288 590 1515 659 ἔχοντες,

233 769 616 844 ἐνανθρὼπησις
672 766 915 842 πρόξενος
967 770 1163 837 γέγονε,
1215 775 1387 839 σαφῶς
1439 763 1584 818 οὗτοι
1628 773 1698 836 τῷ
1729 763 1830 838 βίῳ

233 867 332 911 τῶν
387 856 666 930 ἀνθρώπων
725 852 1017 922 ὑπέδειξαν,
1061 859 1156 913 τὴν
1215 852 1560 930 διερρωγυῖαν
1616 864 1717 906 τῶν
1750 852 1832 906 ἀν-

238 950 454 1024 θρώπων
493 948 667 1018 φύσιν,
714 948 803 996 καὶ
865 945 935 1005 εἰς
977 949 1143 1020 μυρία
1198 947 1647 1017 κατατμηθεῖσαν,
1692 948 1748 996 τό
1776 963 1835 1016 γε

237 1036 316 1089 ἐπ’
362 1035 540 1095 αὐτοῖς
597 1035 725 1104 (51),
781 1034 934 1086 πάλιν
986 1037 1288 1106 συνάγοντες
1345 1037 1475 1108 πρὸς
1527 1035 1712 1091 ἑαυτήν
1753 1051 1838 1104 ιτε

237 1130 329 1178 καὶ
366 1128 495 1198 πρὸς
521 1127 607 1176 τὸν
638 1126 784 1178 Θεὸν.
826 1131 991 1176 Τοῦτο
1036 1127 1137 1196 γὰρ
1187 1128 1243 1176 τὸ
1283 1123 1556 1196 κεφάλαιον
1605 1133 1699 1184 τῆς
1746 1130 1837 1175 τοῦ

241 1223 477 1287 Σωτῆρος
521 1216 656 1265 κατὰ
713 1216 886 1288 σάρκα
944 1214 1260 1286 οἰκονομίας,
1320 1215 1401 1266 ἵνα
1431 1218 1524 1272 τὴν
1575 1212 1838 1286 ἀνθρωπί-

239 1323 329 1362 νην
360 1306 513 1376 φύσιν
551 1307 683 1376 πρὸς
727 1303 906 1361 ἑαυτὴν
945 1323 997 1355 τε
1028 1307 1266 1376 καὶπρὸς
1318 1303 1497 1356 ἑαυτὸν
1543 1304 1839 1375 συναγάγῃ,

238 1398 329 1446 καὶ
394 1397 488 1451 τὴν
529 1395 760 1464 πονηρὰν
817 1397 1118 1464 κατατομήν
1195 1392 1390 1459 ἐξελὼν,
1450 1397 1542 1451 τήν
1609 1390 1841 1466 ἀρχαίαν

244 1481 628 1539 ἁνακαλέσηται
696 1483 897 1534 ἕνωσιν·
969 1484 1201 1555 καθάπερ
1262 1503 1339 1544 τις
1395 1484 1607 1556 ἄριστος
1671 1482 1842 1556 ἰατρός

247 1580 401 1644 σῶμα
446 1573 584 1622 κατὰ
629 1569 792 1622 πο).λὰ
846 1575 975 1646 μέρη
1027 1568 1286 1644 διαιρεθὲν
1334 1575 1623 1646 φαρμάκοις
1673 1591 1843 1630 σωτη-

245 1666 380 1737 ρίοις
421 1655 771 1715 ἀνασυνδέων.

316 1753 372 1806 4.
427 1755 527 1802 Καὶ
573 1756 740 1801 ταῦτα
771 1745 1008 1815 διῆλθον,
1051 1749 1156 1822 ούχ
1189 1752 1270 1803 ἶνα
1314 1751 1740 1826 φιλοτιμήσωμαί
1770 1770 1842 1820 τι,

1935 585 2179 638 statum.
2216 580 2320 637 Hic
2352 581 2773 653 suntperfecte
2804 581 3034 654 inopes,
3076 582 3225 638 nihil
3254 581 3593 654 proprium,

1937 671 2044 728 sed
2092 670 2300 726 omnia
2337 669 2489 725 inter
2528 685 2590 724 se
2627 671 2979 724 communia
3014 669 3326 726 habentes.
3357 673 3512 735 Quot
3541 673 3599 724 et

1939 766 2170 834 quanta
2188 760 2353 816 bona
2373 758 2549 815 nobis
2565 758 2893 814 conciliarit
2913 760 3239 815 Servatoris
3259 758 3598 815 incarnatio

1939 851 2000 906 hi
2059 851 2174 922 ipsi
2223 850 2744 923 apertehumano
2797 849 2998 919 generi
3049 849 3461 917 ostenderunt,
3491 847 3600 920 qui

1943 942 2315 1000 confractam
2343 941 2662 998 hominum
2691 945 2997 1007 naturam,
3040 943 3098 996 et
3141 939 3200 994 in
3250 939 3603 995 innumeras

1943 1039 2144 1109 partes
2174 1032 2522 1100 dissectam,
2550 1035 2848 1103 quantum
2875 1030 2934 1085 in
2966 1030 3113 1102 ipsis
3153 1029 3281 1098 fuit,
3312 1045 3521 1084 rursus
3547 1032 3605 1084 et

1947 1123 2028 1181 ad
2059 1122 2326 1195 seipsam
2351 1127 2408 1177 et
2446 1121 2525 1178 ad
2583 1123 2770 1176 Deum
2816 1119 3201 1189 collegerunt.
3262 1121 3397 1174 Haec
3440 1117 3604 1173 enim

1948 1228 2190 1269 summa
2213 1215 2302 1267 est
2340 1227 2550 1266 eorum
2578 1226 2715 1283 qua:
2745 1210 2805 1265 in
2828 1224 3007 1265 carne
3037 1213 3208 1279 gesta
3241 1213 3378 1265 sunt
3409 1224 3445 1264 a
3473 1206 3604 1264 Sal-

1946 1307 2173 1373 vatore,
2206 1306 2272 1356 ut
2298 1301 2638 1357 humanam
2666 1307 2949 1356 naturam
3006 1303 3129 1356 tam
3184 1297 3262 1354 ad
3315 1299 3603 1371 seipsam,

1948 1409 2140 1466 quam
2176 1395 2234 1447 et
2269 1391 2347 1447 ad
2393 1391 2658 1463 seipsum
2693 1390 2872 1446 etiam
2903 1392 3256 1456 accerseret,
3283 1393 3342 1445 et
3370 1388 3609 1445 sublata

1949 1497 2137 1556 prava
2169 1481 2431 1536 sectione
2461 1484 2772 1537 revocaret
2801 1480 3069 1553 priscam
3095 1479 3605 1551 conjunctionem,

1950 1587 2075 1627 non
2089 1587 2262 1627 secus
2283 1587 2353 1626 ac
2369 1569 2640 1626 medicus
2653 1571 2942 1642 optimus,
2957 1570 3061 1642 qui
3080 1585 3300 1642 corpus
3315 1568 3517 1641 plures
3545 1569 3608 1624 in

1951 1665 2154 1734 partes
2177 1660 2488 1717 concisum
2521 1660 2888 1716 salutaribus
2901 1660 3357 1717 medicamentis
3376 1659 3608 1730 religat.

2024 1756 2076 1807 4.
2108 1755 2302 1823 Atque
2326 1751 2457 1806 haec
2479 1752 2772 1816 recensui,
2801 1765 2923 1807 non
2955 1750 3250 1822 utglorier
3264 1749 3384 1806 ullo
3407 1754 3609 1824 pacto,

245 1843 336 1892 καὶ
378 1845 486 1901 τοῖς
535 1838 706 1909 λόγοις
751 1836 925 1912 ἑπάρω
962 1841 1029 1891 τὰ
1067 1849 1166 1891 τῶν
1194 1840 1533 1893 κοινοϐιακῶν
1583 1841 1700 1913 (5'2)
1727 1860 1846 1893 κατ-

1971 1846 2012 1899 at
2040 1841 2480 1897 emnobitarum
2505 1845 2663 1897 recte
2687 1841 2842 1896 facta
2862 1839 3066 1896 verbis
3087 1839 3370 1896 extollam
3393 1841 3612 1912 (neque

248 1929 530 2004 ορθωματα
559 1928 641 1994 (ού
670 1930 768 2003 γὰρ
801 1931 1034 1986 τοσαύτη
1083 1925 1308 2002 δύναμις
1360 1939 1456 1983 τῶν
1497 1930 1629 2004 ἱμῶν
1659 1931 1846 2002 λόγων,

249 2021 383 2070 ὥστε
430 2019 495 2069 τὰ
559 2017 759 2089 μεγάλα
837 2021 1118 2091 σεμνύνειν,
1193 2020 1491 2073 τόύναντίον
1543 2017 1603 2074 δὲ
1660 2020 1849 2093 μᾶλλον

248 2112 340 2160 καὶ
388 2105 654 2182 ἀμαυροῦν
705 2114 769 2179 τῇ
818 2112 935 2176 περὶ
993 2113 1086 2166 τήν
1145 2104 1401 2181 διήγησιν
1455 2108 1714 2182 ἀσθενείᾳ)
1741 2109 1851 2162 ἀλλ’

253 2199 355 2260 ἶνα,
408 2200 474 2258 ὡς
503 2197 609 2248 οἷόν
638 2216 710 2264 τε,
765 2193 954 2250 διέλθω
979 2203 1068 2250 καὶ
1099 2196 1342 2261 ἐπιδείξω
1366 2201 1480 2271 (53)
1512 2203 1570 2252 τὸ
1600 2208 1690 2253 τοῦ
1720 2219 1853 2252 κατ-

253 2287 554 2359 ορθώματος
597 2285 725 2356 ὕψος
781 2290 867 2337 καὶ
918 2289 1150 2360 μέγεθος.
1217 2291 1282 2340 Τί
1352 2291 1455 2362 γὰρ
1513 2287 1572 2340 ἂν
1633 2289 1702 2351 εἰς
1740 2293 1854 2341 ἴσον

252 2372 391 2426 ἔλθοι
419 2383 494 2445 τῷ
558 2373 698 2445 καλῷ
749 2378 914 2446 τούτῳ
973 2372 1068 2427 διὰ
1119 2381 1438 2452 συγκρίσεως
1470 2377 1692 2446 ;ε”οπου
1756 2380 1856 2453 γὰρ

255 2469 422 2537 πατὴρ
471 2465 560 2534 μὲν
620 2465 692 2525 εἷς
743 2467 1061 2537 μιμούμενος
1109 2469 1194 2517 τόν
1247 2467 1352 2518 ἄνω
1410 2472 1635 2542 Πατέρα,
1676 2465 1859 2528 παῖδες

261 2548 321 2604 δε
383 2551 563 2604 πολλοὶ
614 2559 760 2624 νικᾷν
815 2550 1197 2617 ἐσπουδακότες
1267 2555 1519 2619 ἀλλήλους
1570 2565 1686 2618 ταῖς
1741 2561 1860 2631 περὶ

259 2644 347 2694 τὸν
424 2644 726 2716 προστάτην
797 2643 1040 2713 εὐνοίαις,
1116 2641 1302 2706 παῖδες
1347 2649 1473 2720 πρὸς
1531 2646 1747 2707 ἑαυτούς
1808 2665 1862 2699 τε

260 2731 613 2804 ὁμονοοῦντες,
645 2736 734 2784 καὶ
775 2735 866 2784 τόν
921 2738 1123 2807 πατέρα
1170 2743 1281 2796 ταῖς
1339 2734 1591 2810 ἐναρετοις
1638 2736 1862 2810 πράξεσι

261 2817 600 2893 δεξιούμενοι,
647 2821 707 2873 ού
765 2825 918 2894 φύσιν
965 2832 1062 2885 τῆς
1103 2829 1377 2898 συναφείας
1425 2826 1598 2880 αἰτίαν
1637 2826 1861 2899 ἐπιγρα-

261 2915 489 2984 φόμενοι,
541 2911 692 2982 λόγον
741 2908 802 2963 δε
853 2915 1053 2985 φύσεως
1111 2912 1444 2990 βεϐαιότερον
1497 2924 1592 2977 τῆς
1639 2915 1862 2977 ἐνὼσεως

259 2998 504 3074 ἀρχηγὸν
587 3005 677 3052 καὶ
729 3000 933 3072 φύλακα
986 3006 1354 3077 ποιησάμενοι,
1417 3010 1506 3058 καὶ
1569 3009 1863 3079 Πνεύματος

260 3087 410 3160 ἁγίου
462 3085 642 3161 δεσμῷ
695 3093 1058 3165 κρατούμενοι.
1125 3099 1254 3146 Τίνα
1301 3093 1362 3145 ἆν
1415 3095 1588 3147 εἰκόνα
1625 3105 1724 3148 τῶν
1781 3094 1865 3148 ἐπὶ

257 3186 352 3240 τῆς
378 3186 475 3250 γῆς
528 3179 600 3240 εἰς
649 3181 985 3252 παράστασιν
1030 3185 1201 3254 ἔχοιεν
1235 3185 1473 3256 τῆς
1520 3193 1612 3238 τοῦ
1670 3204 1864 3260 κατορ-

263 3268 500 3339 θώματος
528 3266 714 3341 ἀρετῆς
748 3285 762 3335 ;
798 3269 955 3324 Ἀλλὰ
979 3279 1100 3322 ’τῶν
1132 3275 1222 3344 μεν
1272 3273 1356 3326 ἐπὶ
1412 3281 1507 3335 τῆς
1561 3284 1662 3347 γῆς
1719 3271 1866 3328 ούδε-

262 3360 404 3426 μίαν·
450 3359 578 3427 μόνη
637 3353 696 3408 δε
731 3358 760 3414 ἡ
810 3359 915 3408 ἄνω
974 3357 1204 3432 λφίπεται
1449 3363 1684 3425 Ἀπαθής
1716 3366 1869 3417 ὁᾶνω

266 3448 470 3518 Πατήρ·
504 3441 644 3515 δίχα
698 3447 895 3506 πάθους
932 3451 1022 3498 καὶ
1077 3448 1406 3522 οὔτος,λόγῳ
1465 3456 1587 3515 τοὺς
1638 3454 1872 3515 ἅπαντας

265 3537 679 3605 προσαγόμενος.
737 3533 990 3610 Ἀφθοροι
1038 3539 1086 3588 οἱ
1129 3533 1314 3600 παῖδες
1350 3548 1442 3593 τοῦ
1499 3543 1604 3594 ἄνω
1645 3547 1868 3617 Πατρός·

267 3620 496 3696 ἀφθορία
539 3628 629 3675 καὶ
679 3627 897 3686 τούτους
962 3626 1350 3686 εἰσεποιήσατο.
1414 3629 1618 3702 Ἀγάπη
1692 3628 1874 3684 συνδεί

268 3714 336 3764 τὰ
382 3713 509 3764 ἄνω·
563 3711 740 3784 ἀγάπη
797 3719 887 3766 καὶ
938 3717 1148 3776 τούτους
1203 3720 1330 3792 πρὸς
1383 3717 1634 3782 ἀλλήλους
1686 3727 1876 3797 συνήρ-

270 3819 447 3874 μοσεν.
500 3799 698 3864 Ὀντως
755 3801 1070 3878 ἀπαγορεύει
1123 3806 1236 3878 (56)
1288 3811 1418 3882 πρὸς
1474 3813 1568 3868 τήν
1629 3813 1874 3870 τοιαύτην

270 3889 512 3963 φάλαγγα
550 3897 642 3944 καὶ
693 3893 850 3956 αύτός
893 3895 918 3945 ὁ
974 3891 1239 3964 διάϐολος,
1272 3897 1366 3950 ούκ
1413 3896 1581 3972 ἀρκῶν
1613 3904 1744 3976 πρὸς
1782 3919 1874 3954 το-

269 3983 491 4043 σούτους
557 3980 864 4053 ἀγωνιστὰς,
923 3983 1090 4048 οὕτως
1139 3987 1396 4050 εὐσταλῶς
1443 3995 1534 4042 καὶ
1591 4010 1874 4068 συγκεκρο-

261 4075 488 4143 τημένως
512 4071 627 4123 κατ’
658 4071 851 4126 ἐκείνου
910 4079 1304 4148 στρατεύοντας,
1362 4081 1451 4131 καὶ
1503 4089 1749 4135 τοσοῦτον
1806 4091 1868 4156 τῇ

262 4157 439 4233 ἀγάπη
475 4167 868 4224 συνησπικότας
923 4162 1161 4228 ἀλλήλοις
1217 4172 1306 4220 καὶ
1361 4176 1740 4244 φραττομίνους
1799 4181 1871 4244 τῷ

260 4251 542 4322 Πνεύματι,
595 4251 731 4302 ὥστε
773 4257 907 4323 μήτε
967 4251 1319 4327 βραχυτάτην
1372 4261 1489 4310 τινά
1517 4258 1872 4332 παρείσδυσιν

258 4345 370 4400 ταῖς
419 4338 612 4392 ἐκείνου
655 4337 837 4412 βολαῖς
895 4351 1218 4415 παρασχεῖν.
1272 4350 1456 4398 Σκόπει
1514 4367 1605 4418 μοι
1653 4356 1747 4408 τήν
1776 4359 1873 4402 τῶν

265 4429 396 4482 ἑπτὰ
443 4428 802 4481 Μακκαϐαίων
863 4432 1136 4503 σύμφωνον
1189 4433 1434 4504 ἄθλησιν,
1481 4442 1570 4488 καὶ
1637 4441 1878 4512 εὑρήσεις

1957 1932 2119 1990 enim
2149 1935 2316 1988 tanta
2344 1931 2489 1986 mihi
2514 1931 2672 1987 inest
2692 1930 2933 1986 dicendi
2960 1930 3238 1998 facultas,
3263 1935 3327 1988 ut
3369 1931 3612 1987 valeam

1959 2037 2186 2093 magna
2214 2036 2528 2084 exornare,
2555 2021 2678 2076 imo
2707 2021 2908 2093 potius
2933 2021 3025 2076 his
3047 2021 3300 2077 oﬂ‘undo
3339 2019 3616 2077 tenebras

1959 2127 2069 2185 per
2099 2126 2298 2166 meam
2330 2109 2391 2166 in
2417 2108 2677 2166 dicendo
2696 2109 3153 2181 infirmitatem),
3187 2111 3293 2166 sed
3342 2117 3409 2167 ut
3460 2126 3615 2182 prae-

1963 2201 2110 2258 clari
2128 2200 2311 2271 hujus
2333 2199 2590 2254 instituti
2609 2198 2986 2255 altitudinem
3006 2199 3619 2273 magnitudinemque

1965 2307 2076 2364 pro
2100 2288 2331 2345 viribus
2352 2287 2646 2360 explicem
2668 2304 2738 2344 ac
2766 2290 3110 2345 ostendam.
3144 2290 3296 2356 Quid
3321 2290 3481 2346 enim
3512 2303 3619 2363 po-

1967 2383 2080 2436 test
2113 2395 2186 2434 ex
2214 2393 2394 2450 aequo
2423 2393 2560 2432 cum
2586 2376 2702 2433 hoc
2729 2377 3259 2452 bono:comparari
3287 2380 3314 2432 ‘?
3343 2379 3429 2435 lbi
3457 2379 3619 2435 enim

1969 2475 2035 2526 ut
2053 2472 2225 2533 pater
2248 2482 2406 2522 unus
2429 2471 2539 2538 est,
2564 2467 2670 2540 qui
2697 2467 2964 2524 imitatur
3002 2484 3335 2542 supernum
3365 2472 3618 2536 Patrem,

1969 2559 2052 2616 ita
2099 2557 2446 2630 complures
2503 2556 2609 2612 iilii
2667 2564 2825 2620 sunt,
2885 2559 2991 2631 qui
3045 2559 3282 2615 vincere
3349 2575 3410 2615 se
3476 2558 3624 2615 invi-

1971 2663 2100 2704 cem
2132 2645 2330 2703 suain
2354 2644 2702 2717 praefectum
2721 2645 3146 2703 benevolentia
3178 2647 3437 2719 student,
3494 2645 3625 2712 ﬁlii,

1971 2739 2246 2811 inquam,
2295 2737 2400 2810 qui
2441 2741 2499 2793 et
2540 2737 2695 2793 inter
2745 2753 2807 2792 se
2853 2737 3260 2794 concordibus
3309 2743 3449 2794 sunt
3499 2736 3628 2794 ani-

1971 2829 2106 2898 mis,
2141 2833 2198 2884 et
2243 2832 2479 2899 patrem
2509 2826 2766 2897 egregiis
2798 2826 3011 2882 ofﬁciis
3042 2832 3099 2883 et
3141 2827 3449 2900 obsequiis
3494 2841 3632 2902 pro-

1973 2921 2327 2991 sequuntur,
2383 2932 2506 2972 non
2561 2915 2624 2971 in
2683 2921 2900 2972 natura
2977 2921 3308 2973 statuentes
3372 2917 3630 2988 conjun-

1973 3006 2188 3063 ctionis
2215 3022 2285 3061 ac
2315 3004 2782 3062 necessitudinis
2811 3021 2936 3061 suae
2961 3021 3213 3062 causam
3237 3024 3250 3074 ;
3276 3006 3381 3061 sed
3409 3005 3634 3062 ﬁrmio-

1973 3112 2104 3152 rem
2133 3101 2352 3152 natura
2381 3094 2679 3151 rationem
2723 3094 3061 3150 concordia:
3113 3112 3236 3151 suae
3284 3095 3503 3151 ducem
3562 3111 3631 3152 ac

1897 3202 1938 3258 ε
1977 3186 2291 3242 custodem
2303 3191 2684 3257 reponentes,
2700 3201 2886 3256 seque
2899 3183 3378 3268 constringentes
3390 3183 3636 3241 vinculo

1981 3276 2234 3350 Spiritus
2262 3275 2479 3332 sancti.
2503 3277 2646 3340 Quae
2653 3275 2783 3346 jam
2805 3290 3007 3331 rerum
3029 3275 3398 3331 terrestrium
3430 3275 3636 3347 imago

1978 3367 2171 3441 possit
2199 3365 2472 3438 prasclari
2495 3364 2654 3420 illius
2681 3364 2931 3420 instituti
2985 3365 3368 3436 paestantium
3417 3381 3487 3421 ac
3553 3363 3638 3420 di-

1981 3457 2273 3528 gnitatem
2293 3455 2627 3527 exprimere
2657 3456 2686 3510 ?
2717 3455 3178 3528 Atquiprofecto
3204 3455 3370 3512 nulla
3390 3455 3638 3528 quidem

1983 3552 2074 3602 est
2093 3546 2154 3601 in
2185 3544 2458 3612 terrenis,
2482 3544 2588 3600 sed
2615 3543 2743 3600 sola
2765 3560 3032 3617 superna
3057 3544 3434 3618 relinquitur.
3454 3543 3642 3600 Nullis

1983 3634 2301 3691 affectibus
2355 3633 2653 3690 obnoxius
2703 3638 2796 3690 est
2846 3636 3018 3690 Pater
3072 3633 3329 3688 caelestis
3368 3633 3512 3703 ,‘his
3542 3633 3642 3688 hic

1983 3739 2228 3798 quoque
2254 3722 2544 3779 immunis
2585 3726 2696 3788 est,
2750 3723 2865 3778 sibi
2918 3739 3196 3778 sermone
3246 3738 3317 3778 ac
3363 3722 3645 3779 doctrina

1983 3814 2315 3871 concilians
2343 3829 2576 3869 omnes.
2606 3812 2940 3884 lncorrupti
2969 3812 3074 3868 ﬁlii
3104 3811 3355 3867 caelestis
3404 3810 3590 3867 Patris
3625 3829 3638 3879 ;

1983 3907 2094 3963 hos
2124 3905 2305 3962 etiam
2372 3902 2686 3975 adoptavit
2729 3902 3062 3973 integritas.
3112 3901 3382 3958 Charitas
3421 3914 3642 3957 conne-

1983 3997 2085 4054 ctit
2114 4010 2382 4068 superna
2417 4011 2430 4062 ;
2464 3993 2726 4049 charitas
2751 3993 2932 4048 etiam
2962 3991 3074 4048 hos
3103 3991 3258 4048 inter
3310 4006 3375 4046 se
3421 3989 3643 4047 coadu-

1981 4089 2170 4144 navit.
2199 4087 2344 4141 Vere
2375 4087 2434 4140 et
2462 4082 2746 4138 diabolus
2797 4082 2928 4154 ipse
2959 4081 3032 4138 de
3090 4080 3444 4153 liujusmodi
3493 4080 3640 4153 pha-

1979 4177 2160 4246 lange
2181 4175 2485 4246 desperat,
2512 4172 2711 4245 impar
2733 4177 2815 4228 tot
2835 4171 3280 4245 pugnatoribus
3307 4171 3460 4228 adeo
3478 4182 3641 4226 com-

1979 4266 2174 4338 posite
2191 4265 2364 4336 563
2382 4279 2451 4318 ac
2465 4262 2779 4318 confertim
2797 4262 3090 4318 adversus
3118 4263 3322 4334 ipsum
3339 4260 3644 4318 militanti-

1983 4356 2118 4419 bus,
2148 4358 2439 4424 tantaque
2473 4367 2613 4407 cum
2647 4352 2959 4418 charitate,
3012 4352 3358 4408 testitudine
3398 4351 3551 4408 inter
3581 4368 3646 4408 se

1986 4443 2166 4507 facta,
2229 4440 2618 4496 certantibus.
2650 4441 2991 4512 Spirituque
3021 4441 3102 4496 ita
3137 4441 3323 4511 septis
3382 4445 3438 4496 et
3480 4453 3644 4496 com-

269 4521 414 4593 παρὰ
468 4521 668 4580 τούτοις
717 4521 1026 4595 θερμοτέραν
1077 4525 1172 4580 τὴν
1237 4529 1558 4596 συμφωνίαν.
1595 4533 1718 4601 Περὶ
1757 4531 1859 4586 τού,

1991 4529 2266 4599 munitis,
2301 4534 2362 4585 ut
2391 4545 2466 4584 ne
2497 4528 2821 4584 minimum
2843 4529 3094 4600 quidem
3123 4529 3282 4583 illius
3309 4528 3642 4585 assultibus

273 4628 373 4661 των
418 4604 586 4661 Δαϐὶδ
647 4610 672 4660 ὁ
722 4614 992 4683 προφήτης
1050 4609 1098 4663 ἒν
1150 4609 1316 4684 ᾠδαῖς
1401 4614 1652 4674 ἀνεϐόησε
1699 4617 1880 4690 λέγων’

271 4694 411 4752 Ἰδού
489 4693 581 4767 δή,
657 4703 710 4750 τί
776 4697 954 4760 καλὸν,
1018 4701 1046 4760 ἦ
1125 4706 1177 4754 τί
1243 4707 1478 4776 τερπνόν,
1547 4705 1654 4758 ἀλλ’
1724 4708 1754 4766 ἦ
1823 4711 1881 4762 τό

275 4792 534 4841 κατοικεῖν
580 4784 834 4860 ἀδελφοὺς
896 4787 980 4842 ἐπὶ
1027 4793 1085 4842 τὸ
1143 4791 1270 4845 αὐτό
1329 4811 1342 4856 ;
1392 4801 1464 4865 τῷ
1513 4797 1602 4868 μὲν
1651 4797 1791 4869 καλῷ
1822 4801 1882 4852 τὸ

275 4884 369 4930 τοῦ
419 4875 542 4950 βίου
601 4873 818 4951 δόκιμον
867 4882 1150 4954 παριστὰς,
1210 4889 1282 4954 τῷ
1333 4878 1391 4936 δὲ
1447 4893 1647 4959 τερπνῷ
1701 4891 1794 4946 τήν
1825 4886 1879 4940 ἐκ

276 4974 373 5029 τῆς
424 4967 664 5038 ὁμονοίας
718 4972 808 5021 καὶ
869 4976 964 5030 τῆς
1021 4969 1247 5033 ἑνὼσεως
1305 4971 1648 5048 εὐφροσύνην.
1752 4979 1879 5034 Τοῦ-

351 5199 462 5278 (51)
493 5194 697 5278 codex
738 5199 912 5278 _Voss.
941 5204 1001 5259 et
1028 5200 1196 5261 Colb.
1219 5208 1278 5259 τό
1306 5223 1366 5278 γε
1396 5203 1477 5261 ἐπ’
1505 5207 1700 5272 αὐτοῖς.
1735 5209 1890 5269 Editi

276 5272 411 5346 κατά
439 5292 496 5346 γε
521 5276 578 5325 τό
593 5272 668 5346 in"
693 5273 886 5346 αύτοίς.

349 5343 462 5414 (52)
492 5345 737 5417 Antiqui
767 5349 884 5417 tres
905 5343 1046 5401 libri
1091 5356 1193 5399 τῶν
1247 5349 1578 5410 κοινωνικῶν.
1628 5353 1780 5410 Editi
1830 5359 1887 5412 et

281 5413 424 5484 Reg.
446 5413 670 5472 'tertius‘
694 5415 1056 5472 κοινοϐιεικῶν.

351 5486 459 5564 (iiii)
490 5487 692 5564 podex
723 5487 886 5564 Colb.
921 5487 1380 5564 satintd‘ciiac‘uz.

500 5557 660 5640 Idem
689 5559 883 5640 codex
909 5559 1074 5640 golb.
1111 5562 1180 5640 εἰς
1197 5557 1489 5640 παράταξιν
1521 5574 1724 5640 σχοῖεν.
1783 5569 1882 5625 LB-

283 5628 409 5712 ctiq
420 5629 655 5712 inepta.
689 5630 890 5712 Codex
910 5633 1085 5712 Voss}.
1114 5628 1299 5694 habet
1323 5628 1804 5712 qucqué'czom.

357 5700 472 5771 (55)
493 5701 766 5773 Antiquae
787 5703 924 5758 duae
948 5701 1243 5762 editiones
1263 5713 1322 5766 et
1336 5700 1727 5782 quafuortiis.
1745 5715 1875 5787 μόνη

573 5792 797 5848 ΡΑτιιοι
810 5833 823 5847 .
872 5793 976 5848 Gn.
1020 5794 1194 5856 XXXI.

1993 4635 2306 4677 accessum
2327 4617 2652 4691 prmbeant.
2707 4617 3036 4674 Considera
3082 4618 3230 4674 mihi
3277 4617 3644 4676 concordem

1993 4715 2226 4784 septem
2257 4707 2739 4765 Machabaeorum
2772 4722 3068 4780 pugnam,
3101 4708 3369 4763 invenies
3397 4723 3644 4780 quoque

1991 4800 2155 4874 apud
2174 4799 2286 4855 hos
2307 4795 2698 4854 concordiam
2729 4796 3169 4853 ferventiorem.
3195 4799 3276 4853 De
3313 4797 3406 4853 his
3455 4796 3646 4853 David

1988 4889 2289 4964 propheta
2312 4888 2374 4944 in
2413 4886 2546 4944 odis
2576 4885 2958 4953 exclamavit,
2991 4903 3062 4943 ac
3095 4887 3244 4943 dixit
3273 4888 3459 4944 :Ecce
3479 4900 3642 4945 nunc

1991 4979 2142 5051 quid
2166 4978 2403 5049 bonum,
2431 4977 2525 5034 vel
2541 4976 2688 5048 quid
2703 4976 3063 5047 iucundum,
3087 4976 3208 5032 nisi
3233 4976 3514 5033 habitare
3528 4977 3638 5045 [ra

2000 5206 2060 5265 δε
2088 5219 2150 5282 τῇ
2184 5212 2288 5264 ἄνω
2307 5208 2556 5263 λείπεται·
2586 5206 2692 5264 ubi
2719 5212 2875 5282 μόνη,
2906 5211 2971 5264 ut
2997 5207 3146 5282 mihi
3201 5207 3457 5276 videtur,
3502 5210 3645 5267 scri-

1995 5272 2170 5356 ptum
2198 5284 2550 5364 oportuerat
2570 5272 2759 5364 cum'c
2786 5279 3150 5364 subscripto,
3175 5297 3354 5364 μόνῃ,
3411 5272 3466 5340 et
3493 5283 3644 5364 __sol_a

1995 5352 2261 5424 superni
2282 5354 2536 5422 inferior
2549 5359 2653 5410 est.
2667 5352 2858 5424 Sec‘uti
2877 5369 3081 5408 sumus
3121 5352 3447 5410 editionem
3492 5355 3646 5410 Pari-

1994 5419 2436 5483 siensem.Mox
2463 5425 2654 5480 codex
2685 5419 2850 5479 Colb.
2896 5428 2985 5476 καὶ
3051 5426 3224 5487 οὗτος.
3275 5426 3497 5482 Vocula
3553 5431 3643 5478 καὶ

1992 5497 2200 5555 deerat
2256 5499 2317 5553 in
2365 5497 2643 5567 vulgatis.
2695 5494 2924 5552 Ibidem
2953 5499 3148 5555 codex
3202 5496 3370 5554 Colb.
3416 5497 3645 5559 ἅπαντας

1989 5576 2364 5644 προαγόμενος.

2062 5637 2178 5716 (56)
2199 5637 2351 5713 'Reg.
2386 5639 2690 5699 secundus
2711 5637 2874 5703 οὕτως
2901 5637 3232 5718 ἀπαγορεύει.

3327 5805 3400 5862 44
