  <div class='ocr_page' id='page_1' title='image "/cluster/home/n/w/nwhite01/storage/ocr_20150623/31:no.3/coo.31924054869288/708.png"; bbox 0 0 4120 6402; ppageno 0'>
   <div class='ocr_carea' id='block_1_1' title="bbox 289 332 428 392">
    <p class='ocr_par' dir='ltr' id='par_1_1' title="bbox 289 332 428 392">
     <span class='ocr_line' id='line_1_1' title="bbox 289 332 428 392; baseline -0.014 -1"><span class='ocrx_word' id='word_1_1' title='bbox 289 336 314 392; x_wconf 75' lang='grc' dir='ltr'>ί</span> <span class='ocrx_word' id='word_1_2' title='bbox 323 332 428 390; x_wconf 79' lang='grc'>389</span> 
     </span>
    </p>
   </div>
   <div class='ocr_carea' id='block_1_2' title="bbox 1452 321 2494 382">
    <p class='ocr_par' dir='ltr' id='par_1_2' title="bbox 1452 321 2494 382">
     <span class='ocr_line' id='line_1_2' title="bbox 1452 321 2494 382; baseline -0.004 0"><span class='ocrx_word' id='word_1_3' title='bbox 1452 321 2043 382; x_wconf 83' lang='lat' dir='ltr'>CONSTITUTIONES</span> <span class='ocrx_word' id='word_1_4' title='bbox 2081 321 2494 380; x_wconf 52' lang='lat' dir='ltr'>MONASTICJE</span> 
     </span>
    </p>
   </div>
   <div class='ocr_carea' id='block_1_3' title="bbox 3510 321 3650 378">
    <p class='ocr_par' dir='ltr' id='par_1_3' title="bbox 3510 321 3650 378">
     <span class='ocr_line' id='line_1_3' title="bbox 3510 321 3650 378; baseline -0.021 0"><span class='ocrx_word' id='word_1_5' title='bbox 3510 321 3650 378; x_wconf 82' lang='lat' dir='ltr'>l390</span> 
     </span>
    </p>
   </div>
   <div class='ocr_carea' id='block_1_4' title="bbox 285 445 1906 527">
    <p class='ocr_par' dir='ltr' id='par_1_4' title="bbox 285 447 1878 527">
     <span class='ocr_line' id='line_1_4' title="bbox 285 447 1878 527; baseline -0.006 -18"><span class='ocrx_word' id='word_1_6' title='bbox 285 463 378 518; x_wconf 76' lang='grc' dir='ltr'>τῆς</span> <span class='ocrx_word' id='word_1_7' title='bbox 405 456 595 527; x_wconf 75' lang='grc' dir='ltr'>ψυχης</span> <span class='ocrx_word' id='word_1_8' title='bbox 643 449 738 506; x_wconf 77' lang='grc' dir='ltr'>διὰ</span> <span class='ocrx_word' id='word_1_9' title='bbox 780 459 876 514; x_wconf 80' lang='grc' dir='ltr'>τῆς</span> <span class='ocrx_word' id='word_1_10' title='bbox 923 451 1324 513; x_wconf 72' lang='grc' dir='ltr'>ἐπαναστάσεως</span> <span class='ocrx_word' id='word_1_11' title='bbox 1372 458 1472 502; x_wconf 88' lang='grc' dir='ltr'>τῶν</span> <span class='ocrx_word' id='word_1_12' title='bbox 1527 447 1729 507; x_wconf 76' lang='grc' dir='ltr'>ἡδονῶν</span> <span class='ocrx_word' id='word_1_13' title='bbox 1781 467 1878 500; x_wconf 79' lang='grc' dir='ltr'>τα·</span> 
     </span>
    </p>
   </div>
   <div class='ocr_carea' id='block_1_5' title="bbox 2014 445 3648 527">
    <p class='ocr_par' dir='ltr' id='par_1_5' title="bbox 2014 445 3648 519">
     <span class='ocr_line' id='line_1_5' title="bbox 2014 445 3648 519; baseline 0.001 -17"><span class='ocrx_word' id='word_1_14' title='bbox 2014 445 2311 511; x_wconf 76' lang='lat' dir='ltr'>)uomodo</span> <span class='ocrx_word' id='word_1_15' title='bbox 2332 446 2493 502; x_wconf 89' lang='lat' dir='ltr'>enim</span> <span class='ocrx_word' id='word_1_16' title='bbox 2513 447 2718 504; x_wconf 88' lang='lat' dir='ltr'>anima</span> <span class='ocrx_word' id='word_1_17' title='bbox 2736 446 2904 504; x_wconf 88' lang='lat' dir='ltr'>humi</span> <span class='ocrx_word' id='word_1_18' title='bbox 2927 460 3036 519; x_wconf 91' lang='lat' dir='ltr'>per</span> <span class='ocrx_word' id='word_1_19' title='bbox 3055 445 3252 504; x_wconf 82' lang='lat' dir='ltr'>carnis</span> <span class='ocrx_word' id='word_1_20' title='bbox 3275 445 3648 519; x_wconf 77' lang='lat' dir='ltr'>voluptatem</span> 
     </span>
    </p>
   </div>
   <div class='ocr_carea' id='block_1_6' title="bbox 288 536 1885 614">
    <p class='ocr_par' dir='ltr' id='par_1_6' title="bbox 288 536 1885 614">
     <span class='ocr_line' id='line_1_6' title="bbox 288 536 1885 614; baseline -0.004 -19"><span class='ocrx_word' id='word_1_21' title='bbox 288 545 579 601; x_wconf 63' lang='grc' dir='ltr'>Ἰεεινωθείη.</span> <span class='ocrx_word' id='word_1_22' title='bbox 626 550 740 603; x_wconf 88' lang='grc' dir='ltr'>Πῶς</span> <span class='ocrx_word' id='word_1_23' title='bbox 769 543 871 614; x_wconf 79' lang='grc' dir='ltr'>γὰρ</span> <span class='ocrx_word' id='word_1_24' title='bbox 916 540 976 592; x_wconf 75' lang='grc' dir='ltr'>ἂν</span> <span class='ocrx_word' id='word_1_25' title='bbox 1030 544 1106 593; x_wconf 83' lang='grc' dir='ltr'>ἔτι</span> <span class='ocrx_word' id='word_1_26' title='bbox 1163 536 1386 592; x_wconf 72' lang='grc' dir='ltr'>δύναται</span> <span class='ocrx_word' id='word_1_27' title='bbox 1432 541 1562 612; x_wconf 89' lang='grc' dir='ltr'>πρὸς</span> <span class='ocrx_word' id='word_1_28' title='bbox 1598 541 1657 590; x_wconf 88' lang='grc' dir='ltr'>τό</span> <span class='ocrx_word' id='word_1_29' title='bbox 1692 556 1885 608; x_wconf 86' lang='grc' dir='ltr'>συγγε-</span> 
     </span>
    </p>
   </div>
   <div class='ocr_carea' id='block_1_7' title="bbox 287 628 1889 703">
    <p class='ocr_par' dir='ltr' id='par_1_7' title="bbox 287 628 1889 703">
     <span class='ocr_line' id='line_1_7' title="bbox 287 628 1889 703; baseline -0.005 -19"><span class='ocrx_word' id='word_1_30' title='bbox 287 636 368 693; x_wconf 67' lang='grc' dir='ltr'>νὲς</span> <span class='ocrx_word' id='word_1_31' title='bbox 406 639 495 686; x_wconf 77' lang='grc' dir='ltr'>καὶ</span> <span class='ocrx_word' id='word_1_32' title='bbox 550 636 736 690; x_wconf 86' lang='grc' dir='ltr'>νοητόν</span> <span class='ocrx_word' id='word_1_33' title='bbox 795 639 900 702; x_wconf 86' lang='grc' dir='ltr'>φῶς</span> <span class='ocrx_word' id='word_1_34' title='bbox 943 629 1187 703; x_wconf 81' lang='grc' dir='ltr'>ἐλευθέρῳ</span> <span class='ocrx_word' id='word_1_35' title='bbox 1238 628 1522 698; x_wconf 61' lang='grc' dir='ltr'>ἀναϐλέψαι</span> <span class='ocrx_word' id='word_1_36' title='bbox 1571 635 1642 696; x_wconf 85' lang='grc' dir='ltr'>τῷ</span> <span class='ocrx_word' id='word_1_37' title='bbox 1692 632 1889 699; x_wconf 81' lang='grc' dir='ltr'>ὄμματι</span> 
     </span>
    </p>
   </div>
   <div class='ocr_carea' id='block_1_8' title="bbox 290 715 1887 795">
    <p class='ocr_par' dir='ltr' id='par_1_8' title="bbox 290 715 1887 795">
     <span class='ocr_line' id='line_1_8' title="bbox 290 715 1887 795; baseline -0.005 -20"><span class='ocrx_word' id='word_1_38' title='bbox 290 723 320 780; x_wconf 80' lang='grc' dir='ltr'><strong>ἠ</strong></span> <span class='ocrx_word' id='word_1_39' title='bbox 354 721 761 795; x_wconf 86' lang='grc' dir='ltr'>προσηλωθεῖσα</span> <span class='ocrx_word' id='word_1_40' title='bbox 803 722 943 772; x_wconf 86' lang='grc' dir='ltr'>κάτω</span> <span class='ocrx_word' id='word_1_41' title='bbox 987 718 1140 789; x_wconf 66' lang='grc' dir='ltr'>ψυχὴ</span> <span class='ocrx_word' id='word_1_42' title='bbox 1193 726 1256 790; x_wconf 74' lang='grc' dir='ltr'>τῇ</span> <span class='ocrx_word' id='word_1_43' title='bbox 1312 715 1474 789; x_wconf 74' lang='grc' dir='ltr'>ἡδονῇ</span> <span class='ocrx_word' id='word_1_44' title='bbox 1517 725 1607 777; x_wconf 84' lang='grc' dir='ltr'>τῆς</span> <span class='ocrx_word' id='word_1_45' title='bbox 1657 720 1887 791; x_wconf 83' lang='grc' dir='ltr'>σαρκός;</span> 
     </span>
    </p>
   </div>
   <div class='ocr_carea' id='block_1_9' title="bbox 291 804 1890 885">
    <p class='ocr_par' dir='ltr' id='par_1_9' title="bbox 291 804 1890 885">
     <span class='ocr_line' id='line_1_9' title="bbox 291 804 1890 885; baseline -0.004 -22"><span class='ocrx_word' id='word_1_46' title='bbox 291 814 379 864; x_wconf 89' lang='grc' dir='ltr'>Διὸ</span> <span class='ocrx_word' id='word_1_47' title='bbox 427 815 536 885; x_wconf 83' lang='grc' dir='ltr'>χρὴ</span> <span class='ocrx_word' id='word_1_48' title='bbox 605 815 705 884; x_wconf 89' lang='grc' dir='ltr'>πρό</span> <span class='ocrx_word' id='word_1_49' title='bbox 780 828 839 880; x_wconf 89' lang='grc' dir='ltr'>γε</span> <span class='ocrx_word' id='word_1_50' title='bbox 902 810 1104 862; x_wconf 88' lang='grc' dir='ltr'>πάντων</span> <span class='ocrx_word' id='word_1_51' title='bbox 1171 812 1264 866; x_wconf 77' lang='grc' dir='ltr'>τὴν</span> <span class='ocrx_word' id='word_1_52' title='bbox 1331 806 1631 881; x_wconf 72' lang='grc' dir='ltr'>ἐγκράτειαν</span> <span class='ocrx_word' id='word_1_53' title='bbox 1689 804 1890 869; x_wconf 79' lang='grc' dir='ltr'>ἀσκεῖν,</span> 
     </span>
    </p>
   </div>
   <div class='ocr_carea' id='block_1_10' title="bbox 293 899 1895 973">
    <p class='ocr_par' dir='ltr' id='par_1_10' title="bbox 293 899 1895 973">
     <span class='ocr_line' id='line_1_10' title="bbox 293 899 1895 973; baseline -0.004 -21"><span class='ocrx_word' id='word_1_54' title='bbox 293 899 497 972; x_wconf 77' lang='grc' dir='ltr'>ἀσφαλῆ</span> <span class='ocrx_word' id='word_1_55' title='bbox 543 902 765 973; x_wconf 78' lang='grc' dir='ltr'>φρουρὸν</span> <span class='ocrx_word' id='word_1_56' title='bbox 814 903 908 959; x_wconf 77' lang='grc' dir='ltr'>της</span> <span class='ocrx_word' id='word_1_57' title='bbox 966 901 1302 971; x_wconf 68' lang='grc' dir='ltr'>σωφροσύνης</span> <span class='ocrx_word' id='word_1_58' title='bbox 1357 899 1750 968; x_wconf 72' lang='grc' dir='ltr'>τυγχάνουσαν,</span> <span class='ocrx_word' id='word_1_59' title='bbox 1805 899 1895 945; x_wconf 88' lang='grc' dir='ltr'>καὶ</span> 
     </span>
    </p>
   </div>
   <div class='ocr_carea' id='block_1_11' title="bbox 292 982 1896 1062">
    <p class='ocr_par' dir='ltr' id='par_1_11' title="bbox 292 982 1896 1062">
     <span class='ocr_line' id='line_1_11' title="bbox 292 982 1896 1062; baseline -0.004 -21"><span class='ocrx_word' id='word_1_60' title='bbox 292 993 380 1041; x_wconf 88' lang='grc' dir='ltr'>τὸν</span> <span class='ocrx_word' id='word_1_61' title='bbox 410 991 639 1060; x_wconf 79' lang='grc' dir='ltr'>ἡγεμόνα</span> <span class='ocrx_word' id='word_1_62' title='bbox 680 996 796 1040; x_wconf 82' lang='grc' dir='ltr'>νοῦν</span> <span class='ocrx_word' id='word_1_63' title='bbox 839 992 910 1061; x_wconf 76' lang='grc' dir='ltr'>μή</span> <span class='ocrx_word' id='word_1_64' title='bbox 961 995 1350 1062; x_wconf 88' lang='grc' dir='ltr'>συγχωροῦσαν</span> <span class='ocrx_word' id='word_1_65' title='bbox 1377 982 1480 1038; x_wconf 74' lang='grc' dir='ltr'>ὧδε</span> <span class='ocrx_word' id='word_1_66' title='bbox 1526 984 1737 1038; x_wconf 77' lang='grc' dir='ltr'>κάκεῖσε</span> <span class='ocrx_word' id='word_1_67' title='bbox 1777 985 1896 1058; x_wconf 77' lang='grc' dir='ltr'>ῥέμ-</span> 
     </span>
    </p>
   </div>
   <div class='ocr_carea' id='block_1_12' title="bbox 295 1070 1896 1152">
    <p class='ocr_par' dir='ltr' id='par_1_12' title="bbox 295 1070 1896 1152">
     <span class='ocr_line' id='line_1_12' title="bbox 295 1070 1896 1152; baseline -0.003 -23"><span class='ocrx_word' id='word_1_68' title='bbox 295 1077 498 1132; x_wconf 79' lang='grc' dir='ltr'>ϐεσθαι.</span> <span class='ocrx_word' id='word_1_69' title='bbox 536 1079 778 1152; x_wconf 79' lang='grc' dir='ltr'>Καθάπερ</span> <span class='ocrx_word' id='word_1_70' title='bbox 822 1079 925 1149; x_wconf 79' lang='grc' dir='ltr'>γὰρ</span> <span class='ocrx_word' id='word_1_71' title='bbox 979 1080 1036 1128; x_wconf 90' lang='grc' dir='ltr'>τὸ</span> <span class='ocrx_word' id='word_1_72' title='bbox 1085 1079 1576 1150; x_wconf 83' lang='grc' dir='ltr'>περιεστεγασμένον</span> <span class='ocrx_word' id='word_1_73' title='bbox 1635 1070 1730 1126; x_wconf 76' lang='grc' dir='ltr'>διὰ</span> <span class='ocrx_word' id='word_1_74' title='bbox 1787 1093 1896 1125; x_wconf 86' lang='grc' dir='ltr'>σω-</span> 
     </span>
    </p>
   </div>
   <div class='ocr_carea' id='block_1_13' title="bbox 294 1160 1897 1239">
    <p class='ocr_par' dir='ltr' id='par_1_13' title="bbox 294 1160 1897 1239">
     <span class='ocr_line' id='line_1_13' title="bbox 294 1160 1897 1239; baseline -0.003 -21"><span class='ocrx_word' id='word_1_75' title='bbox 294 1165 458 1224; x_wconf 79' lang='grc' dir='ltr'>λήνων</span> <span class='ocrx_word' id='word_1_76' title='bbox 485 1163 628 1238; x_wconf 74' lang='grc' dir='ltr'>ὕδωρ</span> <span class='ocrx_word' id='word_1_77' title='bbox 680 1167 853 1239; x_wconf 83' lang='grc' dir='ltr'>ὄρθιον</span> <span class='ocrx_word' id='word_1_78' title='bbox 905 1166 1004 1217; x_wconf 79' lang='grc' dir='ltr'>ὑπὸ</span> <span class='ocrx_word' id='word_1_79' title='bbox 1063 1174 1157 1225; x_wconf 73' lang='grc' dir='ltr'>τῆς</span> <span class='ocrx_word' id='word_1_80' title='bbox 1206 1163 1589 1225; x_wconf 80' lang='grc' dir='ltr'>ἀναθλιϐούσης</span> <span class='ocrx_word' id='word_1_81' title='bbox 1638 1161 1760 1235; x_wconf 81' lang='grc' dir='ltr'>βίας</span> <span class='ocrx_word' id='word_1_82' title='bbox 1814 1160 1897 1214; x_wconf 85' lang='grc' dir='ltr'>ἐπὶ</span> 
     </span>
    </p>
   </div>
   <div class='ocr_carea' id='block_1_14' title="bbox 295 1249 1896 1328">
    <p class='ocr_par' dir='ltr' id='par_1_14' title="bbox 295 1249 1896 1328">
     <span class='ocr_line' id='line_1_14' title="bbox 295 1249 1896 1328; baseline -0.002 -22"><span class='ocrx_word' id='word_1_83' title='bbox 295 1259 355 1307; x_wconf 81' lang='grc' dir='ltr'>τὸ</span> <span class='ocrx_word' id='word_1_84' title='bbox 384 1257 488 1306; x_wconf 81' lang='grc' dir='ltr'>ἄνω</span> <span class='ocrx_word' id='word_1_85' title='bbox 518 1258 744 1328; x_wconf 80' lang='grc' dir='ltr'>φέρεται,</span> <span class='ocrx_word' id='word_1_86' title='bbox 779 1255 874 1306; x_wconf 75' lang='grc' dir='ltr'>οὐκ</span> <span class='ocrx_word' id='word_1_87' title='bbox 905 1257 1041 1326; x_wconf 77' lang='grc' dir='ltr'>ἔχων</span> <span class='ocrx_word' id='word_1_88' title='bbox 1089 1256 1218 1306; x_wconf 84' lang='grc' dir='ltr'>ὅπου</span> <span class='ocrx_word' id='word_1_89' title='bbox 1271 1249 1581 1324; x_wconf 82' lang='grc' dir='ltr'>ὃιαχυθείη·</span> <span class='ocrx_word' id='word_1_90' title='bbox 1630 1255 1764 1304; x_wconf 78' lang='grc' dir='ltr'>οὕτω</span> <span class='ocrx_word' id='word_1_91' title='bbox 1805 1254 1896 1303; x_wconf 88' lang='grc' dir='ltr'>καὶ</span> 
     </span>
    </p>
   </div>
   <div class='ocr_carea' id='block_1_15' title="bbox 294 1341 1900 1416">
    <p class='ocr_par' dir='ltr' id='par_1_15' title="bbox 294 1341 1900 1416">
     <span class='ocr_line' id='line_1_15' title="bbox 294 1341 1900 1416; baseline -0.002 -21"><span class='ocrx_word' id='word_1_92' title='bbox 294 1345 321 1396; x_wconf 85' lang='grc' dir='ltr'><strong>ὁ</strong></span> <span class='ocrx_word' id='word_1_93' title='bbox 351 1351 469 1405; x_wconf 85' lang='grc' dir='ltr'>νοῦς</span> <span class='ocrx_word' id='word_1_94' title='bbox 509 1345 534 1394; x_wconf 91' lang='lat'>6</span> <span class='ocrx_word' id='word_1_95' title='bbox 565 1345 908 1416; x_wconf 77' lang='grc' dir='ltr'>ἀνθρώπινος,</span> <span class='ocrx_word' id='word_1_96' title='bbox 937 1344 1173 1416; x_wconf 86' lang='grc' dir='ltr'>καθάπερ</span> <span class='ocrx_word' id='word_1_97' title='bbox 1229 1341 1456 1402; x_wconf 81' lang='grc' dir='ltr'>σωλῆνος</span> <span class='ocrx_word' id='word_1_98' title='bbox 1498 1348 1747 1412; x_wconf 90' lang='grc' dir='ltr'>στεγανοῦ</span> <span class='ocrx_word' id='word_1_99' title='bbox 1803 1347 1900 1400; x_wconf 83' lang='grc' dir='ltr'>τῆς</span> 
     </span>
    </p>
   </div>
   <div class='ocr_carea' id='block_1_16' title="bbox 295 1427 1899 1507">
    <p class='ocr_par' dir='ltr' id='par_1_16' title="bbox 295 1427 1899 1507">
     <span class='ocr_line' id='line_1_16' title="bbox 295 1427 1899 1507; baseline -0.002 -24"><span class='ocrx_word' id='word_1_100' title='bbox 295 1430 601 1507; x_wconf 72' lang='grc' dir='ltr'>ἐγκρατείας</span> <span class='ocrx_word' id='word_1_101' title='bbox 653 1431 820 1483; x_wconf 76' lang='grc' dir='ltr'>αὐτῶν</span> <span class='ocrx_word' id='word_1_102' title='bbox 877 1433 1208 1502; x_wconf 63' lang='grc' dir='ltr'>πανταχόθπ</span> <span class='ocrx_word' id='word_1_103' title='bbox 1252 1436 1724 1503; x_wconf 78' lang='grc' dir='ltr'>περισφιγγούσης,</span> <span class='ocrx_word' id='word_1_104' title='bbox 1771 1427 1899 1480; x_wconf 79' lang='grc' dir='ltr'>ἀνα-</span> 
     </span>
    </p>
   </div>
   <div class='ocr_carea' id='block_1_17' title="bbox 295 1519 1901 1592">
    <p class='ocr_par' dir='ltr' id='par_1_17' title="bbox 295 1519 1901 1592">
     <span class='ocr_line' id='line_1_17' title="bbox 295 1519 1901 1592; baseline -0.002 -20"><span class='ocrx_word' id='word_1_105' title='bbox 295 1519 623 1592; x_wconf 81' lang='grc' dir='ltr'>ληφθήσεταί</span> <span class='ocrx_word' id='word_1_106' title='bbox 662 1540 767 1580; x_wconf 89' lang='grc' dir='ltr'>πως</span> <span class='ocrx_word' id='word_1_107' title='bbox 797 1521 898 1572; x_wconf 78' lang='grc' dir='ltr'>ὑπὸ</span> <span class='ocrx_word' id='word_1_108' title='bbox 946 1528 1042 1580; x_wconf 83' lang='grc' dir='ltr'>τῆς</span> <span class='ocrx_word' id='word_1_109' title='bbox 1088 1527 1180 1572; x_wconf 87' lang='grc' dir='ltr'>τοῦ</span> <span class='ocrx_word' id='word_1_110' title='bbox 1228 1521 1487 1572; x_wconf 82' lang='grc' dir='ltr'>κινεῖσθαι</span> <span class='ocrx_word' id='word_1_111' title='bbox 1536 1521 1732 1590; x_wconf 83' lang='grc' dir='ltr'>φύσεως</span> <span class='ocrx_word' id='word_1_112' title='bbox 1770 1521 1901 1592; x_wconf 85' lang='grc' dir='ltr'>πρὸς</span> 
     </span>
    </p>
   </div>
   <div class='ocr_carea' id='block_1_18' title="bbox 297 1609 1899 1685">
    <p class='ocr_par' dir='ltr' id='par_1_18' title="bbox 297 1609 1899 1685">
     <span class='ocr_line' id='line_1_18' title="bbox 297 1609 1899 1685; baseline -0.001 -23"><span class='ocrx_word' id='word_1_113' title='bbox 297 1615 392 1667; x_wconf 79' lang='grc' dir='ltr'>τὴν</span> <span class='ocrx_word' id='word_1_114' title='bbox 459 1618 559 1661; x_wconf 89' lang='grc' dir='ltr'>τῶν</span> <span class='ocrx_word' id='word_1_115' title='bbox 625 1609 955 1685; x_wconf 70' lang='grc' dir='ltr'>ὑψηλοτέρων</span> <span class='ocrx_word' id='word_1_116' title='bbox 1021 1609 1342 1682; x_wconf 78' lang='grc' dir='ltr'>ἐπιθυμίαν,</span> <span class='ocrx_word' id='word_1_117' title='bbox 1409 1609 1504 1660; x_wconf 74' lang='grc' dir='ltr'>οῦκ</span> <span class='ocrx_word' id='word_1_118' title='bbox 1570 1611 1706 1680; x_wconf 77' lang='grc' dir='ltr'>ἔχων</span> <span class='ocrx_word' id='word_1_119' title='bbox 1771 1612 1899 1660; x_wconf 81' lang='grc' dir='ltr'>ὅπου</span> 
     </span>
    </p>
   </div>
   <div class='ocr_carea' id='block_1_19' title="bbox 301 1694 1901 1773">
    <p class='ocr_par' dir='ltr' id='par_1_19' title="bbox 301 1694 1901 1773">
     <span class='ocr_line' id='line_1_19' title="bbox 301 1694 1901 1773; baseline -0.001 -23"><span class='ocrx_word' id='word_1_120' title='bbox 301 1695 551 1773; x_wconf 74' lang='grc' dir='ltr'>ὃιαῤῥυῇ.</span> <span class='ocrx_word' id='word_1_121' title='bbox 614 1698 753 1752; x_wconf 75' lang='grc' dir='ltr'>Οῦὸε</span> <span class='ocrx_word' id='word_1_122' title='bbox 808 1700 907 1772; x_wconf 80' lang='grc' dir='ltr'>γὰρ</span> <span class='ocrx_word' id='word_1_123' title='bbox 961 1703 1146 1757; x_wconf 79' lang='grc' dir='ltr'>στῆναί</span> <span class='ocrx_word' id='word_1_124' title='bbox 1201 1717 1326 1751; x_wconf 89' lang='grc' dir='ltr'>ποτε</span> <span class='ocrx_word' id='word_1_125' title='bbox 1375 1694 1595 1750; x_wconf 71' lang='grc' dir='ltr'>δυνατόν</span> <span class='ocrx_word' id='word_1_126' title='bbox 1649 1696 1762 1749; x_wconf 86' lang='grc' dir='ltr'>ἐστι</span> <span class='ocrx_word' id='word_1_127' title='bbox 1815 1700 1901 1749; x_wconf 90' lang='grc' dir='ltr'>τὸν</span> 
     </span>
    </p>
   </div>
   <div class='ocr_carea' id='block_1_20' title="bbox 1992 533 3650 607">
    <p class='ocr_par' dir='ltr' id='par_1_20' title="bbox 1992 533 3650 607">
     <span class='ocr_line' id='line_1_20' title="bbox 1992 533 3650 607; baseline 0.001 -17"><span class='ocrx_word' id='word_1_128' title='bbox 1992 534 2254 603; x_wconf 84' lang='lat' dir='ltr'>conﬁxa,</span> <span class='ocrx_word' id='word_1_129' title='bbox 2287 539 2483 607; x_wconf 84' lang='lat' dir='ltr'>potest</span> <span class='ocrx_word' id='word_1_130' title='bbox 2513 535 2713 592; x_wconf 90' lang='lat' dir='ltr'>adhuc</span> <span class='ocrx_word' id='word_1_131' title='bbox 2741 536 2931 592; x_wconf 90' lang='lat' dir='ltr'>libero</span> <span class='ocrx_word' id='word_1_132' title='bbox 2961 535 3176 592; x_wconf 83' lang='lat' dir='ltr'>obtutu</span> <span class='ocrx_word' id='word_1_133' title='bbox 3206 535 3270 590; x_wconf 91' lang='lat' dir='ltr'>in</span> <span class='ocrx_word' id='word_1_134' title='bbox 3310 534 3488 590; x_wconf 79' lang='lat' dir='ltr'>afﬁne</span> <span class='ocrx_word' id='word_1_135' title='bbox 3535 533 3650 592; x_wconf 79' lang='lat' dir='ltr'>sibi</span> 
     </span>
    </p>
   </div>
   <div class='ocr_carea' id='block_1_21' title="bbox 1994 624 3650 697">
    <p class='ocr_par' dir='ltr' id='par_1_21' title="bbox 1994 624 3650 697">
     <span class='ocr_line' id='line_1_21' title="bbox 1994 624 3650 697; baseline -0.001 -16"><span class='ocrx_word' id='word_1_136' title='bbox 1994 629 2176 697; x_wconf 90' lang='lat' dir='ltr'>atque</span> <span class='ocrx_word' id='word_1_137' title='bbox 2208 624 2578 694; x_wconf 91' lang='lat' dir='ltr'>intelligibile</span> <span class='ocrx_word' id='word_1_138' title='bbox 2622 625 2828 680; x_wconf 87' lang='lat' dir='ltr'>lumen</span> <span class='ocrx_word' id='word_1_139' title='bbox 2873 624 3223 696; x_wconf 80' lang='lat' dir='ltr'>suscipere?</span> <span class='ocrx_word' id='word_1_140' title='bbox 3269 626 3462 689; x_wconf 87' lang='lat' dir='ltr'>Quare</span> <span class='ocrx_word' id='word_1_141' title='bbox 3511 627 3650 680; x_wconf 85' lang='lat' dir='ltr'>ante</span> 
     </span>
    </p>
   </div>
   <div class='ocr_carea' id='block_1_22' title="bbox 1994 712 3649 786">
    <p class='ocr_par' dir='ltr' id='par_1_22' title="bbox 1994 712 3649 786">
     <span class='ocr_line' id='line_1_22' title="bbox 1994 712 3649 786; baseline -0.001 -16"><span class='ocrx_word' id='word_1_142' title='bbox 1994 714 2203 770; x_wconf 85' lang='lat' dir='ltr'>omnia</span> <span class='ocrx_word' id='word_1_143' title='bbox 2219 715 2678 786; x_wconf 81' lang='lat' dir='ltr'>temperantiam</span> <span class='ocrx_word' id='word_1_144' title='bbox 2702 713 3071 770; x_wconf 83' lang='lat' dir='ltr'>castimoniae</span> <span class='ocrx_word' id='word_1_145' title='bbox 3093 718 3288 769; x_wconf 86' lang='lat' dir='ltr'>tutum</span> <span class='ocrx_word' id='word_1_146' title='bbox 3309 712 3649 781; x_wconf 79' lang='lat' dir='ltr'>custodem,</span> 
     </span>
    </p>
   </div>
   <div class='ocr_carea' id='block_1_23' title="bbox 1999 802 3651 875">
    <p class='ocr_par' dir='ltr' id='par_1_23' title="bbox 1999 802 3651 875">
     <span class='ocr_line' id='line_1_23' title="bbox 1999 802 3651 875; baseline 0 -17"><span class='ocrx_word' id='word_1_147' title='bbox 1999 809 2052 858; x_wconf 93' lang='lat' dir='ltr'>et</span> <span class='ocrx_word' id='word_1_148' title='bbox 2081 820 2218 875; x_wconf 71' lang='lat' dir='ltr'>quas</span> <span class='ocrx_word' id='word_1_149' title='bbox 2264 804 2585 875; x_wconf 70' lang='lat' dir='ltr'>praesidem</span> <span class='ocrx_word' id='word_1_150' title='bbox 2633 808 2902 859; x_wconf 90' lang='lat' dir='ltr'>mentem</span> <span class='ocrx_word' id='word_1_151' title='bbox 2950 803 3069 858; x_wconf 88' lang='lat' dir='ltr'>huc</span> <span class='ocrx_word' id='word_1_152' title='bbox 3113 802 3250 858; x_wconf 90' lang='lat' dir='ltr'>illuc</span> <span class='ocrx_word' id='word_1_153' title='bbox 3298 818 3498 858; x_wconf 89' lang='lat' dir='ltr'>errare</span> <span class='ocrx_word' id='word_1_154' title='bbox 3526 818 3651 858; x_wconf 88' lang='lat' dir='ltr'>non</span> 
     </span>
    </p>
   </div>
   <div class='ocr_carea' id='block_1_24' title="bbox 2000 891 3654 964">
    <p class='ocr_par' dir='ltr' id='par_1_24' title="bbox 2000 891 3654 964">
     <span class='ocr_line' id='line_1_24' title="bbox 2000 891 3654 964; baseline 0 -18"><span class='ocrx_word' id='word_1_155' title='bbox 2000 892 2176 962; x_wconf 84' lang='lat' dir='ltr'>sinat,</span> <span class='ocrx_word' id='word_1_156' title='bbox 2199 891 2391 947; x_wconf 85' lang='lat' dir='ltr'>excoli</span> <span class='ocrx_word' id='word_1_157' title='bbox 2415 897 2671 964; x_wconf 87' lang='lat' dir='ltr'>oportet.</span> <span class='ocrx_word' id='word_1_158' title='bbox 2705 895 2772 947; x_wconf 88' lang='lat' dir='ltr'>Ut</span> <span class='ocrx_word' id='word_1_159' title='bbox 2801 891 2962 946; x_wconf 91' lang='lat' dir='ltr'>enim</span> <span class='ocrx_word' id='word_1_160' title='bbox 2992 891 3314 946; x_wconf 87' lang='lat' dir='ltr'>constricta</span> <span class='ocrx_word' id='word_1_161' title='bbox 3344 907 3448 962; x_wconf 92' lang='lat' dir='ltr'>per</span> <span class='ocrx_word' id='word_1_162' title='bbox 3476 906 3654 946; x_wconf 83' lang='lat' dir='ltr'>cana-</span> 
     </span>
    </p>
   </div>
   <div class='ocr_carea' id='block_1_25' title="bbox 1998 977 3656 1052">
    <p class='ocr_par' dir='ltr' id='par_1_25' title="bbox 1998 977 3656 1052">
     <span class='ocr_line' id='line_1_25' title="bbox 1998 977 3656 1052; baseline 0 -17"><span class='ocrx_word' id='word_1_163' title='bbox 1998 977 2084 1035; x_wconf 90' lang='lat' dir='ltr'>les</span> <span class='ocrx_word' id='word_1_164' title='bbox 2101 995 2283 1051; x_wconf 90' lang='lat' dir='ltr'>aqua,</span> <span class='ocrx_word' id='word_1_165' title='bbox 2304 996 2444 1035; x_wconf 91' lang='lat' dir='ltr'>cum</span> <span class='ocrx_word' id='word_1_166' title='bbox 2465 995 2588 1036; x_wconf 93' lang='lat' dir='ltr'>non</span> <span class='ocrx_word' id='word_1_167' title='bbox 2609 979 2833 1035; x_wconf 83' lang='lat' dir='ltr'>habeat</span> <span class='ocrx_word' id='word_1_168' title='bbox 2851 995 2976 1052; x_wconf 91' lang='lat' dir='ltr'>quo</span> <span class='ocrx_word' id='word_1_169' title='bbox 3004 995 3066 1035; x_wconf 92' lang='lat' dir='ltr'>se</span> <span class='ocrx_word' id='word_1_170' title='bbox 3093 977 3412 1048; x_wconf 72' lang='lat' dir='ltr'>diffundat,</span> <span class='ocrx_word' id='word_1_171' title='bbox 3433 983 3599 1034; x_wconf 89' lang='lat' dir='ltr'>recta</span> <span class='ocrx_word' id='word_1_172' title='bbox 3618 993 3656 1035; x_wconf 88' lang='lat' dir='ltr'>a</span> 
     </span>
    </p>
   </div>
   <div class='ocr_carea' id='block_1_26' title="bbox 2000 1067 3658 1141">
    <p class='ocr_par' dir='ltr' id='par_1_26' title="bbox 2000 1067 3658 1141">
     <span class='ocr_line' id='line_1_26' title="bbox 2000 1067 3658 1141; baseline -0.001 -17"><span class='ocrx_word' id='word_1_173' title='bbox 2000 1068 2438 1141; x_wconf 84' lang='lat' dir='ltr'>comprimente</span> <span class='ocrx_word' id='word_1_174' title='bbox 2467 1069 2526 1124; x_wconf 95' lang='lat' dir='ltr'>vi</span> <span class='ocrx_word' id='word_1_175' title='bbox 2569 1069 2630 1124; x_wconf 93' lang='lat' dir='ltr'>in</span> <span class='ocrx_word' id='word_1_176' title='bbox 2662 1069 2850 1124; x_wconf 87' lang='lat' dir='ltr'>altum</span> <span class='ocrx_word' id='word_1_177' title='bbox 2878 1068 3062 1124; x_wconf 82' lang='lat' dir='ltr'>fertur</span> <span class='ocrx_word' id='word_1_178' title='bbox 3089 1085 3102 1122; x_wconf 89' lang='lat'><strong>:</strong></span> <span class='ocrx_word' id='word_1_179' title='bbox 3153 1067 3237 1123; x_wconf 91' lang='lat' dir='ltr'>ita</span> <span class='ocrx_word' id='word_1_180' title='bbox 3267 1072 3324 1122; x_wconf 84' lang='lat' dir='ltr'>et</span> <span class='ocrx_word' id='word_1_181' title='bbox 3351 1068 3658 1124; x_wconf 87' lang='lat' dir='ltr'>humanus</span> 
     </span>
    </p>
   </div>
   <div class='ocr_carea' id='block_1_27' title="bbox 2001 1155 3659 1230">
    <p class='ocr_par' dir='ltr' id='par_1_27' title="bbox 2001 1155 3659 1230">
     <span class='ocr_line' id='line_1_27' title="bbox 2001 1155 3659 1230; baseline -0.002 -16"><span class='ocrx_word' id='word_1_182' title='bbox 2001 1158 2245 1214; x_wconf 90' lang='lat' dir='ltr'>animus</span> <span class='ocrx_word' id='word_1_183' title='bbox 2264 1159 2662 1230; x_wconf 86' lang='lat' dir='ltr'>temperantia</span> <span class='ocrx_word' id='word_1_184' title='bbox 2682 1158 2858 1230; x_wconf 89' lang='lat' dir='ltr'>quasi</span> <span class='ocrx_word' id='word_1_185' title='bbox 2887 1162 3146 1226; x_wconf 87' lang='lat' dir='ltr'>angusto</span> <span class='ocrx_word' id='word_1_186' title='bbox 3167 1155 3439 1230; x_wconf 89' lang='lat' dir='ltr'>quodam</span> <span class='ocrx_word' id='word_1_187' title='bbox 3461 1155 3659 1212; x_wconf 84' lang='lat' dir='ltr'>canali</span> 
     </span>
    </p>
   </div>
   <div class='ocr_carea' id='block_1_28' title="bbox 2001 1246 3659 1320">
    <p class='ocr_par' dir='ltr' id='par_1_28' title="bbox 2001 1246 3659 1320">
     <span class='ocr_line' id='line_1_28' title="bbox 2001 1246 3659 1320; baseline -0.001 -18"><span class='ocrx_word' id='word_1_188' title='bbox 2001 1247 2310 1303; x_wconf 90' lang='lat' dir='ltr'>undelibet</span> <span class='ocrx_word' id='word_1_189' title='bbox 2363 1248 2752 1315; x_wconf 82' lang='lat' dir='ltr'>constrictus,</span> <span class='ocrx_word' id='word_1_190' title='bbox 2811 1246 3272 1320; x_wconf 86' lang='lat' dir='ltr'>quodammodo</span> <span class='ocrx_word' id='word_1_191' title='bbox 3326 1263 3400 1302; x_wconf 82' lang='lat' dir='ltr'>ex</span> <span class='ocrx_word' id='word_1_192' title='bbox 3457 1251 3659 1303; x_wconf 88' lang='lat' dir='ltr'>motus</span> 
     </span>
    </p>
   </div>
   <div class='ocr_carea' id='block_1_29' title="bbox 2002 1335 3662 1392">
    <p class='ocr_par' dir='ltr' id='par_1_29' title="bbox 2002 1335 3662 1392">
     <span class='ocr_line' id='line_1_29' title="bbox 2002 1335 3662 1392; baseline 0 0"><span class='ocrx_word' id='word_1_193' title='bbox 2002 1340 2221 1392; x_wconf 87' lang='lat' dir='ltr'>natura</span> <span class='ocrx_word' id='word_1_194' title='bbox 2251 1337 2328 1392; x_wconf 87' lang='lat' dir='ltr'>ad</span> <span class='ocrx_word' id='word_1_195' title='bbox 2352 1352 2554 1392; x_wconf 91' lang='lat' dir='ltr'>rerum</span> <span class='ocrx_word' id='word_1_196' title='bbox 2586 1336 3008 1392; x_wconf 89' lang='lat' dir='ltr'>sublimiorum</span> <span class='ocrx_word' id='word_1_197' title='bbox 3038 1335 3405 1392; x_wconf 86' lang='lat' dir='ltr'>desiderium</span> <span class='ocrx_word' id='word_1_198' title='bbox 3435 1335 3662 1392; x_wconf 88' lang='lat' dir='ltr'>attolle-</span> 
     </span>
    </p>
   </div>
   <div class='ocr_carea' id='block_1_30' title="bbox 2003 1424 3657 1498">
    <p class='ocr_par' dir='ltr' id='par_1_30' title="bbox 2003 1424 3657 1498">
     <span class='ocr_line' id='line_1_30' title="bbox 2003 1424 3657 1498; baseline 0.001 -18"><span class='ocrx_word' id='word_1_199' title='bbox 2003 1429 2122 1493; x_wconf 87' lang='lat' dir='ltr'>tur,</span> <span class='ocrx_word' id='word_1_200' title='bbox 2179 1425 2285 1497; x_wconf 86' lang='lat' dir='ltr'>qui</span> <span class='ocrx_word' id='word_1_201' title='bbox 2341 1426 2582 1495; x_wconf 86' lang='lat' dir='ltr'>scilicet,</span> <span class='ocrx_word' id='word_1_202' title='bbox 2641 1442 2763 1498; x_wconf 90' lang='lat' dir='ltr'>quo</span> <span class='ocrx_word' id='word_1_203' title='bbox 2821 1425 3188 1496; x_wconf 80' lang='lat' dir='ltr'>effundatur,</span> <span class='ocrx_word' id='word_1_204' title='bbox 3242 1441 3366 1481; x_wconf 92' lang='lat' dir='ltr'>non</span> <span class='ocrx_word' id='word_1_205' title='bbox 3418 1424 3657 1481; x_wconf 87' lang='lat' dir='ltr'>habeat.</span> 
     </span>
    </p>
   </div>
   <div class='ocr_carea' id='block_1_31' title="bbox 2005 1514 3662 1588">
    <p class='ocr_par' dir='ltr' id='par_1_31' title="bbox 2005 1514 3662 1588">
     <span class='ocr_line' id='line_1_31' title="bbox 2005 1514 3662 1588; baseline 0.001 -19"><span class='ocrx_word' id='word_1_206' title='bbox 2005 1517 2206 1587; x_wconf 85' lang='lat' dir='ltr'>Neque</span> <span class='ocrx_word' id='word_1_207' title='bbox 2260 1514 2421 1570; x_wconf 92' lang='lat' dir='ltr'>enim</span> <span class='ocrx_word' id='word_1_208' title='bbox 2465 1516 2707 1571; x_wconf 89' lang='lat' dir='ltr'>animus</span> <span class='ocrx_word' id='word_1_209' title='bbox 2755 1531 3030 1588; x_wconf 87' lang='lat' dir='ltr'>unquam</span> <span class='ocrx_word' id='word_1_210' title='bbox 3085 1521 3241 1571; x_wconf 86' lang='lat' dir='ltr'>stare</span> <span class='ocrx_word' id='word_1_211' title='bbox 3289 1519 3506 1587; x_wconf 85' lang='lat' dir='ltr'>potest,</span> <span class='ocrx_word' id='word_1_212' title='bbox 3555 1515 3662 1588; x_wconf 90' lang='lat' dir='ltr'>qui</span> 
     </span>
    </p>
   </div>
   <div class='ocr_carea' id='block_1_32' title="bbox 2005 1605 3664 1678">
    <p class='ocr_par' dir='ltr' id='par_1_32' title="bbox 2005 1605 3664 1678">
     <span class='ocr_line' id='line_1_32' title="bbox 2005 1605 3664 1678; baseline 0.002 -19"><span class='ocrx_word' id='word_1_213' title='bbox 2005 1605 2308 1675; x_wconf 84' lang='lat' dir='ltr'>ejusmodi</span> <span class='ocrx_word' id='word_1_214' title='bbox 2337 1610 2615 1663; x_wconf 87' lang='lat' dir='ltr'>naturam</span> <span class='ocrx_word' id='word_1_215' title='bbox 2638 1623 2672 1661; x_wconf 90' lang='lat' dir='ltr'>a</span> <span class='ocrx_word' id='word_1_216' title='bbox 2697 1605 3016 1663; x_wconf 52' lang='lat' dir='ltr'>Condi’tore</span> <span class='ocrx_word' id='word_1_217' title='bbox 3047 1607 3296 1677; x_wconf 85' lang='lat' dir='ltr'>accepit,</span> <span class='ocrx_word' id='word_1_218' title='bbox 3331 1611 3392 1662; x_wconf 92' lang='lat' dir='ltr'>ut</span> <span class='ocrx_word' id='word_1_219' title='bbox 3423 1621 3664 1678; x_wconf 84' lang='lat' dir='ltr'>semper</span> 
     </span>
    </p>
   </div>
   <div class='ocr_carea' id='block_1_33' title="bbox 2006 1695 3662 1768">
    <p class='ocr_par' dir='ltr' id='par_1_33' title="bbox 2006 1695 3662 1768">
     <span class='ocr_line' id='line_1_33' title="bbox 2006 1695 3662 1768; baseline 0 -16"><span class='ocrx_word' id='word_1_220' title='bbox 2006 1701 2343 1762; x_wconf 82' lang='lat' dir='ltr'>moveatur,</span> <span class='ocrx_word' id='word_1_221' title='bbox 2395 1701 2452 1751; x_wconf 93' lang='lat' dir='ltr'>et</span> <span class='ocrx_word' id='word_1_222' title='bbox 2493 1695 2543 1750; x_wconf 91' lang='lat' dir='ltr'>si</span> <span class='ocrx_word' id='word_1_223' title='bbox 2583 1695 2973 1768; x_wconf 86' lang='lat' dir='ltr'>prohibeatur</span> <span class='ocrx_word' id='word_1_224' title='bbox 3028 1711 3271 1752; x_wconf 89' lang='lat' dir='ltr'>movere</span> <span class='ocrx_word' id='word_1_225' title='bbox 3315 1712 3378 1751; x_wconf 90' lang='lat' dir='ltr'>se</span> <span class='ocrx_word' id='word_1_226' title='bbox 3434 1696 3513 1752; x_wconf 90' lang='lat' dir='ltr'>ad</span> <span class='ocrx_word' id='word_1_227' title='bbox 3564 1710 3662 1752; x_wconf 80' lang='lat' dir='ltr'>res</span> 
     </span>
    </p>
   </div>
   <div class='ocr_carea' id='block_1_34' title="bbox 299 1783 1906 1859">
    <p class='ocr_par' dir='ltr' id='par_1_34' title="bbox 299 1787 1898 1859">
     <span class='ocr_line' id='line_1_34' title="bbox 299 1787 1898 1859; baseline -0.001 -20"><span class='ocrx_word' id='word_1_228' title='bbox 299 1787 590 1846; x_wconf 78' lang='grc' dir='ltr'>ἀεικίνητον</span> <span class='ocrx_word' id='word_1_229' title='bbox 621 1789 720 1840; x_wconf 76' lang='grc' dir='ltr'>ὑπὸ</span> <span class='ocrx_word' id='word_1_230' title='bbox 759 1795 851 1840; x_wconf 89' lang='grc' dir='ltr'>τοῦ</span> <span class='ocrx_word' id='word_1_231' title='bbox 889 1792 1236 1850; x_wconf 77' lang='grc' dir='ltr'>πεποιηκότος</span> <span class='ocrx_word' id='word_1_232' title='bbox 1281 1787 1526 1859; x_wconf 77' lang='grc' dir='ltr'>εἰληφότα</span> <span class='ocrx_word' id='word_1_233' title='bbox 1579 1790 1673 1846; x_wconf 70' lang='grc' dir='ltr'>τὴν</span> <span class='ocrx_word' id='word_1_234' title='bbox 1723 1789 1898 1859; x_wconf 76' lang='grc' dir='ltr'>φύσινο</span> 
     </span>
    </p>
   </div>
   <div class='ocr_carea' id='block_1_35' title="bbox 2014 1783 3663 1859">
    <p class='ocr_par' dir='ltr' id='par_1_35' title="bbox 2014 1783 3663 1857">
     <span class='ocr_line' id='line_1_35' title="bbox 2014 1783 3663 1857; baseline 0 -16"><span class='ocrx_word' id='word_1_235' title='bbox 2014 1801 2222 1853; x_wconf 84' lang='lat' dir='ltr'>vanas,</span> <span class='ocrx_word' id='word_1_236' title='bbox 2252 1784 2381 1840; x_wconf 88' lang='lat' dir='ltr'>ﬁeri</span> <span class='ocrx_word' id='word_1_237' title='bbox 2411 1800 2534 1842; x_wconf 93' lang='lat' dir='ltr'>non</span> <span class='ocrx_word' id='word_1_238' title='bbox 2559 1788 2775 1857; x_wconf 86' lang='lat' dir='ltr'>potest,</span> <span class='ocrx_word' id='word_1_239' title='bbox 2801 1790 2866 1840; x_wconf 93' lang='lat' dir='ltr'>ut</span> <span class='ocrx_word' id='word_1_240' title='bbox 2893 1783 2972 1840; x_wconf 90' lang='lat' dir='ltr'>ad</span> <span class='ocrx_word' id='word_1_241' title='bbox 3001 1785 3314 1840; x_wconf 82' lang='lat' dir='ltr'>veritatem</span> <span class='ocrx_word' id='word_1_242' title='bbox 3340 1789 3501 1841; x_wconf 89' lang='lat' dir='ltr'>recta</span> <span class='ocrx_word' id='word_1_243' title='bbox 3531 1801 3663 1841; x_wconf 91' lang='lat' dir='ltr'>om-</span> 
     </span>
    </p>
   </div>
   <div class='ocr_carea' id='block_1_36' title="bbox 297 1875 1903 1949">
    <p class='ocr_par' dir='ltr' id='par_1_36' title="bbox 297 1875 1903 1949">
     <span class='ocr_line' id='line_1_36' title="bbox 297 1875 1903 1949; baseline 0 -21"><span class='ocrx_word' id='word_1_244' title='bbox 297 1881 387 1929; x_wconf 85' lang='grc' dir='ltr'>καὶ</span> <span class='ocrx_word' id='word_1_245' title='bbox 428 1876 498 1938; x_wconf 85' lang='grc' dir='ltr'>εἰς</span> <span class='ocrx_word' id='word_1_246' title='bbox 549 1880 614 1929; x_wconf 80' lang='grc' dir='ltr'>τὰ</span> <span class='ocrx_word' id='word_1_247' title='bbox 666 1879 868 1949; x_wconf 82' lang='grc' dir='ltr'>μάταια</span> <span class='ocrx_word' id='word_1_248' title='bbox 922 1879 1184 1930; x_wconf 88' lang='grc' dir='ltr'>κινεῖσθαι</span> <span class='ocrx_word' id='word_1_249' title='bbox 1235 1876 1584 1949; x_wconf 62' lang='grc' dir='ltr'>κωλυόμενον,</span> <span class='ocrx_word' id='word_1_250' title='bbox 1626 1875 1903 1948; x_wconf 78' lang='grc' dir='ltr'>ἀμήχανον</span> 
     </span>
    </p>
   </div>
   <div class='ocr_carea' id='block_1_37' title="bbox 299 1964 1904 2041">
    <p class='ocr_par' dir='ltr' id='par_1_37' title="bbox 299 1964 1904 2041">
     <span class='ocr_line' id='line_1_37' title="bbox 299 1964 1904 2041; baseline 0 -23"><span class='ocrx_word' id='word_1_251' title='bbox 299 1969 370 2038; x_wconf 73' lang='grc' dir='ltr'>μή</span> <span class='ocrx_word' id='word_1_252' title='bbox 403 1969 534 2039; x_wconf 87' lang='grc' dir='ltr'>πρός</span> <span class='ocrx_word' id='word_1_253' title='bbox 563 1971 656 2026; x_wconf 79' lang='grc' dir='ltr'>τὴν</span> <span class='ocrx_word' id='word_1_254' title='bbox 696 1965 940 2026; x_wconf 76' lang='grc' dir='ltr'>ἀλήθειαν</span> <span class='ocrx_word' id='word_1_255' title='bbox 986 1969 1187 2027; x_wconf 85' lang='grc' dir='ltr'>πάντως</span> <span class='ocrx_word' id='word_1_256' title='bbox 1239 1966 1617 2041; x_wconf 78' lang='grc' dir='ltr'>εὐθυπορῆσαι.</span> <span class='ocrx_word' id='word_1_257' title='bbox 1676 1964 1904 2040; x_wconf 85' lang='grc' dir='ltr'>Ἐγκρά-</span> 
     </span>
    </p>
   </div>
   <div class='ocr_carea' id='block_1_38' title="bbox 299 2051 1904 2129">
    <p class='ocr_par' dir='ltr' id='par_1_38' title="bbox 299 2051 1904 2129">
     <span class='ocr_line' id='line_1_38' title="bbox 299 2051 1904 2129; baseline -0.001 -23"><span class='ocrx_word' id='word_1_258' title='bbox 299 2073 438 2108; x_wconf 87' lang='grc' dir='ltr'>τειαν</span> <span class='ocrx_word' id='word_1_259' title='bbox 505 2051 565 2108; x_wconf 73' lang='grc' dir='ltr'>δε</span> <span class='ocrx_word' id='word_1_260' title='bbox 630 2057 902 2128; x_wconf 74' lang='grc' dir='ltr'>ἡγούμεθα</span> <span class='ocrx_word' id='word_1_261' title='bbox 962 2057 1237 2129; x_wconf 79' lang='grc' dir='ltr'>ὁρίζεσθαι</span> <span class='ocrx_word' id='word_1_262' title='bbox 1303 2055 1362 2107; x_wconf 77' lang='grc' dir='ltr'>οῦ</span> <span class='ocrx_word' id='word_1_263' title='bbox 1429 2059 1583 2128; x_wconf 89' lang='grc' dir='ltr'>μόνον</span> <span class='ocrx_word' id='word_1_264' title='bbox 1647 2058 1742 2112; x_wconf 78' lang='grc' dir='ltr'>τὴν</span> <span class='ocrx_word' id='word_1_265' title='bbox 1806 2061 1904 2106; x_wconf 91' lang='grc' dir='ltr'>τῶν</span> 
     </span>
    </p>
   </div>
   <div class='ocr_carea' id='block_1_39' title="bbox 301 2142 1903 2218">
    <p class='ocr_par' dir='ltr' id='par_1_39' title="bbox 301 2142 1903 2218">
     <span class='ocr_line' id='line_1_39' title="bbox 301 2142 1903 2218; baseline -0.001 -22"><span class='ocrx_word' id='word_1_266' title='bbox 301 2143 594 2218; x_wconf 82' lang='grc' dir='ltr'>βρωμάτων</span> <span class='ocrx_word' id='word_1_267' title='bbox 625 2143 838 2216; x_wconf 74' lang='grc' dir='ltr'>ἀποχήν</span> <span class='ocrx_word' id='word_1_268' title='bbox 867 2145 1044 2216; x_wconf 90' lang='grc' dir='ltr'>(τοῦτο</span> <span class='ocrx_word' id='word_1_269' title='bbox 1095 2147 1197 2218; x_wconf 87' lang='grc' dir='ltr'>γὰρ</span> <span class='ocrx_word' id='word_1_270' title='bbox 1252 2144 1431 2198; x_wconf 77' lang='grc' dir='ltr'>πολλοὶ</span> <span class='ocrx_word' id='word_1_271' title='bbox 1478 2148 1571 2196; x_wconf 85' lang='grc' dir='ltr'>καὶ</span> <span class='ocrx_word' id='word_1_272' title='bbox 1631 2152 1732 2196; x_wconf 89' lang='grc' dir='ltr'>τῶν</span> <span class='ocrx_word' id='word_1_273' title='bbox 1779 2142 1903 2217; x_wconf 83' lang='grc' dir='ltr'>παρ’</span> 
     </span>
    </p>
   </div>
   <div class='ocr_carea' id='block_1_40' title="bbox 297 2232 1906 2310">
    <p class='ocr_par' dir='ltr' id='par_1_40' title="bbox 297 2232 1906 2310">
     <span class='ocr_line' id='line_1_40' title="bbox 297 2232 1906 2310; baseline -0.001 -22"><span class='ocrx_word' id='word_1_274' title='bbox 297 2233 518 2294; x_wconf 78' lang='grc' dir='ltr'>Ἕλλησι</span> <span class='ocrx_word' id='word_1_275' title='bbox 557 2234 845 2307; x_wconf 82' lang='grc' dir='ltr'>φιλοσόφων</span> <span class='ocrx_word' id='word_1_276' title='bbox 888 2236 1287 2310; x_wconf 80' lang='grc' dir='ltr'>καθώρθωσαν),</span> <span class='ocrx_word' id='word_1_277' title='bbox 1341 2232 1468 2287; x_wconf 80' lang='grc' dir='ltr'>ἀλλὰ</span> <span class='ocrx_word' id='word_1_278' title='bbox 1513 2238 1614 2309; x_wconf 89' lang='grc' dir='ltr'>πρὸ</span> <span class='ocrx_word' id='word_1_279' title='bbox 1665 2253 1726 2306; x_wconf 88' lang='grc' dir='ltr'>γε</span> <span class='ocrx_word' id='word_1_280' title='bbox 1770 2236 1906 2286; x_wconf 87' lang='grc' dir='ltr'>πάν-</span> 
     </span>
    </p>
   </div>
   <div class='ocr_carea' id='block_1_41' title="bbox 299 2322 1903 2398">
    <p class='ocr_par' dir='ltr' id='par_1_41' title="bbox 299 2322 1903 2398">
     <span class='ocr_line' id='line_1_41' title="bbox 299 2322 1903 2398; baseline 0 -22"><span class='ocrx_word' id='word_1_281' title='bbox 299 2344 402 2377; x_wconf 86' lang='grc' dir='ltr'>των</span> <span class='ocrx_word' id='word_1_282' title='bbox 456 2328 544 2377; x_wconf 89' lang='grc' dir='ltr'>τὸν</span> <span class='ocrx_word' id='word_1_283' title='bbox 597 2333 697 2376; x_wconf 85' lang='grc' dir='ltr'>τῶν</span> <span class='ocrx_word' id='word_1_284' title='bbox 751 2322 1024 2396; x_wconf 73' lang='grc' dir='ltr'>ὀφθαλμῶν</span> <span class='ocrx_word' id='word_1_285' title='bbox 1061 2322 1384 2398; x_wconf 73' lang='grc' dir='ltr'>ῥεμϐασμόν.</span> <span class='ocrx_word' id='word_1_286' title='bbox 1445 2327 1508 2374; x_wconf 85' lang='grc' dir='ltr'>Τί</span> <span class='ocrx_word' id='word_1_287' title='bbox 1554 2326 1655 2396; x_wconf 85' lang='grc' dir='ltr'>γὰρ</span> <span class='ocrx_word' id='word_1_288' title='bbox 1711 2322 1903 2395; x_wconf 81' lang='grc' dir='ltr'>ὄφελος,</span> 
     </span>
    </p>
   </div>
   <div class='ocr_carea' id='block_1_42' title="bbox 303 2409 1906 2485">
    <p class='ocr_par' dir='ltr' id='par_1_42' title="bbox 303 2409 1906 2485">
     <span class='ocr_line' id='line_1_42' title="bbox 303 2409 1906 2485; baseline -0.003 -18"><span class='ocrx_word' id='word_1_289' title='bbox 303 2413 367 2481; x_wconf 88' lang='grc' dir='ltr'>εἰ,</span> <span class='ocrx_word' id='word_1_290' title='bbox 411 2417 592 2466; x_wconf 87' lang='grc' dir='ltr'>σιτίων</span> <span class='ocrx_word' id='word_1_291' title='bbox 641 2411 980 2485; x_wconf 77' lang='grc' dir='ltr'>ἀπεχόμενος,</span> <span class='ocrx_word' id='word_1_292' title='bbox 1027 2418 1275 2484; x_wconf 78' lang='grc' dir='ltr'>μοιχείας</span> <span class='ocrx_word' id='word_1_293' title='bbox 1324 2411 1609 2464; x_wconf 78' lang='grc' dir='ltr'>ἀκολασίαν</span> <span class='ocrx_word' id='word_1_294' title='bbox 1660 2409 1754 2464; x_wconf 78' lang='grc' dir='ltr'>διὰ</span> <span class='ocrx_word' id='word_1_295' title='bbox 1805 2420 1906 2464; x_wconf 89' lang='grc' dir='ltr'>τῶν</span> 
     </span>
    </p>
   </div>
   <div class='ocr_carea' id='block_1_43' title="bbox 305 2499 1907 2577">
    <p class='ocr_par' dir='ltr' id='par_1_43' title="bbox 305 2499 1907 2577">
     <span class='ocr_line' id='line_1_43' title="bbox 305 2499 1907 2577; baseline -0.001 -21"><span class='ocrx_word' id='word_1_296' title='bbox 305 2502 581 2575; x_wconf 76' lang='grc' dir='ltr'>ὀφθαλμῶν</span> <span class='ocrx_word' id='word_1_297' title='bbox 626 2501 838 2569; x_wconf 72' lang='grc' dir='ltr'>ἐσθίεις,</span> <span class='ocrx_word' id='word_1_298' title='bbox 880 2503 908 2561; x_wconf 74' lang='grc' dir='ltr'>ἡ</span> <span class='ocrx_word' id='word_1_299' title='bbox 967 2509 1076 2564; x_wconf 85' lang='grc' dir='ltr'>τοῖς</span> <span class='ocrx_word' id='word_1_300' title='bbox 1130 2502 1259 2555; x_wconf 86' lang='grc' dir='ltr'>ὠσὶν</span> <span class='ocrx_word' id='word_1_301' title='bbox 1312 2501 1438 2554; x_wconf 79' lang='grc' dir='ltr'>ἑκὼν</span> <span class='ocrx_word' id='word_1_302' title='bbox 1483 2499 1753 2577; x_wconf 73' lang='grc' dir='ltr'>ἀκροᾶσαι</span> <span class='ocrx_word' id='word_1_303' title='bbox 1804 2521 1907 2574; x_wconf 80' lang='grc' dir='ltr'>μα-</span> 
     </span>
    </p>
   </div>
   <div class='ocr_carea' id='block_1_44' title="bbox 299 2587 1910 2664">
    <p class='ocr_par' dir='ltr' id='par_1_44' title="bbox 299 2587 1910 2664">
     <span class='ocr_line' id='line_1_44' title="bbox 299 2587 1910 2664; baseline -0.001 -18"><span class='ocrx_word' id='word_1_304' title='bbox 299 2597 452 2655; x_wconf 86' lang='grc' dir='ltr'>ταίας</span> <span class='ocrx_word' id='word_1_305' title='bbox 501 2597 591 2644; x_wconf 80' lang='grc' dir='ltr'>καὶ</span> <span class='ocrx_word' id='word_1_306' title='bbox 631 2587 939 2653; x_wconf 76' lang='grc' dir='ltr'>διαϐολαὰς</span> <span class='ocrx_word' id='word_1_307' title='bbox 969 2592 1176 2664; x_wconf 84' lang='grc' dir='ltr'>φωνάς;</span> <span class='ocrx_word' id='word_1_308' title='bbox 1245 2589 1413 2644; x_wconf 66' lang='grc' dir='ltr'>Οὐδὲν</span> <span class='ocrx_word' id='word_1_309' title='bbox 1463 2590 1635 2663; x_wconf 79' lang='grc' dir='ltr'>ὄφελος</span> <span class='ocrx_word' id='word_1_310' title='bbox 1693 2590 1910 2664; x_wconf 82' lang='grc' dir='ltr'>βρωμά-</span> 
     </span>
    </p>
   </div>
   <div class='ocr_carea' id='block_1_45' title="bbox 299 2677 1906 2756">
    <p class='ocr_par' dir='ltr' id='par_1_45' title="bbox 299 2677 1906 2756">
     <span class='ocr_line' id='line_1_45' title="bbox 299 2677 1906 2756; baseline -0.001 -21"><span class='ocrx_word' id='word_1_311' title='bbox 299 2701 400 2735; x_wconf 88' lang='grc' dir='ltr'>των</span> <span class='ocrx_word' id='word_1_312' title='bbox 452 2680 770 2754; x_wconf 80' lang='grc' dir='ltr'>ἁπέχεσθαί,</span> <span class='ocrx_word' id='word_1_313' title='bbox 825 2685 983 2754; x_wconf 83' lang='grc' dir='ltr'>τύφον</span> <span class='ocrx_word' id='word_1_314' title='bbox 1034 2677 1094 2734; x_wconf 72' lang='grc' dir='ltr'>δε</span> <span class='ocrx_word' id='word_1_315' title='bbox 1142 2681 1574 2756; x_wconf 71' lang='grc' dir='ltr'>ῦψηλοφροσρνης</span> <span class='ocrx_word' id='word_1_316' title='bbox 1621 2686 1711 2734; x_wconf 83' lang='grc' dir='ltr'>καὶ</span> <span class='ocrx_word' id='word_1_317' title='bbox 1759 2689 1906 2742; x_wconf 80' lang='grc' dir='ltr'>κενῆς</span> 
     </span>
    </p>
   </div>
   <div class='ocr_carea' id='block_1_46' title="bbox 303 2767 1908 2843">
    <p class='ocr_par' dir='ltr' id='par_1_46' title="bbox 303 2767 1908 2843">
     <span class='ocr_line' id='line_1_46' title="bbox 303 2767 1908 2843; baseline -0.001 -19"><span class='ocrx_word' id='word_1_318' title='bbox 303 2767 460 2834; x_wconf 83' lang='grc' dir='ltr'>δόξης</span> <span class='ocrx_word' id='word_1_319' title='bbox 489 2775 580 2823; x_wconf 80' lang='grc' dir='ltr'>καὶ</span> <span class='ocrx_word' id='word_1_320' title='bbox 609 2775 804 2832; x_wconf 86' lang='grc' dir='ltr'>παντὸς</span> <span class='ocrx_word' id='word_1_321' title='bbox 841 2772 1042 2832; x_wconf 88' lang='grc' dir='ltr'>πάθους</span> <span class='ocrx_word' id='word_1_322' title='bbox 1105 2774 1176 2843; x_wconf 83' lang='grc' dir='ltr'>μὴ</span> <span class='ocrx_word' id='word_1_323' title='bbox 1241 2769 1558 2843; x_wconf 76' lang='grc' dir='ltr'>ἀπέχεσθαι.</span> <span class='ocrx_word' id='word_1_324' title='bbox 1625 2769 1691 2823; x_wconf 83' lang='grc' dir='ltr'>Ἢ</span> <span class='ocrx_word' id='word_1_325' title='bbox 1749 2774 1801 2822; x_wconf 93' lang='grc' dir='ltr'>τί</span> <span class='ocrx_word' id='word_1_326' title='bbox 1851 2788 1908 2842; x_wconf 90' lang='grc' dir='ltr'>γε</span> 
     </span>
    </p>
   </div>
   <div class='ocr_carea' id='block_1_47' title="bbox 300 2858 1906 2935">
    <p class='ocr_par' dir='ltr' id='par_1_47' title="bbox 300 2858 1906 2935">
     <span class='ocr_line' id='line_1_47' title="bbox 300 2858 1906 2935; baseline -0.001 -21"><span class='ocrx_word' id='word_1_327' title='bbox 300 2861 472 2934; x_wconf 79' lang='grc' dir='ltr'>ὄφελος</span> <span class='ocrx_word' id='word_1_328' title='bbox 527 2859 933 2934; x_wconf 73' lang='grc' dir='ltr'>ἓγκρατεύεσθαι</span> <span class='ocrx_word' id='word_1_329' title='bbox 987 2859 1088 2913; x_wconf 78' lang='grc' dir='ltr'>ἀπὸ</span> <span class='ocrx_word' id='word_1_330' title='bbox 1149 2859 1462 2935; x_wconf 81' lang='grc' dir='ltr'>βρωμάτων,</span> <span class='ocrx_word' id='word_1_331' title='bbox 1521 2865 1612 2914; x_wconf 84' lang='grc' dir='ltr'>καὶ</span> <span class='ocrx_word' id='word_1_332' title='bbox 1667 2858 1768 2913; x_wconf 82' lang='grc' dir='ltr'>ἀπὸ</span> <span class='ocrx_word' id='word_1_333' title='bbox 1827 2860 1906 2912; x_wconf 85' lang='grc' dir='ltr'>λο-</span> 
     </span>
    </p>
   </div>
   <div class='ocr_carea' id='block_1_48' title="bbox 298 2952 1907 3023">
    <p class='ocr_par' dir='ltr' id='par_1_48' title="bbox 298 2952 1907 3023">
     <span class='ocr_line' id='line_1_48' title="bbox 298 2952 1907 3023; baseline -0.001 -20"><span class='ocrx_word' id='word_1_334' title='bbox 298 2959 502 3023; x_wconf 85' lang='grc' dir='ltr'>γισμῶν</span> <span class='ocrx_word' id='word_1_335' title='bbox 553 2958 790 3023; x_wconf 84' lang='grc' dir='ltr'>πονηρῶν</span> <span class='ocrx_word' id='word_1_336' title='bbox 846 2954 938 3002; x_wconf 84' lang='grc' dir='ltr'>καὶ</span> <span class='ocrx_word' id='word_1_337' title='bbox 993 2955 1228 3023; x_wconf 85' lang='grc' dir='ltr'>ματαίων</span> <span class='ocrx_word' id='word_1_338' title='bbox 1285 2955 1356 3022; x_wconf 76' lang='grc' dir='ltr'>μὴ</span> <span class='ocrx_word' id='word_1_339' title='bbox 1407 2952 1750 3022; x_wconf 78' lang='grc' dir='ltr'>ἀπέχεσθαι;</span> <span class='ocrx_word' id='word_1_340' title='bbox 1820 2953 1907 3002; x_wconf 89' lang='grc' dir='ltr'>Διὸ</span> 
     </span>
    </p>
   </div>
   <div class='ocr_carea' id='block_1_49' title="bbox 2007 1873 3667 1945">
    <p class='ocr_par' dir='ltr' id='par_1_49' title="bbox 2007 1873 3667 1945">
     <span class='ocr_line' id='line_1_49' title="bbox 2007 1873 3667 1945; baseline 0 -15"><span class='ocrx_word' id='word_1_341' title='bbox 2007 1874 2154 1930; x_wconf 91' lang='lat' dir='ltr'>nino</span> <span class='ocrx_word' id='word_1_342' title='bbox 2180 1889 2303 1929; x_wconf 90' lang='lat' dir='ltr'>non</span> <span class='ocrx_word' id='word_1_343' title='bbox 2327 1874 2550 1930; x_wconf 88' lang='lat' dir='ltr'>tendat.</span> <span class='ocrx_word' id='word_1_344' title='bbox 2573 1875 3052 1945; x_wconf 86' lang='lat' dir='ltr'>Temperantiam</span> <span class='ocrx_word' id='word_1_345' title='bbox 3080 1877 3283 1930; x_wconf 88' lang='lat' dir='ltr'>autem</span> <span class='ocrx_word' id='word_1_346' title='bbox 3301 1873 3667 1931; x_wconf 87' lang='lat' dir='ltr'>arbitramur</span> 
     </span>
    </p>
   </div>
   <div class='ocr_carea' id='block_1_50' title="bbox 2008 1962 3668 2032">
    <p class='ocr_par' dir='ltr' id='par_1_50' title="bbox 2008 1962 3668 2032">
     <span class='ocr_line' id='line_1_50' title="bbox 2008 1962 3668 2032; baseline 0.001 -14"><span class='ocrx_word' id='word_1_347' title='bbox 2008 1979 2133 2019; x_wconf 93' lang='lat' dir='ltr'>non</span> <span class='ocrx_word' id='word_1_348' title='bbox 2174 1962 2306 2018; x_wconf 90' lang='lat' dir='ltr'>sola</span> <span class='ocrx_word' id='word_1_349' title='bbox 2354 1962 2629 2018; x_wconf 90' lang='lat' dir='ltr'>ciborum</span> <span class='ocrx_word' id='word_1_350' title='bbox 2677 1962 3044 2020; x_wconf 90' lang='lat' dir='ltr'>abstinentia</span> <span class='ocrx_word' id='word_1_351' title='bbox 3077 1963 3484 2019; x_wconf 89' lang='lat' dir='ltr'>circumscribi</span> <span class='ocrx_word' id='word_1_352' title='bbox 3527 1964 3668 2032; x_wconf 87' lang='lat' dir='ltr'>(hoc</span> 
     </span>
    </p>
   </div>
   <div class='ocr_carea' id='block_1_51' title="bbox 2011 2051 3668 2125">
    <p class='ocr_par' dir='ltr' id='par_1_51' title="bbox 2011 2051 3668 2125">
     <span class='ocr_line' id='line_1_51' title="bbox 2011 2051 3668 2125; baseline 0.001 -17"><span class='ocrx_word' id='word_1_353' title='bbox 2011 2052 2173 2109; x_wconf 91' lang='lat' dir='ltr'>enim</span> <span class='ocrx_word' id='word_1_354' title='bbox 2203 2051 2376 2108; x_wconf 88' lang='lat' dir='ltr'>multi</span> <span class='ocrx_word' id='word_1_355' title='bbox 2400 2056 2457 2108; x_wconf 92' lang='lat' dir='ltr'>et</span> <span class='ocrx_word' id='word_1_356' title='bbox 2475 2053 2635 2123; x_wconf 89' lang='lat' dir='ltr'>apud</span> <span class='ocrx_word' id='word_1_357' title='bbox 2657 2051 2908 2122; x_wconf 84' lang='lat' dir='ltr'>gentiles</span> <span class='ocrx_word' id='word_1_358' title='bbox 2925 2051 3273 2125; x_wconf 90' lang='lat' dir='ltr'>philosophi</span> <span class='ocrx_word' id='word_1_359' title='bbox 3301 2052 3668 2122; x_wconf 80' lang='lat' dir='ltr'>factitarunt,</span> 
     </span>
    </p>
   </div>
   <div class='ocr_carea' id='block_1_52' title="bbox 2011 2140 3670 2214">
    <p class='ocr_par' dir='ltr' id='par_1_52' title="bbox 2011 2140 3670 2214">
     <span class='ocr_line' id='line_1_52' title="bbox 2011 2140 3670 2214; baseline 0 -16"><span class='ocrx_word' id='word_1_360' title='bbox 2011 2142 2117 2198; x_wconf 87' lang='lat' dir='ltr'>sed</span> <span class='ocrx_word' id='word_1_361' title='bbox 2144 2141 2407 2198; x_wconf 83' lang='lat' dir='ltr'>maxime</span> <span class='ocrx_word' id='word_1_362' title='bbox 2428 2140 2743 2197; x_wconf 91' lang='lat' dir='ltr'>oculorum</span> <span class='ocrx_word' id='word_1_363' title='bbox 2769 2146 3056 2198; x_wconf 90' lang='lat' dir='ltr'>accurata</span> <span class='ocrx_word' id='word_1_364' title='bbox 3074 2142 3492 2214; x_wconf 88' lang='lat' dir='ltr'>occupatione.</span> <span class='ocrx_word' id='word_1_365' title='bbox 3516 2141 3670 2208; x_wconf 86' lang='lat' dir='ltr'>Quid</span> 
     </span>
    </p>
   </div>
   <div class='ocr_carea' id='block_1_53' title="bbox 2012 2230 3669 2302">
    <p class='ocr_par' dir='ltr' id='par_1_53' title="bbox 2012 2230 3669 2302">
     <span class='ocr_line' id='line_1_53' title="bbox 2012 2230 3669 2302; baseline 0.001 -16"><span class='ocrx_word' id='word_1_366' title='bbox 2012 2231 2174 2287; x_wconf 92' lang='lat' dir='ltr'>enim</span> <span class='ocrx_word' id='word_1_367' title='bbox 2201 2230 2446 2302; x_wconf 84' lang='lat' dir='ltr'>prodest</span> <span class='ocrx_word' id='word_1_368' title='bbox 2476 2246 2512 2286; x_wconf 90' lang='lat' dir='ltr'>a</span> <span class='ocrx_word' id='word_1_369' title='bbox 2542 2230 2692 2286; x_wconf 88' lang='lat' dir='ltr'>cibis</span> <span class='ocrx_word' id='word_1_370' title='bbox 2722 2230 3044 2301; x_wconf 86' lang='lat' dir='ltr'>abstinere,</span> <span class='ocrx_word' id='word_1_371' title='bbox 3079 2231 3131 2287; x_wconf 90' lang='lat' dir='ltr'>si</span> <span class='ocrx_word' id='word_1_372' title='bbox 3159 2230 3436 2286; x_wconf 89' lang='lat' dir='ltr'>adulterii</span> <span class='ocrx_word' id='word_1_373' title='bbox 3464 2230 3669 2287; x_wconf 90' lang='lat' dir='ltr'>libidi-</span> 
     </span>
    </p>
   </div>
   <div class='ocr_carea' id='block_1_54' title="bbox 2009 2318 3667 2392">
    <p class='ocr_par' dir='ltr' id='par_1_54' title="bbox 2009 2318 3667 2392">
     <span class='ocr_line' id='line_1_54' title="bbox 2009 2318 3667 2392; baseline 0.001 -16"><span class='ocrx_word' id='word_1_374' title='bbox 2009 2335 2153 2376; x_wconf 88' lang='lat' dir='ltr'>nem</span> <span class='ocrx_word' id='word_1_375' title='bbox 2183 2336 2291 2392; x_wconf 89' lang='lat' dir='ltr'>per</span> <span class='ocrx_word' id='word_1_376' title='bbox 2315 2318 2526 2376; x_wconf 92' lang='lat' dir='ltr'>oculos</span> <span class='ocrx_word' id='word_1_377' title='bbox 2544 2336 2739 2390; x_wconf 88' lang='lat' dir='ltr'>vores,</span> <span class='ocrx_word' id='word_1_378' title='bbox 2772 2324 2875 2377; x_wconf 90' lang='lat' dir='ltr'>aut</span> <span class='ocrx_word' id='word_1_379' title='bbox 2901 2319 3118 2376; x_wconf 91' lang='lat' dir='ltr'>lubens</span> <span class='ocrx_word' id='word_1_380' title='bbox 3139 2336 3329 2377; x_wconf 87' lang='lat' dir='ltr'>vanas</span> <span class='ocrx_word' id='word_1_381' title='bbox 3357 2336 3428 2376; x_wconf 84' lang='lat' dir='ltr'>ac</span> <span class='ocrx_word' id='word_1_382' title='bbox 3457 2320 3667 2377; x_wconf 88' lang='lat' dir='ltr'>diabo-</span> 
     </span>
    </p>
   </div>
   <div class='ocr_carea' id='block_1_55' title="bbox 2011 2409 3672 2483">
    <p class='ocr_par' dir='ltr' id='par_1_55' title="bbox 2011 2409 3672 2483">
     <span class='ocr_line' id='line_1_55' title="bbox 2011 2409 3672 2483; baseline -0.001 -17"><span class='ocrx_word' id='word_1_383' title='bbox 2011 2409 2158 2466; x_wconf 88' lang='lat' dir='ltr'>licas</span> <span class='ocrx_word' id='word_1_384' title='bbox 2187 2425 2368 2466; x_wconf 91' lang='lat' dir='ltr'>voces</span> <span class='ocrx_word' id='word_1_385' title='bbox 2407 2409 2658 2465; x_wconf 90' lang='lat' dir='ltr'>auribus</span> <span class='ocrx_word' id='word_1_386' title='bbox 2700 2410 2914 2466; x_wconf 88' lang='lat' dir='ltr'>audias</span> <span class='ocrx_word' id='word_1_387' title='bbox 2939 2409 2966 2464; x_wconf 85' lang='lat'><strong>?</strong></span> <span class='ocrx_word' id='word_1_388' title='bbox 3008 2410 3381 2466; x_wconf 80' lang='lat' dir='ltr'>Abstinentia</span> <span class='ocrx_word' id='word_1_389' title='bbox 3422 2425 3672 2483; x_wconf 84' lang='lat' dir='ltr'>prorsus</span> 
     </span>
    </p>
   </div>
   <div class='ocr_carea' id='block_1_56' title="bbox 2011 2499 3673 2572">
    <p class='ocr_par' dir='ltr' id='par_1_56' title="bbox 2011 2499 3673 2572">
     <span class='ocr_line' id='line_1_56' title="bbox 2011 2499 3673 2572; baseline 0 -16"><span class='ocrx_word' id='word_1_390' title='bbox 2011 2499 2236 2556; x_wconf 90' lang='lat' dir='ltr'>inutilis</span> <span class='ocrx_word' id='word_1_391' title='bbox 2267 2504 2375 2570; x_wconf 86' lang='lat' dir='ltr'>est,</span> <span class='ocrx_word' id='word_1_392' title='bbox 2407 2499 2522 2556; x_wconf 90' lang='lat' dir='ltr'>nisi</span> <span class='ocrx_word' id='word_1_393' title='bbox 2553 2504 2610 2556; x_wconf 91' lang='lat' dir='ltr'>et</span> <span class='ocrx_word' id='word_1_394' title='bbox 2639 2516 2675 2556; x_wconf 91' lang='lat' dir='ltr'>a</span> <span class='ocrx_word' id='word_1_395' title='bbox 2705 2499 2860 2556; x_wconf 82' lang='lat' dir='ltr'>fastu</span> <span class='ocrx_word' id='word_1_396' title='bbox 2886 2504 2942 2555; x_wconf 93' lang='lat' dir='ltr'>et</span> <span class='ocrx_word' id='word_1_397' title='bbox 2967 2516 3002 2556; x_wconf 91' lang='lat' dir='ltr'>a</span> <span class='ocrx_word' id='word_1_398' title='bbox 3033 2500 3333 2572; x_wconf 90' lang='lat' dir='ltr'>superbia,</span> <span class='ocrx_word' id='word_1_399' title='bbox 3369 2505 3428 2557; x_wconf 88' lang='lat' dir='ltr'>et</span> <span class='ocrx_word' id='word_1_400' title='bbox 3455 2517 3491 2557; x_wconf 93' lang='lat' dir='ltr'>a</span> <span class='ocrx_word' id='word_1_401' title='bbox 3514 2515 3673 2556; x_wconf 88' lang='lat' dir='ltr'>vana</span> 
     </span>
    </p>
   </div>
   <div class='ocr_carea' id='block_1_57' title="bbox 2014 2589 3675 2661">
    <p class='ocr_par' dir='ltr' id='par_1_57' title="bbox 2014 2589 3675 2661">
     <span class='ocr_line' id='line_1_57' title="bbox 2014 2589 3675 2661; baseline -0.001 -16"><span class='ocrx_word' id='word_1_402' title='bbox 2014 2590 2225 2661; x_wconf 83' lang='lat' dir='ltr'>gloria,</span> <span class='ocrx_word' id='word_1_403' title='bbox 2259 2595 2317 2645; x_wconf 91' lang='lat' dir='ltr'>et</span> <span class='ocrx_word' id='word_1_404' title='bbox 2362 2589 2440 2646; x_wconf 93' lang='lat' dir='ltr'>ab</span> <span class='ocrx_word' id='word_1_405' title='bbox 2490 2590 2656 2646; x_wconf 88' lang='lat' dir='ltr'>omni</span> <span class='ocrx_word' id='word_1_406' title='bbox 2688 2589 2906 2646; x_wconf 76' lang='lat' dir='ltr'>affectu</span> <span class='ocrx_word' id='word_1_407' title='bbox 2934 2590 3155 2646; x_wconf 84' lang='lat' dir='ltr'>vitioso</span> <span class='ocrx_word' id='word_1_408' title='bbox 3185 2590 3516 2646; x_wconf 86' lang='lat' dir='ltr'>abstineas.</span> <span class='ocrx_word' id='word_1_409' title='bbox 3559 2593 3675 2646; x_wconf 81' lang='lat' dir='ltr'>Aut</span> 
     </span>
    </p>
   </div>
   <div class='ocr_carea' id='block_1_58' title="bbox 2013 2679 3674 2753">
    <p class='ocr_par' dir='ltr' id='par_1_58' title="bbox 2013 2679 3674 2753">
     <span class='ocr_line' id='line_1_58' title="bbox 2013 2679 3674 2753; baseline 0.001 -18"><span class='ocrx_word' id='word_1_410' title='bbox 2013 2680 2162 2753; x_wconf 92' lang='lat' dir='ltr'>quid</span> <span class='ocrx_word' id='word_1_411' title='bbox 2184 2680 2324 2736; x_wconf 88' lang='lat' dir='ltr'>inde</span> <span class='ocrx_word' id='word_1_412' title='bbox 2349 2679 2764 2747; x_wconf 88' lang='lat' dir='ltr'>emolumenti,</span> <span class='ocrx_word' id='word_1_413' title='bbox 2790 2681 2839 2735; x_wconf 92' lang='lat' dir='ltr'>si</span> <span class='ocrx_word' id='word_1_414' title='bbox 2856 2680 3164 2737; x_wconf 83' lang='lat' dir='ltr'>abstineas</span> <span class='ocrx_word' id='word_1_415' title='bbox 3181 2680 3260 2737; x_wconf 91' lang='lat' dir='ltr'>ab</span> <span class='ocrx_word' id='word_1_416' title='bbox 3286 2681 3460 2748; x_wconf 86' lang='lat' dir='ltr'>escis,</span> <span class='ocrx_word' id='word_1_417' title='bbox 3479 2697 3516 2736; x_wconf 90' lang='lat' dir='ltr'>a</span> <span class='ocrx_word' id='word_1_418' title='bbox 3534 2695 3674 2753; x_wconf 87' lang='lat' dir='ltr'>pra.-</span> 
     </span>
    </p>
   </div>
   <div class='ocr_carea' id='block_1_59' title="bbox 2013 2769 3674 2843">
    <p class='ocr_par' dir='ltr' id='par_1_59' title="bbox 2013 2769 3674 2843">
     <span class='ocr_line' id='line_1_59' title="bbox 2013 2769 3674 2843; baseline 0 -17"><span class='ocrx_word' id='word_1_419' title='bbox 2013 2770 2105 2826; x_wconf 89' lang='lat' dir='ltr'>vis</span> <span class='ocrx_word' id='word_1_420' title='bbox 2132 2775 2335 2826; x_wconf 90' lang='lat' dir='ltr'>autem</span> <span class='ocrx_word' id='word_1_421' title='bbox 2357 2775 2413 2826; x_wconf 92' lang='lat' dir='ltr'>et</span> <span class='ocrx_word' id='word_1_422' title='bbox 2441 2770 2612 2826; x_wconf 88' lang='lat' dir='ltr'>vanis</span> <span class='ocrx_word' id='word_1_423' title='bbox 2631 2770 3098 2840; x_wconf 83' lang='lat' dir='ltr'>cogitationibus</span> <span class='ocrx_word' id='word_1_424' title='bbox 3115 2787 3238 2827; x_wconf 93' lang='lat' dir='ltr'>non</span> <span class='ocrx_word' id='word_1_425' title='bbox 3260 2787 3511 2843; x_wconf 90' lang='lat' dir='ltr'>prorsus</span> <span class='ocrx_word' id='word_1_426' title='bbox 3534 2769 3674 2827; x_wconf 84' lang='lat' dir='ltr'>abs-</span> 
     </span>
    </p>
   </div>
   <div class='ocr_carea' id='block_1_60' title="bbox 2015 2860 3675 2933">
    <p class='ocr_par' dir='ltr' id='par_1_60' title="bbox 2015 2860 3675 2933">
     <span class='ocr_line' id='line_1_60' title="bbox 2015 2860 3675 2933; baseline 0 -17"><span class='ocrx_word' id='word_1_427' title='bbox 2015 2861 2249 2916; x_wconf 84' lang='lat' dir='ltr'>tineas?</span> <span class='ocrx_word' id='word_1_428' title='bbox 2279 2860 2688 2926; x_wconf 88' lang='lat' dir='ltr'>Quamobrem</span> <span class='ocrx_word' id='word_1_429' title='bbox 2719 2860 3048 2933; x_wconf 84' lang='lat' dir='ltr'>Apostolus</span> <span class='ocrx_word' id='word_1_430' title='bbox 3067 2860 3338 2918; x_wconf 90' lang='lat' dir='ltr'>dicebat:</span> <span class='ocrx_word' id='word_1_431' title='bbox 3377 2862 3569 2917; x_wconf 88' lang='lat' dir='ltr'>Timeo</span> <span class='ocrx_word' id='word_1_432' title='bbox 3599 2874 3675 2916; x_wconf 86' lang='lat' dir='ltr'>ne</span> 
     </span>
    </p>
   </div>
   <div class='ocr_carea' id='block_1_61' title="bbox 2015 2949 3677 3020">
    <p class='ocr_par' dir='ltr' id='par_1_61' title="bbox 2015 2949 3677 3020">
     <span class='ocr_line' id='line_1_61' title="bbox 2015 2949 3677 3020; baseline 0.002 -14"><span class='ocrx_word' id='word_1_433' title='bbox 2015 2955 2493 3019; x_wconf 77' lang='lat' dir='ltr'>corrumpantur</span> <span class='ocrx_word' id='word_1_434' title='bbox 2509 2965 2714 3006; x_wconf 81' lang='lat' dir='ltr'>sensus</span> <span class='ocrx_word' id='word_1_435' title='bbox 2741 2952 2925 3007; x_wconf 78' lang='lat' dir='ltr'>vestri</span> <span class='ocrx_word' id='word_1_436' title='bbox 2950 2952 3018 3005; x_wconf 80' lang='grc'>“.</span> <span class='ocrx_word' id='word_1_437' title='bbox 3050 2949 3480 3007; x_wconf 89' lang='lat' dir='ltr'>Abstineamus</span> <span class='ocrx_word' id='word_1_438' title='bbox 3497 2949 3677 3020; x_wconf 79' lang='lat' dir='ltr'>igitur</span> 
     </span>
    </p>
   </div>
   <div class='ocr_carea' id='block_1_62' title="bbox 300 3038 1906 3117">
    <p class='ocr_par' dir='ltr' id='par_1_62' title="bbox 300 3039 1902 3114">
     <span class='ocr_line' id='line_1_62' title="bbox 300 3039 1902 3114; baseline -0.001 -22"><span class='ocrx_word' id='word_1_439' title='bbox 300 3045 390 3093; x_wconf 80' lang='grc' dir='ltr'>καὶ</span> <span class='ocrx_word' id='word_1_440' title='bbox 446 3041 473 3092; x_wconf 89' lang='lat'>6</span> <span class='ocrx_word' id='word_1_441' title='bbox 525 3039 833 3100; x_wconf 87' lang='grc' dir='ltr'>Ἀπόστολος</span> <span class='ocrx_word' id='word_1_442' title='bbox 889 3039 1074 3112; x_wconf 66' lang='grc' dir='ltr'>ὒεγεν·</span> <span class='ocrx_word' id='word_1_443' title='bbox 1129 3039 1398 3112; x_wconf 71' lang='grc' dir='ltr'>Φοϐοῦμαι</span> <span class='ocrx_word' id='word_1_444' title='bbox 1446 3045 1517 3112; x_wconf 87' lang='grc' dir='ltr'><em>μή</em></span> <span class='ocrx_word' id='word_1_445' title='bbox 1571 3059 1677 3100; x_wconf 88' lang='grc' dir='ltr'>πως</span> <span class='ocrx_word' id='word_1_446' title='bbox 1731 3040 1902 3114; x_wconf 78' lang='grc' dir='ltr'>φθαρῇ</span> 
     </span>
    </p>
   </div>
   <div class='ocr_carea' id='block_1_63' title="bbox 2014 3038 3678 3117">
    <p class='ocr_par' dir='ltr' id='par_1_63' title="bbox 2015 3038 3678 3108">
     <span class='ocr_line' id='line_1_63' title="bbox 2015 3038 3678 3108; baseline 0.001 -14"><span class='ocrx_word' id='word_1_447' title='bbox 2015 3039 2094 3095; x_wconf 92' lang='lat' dir='ltr'>ab</span> <span class='ocrx_word' id='word_1_448' title='bbox 2114 3039 2208 3094; x_wconf 86' lang='lat' dir='ltr'>his</span> <span class='ocrx_word' id='word_1_449' title='bbox 2230 3038 2537 3108; x_wconf 90' lang='lat' dir='ltr'>omnibus,</span> <span class='ocrx_word' id='word_1_450' title='bbox 2551 3056 2625 3096; x_wconf 93' lang='lat' dir='ltr'>ne</span> <span class='ocrx_word' id='word_1_451' title='bbox 2645 3040 2858 3096; x_wconf 83' lang='lat' dir='ltr'>merito</span> <span class='ocrx_word' id='word_1_452' title='bbox 2877 3041 3115 3096; x_wconf 90' lang='lat' dir='ltr'>Domini</span> <span class='ocrx_word' id='word_1_453' title='bbox 3137 3041 3447 3098; x_wconf 90' lang='lat' dir='ltr'>accusatio</span> <span class='ocrx_word' id='word_1_454' title='bbox 3472 3039 3678 3096; x_wconf 88' lang='lat' dir='ltr'>veniat</span> 
     </span>
    </p>
   </div>
   <div class='ocr_carea' id='block_1_64' title="bbox 297 3127 1906 3203">
    <p class='ocr_par' dir='ltr' id='par_1_64' title="bbox 297 3127 1906 3203">
     <span class='ocr_line' id='line_1_64' title="bbox 297 3127 1906 3203; baseline -0.002 -19"><span class='ocrx_word' id='word_1_455' title='bbox 297 3131 364 3184; x_wconf 77' lang='grc' dir='ltr'>τὰ</span> <span class='ocrx_word' id='word_1_456' title='bbox 423 3133 662 3202; x_wconf 82' lang='grc' dir='ltr'>νοήματα</span> <span class='ocrx_word' id='word_1_457' title='bbox 716 3131 884 3202; x_wconf 75' lang='grc' dir='ltr'>ἡμῶν.</span> <span class='ocrx_word' id='word_1_458' title='bbox 957 3129 1256 3203; x_wconf 86' lang='grc' dir='ltr'>Ἐγκρατεῖς</span> <span class='ocrx_word' id='word_1_459' title='bbox 1319 3129 1406 3181; x_wconf 78' lang='grc' dir='ltr'>οῦν</span> <span class='ocrx_word' id='word_1_460' title='bbox 1472 3131 1740 3202; x_wconf 86' lang='grc' dir='ltr'>γενώμεθα</span> <span class='ocrx_word' id='word_1_461' title='bbox 1805 3127 1906 3182; x_wconf 79' lang='grc' dir='ltr'>ἀπὸ</span> 
     </span>
    </p>
   </div>
   <div class='ocr_carea' id='block_1_65' title="bbox 299 3217 1906 3292">
    <p class='ocr_par' dir='ltr' id='par_1_65' title="bbox 299 3217 1906 3292">
     <span class='ocr_line' id='line_1_65' title="bbox 299 3217 1906 3292; baseline -0.001 -21"><span class='ocrx_word' id='word_1_462' title='bbox 299 3221 495 3271; x_wconf 83' lang='grc' dir='ltr'>τούτων</span> <span class='ocrx_word' id='word_1_463' title='bbox 541 3218 798 3290; x_wconf 78' lang='grc' dir='ltr'>ἁπάντων,</span> <span class='ocrx_word' id='word_1_464' title='bbox 846 3224 1050 3291; x_wconf 75' lang='grc' dir='ltr'>μήποτε</span> <span class='ocrx_word' id='word_1_465' title='bbox 1093 3219 1304 3282; x_wconf 80' lang='grc' dir='ltr'>εἰκότως</span> <span class='ocrx_word' id='word_1_466' title='bbox 1333 3223 1424 3271; x_wconf 86' lang='grc' dir='ltr'>καὶ</span> <span class='ocrx_word' id='word_1_467' title='bbox 1455 3217 1528 3292; x_wconf 74' lang='grc' dir='ltr'>ἐφ’</span> <span class='ocrx_word' id='word_1_468' title='bbox 1558 3221 1699 3291; x_wconf 77' lang='grc' dir='ltr'>ἡμᾶς</span> <span class='ocrx_word' id='word_1_469' title='bbox 1737 3220 1766 3277; x_wconf 81' lang='grc' dir='ltr'>ἡ</span> <span class='ocrx_word' id='word_1_470' title='bbox 1814 3225 1906 3270; x_wconf 90' lang='grc' dir='ltr'>τοῦ</span> 
     </span>
    </p>
   </div>
   <div class='ocr_carea' id='block_1_66' title="bbox 2015 3129 3669 3202">
    <p class='ocr_par' dir='ltr' id='par_1_66' title="bbox 2015 3129 3669 3202">
     <span class='ocr_line' id='line_1_66' title="bbox 2015 3129 3669 3202; baseline 0.001 -17"><span class='ocrx_word' id='word_1_471' title='bbox 2015 3129 2077 3185; x_wconf 92' lang='lat' dir='ltr'>in</span> <span class='ocrx_word' id='word_1_472' title='bbox 2107 3145 2219 3185; x_wconf 89' lang='lat' dir='ltr'>nos</span> <span class='ocrx_word' id='word_1_473' title='bbox 2249 3144 2514 3201; x_wconf 87' lang='lat' dir='ltr'>quoque,</span> <span class='ocrx_word' id='word_1_474' title='bbox 2549 3133 2843 3202; x_wconf 83' lang='lat' dir='ltr'>tanquam</span> <span class='ocrx_word' id='word_1_475' title='bbox 2873 3129 2980 3202; x_wconf 91' lang='lat' dir='ltr'>qui</span> <span class='ocrx_word' id='word_1_476' title='bbox 3017 3130 3364 3188; x_wconf 83' lang='lat' dir='ltr'>excolemus</span> <span class='ocrx_word' id='word_1_477' title='bbox 3395 3129 3669 3200; x_wconf 86' lang='lat' dir='ltr'>culicem,</span> 
     </span>
    </p>
   </div>
   <div class='ocr_carea' id='block_1_67' title="bbox 2016 3217 2940 3288">
    <p class='ocr_par' dir='ltr' id='par_1_67' title="bbox 2016 3217 2940 3288">
     <span class='ocr_line' id='line_1_67' title="bbox 2016 3217 2940 3288; baseline 0 -14"><span class='ocrx_word' id='word_1_478' title='bbox 2016 3217 2318 3275; x_wconf 89' lang='lat' dir='ltr'>camelum</span> <span class='ocrx_word' id='word_1_479' title='bbox 2343 3233 2486 3284; x_wconf 75' lang='lat' dir='ltr'>vero</span> <span class='ocrx_word' id='word_1_480' title='bbox 2518 3217 2849 3288; x_wconf 84' lang='lat' dir='ltr'>glutiamus</span> <span class='ocrx_word' id='word_1_481' title='bbox 2872 3219 2940 3274; x_wconf 71' lang='lat'>‘5.</span> 
     </span>
    </p>
   </div>
   <div class='ocr_carea' id='block_1_68' title="bbox 303 3304 2816 3381">
    <p class='ocr_par' dir='ltr' id='par_1_68' title="bbox 303 3304 2816 3381">
     <span class='ocr_line' id='line_1_68' title="bbox 303 3304 2816 3381; baseline 0.001 -21"><span class='ocrx_word' id='word_1_482' title='bbox 303 3312 500 3381; x_wconf 75' lang='grc' dir='ltr'>Κυρίου</span> <span class='ocrx_word' id='word_1_483' title='bbox 549 3307 746 3379; x_wconf 78' lang='grc' dir='ltr'>μέμψις</span> <span class='ocrx_word' id='word_1_484' title='bbox 799 3307 961 3376; x_wconf 76' lang='grc' dir='ltr'>ἔλθοι,</span> <span class='ocrx_word' id='word_1_485' title='bbox 1012 3310 1083 3368; x_wconf 86' lang='grc' dir='ltr'>ὡς</span> <span class='ocrx_word' id='word_1_486' title='bbox 1128 3311 1216 3360; x_wconf 88' lang='grc' dir='ltr'>τὸν</span> <span class='ocrx_word' id='word_1_487' title='bbox 1270 3313 1496 3361; x_wconf 85' lang='grc' dir='ltr'>κώνωπα</span> <span class='ocrx_word' id='word_1_488' title='bbox 1553 3304 1912 3376; x_wconf 81' lang='grc' dir='ltr'>διυλιζόντων,</span> <span class='ocrx_word' id='word_1_489' title='bbox 1944 3312 2040 3367; x_wconf 76' lang='grc' dir='ltr'>τὴν</span> <span class='ocrx_word' id='word_1_490' title='bbox 2071 3305 2130 3361; x_wconf 76' lang='grc' dir='ltr'>δὲ</span> <span class='ocrx_word' id='word_1_491' title='bbox 2155 3305 2388 3379; x_wconf 78' lang='grc' dir='ltr'>κάμηλον</span> <span class='ocrx_word' id='word_1_492' title='bbox 2413 3311 2816 3362; x_wconf 85' lang='grc' dir='ltr'>καταπινόντων.</span> 
     </span>
    </p>
   </div>
   <div class='ocr_carea' id='block_1_69' title="bbox 849 3423 1356 3478">
    <p class='ocr_par' dir='ltr' id='par_1_69' title="bbox 849 3423 1356 3478">
     <span class='ocr_line' id='line_1_69' title="bbox 849 3423 1356 3478; baseline 0.004 -2"><span class='ocrx_word' id='word_1_493' title='bbox 849 3428 1240 3478; x_wconf 80' lang='grc' dir='ltr'>ΚΕΦΑΛΑῙΟΝ</span> <span class='ocrx_word' id='word_1_494' title='bbox 1281 3423 1356 3478; x_wconf 75' lang='grc' dir='ltr'>κ’.</span> 
     </span>
    </p>
   </div>
   <div class='ocr_carea' id='block_1_70' title="bbox 300 3527 1908 3606">
    <p class='ocr_par' dir='ltr' id='par_1_70' title="bbox 300 3527 1908 3606">
     <span class='ocr_line' id='line_1_70' title="bbox 300 3527 1908 3606; baseline 0.002 -25"><span class='ocrx_word' id='word_1_495' title='bbox 300 3534 422 3582; x_wconf 85' lang='grc' dir='ltr'>Ὀτι</span> <span class='ocrx_word' id='word_1_496' title='bbox 451 3528 510 3581; x_wconf 79' lang='grc' dir='ltr'>οῦ</span> <span class='ocrx_word' id='word_1_497' title='bbox 535 3533 646 3603; x_wconf 79' lang='grc' dir='ltr'>χρὴ</span> <span class='ocrx_word' id='word_1_498' title='bbox 689 3530 781 3592; x_wconf 80' lang='grc' dir='ltr'>τὰς</span> <span class='ocrx_word' id='word_1_499' title='bbox 806 3532 932 3606; x_wconf 85' lang='grc' dir='ltr'>πρὸς</span> <span class='ocrx_word' id='word_1_500' title='bbox 969 3532 1086 3591; x_wconf 80' lang='grc' dir='ltr'>τοὺς</span> <span class='ocrx_word' id='word_1_501' title='bbox 1138 3527 1417 3603; x_wconf 83' lang='grc' dir='ltr'>βιωτικούς</span> <span class='ocrx_word' id='word_1_502' title='bbox 1459 3537 1722 3603; x_wconf 82' lang='grc' dir='ltr'>συγγενεῖς</span> <span class='ocrx_word' id='word_1_503' title='bbox 1751 3549 1908 3604; x_wconf 81' lang='grc' dir='ltr'>μετα-</span> 
     </span>
    </p>
   </div>
   <div class='ocr_carea' id='block_1_71' title="bbox 508 3615 1709 3694">
    <p class='ocr_par' dir='ltr' id='par_1_71' title="bbox 508 3615 1709 3694">
     <span class='ocr_line' id='line_1_71' title="bbox 508 3615 1709 3694; baseline 0 -22"><span class='ocrx_word' id='word_1_504' title='bbox 508 3615 717 3672; x_wconf 82' lang='grc' dir='ltr'>διώκειν</span> <span class='ocrx_word' id='word_1_505' title='bbox 747 3619 968 3692; x_wconf 86' lang='grc' dir='ltr'>ὁμιλίας,</span> <span class='ocrx_word' id='word_1_506' title='bbox 1002 3621 1032 3678; x_wconf 75' lang='grc' dir='ltr'><strong>ἦ</strong></span> <span class='ocrx_word' id='word_1_507' title='bbox 1069 3622 1134 3672; x_wconf 80' lang='grc' dir='ltr'>τὰ</span> <span class='ocrx_word' id='word_1_508' title='bbox 1163 3617 1364 3671; x_wconf 78' lang='grc' dir='ltr'>ἐκείνων</span> <span class='ocrx_word' id='word_1_509' title='bbox 1398 3620 1709 3694; x_wconf 77' lang='grc' dir='ltr'>φροντίζειν.</span> 
     </span>
    </p>
   </div>
   <div class='ocr_carea' id='block_1_72' title="bbox 381 3745 1912 3818">
    <p class='ocr_par' dir='ltr' id='par_1_72' title="bbox 381 3745 1912 3818">
     <span class='ocr_line' id='line_1_72' title="bbox 381 3745 1912 3818; baseline -0.001 -18"><span class='ocrx_word' id='word_1_510' title='bbox 381 3748 430 3800; x_wconf 73' lang='grc'>1.</span> <span class='ocrx_word' id='word_1_511' title='bbox 485 3751 738 3816; x_wconf 85' lang='grc' dir='ltr'>Συγγενῦν</span> <span class='ocrx_word' id='word_1_512' title='bbox 793 3747 969 3817; x_wconf 81' lang='grc' dir='ltr'>μέντοι</span> <span class='ocrx_word' id='word_1_513' title='bbox 1015 3749 1107 3797; x_wconf 81' lang='grc' dir='ltr'>καὶ</span> <span class='ocrx_word' id='word_1_514' title='bbox 1156 3745 1312 3818; x_wconf 85' lang='grc' dir='ltr'>φίλων</span> <span class='ocrx_word' id='word_1_515' title='bbox 1368 3750 1459 3797; x_wconf 78' lang='grc' dir='ltr'>καὶ</span> <span class='ocrx_word' id='word_1_516' title='bbox 1504 3749 1694 3817; x_wconf 69' lang='grc' dir='ltr'>γονέων</span> <span class='ocrx_word' id='word_1_517' title='bbox 1741 3765 1912 3818; x_wconf 85' lang='grc' dir='ltr'>κεχω-</span> 
     </span>
    </p>
   </div>
   <div class='ocr_carea' id='block_1_73' title="bbox 302 3831 1912 3911">
    <p class='ocr_par' dir='ltr' id='par_1_73' title="bbox 302 3831 1912 3911">
     <span class='ocr_line' id='line_1_73' title="bbox 302 3831 1912 3911; baseline 0.004 -26"><span class='ocrx_word' id='word_1_518' title='bbox 302 3834 488 3911; x_wconf 85' lang='grc' dir='ltr'>ρισθαι</span> <span class='ocrx_word' id='word_1_519' title='bbox 542 3841 792 3888; x_wconf 86' lang='grc' dir='ltr'>τοσοῦτον</span> <span class='ocrx_word' id='word_1_520' title='bbox 852 3843 914 3907; x_wconf 76' lang='grc' dir='ltr'>τῇ</span> <span class='ocrx_word' id='word_1_521' title='bbox 996 3831 1234 3888; x_wconf 74' lang='grc' dir='ltr'>διαθέσει</span> <span class='ocrx_word' id='word_1_522' title='bbox 1283 3839 1562 3910; x_wconf 77' lang='grc' dir='ltr'>προσήκει,</span> <span class='ocrx_word' id='word_1_523' title='bbox 1622 3837 1742 3887; x_wconf 83' lang='grc' dir='ltr'>ὅσον</span> <span class='ocrx_word' id='word_1_524' title='bbox 1796 3839 1912 3907; x_wconf 82' lang='grc'>(62)</span> 
     </span>
    </p>
   </div>
   <div class='ocr_carea' id='block_1_74' title="bbox 303 3923 1911 3999">
    <p class='ocr_par' dir='ltr' id='par_1_74' title="bbox 303 3923 1911 3999">
     <span class='ocr_line' id='line_1_74' title="bbox 303 3923 1911 3999; baseline 0.004 -24"><span class='ocrx_word' id='word_1_525' title='bbox 303 3927 422 3984; x_wconf 82' lang='grc' dir='ltr'>τοὺς</span> <span class='ocrx_word' id='word_1_526' title='bbox 483 3925 764 3987; x_wconf 86' lang='grc' dir='ltr'>τεθνεῶτας</span> <span class='ocrx_word' id='word_1_527' title='bbox 827 3925 1023 3999; x_wconf 83' lang='grc' dir='ltr'>ὁρῶμεν</span> <span class='ocrx_word' id='word_1_528' title='bbox 1101 3933 1200 3978; x_wconf 89' lang='grc' dir='ltr'>τῶν</span> <span class='ocrx_word' id='word_1_529' title='bbox 1261 3924 1464 3985; x_wconf 81' lang='grc' dir='ltr'>ζώντων</span> <span class='ocrx_word' id='word_1_530' title='bbox 1533 3923 1911 3997; x_wconf 79' lang='grc' dir='ltr'>ἀφεστηκότας.</span> 
     </span>
    </p>
   </div>
   <div class='ocr_carea' id='block_1_75' title="bbox 304 4013 1913 4089">
    <p class='ocr_par' dir='ltr' id='par_1_75' title="bbox 304 4013 1913 4089">
     <span class='ocr_line' id='line_1_75' title="bbox 304 4013 1913 4089; baseline 0.001 -23"><span class='ocrx_word' id='word_1_531' title='bbox 304 4017 404 4066; x_wconf 79' lang='grc' dir='ltr'>Καὶ</span> <span class='ocrx_word' id='word_1_532' title='bbox 442 4014 544 4088; x_wconf 82' lang='grc' dir='ltr'>γὰρ</span> <span class='ocrx_word' id='word_1_533' title='bbox 608 4015 634 4065; x_wconf 90' lang='lat'>6</span> <span class='ocrx_word' id='word_1_534' title='bbox 696 4013 828 4066; x_wconf 80' lang='grc' dir='ltr'>κατὰ</span> <span class='ocrx_word' id='word_1_535' title='bbox 904 4013 1147 4074; x_wconf 80' lang='grc' dir='ltr'>ἀληθειαν</span> <span class='ocrx_word' id='word_1_536' title='bbox 1210 4018 1342 4089; x_wconf 87' lang='grc' dir='ltr'>πρὸς</span> <span class='ocrx_word' id='word_1_537' title='bbox 1401 4018 1524 4076; x_wconf 84' lang='grc' dir='ltr'>τοὺς</span> <span class='ocrx_word' id='word_1_538' title='bbox 1571 4014 1684 4068; x_wconf 89' lang='grc' dir='ltr'>κατ’</span> <span class='ocrx_word' id='word_1_539' title='bbox 1728 4014 1913 4089; x_wconf 73' lang='grc' dir='ltr'>ἀρετὴν</span> 
     </span>
    </p>
   </div>
   <div class='ocr_carea' id='block_1_76' title="bbox 299 4099 1915 4180">
    <p class='ocr_par' dir='ltr' id='par_1_76' title="bbox 299 4099 1915 4180">
     <span class='ocr_line' id='line_1_76' title="bbox 299 4099 1915 4180; baseline 0.005 -28"><span class='ocrx_word' id='word_1_540' title='bbox 299 4099 504 4172; x_wconf 75' lang='grc' dir='ltr'>ἀγῶνας</span> <span class='ocrx_word' id='word_1_541' title='bbox 563 4099 985 4176; x_wconf 75' lang='grc' dir='ltr'>ἀποδυσάμενος,</span> <span class='ocrx_word' id='word_1_542' title='bbox 1047 4110 1136 4157; x_wconf 84' lang='grc' dir='ltr'>καὶ</span> <span class='ocrx_word' id='word_1_543' title='bbox 1192 4113 1265 4176; x_wconf 83' lang='grc' dir='ltr'>τῷ</span> <span class='ocrx_word' id='word_1_544' title='bbox 1321 4109 1504 4178; x_wconf 85' lang='grc' dir='ltr'>κόσμῳ</span> <span class='ocrx_word' id='word_1_545' title='bbox 1565 4109 1719 4159; x_wconf 85' lang='grc' dir='ltr'>παντὶ</span> <span class='ocrx_word' id='word_1_546' title='bbox 1783 4108 1915 4180; x_wconf 84' lang='grc' dir='ltr'>μετὰ</span> 
     </span>
    </p>
   </div>
   <div class='ocr_carea' id='block_1_77' title="bbox 298 4189 1914 4267">
    <p class='ocr_par' dir='ltr' id='par_1_77' title="bbox 298 4189 1914 4267">
     <span class='ocr_line' id='line_1_77' title="bbox 298 4189 1914 4267; baseline 0.003 -23"><span class='ocrx_word' id='word_1_547' title='bbox 298 4198 397 4244; x_wconf 83' lang='grc' dir='ltr'>τῶν</span> <span class='ocrx_word' id='word_1_548' title='bbox 452 4189 499 4243; x_wconf 79' lang='grc' dir='ltr'>ἐν</span> <span class='ocrx_word' id='word_1_549' title='bbox 539 4191 612 4261; x_wconf 78' lang='grc' dir='ltr'>τῷ</span> <span class='ocrx_word' id='word_1_550' title='bbox 660 4196 844 4264; x_wconf 84' lang='grc' dir='ltr'>κόσμῳ</span> <span class='ocrx_word' id='word_1_551' title='bbox 896 4195 1100 4244; x_wconf 88' lang='grc' dir='ltr'>πάντων</span> <span class='ocrx_word' id='word_1_552' title='bbox 1153 4193 1564 4267; x_wconf 71' lang='grc' dir='ltr'>ἀποταξάμενος,</span> <span class='ocrx_word' id='word_1_553' title='bbox 1605 4199 1693 4247; x_wconf 85' lang='grc' dir='ltr'>καὶ</span> <span class='ocrx_word' id='word_1_554' title='bbox 1750 4215 1914 4249; x_wconf 86' lang='grc' dir='ltr'>σταυ-</span> 
     </span>
    </p>
   </div>
   <div class='ocr_carea' id='block_1_78' title="bbox 301 4279 1914 4356">
    <p class='ocr_par' dir='ltr' id='par_1_78' title="bbox 301 4279 1914 4356">
     <span class='ocr_line' id='line_1_78' title="bbox 301 4279 1914 4356; baseline 0.004 -25"><span class='ocrx_word' id='word_1_555' title='bbox 301 4285 478 4353; x_wconf 86' lang='grc' dir='ltr'>ρώσας</span> <span class='ocrx_word' id='word_1_556' title='bbox 531 4279 730 4347; x_wconf 84' lang='grc' dir='ltr'>ἑαυτὸν,</span> <span class='ocrx_word' id='word_1_557' title='bbox 777 4281 859 4332; x_wconf 82' lang='grc' dir='ltr'>ἱνα</span> <span class='ocrx_word' id='word_1_558' title='bbox 894 4283 950 4333; x_wconf 87' lang='grc' dir='ltr'>τὸ</span> <span class='ocrx_word' id='word_1_559' title='bbox 1009 4280 1198 4353; x_wconf 85' lang='grc' dir='ltr'>πλῆρες</span> <span class='ocrx_word' id='word_1_560' title='bbox 1248 4285 1395 4351; x_wconf 82' lang='grc' dir='ltr'>εἴπω,</span> <span class='ocrx_word' id='word_1_561' title='bbox 1451 4292 1523 4354; x_wconf 81' lang='grc' dir='ltr'>τῷ</span> <span class='ocrx_word' id='word_1_562' title='bbox 1573 4288 1774 4356; x_wconf 81' lang='grc' dir='ltr'>κόσμῳ,</span> <span class='ocrx_word' id='word_1_563' title='bbox 1827 4289 1914 4338; x_wconf 81' lang='grc' dir='ltr'>τέ-</span> 
     </span>
    </p>
   </div>
   <div class='ocr_carea' id='block_1_79' title="bbox 308 4371 1914 4446">
    <p class='ocr_par' dir='ltr' id='par_1_79' title="bbox 308 4371 1914 4446">
     <span class='ocr_line' id='line_1_79' title="bbox 308 4371 1914 4446; baseline 0.002 -24"><span class='ocrx_word' id='word_1_564' title='bbox 308 4371 461 4428; x_wconf 90' lang='grc' dir='ltr'>θνηκε</span> <span class='ocrx_word' id='word_1_565' title='bbox 517 4377 590 4440; x_wconf 86' lang='grc' dir='ltr'>τῷ</span> <span class='ocrx_word' id='word_1_566' title='bbox 637 4373 842 4442; x_wconf 81' lang='grc' dir='ltr'>κόσμῳ,</span> <span class='ocrx_word' id='word_1_567' title='bbox 896 4374 987 4422; x_wconf 85' lang='grc' dir='ltr'>καὶ</span> <span class='ocrx_word' id='word_1_568' title='bbox 1042 4376 1178 4422; x_wconf 86' lang='grc' dir='ltr'>πᾶσι</span> <span class='ocrx_word' id='word_1_569' title='bbox 1220 4378 1329 4433; x_wconf 87' lang='grc' dir='ltr'>τοῖς</span> <span class='ocrx_word' id='word_1_570' title='bbox 1374 4371 1424 4423; x_wconf 79' lang='grc' dir='ltr'>ἐν</span> <span class='ocrx_word' id='word_1_571' title='bbox 1473 4381 1545 4444; x_wconf 82' lang='grc' dir='ltr'>τῷ</span> <span class='ocrx_word' id='word_1_572' title='bbox 1583 4379 1786 4446; x_wconf 84' lang='grc' dir='ltr'>κόσμῳ,</span> <span class='ocrx_word' id='word_1_573' title='bbox 1820 4375 1914 4426; x_wconf 78' lang='grc' dir='ltr'>κᾶν</span> 
     </span>
    </p>
   </div>
   <div class='ocr_carea' id='block_1_80' title="bbox 306 4454 1912 4534">
    <p class='ocr_par' dir='ltr' id='par_1_80' title="bbox 306 4454 1912 4534">
     <span class='ocr_line' id='line_1_80' title="bbox 306 4454 1912 4534; baseline 0.003 -24"><span class='ocrx_word' id='word_1_574' title='bbox 306 4465 476 4527; x_wconf 82' lang='grc' dir='ltr'>γονεῖς</span> <span class='ocrx_word' id='word_1_575' title='bbox 530 4459 652 4524; x_wconf 83' lang='grc' dir='ltr'>ὦσι,</span> <span class='ocrx_word' id='word_1_576' title='bbox 701 4455 794 4510; x_wconf 78' lang='grc' dir='ltr'>κᾶν</span> <span class='ocrx_word' id='word_1_577' title='bbox 847 4454 1084 4531; x_wconf 78' lang='grc' dir='ltr'>ἀδελφοὶ,</span> <span class='ocrx_word' id='word_1_578' title='bbox 1132 4457 1226 4510; x_wconf 82' lang='grc' dir='ltr'>κᾶν</span> <span class='ocrx_word' id='word_1_579' title='bbox 1279 4464 1454 4534; x_wconf 87' lang='grc' dir='ltr'>τρίτον</span> <span class='ocrx_word' id='word_1_580' title='bbox 1509 4462 1537 4520; x_wconf 77' lang='grc' dir='ltr'><em>ἣ</em></span> <span class='ocrx_word' id='word_1_581' title='bbox 1591 4467 1834 4534; x_wconf 84' lang='grc' dir='ltr'>τέταρτον</span> <span class='ocrx_word' id='word_1_582' title='bbox 1883 4464 1912 4521; x_wconf 75' lang='grc' dir='ltr'>ἡ</span> 
     </span>
    </p>
   </div>
   <div class='ocr_carea' id='block_1_81' title="bbox 307 4546 1916 4624">
    <p class='ocr_par' dir='ltr' id='par_1_81' title="bbox 307 4546 1916 4624">
     <span class='ocr_line' id='line_1_81' title="bbox 307 4546 1916 4624; baseline 0.001 -23"><span class='ocrx_word' id='word_1_583' title='bbox 307 4546 591 4601; x_wconf 81' lang='grc' dir='ltr'>πολλοστὸν</span> <span class='ocrx_word' id='word_1_584' title='bbox 624 4546 831 4621; x_wconf 81' lang='grc' dir='ltr'>βαθμὸν</span> <span class='ocrx_word' id='word_1_585' title='bbox 870 4554 966 4610; x_wconf 80' lang='grc' dir='ltr'>τῆς</span> <span class='ocrx_word' id='word_1_586' title='bbox 1013 4553 1309 4619; x_wconf 84' lang='grc' dir='ltr'>συγγενείας</span> <span class='ocrx_word' id='word_1_587' title='bbox 1362 4547 1654 4621; x_wconf 82' lang='grc' dir='ltr'>ἐπέχοντες.</span> <span class='ocrx_word' id='word_1_588' title='bbox 1712 4551 1772 4603; x_wconf 81' lang='grc' dir='ltr'>Εἰ</span> <span class='ocrx_word' id='word_1_589' title='bbox 1827 4554 1916 4624; x_wconf 73' lang='grc' dir='ltr'>μεν</span> 
     </span>
    </p>
   </div>
   <div class='ocr_carea' id='block_1_82' title="bbox 309 4633 1918 4714">
    <p class='ocr_par' dir='ltr' id='par_1_82' title="bbox 309 4633 1918 4714">
     <span class='ocr_line' id='line_1_82' title="bbox 309 4633 1918 4714; baseline 0.001 -23"><span class='ocrx_word' id='word_1_590' title='bbox 309 4633 396 4691; x_wconf 81' lang='grc' dir='ltr'>οὖν</span> <span class='ocrx_word' id='word_1_591' title='bbox 427 4645 736 4710; x_wconf 85' lang='grc' dir='ltr'>μετασταῖεν</span> <span class='ocrx_word' id='word_1_592' title='bbox 785 4639 832 4690; x_wconf 86' lang='grc' dir='ltr'>οἱ</span> <span class='ocrx_word' id='word_1_593' title='bbox 883 4642 1246 4710; x_wconf 85' lang='grc' dir='ltr'>γεγεννηκότες</span> <span class='ocrx_word' id='word_1_594' title='bbox 1318 4645 1409 4691; x_wconf 87' lang='grc' dir='ltr'>τοῦ</span> <span class='ocrx_word' id='word_1_595' title='bbox 1463 4638 1603 4711; x_wconf 86' lang='grc' dir='ltr'>βίου,</span> <span class='ocrx_word' id='word_1_596' title='bbox 1653 4645 1742 4692; x_wconf 88' lang='grc' dir='ltr'>καὶ</span> <span class='ocrx_word' id='word_1_597' title='bbox 1789 4643 1918 4714; x_wconf 85' lang='grc' dir='ltr'>πρὸς</span> 
     </span>
    </p>
   </div>
   <div class='ocr_carea' id='block_1_83' title="bbox 307 4724 1919 4800">
    <p class='ocr_par' dir='ltr' id='par_1_83' title="bbox 307 4724 1919 4800">
     <span class='ocr_line' id='line_1_83' title="bbox 307 4724 1919 4800; baseline 0.002 -22"><span class='ocrx_word' id='word_1_598' title='bbox 307 4731 400 4786; x_wconf 72' lang='grc' dir='ltr'>τὴν</span> <span class='ocrx_word' id='word_1_599' title='bbox 431 4726 694 4780; x_wconf 85' lang='grc' dir='ltr'>πολιτείαν</span> <span class='ocrx_word' id='word_1_600' title='bbox 734 4735 825 4780; x_wconf 89' lang='grc' dir='ltr'>τοῦ</span> <span class='ocrx_word' id='word_1_601' title='bbox 874 4724 1064 4789; x_wconf 73' lang='grc' dir='ltr'>παιδὸς</span> <span class='ocrx_word' id='word_1_602' title='bbox 1112 4727 1510 4800; x_wconf 84' lang='grc' dir='ltr'>μετατάξαιντο,</span> <span class='ocrx_word' id='word_1_603' title='bbox 1562 4727 1768 4792; x_wconf 80' lang='grc' dir='ltr'>ἀληθῶς</span> <span class='ocrx_word' id='word_1_604' title='bbox 1816 4730 1919 4782; x_wconf 81' lang='grc' dir='ltr'>εἱσι</span> 
     </span>
    </p>
   </div>
   <div class='ocr_carea' id='block_1_84' title="bbox 313 4815 1918 4892">
    <p class='ocr_par' dir='ltr' id='par_1_84' title="bbox 313 4815 1918 4892">
     <span class='ocr_line' id='line_1_84' title="bbox 313 4815 1918 4892; baseline 0.001 -22"><span class='ocrx_word' id='word_1_605' title='bbox 313 4824 594 4890; x_wconf 77' lang='grc' dir='ltr'>συγγενεῖς·</span> <span class='ocrx_word' id='word_1_606' title='bbox 646 4817 704 4870; x_wconf 83' lang='grc' dir='ltr'>οῦ</span> <span class='ocrx_word' id='word_1_607' title='bbox 743 4822 838 4877; x_wconf 79' lang='grc' dir='ltr'>τὴν</span> <span class='ocrx_word' id='word_1_608' title='bbox 885 4820 1092 4890; x_wconf 74' lang='grc' dir='ltr'>γονέων,</span> <span class='ocrx_word' id='word_1_609' title='bbox 1153 4816 1280 4870; x_wconf 79' lang='grc' dir='ltr'>ἀλλὰ</span> <span class='ocrx_word' id='word_1_610' title='bbox 1331 4823 1425 4877; x_wconf 78' lang='grc' dir='ltr'>τὴν</span> <span class='ocrx_word' id='word_1_611' title='bbox 1486 4815 1718 4892; x_wconf 70' lang='grc' dir='ltr'>ἀδελφῶν</span> <span class='ocrx_word' id='word_1_612' title='bbox 1774 4819 1918 4882; x_wconf 77' lang='grc' dir='ltr'>τάξιν</span> 
     </span>
    </p>
   </div>
   <div class='ocr_carea' id='block_1_85' title="bbox 311 4904 1922 4982">
    <p class='ocr_par' dir='ltr' id='par_1_85' title="bbox 311 4904 1922 4982">
     <span class='ocr_line' id='line_1_85' title="bbox 311 4904 1922 4982; baseline 0.006 -24"><span class='ocrx_word' id='word_1_613' title='bbox 311 4904 602 4978; x_wconf 71' lang='grc' dir='ltr'>ἓπίχοντες.</span> <span class='ocrx_word' id='word_1_614' title='bbox 636 4911 817 4982; x_wconf 78' lang='grc' dir='ltr'>Πατὴρ</span> <span class='ocrx_word' id='word_1_615' title='bbox 849 4909 947 4980; x_wconf 87' lang='grc' dir='ltr'>γάρ</span> <span class='ocrx_word' id='word_1_616' title='bbox 989 4906 1129 4960; x_wconf 77' lang='grc' dir='ltr'>ἐστιν</span> <span class='ocrx_word' id='word_1_617' title='bbox 1163 4906 1537 4976; x_wconf 81' lang='grc' dir='ltr'>ἀληθέστατος,</span> <span class='ocrx_word' id='word_1_618' title='bbox 1579 4918 1778 4982; x_wconf 83' lang='grc' dir='ltr'>πρῶτος</span> <span class='ocrx_word' id='word_1_619' title='bbox 1809 4912 1922 4980; x_wconf 88' lang='lat'>(63)</span> 
     </span>
    </p>
   </div>
   <div class='ocr_carea' id='block_1_86' title="bbox 309 4994 1918 5078">
    <p class='ocr_par' dir='ltr' id='par_1_86' title="bbox 309 4994 1918 5078">
     <span class='ocr_line' id='line_1_86' title="bbox 309 4994 1918 5078; baseline 0.003 -30"><span class='ocrx_word' id='word_1_620' title='bbox 309 4998 400 5069; x_wconf 76' lang='grc' dir='ltr'>μὲν</span> <span class='ocrx_word' id='word_1_621' title='bbox 467 4997 492 5048; x_wconf 89' lang='lat'>6</span> <span class='ocrx_word' id='word_1_622' title='bbox 548 5004 648 5048; x_wconf 86' lang='grc' dir='ltr'>τῶν</span> <span class='ocrx_word' id='word_1_623' title='bbox 715 4996 954 5050; x_wconf 83' lang='grc' dir='ltr'>ἁπάντων</span> <span class='ocrx_word' id='word_1_624' title='bbox 1023 5002 1226 5078; x_wconf 79' lang='grc' dir='ltr'>Πατήρο</span> <span class='ocrx_word' id='word_1_625' title='bbox 1297 4999 1322 5049; x_wconf 92' lang='lat'>6</span> <span class='ocrx_word' id='word_1_626' title='bbox 1386 4994 1626 5074; x_wconf 75' lang='grc' dir='ltr'>δεύτερος</span> <span class='ocrx_word' id='word_1_627' title='bbox 1694 4997 1752 5051; x_wconf 73' lang='grc' dir='ltr'>ὃε</span> <span class='ocrx_word' id='word_1_628' title='bbox 1808 4999 1918 5072; x_wconf 83' lang='grc' dir='ltr'>μετ’</span> 
     </span>
    </p>
   </div>
   <div class='ocr_carea' id='block_1_87' title="bbox 310 5084 1918 5162">
    <p class='ocr_par' dir='ltr' id='par_1_87' title="bbox 310 5084 1918 5162">
     <span class='ocr_line' id='line_1_87' title="bbox 310 5084 1918 5162; baseline 0.002 -24"><span class='ocrx_word' id='word_1_629' title='bbox 310 5084 497 5139; x_wconf 73' lang='grc' dir='ltr'>ἕκεῖνον</span> <span class='ocrx_word' id='word_1_630' title='bbox 557 5087 583 5138; x_wconf 89' lang='lat'>6</span> <span class='ocrx_word' id='word_1_631' title='bbox 634 5093 730 5147; x_wconf 83' lang='grc' dir='ltr'>τῆς</span> <span class='ocrx_word' id='word_1_632' title='bbox 780 5095 1131 5160; x_wconf 83' lang='grc' dir='ltr'>πνευματικῆς</span> <span class='ocrx_word' id='word_1_633' title='bbox 1187 5089 1578 5162; x_wconf 82' lang='grc' dir='ltr'>καθηγούμενος</span> <span class='ocrx_word' id='word_1_634' title='bbox 1635 5089 1918 5150; x_wconf 87' lang='grc' dir='ltr'>πολιτείας.</span> 
     </span>
    </p>
   </div>
   <div class='ocr_carea' id='block_1_88' title="bbox 309 5171 1921 5254">
    <p class='ocr_par' dir='ltr' id='par_1_88' title="bbox 309 5171 1921 5254">
     <span class='ocr_line' id='line_1_88' title="bbox 309 5171 1921 5254; baseline 0.002 -25"><span class='ocrx_word' id='word_1_635' title='bbox 309 5175 371 5230; x_wconf 83' lang='grc' dir='ltr'>Εἰ</span> <span class='ocrx_word' id='word_1_636' title='bbox 397 5171 456 5229; x_wconf 72' lang='grc' dir='ltr'>δὲ</span> <span class='ocrx_word' id='word_1_637' title='bbox 479 5180 676 5250; x_wconf 84' lang='grc' dir='ltr'>μένοιεν</span> <span class='ocrx_word' id='word_1_638' title='bbox 722 5178 772 5228; x_wconf 86' lang='grc' dir='ltr'>οἱ</span> <span class='ocrx_word' id='word_1_639' title='bbox 806 5184 1063 5249; x_wconf 77' lang='grc' dir='ltr'>συγγενεῖς</span> <span class='ocrx_word' id='word_1_640' title='bbox 1084 5237 1094 5246; x_wconf 47' lang='grc'>,</span> <span class='ocrx_word' id='word_1_641' title='bbox 1114 5181 1199 5231; x_wconf 85' lang='grc' dir='ltr'>τὸν</span> <span class='ocrx_word' id='word_1_642' title='bbox 1249 5183 1497 5254; x_wconf 85' lang='grc' dir='ltr'>πρότερον</span> <span class='ocrx_word' id='word_1_643' title='bbox 1557 5180 1921 5238; x_wconf 77' lang='grc' dir='ltr'>ἀσπασάμενοι</span> 
     </span>
    </p>
   </div>
   <div class='ocr_carea' id='block_1_89' title="bbox 315 5263 1917 5347">
    <p class='ocr_par' dir='ltr' id='par_1_89' title="bbox 315 5263 1917 5347">
     <span class='ocr_line' id='line_1_89' title="bbox 315 5263 1917 5347; baseline 0.004 -29"><span class='ocrx_word' id='word_1_644' title='bbox 315 5263 452 5337; x_wconf 82' lang='grc' dir='ltr'>βίον,</span> <span class='ocrx_word' id='word_1_645' title='bbox 493 5270 650 5341; x_wconf 74' lang='grc' dir='ltr'>μέρος</span> <span class='ocrx_word' id='word_1_646' title='bbox 688 5266 790 5320; x_wconf 82' lang='grc' dir='ltr'>εἰσί</span> <span class='ocrx_word' id='word_1_647' title='bbox 818 5273 911 5319; x_wconf 87' lang='grc' dir='ltr'>τοῦ</span> <span class='ocrx_word' id='word_1_648' title='bbox 941 5270 1165 5342; x_wconf 87' lang='grc' dir='ltr'>κόσμου,</span> <span class='ocrx_word' id='word_1_649' title='bbox 1220 5264 1279 5322; x_wconf 81' lang='grc' dir='ltr'>οὗ</span> <span class='ocrx_word' id='word_1_650' title='bbox 1327 5269 1478 5343; x_wconf 74' lang='grc' dir='ltr'>ἡμεῖς</span> <span class='ocrx_word' id='word_1_651' title='bbox 1525 5273 1917 5347; x_wconf 83' lang='grc' dir='ltr'>κεχωρίσμεθα,</span> 
     </span>
    </p>
   </div>
   <div class='ocr_carea' id='block_1_90' title="bbox 391 5439 1546 5522">
    <p class='ocr_par' dir='ltr' id='par_1_90' title="bbox 391 5439 1546 5522">
     <span class='ocr_line' id='line_1_90' title="bbox 391 5439 1546 5522; baseline 0.006 -24"><span class='ocrx_word' id='word_1_652' title='bbox 391 5439 436 5476; x_wconf 68' lang='grc'><strong>⁸⁸</strong></span> <span class='ocrx_word' id='word_1_653' title='bbox 473 5444 520 5500; x_wconf 85' lang='lat' dir='ltr'>Il</span> <span class='ocrx_word' id='word_1_654' title='bbox 543 5446 672 5504; x_wconf 87' lang='lat' dir='ltr'>Cor.</span> <span class='ocrx_word' id='word_1_655' title='bbox 701 5460 782 5518; x_wconf 72' lang='grc' dir='ltr'>χι,</span> <span class='ocrx_word' id='word_1_656' title='bbox 817 5448 870 5502; x_wconf 90' lang='lat'>3.</span> <span class='ocrx_word' id='word_1_657' title='bbox 947 5444 994 5482; x_wconf 77' lang='lat'><strong>“</strong></span> <span class='ocrx_word' id='word_1_658' title='bbox 1037 5445 1239 5504; x_wconf 80' lang='lat' dir='ltr'>Matth.</span> <span class='ocrx_word' id='word_1_659' title='bbox 1273 5463 1422 5522; x_wconf 77' lang='lat' dir='ltr'>xxxii,</span> <span class='ocrx_word' id='word_1_660' title='bbox 1455 5452 1546 5505; x_wconf 73' lang='grc'>24.</span> 
     </span>
    </p>
   </div>
   <div class='ocr_carea' id='block_1_91' title="bbox 392 5605 1458 5714">
    <p class='ocr_par' dir='ltr' id='par_1_91' title="bbox 392 5605 1458 5714">
     <span class='ocr_line' id='line_1_91' title="bbox 392 5605 1458 5714; baseline 0.011 -23"><span class='ocrx_word' id='word_1_661' title='bbox 392 5605 700 5714; x_wconf 49' lang='lat' dir='ltr'>(asinam</span> <span class='ocrx_word' id='word_1_662' title='bbox 727 5643 834 5696; x_wconf 88' lang='grc' dir='ltr'>ὅσω</span> <span class='ocrx_word' id='word_1_663' title='bbox 861 5642 1000 5704; x_wconf 80' lang='grc' dir='ltr'>τούς.</span> <span class='ocrx_word' id='word_1_664' title='bbox 1033 5641 1106 5700; x_wconf 84' lang='grc' dir='ltr'>Αι</span> <span class='ocrx_word' id='word_1_665' title='bbox 1133 5657 1285 5700; x_wconf 77' lang='lat' dir='ltr'>mss.</span> <span class='ocrx_word' id='word_1_666' title='bbox 1317 5644 1458 5704; x_wconf 79' lang='grc' dir='ltr'>ὅσον.</span> 
     </span>
    </p>
   </div>
   <div class='ocr_carea' id='block_1_92' title="bbox 2656 3427 3025 3482">
    <p class='ocr_par' dir='ltr' id='par_1_92' title="bbox 2656 3427 3025 3482">
     <span class='ocr_line' id='line_1_92' title="bbox 2656 3427 3025 3482; baseline 0 0"><span class='ocrx_word' id='word_1_667' title='bbox 2656 3427 2883 3482; x_wconf 83' lang='lat' dir='ltr'>CAPUT</span> <span class='ocrx_word' id='word_1_668' title='bbox 2920 3427 3025 3482; x_wconf 84' lang='lat' dir='ltr'>XX.</span> 
     </span>
    </p>
   </div>
   <div class='ocr_carea' id='block_1_93' title="bbox 2017 3530 3676 3604">
    <p class='ocr_par' dir='ltr' id='par_1_93' title="bbox 2017 3530 3676 3604">
     <span class='ocr_line' id='line_1_93' title="bbox 2017 3530 3676 3604; baseline 0.002 -17"><span class='ocrx_word' id='word_1_669' title='bbox 2017 3532 2188 3602; x_wconf 84' lang='lat' dir='ltr'>Quod</span> <span class='ocrx_word' id='word_1_670' title='bbox 2216 3531 2521 3604; x_wconf 86' lang='lat' dir='ltr'>colloquia</span> <span class='ocrx_word' id='word_1_671' title='bbox 2553 3546 2686 3588; x_wconf 88' lang='lat' dir='ltr'>cum</span> <span class='ocrx_word' id='word_1_672' title='bbox 2717 3533 2990 3602; x_wconf 82' lang='lat' dir='ltr'>cognatis</span> <span class='ocrx_word' id='word_1_673' title='bbox 3009 3534 3226 3590; x_wconf 75' lang='lat' dir='ltr'>saeculo</span> <span class='ocrx_word' id='word_1_674' title='bbox 3266 3530 3526 3591; x_wconf 79' lang='lat' dir='ltr'>addictis</span> <span class='ocrx_word' id='word_1_675' title='bbox 3556 3547 3676 3591; x_wconf 85' lang='lat' dir='ltr'>non</span> 
     </span>
    </p>
   </div>
   <div class='ocr_carea' id='block_1_94' title="bbox 2087 3621 3601 3695">
    <p class='ocr_par' dir='ltr' id='par_1_94' title="bbox 2087 3621 3601 3695">
     <span class='ocr_line' id='line_1_94' title="bbox 2087 3621 3601 3695; baseline 0.001 -17"><span class='ocrx_word' id='word_1_676' title='bbox 2087 3627 2228 3678; x_wconf 82' lang='lat' dir='ltr'>sunt</span> <span class='ocrx_word' id='word_1_677' title='bbox 2258 3621 2645 3694; x_wconf 83' lang='lat' dir='ltr'>requirenda,</span> <span class='ocrx_word' id='word_1_678' title='bbox 2679 3637 2869 3695; x_wconf 86' lang='lat' dir='ltr'>neque</span> <span class='ocrx_word' id='word_1_679' title='bbox 2891 3638 2985 3680; x_wconf 78' lang='lat' dir='ltr'>res</span> <span class='ocrx_word' id='word_1_680' title='bbox 3012 3623 3260 3680; x_wconf 82' lang='lat' dir='ltr'>illorum</span> <span class='ocrx_word' id='word_1_681' title='bbox 3291 3625 3601 3681; x_wconf 55' lang='lat' dir='ltr'>curanda.</span> 
     </span>
    </p>
   </div>
   <div class='ocr_carea' id='block_1_95' title="bbox 2094 3745 3678 3820">
    <p class='ocr_par' dir='ltr' id='par_1_95' title="bbox 2094 3745 3678 3820">
     <span class='ocr_line' id='line_1_95' title="bbox 2094 3745 3678 3820; baseline 0.004 -20"><span class='ocrx_word' id='word_1_682' title='bbox 2094 3751 2142 3801; x_wconf 86' lang='grc'>1.</span> <span class='ocrx_word' id='word_1_683' title='bbox 2177 3745 2467 3803; x_wconf 84' lang='lat' dir='ltr'>Convenit</span> <span class='ocrx_word' id='word_1_684' title='bbox 2495 3746 2701 3820; x_wconf 86' lang='lat' dir='ltr'>utique</span> <span class='ocrx_word' id='word_1_685' title='bbox 2723 3750 2845 3803; x_wconf 87' lang='lat' dir='ltr'>tam</span> <span class='ocrx_word' id='word_1_686' title='bbox 2863 3747 3200 3819; x_wconf 90' lang='lat' dir='ltr'>disjunctos</span> <span class='ocrx_word' id='word_1_687' title='bbox 3233 3764 3368 3804; x_wconf 88' lang='lat' dir='ltr'>esse</span> <span class='ocrx_word' id='word_1_688' title='bbox 3395 3748 3614 3806; x_wconf 73' lang='lat' dir='ltr'>affectu</span> <span class='ocrx_word' id='word_1_689' title='bbox 3640 3763 3678 3806; x_wconf 88' lang='lat' dir='ltr'>a</span> 
     </span>
    </p>
   </div>
   <div class='ocr_carea' id='block_1_96' title="bbox 2019 3835 3680 3912">
    <p class='ocr_par' dir='ltr' id='par_1_96' title="bbox 2019 3835 3680 3912">
     <span class='ocr_line' id='line_1_96' title="bbox 2019 3835 3680 3912; baseline 0.002 -21"><span class='ocrx_word' id='word_1_690' title='bbox 2019 3835 2293 3907; x_wconf 81' lang='lat' dir='ltr'>cognatis</span> <span class='ocrx_word' id='word_1_691' title='bbox 2322 3835 2660 3909; x_wconf 86' lang='lat' dir='ltr'>amicisque</span> <span class='ocrx_word' id='word_1_692' title='bbox 2687 3841 2744 3892; x_wconf 94' lang='lat' dir='ltr'>et</span> <span class='ocrx_word' id='word_1_693' title='bbox 2771 3838 3146 3910; x_wconf 88' lang='lat' dir='ltr'>parentibus,</span> <span class='ocrx_word' id='word_1_694' title='bbox 3184 3855 3371 3910; x_wconf 88' lang='lat' dir='ltr'>quam</span> <span class='ocrx_word' id='word_1_695' title='bbox 3411 3839 3680 3912; x_wconf 85' lang='lat' dir='ltr'>separari</span> 
     </span>
    </p>
   </div>
   <div class='ocr_carea' id='block_1_97' title="bbox 2017 3927 3680 3995">
    <p class='ocr_par' dir='ltr' id='par_1_97' title="bbox 2017 3927 3680 3995">
     <span class='ocr_line' id='line_1_97' title="bbox 2017 3927 3680 3995; baseline 0.002 -13"><span class='ocrx_word' id='word_1_696' title='bbox 2017 3927 2299 3982; x_wconf 83' lang='lat' dir='ltr'>videmus</span> <span class='ocrx_word' id='word_1_697' title='bbox 2342 3931 2617 3984; x_wconf 88' lang='lat' dir='ltr'>mortuos</span> <span class='ocrx_word' id='word_1_698' title='bbox 2649 3944 2684 3984; x_wconf 93' lang='lat' dir='ltr'>a</span> <span class='ocrx_word' id='word_1_699' title='bbox 2711 3928 3079 3984; x_wconf 79' lang='lat' dir='ltr'>viventibus.</span> <span class='ocrx_word' id='word_1_700' title='bbox 3114 3929 3225 3995; x_wconf 86' lang='lat' dir='ltr'>Qui</span> <span class='ocrx_word' id='word_1_701' title='bbox 3251 3929 3414 3986; x_wconf 90' lang='lat' dir='ltr'>enim</span> <span class='ocrx_word' id='word_1_702' title='bbox 3447 3947 3510 3986; x_wconf 90' lang='lat' dir='ltr'>se</span> <span class='ocrx_word' id='word_1_703' title='bbox 3540 3945 3680 3986; x_wconf 90' lang='lat' dir='ltr'>vere</span> 
     </span>
    </p>
   </div>
   <div class='ocr_carea' id='block_1_98' title="bbox 2021 4015 3682 4092">
    <p class='ocr_par' dir='ltr' id='par_1_98' title="bbox 2021 4015 3682 4092">
     <span class='ocr_line' id='line_1_98' title="bbox 2021 4015 3682 4092; baseline 0.002 -19"><span class='ocrx_word' id='word_1_704' title='bbox 2021 4015 2100 4073; x_wconf 89' lang='lat' dir='ltr'>ad</span> <span class='ocrx_word' id='word_1_705' title='bbox 2128 4015 2448 4073; x_wconf 90' lang='lat' dir='ltr'>subeunda</span> <span class='ocrx_word' id='word_1_706' title='bbox 2475 4017 2710 4073; x_wconf 89' lang='lat' dir='ltr'>virtutis</span> <span class='ocrx_word' id='word_1_707' title='bbox 2753 4019 3083 4075; x_wconf 86' lang='lat' dir='ltr'>certamina</span> <span class='ocrx_word' id='word_1_708' title='bbox 3113 4019 3294 4085; x_wconf 83' lang='lat' dir='ltr'>exuit,</span> <span class='ocrx_word' id='word_1_709' title='bbox 3326 4019 3682 4092; x_wconf 90' lang='lat' dir='ltr'>mundoque</span> 
     </span>
    </p>
   </div>
   <div class='ocr_carea' id='block_1_99' title="bbox 2020 4106 3682 4167">
    <p class='ocr_par' dir='ltr' id='par_1_99' title="bbox 2020 4106 3682 4167">
     <span class='ocr_line' id='line_1_99' title="bbox 2020 4106 3682 4167; baseline 0.002 -4"><span class='ocrx_word' id='word_1_710' title='bbox 2020 4107 2302 4163; x_wconf 88' lang='lat' dir='ltr'>universo</span> <span class='ocrx_word' id='word_1_711' title='bbox 2325 4122 2396 4163; x_wconf 88' lang='lat' dir='ltr'>ac</span> <span class='ocrx_word' id='word_1_712' title='bbox 2416 4107 2599 4162; x_wconf 90' lang='lat' dir='ltr'>rebus</span> <span class='ocrx_word' id='word_1_713' title='bbox 2621 4106 2908 4163; x_wconf 91' lang='lat' dir='ltr'>omnibus</span> <span class='ocrx_word' id='word_1_714' title='bbox 2934 4108 3264 4165; x_wconf 89' lang='lat' dir='ltr'>mundanis</span> <span class='ocrx_word' id='word_1_715' title='bbox 3293 4111 3574 4166; x_wconf 90' lang='lat' dir='ltr'>nuntium</span> <span class='ocrx_word' id='word_1_716' title='bbox 3596 4125 3682 4167; x_wconf 81' lang='lat' dir='ltr'>re-</span> 
     </span>
    </p>
   </div>
   <div class='ocr_carea' id='block_1_100' title="bbox 2024 4196 3684 4273">
    <p class='ocr_par' dir='ltr' id='par_1_100' title="bbox 2024 4196 3684 4273">
     <span class='ocr_line' id='line_1_100' title="bbox 2024 4196 3684 4273; baseline 0.001 -19"><span class='ocrx_word' id='word_1_717' title='bbox 2024 4197 2206 4267; x_wconf 87' lang='lat' dir='ltr'>misit,</span> <span class='ocrx_word' id='word_1_718' title='bbox 2230 4201 2287 4252; x_wconf 93' lang='lat' dir='ltr'>et</span> <span class='ocrx_word' id='word_1_719' title='bbox 2308 4201 2372 4252; x_wconf 92' lang='lat' dir='ltr'>ut</span> <span class='ocrx_word' id='word_1_720' title='bbox 2391 4196 2652 4269; x_wconf 88' lang='lat' dir='ltr'>amplius</span> <span class='ocrx_word' id='word_1_721' title='bbox 2671 4198 2899 4270; x_wconf 89' lang='lat' dir='ltr'>aliquid</span> <span class='ocrx_word' id='word_1_722' title='bbox 2925 4199 3148 4267; x_wconf 89' lang='lat' dir='ltr'>dicam,</span> <span class='ocrx_word' id='word_1_723' title='bbox 3174 4199 3280 4273; x_wconf 91' lang='lat' dir='ltr'>qui</span> <span class='ocrx_word' id='word_1_724' title='bbox 3300 4199 3530 4256; x_wconf 91' lang='lat' dir='ltr'>mundo</span> <span class='ocrx_word' id='word_1_725' title='bbox 3552 4216 3684 4256; x_wconf 86' lang='lat' dir='ltr'>cru-</span> 
     </span>
    </p>
   </div>
   <div class='ocr_carea' id='block_1_101' title="bbox 2024 4285 3683 4362">
    <p class='ocr_par' dir='ltr' id='par_1_101' title="bbox 2024 4285 3683 4362">
     <span class='ocr_line' id='line_1_101' title="bbox 2024 4285 3683 4362; baseline 0.003 -21"><span class='ocrx_word' id='word_1_726' title='bbox 2024 4285 2208 4342; x_wconf 77' lang='lat' dir='ltr'>cifixit</span> <span class='ocrx_word' id='word_1_727' title='bbox 2247 4285 2540 4356; x_wconf 87' lang='lat' dir='ltr'>seipsum,</span> <span class='ocrx_word' id='word_1_728' title='bbox 2568 4286 2800 4343; x_wconf 92' lang='lat' dir='ltr'>mundo</span> <span class='ocrx_word' id='word_1_729' title='bbox 2822 4293 2878 4343; x_wconf 91' lang='lat' dir='ltr'>et</span> <span class='ocrx_word' id='word_1_730' title='bbox 2905 4288 3192 4345; x_wconf 91' lang='lat' dir='ltr'>omnibus</span> <span class='ocrx_word' id='word_1_731' title='bbox 3225 4289 3330 4362; x_wconf 90' lang='lat' dir='ltr'>qui</span> <span class='ocrx_word' id='word_1_732' title='bbox 3359 4289 3420 4345; x_wconf 91' lang='lat' dir='ltr'>in</span> <span class='ocrx_word' id='word_1_733' title='bbox 3451 4289 3683 4346; x_wconf 90' lang='lat' dir='ltr'>mundo</span> 
     </span>
    </p>
   </div>
   <div class='ocr_carea' id='block_1_102' title="bbox 2025 4376 3682 4448">
    <p class='ocr_par' dir='ltr' id='par_1_102' title="bbox 2025 4376 3682 4448">
     <span class='ocr_line' id='line_1_102' title="bbox 2025 4376 3682 4448; baseline 0.004 -18"><span class='ocrx_word' id='word_1_734' title='bbox 2025 4379 2184 4445; x_wconf 88' lang='lat' dir='ltr'>sunt,</span> <span class='ocrx_word' id='word_1_735' title='bbox 2219 4381 2492 4428; x_wconf 85' lang='lat' dir='ltr'>mortuus</span> <span class='ocrx_word' id='word_1_736' title='bbox 2522 4381 2627 4445; x_wconf 90' lang='lat' dir='ltr'>est,</span> <span class='ocrx_word' id='word_1_737' title='bbox 2663 4376 2783 4432; x_wconf 86' lang='lat' dir='ltr'>sive</span> <span class='ocrx_word' id='word_1_738' title='bbox 2809 4384 3091 4448; x_wconf 87' lang='lat' dir='ltr'>parentes</span> <span class='ocrx_word' id='word_1_739' title='bbox 3125 4378 3368 4447; x_wconf 81' lang='lat' dir='ltr'>fuerint,</span> <span class='ocrx_word' id='word_1_740' title='bbox 3407 4380 3531 4435; x_wconf 87' lang='lat' dir='ltr'>sive</span> <span class='ocrx_word' id='word_1_741' title='bbox 3559 4379 3682 4438; x_wconf 87' lang='lat' dir='ltr'>fra—</span> 
     </span>
    </p>
   </div>
   <div class='ocr_carea' id='block_1_103' title="bbox 2024 4464 3684 4538">
    <p class='ocr_par' dir='ltr' id='par_1_103' title="bbox 2024 4464 3684 4538">
     <span class='ocr_line' id='line_1_103' title="bbox 2024 4464 3684 4538; baseline 0.004 -19"><span class='ocrx_word' id='word_1_742' title='bbox 2024 4468 2163 4526; x_wconf 91' lang='lat' dir='ltr'>tres,</span> <span class='ocrx_word' id='word_1_743' title='bbox 2190 4464 2313 4519; x_wconf 91' lang='lat' dir='ltr'>sive</span> <span class='ocrx_word' id='word_1_744' title='bbox 2337 4465 2593 4534; x_wconf 90' lang='lat' dir='ltr'>tertium,</span> <span class='ocrx_word' id='word_1_745' title='bbox 2620 4469 2724 4520; x_wconf 90' lang='lat' dir='ltr'>aut</span> <span class='ocrx_word' id='word_1_746' title='bbox 2743 4473 3056 4538; x_wconf 86' lang='lat' dir='ltr'>quartum,</span> <span class='ocrx_word' id='word_1_747' title='bbox 3078 4473 3183 4524; x_wconf 90' lang='lat' dir='ltr'>aut</span> <span class='ocrx_word' id='word_1_748' title='bbox 3205 4469 3684 4525; x_wconf 90' lang='lat' dir='ltr'>remotissimum</span> 
     </span>
    </p>
   </div>
   <div class='ocr_carea' id='block_1_104' title="bbox 2026 4552 3686 4629">
    <p class='ocr_par' dir='ltr' id='par_1_104' title="bbox 2026 4552 3686 4629">
     <span class='ocr_line' id='line_1_104' title="bbox 2026 4552 3686 4629; baseline 0.005 -22"><span class='ocrx_word' id='word_1_749' title='bbox 2026 4552 2404 4623; x_wconf 79' lang='lat' dir='ltr'>cognationis</span> <span class='ocrx_word' id='word_1_750' title='bbox 2426 4554 2685 4624; x_wconf 90' lang='lat' dir='ltr'>gradum</span> <span class='ocrx_word' id='word_1_751' title='bbox 2711 4554 3117 4613; x_wconf 88' lang='lat' dir='ltr'>obtineant.Et</span> <span class='ocrx_word' id='word_1_752' title='bbox 3132 4557 3379 4628; x_wconf 90' lang='lat' dir='ltr'>quidem</span> <span class='ocrx_word' id='word_1_753' title='bbox 3399 4557 3451 4611; x_wconf 87' lang='lat' dir='ltr'>si</span> <span class='ocrx_word' id='word_1_754' title='bbox 3473 4573 3686 4629; x_wconf 86' lang='lat' dir='ltr'>paren-</span> 
     </span>
    </p>
   </div>
   <div class='ocr_carea' id='block_1_105' title="bbox 2027 4643 3682 4714">
    <p class='ocr_par' dir='ltr' id='par_1_105' title="bbox 2027 4643 3682 4714">
     <span class='ocr_line' id='line_1_105' title="bbox 2027 4643 3682 4714; baseline 0.004 -16"><span class='ocrx_word' id='word_1_755' title='bbox 2027 4646 2114 4698; x_wconf 89' lang='lat' dir='ltr'>tes</span> <span class='ocrx_word' id='word_1_756' title='bbox 2149 4646 2504 4698; x_wconf 88' lang='lat' dir='ltr'>secesserint</span> <span class='ocrx_word' id='word_1_757' title='bbox 2535 4659 2571 4699; x_wconf 91' lang='lat' dir='ltr'>a</span> <span class='ocrx_word' id='word_1_758' title='bbox 2601 4643 2846 4714; x_wconf 70' lang='lat' dir='ltr'>saaculo,</span> <span class='ocrx_word' id='word_1_759' title='bbox 2875 4649 2933 4699; x_wconf 92' lang='lat' dir='ltr'>et</span> <span class='ocrx_word' id='word_1_760' title='bbox 2960 4645 3040 4700; x_wconf 94' lang='lat' dir='ltr'>ad</span> <span class='ocrx_word' id='word_1_761' title='bbox 3080 4645 3187 4700; x_wconf 87' lang='lat' dir='ltr'>ﬁlii</span> <span class='ocrx_word' id='word_1_762' title='bbox 3220 4662 3283 4702; x_wconf 89' lang='lat' dir='ltr'>se</span> <span class='ocrx_word' id='word_1_763' title='bbox 3313 4647 3556 4702; x_wconf 90' lang='lat' dir='ltr'>vivendi</span> <span class='ocrx_word' id='word_1_764' title='bbox 3585 4664 3682 4706; x_wconf 87' lang='lat' dir='ltr'>ra-</span> 
     </span>
    </p>
   </div>
   <div class='ocr_carea' id='block_1_106' title="bbox 2027 4731 3685 4805">
    <p class='ocr_par' dir='ltr' id='par_1_106' title="bbox 2027 4731 3685 4805">
     <span class='ocr_line' id='line_1_106' title="bbox 2027 4731 3685 4805; baseline 0.004 -18"><span class='ocrx_word' id='word_1_765' title='bbox 2027 4732 2249 4787; x_wconf 90' lang='lat' dir='ltr'>tionem</span> <span class='ocrx_word' id='word_1_766' title='bbox 2295 4731 2674 4800; x_wconf 90' lang='lat' dir='ltr'>contulerint,</span> <span class='ocrx_word' id='word_1_767' title='bbox 2709 4736 2851 4788; x_wconf 88' lang='lat' dir='ltr'>tunc</span> <span class='ocrx_word' id='word_1_768' title='bbox 2899 4749 3034 4789; x_wconf 91' lang='lat' dir='ltr'>vere</span> <span class='ocrx_word' id='word_1_769' title='bbox 3063 4738 3204 4790; x_wconf 89' lang='lat' dir='ltr'>sunt</span> <span class='ocrx_word' id='word_1_770' title='bbox 3232 4736 3511 4805; x_wconf 78' lang='lat' dir='ltr'>cognati;</span> <span class='ocrx_word' id='word_1_771' title='bbox 3559 4753 3685 4794; x_wconf 90' lang='lat' dir='ltr'>non</span> 
     </span>
    </p>
   </div>
   <div class='ocr_carea' id='block_1_107' title="bbox 2027 4821 3686 4897">
    <p class='ocr_par' dir='ltr' id='par_1_107' title="bbox 2027 4821 3686 4897">
     <span class='ocr_line' id='line_1_107' title="bbox 2027 4821 3686 4897; baseline 0.004 -21"><span class='ocrx_word' id='word_1_772' title='bbox 2027 4825 2370 4893; x_wconf 88' lang='lat' dir='ltr'>parentum,</span> <span class='ocrx_word' id='word_1_773' title='bbox 2389 4821 2494 4876; x_wconf 91' lang='lat' dir='ltr'>sed</span> <span class='ocrx_word' id='word_1_774' title='bbox 2517 4821 2770 4876; x_wconf 89' lang='lat' dir='ltr'>fratrum</span> <span class='ocrx_word' id='word_1_775' title='bbox 2788 4821 3127 4880; x_wconf 89' lang='lat' dir='ltr'>obtinentes</span> <span class='ocrx_word' id='word_1_776' title='bbox 3153 4825 3327 4897; x_wconf 77' lang='lat'>565</span> <span class='ocrx_word' id='word_1_777' title='bbox 3351 4826 3686 4883; x_wconf 87' lang='lat' dir='ltr'>locum.Pa-</span> 
     </span>
    </p>
   </div>
   <div class='ocr_carea' id='block_1_108' title="bbox 2029 4911 3686 4987">
    <p class='ocr_par' dir='ltr' id='par_1_108' title="bbox 2029 4911 3686 4987">
     <span class='ocr_line' id='line_1_108' title="bbox 2029 4911 3686 4987; baseline 0.005 -19"><span class='ocrx_word' id='word_1_778' title='bbox 2029 4916 2115 4968; x_wconf 88' lang='lat' dir='ltr'>ter</span> <span class='ocrx_word' id='word_1_779' title='bbox 2136 4911 2296 4966; x_wconf 91' lang='lat' dir='ltr'>enim</span> <span class='ocrx_word' id='word_1_780' title='bbox 2323 4916 2411 4968; x_wconf 89' lang='lat' dir='ltr'>est</span> <span class='ocrx_word' id='word_1_781' title='bbox 2438 4911 2809 4976; x_wconf 89' lang='lat' dir='ltr'>verissimus,</span> <span class='ocrx_word' id='word_1_782' title='bbox 2838 4913 3070 4985; x_wconf 89' lang='lat' dir='ltr'>primus</span> <span class='ocrx_word' id='word_1_783' title='bbox 3095 4917 3344 4987; x_wconf 88' lang='lat' dir='ltr'>quidem</span> <span class='ocrx_word' id='word_1_784' title='bbox 3373 4917 3686 4976; x_wconf 72' lang='lat' dir='ltr'>universo~</span> 
     </span>
    </p>
   </div>
   <div class='ocr_carea' id='block_1_109' title="bbox 2026 5002 3688 5080">
    <p class='ocr_par' dir='ltr' id='par_1_109' title="bbox 2026 5002 3688 5080">
     <span class='ocr_line' id='line_1_109' title="bbox 2026 5002 3688 5080; baseline 0.005 -23"><span class='ocrx_word' id='word_1_785' title='bbox 2026 5017 2164 5058; x_wconf 90' lang='lat' dir='ltr'>rum</span> <span class='ocrx_word' id='word_1_786' title='bbox 2198 5005 2398 5070; x_wconf 89' lang='lat' dir='ltr'>Pater;</span> <span class='ocrx_word' id='word_1_787' title='bbox 2433 5002 2736 5059; x_wconf 85' lang='lat' dir='ltr'>secundus</span> <span class='ocrx_word' id='word_1_788' title='bbox 2757 5019 2901 5060; x_wconf 88' lang='lat' dir='ltr'>vero</span> <span class='ocrx_word' id='word_1_789' title='bbox 2931 5009 3067 5077; x_wconf 80' lang='lat' dir='ltr'>post</span> <span class='ocrx_word' id='word_1_790' title='bbox 3089 5005 3284 5075; x_wconf 90' lang='lat' dir='ltr'>illum,</span> <span class='ocrx_word' id='word_1_791' title='bbox 3305 5008 3354 5062; x_wconf 89' lang='lat' dir='ltr'>is</span> <span class='ocrx_word' id='word_1_792' title='bbox 3383 5007 3488 5080; x_wconf 90' lang='lat' dir='ltr'>qui</span> <span class='ocrx_word' id='word_1_793' title='bbox 3517 5008 3688 5080; x_wconf 64' lang='lat' dir='ltr'>praeit</span> 
     </span>
    </p>
   </div>
   <div class='ocr_carea' id='block_1_110' title="bbox 2027 5091 3687 5168">
    <p class='ocr_par' dir='ltr' id='par_1_110' title="bbox 2027 5091 3687 5168">
     <span class='ocr_line' id='line_1_110' title="bbox 2027 5091 3687 5168; baseline 0.005 -22"><span class='ocrx_word' id='word_1_794' title='bbox 2027 5091 2091 5146; x_wconf 91' lang='lat' dir='ltr'>in</span> <span class='ocrx_word' id='word_1_795' title='bbox 2109 5091 2436 5163; x_wconf 90' lang='lat' dir='ltr'>spiritualis</span> <span class='ocrx_word' id='word_1_796' title='bbox 2458 5092 2594 5148; x_wconf 62' lang='lat' dir='ltr'>vita</span> <span class='ocrx_word' id='word_1_797' title='bbox 2613 5091 2904 5148; x_wconf 87' lang='lat' dir='ltr'>instituto.</span> <span class='ocrx_word' id='word_1_798' title='bbox 2932 5094 2988 5151; x_wconf 88' lang='lat' dir='ltr'>Si</span> <span class='ocrx_word' id='word_1_799' title='bbox 3010 5111 3149 5150; x_wconf 86' lang='lat' dir='ltr'>vero</span> <span class='ocrx_word' id='word_1_800' title='bbox 3169 5101 3426 5168; x_wconf 87' lang='lat' dir='ltr'>pergant</span> <span class='ocrx_word' id='word_1_801' title='bbox 3445 5099 3687 5168; x_wconf 85' lang='lat' dir='ltr'>cognati</span> 
     </span>
    </p>
   </div>
   <div class='ocr_carea' id='block_1_111' title="bbox 2028 5180 3684 5258">
    <p class='ocr_par' dir='ltr' id='par_1_111' title="bbox 2028 5180 3684 5258">
     <span class='ocr_line' id='line_1_111' title="bbox 2028 5180 3684 5258; baseline 0.005 -23"><span class='ocrx_word' id='word_1_802' title='bbox 2028 5181 2215 5236; x_wconf 89' lang='lat' dir='ltr'>vitam</span> <span class='ocrx_word' id='word_1_803' title='bbox 2246 5180 2508 5252; x_wconf 88' lang='lat' dir='ltr'>priorem</span> <span class='ocrx_word' id='word_1_804' title='bbox 2521 5181 2796 5252; x_wconf 86' lang='lat' dir='ltr'>retinere,</span> <span class='ocrx_word' id='word_1_805' title='bbox 2811 5199 2950 5255; x_wconf 91' lang='lat' dir='ltr'>pars</span> <span class='ocrx_word' id='word_1_806' title='bbox 2970 5187 3109 5240; x_wconf 93' lang='lat' dir='ltr'>sunt</span> <span class='ocrx_word' id='word_1_807' title='bbox 3123 5184 3359 5252; x_wconf 91' lang='lat' dir='ltr'>mundi,</span> <span class='ocrx_word' id='word_1_808' title='bbox 3373 5202 3408 5242; x_wconf 90' lang='lat' dir='ltr'>a</span> <span class='ocrx_word' id='word_1_809' title='bbox 3428 5203 3552 5258; x_wconf 88' lang='lat' dir='ltr'>qua</span> <span class='ocrx_word' id='word_1_810' title='bbox 3569 5203 3684 5244; x_wconf 88' lang='lat' dir='ltr'>nos</span> 
     </span>
    </p>
   </div>
   <div class='ocr_carea' id='block_1_112' title="bbox 2031 5270 3688 5348">
    <p class='ocr_par' dir='ltr' id='par_1_112' title="bbox 2031 5270 3688 5348">
     <span class='ocr_line' id='line_1_112' title="bbox 2031 5270 3688 5348; baseline 0.005 -22"><span class='ocrx_word' id='word_1_811' title='bbox 2031 5270 2292 5342; x_wconf 89' lang='lat' dir='ltr'>separati</span> <span class='ocrx_word' id='word_1_812' title='bbox 2313 5286 2546 5342; x_wconf 89' lang='lat' dir='ltr'>sumus,</span> <span class='ocrx_word' id='word_1_813' title='bbox 2579 5275 2634 5328; x_wconf 95' lang='lat' dir='ltr'>et</span> <span class='ocrx_word' id='word_1_814' title='bbox 2649 5271 2782 5343; x_wconf 91' lang='lat' dir='ltr'>jam</span> <span class='ocrx_word' id='word_1_815' title='bbox 2807 5271 2974 5330; x_wconf 90' lang='lat' dir='ltr'>nulla</span> <span class='ocrx_word' id='word_1_816' title='bbox 2995 5287 3068 5333; x_wconf 77' lang='lat' dir='ltr'>ex</span> <span class='ocrx_word' id='word_1_817' title='bbox 3092 5279 3263 5348; x_wconf 87' lang='lat' dir='ltr'>parte</span> <span class='ocrx_word' id='word_1_818' title='bbox 3284 5277 3526 5347; x_wconf 90' lang='lat' dir='ltr'>cognati</span> <span class='ocrx_word' id='word_1_819' title='bbox 3545 5280 3688 5335; x_wconf 87' lang='lat' dir='ltr'>sunt</span> 
     </span>
    </p>
   </div>
   <div class='ocr_carea' id='block_1_113' title="bbox 2107 5645 3486 5734">
    <p class='ocr_par' dir='ltr' id='par_1_113' title="bbox 2107 5645 3486 5734">
     <span class='ocr_line' id='line_1_113' title="bbox 2107 5645 3486 5734; baseline 0.001 -25"><span class='ocrx_word' id='word_1_820' title='bbox 2107 5647 2218 5728; x_wconf 85' lang='lat'>(63)</span> <span class='ocrx_word' id='word_1_821' title='bbox 2249 5645 2484 5713; x_wconf 74' lang='lat' dir='ltr'>Veteres</span> <span class='ocrx_word' id='word_1_822' title='bbox 2513 5650 2638 5715; x_wconf 84' lang='lat' dir='ltr'>duo</span> <span class='ocrx_word' id='word_1_823' title='bbox 2661 5649 2798 5715; x_wconf 78' lang='lat' dir='ltr'>libri</span> <span class='ocrx_word' id='word_1_824' title='bbox 2826 5661 3050 5734; x_wconf 69' lang='grc' dir='ltr'>πρῶτος.</span> <span class='ocrx_word' id='word_1_825' title='bbox 3083 5650 3236 5717; x_wconf 73' lang='grc' dir='ltr'>Ειιίῐί</span> <span class='ocrx_word' id='word_1_826' title='bbox 3258 5664 3486 5734; x_wconf 64' lang='grc' dir='ltr'>πρῶτὸν.</span> 
     </span>
    </p>
   </div>
  </div>
