4120 6414
471 327 606 384 1391

1858 327 1916 382 S.
1942 325 2191 383 BASILII
2213 325 2432 383 MAGNI

3685 317 3849 386 1392‘

469 451 672 517 nobis,
703 449 829 523 qui,
863 448 1092 507 carnali
1119 449 1368 506 homine
1414 449 1709 523 deposito,
1763 465 1900 507 eam
1945 465 2121 523 quam

2242 453 2330 502 καὶ
2354 450 2467 503 κατ’
2503 448 2655 505 οὐδὲν
2709 455 3059 526 προσήκοντες
3108 452 3196 502 τὸν
3233 453 3370 502 κατὰ
3418 451 3593 523 σάρκα
3646 452 3825 524 ἄνθρω

469 557 610 597 cum
635 540 784 613 ipsis
809 539 1195 596 habebamus
1220 540 1735 612 propinquitatem
1765 541 2131 596 exuerimus.

469 631 583 697 Qui
603 633 804 686 autem
825 629 1142 685 hominum
1161 629 1384 685 saeculo
1405 629 1786 686 addictorum
1807 629 2131 685 amicitiam

467 719 787 790 diligenter
815 720 1086 793 requirit,
1119 719 1440 793 studetque
1490 721 1782 776 continuo
1813 736 1952 775 cum
1983 719 2134 792 ipsis

467 809 778 880 congredi,
810 810 862 865 is
895 825 968 865 ex
988 809 1306 884 colloquiis
1328 809 1590 866 assiduis
1611 811 1860 866 affectus
1890 803 2128 865 illorum

468 899 795 955 introducit
831 899 893 954 in
920 899 1216 965 animum,
1252 914 1323 954 ac
1354 915 1559 954 rursus
1592 905 1791 955 mente
1819 899 2131 970 cogitatio-

465 987 650 1044 nibus
673 988 1003 1043 mundanis
1025 987 1274 1060 repleta,
1303 1005 1339 1044 a
1362 987 1528 1044 bono
1550 988 1862 1061 proposito
1893 988 2130 1056 excidit,

467 1082 652 1152 atque
681 1082 949 1134 semovet
969 1093 1031 1133 se
1062 1094 1097 1134 a
1127 1078 1420 1151 spirituali
1451 1078 1770 1151 sapientia,
1803 1083 1861 1134 et
1889 1079 2133 1134 animus

466 1167 628 1225 illius
655 1167 832 1224 rediit
854 1168 936 1224 ad
959 1167 1256 1224 vomitum
1285 1168 1572 1241 priorem,
1603 1172 1783 1240 atque
1807 1167 1961 1224 adeo
1993 1184 2131 1224 sau-

467 1257 660 1315 ciatur
687 1256 765 1313 ab
795 1257 987 1326 hoste,
1017 1256 1122 1330 qui
1140 1257 1504 1327 cognatione
1535 1258 1765 1314 carnali
1788 1257 1974 1314 vitam
2007 1257 2129 1330 spi-

463 1345 743 1404 ritualem
773 1346 1116 1403 conturbat.

537 1531 591 1584 2.
631 1529 950 1583 Precemur
972 1524 1179 1599 itaque
1209 1526 1444 1598 optima
1469 1526 1742 1598 cognatis
1771 1526 2020 1592 nostris,
2038 1526 2131 1598 ju-

465 1616 711 1685 stitiam,
742 1615 1020 1687 inquam,
1072 1619 1129 1670 et
1163 1615 1468 1687 pietatem,
1511 1619 1567 1671 et
1609 1631 1748 1688 qua:
1772 1631 1892 1672 nos
1923 1616 2129 1686 magni

462 1704 737 1761 fecimus.
790 1706 967 1759 Decet
995 1703 1156 1759 enim
1202 1719 1314 1759 nos
1357 1705 1486 1760 haec
1512 1705 1774 1777 precari:
1821 1703 1937 1760 illis
1984 1720 2128 1760 vero

2241 559 2336 592 πον
2376 539 2730 614 ἀποθεμένοις,
2773 546 2863 594 καὶ
2917 537 3343 612 ἀποδυσαμένοις
3397 545 3491 598 τὴν
3549 544 3685 614 πρὸς
3723 540 3850 595 ἐκεί-

2241 649 2357 690 νους
2386 631 2666 686 οἰκείωσιν.
2708 631 2766 683 Ὀ
2799 628 2858 684 δὲ
2905 636 2998 690 τὴν
3047 638 3146 681 τῶν
3198 628 3459 702 βιωτικῶν
3505 629 3680 702 φιλίαν
3719 634 3851 704 μετὰ

2241 718 2510 794 ἀκριϐείας
2567 721 3070 792 κατασπαζόμενος,
3142 723 3228 771 καὶ
3283 721 3490 780 τούτοις
3561 715 3849 782 διαπαντὸς

2241 809 2577 882 προσομιλεῖν
2637 809 2926 883 ἐφιέμενος,
3008 812 3098 871 τὰς
3155 807 3357 860 ἐκείνων
3425 804 3688 871 διαθέσεις
3753 807 3850 863 διὰ

2241 906 2336 961 τῆς
2391 907 2648 972 συνεχοῦς
2703 899 2908 972 ὁμιλίας
2967 899 3034 960 εἰς
3099 903 3191 958 τὴν
3256 898 3444 969 ψυχὴν
3496 897 3838 970 εἰσῳκίσατο.

2243 988 2404 1041 Πάλιν
2470 1009 2524 1042 τε
2607 997 2699 1042 τοῦ
2779 997 3039 1062 κοσμικοῦ
3106 992 3430 1062 φρονήματος
3497 985 3850 1052 ἀναπλησθεὶς

2240 1082 2335 1136 τὴν
2394 1075 2651 1144 διάνοιαν,
2711 1085 2803 1139 τῆς
2861 1077 3063 1149 ἀγαθῆς
3121 1076 3407 1138 ἑνστάσεως
3482 1076 3843 1147 ἀποπέπτωκε,

2240 1172 2330 1220 καὶ
2368 1175 2460 1220 τοῦ
2507 1175 2861 1241 πνευματικοῦ
2903 1172 3230 1240 φρονήματος
3278 1165 3572 1240 ἐχωρίσθη,
3620 1173 3712 1220 καὶ
3758 1171 3846 1221 τὸν

2238 1261 2483 1331 πρότερον
2523 1260 2697 1329 ἔμετον
2755 1255 3042 1328 ἀνεμάξατο
3080 1264 3141 1328 τῇ
3202 1255 3384 1327 ψυχῇ,
3432 1260 3521 1307 καὶ
3569 1259 3714 1328 παρὰ
3751 1265 3845 1309 τοῦ

2240 1344 2437 1419 ἐχθροῦ
2474 1351 2743 1421 τέτρωται,
2805 1343 2900 1397 διὰ
2941 1353 3036 1406 τῆς
3087 1353 3345 1418 σαρκικῆς
3397 1349 3696 1416 συγγενείας
3744 1350 3841 1405 τὴν

2237 1441 2594 1510 πνευματικὴν
2622 1435 2883 1488 πολιτείαν
2916 1433 3348 1495 ίπιθολὼσαντος.

2309 1530 2364 1583 2.
2390 1533 2508 1586 Τοῖς
2539 1528 2629 1598 μὲν
2660 1525 2748 1577 οὖν
2800 1529 3102 1597 συγγενέσιν
3147 1524 3429 1596 εὐχώμεθα
3473 1525 3539 1575 τὰ
3569 1521 3834 1595 βέλτιστα,

2239 1611 2604 1685 δικαιοσύνην,
2656 1618 2812 1687 φημὶ,
2866 1619 2956 1666 καὶ
2996 1612 3280 1680 εὐσέϐειαν,
3335 1618 3427 1665 καὶ
3481 1620 3667 1681 ταῦτα,
3712 1613 3839 1689 οἷπερ

2237 1707 2388 1779 ἡμεῖς
2417 1711 2570 1779 τίμια
2591 1706 2934 1778 πεποιήμεθα.
2967 1711 3145 1757 Ταῦτα
3175 1705 3290 1774 (64)
3327 1706 3428 1778 γὰρ
3479 1705 3604 1776 ἡμῖν
3649 1707 3842 1777 πρέπον

463 1793 767 1856 conducit,
787 1797 850 1848 ut
879 1808 1066 1864 opera
1096 1797 1306 1849 nostra
1326 1793 1457 1849 haec
1489 1794 1622 1866 ipsa
1655 1797 2121 1866 consequantur.

2239 1796 2514 1867 εὔχεσθαι,
2573 1798 2827 1855 κάκείνοις
2885 1794 3008 1868 παρ’
3060 1795 3208 1866 ἡμῶν
3255 1795 3592 1866 καρποῦσθαι
3651 1797 3843 1866 συμφέ-

462 1885 658 1949 Quare
689 1897 801 1937 nos
831 1897 1032 1954 neque
1083 1881 1274 1937 simus
1328 1883 1402 1938 de
1455 1883 1570 1939 illis
1625 1883 1880 1952 solliciti,
1931 1898 2128 1954 neque

461 1972 650 2029 anxii.
667 1975 814 2027 Nam
833 1970 1136 2040 diabolus,
1154 1988 1292 2027 cum
1307 1972 1733 2028 animadvertit
1751 1988 1862 2028 nos
1882 1988 2128 2027 omnem

462 2059 858 2133 temporalem
879 2076 1084 2115 curam
1106 2061 1362 2128 exuisse,
1379 2067 1432 2116 et
1452 2063 1792 2117 succinctos
1808 2062 1885 2117 ad
1907 2061 2126 2116 coelum

462 2165 720 2221 currere,
746 2154 874 2204 tum
898 2149 1162 2205 referens
1187 2151 1364 2206 nobis
1384 2151 1868 2225 propinquorum
1895 2167 2126 2206 momo-

459 2240 635 2310 riam,
683 2254 917 2310 nosque
949 2239 1026 2294 ad
1075 2255 1171 2294 res
1217 2239 1458 2296 illorum
1503 2241 1807 2296 curandas
1851 2240 2124 2310 adigens,

461 2335 672 2386 auctor
700 2333 810 2395 est,
848 2328 1115 2384 utetiam
1150 2345 1327 2384 mens
1361 2331 1435 2385 sit
1464 2330 1537 2385 de
1572 2331 1901 2386 mundanis
1934 2346 2125 2399 nego-

457 2418 556 2475 tiis
585 2417 859 2483 sollicita,
888 2417 1037 2473 dum
1068 2418 1290 2488 cogitat
1314 2435 1449 2492 quae
1485 2420 1602 2476 sint
1623 2425 2021 2489 cognatorum
2041 2421 2126 2476 fa-

459 2507 734 2573 cultates,
789 2505 1202 2574 abundentne,
1263 2524 1340 2564 an
1393 2509 1612 2578 desint,
1672 2526 1808 2582 quae
1854 2509 2001 2580 ipsis
2051 2524 2121 2563 ex

458 2596 836 2653 commerciis
878 2597 1239 2669 proveniant
1265 2596 1456 2667 lucra,
1488 2603 1547 2653 et
1583 2603 1886 2670 quantum
1927 2597 2122 2662 exhis

457 2691 798 2757 augeantur
820 2686 1045 2742 divitiae
1071 2703 1084 2752 ;
1111 2702 1248 2758 quae
1273 2686 1527 2757 jacturaa
1557 2691 1890 2742 nascantur
1916 2702 1989 2740 ex
2018 2685 2121 2740 ad-

451 2776 642 2833 versis
667 2777 802 2832 vita
824 2775 1094 2838 casibus,
1110 2781 1167 2831 et
1187 2780 1486 2847 quantum
1504 2791 1578 2830 ex
1599 2775 1692 2830 his
1712 2774 1951 2829 illorum
1970 2788 2119 2846 opes

450 2865 932 2923 imminuantur:
983 2864 1267 2936 facitque,
1308 2869 1372 2920 ut
1401 2879 1540 2919 cum
1572 2863 1658 2918 eis
1686 2863 1958 2918 laetemur
1986 2862 2119 2934 qui-

453 2954 596 3012 dem
627 2954 702 3010 de
733 2953 1042 3027 prosperis
1072 2952 1346 3025 ipsorum
1380 2952 1787 3016 successibus,
1818 2952 2121 3008 contriste-

455 3059 594 3100 mur
621 3059 766 3100 vero
786 3043 866 3099 ob
895 3041 1244 3110 infortunia,
1267 3047 1326 3098 et
1351 3042 1541 3097 simus
1562 3041 1834 3114 ipsorum
1862 3040 2119 3096 inimicis

452 3133 702 3201 inimici,
750 3132 956 3204 idque,
1005 3131 1143 3188 licet
1180 3131 1507 3202 jubeamur
1537 3131 1769 3186 nullum
1803 3131 2120 3186 inimicum
2151 3126 2191 3179 C

452 3222 680 3279 habere
697 3221 1045 3293 ‘ﬁitemque
1068 3220 1447 3290 gaudeamus
1465 3236 1590 3277 una
1611 3237 1752 3276 cum
1771 3220 1998 3288 amicis,
2014 3221 2120 3292 qui

455 3315 596 3367 sunt
613 3327 773 3382 saepe
802 3309 1036 3380 indigni
1058 3309 1353 3382 spirituali
1375 3311 1760 3381 cognatione,
1781 3315 1836 3366 et
1857 3310 2118 3366 oblecte-

453 3415 592 3456 mur
635 3399 710 3455 de
758 3398 994 3470 injustis
1027 3415 1098 3454 ac
1129 3399 1528 3455 fraudulentis
1575 3399 1849 3471 ipsorum
1899 3399 2113 3456 lucris:

454 3504 646 3562 prava
674 3488 934 3561 denique
965 3487 1173 3545 omnia
1204 3488 1632 3562 temporalium
1665 3505 1867 3545 rerum
1897 3489 2114 3556 studia,

453 3577 674 3650 quibus
698 3578 890 3634 exutis
917 3578 1253 3651 spirituales
1281 3578 1678 3648 cogitationes
1703 3578 2119 3635 introduxera-

454 3685 618 3738 mus,
641 3667 737 3724 ille
769 3667 972 3724 denuo
1002 3669 1234 3724 inducit
1263 3669 1324 3723 in
1346 3673 1634 3731 mentem,
1665 3675 1845 3741 atque
1868 3670 2118 3724 terrenis

454 3774 526 3815 ac
558 3757 885 3815 mundanis
918 3757 1391 3828 cogitationibus
1422 3758 1580 3814 illius
1624 3773 1812 3831 opera
1841 3758 2118 3814 animum

451 3863 697 3905 rursum
745 3848 1148 3904 subeuntibus
1174 3849 1431 3904 destruit
1475 3849 1782 3904 internum
1823 3852 2115 3916 ascetam,

451 3938 772 4011 solamque
796 3943 1060 3994 statuam
1092 3938 1376 3994 monachi
1404 3938 1665 4008 ﬁguram
1697 3938 2119 3994 circumferen-

450 4034 572 4085 tem
603 4027 816 4084 etﬁcit:
857 4045 995 4101 qua:
1027 4028 1251 4084 scilicet
1279 4043 1588 4099 nusquam
1634 4027 1952 4083 virtutibus
1982 4028 2117 4083 ani-

453 4122 620 4174 mata
659 4117 753 4174 sit.
789 4119 959 4190 Saepe
989 4116 1172 4172 etiam
1200 4117 1280 4172 ob
1309 4118 1618 4186 ingentem
1649 4117 1710 4172 in
1737 4117 2117 4189 propinquos

452 4205 944 4262 bonevolentiam
995 4211 1198 4261 asceta
1246 4221 1431 4262 ausus
1481 4211 1568 4261 est
1634 4211 1692 4262 et
1732 4205 2116 4275 sacrilegium

451 4295 848 4364 committere,
877 4300 942 4351 ut
970 4295 1189 4367 inopiae
1217 4294 1558 4350 mederetur
1578 4299 1997 4364 cognatorum.
2034 4301 2119 4352 Et-

451 4384 614 4440 enim
642 4400 780 4457 quaa
809 4401 920 4457 pro
948 4384 1201 4452 sanctis,
1233 4385 1338 4456 qui
1371 4384 1606 4457 seipsos
1651 4388 1768 4442 Deo
1813 4385 2114 4454 dicarunt,

452 4478 795 4543 servantur,
819 4489 915 4530 res
938 4489 1147 4542 sacrae,
1171 4489 1428 4546 vereque
1455 4476 1576 4530 Deo
1598 4481 1961 4532 consecratae
1982 4491 2116 4532 esse

451 4568 511 4621 et
537 4562 972 4633 intelliguntur,
999 4570 1056 4620 et
1071 4563 1444 4634 judicantur.
1465 4565 1874 4630 Quamobrem
1902 4564 2008 4637 qui
2033 4569 2118 4622 ta-

449 4653 601 4709 lium
629 4653 949 4726 quidpiam
980 4653 1191 4725 aufert,
1227 4668 1388 4710 unus
1419 4658 1513 4711 est
1541 4670 1613 4711 ex
1643 4655 1849 4730 iisqui
1875 4655 2114 4712 sacrile-

452 4741 622 4812 gium
647 4741 882 4799 audent.
907 4747 1275 4816 perpetrare.

524 4836 582 4887 3.
622 4831 875 4902 Cognito
919 4832 1100 4902 igitur
1128 4831 1494 4890 intolerabili
1530 4833 1634 4890 illo
1664 4833 1916 4906 damno,
1948 4835 2117 4908 quod

450 4934 522 4978 ex
535 4921 736 4978 studio
750 4923 811 4978 in
823 4922 1202 4996 propinquos
1217 4928 1458 4979 nostros
1468 4925 1755 4992 nascitur,
1771 4931 2116 4998 susceptam

447 5025 662 5068 eorum
692 5027 883 5068 causa
912 5011 1380 5068 sollicitudinem
1411 5017 1706 5086 tanquam
1741 5013 2116 5071 diabolicum

449 5099 637 5159 telum
667 5100 996 5174 fugiamus.
1031 5104 1180 5158 Nam
1220 5107 1278 5159 et
1309 5103 1602 5158 Dominus
1632 5104 1764 5176 ipse
1810 5104 2116 5175 ejusmodi

449 5190 736 5249 affectum
763 5208 833 5249 ac
863 5191 1369 5250 consuetudinem
1405 5194 1581 5266 566
1612 5195 1832 5251 vetuit:
1880 5195 1984 5268 qui
2010 5194 2116 5252 uni

449 5297 524 5340 ex
553 5282 868 5357 discipulis
897 5283 959 5340 id
983 5299 1108 5342 non
1135 5284 1432 5357 permisit,
1473 5290 1539 5341 ut
1575 5284 1799 5343 diceret
1823 5285 1952 5343 vale
1977 5301 2116 5359 pro-

525 5427 573 5463 “
613 5427 815 5485 Matth.
840 5444 902 5499 v,
928 5431 1016 5486 44.

522 5567 638 5654 (βε)
677 5573 820 5654 Βθε.
844 5573 1150 5631 secundus
1179 5581 1358 5630 Ταῦτα
1381 5577 1472 5650 μεν
1501 5573 1626 5650 γάρ.
1656 5571 1790 5637 Mox
1812 5570 1937 5640 duo
1961 5590 2110 5640 mss.

449 5645 570 5722 περὶ
596 5645 820 5702 ἐκείνων,

2236 1905 2347 1959 ρον.
2402 1886 2560 1938 Αὐτοὶ
2625 1882 2683 1937 δὲ
2747 1892 2838 1945 τῆς
2900 1889 3018 1957 περὶ
3089 1881 3289 1935 ἐκείνων
3347 1880 3620 1956 φροντίδος
3655 1901 3708 1935 τε
3753 1888 3843 1935 καὶ

2237 1979 2489 2048 μερίμνης
2545 1978 2663 2035 τοὺς
2716 1974 3004 2046 λογισμοὺς
3055 1972 3413 2045 ἀπολύσωμεν.
3472 1972 3530 2024 Ὀ
3584 1975 3686 2046 γὰρ
3729 1969 3845 2027 διά·

2239 2061 2407 2132 ϐολος,
2447 2065 2758 2135 θεασάμενος
2803 2059 3239 2134 ἀποδυσαμένους
3284 2063 3423 2132 ἡμᾶς
3470 2068 3645 2112 πᾶσαν
3683 2080 3841 2135 φρον-

2236 2149 2364 2204 τίδα
2421 2151 2696 2225 βιωτικὴν,
2757 2156 2847 2203 καὶ
2917 2151 3177 2211 εὐσταλεῖς
3230 2149 3314 2203 ἐπὶ
3367 2154 3456 2202 τὸν
3485 2151 3702 2225 οὐρανὸν
3730 2155 3842 2225 τρέ-

2234 2261 2451 2313 χοντας,
2486 2247 2579 2300 τὴν
2610 2247 2745 2317 περὶ
2784 2244 2906 2302 τοὺς
2949 2247 3215 2312 συγγενεῖς
3265 2242 3390 2312 ἡμῖν
3435 2238 3842 2314 ἐνεργασάμενος

2461 2375 2474 2399 ,
2539 2334 2604 2384 τά
2665 2351 2719 2384 τε
2780 2329 2980 2384 ἐκείνων
3043 2330 3332 2404 φροντίζειν
3391 2331 3836 2403 παρασκευάσας,

2232 2427 2323 2474 καὶ
2363 2421 2556 2482 εἰςτὰς
2601 2419 2858 2492 βιωτικας
2914 2415 3193 2494 φροντίδας
3248 2422 3336 2470 τόν
3389 2418 3643 2490 λογισμόν
3695 2439 3836 2492 μερι-

2232 2517 2362 2582 μνᾴν
2391 2512 2808 2584 παρασκευάζει·
2856 2515 2937 2571 τίς
2994 2513 3085 2581 μὲν
3143 2510 3173 2566 ἠ
3229 2516 3330 2560 τῶν
3385 2508 3587 2560 οἰκείων
3623 2528 3834 2583 περιου-

2234 2605 2344 2663 σία,
2377 2604 2468 2650 καὶ
2511 2599 2555 2649 εἰ
2593 2599 2880 2672 αὐτάρκης,
2927 2599 2956 2657 ἢ
2990 2594 3187 2667 ἐνδεὴς,
3241 2602 3357 2650 τίνα
3410 2595 3470 2650 δε
3525 2601 3591 2651 τὰ
3638 2597 3693 2651 ἐκ
3735 2606 3835 2650 τῶν

2235 2686 2675 2759 συναλλαγμάτων
2729 2687 2909 2748 αὐτοῖς
2952 2691 3340 2760 προσγενόμενα
3388 2683 3574 2760 κέρδη,
3609 2693 3698 2740 καὶ
3750 2688 3836 2741 ἐπὶ

2233 2333 2427 2384 ἔννοιαν

2228 2779 2391 2828 πόσον
2444 2779 2530 2828 τὸν
2580 2775 2800 2827 πλοῦτον
2856 2775 3164 2837 αὐξάνοντα’
3203 2780 3336 2838 τίνες
3386 2772 3446 2828 δε
3493 2775 3548 2828 ἐκ
3599 2785 3700 2828 τῶν
3741 2785 3836 2830 τοῦ

2231 2863 2354 2937 βίου
2402 2866 2754 2938 περιστάσεων
2814 2865 3002 2936 ζημίαι
3047 2869 3502 2938 προσπίπτουσαι,
3551 2869 3643 2917 καὶ
3673 2869 3836 2918 πόσον

2228 2957 2323 3012 τὴν
2380 2955 2730 3029 ὑπάρχουσαν
2788 2953 3093 3006 ἐλαττοῡσαι
3156 2959 3462 3029 περιουσίαν
3490 2996 3503 3009 .
3569 2960 3669 3008 Καὶ
3713 2973 3836 3008 συν-

2228 3040 2457 3101 ήδεσθαι
2510 3046 2600 3116 μεν
2655 3051 2795 3097 ποιεῖ
2848 3051 2966 3106 ταῖς
3013 3045 3277 3118 εὐπορίαις
3328 3045 3537 3114 αὐτῶν,
3616 3047 3836 3098 συναθυ-

2228 3141 2339 3205 μεῖν
2370 3153 2423 3187 τε
2465 3141 2576 3195 ταῖς
2609 3133 2894 3205 ἁστοχίαις
2946 3136 3340 3209 συνεχθραίνειν
3381 3131 3440 3187 δὲ
3477 3141 3587 3196 τοῖς
3627 3133 3836 3207 ἐχθροῖς

2229 3225 2340 3292 (καὶ
2381 3231 2555 3291 τοῦτο,
2615 3223 2974 3296 κελευομένους
3031 3220 3236 3297 μηδένα
3291 3226 3431 3296 ἔχειν
3479 3222 3715 3297 ἐχθρόν),
3745 3227 3836 3275 καὶ

2231 3319 2547 3386 συγχαίρειν
2577 3322 2682 3374 τοῖς
2727 3313 2895 3386 φίλοις
2933 3313 3027 3366 οὐκ
3077 3312 3244 3376 ἀξίοις
3289 3310 3412 3367 οὖσι
3453 3314 3702 3374 πολλάκις
3743 3319 3836 3374 τῆς

2227 3413 2579 3476 πνευματικῆς
2645 3403 2971 3470 οἰκειώσεως,
3033 3407 3243 3476 χαίρειν
3304 3399 3364 3455 δὲ
3427 3407 3517 3455 καὶ
3583 3401 3668 3455 ἐπὶ
3727 3409 3836 3465 τοῖς

2229 3487 2437 3554 ἀδίκοις
2495 3492 2663 3545 αὐτῶν
2721 3497 2811 3545 καὶ
2863 3492 3182 3568 παραλόγοις
3234 3489 3469 3567 κέρδεσι,
3514 3496 3604 3544 καὶ
3659 3493 3838 3556 πάσας

2227 3583 2319 3644 τὰς
2370 3584 2598 3656 πονηρὰς
2643 3591 2743 3634 τῶν
2796 3580 3059 3655 βιωτικῶν
3100 3583 3396 3634 ὑποθέσεων
3444 3578 3728 3649 διαθέσεις,
3773 3581 3836 3644 ἃς

2229 3668 2662 3745 ἀποδυσάμενοι,
2730 3675 2820 3734 τὰς
2884 3674 3241 3745 πνευματικὰς
3299 3670 3494 3734 ἐννοίας
3559 3672 3836 3744 εἰσῳκισά-

2226 3763 2380 3834 μεθα,
2420 3760 2575 3814 πάλιν
2623 3761 2890 3834 ἐπεισάγει
2927 3769 3034 3824 τοῖς
3084 3761 3378 3834 λογισμοῖς.
3412 3766 3504 3814 καὶ
3547 3764 3606 3814 τὸ
3659 3761 3834 3813 ὑλικὸν

2225 3856 2315 3903 καὶ
2344 3855 2598 3923 κοσμικόν
2629 3856 2869 3926 φρόνημα
2903 3859 2964 3924 τῇ
3015 3850 3169 3924 ψυχῇ
3217 3850 3368 3903 πάλιν
3413 3849 3832 3926 ἐνεργασάμενος,

2226 3943 2313 3992 τόν
2371 3937 2516 3992 ἔνδον
2578 3939 2816 3999 ἀσκητὴν
2871 3940 3138 4007 καταλύει,
3202 3944 3287 3992 οιαὶ
3338 3936 3626 4014 ἀνδριάντα
3680 3945 3834 4014 μόνον

2229 4027 2463 4086 ἆσκητοῦ
2511 4032 2569 4082 τὸ
2612 4037 2829 4101 σχῆμεα
2851 4033 3138 4105 περιφέρειν
3179 4029 3610 4103 παρασκευάζει,
3656 4026 3835 4102 μηδα-

2225 4125 2326 4190 μοῦ
2358 4116 2696 4191 ἐψυχωμένον
2727 4126 2842 4178 ταῖς
2895 4116 3118 4191 ἀρεταῖς.
3175 4118 3430 4181 Πολλάκις
3489 4115 3548 4172 δ⁴ε
3597 4116 3692 4172 διὰ
3745 4121 3836 4180 τὰς

2226 4214 2344 4282 περὶ
2399 4214 2520 4270 τοὺς
2579 4215 2842 4282 συγγενεῖς
2900 4208 3235 4272 ἐπιταθείσας
3313 4211 3509 4273 εὐνοίας
3557 4208 3834 4283 ὶτόλμησεν

2227 4299 2252 4350 ό
2279 4297 2520 4362 ἀσκητὴς
2563 4303 2653 4351 καὶ
2700 4297 2992 4374 ἱεροσυλίαν
3042 4297 3396 4372 ἰργάσασθαι,
3428 4301 3563 4352 ὥστε
3590 4302 3685 4356 τήν
3730 4307 3832 4350 τῶν

2229 4397 2488 4461 συγγενῶν
2555 4385 2754 4442 ἔνδειαν
2831 4391 3168 4462 θεραπεῦσαι.
3245 4391 3323 4442 Τὰ
3394 4392 3497 4464 γὰρ
3571 4389 3643 4450 εἰς
3713 4391 3832 4450 τοὺς

2226 4479 2429 4551 ἁγίους,
2481 4483 2604 4542 τοὺς
2656 4477 2938 4542 ἀναθέντας
2994 4479 3206 4541 ἑαυτοὺς
3259 4487 3330 4550 τῷ
3389 4487 3525 4551 Θεῷ,
3582 4482 3832 4553 ταμιευό-

2224 4589 2352 4643 μενα
2382 4571 2492 4645 ἱερά
2535 4569 2626 4622 καί
2673 4569 2874 4630 ἀληθῶς
2914 4567 3227 4643 ἀναθήματα
3271 4577 3464 4623 νοεῖται
3511 4574 3600 4623 καὶ
3648 4568 3833 4644 ἐκλαμ-

2226 4657 2456 4715 ϐάνεται.
2507 4659 2564 4712 Ὀ
2617 4663 2788 4712 τοίνυν
2829 4661 3026 4712 τούτων
3071 4679 3122 4713 τι
3175 4659 3542 4734 νοσφιζόμενος
3601 4660 3674 4723 εἷς
3721 4657 3831 4712 ἐστι

2224 4757 2325 4800 τῶν
2368 4748 2657 4824 ἱεροσυλίας
2693 4747 3154 4822 κατατολμὼντων.

2297 4842 2352 4895 3.
2392 4843 2600 4902 Γνόντες
2653 4835 2740 4892 οὖν
2791 4846 2884 4900 τῆς
2930 4847 3049 4914 περι
3091 4841 3214 4900 τοὺς
3268 4838 3490 4900 οἰκείους
3547 4834 3832 4902 διαθέσεως

2225 4930 2320 4987 τὴν
2387 4927 2645 5003 ἀφόρητον
2714 4927 2936 5002 βλάϐην,
2994 4931 3234 5002 φύγωμεν
3290 4932 3385 4987 τὴν
3449 4933 3570 5005 περὶ
3630 4927 3833 4982 ἕκείνων

2226 5015 2501 5093 φροντίδα,
2533 5020 2600 5080 ὡς
2633 5013 2933 5070 διαϐολικὸν
2968 5017 3120 5070 ὅπλον
3168 5019 3542 5093 ὑπάρχουσαν.
3577 5022 3678 5072 Καὶ
3728 5019 3829 5092 γὰρ

2226 5107 2434 5170 αὐτόςὸ
2475 5109 2666 5183 Κύριος
2714 5112 2809 5166 τὴν
2862 5111 3112 5166 τοιαύτην
3171 5111 3361 5179 σχέσιν
3408 5113 3499 5160 καὶ
3556 5108 3831 5165 συνήθειαν

2226 5194 2605 5270 ἀπηγόρευσεν,
2667 5201 2740 5250 ενὶ
2791 5199 2881 5270 μὲν
2928 5205 3028 5249 τῶν
3085 5199 3330 5270 μαθητῶν
3385 5197 3479 5250 οὐκ
3531 5194 3828 5269 ἕπιτρέψας,

2224 5282 2348 5339 οὐδὲ
2378 5286 2505 5340 αὐτὸ
2535 5291 2690 5360 μόνον
2718 5293 2826 5348 τοῖς
2857 5287 3070 5350 οἰκείοις
3102 5287 3216 5361 (65)
3265 5286 3640 5350 συντάξασθαι·
3675 5283 3832 5357 ἑτέρῳ

2293 5575 2404 5649 (65)
2441 5573 2706 5649 Verbum
2735 5574 3094 5647 συντάξασθαι
3112 5571 3348 5643 videtur
3371 5571 3486 5644 hoc
3509 5570 3646 5644 loco
3671 5569 3832 5644 sumi

2217 5645 2332 5730 pro
2358 5645 2741 5726 ἀποτάξασθαι,
2760 5645 3116 5716 renuntiare
3151 5658 3288 5715 vale
3313 5658 3536 5716 dicere.
3567 5657 3833 5733 Scriptor
