4120 6372
330 371 465 428 1393

1471 363 2073 424 CONSTITUTIONES
2111 368 2549 426 MONAS'l‘lCAS.

3559 372 3698 427 1394

329 492 388 549 δι
434 491 558 548 οὐδε
608 501 682 564 τῷ
744 498 950 566 σώματι
1002 498 1093 545 τοῦ
1133 494 1327 567 πατρὸς
1380 493 1653 554 τεθνεῶτος
1693 499 1790 563 γῆν
1841 489 1900 544 ἐπ

2033 490 2280 564 pinquis
2308 510 2321 548 :
2355 508 2465 548 nec
2495 492 2682 564 alteri,
2715 497 2780 549 ut
2808 493 2903 549 vel
2953 494 3214 552 cadaver
3253 493 3475 550 mortui
3505 492 3694 567 patris

327 585 667 657 αμήσασθαι.
705 589 790 654 Τῷ
832 585 922 654 μεν
965 584 1067 653 γὰρ
1095 581 1452 644 συντάξασθαι
1492 579 1789 654 βουλομένῳ
1815 589 1925 643 τοῖς

325 673 529 734 οἰκείοις
561 677 719 745 φησίν
748 693 760 705 ·
808 667 1000 732 Οὐδεὶς
1029 669 1282 723 ἐπιϐαλὼν
1337 676 1429 728 τὴν
1468 679 1626 744 χεῖρα
1653 672 1812 722 αὐτόν
1842 669 1920 722 ἐπ’

324 764 565 837 ἄροτρον,
619 767 709 816 καὶ
775 759 976 833 βλέπων
1030 760 1096 820 εἰς
1153 762 1218 812 τὰ
1273 759 1462 826 ὀπίσω,
1520 762 1723 820 εὔθετός
1781 760 1923 812 ἐστιν

324 851 394 914 εἰς
424 857 518 911 τὴν
573 849 846 924 βασιλείαν
901 857 1000 903 τῶν
1053 849 1281 924 οὐρανῶν
1319 849 1472 912 (66)°
1515 849 1587 920 τ⁴ῷ
1642 846 1700 902 δε
1757 848 1924 920 θάψαι

319 945 410 994 τόν
483 945 684 1014 πατέρα
754 938 1159 1011 παρακαλοῦντι,
1221 939 1517 994 Ἀκολούθει
1581 959 1693 1011 μοι,
1770 943 1920 1010 φησὶ,

321 1037 433 1098 καὶ,
516 1031 672 1104 ’Ἄφες
757 1034 875 1090 τοὺς
966 1033 1172 1104 νεκροὺς
1266 1028 1430 1100 θάψαι
1527 1033 1648 1091 τοὺς
1724 1029 1919 1082 ἑαυτῶν

320 1123 547 1194 νεκρούς.
601 1124 785 1174 Καίτοι
839 1115 1053 1173 ἐδόκουν
1110 1118 1465 1190 εὐλογωτάτας
1493 1123 1583 1170 καὶ
1640 1115 1919 1171 δικαιοτά-

319 1229 410 1270 τας
436 1211 700 1263 ποιεῖσθαι
739 1211 830 1270 τὰς
863 1205 1075 1270 δεήσέις
1116 1207 1347 1282 ἑκάτεροι
1383 1228 1395 1241 ·
1437 1206 1542 1259 ἀλλ’
1591 1207 1684 1259 οὐκ
1711 1205 1918 1260 ἐπένευ-

319 1317 403 1351 σεν
433 1301 459 1351 6
491 1304 692 1372 Σωτὴρ,
723 1295 847 1352 οὐδε
885 1302 1016 1373 πρός
1053 1301 1111 1350 τὸ
1152 1297 1342 1371 ἀκαρὲς
1369 1305 1495 1370 γοῦν
1527 1297 1718 1370 ἀφῆκεν
1760 1298 1917 1350 αὐτοῦ

315 1389 648 1462 χωρίζεσθαι
673 1392 790 1450 τοός
813 1392 1098 1462 τροφίμους
1122 1396 1217 1448 τῆς
1246 1396 1345 1439 τῶν
1367 1387 1594 1462 οὐρανῶν
1618 1386 1915 1460 βασιλείας,

316 1479 400 1530 ἶνα
429 1483 498 1550 μή
533 1497 585 1530 τι
613 1484 706 1530 τοῦ
737 1475 941 1547 ὑψηλοῦ
966 1482 1056 1530 καί
1085 1477 1326 1552 οὐρανίου
1382 1482 1704 1552 φρονήματος
1742 1496 1915 1530 ταπει-

313 1571 514 1639 νότερον
544 1567 574 1624 ἦ
616 1565 885 1640 πράξαιεν,
944 1567 972 1625 ἦ
1015 1565 1316 1638 λογίσαιντο
1345 1574 1403 1638 τῇ
1438 1571 1556 1640 περὶ
1585 1569 1680 1628 τὰς
1729 1570 1914 1637 γηίνας

313 1661 403 1708 καὶ
443 1658 696 1729 σαρκικὰς
748 1653 1006 1715 διαθέσεις
1049 1656 1208 1729 ῥοπῇ,
1259 1657 1323 1715 ὡς
1371 1655 1465 1706 οὐκ
1515 1654 1643 1722 ἐξόν,
1684 1660 1802 1716 τοὺς
1850 1658 1916 1708 τὰ

313 1745 532 1816 οὐράνια
566 1752 873 1817 φρονοῦντας
901 1753 1000 1797 τῶν
1032 1743 1115 1796 ἐπὶ
1143 1753 1239 1816 γῆς
1283 1747 1424 1816 ἔχειν
1472 1745 1619 1816 λόγον
1658 1748 1792 1811 τινὰ,
1845 1748 1913 1807 ὡς

2031 581 2220 638 humo
2248 581 2651 654 superinjecta
2702 587 3066 654 contegeret.
3115 583 3176 640 Ei
3200 584 3386 650 enim,
3417 583 3523 657 qui
3561 583 3692 641 vale

2031 669 2392 742 propinquis
2421 670 2544 725 suis
2573 669 2770 726 dicere
2796 670 3054 739 volebat,
3088 670 3234 727 dixit
3267 687 3280 726 :
3330 673 3514 727 Nemo
3541 673 3692 727 mit-

2033 767 2160 816 tens
2190 776 2432 815 manum
2461 775 2630 816 suam
2659 760 2740 816 ad
2769 765 3046 815 aratrum
3054 766 3132 830 ,et
3155 761 3474 830 respiciens
3505 765 3689 831 retro,

2030 858 2208 920 aptus
2237 858 2319 906 est
2348 867 2533 922 regno
2561 848 3116 906 calorum”.Alteri
3136 850 3414 923 vero,qui
3440 850 3692 923 sepelire

2029 946 2263 1013 patrem
2291 939 2638 1014 postulabat
2670 957 2682 994 :
2715 940 2972 1010 Sequere
3000 940 3176 1008 me“,
3203 939 3416 1012 inquit,
3444 944 3521 1002 et,
3545 941 3692 997 Sine

2029 1037 2093 1085 ut
2134 1033 2360 1086 mortui
2382 1031 2677 1100 sepeliant
2701 1035 2967 1085 mortuos
2994 1031 3213 1084 suos”.
3244 1031 3308 1084 Et
3334 1028 3583 1101 quidem
3604 1029 3688 1086 vi-

2027 1118 2283 1176 debatur
2309 1125 2561 1192 uterque
2582 1135 2708 1174 rem
2730 1116 3692 1191 aequissimamjustissimamque

2026 1226 2272 1279 rogare:
2309 1209 2414 1265 sed
2437 1209 2720 1265 Servator
2743 1225 2866 1264 non
2896 1208 3200 1281 probavit,
3227 1212 3284 1264 et
3313 1223 3389 1263 ne
3435 1207 3690 1265 minimo

2025 1300 2273 1372 quidem
2304 1300 2592 1371 temporis
2619 1303 2926 1355 momento
2952 1297 3225 1370 permisit
3261 1313 3296 1352 a
3327 1313 3390 1352 se
3421 1297 3690 1369 disjungi

2023 1389 2306 1447 alumnos
2331 1389 2501 1457 regni
2531 1387 2933 1456 ccelorum,ne
2960 1387 3080 1444 alta
3103 1392 3159 1442 et
3177 1386 3407 1442 caelesti
3437 1386 3689 1444 medita-

2025 1479 2183 1535 tione
2205 1477 2492 1534 humilius
2519 1477 2750 1550 aliquid
2801 1493 2872 1533 ex
2902 1477 3173 1549 quadam
3199 1476 3279 1533 ad
3327 1481 3593 1533 terrenos
3629 1480 3688 1534 et

2023 1570 2297 1627 carnales
2318 1569 2566 1626 affectus
2587 1568 2996 1642 propensione
3025 1573 3127 1624 aut
3145 1571 3430 1634 facerent,
3457 1572 3562 1623 aut
3589 1583 3684 1624 co-

2023 1661 2301 1731 gitarent,
2331 1677 2472 1716 cum
2499 1675 2622 1715 non
2661 1658 2836 1716 liceat
2866 1657 3134 1714 cmlestia
3159 1656 3512 1713 curantibus
3571 1656 3683 1713 ali-

2021 1767 2212 1823 quam
2257 1750 2482 1806 habere
2533 1765 2734 1805 rerum
2767 1753 3139 1804 terrenarum
3170 1749 3487 1810 rationem,
3519 1747 3684 1806 velut

311 1829 420 1892 ἤδη
473 1836 829 1905 μεταστάντας
881 1834 986 1891 (67)
1030 1838 1119 1886 καὶ
1159 1835 1543 1909 ὑπερκοσμίους
1583 1842 1644 1906 τῇ
1703 1832 1900 1908 διανοίο

2017 1840 2145 1912 jam
2179 1839 2484 1896 translatis
2538 1844 2593 1895 et
2642 1838 2848 1894 animo
2875 1853 3062 1910 supra
3091 1837 3392 1893 mundum
3439 1837 3675 1893 evectis.

309 1927 699 1996 γεγενημένους.
751 1923 812 1976 Εἰ
869 1919 928 1976 δι
983 1922 1123 1995 λίγοι
1173 1943 1269 1990 τις,
1311 1925 1392 1976 ὅτι
1433 1931 1544 1984 Πῶς
1585 1924 1674 1976 οὖν
1705 1925 1730 1976 6
1760 1929 1911 1997 νόμος

309 2011 501 2066 κελεύει
538 2021 635 2065 τῶν
675 2012 874 2066 οἰκείων
934 2017 1240 2088 φροντίζειν,
1294 2013 1483 2085 λέγων’
1521 2018 1620 2067 Καὶ
1674 2012 1774 2066 ἀπὸ
1811 2023 1908 2066 τῶν

307 2101 508 2155 οἰκείων
615 2110 706 2155 τοῦ
809 2107 1106 2177 σπέρματός
1200 2122 1294 2156 σου
1395 2103 1501 2176 οὐχ
1601 2103 1850 2178 ὑπερόψει
1889 2125 1903 2138 ·

307 2192 492 2265 ὁμοίως
532 2188 592 2244 δὲ
641 2197 732 2245 καὶ
761 2192 788 2245 6
817 2192 1135 2255 Ἀπόστολος
1162 2214 1173 2226 ·
1227 2193 1288 2246 Εἰ
1345 2189 1406 2246 δέ
1457 2214 1536 2256 τις
1593 2203 1691 2246 τῶν
1733 2191 1903 2263 ἰδίων,

304 2287 394 2335 καὶ
453 2281 687 2354 μάλιστα
730 2290 830 2335 τῶν
897 2282 1096 2335 οἰκείων
1157 2283 1217 2334 οὐ
1282 2291 1507 2358 προνοεῖ,
1574 2289 1668 2342 τὴν
1725 2290 1904 2337 πίστιν

305 2375 548 2445 ἤρνηται,
589 2375 680 2423 καὶ
737 2373 877 2423 ἔστιν
935 2369 1159 2424 ἀπίστου
1211 2377 1428 2445 χείρων,
1489 2376 1740 2446 σύντομον
1795 2375 1906 2445 (68)

306 2465 400 2519 τὴν
442 2459 723 2532 ἀπόκρισιν
766 2461 1093 2534 παρεξόμεθα
1126 2482 1139 2496 ο
1205 2464 1286 2514 ὅτι
1330 2464 1356 2514 6
1425 2464 1552 2523 θεῖος
1591 2463 1903 2526 Ἀπόστολος

305 2553 437 2622 πρὸς
473 2553 589 2610 τοὺς
651 2549 956 2622 βιωτικοὺς,
1009 2555 1138 2624 πρὸς
1175 2555 1295 2612 τοὺς
1333 2555 1419 2604 τόν
1472 2553 1646 2604 ὑλικὸν
1684 2552 1901 2606 πλοῦτον

306 2641 544 2710 ἔχοντας,
611 2645 702 2692 καὶ
768 2636 1084 2712 δυναμίνους
1156 2644 1583 2714 παραμυθεῖσθαι
1647 2648 1741 2702 τὴν
1801 2653 1901 2697 τῶν

307 2738 566 2800 συγγενῶν
616 2726 835 2795 ἔνδειαν,
890 2737 1043 2782 τοῦτο
1103 2732 1574 2805 εἴρηκεν.’ομοίως
1613 2729 1672 2786 δε
1726 2739 1817 2786 καὶ
1873 2736 1899 2787 6

302 2823 458 2891 νόμος
485 2819 653 2871 ταῦτά
681 2838 834 2891 φησι,
893 2824 983 2872 καὶ
1029 2821 1111 2872 ἶνα
1161 2829 1546 2897 συντομώτερον
1577 2827 1724 2892 εἴπω,
1769 2828 1901 2898 πρὸς

301 2910 422 2969 τοὺς
462 2907 681 2972 ζῶντας,
712 2908 772 2960 οὐ
811 2912 942 2981 πρὸς
999 2911 1288 2972 τεθνῶτας·
1333 2910 1598 2965 ἀνεύθυνοι
1632 2916 1735 2986 γὰρ
1775 2933 1900 2966 παν-

299 2998 390 3058 τὸς
419 2997 530 3067 (69)
558 2999 795 3050 τοιούτου
819 2997 1116 3071 ὀφλήματος
1155 3001 1297 3054 οὖτοὶ
1316 3021 1395 3073 γε.

366 3088 420 3141 4.
453 3089 520 3138 Σὺ
551 3082 612 3138 δε
656 3088 880 3149 τέθηκας
932 3091 1044 3160 μεν,
1084 3093 1174 3142 καὶ
1223 3088 1554 3163 ἰσταύρωσαι
1601 3101 1674 3163 τῷ
1713 3097 1896 3166 κόσμῳ

2022 1929 2193 1996 Quod
2229 1929 2278 1984 si
2308 1929 2524 1985 dixerit
2547 1928 2853 2001 quispiam
2883 1947 2895 1984 ε
2931 1926 3252 1994 Quomodo
3304 1927 3486 1998 igitur
3507 1925 3682 1998 jubet

2016 2017 2115 2074 lex
2143 2035 2353 2076 curam
2384 2019 2689 2090 suscipere
2715 2023 3135 2087 cognatorum,
3185 2015 3278 2072 his
3321 2015 3518 2072 verbis
3551 2032 3564 2072 :
3598 2017 3679 2073 Et

2014 2110 2385 2180 propinquos
2408 2110 2647 2165 seminis
2678 2109 2770 2163 tui
2791 2123 2864 2164 ne
2891 2107 3258 2176 despicias“;
3279 2110 3336 2163 et
3355 2105 3678 2178 Apostolus

2019 2198 2306 2254 similiter:
2337 2198 2405 2254 Si
2420 2199 2550 2270 quis
2579 2204 2776 2254 autem
2807 2213 3054 2253 suorum
3079 2202 3134 2253 et
3155 2196 3417 2253 maxime
3432 2197 3680 2266 propin-

2015 2305 2268 2360 quorum
2300 2304 2509 2344 curam
2539 2305 2660 2344 non
2691 2288 2888 2354 habet,
2903 2288 3080 2356 ﬁdem
3098 2288 3422 2357 negavit,et
3442 2291 3526 2343 est
3543 2287 3677 2355 inﬁ-

2015 2379 2139 2434 deti
2159 2377 2420 2434 deterior
2437 2377 2576 2444 ⁵³,θὶ
2598 2377 2808 2449 paucis
2827 2375 3358 2449 respondebimus,
3387 2375 3502 2432 hoc
3525 2391 3560 2431 a
3584 2374 3674 2431 di-

2011 2467 2150 2522 vino
2205 2465 2493 2538 Apostolo
2524 2466 2601 2522 ad
2631 2466 2910 2522 homines
2964 2463 3188 2520 saeculo
3239 2463 3541 2530 addictos,
3590 2463 3672 2521 ad

2008 2555 2288 2612 homines
2299 2557 2400 2629 qui
2416 2561 2679 2612 terrenas
2690 2571 2837 2630 opes
2852 2554 3672 2628 possidebant,poterantque

2011 2651 2410 2716 cognatorum
2435 2646 2707 2719 inopiam
2740 2647 2960 2710 levare,
2990 2644 3220 2702 dictum
3249 2643 3456 2702 fuisse.
3489 2644 3668 2703 Simi-

2008 2736 2138 2792 liter
2157 2735 2254 2792 lex
2275 2737 2456 2793 etiam
2477 2737 2608 2793 haec
2639 2736 2809 2804 dixit,
2849 2741 3033 2809 atque
3072 2739 3138 2790 ut
3175 2734 3378 2790 dicam
3399 2733 3665 2803 brevius,

2010 2843 2209 2884 sermo
2235 2831 2327 2882 est
2354 2825 2430 2882 de
2459 2826 2955 2897 viventibus,non
2975 2825 3051 2880 de
3074 2824 3361 2881 mortuis:
3385 2823 3666 2897 quando-

2007 2917 2257 2989 quidem
2284 2917 2346 2973 hi
2377 2916 2456 2974 ab
2487 2917 2654 2974 omni
2691 2915 3050 2988 hujusmodi
3075 2914 3279 2973 debito
3299 2913 3473 2972 liberi
3503 2919 3663 2972 sunt.

2078 3097 2130 3150 4.
2181 3097 2266 3152 Tu
2317 3099 2518 3151 autem
2549 3098 2824 3152 mortuus
2853 3109 2938 3165 es,
2968 3098 3024 3150 et
3058 3093 3164 3150 toti
3194 3092 3420 3150 mundo
3467 3091 3665 3150 cruci-

293 3180 470 3230 παντί.
536 3175 951 3250 Ἀποταξάμενος
997 3181 1099 3253 γὰρ
1167 3188 1239 3251 τῷ
1305 3179 1465 3252 ὑλικῷ
1525 3182 1751 3255 πλούτῳ,
1800 3189 1895 3243 τὴν

2013 3184 2181 3240 ﬁxus.
2211 3185 2461 3256 Rejectis
2488 3186 2650 3242 enim
2680 3185 2932 3242 terrenis
2979 3184 3200 3240 divitiis
3243 3183 3560 3256 amplexus
3597 3199 3664 3240 es

292 3262 554 3321 ἇικτησίαν
619 3266 943 3336 ἠγάπησας·
989 3273 1204 3320 σεαυτόν
1260 3265 1320 3322 δε
1369 3268 1572 3333 ἀναθεὶς
1635 3281 1708 3344 τῷ
1756 3281 1890 3346 Θεῷ,

285 3351 550 3424 κειμήλιον
609 3358 824 3424 γέγονας
895 3363 989 3407 τοῦ
1054 3361 1200 3412 Θεοῦ.
1240 3357 1327 3420 Ὠς
1400 3363 1630 3429 τεθνεὼς,
1699 3361 1891 3417 ἆλεύθε-

287 3460 376 3515 ρος
425 3438 474 3494 εἶ
507 3443 687 3504 πάσης
725 3451 816 3504 τῆς
870 3449 990 3518 περὶ
1039 3449 1157 3505 τοὺς
1191 3455 1456 3518 συγγενεῖς
1481 3449 1727 3525 εἰσφορᾶς
1755 3473 1767 3486 ο
1825 3456 1894 3514 ὡς

289 3529 556 3603 ἀκτήμων,
585 3528 736 3585 οὐδὲν
767 3536 909 3605 ἔχεις
951 3533 977 3586 6
1033 3541 1369 3609 χορηγήσῃς.
1405 3541 1504 3591 Καὶ
1545 3539 1668 3592 αὐτὸ
1718 3537 1776 3594 δε
1832 3546 1891 3595 τό

291 3629 444 3694 σῶμα
494 3627 923 3698 καρποφορήσας,
971 3629 1062 3676 καὶ
1109 3622 1232 3678 οὐδε
1289 3625 1480 3680 ἐκείνου
1519 3628 1696 3682 λοιπόν
1754 3633 1890 3703 ἔχων

284 3715 378 3770 τὴν
435 3709 674 3773 ἕξουσίαν
731 3715 794 3773 ὡς
835 3711 1186 3786 ἀναθήματος,
1227 3715 1287 3768 οὐ
1330 3718 1476 3789 θέμις
1525 3737 1609 3771 σοι
1654 3723 1768 3792 (70)
1820 3721 1891 3785 εἰς

288 3799 568 3875 ἀνθρώπων
614 3810 818 3875 χρῆσιν
873 3800 1000 3855 εἶναι
1031 3825 1044 3837 ·
1101 3809 1279 3877 μόνοις
1327 3803 1386 3859 δι
1441 3815 1548 3870 τοῖς
1581 3810 1889 3886 ὁμοτρόποις

285 3892 356 3951 ὡς
381 3895 470 3943 καὶ
499 3890 678 3953 αὐτοῖς
705 3899 820 3962 Θεῷ
877 3897 935 3945 τό
982 3900 1085 3946 πᾶν
1129 3893 1480 3968 ἀνακειμένοις
1519 3900 1888 3972 συμπολιτεύε-

287 3981 437 4035 σθαι.
471 3982 633 4034 Θόθεν
653 3977 741 4033 οὖν
773 4001 857 4034 σοι
888 3981 1108 4058 ἁρμόσει
1138 3988 1203 4038 τὰ
1229 3991 1646 4060 μνημονευθέντα
1676 3992 1888 4066 ῥήματα

283 4077 380 4130 τῆς
409 4068 564 4140 ἁγίας
609 4077 850 4144 Γραφῆς;
898 4073 927 4130 ἡ
951 4082 1060 4135 πῶς
1099 4074 1204 4147 οὐχ
1235 4075 1556 4150 ἁμαρτήσεις
1577 4082 1670 4142 τὰς
1700 4081 1884 4136 ἑαυτοῦ

280 4158 556 4231 ὁμολογίας
585 4163 703 4231 περὶ
731 4164 826 4217 τὴν
853 4162 1086 4219 ἄσκησιν
1108 4161 1301 4216 ἀθετῶν
1329 4183 1343 4232 ;

2004 3280 2426 3348 paupertatem
2452 3292 2464 3329 :
2494 3281 2710 3332 etcum
2731 3280 2780 3331 te
2812 3276 2938 3347 ipse
2959 3273 3171 3331 dicasti
3195 3273 3444 3344 Deo,Dei
3467 3273 3663 3330 factus

2003 3382 2066 3423 es
2096 3367 2435 3424 thesaurus.
2462 3370 2532 3424 Ut
2563 3371 2856 3435 mortuus,
2887 3365 3040 3423 liber
3061 3382 3125 3423 es
3153 3365 3232 3423 ab
3259 3365 3426 3422 omni
3446 3365 3506 3420 in
3528 3380 3663 3438 pro-

2000 3457 2266 3530 pinquos
2291 3457 2688 3529 pecuniarum
2728 3456 3046 3514 collatione
3073 3473 3088 3510 :
3139 3459 3204 3511 ut
3233 3455 3381 3512 nihil
3410 3455 3661 3513 omnino

1999 3546 2338 3620 possidens,
2372 3547 2522 3603 nihil
2549 3546 2739 3602 habes
2768 3545 2937 3619 quod
2966 3544 3262 3616 largiaris.
3295 3545 3424 3602 Imo
3477 3545 3661 3603 etiam

1999 3653 2140 3694 cum
2188 3637 2390 3709 ipsum
2440 3653 2663 3709 corpus
2721 3635 3030 3707 obtuleris,
3089 3640 3147 3692 et
3187 3633 3263 3690 de
3309 3639 3526 3691 caetero
3583 3649 3662 3691 ne

1996 3725 2154 3783 illius
2183 3726 2432 3799 quidem
2462 3731 2820 3798 potestatem
2846 3725 3097 3796 habeas,
3154 3728 3451 3797 tanquam
3490 3723 3661 3797 quod

1995 3832 2091 3873 res
2117 3817 2191 3872 sit
2222 3819 2341 3872 Deo
2367 3821 2741 3885 consecrata,
2781 3815 2888 3872 tibi
2917 3831 2988 3872 eo
3020 3814 3103 3872 uti
3132 3830 3254 3870 non
3275 3812 3413 3870 licet
3435 3813 3514 3870 ad
3543 3813 3658 3870 hu-

1993 3922 2250 3962 manum
2278 3922 2456 3962 usum
2481 3923 2494 3961 :
2527 3905 2635 3962 sed
2660 3923 2799 3962 cum
2828 3905 2902 3962 iis
2925 3904 3068 3962 solis
3096 3904 3200 3977 qui
3219 3903 3437 3960 iisdem
3464 3903 3654 3960 mori-

1991 3994 2110 4052 bus
2134 3995 2367 4068 praediti
2395 4001 2556 4064 sunt,
2587 3995 3093 4069 quandoquidem
3133 3997 3192 4050 et
3227 3993 3342 4066 ipsi
3374 3996 3516 4068 sunt
3535 3994 3655 4050 Deo

1993 4102 2243 4158 prorsus
2271 4085 2722 4156 dicati,versari
2743 4084 2954 4143 debes.
2985 4083 3094 4151 Qui
3121 4083 3303 4155 igitur
3329 4082 3391 4139 in
3422 4087 3476 4140 te
3504 4098 3653 4140 con-

1994 4178 2231 4232 venient
2254 4193 2392 4249 quae
2423 4191 2492 4232 ex
2521 4180 2730 4233 sancta
2755 4175 3066 4248 Scriptura
3093 4173 3409 4230 retulimus
3431 4172 3656 4231 verba?

280 4253 387 4338 aut
421 4247 734 4321 quomodo
762 4254 1121 4320 peccaturus
1143 4267 1264 4309 non
1286 4269 1372 4322 es,
1414 4256 1464 4312 si
1487 4257 1706 4327 fmdus,
1728 4264 1894 4335 quod
1927 4269 1994 4334 tu_
2015 4265 2146 4337 ipse
2166 4265 2242 4321 de
2268 4247 2528 4323 colenda
2550 4264 2770 4338 pietate
2811 4247 2952 4322 cum
2976 4267 3097 4322 Deo
3136 4262 3386 4334 inivisti,
3415 4262 3653 4321 irritum

275 4336 468 4396 facias
486 4339 514 4394 ?

802 4415 1191 4465 ΚΕΦΛΛΑΙΟΝ
1234 4412 1352 4470 KA'.

277 4502 397 4550 Ὅτι
451 4497 510 4549 οὗ
551 4493 634 4551 δεῖ
675 4505 766 4560 τῆς
803 4509 1155 4625 πνευματιέῆς
1187 4498 1536 4573 ἀδελφότητος
1587 4505 1879 4564 ἀποκόπτει

1013 4591 1047 4624 σ
1084 4593 1160 4625 αι.

1013 4591 1160 4631 σθαι,

352 4659 403 4713 1.
456 4663 569 4735 Χρὴ
602 4663 778 4733 μίντοί
823 4665 1098 4714 καὶτοῦτο
1146 4665 1428 4717 πεπεῖσθαι
1482 4675 1678 4740 σαφῶς,
1722 4670 1802 4722 ὃτι
1853 4672 1880 4724 6

279 4748 420 4812 ἅπαξ
458 4749 530 4811 εἰς
585 4746 878 4824 σύνδεσμον
935 4756 1024 4804 καὶ
1079 4754 1356 4824 συνάφειαν
1400 4752 1553 4808 ἐλθὼν
1601 4777 1882 4833 πνευματι-

276 4847 375 4899 κῆς
414 4835 760 4912 ἀδελφότητος
785 4841 890 4913 οὐχ
929 4842 1038 4905 οἷός
1075 4842 1119 4894 τ’
1152 4841 1212 4894 ἂν
1320 4845 1435 4916 (71)
1485 4843 1880 4904 ἀποκόπτεσθαι

275 4933 366 4980 καὶ
409 4930 732 5001 χωρίζεσθοι
759 4932 976 4999 τούτων,
1031 4933 1104 4993 οἷς
1144 4937 1509 5008 συνηρμόσθη.
1553 4937 1613 4989 Εἰ
1641 4941 1742 5011 γὰρ
1792 4942 1880 4993 οἰν-

276 5021 475 5093 θρωποι
504 5017 751 5082 πολλάκις
789 5019 855 5081 εἰς
902 5027 1170 5075 κοινωνίαν
1225 5021 1348 5096 βίου
1402 5027 1588 5080 τούτου
1646 5037 1738 5083 τοῦ
1767 5031 1878 5085 ὑλι-

860 5199 908 5234 ⁴⁸
937 5199 1088 5257 ibid.
1118 5207 1207 5259 59.

346 5200 388 5235 ‘7
426 5199 561 5254 Luc.
585 5213 664 5266 ix,
694 5201 781 5254 62.
860 5199 908 5234 ⁴⁶
937 5199 1088 5257 ibid.
1118 5207 1207 5259 59.
1287 5205 1332 5238 ‘9
1364 5203 1516 5265 ibid.
1537 5211 1625 5264 60.

275 5375 432 5458 enim
462 5392 584 5458 non
615 5374 871 5458 obscure
899 5377 1141 5458 respicit
1164 5379 1241 5436 ad
1267 5378 1414 5458 illud
1445 5383 1614 5458 Lucae
1645 5401 1720 5458 1x,
1757 5393 1818 5445 61
1856 5408 1870 5446 :

273 5449 501 5528 Sequar
526 5455 600 5528 te,
637 5449 902 5528 nomine,
947 5449 1049 5528 sed
1086 5456 1374 5528 permitte
1397 5455 1550 5511 mihi
1577 5449 1749 5528 prius
1806 5467 1874 5518 ut

273 5521 467 5577 dicam
501 5521 632 5576 vale
653 5521 724 5576 iis
754 5523 858 5592 qui
884 5527 1025 5592 sunt
1056 5522 1220 5576 domi
1252 5539 1414 5579 meae.

485 5593 622 5666 Reg.
651 5591 884 5666 primus
914 5591 1052 5644 ἐστιν
1083 5591 1134 5644 ἓν
1164 5601 1225 5665 τῇ
1257 5593 1504 5666 βασιλείᾳ
1531 5607 1650 5654 τῶν.

339 5653 458 5736 (67)
490 5653 792 5720 υηῖιέωε.
815 5659 922 5724 ἤδη
949 5653 1391 5738 μεταναστάντας.
1481 5653 1491 5670 ⁸

1705 5211 1752 5246 ⁵ο
1788 5215 1902 5271 lsa.
1927 5230 2090 5285 Lvul,
2124 5222 2178 5273 7.

2615 4431 2838 4485 CAPUT
2877 4430 3010 4485 XXI.

2615 4432 2701 4485 CA
2902 4433 2915 4444 '
2927 4432 3010 4485 XI.

1991 4516 2161 4585 Quod
2175 4533 2295 4574 non
2321 4524 2553 4588 oportet
2570 4534 2607 4576 a
2623 4432 2942 4590 ερὲἰίἰίαῗί
2950 4517 3350 4590 fraternitate
3363 4516 3645 4574 resecari.

2062 4681 2116 4732 1.
2157 4680 2285 4734 lam
2337 4677 2485 4734 illud
2515 4695 2760 4752 quoque
2787 4695 2897 4752 pro
2928 4684 3088 4737 certo
3124 4677 3478 4735 habendum
3536 4681 3645 4750 est,

1987 4781 2148 4836 eum,
2190 4766 2296 4840 qui
2318 4768 2506 4830 semel
2533 4769 2887 4826 fraternitati
2926 4769 3219 4843 spirituali
3247 4768 3527 4840 alligatus
3558 4771 3650 4828 est

1987 4862 2044 4912 et
2071 4857 2414 4928 adjunctus,
2451 4859 2530 4915 ab
2551 4860 2874 4933 iis,quibus
2903 4861 3126 4918 ascitus
3147 4858 3428 4930 est,nullo
3458 4857 3646 4917 modo

1985 4947 2240 5002 resecari
2270 4963 2340 5004 ac
2366 4949 2637 5022 separari
2661 4965 2859 5023 posse.
2891 4951 2948 5007 Si
2968 4950 3129 5006 enim
3150 4949 3429 5006 homines
3458 4965 3644 5022 saepe-

1983 5050 2241 5094 numero
2269 5037 2332 5094 in
2364 5039 2710 5097 societatem
2763 5044 3016 5099 terrenas
3054 5041 3240 5114 hujus
3264 5039 3402 5098 vitae
3431 5055 3646 5097 conve-

2255 5219 2299 5254 εί
2333 5218 2524 5276 l'l‘im.
2556 5236 2615 5283 ν,
2645 5223 2720 5279 8.·

2445 5396 2611 5474 Colb.
2646 5419 2900 5474 συντομον
2932 5402 3071 5472 αὐτῷ
3101 5406 3222 5459 τήν.

2054 5468 2166 5536 (69)
2211 5467 2359 5524 Editi
2389 5473 2593 5531 πάντες.
2627 5473 2699 5526 At
2721 5467 2868 5528 mss.
2893 5478 3008 5530 tres
3033 5467 3244 5536 παντός.

2053 5541 2164 5608 (70)
2205 5541 2424 5596 Vocula
2464 5562 2549 5593 σοι
2574 5543 2781 5599 addita
2811 5550 2898 5600 est
2928 5561 3000 5602 ex
3036 5545 3204 5602 libris
3232 5544 3551 5602 veteribus.

2047 5610 2166 5692 (7t_)_
2199 5613 2442 5692 Veteres
2472 5613 2594 5692 duo
2621 5613 2758 5692 libri
2788 5615 2848 5666 ἂν
2887 5620 2989 5676 εἰη.
3029 5616 3350 5691 Aliquanto
3381 5621 3516 5692 post
3545 5632 3639 5676 co-

1977 5679 2096 5738 de:
2126 5679 2290 5740 Voss.
2314 5687 2456 5760 παρὰ
2476 5688 2544 5739 τὰ
2573 5686 2865 5761 συμϐάντα.
