4120 6376
442 368 592 428 1395.

1853 370 1909 425 S.
1953 367 2203 424 BASILII
2241 369 2459 426 MAGNI

3677 382 3816 436 i396

437 491 691 557 nientes,
723 503 849 547 non
895 493 1128 563 queunt
1156 492 1304 548 citra
1336 496 1515 564 pacta
1559 493 1829 565 separari
1859 509 1872 548 :
1907 495 1965 548 et
1998 474 2106 563 qui

2224 499 2308 544 κοῦ
2352 514 2723 570 συνερχόμενοι
2771 497 2865 550 ούκ
2922 497 2982 548 ἂν
3042 493 3283 551 δύναιντο
3312 500 3457 572 παρά
3509 500 3575 553 τά
3617 500 3820 573 συμϐα-

439 579 558 636 hoc
586 579 747 646 facit,
806 581 975 653 567
1028 580 1264 637 iuturus
1297 585 1385 638 est
1435 598 1572 638 reus
1615 583 2104 655 praescriptarum

437 669 772 726 multarum
797 686 810 724 :
843 669 1023 740 longe
1047 671 1242 740 magis
1267 672 1369 744 qui
1390 671 1589 727 foedus
1614 672 1809 728 inierit
1828 671 2104 744 spiritua-

438 759 511 816 lis
547 758 702 814 illius
733 760 1134 832 contubernii,
1168 761 1336 833 quod
1366 761 1850 817 indissolubilem
1874 777 1943 816 ac
1972 775 2105 832 per-

438 852 686 921 petuam
705 850 1197 920 conjunctionem
1219 851 1477 922 habet,is
1496 852 1766 923 seipsum
1787 850 1865 907 ab
1885 850 1956 905 iis
1975 849 2106 923 qui-

438 937 554 994 bus
575 939 901 1011 permistus
924 944 1030 1008 est,
1067 941 1381 1012 sejungere
1411 957 1480 996 ac
1511 957 1783 997 resecare
1827 956 1951 997 non
1989 956 2102 1013 po-

437 1029 589 1084 terit.
622 1028 880 1100 Alioqui,
927 1029 976 1084 si
1021 1029 1138 1084 hoc
1186 1029 1347 1097 facit,
1399 1030 1598 1102 poenis
1648 1029 2028 1099 gravissimis
2071 1045 2102 1086 e

441 1116 593 1173 caelo
640 1118 986 1187 inﬂigendis
1025 1118 1360 1174 obnoxium
1416 1136 1480 1175 se
1504 1119 1722 1175 reddit.
1783 1119 2015 1174 Etenim
2053 1125 2104 1182 si

440 1205 657 1262 mulier
671 1223 807 1280 quae
827 1207 906 1262 ad
936 1207 1047 1262 viri
1068 1209 1341 1279 pervenit
1371 1208 1885 1274 societatem,cum
1906 1222 2102 1280 eoque

441 1296 668 1352 carnali
699 1296 918 1369 copula
942 1297 1270 1368 conjuncta
1292 1297 1420 1365 fuit,
1464 1298 1515 1352 si
1537 1297 1786 1354 insidias
1814 1297 1928 1370 ipsi
1951 1301 2102 1352 stru-

440 1385 602 1443 xisse
629 1386 1136 1458 deprehendatur,
1169 1391 1361 1444 morte
1380 1386 1696 1444 multatur:
1729 1392 1960 1461 quanto
1981 1403 2107 1445 ma-

442 1475 533 1545 gis
585 1475 692 1547 qui
746 1474 1042 1548 spirituali
1081 1476 1351 1532 societati
1407 1477 1633 1532 ascitus
1681 1482 1791 1546 est,
1845 1477 1915 1544 is,
1965 1478 2104 1550 ipso

445 1564 664 1637 Spiritu
696 1569 904 1621 sancto
933 1569 1083 1622 teste
1113 1581 1184 1622 ac
1213 1565 1602 1634 internuntio,
1635 1581 1772 1623 reus
1813 1567 1881 1623 ﬁt
1905 1567 1985 1623 ob
2011 1583 2104 1623 se-

443 1668 688 1708 cessum
711 1653 738 1709 ?
824 1723 832 1728 _

515 1746 568 1798 2.
604 1741 1133 1808 Quemadmodum
1156 1742 1340 1812 igitur
1368 1743 1639 1816 corporis
1661 1743 1960 1814 membra,
2000 1759 2106 1801 na-

2217 583 2368 634 θέντα
2395 586 2747 658 χωρίζεσθαι,
2780 587 2808 647 ἣ
2843 587 2868 639 ὅ
2904 593 3056 639 τοῦτο
3098 585 3213 658 (⁸72)
3245 595 3405 639 ποιῶν
3445 589 3624 659 ἔνοχος
3671 591 3822 642 ἔσται

2214 679 2324 733 τοῖς
2385 676 2691 747 ὡρισμένοις
2759 675 3040 748 ἐπιτιμίοις
3073 697 3085 708 ·
3163 675 3331 746 πολλῷ
3398 675 3590 748 μᾶλλον
3669 679 3696 731 ό
3754 679 3822 742 εἰς

2216 759 2480 833 σύμϐασιν
2528 761 2682 816 ἐλθὼν
2740 774 3097 838 πνευματικῆς
3154 763 3497 837 συμϐιώσεως
3552 774 3645 828 τῆς
3701 767 3823 821 ἅλυ-

2212 869 2298 902 τον
2331 851 2446 920 (73)
2503 857 2591 905 καὶ
2632 853 2833 906 αἰώνιον
2884 859 2979 913 τὴν
3021 856 3298 928 συνάφειαν
3336 860 3658 927 κεκτημένης
3717 858 3821 931 ούχ

2214 937 2320 1001 οἷός
2358 941 2401 992 τ’
2450 940 2510 992 ἂν
2565 943 2639 1000 εἴη
2697 948 2925 1019 μερίζειν
2976 944 3066 996 καί
3109 943 3421 998 ἀποκόπτειν
3479 944 3663 998 ἑαυτὸν
3702 950 3820 1000 τούο

2212 1046 2332 1095 των,
2402 1031 2474 1090 οἷς
2540 1035 2855 1106 συνεκράθη.
2919 1032 2984 1085 Ἦ
3033 1041 3182 1086 τοῦτο
3243 1041 3425 1100 ποιῶν,
3499 1033 3821 1106 βαρυτάτοις

2213 1116 2394 1170 ἑαυτὸν
2458 1127 2566 1183 τοῖς
2631 1123 2821 1176 ἄνωθεν
2883 1121 3158 1195 ἐπιτιμίοις
3210 1123 3514 1180 ὑποϐάλλει.
3585 1125 3647 1178 Εἰ
3715 1129 3817 1203 γὰρ

2210 1211 2367 1289 γυνὴ,
2409 1209 2439 1266 ἠ
2476 1208 2548 1272 εἰς
2577 1216 2845 1264 κοινωνίαν
2900 1207 3092 1284 ἀνδρὸς
3129 1209 3406 1284 ἀφιγμένη,
3435 1216 3524 1264 καὶ
3558 1219 3819 1289 σαρκικην

2212 1286 2419 1368 ἶχουσα
2446 1303 2540 1358 τὴν
2583 1301 2862 1372 συνάφειαν
2913 1300 3090 1368 αὐτοῦ,
3142 1300 3184 1352 εἰ
3228 1303 3342 1372 (74)
3382 1304 3546 1374 τούτῳ
3596 1302 3817 1357 ἐπιϐουη

2213 1384 2439 1439 λεύουσα
2514 1390 2796 1463 φωραθείη,
2872 1391 3073 1461 θανάτῳ
3138 1386 3552 1450 καταδικάζεται
3582 1411 3596 1424 ·
3665 1395 3815 1464 πόσῳ

2214 1475 2402 1548 μᾶλλον
2446 1477 2473 1528 ό
2506 1487 2826 1552 πνευματικῇ
2861 1484 3104 1552 κοινωνίᾳ
3149 1481 3531 1553 συναρμοσθεὶς
3559 1479 3646 1532 ὑπ’
3675 1480 3816 1534 αύτῶ

2215 1567 2446 1640 μάρτυρι
2476 1571 2566 1618 καὶ
2595 1572 2783 1641 μεσίτῃ
2816 1577 2890 1642 τῷ
2913 1571 3177 1642 Πνεύματι
3207 1565 3465 1631 ὑπόδικος
3501 1571 3584 1622 ἰπὶ
3608 1577 3681 1641 τῷ
3712 1590 3821 1642 χω-

2214 1664 2392 1729 ρισμῷ
2420 1657 2618 1728 γίνεται
2644 1675 2657 1722 ;

2287 1750 2346 1802 2.
2384 1745 2584 1821 Ὠσπερ
2627 1745 2714 1799 οὖν
2752 1752 2819 1802 τὰ
2870 1748 2996 1822 μέλη
3023 1757 3116 1802 τοῦ
3159 1754 3417 1821 σώματος,
3463 1752 3665 1822 φύσεως
3705 1769 3819 1802 συν.

444 1835 593 1887 turte
617 1831 858 1888 vinculo
885 1831 1315 1902 colligata,non
1340 1838 1601 1905 possunt
1627 1850 1663 1889 a
1682 1849 1935 1906 corpore
1965 1834 2104 1889 abs-

2224 1841 2485 1908 ηρτημένα
2547 1834 2746 1910 δεσμῷ,
2795 1838 2889 1891 ούκ
2941 1837 3000 1890 ἂν
3049 1847 3141 1892 τοῦ
3202 1844 3441 1912 σώματος
3489 1837 3823 1916 ἀπορρήγνυ-

445 1920 630 1988 cindi,
662 1926 784 1988 aut,
814 1921 861 1976 si
893 1921 1140 1977 abcissa
1187 1922 1429 1989 fuerint,
1459 1928 1768 1979 mortuum
1815 1923 1883 1978 ﬁt
1938 1922 2107 1996 quod

445 2010 841 2067 abscinditur:
861 2011 945 2066 sic
975 2016 1032 2067 et
1058 2016 1260 2068 asceta
1282 2013 1388 2084 qui
1412 2013 1473 2067 in
1500 2012 1822 2082 collegium
1851 2013 2108 2068 fratrum

445 2103 766 2171 cooptatus
795 2103 903 2168 est,
939 2101 1311 2173 Spiritusque
1339 2101 1584 2170 foedere,
1611 2102 1780 2174 quod
1800 2101 2110 2159 vinculum

448 2195 541 2246 est
577 2189 819 2246 vinculo
857 2194 1091 2246 naturae
1113 2190 1347 2260 fortius,
1370 2191 1590 2262 ligatus
1620 2191 1732 2248 fuit
1760 2197 1816 2247 et
1843 2191 2107 2260 vinctus,

442 2280 575 2350 jam
606 2279 686 2334 ab
714 2279 786 2334 iis
827 2279 1197 2351 quibuscum
1221 2280 1542 2353 copulatus
1573 2286 1680 2349 est,
1713 2296 1838 2338 non
1895 2280 2111 2354 poterit

447 2369 725 2425 resecari.
755 2368 1013 2442 Alioqui,
1046 2369 1094 2425 si
1119 2369 1234 2427 hoc
1264 2370 1424 2440 facit,
1454 2366 1731 2427 mortuus
1765 2377 1854 2428 est
1878 2371 2104 2443 animo,

449 2463 507 2514 et
529 2459 798 2529 privatus
826 2460 1077 2532 Spiritus
1122 2460 1334 2529 gratia,
1366 2465 1429 2517 ut
1471 2461 1576 2533 qui
1606 2461 1665 2516 id
1701 2461 1900 2517 fcedus
1941 2461 2111 2534 quod

451 2563 523 2604 eo
563 2552 761 2604 actore
810 2548 1043 2616 inierat,
1073 2549 1405 2606 violaverit.
1443 2551 1500 2606 Si
1548 2566 1688 2606 vero
1745 2551 1966 2623 aliquis
2019 2550 2107 2604 di-

451 2641 566 2704 cat,
599 2653 824 2710 pravos
855 2654 988 2694 esse
1022 2638 1258 2712 aliquos
1288 2638 1500 2695 fratres
1532 2644 1671 2697 (non
1713 2640 1875 2695 enim
1896 2654 2110 2695 omnes

450 2728 764 2784 accusabit
793 2744 805 2782 :
840 2727 1158 2800 siquidem
1186 2743 1310 2784 non
1332 2729 1495 2784 malo
1543 2728 1792 2785 consilio
1821 2727 2110 2800 pepigere

451 2817 820 2884 societatem,
850 2817 934 2872 sic
955 2821 1021 2873 ut
1043 2834 1164 2873 uno
1195 2833 1499 2874 consensu
1526 2817 1672 2873 mali
1703 2817 1821 2873 sint
1840 2818 2105 2884 omnes);

451 2905 500 2961 si
529 2907 664 2980 quis
685 2907 868 2977 igitur
894 2907 1075 2974 dicat,
1108 2907 1423 2980 improbos
1444 2923 1573 2963 esse
1603 2907 1840 2980 aliquos
1873 2905 2107 2974 fratres,

450 2997 761 3053 etincaute
782 2996 1012 3052 bonum
1039 2997 1116 3052 ab
1138 2998 1230 3052 his
1248 2996 1681 3068 everti,negligi
1705 2997 2104 3062 honestatem,

448 3085 659 3142 haberi
704 3086 1038 3158 despicatui
1076 3087 1538 3143 convenientem
1581 3086 1798 3142 ascetis
1845 3084 2108 3157 discipli-

2222 1926 2347 1977 σθαι
2405 1921 2641 1994 δύναιτο,
2702 1927 2754 1994 ἦ,
2802 1927 2847 1980 εἰ
2891 1926 3232 2002 ἀπορραγείη,
3267 1933 3442 2003 νεκρὸν
3491 1932 3551 1981 τὸ
3596 1927 3824 2005 ἀπορῥη-

2218 2016 2464 2086 γνύμενον
2515 2015 2699 2085 γένοιτ’
2739 2019 2834 2068 ἄν·
2894 2018 3029 2069 οὕτω
3085 2023 3176 2070 καὶ
3225 2015 3464 2080 ἀσκητὴς
3513 2015 3826 2092 ἀδελφότητι

2222 2108 2620 2176 συναπτόμενος,
2683 2110 2771 2158 καὶ
2837 2109 3036 2178 φύσεως
3115 2107 3444 2181 ἰσχυροτέρῳ
3521 2104 3702 2180 δεσμῷ
3757 2116 3821 2181 τῇ

2219 2200 2311 2245 τοῦ
2384 2197 2674 2267 Πνεύματος
2752 2196 3041 2270 ἀρμολογίᾳ
3104 2201 3494 2271 κρατούμενος,
3587 2199 3682 2252 ούκ
3763 2199 3825 2250 ἂν

2220 2281 2460 2345 ἐξουσίαν
2510 2288 2627 2357 ἔχοι
2655 2289 2934 2359 τέμνεσθαι
2976 2289 3193 2355 τούτων,
3235 2285 3306 2349 οἷς
3361 2291 3725 2364 συνηρμόσθη.
3757 2288 3826 2343 Ἢ

2217 2382 2379 2426 ποιῶν
2415 2382 2594 2444 τοῦτο,
2625 2382 2797 2449 νεκρός
2854 2376 2972 2429 ἐστι
3012 2384 3075 2450 τῇ
3125 2375 3280 2450 ψυχῇ
3325 2380 3457 2451 (³75),
3491 2383 3582 2431 καὶ
3613 2377 3825 2454 ἂστερη·

2219 2467 2369 2535 μένος
2405 2473 2501 2524 τῆς
2553 2472 2645 2516 τοῦ
2698 2468 2996 2539 Πνεύματος
3032 2469 3274 2542 χάριτος,
3336 2469 3422 2520 οἶα
3469 2464 3535 2526 δὴ
3604 2473 3698 2527 τὴν
3751 2467 3830 2522 ἐπ’

2219 2552 2383 2604 αὐτοῦ
2454 2553 2719 2625 σύμϐασιν
2776 2553 3056 2615 ἀθετήσας.
3133 2556 3194 2608 Εἰ
3261 2553 3321 2608 δὲ
3375 2555 3517 2628 λέγοι
3580 2577 3678 2624 τις,
3751 2560 3833 2612 ὅτι

2221 2640 2407 2713 φαῦλοί
2445 2659 2579 2702 τινες
2602 2650 2702 2693 τῶν
2735 2639 2968 2715 ἀδελφῶν
3002 2665 3014 2676 ·
3061 2644 3120 2697 ού
3171 2647 3274 2716 γὰρ
3314 2645 3546 2708 ἅπαντας
3604 2647 3833 2700 αἰτιάσε-

2220 2747 2308 2781 ται
2334 2749 2345 2762 ·
2390 2728 2449 2780 ού
2477 2731 2580 2802 γὰρ
2608 2729 2692 2782 ἐπὶ
2739 2735 2900 2802 κακίᾳ
2928 2736 3022 2790 την
3051 2737 3320 2784 κοινωνίαν
3349 2738 3662 2791 πεποίηνται
3693 2735 3832 2806 (76),

2221 2819 2355 2871 ὥστε
2427 2820 2621 2880 πάντας
2699 2825 2981 2892 συμφώνως
3056 2818 3185 2873 εἶναι
3276 2824 3465 2882 κακούς
3515 2839 3528 2852 ·
3625 2823 3670 2874 εἰ
3743 2820 3832 2876 οὖν

2218 2906 2381 2979 λέγοι,
2432 2909 2514 2960 ὅτι
2563 2907 2748 2981 φαῦλοί
2777 2927 2907 2968 τινες
2949 2917 3050 2960 τῶν
3098 2906 3352 2982 ἀδελφῶν,
3386 2915 3478 2962 καὶ
3520 2908 3830 2983 ἀφυλάκτως

2216 3000 2272 3055 τὸ
2341 2996 2535 3068 ἀγαθὸν
2598 2996 2946 3072 παραλύοντες
3003 3004 3135 3066 (77),
3181 3005 3273 3052 καὶ
3329 3008 3425 3062 τῆς
3477 3005 3828 3073 κοσμιότητος

2217 3083 2540 3159 ἀμελοῦντες,
2603 3091 2694 3138 καὶ
2751 3092 2844 3146 τὴν
2917 3092 3193 3162 πρέπουσα
3249 3087 3511 3152 ἀσκηταῖς
3563 3087 3828 3162 ἀκρίϐειαν

447 3175 702 3243 nam,ob
729 3175 913 3248 idque
940 3191 975 3231 a
1003 3175 1226 3233 talibus
1252 3177 1522 3249 separari
1549 3192 1612 3231 se
1639 3174 2000 3248 oportere,is
2021 3189 2108 3230 se-

2224 3185 2566 3252 παρορῶντες,
2634 3182 2724 3228 καὶ
2778 3173 2873 3229 διὰ
2923 3186 3076 3230 τοῦτο
3132 3183 3391 3252 προσήκει
3430 3187 3531 3230 τῶν
3579 3180 3828 3231 τοιούτων

448 3264 1112 3321 cedendisufticientem
1124 3281 1375 3321 causam
1388 3281 1508 3322 non
1523 3265 1950 3336 excogitavit.N
1958 3279 2111 3337 eque

450 3353 614 3410 enim
663 3357 887 3421 Petrus,
922 3358 1028 3410 aut
1071 3354 1362 3423 Andreas,
1413 3360 1517 3411 aut
1560 3358 1824 3412 Joannes
1867 3359 2114 3428 propter

448 3441 622 3497 Judae
648 3441 981 3515 nequitiam
1013 3442 1447 3500 submoverunt
1468 3461 1588 3500 sea
1608 3444 1842 3517 reliquo
1873 3448 2116 3517 aposto-

448 3531 649 3589 lorum
671 3533 1081 3605 choro,neque
1103 3532 1255 3589 alius
1275 3530 1604 3607 quisquam
1625 3534 1938 3606 apostolus
1957 3533 2118 3591 hanc

451 3621 528 3680 ad
555 3622 966 3678 recedendum
997 3639 1216 3680 ansam
1249 3624 1521 3697 arripuit,
1554 3641 1753 3698 neque
1788 3625 2119 3697 quominus

448 3712 720 3769 obediret
747 3713 1001 3782 Christo,
1052 3713 1132 3769 ob
1159 3713 1320 3769 illius
1359 3715 1727 3787 pravitatem
1775 3715 1899 3771 ullo
1929 3714 2120 3771 modo

448 3802 778 3874 impeditus
808 3808 936 3858 est:
975 3803 1083 3860 sed
1129 3803 1514 3860 documentis
1566 3804 1801 3861 Domini
1849 3805 2126 3873 obsecuti

453 3891 903 3949 aemulabantur
931 3893 1216 3966 pietatem
1247 3909 1319 3949 ac
1340 3894 1642 3962 virtutem,
1665 3910 1788 3950 non
1820 3898 2023 3949 autem
2046 3893 2126 3948 ad

449 3980 809 4037 imitandam
831 3982 989 4037 illius
1016 3983 1478 4054 perversitatem
1518 3983 2003 4038 abducebantur.
2036 3981 2129 4037 Sic

453 4070 558 4142 qui
582 4070 681 4126 ait:
709 4072 901 4140 Cogor
919 4076 1168 4143 propter
1189 4072 1384 4127 malos
1410 4087 1446 4126 a
1469 4071 1767 4143 spirituali
1788 4071 2130 4134 communi_

455 4161 573 4215 tate
595 4160 886 4231 separari,
919 4175 1043 4215 non
1072 4159 1362 4216 idoneam
1389 4159 1809 4216 inconstantia:
1835 4177 1962 4215 sum
1989 4175 2127 4220 cau-

457 4264 590 4304 sam
640 4249 910 4306 invenit:
942 4250 1091 4322 quin
1135 4250 1337 4322 potius
1376 4255 1536 4306 terra
1565 4255 1810 4322 petrosa
1841 4256 1930 4307 est
1977 4251 2127 4324 ipse,

457 4339 563 4411 qui
590 4338 854 4394 veritatis
885 4337 1227 4395 doctrinam
1258 4339 1416 4396 alere
1447 4355 1567 4396 non
1597 4341 1901 4412 potestﬁob
1933 4341 2129 4398 consi-

457 4429 521 4485 lii
547 4428 1021 4500 instabilitatem,
1055 4429 1158 4485 sed
1190 4446 1297 4503 per
1321 4429 1578 4486 modicae
1627 4431 1976 4488 tentationis
2035 4448 2127 4488 as-

459 4518 817 4585 sultum,aut
837 4518 1168 4576 affectuum
1189 4519 1540 4576 vitiosorum
1565 4520 2120 4592 intemperantiam,
2159 4549 2205 4604 Β

459 4609 785 4666 honestum
809 4608 1052 4665 vivendi
1082 4625 1274 4683 genus
1295 4625 1416 4665 non
1443 4609 1680 4682 perfert,
1699 4612 2020 4685 statimque
2043 4616 2126 4667 te-

460 4714 677 4755 nerum
701 4700 991 4756 doctrinm
1020 4715 1268 4770 germen
1309 4717 1417 4773 per
1455 4701 1738 4756 vitiorum
1765 4705 1974 4757 aestum
2002 4718 2130 4759 are-

462 4787 590 4844 scit.
623 4792 814 4862 Atque
841 4804 1059 4846 causas
1079 4788 1433 4845 verisimiles
1457 4789 1706 4863 quidem
1733 4789 1888 4861 illas,
1917 4795 1982 4848 ut
2012 4791 2126 4847 sibi

542 4994 654 5062 (72)
679 4987 1253 5062 Αῑιζίᾳιιίηίτθε-Ιὼιξί
1273 4993 1491 5062 praeter
1521 4989 1874 5048 Combef.'H
1898 4993 1923 5044 ό
1953 4999 2126 5049 τοῦτο.

469 5060 691 5117 Vocula
717 5064 746 5119 ἧ
780 5060 842 5115 in
863 5060 1038 5116 editis
1067 5060 1547 5118 desiderabatur.

542 5132 938 5214 (Ἰξλςὶοάὶρββ
967 5131 1090 5188 duo
1142 5133 1610 5214 qu§t¢C€m§-Tﬁ-§
1641 5133 1848 5214 ἄλυτον.
1875 5134 1987 5190 Alii
2008 5135 2131 5214 duo

469 5207 528 5258 et
555 5202 698 5259 editi
729 5204 1070 5289 συμϐίώσεως
1109 5202 1436 5262 τὸνρῖλυτον.
1471 5206 1672 5262 Codex
1701 5205 1866 5263 Colb.
1903 5207 2134 5280 συμϐιω-

473 5293 597 5336 σεως
634 5283 745 5338 τοῖς
783 5276 1416 5351 ἄλυτον...μκεκνημένοις.

543 5349 650 5418 (74)
685 5348 977 5425 Particula
1015 5347 1076 5425 εἰ,
1109 5347 1299 5425 quam
1320 5367 1393 5425 ex
1424 5348 1726 5406 veteribus
1762 5348 1931 5406 libris
1961 5351 2134 5407 addi-

543 5371 650 5418 (μιν)
685 5371 977 5405 ι’ᾶιίιϐωδ,
1015 5371 1076 5425 ει,
1157 5371 1299 5410 uam
1320 5371 1393 5407 ΒΧ
1424 5371 1726 5406 γειθωυιιδ
1762 5371 1931 5406 llDI’lS
1961 5371 2130 5407 30(11-

471 5417 699 5500 dimus,
733 5420 939 5500 d_eera_t
964 5371 1330 5500 inviiigatis.
1348 5424 1479 5478 Mox
1505 5427 1622 5500 tres
1647 5438 1792 5477 mss.
1810 5439 1947 5478 cum
1965 5425 2130 5479 Voss.

473 5490 642 5576 πολλῷ
663 5490 872 5576 μᾶλλον.
907 5490 1328 5576 Subinde—duo
1358 5511 1505 5576 mss.
1536 5494 1682 5576 ἐνδῷ
1722 5503 2004 5576 χωρεσμῷ-

547 5565 673 5638 (75)“
692 5566 892 5622 Codex
914 5565 1079 5624 Colb.
1111 5569 1224 5622 ἐστι
1252 5573 1338 5626 τὴν
1358 5566 1565 5639 ψυχήν.
1593 5565 1961 5624 Statim'duo
1982 5583 2130 5622 mss.

474 5647 628 5714 CUIPA
647 5641 817 5714 VOS§.
837 5639 1144 5714 ilva'lparo;
1178 5645 1463 5714 χορηγίας,

548 5709 658 5779 (76)
702 5710 852 5769 Editi
897 5709 1505 5773 xozmviav'irbm'aerm.
1542 5711 1784 5769 Veteres
1831 5714 1949 5768 tres
1999 5709 2134 5770 libri

2221 3266 2574 3341 χωρίζεσθαι,
2616 3265 2710 3318 οὐκ
2748 3264 3012 3340 ἀρκοῦσαν
3071 3265 3353 3338 ἀπολογίαν
3401 3274 3494 3319 τοῦ
3545 3271 3830 3339 χωρισμοῦ

2223 3359 2418 3414 ταύτην
2474 3355 2813 3414 ἐπινενόηκεν.
2869 3354 3010 3410 Ούδε
3063 3359 3163 3430 φάρ
3205 3361 3412 3428 Πέτρος,
3473 3358 3503 3418 ἣ
3561 3353 3829 3432 Ἀνδρεας,

2227 3446 2256 3504 ἣ
2301 3445 2538 3506 Ἰωάννης
2585 3441 2678 3498 διὰ
2723 3450 2818 3504 τὴν
2863 3453 2956 3498 τοῦ
2992 3442 3172 3514 Ἰούδα
3220 3449 3474 3520 πονηρίαν
3533 3444 3834 3521 ἀπερῥάγηβ

2231 3555 2326 3588 σαν
2365 3543 2457 3589 τοῦ
2505 3535 2688 3589 λοιποῦ
2744 3545 2842 3588 τῶν
2902 3535 3202 3590 ἀποστόλων
3255 3543 3446 3610 χοροῦ,
3505 3532 3630 3589 οὐδὲ
3667 3537 3834 3608 ἕτερός

2228 3645 2310 3689 τις
2378 3633 2476 3677 τῶν
2561 3624 2861 3678 ἀποστόλων
2927 3629 3122 3684 ταύτην
3183 3624 3420 3699 ἀφορμὴν
3497 3623 3836 3686 ἀποστάσεως

2232 3713 2540 3784 ἐποιήσατο,
2572 3713 2699 3768 ούδέ
2749 3735 2801 3768 τι
2834 3719 2964 3790 πρὸς
2993 3719 3050 3768 τὸ
3081 3717 3353 3768 πείθεσθαι
3381 3723 3454 3785 τῷ
3482 3723 3696 3790 Χριστῷ
3735 3716 3837 3767 ύπό

2235 3814 2324 3866 τῆς
2377 3803 2566 3857 ἐκείνου
2623 3807 2928 3880 μοχθηρίας
2993 3801 3349 3878 ἕνεποδίσθη·
3405 3802 3533 3856 ἀλλά
3593 3811 3701 3867 τοῖς
3744 3811 3837 3857 τοῦ

2239 3899 2432 3969 Κυρίου
2479 3896 2890 3968 πειθαρχοῦντες
2928 3891 3233 3966 διδάγμασι
3262 3898 3390 3959 (78),
3437 3899 3532 3953 την
3577 3892 3839 3946 εὐσέϐειαν

2237 3988 2327 4035 καὶ
2364 3987 2451 4042 τὴν
2503 3983 2690 4056 ἀρετὴν
2738 3983 2976 4052 ἐζήλουν,
3029 3983 3089 4036 ού
3145 3987 3249 4055 μὴν
3303 3987 3436 4057 πρὸς
3485 3988 3582 4043 τὴν
3646 3982 3838 4036 ἐκείνου

2237 4077 2490 4145 πονηρίαν
2556 4071 3009 4145 ἐπιστρεφόμενοι..
3049 4073 3225 4134 Οὖτως
3290 4074 3316 4125 ό
3371 4071 3550 4146 λέγων,
3608 4073 3690 4126 ὅτι
3744 4074 3842 4126 Διά

2239 4164 2355 4221 τούς
2422 4161 2643 4233 φαύλους
2689 4163 3022 4237 χωρίζεσθαι
3085 4171 3444 4234 πνευματικῆς
3509 4160 3840 4234 ἀνγκάζομοα

2242 4256 2541 4324 συναφείας,
2596 4251 2690 4304 ούκ
2729 4251 2933 4322 εὔλογον
2987 4257 3248 4326 πρόφασιν
3305 4251 3475 4328 ἐξεῦρε
3509 4261 3601 4313 τῆς
3648 4251 3840 4312 οἰκείας

2239 4340 2603 4403 ἀϐεϐαιότητος
2632 4363 2644 4375 ·
2695 4339 2820 4393 ἀλλά
2877 4345 2992 4394 ἔστι
3057 4345 3146 4416 μὲν
3215 4343 3367 4402 αὐτὸς
3413 4350 3479 4413 γῆ
3539 4338 3836 4417 πετρώδης,

2236 4436 2324 4484 τόν
2363 4440 2458 4493 τῆς
2524 4431 2763 4492 ἀληθείας
2805 4430 2955 4503 λόγον
3013 4429 3261 4505 ἐκθρέψαι
3324 4428 3417 4484 διὰ
3466 4437 3675 4505 γνώμης
3729 4429 3844 4484 ἀϐε-

2238 4520 2496 4579 ϐαιότητα
2523 4525 2594 4594 μὴ
2649 4518 2948 4594 δυνάμενος,
2997 4520 3126 4572 ἀλλὰ
3173 4517 3268 4573 διὰ
3317 4527 3510 4593 μικροῦ
3549 4527 3843 4594 πειρασμοῦ

2237 4609 2533 4686 προσϐολὴν
2588 4612 2716 4681 (79),
2774 4610 2802 4669 ἡ
2870 4608 3128 4683 ἀκρασίαν
3194 4611 3394 4678 παθῶν,
3453 4613 3546 4666 τὴν
3603 4613 3846 4683 σώφρονα

2237 4698 2497 4753 πολιτείαν
2536 4700 2643 4771 οὐχ
2679 4701 2962 4773 ὑπομένων,
3012 4699 3165 4761 εύθύς
3211 4717 3266 4751 τε
3321 4697 3727 4772 ἀποξηραίνεται
3769 4705 3842 4769 τῷ

2239 4793 2471 4844 καύσωνι
2526 4798 2626 4843 τῶν
2676 4792 2853 4843 παθῶν
2913 4793 2971 4842 τὸ
3016 4798 3113 4852 τῆς
3171 4784 3530 4852 διδασκαλίας
3600 4787 3846 4864 ἀρτιφυες

2239 4995 2460 5064 praeter
2483 4986 2699 5064 Comb._
2723 4991 2779 5064 e_t
2808 4989 2981 5064 Vo_s_s.
3002 4991 3320 5064 _7r51roinj.'_au,
3354 4991 3536 5064 recte.

2314 5063 2428 5132 (77)
2461 5059 2707 5132 Antiqui
2722 5058 2851 5132 duo
2881 5058 3016 5114 libri
3041 5075 3181 5114 cum
3213 5062 3380 5116 Voss.
3427 5057 3735 5132 ἀφυλάκτως
3782 5059 3840 5107 τὸ

2240 5130 2394 5206 καλὸν
2419 5130 2968 5206 παραλἈΙὶψΠιηὶο
2997 5135 3133 5202 post
3155 5134 3297 5204 Reg.
3324 5131 3626 5188 secundus
3647 5131 3838 5185 ταύτην

2243 5225 2469 5261 επινενοη
2478 5224 2564 5256 ται
2573 5245 2588 5261 ,

2315 5281 2423 5344 (78)
2452 5277 2664 5354 Q0d._ex_
2682 5273 2848 5354 Colb.
2871 5275 3274 5354 πειθαρχοῦντες
3302 5275 3699 5354 προστάγμασι.

2241 5337 2328 5406 ita
2362 5348 2552 5404 multo
2574 5346 2730 5403 infra
2768 5345 2924 5402 duos
2948 5337 3102 5400 mss:
3129 5351 3186 5401 et
3217 5337 3380 5402 Voss.
3423 5337 3659 5405 ἐζήλουν.
3689 5337 3842 5393 οὐδὲν

2245 5425 2368 5490 πρὸς
2395 5425 2509 5478 τήν.
2537 5415 2800 5490 Subinde
2848 5417 2977 5490 duo
2992 5434 3149 5490 rmﬁss.
3193 5415 3584 5490 ἐπιστρέφοντα.
3613 5413 3847 5469 Ibidem

2241 5475 2627 5550 Vos’siivvetus
2654 5489 2804 5544 liber
2830 5493 2887 5544 et
2907 5488 3005 5544 alii
3031 5489 3153 5544 duo
3186 5493 3319 5541 Οὔτε
3348 5475 3436 5558 δίει
3461 5489 3486 5550 ἀ
3507 5487 3688 5558 λέγων,

2314 5567 2430 5636 (70)
2457 5567 2691 5619 Veteres
2717 5561 2839 5636 duo
2868 5560 3003 5617 libri
3026 5577 3164 5617 cum
3200 5560 3366 5617 Voss.
3393 5556 3488 5611 διά
3517 5556 3709 5635 μικρὰν
3739 5575 3848 5610 πει-

2240 5631 2450 5713 ρασμοῦ
2473 5654 2606 5696 τινος
2625 5631 2818 5711 προσϐ.
