4120 6372
319 339 451 396 1397

317 460 641 534 βλάστημαο
699 457 984 531 προγάσεις
1024 449 1083 506 δε
1141 452 1254 523 (80)
1305 451 1500 512 εἰκαίας
1539 455 1628 504 καὶ
1667 449 1761 503 ούκ
1820 447 1918 522 ἀρ-
1952 450 1998 502 Α

314 553 506 612 κούσας
535 552 660 623 πρὸς
703 544 987 615 ἀπολογίαν
1028 541 1112 595 ἐπὶ
1153 549 1243 595 τοῦ
1286 541 1519 614 βήματος
1549 548 1640 593 τού
1682 545 1917 614 Χριστοῦ

315 641 452 692 κατὰ
502 638 854 712 πληροφορίαν
915 634 1103 692 οἰκείας
1167 634 1402 703 ἓπινγοῶν,
1460 637 1549 683 καὶ
1603 631 1781 684 ἑαυτὸν
1830 628 1917 682 εύ-

313 727 474 789 κόλως
524 729 996 803 παρακρουόμενος.
1057 717 1224 774 Οὐδεν
1275 723 1377 795 γὰρ
1419 729 1508 774 τοῦ
1559 720 1738 774 ἑαυτὸν
1779 717 1918 770 ἀπα-

315 823 408 888 τᾷν
450 816 810 890 εὐκολώτερον,
865 807 1044 870 ἄπειδή
1107 813 1292 884 κριτὴς
1346 811 1560 870 ἕκαστος
1603 809 1769 879 ἑαυτῷ
1829 826 1918 860 κε·-

317 909 635 982 χαρισμένος
654 909 871 978 γίνεται,
912 903 979 955 τὰ
1015 896 1151 960 ἡδέα
1195 904 1381 973 κρίνων
1407 900 1520 970 (81)
1561 896 1690 951 εἶναι
1723 902 1919 970 συμφέ-

317 1015 493 1070 ροντα.

391 1088 444 1142 3.
498 1084 671 1137 Ἔστω
717 1085 888 1135 τοίνυν
942 1081 968 1132 ό
1025 1087 1256 1143 τοιοῦτος
1303 1082 1732 1151 κατακεκριμένος
1779 1079 1924 1150 παρά

321 1174 536 1245 ἀληθεία
580 1168 902 1243 δικαζούσῃ,
943 1171 1010 1231 ὡς
1071 1165 1376 1222 σκανδάλων
1417 1170 1662 1228 ὑπόθεσις
1715 1166 1922 1219 πλείοσι

318 1264 716 1334 καθιστάμενος,
757 1263 875 1318 ἤτοι
913 1266 1121 1331 πονηρῷ
1179 1255 1530 1330 ὑποδείγματι
1588 1261 1714 1332 πρὸς
1768 1255 1921 1316 ζῆλον

317 1361 418 1408 τῶν
462 1354 590 1406 ἰσων
648 1349 997 1420 ἀτοπημάτων
1025 1344 1327 1420 διερεθίζων
1375 1345 1476 1414 ἀεὶ,
1527 1351 1616 1398 καὶ
1664 1354 1755 1398 τού
1805 1345 1923 1397 ο·ὶαὶ

318 1441 638 1514 κληρονόμος
682 1442 965 1510 γενόμενος.
1021 1441 1120 1490 Καὶ
1176 1441 1425 1510 συμφέρει
1481 1435 1622 1505 αύτῷ
1683 1437 1764 1486 ῖνα
1828 1437 1923 1506 μύ-

318 1531 404 1593 λος
468 1530 638 1590 ὀνικὸς
711 1528 981 1601 κρεμασθῇ
1051 1531 1170 1600 περὶ
1241 1529 1328 1578 τόν
1393 1524 1663 1596 τράχηλον
1740 1523 1920 1591 αὐτοῦ,

319 1623 410 1671 καὶ
467 1618 858 1688 καταποντισθῇ
928 1614 975 1666 ἐν
1042 1623 1114 1685 τῷ
1188 1612 1398 1684 πελάγει
1461 1622 1554 1674 τῆς
1622 1611 1914 1672 θαλάσσης.

321 1708 478 1763 Ἐπὰν
533 1705 634 1780 γὰρ
684 1705 796 1775 (82)
847 1703 1002 1775 ψυχὴ
1064 1702 1356 1754 ἀπόστασιν
1415 1701 1667 1767 ίθισθείη,
1733 1701 1925 1761 πολλῆς

318 1795 640 1869 ίμπίπλαταε
686 1793 964 1868 ἀκρασίας,
1014 1792 1307 1854 πλεονεξίας
1349 1811 1401 1844 τε
1459 1797 1548 1843 καὶ
1594 1810 1924 1865 γαστριμαρ-
1957 1805 1994 1858 Β

317 1891 456 1958 γίας,
513 1880 747 1955 ψεύδους
802 1901 856 1935 τε
911 1887 1000 1934 καὶ
1051 1884 1228 1944 πάσης
1303 1883 1613 1941 κακοηθείας
1646 1901 1658 1914 ·
1718 1886 1809 1932 καὶ
1865 1884 1924 1932 τὸ

319 1974 604 2029 τελευταῖον
659 1973 732 2034 είς
793 1976 882 2024 τόν
930 1974 1168 2045 πυθμένα
1225 1976 1574 2045 καταστρέφει
1621 1979 1714 2032 τῆς
1777 1991 1926 2028 πινη-

318 2070 439 2142 ρίας
495 2069 600 2124 τοῖς
655 2062 904 2134 ἐσχάτοις
969 2060 1310 2136 ἐμπειρομίνη
1379 2068 1577 2119 κακοῖς.
1645 2060 1701 2110 Ὀ

320 2161 420 2206 τῶν
472 2155 718 2205 τοιούτων
766 2147 962 2221 όδηγός
1016 2151 1411 2221 καθιστάμενος,
1457 2153 1713 2200 σκοπείτω
1753 2167 1926 2200 ποσων

319 2240 514 2314 ψυχῶν
561 2239 819 2299 ἀπωλείας
858 2241 1041 2309 ἔνοχος
1064 2242 1266 2307 γίνεται
1299 2257 1311 2270 ο
1360 2237 1386 2288 ὃ
1415 2255 1471 2308 γε
1497 2233 1636 2308 μηδὲ
1684 2239 1809 2309 πρὸς
1837 2237 1929 2297 τὰς

323 2330 540 2390 εὐθύνας
576 2337 672 2390 τῆς
701 2327 886 2382 ἑαυτοῦ
938 2325 1126 2396 ψυχῆς
1153 2324 1372 2400 ἀρκέσαι
1403 2321 1707 2397 δυνάμενος.
1740 2330 1802 2377 Τί
1825 2327 1927 2397 γὰρ

323 2419 452 2491 ούχὶ
504 2416 694 2491 μᾶλλον
746 2417 772 2468 ό
802 2423 1035 2476 τοιοῦτος
1073 2422 1311 2486 μιμεῖται
1367 2417 1454 2465 τὸν
1502 2419 1663 2485 μέγαν
1715 2418 1926 2489 Πέτρον,

324 2513 415 2561 καὶ
465 2503 768 2578 ὑπόδειγμα
825 2503 1044 2577 βεϐαίας
1073 2508 1321 2568 πίστεως,
1367 2508 1457 2554 καὶ
1497 2511 1592 2563 τῆς
1651 2509 1768 2575 περὶ
1830 2513 1928 2555 τῶν

325 2597 494 2651 καλῶν
524 2598 640 2663 (83)
671 2593 959 2656 ἕνστάσεως
997 2601 1107 2654 τοῖς
1161 2592 1366 2654 λοιποῖς
1407 2597 1629 2664 γίνεται,
1673 2594 1773 2659 ἱνα,
1802 2593 1929 2666 λάμ-

1755 2064 1928 2112 τοίνυν

325 2706 502 2747 ποντος
557 2692 649 2739 τού
719 2686 886 2756 φωτὸς
951 2691 1051 2734 τῶν
1096 2680 1288 2734 ἐκείνου
1345 2684 1779 2755 κατορθωμάτων,
1839 2688 1928 2736 καὶ

324 2778 374 2830 οἱ
423 2774 473 2828 ἓν
505 2779 682 2828 σκότει
710 2781 807 2836 τῆς
853 2775 1105 2844 πονηρίας
1156 2767 1428 2842 διάγοντες
1465 2769 1549 2823 ἐπὶ
1594 2775 1651 2824 τὸ
1695 2775 1927 2846 κρέῐττον

324 2861 707 2936 ὀδηγηθῶσιν;
741 2861 956 2916 Ἔπειτα
993 2857 1052 2912 δὲ
1076 2867 1192 2914 Νῶε
1248 2863 1338 2932 μὲν
1371 2861 1397 2911 ὁ
1425 2855 1629 2920 ὃικαίος
1678 2860 1772 2912 ούκ
1822 2857 1928 2916 εἷπε

324 2955 454 3028 πρὸς
523 2954 612 3005 τὸν
679 2954 829 3017 Θεὸν,
884 2950 964 3002 ὁτι
1020 2956 1102 3003 Δεῖ
1151 2969 1213 3021 με
1270 2947 1486 3007 ὶκϐῆναι
1549 2956 1642 3001 τού
1699 2953 1924 3021 κόσμου,

326 3039 507 3100 ἄπειδη
562 3043 748 3102 πάντες
778 3041 879 3093 εἰσὶ
930 3043 1168 3114 πονηροὶ,
1229 3037 1336 3090 ἀλλ’
1369 3037 1683 3113 ἐκαρτέρησε
1737 3037 1926 3110 μᾶλλον

325 3130 620 3191 ἀθλητικῶς
671 3131 785 3200 (84)
840 3133 932 3183 καὶ
987 3133 1250 3201 γενναίως,
1295 3149 1385 3180 και
1441 3129 1634 3202 μεταξύ
1688 3127 1924 3182 ἀϐύσσου
1958 3157 2000 3214 C

325 3227 574 3297 πονηρίας
618 3227 714 3280 τὴν
771 3219 1031 3274 εύσίϐειαν
1089 3219 1417 3293 ἀχείμαστον
1485 3216 1793 3294 διετήρησε,
1838 3223 1926 3272 καὶ

325 3315 458 3385 πρὸς
498 3314 584 3363 τὸν
641 3314 908 3366 Δεσπότην
949 3305 1198 3381 οὐδαμῶς
1243 3310 1578 3375 ἐστασίασεν,
1639 3309 1769 3362 ἀλλά
1806 3311 1928 3362 ύπο-

327 3407 455 3473 μονῇ
515 3403 605 3451 καὶ
657 3402 904 3472 καρτερίᾳ
953 3397 1147 3470 μεταξύ
1208 3407 1306 3450 τῶν
1353 3399 1598 3470 κυμάτων
1651 3407 1748 3461 τῆς
1805 3397 1928 3451 ἀσε-

328 3487 470 3549 ϐείας
514 3492 610 3545 τὴν
649 3483 877 3560 φορτίδα
926 3491 1042 3553 (85)
1081 3494 1171 3546 τῆς
1229 3485 1484 3546 εὐσεϐείας
1540 3493 1920 3561 περιεσώσατο.

330 3582 430 3632 Καὶ
503 3582 623 3632 Λὼτ
687 3575 735 3629 ἓν
791 3572 1064 3649 Σοδόμοις.
1127 3575 1320 3648 μεταξύ
1378 3578 1640 3638 τοσαύτης
1689 3574 1929 3638 ἀσεϐείας

324 3673 414 3721 καὶ
451 3671 777 3742 παρανομίας
824 3670 914 3718 καὶ
961 3665 1222 3738 ἀθεσμίας
1267 3669 1628 3738 στρεφόμενος,
1681 3670 1774 3723 τὴν
1809 3665 1929 3740 ἀρε-

324 3762 418 3816 την
467 3755 834 3832 ἀπαράφθορον
883 3752 1206 3828 διεφύλαξεν,
1246 3751 1486 3828 οὐδαμοῦ
1524 3761 1709 3815 κακαῖς
1778 3755 1932 3808 ἑαλω-

323 3853 475 3900 κυῖαν
514 3845 812 3908 ίπιϐουλαίς
837 3862 849 3875 ·
894 3844 1020 3896 ἀλλά
1077 3843 1268 3917 μεταξύ
1311 3844 1635 3914 ξενοκτόνων,
1668 3849 1757 3898 καὶ
1787 3843 1931 3919 ὕϐρει

324 3935 484 4008 πολλῇ
530 3941 621 3988 καὶ
669 3934 927 4008 ἀκολασίᾳ
956 3937 1092 3988 κατά
1142 3944 1239 3988 τῶν
1288 3943 1380 3995 τῆς
1410 3937 1613 4007 φύσεως
1644 3939 1929 4008 φερομένων

326 4027 554 4099 θεσμῶν,
602 4031 696 4084 τὴν
748 4027 1048 4098 ἁγιωσύνην
1105 4027 1348 4098 ἀμίαντον
1379 4025 1533 4086 αὐτός
1590 4045 1643 4078 τε
1683 4022 1927 4097 διέσωσε,

325 4120 415 4169 καὶ
456 4122 562 4176 τοῖς
612 4115 831 4179 λοιποῖς,
886 4118 950 4175 ῶς
991 4115 1124 4182 ἐνῆν,
1167 4116 1492 4187 εἰσηγήσατο
1533 4119 1667 4184 (86),
1708 4117 1930 4189 πράξεσι

323 4208 425 4279 πρό
463 4211 562 4256 τῶν
589 4202 754 4272 λόγων
797 4206 855 4255 τὸ
903 4201 1057 4254 καλὸν
1097 4200 1442 4262 ἔκπαιδεύων.
1503 4209 1568 4256 Σύ
1625 4201 1684 4256 δι
1732 4224 1929 4278 προφα-

327 4293 452 4366 σίζῃ
495 4296 590 4354 τὰς
634 4299 734 4343 τῶν
787 4288 1020 4362 ἀδελφῶν
1077 4291 1352 4364 ὀλιγωρίας
1413 4293 1441 4350 ἦ
1493 4296 1672 4357 οὔσας»
1715 4295 1743 4352 ἦ
1787 4297 1930 4368 παρὰ

330 4389 426 4434 σοῦ
491 4380 846 4452 πλαττομένας
895 4383 990 4437 τὴν
1043 4376 1372 4430 ἀποστασίαν
1439 4378 1638 4446 ἐννοῶν,
1706 4387 1796 4434 καὶ
1835 4387 1926 4439 τὴν

325 4471 576 4528 αθὲτησιν
637 4477 729 4522 τοῦ
795 4468 946 4540 ἁγίου
1017 4471 1317 4540 Πνεύματος
1363 4474 1738 4540 μηχανώμενος
1795 4471 1923 4540 (87),
1958 4513 2004 4566 D

326 4562 416 4612 καὶ
456 4567 552 4622 τῆς
603 4558 786 4612 ἑαυτοῦ
832 4563 1084 4632 πονηρίας
1136 4562 1225 4610 καὶ
1263 4566 1362 4608 τῶν
1418 4560 1583 4608 πόνων
1650 4565 1748 4608 τῶν
1796 4559 1921 4632 ὑπερ

396 4685 445 4722 ⁸³
475 4687 631 4742 Matt.
661 4699 817 4756 xvm,
841 4687 895 4739 6.

972 4684 1020 4719 ⁵³
1043 4685 1182 4740 Gen.
1211 4698 1287 4751 γι,
1311 4685 1363 4738 9.
1442 4682 1488 4717 5‘
1522 4683 1661 4738 Gen.
1686 4698 1803 4738 XIX.
1871 4703 1888 4708 -

399 4864 510 4935 (80)
543 4864 641 4936 Sic,
665 4861 896 4936 antiqui
923 4861 1226 4936 tresiibri,
1253 4876 1376 4936 non
1402 4863 1468 4917 ut
1493 4859 1656 4930 editi,
1700 4861 1762 4917 in
1800 4862 1929 4936 qui-

325 4933 444 4991 bus
474 4932 689 4991 vocula
714 4932 774 4988 δέ
796 4932 920 5006 non
946 4933 1182 5003 legitur.
1210 4932 1534 5006 Aliquanto
1574 4937 1710 5006 post
1738 4932 1930 4990 codex

327 5007 494 5063 Voss.
523 5006 745 5080 εὐκόλως
785 5005 1216 5080 ἀποκρουόμενος.

397 5080 513 5144 (81)
546 5077 746 5134 Codex
794 5074 954 5132 Coll}.
985 5074 1059 5130 τά
1089 5074 1208 5130 ἴδια
1245 5082 1452 5148 κρίνων,
1487 5079 1603 5148 Nec
1632 5077 1714 5132 ita
1739 5077 1929 5134 multo

324 5148 483 5205 infra
510 5149 671 5204 idem
702 5165 816 5204 ms.
839 5151 1260 5233 καιθιστάμενος,
1278 5145 1334 5199 οἱ
1529 5145 1924 5233 διερεθίζονται.

395 5224 510 5283 (82)
536 5223 675 5290 lleg.
709 5220 1039 5294 secundus
1059 5219 1165 5294 is.
1193 5223 1314 5294 γάρ.
1333 5219 1726 5294 ⁸διειιὶιιιμᾶιιο
1769 5237 1921 5276 mss.

327 5308 464 5348 cum
509 5294 675 5367 _Voss.
705 5290 909 5363 ἐθισθῇ.
942 5290 1208 5348 Subinde
1238 5290 1429 5347 codex
1477 5290 1640 5348 Colb.
1674 5297 1929 5367 πονηρίας

329 5371 430 5423 τοῖς
470 5364 803 5435 αἰσχίστοις.

540 5432 736 5509 Codex
761 5432 935 5509 _Cle.
956 5439 1090 5509 fregi
1119 5439 1177 5486 τό
1195 5433 1374 5509 καλόν.

398 5503 508 5580 (ﬁ?)
534 5507 770 5580 Antiqui
803 5507 927 5560 duo
954 5503 1088 5580 lib'l‘i
1119 5505 1258 5579 μάλα
1287 5505 1614 5580 ἀθλητικῶς.

399 5573 514 5645 (85)
545 5573 705 5652 Editi'
734 5583 826 5652 τὴν
854 5573 1128 5652 φροντίς)ἶαί
1157 5578 1321 5652 Regii
1347 5578 1553 5652 tertius
1584 5580 1642 5632 et
1670 5581 1922 5649 quartus

325 5649 420 5707 ὴντ
476 5645 712 5724 φορτίδα,
763 5645 940 5711 bene.
986 5649 1149 5708 Alius
1208 5645 1398 5707 codex
1446 5648 1652 5707 itidem
1689 5645 1928 5730 Regius.

1454 321 2045 384 CONSTITUTIONES
2099 324 2541 385 MONASTIC/E.

3549 327 3688 384 1398

2027 447 2154 521 ipse
2185 454 2645 522 persuadet,sed
2661 469 2797 527 quae
2813 457 3016 510 tamen
3043 452 3120 508 ad
3144 467 3206 509 se
3227 450 3683 509 defendendum

2028 545 2164 597 ante
2196 540 2458 598 tribunal
2480 545 2690 600 Christi
2719 545 2885 600 haud
2925 544 3069 600 satis
3092 543 3328 600 idoneae
3350 547 3488 600 sunt
3515 558 3684 600 com-

2029 630 2394 698 miniscitur;
2427 631 2697 704 fallitque
2726 633 3115 704 semetipsum
3147 631 3498 688 facile.Nihil
3520 631 3683 689 enim

2026 719 2260 776 facilius
2291 725 2607 794 est,.quam
2639 721 2903 794 seipsum
2935 722 3406 797 decipere,quod
3424 721 3684 795 quisque

2030 809 2143 864 sibi
2166 810 2495 866 benevolus
2521 811 2807 884 justoque
2835 811 3239 881 indulgentior
3261 810 3450 884 judex
3472 815 3579 880 est,
3590 811 3685 885 ju-

2029 898 2229 954 cunda
2249 899 2536 970 judicans
2579 915 2709 956 esse
2739 898 3166 956 conducibilia.

2101 1080 2152 1132 3.
2183 1076 2587 1141 Quamobrem
2615 1076 2720 1149 qui
2749 1076 3047 1148 ejusmodi
3077 1081 3186 1146 est,
3211 1076 3287 1133 sit
3307 1075 3445 1149 ipso
3474 1077 3689 1136 verita-

2031 1165 2104 1222 tis
2133 1166 2556 1238 568judicio
2575 1166 3335 1239 condemnatus,tanquam
3357 1166 3459 1241 qui
3485 1167 3689 1224 multis

2031 1256 2306 1312 scandali
2363 1257 2577 1312 existat
2628 1257 2890 1324 occasio,
2949 1261 3054 1313 aut
3103 1257 3286 1313 etiam
3334 1272 3524 1330 pravo
3577 1271 3688 1314 suo

2032 1345 2304 1418 exemplo
2335 1361 2572 1416 semper
2598 1345 2748 1401 alios
2784 1346 2864 1402 ad
2893 1346 3250 1418 hujusmodi
3288 1346 3516 1415 ﬂagitia
3558 1345 3690 1402 imi-

2032 1435 2218 1490 tanda
2247 1440 2552 1506 provocet,
2581 1439 2637 1490 et
2683 1435 2844 1492 vocis
2886 1435 3042 1490 illius
3073 1451 3157 1491 va:
3203 1435 3395 1492 haeres
3441 1434 3686 1493 evadat.

2032 1525 2113 1579 Et
2142 1524 2358 1593 expedi
2391 1527 2448 1580 ei
2469 1530 2535 1579 ut
2556 1526 2966 1594 suspendatur
2995 1527 3154 1581 mola
3175 1527 3446 1582 asinaria
3471 1526 3553 1582 ad
3572 1526 3692 1582 col.

2036 1615 2159 1670 tum
2191 1617 2342 1683 ejus,
2383 1621 2436 1670 et
2465 1616 2850 1686 demergatur
2883 1616 2944 1670 in
2992 1615 3370 1686 profundum
3407 1616 3598 1672 maris
3618 1616 3690 1672 δ’.

2034 1706 2182 1760 Cum
2205 1704 2367 1758 enim
2400 1704 2586 1760 semel
2614 1706 2820 1760 anima
2850 1705 3170 1761 defectioni
3197 1706 3542 1762 assuefacta
3566 1706 3691 1762 fue-

2033 1793 2128 1861 rit,
2160 1792 2354 1848 multa
2381 1793 2848 1866 intemperantia
2884 1795 3168 1867 repletur,
3201 1794 3592 1868 avaritiaque,
3633 1797 3692 1852 et

2034 1883 2350 1953 edacitate,
2382 1883 2700 1939 mendacio
2745 1890 2925 1957 atque
2984 1884 3360 1954 malignitate
3391 1885 3577 1957 omni,
3633 1887 3694 1942 et

2034 1977 2344 2044 postremo
2367 1972 2428 2027 in
2459 1974 2646 2028 imam
2674 1974 3004 2045 nequitiam
3035 1973 3242 2042 fertur,
3273 1974 3449 2030 malis
3496 1977 3691 2031 extre-

2035 2061 2149 2118 mis
2170 2062 2376 2118 intixa.
2421 2062 2531 2128 Qui
2556 2063 2737 2132 igitur
2757 2063 2968 2119 talium
2999 2063 3122 2120 dux
3153 2065 3459 2131 exstiterit,
3492 2063 3696 2121 consi-

2035 2152 2202 2208 deret
2245 2158 2393 2224 quot
2419 2153 2762 2210 animarum
2794 2153 3069 2210 interitus
3117 2170 3255 2210 reus
3285 2155 3394 2212 ﬁat
3427 2173 3440 2212 :
3473 2154 3580 2229 qui
3609 2158 3697 2212 ta-

2035 2257 2175 2297 men
2198 2257 2273 2296 ne
2301 2242 2520 2297 animae
2547 2241 2792 2314 quidem
2822 2259 2944 2298 sure
2974 2242 3188 2299 rationi
3229 2243 3556 2300 reddendae
3581 2258 3696 2318 par

2037 2343 2167 2385 esse
2189 2329 2400 2402 possit.
2424 2334 2539 2385 Cur
2559 2330 2720 2386 enim
2743 2331 2846 2403 qui
2878 2331 3172 2402 ejusmodi
3203 2337 3308 2403 est,
3342 2348 3466 2389 non
3495 2331 3694 2404 magis

2036 2417 2304 2473 imitatur
2340 2433 2636 2487 magnum
2691 2421 2946 2482 Petrum,
2992 2419 3180 2492 ﬁtque
3221 2421 3468 2494 reliquis
3504 2423 3694 2479 ﬁrmm

2037 2507 2178 2563 ﬁdei
2209 2513 2265 2562 et
2289 2508 2624 2563 constantis
2673 2509 2734 2564 in
2780 2508 2959 2565 bonis
2988 2509 3173 2566 animi
3206 2511 3574 2584 exemplum,
3630 2515 3698 2571 ut

2037 2597 2302 2668 fulgente
2329 2597 2611 2653 virtutem
2650 2597 2808 2653 illius
2840 2598 3185 2671 splendore,
3212 2599 3394 2656 etiam
3418 2599 3459 2657 ii
3499 2601 3605 2674 qui
3631 2601 3696 2658 in

2037 2687 2318 2759 nequitia:
2342 2686 2604 2742 tenebris
2633 2689 2880 2757 degunt,
2914 2688 2989 2743 ad
3014 2688 3312 2760 quiddam
3343 2689 3559 2746 melius
3589 2689 3696 2747 de-

2037 2777 2340 2832 ducantur
2360 2778 2407 2811 ⁸³
2429 2776 2456 2832 ‘?
2479 2776 2701 2832 Deinde
2722 2792 2864 2832 vero
2888 2780 3008 2833 Noe
3034 2778 3233 2848 justus
3262 2779 3357 2834 ille
3377 2779 3700 2854 haudqua-

2035 2883 2223 2940 quam
2254 2869 2375 2922 Deo
2403 2867 2570 2922 dixit:
2605 2869 2849 2939 Oportet
2868 2867 3028 2923 exire
3053 2884 3146 2922 me
3168 2868 3243 2924 de
3269 2868 3524 2933 mundo,
3555 2885 3696 2928 cum

2037 2958 2155 3013 sint
2174 2957 2344 3030 pravi
2371 2973 2618 3025 omnes;
2649 2957 2756 3012 sed
2787 2957 2987 3029 potius
3009 2957 3289 3015 athletico
3316 2975 3385 3016 ac
3404 2975 3698 3030 generoso

2037 3047 2242 3102 animo
2255 3046 2980 3118 perseveravit,servavitq
2989 3063 3059 3102 ue
3072 3047 3132 3102 in
3145 3048 3456 3120 pravitatis
3469 3048 3700 3122 abysso

2037 3136 2427 3208 tranquillam
2460 3152 2531 3192 ac
2580 3141 2861 3208 pacatam
2911 3137 3219 3209 pietatem,
3273 3153 3383 3194 nec
3424 3154 3699 3213 unquam

2036 3227 2326 3282 dissensit
2350 3242 2386 3282 a
2418 3225 2805 3294 Domino,sed
2834 3241 2942 3299 per
2976 3227 3317 3297 patientiam
3345 3243 3416 3284 ac
3444 3229 3699 3286 tolerano

2037 3317 2182 3373 tiam
2213 3317 2274 3372 in
2301 3315 2515 3372 mediis
2540 3316 2867 3388 impietatis
2894 3315 3176 3372 ﬂuctibus
3203 3316 3441 3389 pietatis
3472 3333 3697 3376 onera-

2037 3407 2189 3463 riam
2240 3406 2448 3462 navim
2500 3410 2692 3462 tutam
2724 3411 2778 3461 et
2830 3405 3197 3462 incolumem
3227 3407 3586 3480 praestitit“.
3634 3410 3702 3466 Et

2043 3499 2147 3551 Lot
2190 3496 2250 3551 in
2289 3495 2568 3552 Sodomis
2619 3495 2774 3551 inter
2815 3500 3050 3552 tantam
3075 3496 3447 3568 impietatem
3477 3497 3700 3572 iniqui-

2039 3591 2348 3658 tatemque
2391 3602 2462 3642 ac
2509 3585 2863 3657 injustitiam
2903 3585 3152 3656 degens,
3191 3586 3474 3643 virtutem
3503 3587 3702 3645 incor-

2038 3679 2283 3746 ruptam
2314 3675 2659 3746 custodivit,
2682 3690 2881 3747 neque
2910 3674 3046 3731 ullis
3075 3674 3348 3731 omnimo
3365 3691 3584 3750 passus
3613 3681 3704 3734 est

2039 3763 2243 3836 pravis
2267 3763 2502 3818 insidiis
2533 3763 3004 3820 circumventam
3034 3762 3458 3837 captivamque
3487 3764 3698 3820 teneri:

2041 3858 2222 3927 atque
2267 3853 2420 3909 inter
2475 3853 2784 3926 hospitum
2829 3852 3256 3920 interfectores,
3312 3867 3538 3926 eosque
3590 3854 3701 3928 qui

2041 3945 2230 4002 multa
2245 3943 2578 4018 petulantia
2600 3950 2780 4018 atque
2795 3943 3041 4000 libidine
3061 3947 3272 4000 contra
3289 3949 3521 4001 natura;
3534 3943 3700 4018 leges

2037 4035 2402 4101 ferebantur,
2433 4040 2489 4090 et
2508 4034 2635 4106 ipse
2657 4034 3038 4090 conservavit
3087 4033 3462 4090 sanctitatem
3492 4034 3700 4092 incon-

2038 4126 2417 4192 taminatam,
2444 4130 2500 4181 et
2528 4124 2791 4197 reliquos
2813 4123 2892 4180 ad
2922 4140 3058 4180 eam
3099 4123 3446 4181 exhortatus
3471 4128 3560 4181 est
3587 4139 3698 4198 pro

2037 4216 2214 4284 virili,
2238 4217 2404 4288 prius
2430 4214 2603 4271 factis
2624 4231 2813 4287 quam
2839 4213 3037 4270 verbis
3063 4214 3324 4271 edocens
3355 4214 3587 4272 bonum
3626 4229 3700 4273 ac

2037 4305 2342 4361 virtutem.
2375 4307 2457 4358 Tu
2497 4319 2639 4360 vero
2670 4304 2970 4360 meditans
2999 4304 3420 4374 defectionem,
3451 4320 3522 4362 ac
3565 4305 3698 4379 Spi-

2033 4393 2184 4448 ritus
2222 4392 2414 4447 sancti
2459 4408 2766 4448 secessum
2813 4393 3186 4463 excogitans,
3215 4394 3471 4450 fratrum
3510 4392 3696 4464 negli-

2037 4482 2266 4552 gentias
2297 4485 2401 4536 aut
2425 4497 2599 4538 veras
2635 4487 2740 4538 aut
2770 4486 2884 4538 ate
2924 4481 3214 4540 conﬁctas
3244 4482 3592 4555 praetendis,
3611 4483 3696 4539 fa-

2035 4570 2338 4642 cisque,ut
2355 4569 2518 4626 illata
2539 4570 2821 4627 fratribus
2847 4571 3154 4629 calumnia
3180 4571 3356 4644 quasi
3380 4570 3694 4645 quoddam

2038 4866 2360 4930 utramque
2384 4855 2757 4930 scripturam,
2781 4855 3322 4930 exhi_b_et,_pri_mam
3345 4856 3544 4930 prima
3569 4873 3694 4917 ma-

2038 4951 2144 4998 nu,
2172 4928 3101 5002 secundam'secunda.Subinde
3124 4928 3250 4986 duo
3278 4928 3692 5002 mss.perinde

2039 5012 2104 5062 ut
2126 5009 2291 5059 VOSS.
2321 4998 2558 5074 οὐδαμοξ)
2589 5005 2773 5074 κακίας

2111 5079 2222 5145 (86)
2249 5069 2481 5128 Veteres
2507 5072 2629 5127 duo
2668 5071 2803 5128 libri
2834 5074 2889 5128 et
2914 5071 3056 5145 editi
3079 5069 3394 5145 διηγήσατο.
3425 5071 3537 5131 Alii
3564 5071 3689 5133 duo

2038 5143 2177 5205 cum
2203 5149 2365 5200 Voss.
2403 5145 2750 5215 εἰσηγήσατο,
2784 5143 3022 5199 rectius.

2107 5223 2222 5289 (87)
2273 5216 2446 5282 Illud,
2497 5218 2730 5290 καὶ-,τάν
2787 5215 3150 5290 ἀθέτησιν-τού
3176 5215 3328 5290 ἀγίου
3391 5219 3687 5290 Πνεύμειτος

2081 5287 2436 5363 ηχανὼμενος,
2481 5287 2931 5363 addidimusex
2958 5287 3318 5363 Colbertino,
3368 5303 3481 5363 nec
3519 5287 3691 5363 aliter

2060 5358 2342 5431 egiturin
2378 5359 2560 5433 Vossii
2580 5358 2940 5433 veteriglibro
2966 5364 3022 5433 et
3060 5359 3121 5433 in
3152 5363 3295 5431 Reg.
3317 5359 3688 5433 primo,inisi

2035 5435 2201 5508 quod
2227 5450 2332 5488 vox
2355 5433 2508 5503 ἁγίου
2538 5432 2598 5487 in
2621 5431 2715 5508 his
2741 5431 2909 5487 libris
2946 5431 3122 5489 desit.
3164 5431 3372 5508 Statim
3414 5432 3558 5489 editi
3585 5441 3688 5485 τῶν

2034 5502 2200 5559 τὲονων
2242 5513 2346 5577 τῶν
2367 5502 2531 5556 πόνων
2557 5519 2567 5531 ·
2597 5502 2851 5577 sedvox
2869 5509 3058 5577 ﬁdi/ang
3076 5508 3141 5577 et
3167 5504 3367 5577 inepte
3396 5508 3451 5560 et
3479 5509 3690 5562 contra

2033 5584 2304 5633 veterum
2336 5575 2627 5632 librorum
2654 5573 2839 5630 iidem
2867 5573 2962 5630 bis
2990 5574 3150 5633 edita
3169 5573 3382 5636 fuerat.
3425 5577 3558 5634 Mox
3587 5591 3685 5634 co-

2031 5649 2150 5709 dex
2180 5649 2352 5706 Voss.
2383 5652 2476 5708 τὴν
2497 5655 2597 5699 τῶν
2624 5644 2814 5720 ἀρετῶν
2844 5645 3064 5721 ἐργάζῃ.
