4120 6390
409 303 554 360 1399

1726 302 1782 362 S.
1826 306 2081 362 BASlLIl
2119 309 2367 366 MAGNI.

3641 321 3790 375 M00

404 428 818 485 velamentum
844 425 919 485 sit
945 430 1003 485 et
1023 429 1141 485 tua;
1162 427 1498 501 pravitatis,
1530 433 1588 486 et
1611 433 1729 488 tua;
1767 431 1830 488 in
1850 431 2070 488 labori-

2198 431 2335 506 ἱρετῆ
2344 453 2365 494 ς
2386 451 2633 506 οκνηριας
2660 438 3053 509 παραπέτασμα
3083 437 3178 494 τὴν
3203 442 3304 490 τῶν
3327 432 3563 510 ἀδελφῶν
3585 438 3784 517 ἇργάζη

404 518 525 576 bus
552 517 844 592 segnitiei,
868 535 1022 592 quos
1045 535 1154 591 pro
1176 519 1393 576 virtute
1414 520 1716 578 debueras
1749 523 1969 579 subire.

476 613 531 666 4.
566 611 760 672 Quare
785 609 891 682 qui
927 609 1063 665 talis
1089 609 1287 677 fuerit,
1337 611 1432 666 his
1483 612 1776 684 exemplis
1828 613 1907 668 ad
1947 613 2068 668 fru-

408 715 547 772 gem
595 700 909 756 meliorem
957 704 1297 769 revocatus,
1349 701 1410 758 in
1457 703 1649 775 pactis
1679 719 1818 759 cum
1846 703 2073 776 Spiritu

405 786 568 844 initis
587 786 951 859 acquiescat,
995 786 1222 858 quibus
1251 802 1313 842 se
1339 787 1398 842 in
1422 788 1632 859 primis
1656 788 1910 844 caelestis
1937 804 2074 860 par-

406 881 503 933 tus
534 875 925 932 incunabulis
951 875 1532 950 devinxerat.Neque
1553 879 1712 934 enim
1743 879 1791 934 si
1813 881 2074 950 contige-

407 967 501 1037 rit,
529 971 593 1022 ut
624 983 781 1022 unus
806 965 1026 1034 digitus
1058 965 1294 1022 molesti
1324 966 1554 1040 aliquid
1599 969 1658 1023 in
1695 985 1885 1024 manu
1936 986 2074 1042 per-

407 1057 582 1125 ferat,
634 1054 920 1111 continuo
970 1056 1152 1112 etiam
1197 1055 1350 1112 alius
1407 1057 1664 1112 resecari
1694 1058 2075 1130 pertinaciter

408 1145 588 1202 volet:
614 1143 719 1201 sed
743 1145 1009 1216 primum
1031 1142 1276 1216 quidem
1300 1143 1572 1201 dolorem
1597 1145 1843 1216 effugiet
1862 1163 2078 1220 ampu-

410 1236 672 1302 tationis,
705 1235 923 1290 deinde
953 1249 1096 1290 vero
1148 1234 1526 1306 permanebit
1569 1236 1783 1292 ﬁrmus
1827 1241 1884 1293 et
1931 1250 2072 1293 con"

410 1329 602 1389 stans,
625 1328 690 1380 ut
719 1327 776 1380 et
798 1339 1047 1395 operam
1078 1339 1215 1379 eam
1244 1339 1382 1396 quae
1406 1340 1442 1380 a
1471 1325 1844 1398 periclitante
1866 1325 2075 1384 danda

411 1420 586 1482 esset,
609 1415 709 1470 det
732 1414 863 1486 ipse
897 1414 1154 1485 corpori,
1177 1418 1234 1470 et
1265 1430 1340 1470 ne
1369 1431 1587 1471 manus
1613 1417 1863 1473 omnino
1884 1417 2072 1473 ramis

410 1504 793 1561 naturalibus
825 1502 1100 1577 spoliata,
1125 1504 1370 1576 proprio
1397 1510 1452 1560 et
1470 1505 1680 1563 innato
1705 1512 1922 1564 ornatu
1952 1507 2070 1580 pri-

409 1598 600 1651 vetur.
630 1593 821 1650 Velim
847 1592 1029 1662 igitur
1050 1593 1373 1650 transferas
1409 1595 1585 1668 569
1615 1597 1961 1669 exemplum
1991 1598 2074 1654 ad

411 1688 698 1755 ascetam,
722 1689 783 1740 et
805 1683 1122 1739 considera
1150 1689 1447 1756 quantum
1481 1684 1754 1742 dolorem
1785 1686 1864 1742 ad
1895 1685 2074 1742 dede-

2181 518 2216 574 δ
2223 520 2451 580 ιαϐολὴν.

2251 614 2310 666 4.
2342 610 2504 664 Ὠστε
2545 614 2915 687 σωφρονισθεὶς
2943 613 2968 664 ὁ
3008 619 3239 675 τοιοῦτος
3263 621 3370 676 τοῖς
3398 613 3787 691 ύποδείγμασι,

2184 705 2439 774 στεργέτω
2467 706 2562 761 τὴν
2594 702 2843 778 ἁρμονίαν
2869 709 2961 755 τοῦ
2993 706 3308 776 Πνεύματος,
3359 705 3422 764 ἣν
3467 706 3634 779 ἑαυτῷ
3677 711 3794 782 (88)

2181 795 2299 863 περὶ
2338 793 2432 852 τὰς
2482 798 2688 867 πρώτας
2743 799 3140 868 σπαργανώσας
3195 802 3288 856 τῆς
3351 794 3596 870 οὐρανίου
3652 803 3793 858 κυή-

2187 899 2314 941 σεως
2355 886 2749 956 συνηρμὸσατο.
2809 885 2942 935 Οὔτε
2994 884 3115 958 γὰρ,
3177 883 3218 936 εἰ
3273 883 3508 956 συμϐαίη
3561 885 3645 939 ἐπὶ
3696 895 3796 950 τῆς

2185 973 2362 1042 χειρὸς
2400 971 2486 1023 ἕνα
2515 979 2613 1024 τῶν
2647 967 2916 1023 δακτύλων
2945 973 3127 1024 παθεῖν
3168 991 3218 1024 τι
3256 981 3356 1024 τῶν
3407 972 3651 1047 ἀνιαρῶν,
3680 973 3791 1036 ἤδη

2186 1059 2326 1111 καὶὸ
2355 1059 2525 1134 ἔτερος
2573 1059 2898 1133 ἐκτμηθῆναι
2948 1060 3325 1132 φιλονεικήσει·
3378 1060 3507 1115 ἀλλά
3555 1065 3794 1136 φεύξεται

2186 1151 2276 1221 μεν
2332 1157 2535 1221 πρῶτον
2587 1153 2646 1202 τὸ
2702 1149 2935 1222 ἀλγεινὸν
2987 1157 3078 1211 τῆς
3115 1159 3295 1222 τομῆς,
3365 1153 3541 1205 ἔπειτα
3592 1151 3654 1207 δὲ
3700 1161 3794 1209 καὶ

2189 1237 2412 1313 στερῥῶς
2459 1247 2764 1314 παραμενεῖ,
2795 1241 2930 1292 ὥστε
2967 1245 3057 1292 καὶ
3114 1244 3209 1298 τὴν
3259 1247 3352 1293 τοῦ
3400 1238 3796 1307 κινδυνεύοντος

2185 1325 2532 1400 ἀντεισφέρειν
2573 1334 2757 1404 χρείαν
2818 1336 2892 1399 τῷ
2947 1334 3176 1402 σώματι,
3234 1334 3325 1382 καὶ
3369 1334 3438 1402 μὴ
3490 1333 3652 1390 πάντη
3693 1337 3790 1393 τήν

2183 1423 2344 1491 χεῖρα
2384 1426 2484 1470 τῶν
2547 1425 2780 1491 φυσικῶν
2840 1414 3047 1471 κλάδων
3115 1417 3482 1493 ἀφαιρεθεῖσαν
3522 1419 3788 1482 ἀποσυλη-

2187 1509 2340 1567 θῆναι
2382 1515 2473 1560 τοῦ
2528 1508 2720 1560 οἰκείου
2751 1512 2954 1564 κόσμου
3002 1514 3091 1560 καὶ
3139 1516 3462 1582 προσγυοῦς.
3514 1515 3790 1583 Μετίνεγκι

2181 1599 2350 1649 τοίνυν
2381 1596 2466 1648 ἐπὶ
2514 1598 2601 1648 τὸν
2635 1595 2874 1654 ἀσκητην
2919 1599 2975 1648 τὸ
3024 1593 3343 1669 ὑπόδειγμα,
3385 1603 3476 1650 καὶ
3522 1602 3793 1656 σκόπησον

2184 1688 2305 1739 ὅσον
2355 1686 2507 1758 άλγος
2545 1691 2636 1739 καὶ
2666 1684 2928 1760 ἀκοσμίαν
2956 1693 3067 1747 ταῖς
3111 1687 3448 1748 αἰσθητικαῐς
3494 1687 3699 1760 ψυχαῖς
3725 1697 3789 1762 τῇ

411 1791 519 1831 cus
539 1773 757 1830 animis
778 1773 902 1829 acri
933 1789 1115 1829 sensu
1135 1773 1401 1846 praeditis
1432 1791 1538 1847 per
1565 1777 1957 1832 resectionem
1987 1775 2071 1832 af-

2198 1776 2424 1850 ἰιποκοττῇ
2486 1778 2885 1850 κατεργάζεται,
2927 1781 3017 1828 καὶ
3070 1777 3208 1839 ὅπως
3267 1777 3446 1830 ἑαυτὸν
3475 1781 3652 1854 νεκρὸν
3702 1784 3794 1832 καὶ

412 1865 584 1930 ferat,
616 1869 675 1920 et
701 1862 1017 1937 quomodo
1043 1865 1365 1920 constituat
1391 1865 1660 1937 seipsum
1683 1871 1993 1924 mortuum
2019 1871 2078 1924 et

412 1956 550 2013 vitae
577 1953 1082 2020 exsortem.Quod
1109 1957 1314 2010 autem
1344 1961 1680 2028 praeceptor
1704 1956 2076 2030 discipulum

417 2061 598 2102 suum
646 2044 722 2102 ad
753 2044 1118 2117 pravitatem
1169 2043 1454 2102 inducere
1503 2061 1626 2104 non
1680 2047 1842 2116 velit,
1876 2047 1962 2103 sic
2014 2051 2080 2104 ut

414 2151 609 2208 prava
629 2134 903 2205 magistri
940 2133 1236 2190 institutio
1257 2151 1444 2192 causa
1465 2135 1760 2209 discipulo
1787 2137 1862 2194 sit
1889 2153 2078 2194 seces-

418 2241 522 2281 sus
544 2229 722 2297 atque
747 2223 1119 2288 defectionis,
1143 2224 1258 2280 hoc
1289 2225 1494 2291 modo,
1528 2226 1578 2282 si
1625 2226 1844 2299 placet,
1889 2227 2080 2284 consi-

417 2316 720 2372 deremus.
755 2315 909 2380 Quid
939 2318 1026 2370 est
1055 2316 1269 2387 pater?
1291 2315 1434 2388 quid
1463 2332 1609 2374 vero
1635 2321 1724 2374 est
1752 2317 2080 2388 magister?

418 2405 757 2464 Paedotriba
785 2411 1059 2479 uterque.
1107 2406 1266 2463 Alter
1295 2407 1543 2481 quidem
1590 2408 1737 2479 ﬁlio,
1767 2409 1916 2466 alter
1938 2425 2081 2466 vero

418 2496 718 2570 discipulo
741 2496 1006 2553 studiose
1033 2502 1314 2568 precatur
1343 2514 1414 2555 ac
1438 2498 1568 2554 vult
1595 2499 1866 2555 meliora.
1889 2497 2084 2572 Siqui-

420 2587 560 2644 dem
591 2591 647 2641 et
670 2585 818 2641 illud
847 2585 1123 2642 naturale
1153 2585 1428 2658 patribus
1451 2592 1561 2656 est,
1595 2591 1662 2643 ut
1697 2591 1909 2660 optent
1934 2587 2080 2643 libe-

420 2693 520 2734 ros
543 2676 656 2734 sibi
690 2692 821 2732 esse
846 2691 1035 2748 quam
1056 2675 1319 2748 optimos
1339 2681 1395 2732 et
1416 2676 1940 2748 prudentissimos,
1973 2677 2083 2733 ho-

420 2767 925 2839 nestissimosque
947 2782 1017 2822 ac
1043 2765 1553 2822 modestissimos:
1580 2782 1705 2838 quo
1731 2770 1788 2821 et
1815 2766 1920 2821 filii
1941 2765 2086 2822 clari

424 2858 564 2925 sint,
589 2863 645 2914 et
667 2861 868 2930 patres
893 2855 1210 2912 virtutibus
1235 2855 1342 2911 ﬁlii
1388 2855 1467 2912 ad
1499 2871 1560 2912 se
1602 2855 2086 2912 redundantibus

427 2946 1055 3018 magisinclarescant.
1086 2944 1361 3000 Similiter
1391 2948 1449 3000 et
1467 2944 1764 3017 palaestra»,
1789 2944 2083 3015 magistri,

427 3052 582 3111 quos
609 3036 724 3109 ipsi
754 3039 1053 3103 exercent,
1086 3051 1188 3091 eos
1211 3037 1266 3090 et
1301 3034 1752 3090 strenuissimos
1774 3038 1831 3090 et
1860 3034 2088 3107 peritis-

2188 1869 2324 1930 ζωῆς
2380 1866 2642 1940 ἀμέτοχον
2706 1865 2999 1940 ἀποφαίνει.
3058 1866 3177 1919 Ὀτι
3234 1863 3292 1920 δε
3344 1869 3369 1919 ὁ
3437 1866 3796 1941 ἀφηγούμενος

2185 1958 2280 2011 ούκ
2310 1956 2370 2008 ἂν
2419 1957 2580 2010 ἕλοιτο
2624 1959 2711 2009 τὸν
2752 1957 2893 2026 αύτῷ
2933 1959 3350 2030 μαθητευόμενον
3379 1960 3506 2032 πρὸς
3543 1962 3798 2032 πονηρίαν

2187 2051 2404 2121 ενάγειν,
2461 2050 2598 2101 ὥστε
2650 2052 2743 2106 την
2800 2049 3028 2120 πονηρὰν
3070 2046 3281 2120 ἀγωγὴν
3333 2056 3425 2101 τοῦ
3458 2045 3799 2103 διδασκάλου

2187 2142 2447 2213 πρόφασιν
2505 2145 2576 2209 τῷ
2629 2139 2835 2210 μαθητῇ
2906 2145 3192 2210 χωρισμοῡ
3238 2140 3480 2210 γενέσθαι
3523 2143 3614 2190 καὶ
3661 2137 3800 2191 ἀπο-

2192 2230 2440 2294 στάσεως,
2470 2227 2652 2295 ούτως,
2687 2229 2730 2282 εἰ
2759 2225 2923 2301 δοκεῖ,
2961 2228 3293 2302 σκεψώμεθα.
3327 2233 3390 2281 Τί
3437 2231 3528 2301 μὶν
3579 2234 3753 2302 πατήρ
3781 2246 3797 2297 ;

2188 2322 2240 2370 τί
2272 2314 2331 2370 δε
2380 2314 2740 2387 διδάσκαλος;
2775 2315 3132 2393 Παιδοτρίϐης
3161 2318 3422 2392 ἑκάτερος.
3460 2317 3517 2370 Ὀ
3699 2320 3800 2392 γὰρ

2190 2415 2262 2478 τῷ
2287 2404 2466 2474 παιδὶ,
2513 2409 2538 2459 ὁ
2571 2404 2629 2461 δε
2657 2410 2968 2480 τῷῖμαθητῇ
3027 2408 3282 2479 εὔχεσθαί
3325 2426 3377 2460 τε
3423 2409 3492 2459 τὰ
3531 2411 3804 2483 κρείττονα

2191 2503 2280 2550 καὶ
2313 2497 2654 2570 βουλεύεσθαι
2694 2494 3072 2551 διεσπούδακε.
3115 2499 3280 2558 Φύσις
3316 2500 3407 2568 μὶν
3453 2500 3554 2569 γὰρ
3603 2499 3804 2574 πατράα

2195 2607 2276 2638 σιν
2309 2589 2564 2657 εὔχεσθαι
2591 2590 2713 2646 τοὺς
2762 2583 2964 2646 παῖδας
3009 2589 3078 2645 ὡς
3118 2585 3424 2657 βελτίστους
3471 2591 3563 2638 καὶ
3621 2607 3803 2661 φρονι-

2193 2677 2466 2748 μωτάτους
2513 2675 2771 2744 γενέσθαι,
2826 2675 3220 2746 κοσμιωτάτους
3265 2691 3320 2724 τε
3370 2677 3460 2724 καὶ
3517 2679 3804 2747 μετριωτά-

2193 2784 2332 2833 τους,
2388 2765 2472 2815 ίνα
2503 2765 2552 2814 οἱ
2611 2765 2702 2834 μὲν
2732 2758 2922 2823 παῖδες
2977 2759 3322 2834 εὐδοκιμοῖεν,
3384 2764 3434 2814 οἱ
3490 2759 3549 2815 δε
3589 2767 3804 2838 πατέρες

2196 2852 2542 2926 εὐκλεέστεροι
2597 2856 2824 2923 γένοιντο
2872 2860 2933 2924 τῇ
3000 2851 3078 2904 ἐπ’
3147 2851 3339 2913 αύτούς
3402 2849 3636 2925 ἀναφορᾷ
3698 2861 3801 2905 τῶν

2196 2941 2364 2995 καλῶν
2404 2949 2496 2994 τοῦ
2527 2938 2717 3001 παιδος
2749 2962 2762 2975 ·
2809 2937 3017 2998 σπουδὴ
3062 2937 3122 2992 δε
3159 2943 3246 2991 καὶ
3274 2937 3643 3014 παιδοτρίϐαις
3664 2940 3805 2994 eam.

2199 3034 2472 3106 μωτάτους
2539 3049 2593 3083 τε
2657 3036 2747 3083 καὶ
2812 3031 3230 3102 τεχνικωτάτους
3307 3033 3430 3090 τοὺς
3489 3031 3579 3082 ὑπ’
3637 3031 3802 3082 αὐτῶν

429 3126 616 3184 simos
645 3125 879 3182 efﬁcere
934 3124 1196 3193 student,
1230 3129 1288 3181 ut
1317 3139 1455 3180 cum
1494 3123 1722 3180 fortiter
1777 3139 1850 3180 ac
1901 3123 2089 3196 perite

2201 3122 2550 3195 ἀσκουμένους
2591 3121 2852 3193 γενέσθαι,
2889 3121 2991 3189 ἵνα,
3030 3120 3178 3194 ῥώμη
3231 3123 3321 3170 καὶ
3378 3117 3620 3194 ἐμπειρίᾳ
3660 3136 3805 3194 περιο

427 3231 789 3290 prosperum
837 3218 1143 3270 certamen
1194 3213 1554 3286 peregerint,
1605 3211 2090 3270 adversariorum

428 3306 581 3363 ﬁant
607 3303 908 3377 splendidi
937 3303 1212 3372 victores,
1234 3318 1565 3377 eorumque
1586 3303 1855 3374 legitima
1885 3316 2094 3376 pugna

434 3395 760 3454 manifesta
797 3393 933 3450 laus
987 3392 1061 3448 sit
1102 3392 1557 3463 magistrorum.
1590 3393 1852 3467 Quisque
1891 3396 2095 3449 autem

434 3484 710 3542 animum
734 3482 814 3538 ad
843 3481 1189 3538 docendum
1215 3482 1468 3550 induxit,
1501 3483 1854 3541 naturaliter
1867 3481 1994 3539 vult
2010 3481 2098 3537 di-

433 3572 700 3645 scipulos
728 3587 871 3627 suos
913 3571 993 3627 ad
1036 3571 1533 3644 perfectissimam
1589 3573 2098 3630 documentorum

433 3678 686 3720 suorum
715 3661 1125 3730 cognitionem
1155 3661 1483 3733 pervenire.
1515 3665 1662 3720 Cum
1682 3663 1861 3733 igitur
1879 3663 1962 3719 ita
1984 3661 2104 3718 sint

437 3755 658 3810 natura
685 3750 883 3808 affecti
911 3755 1133 3824 patres,
1151 3752 1464 3823 quomodo
1489 3767 1612 3808 non
1642 3752 1863 3825 optarit
1886 3749 2103 3808 sancti-

438 3843 576 3900 tatis
609 3843 838 3910 doctor,
869 3847 932 3898 ut
959 3858 1103 3898 suus
1134 3841 1469 3915 discipulus
1498 3843 1786 3900 reddatur
1810 3845 2100 3916 optimus,

440 3950 512 3992 ac
555 3933 849 4006 spirituali
888 3933 1183 4006 sapientia
1210 3933 1696 4006 sapientissimus
1717 3937 1745 3992 ?
1768 3935 2104 4007 praesertim

442 4041 582 4082 cum
637 4024 808 4088 sciat,
857 4039 939 4087 se,
991 4023 1040 4078 si
1102 4040 1247 4080 suus
1289 4023 1623 4097 discipulus
1661 4024 1795 4080 talis
1825 4026 2102 4095 evaserit,

442 4119 573 4171 tum
606 4113 770 4185 apud
790 4112 1070 4168 homines
1093 4111 1356 4169 futurum
1375 4114 1696 4180 celebrem,
1723 4118 1850 4171 tum
1877 4131 1914 4171 a
1947 4115 2106 4170 Chri-

444 4208 536 4261 sto
555 4203 802 4260 eximias
825 4219 1081 4259 coronas
1107 4207 1590 4268 consecuturum,
1605 4205 2105 4278 quandoquidem

447 4291 710 4349 famulos
767 4291 948 4361 illius,
1003 4290 1114 4358 vel,
1167 4295 1234 4348 ut
1278 4292 1494 4347 rectius
1533 4293 1737 4349 dicam
1758 4295 1826 4366 ⁵⁵,
1868 4295 2103 4364 fratres,

447 4381 697 4455 quando
740 4386 798 4438 et
842 4381 956 4438 hac
998 4397 1146 4438 voce
1172 4381 1258 4438 uti
1278 4381 1542 4438 Christus
1563 4383 1766 4453 voluit,
1799 4384 2109 4456 diligentia

448 4487 522 4530 ac
551 4487 696 4530 cura
725 4488 839 4530 sua
858 4471 1053 4529 eﬂ‘ecit
1074 4471 1265 4545 ipsius
1293 4473 1596 4530 consortio
1617 4473 1854 4544 dignos.

610 4739 724 4797 Sed
765 4744 822 4797 et
845 4740 997 4797 alius
1027 4744 1277 4814 praetera
1331 4741 1805 4811 consideremus,
1845 4743 2014 4816 quod
2061 4743 2112 4800 si

455 4831 654 4889 malus
678 4830 936 4888 evaserit
961 4829 1295 4903 discipulus
1325 4830 1404 4888 ob
1424 4831 1616 4904 ipsius
1651 4832 2108 4907 institutionem,

455 4919 753 4977 inurenda
781 4919 856 4977 sit
903 4919 1189 4990 magistro
1232 4919 1443 4991 judicii
1477 4924 1747 4994 tempore
1774 4921 2113 4980 indelebilis

528 5077 577 5113 ⁸⁵
606 5075 922 5147 Matth.xu,
953 5077 1042 5131 49.

527 5230 642 5301 (88)
667 5226 914 5301 Veteres
943 5225 1244 5301 duo_libri_
1278 5229 1336 5282 et
1364 5224 1512 5301 editi
1534 5225 1594 5284 ἢν
1622 5225 1806 5301 ἐαυτῷ,
1837 5227 1947 5301 Alii
1981 5228 2120 5301 duo

460 5297 714 5358 [1155,9110
746 5300 919 5352 αὐτὸν.
972 5297 1170 5354 Codex
1202 5299 1372 5354 Voss.
1409 5297 1468 5356 ἢν
1492 5299 1688 5353 ἑαυτὸν.
1723 5297 1950 5356 Ibidem
1980 5299 2122 5356 Vos-

461 5374 536 5429 sii
563 5377 732 5446 vetus
752 5371 905 5446 liber
924 5374 980 5426 et
1007 5370 1106 5425 alii
1135 5369 1258 5446 duo
1282 5372 1426 5446 παρά
1450 5373 1536 5430 τάς
1571 5393 1582 5403 -
1604 5387 1790 5446 quem
1814 5371 2013 5428 locum
2040 5373 2124 5430 ita

463 5447 542 5505 ad
563 5444 816 5500 verbum
845 5442 1526 5514 interpretaberexluam
1559 5443 1668 5498 sibi
1695 5445 1986 5511 inprimis
2018 5460 2125 5501 ca-

468 5519 627 5577 lestis
650 5522 870 5584 partus
889 5516 1098 5584 fasciis
1119 5517 1502 5583 aptavitﬂoc
1525 5519 1819 5585 est,quam
1841 5518 1967 5585 ipse
1982 5533 2124 5586 pro—

467 5601 660 5650 cessus
676 5588 851 5643 estin
879 5587 1091 5656 primis
1111 5587 1358 5642 caelestis
1382 5588 2128 5656 partusincunabulis,seu

467 5658 675 5723 initiis.
707 5656 934 5716 Vocula
957 5677 1009 5711 τι
1038 5656 1246 5717 addita
1269 5661 1360 5715 cst
1380 5672 1507 5716 non
1530 5657 1712 5732 longe
1734 5674 1807 5717 ex
1837 5660 2130 5718 Combeﬁ-

2202 3209 2372 3275 δεξιον
2436 3214 2496 3263 τὸ
2555 3208 2789 3282 ἀγώνισα
2851 3211 3219 3282 ποιησάμενοι,
3291 3206 3521 3282 λαμπροὶ
3593 3211 3806 3264 νικηταὶ

2201 3311 2302 3355 τῶν
2344 3301 2631 3354 ἀντιπάλων
2687 3295 3081 3371 ἀποδειχθῶσι,
3139 3302 3229 3350 καὶ
3286 3299 3316 3356 ἠ
3357 3300 3550 3350 τούτων
3600 3299 3808 3370 ἔννομος

2205 3391 2430 3453 ἄθλησις
2487 3391 2601 3462 (89)
2659 3397 2760 3442 τῶν
2798 3391 3201 3461 καθηγουμίνων
3252 3391 3419 3459 σαφὴς
3463 3388 3669 3448 ἔπαινος
3720 3389 3812 3457 γί-

2205 3501 2374 3541 νηται.
2435 3483 2594 3541 Φύσις
2651 3476 2712 3556 δὲ
2787 3483 2944 3532 παντὶ
2999 3486 3072 3551 τῷ
3127 3473 3407 3531 διδάσκειν
3464 3478 3811 3552 προῃρημένῳ

2207 3575 2265 3624 τὸ
2335 3570 2490 3624 Θίλειν
2563 3570 2635 3632 εἰς
2693 3567 3075 3643 ἀκριϐεστάτην
3149 3565 3446 3637 κατάληψιν
3529 3563 3813 3638 ἀφικέσθαι

2207 3670 2308 3714 τῶν
2367 3658 2404 3714 δ
2409 3657 2712 3733 ιδαγμάτων
2763 3661 2880 3719 τοὺς
2925 3658 3181 3731 μαθητάς.
3221 3663 3323 3717 Τῆς
3375 3660 3546 3708 τοίνυν
3576 3663 3678 3707 τῶν
3706 3673 3814 3708 πα-

2210 3755 2366 3827 τέρων
2399 3751 2513 3821 (90)
2554 3753 2754 3816 φύσεως
2792 3755 2974 3801 τοῦτον
3014 3746 3314 3818 ἐπεχούσης
3360 3749 3449 3797 τὸν
3483 3744 3656 3817 λόγον,
3710 3752 3816 3805 πῶς

2210 3843 2306 3894 ούκ
2347 3840 2407 3894 ἂν
2432 3846 2522 3893 καὶ
2560 3842 2587 3892 ὁ
2617 3849 2715 3901 τῆς
2738 3841 3016 3899 ὁσιότητος
3038 3833 3326 3896 παιδευτὴς
3355 3839 3444 3888 τὸν
3472 3835 3598 3908 παρ’
3655 3833 3815 3886 αὐτοῦ

2210 3928 2586 4004 παιδευόμενον
2637 3929 2838 3993 εὔξαιτο
2904 3928 3240 3980 ἀκακὼτατόν
3301 3945 3355 3979 τε
3401 3930 3491 3978 καὶ
3559 3928 3816 3999 σωφρονέο

2214 4040 2402 4074 στατον
2430 4025 2526 4078 τὴν
2582 4024 2938 4092 πνευματικὴν
2997 4022 3180 4090 σοφίαν
3233 4012 3664 4088 ἀποδειχθῆναι;
3705 4017 3820 4066 καίο

2211 4131 2304 4186 περ
2356 4120 2535 4182 σαφῶς
2574 4108 2935 4182 ἐπιστάμενος,
2979 4110 3080 4177 ὅτι,
3123 4109 3361 4160 τοιούτου
3407 4108 3679 4178 γενομένου
3727 4110 3819 4156 τοῦ

2213 4205 2472 4276 μαθητοῦ,
2538 4204 2627 4252 καὶ
2692 4201 2836 4274 παρὰ
2901 4196 3192 4271 ἀνθρώποις
3234 4195 3444 4256 εὐκλεὴς
3504 4197 3674 4256 ἔσται,
3729 4197 3820 4245 καὶ

2212 4294 2358 4368 παρὰ
2421 4297 2513 4344 τοῦ
2581 4296 2816 4364 Χριστοῦ
2854 4287 3126 4363 λαμπρούς
3177 4282 3488 4347 ὑποδέξεται
3539 4285 3648 4354 (91)
3698 4285 3821 4343 τοὺς

2219 4385 2518 4455 στεφάνους,
2567 4383 2632 4440 ὡς
2676 4382 2794 4439 τοὺς
2823 4379 3028 4437 οἰκέτας
3079 4376 3261 4442 αὑτοῦ,
3293 4373 3486 4447 μᾶλλον
3526 4369 3586 4426 δὲ
3644 4372 3820 4437 εἰπεῖν,

2217 4469 2493 4545 ἀδελφοὺς,
2545 4466 2726 4528 ἐπειδὴ
2786 4473 2874 4520 καὶ
2910 4475 3064 4520 τοῦτο
3122 4469 3350 4539 Χριστὸς
3408 4464 3589 4530 είλετο,
3641 4460 3821 4525 ἀξίους

2217 4571 2313 4625 τῆς
2351 4566 2482 4637 πρὸς
2535 4560 2688 4613 αὐτὸν
2719 4559 3022 4620 οἰκειώσεως
3055 4553 3149 4610 διὰ
3193 4564 3291 4618 τῆς
3329 4554 3489 4607 αὐτοῦ
3539 4552 3829 4627 ἐπιμελείας

2220 4652 2667 4728 ἀπεργασάμενος.

2293 4748 2345 4798 5.
2383 4747 2484 4795 Καὶ
2531 4743 2695 4815 ἕτερον
2728 4735 2787 4792 δε
2829 4746 3121 4810 σκοπῶμεν,
3163 4737 3249 4801 ὡς,
3296 4734 3340 4787 εἰ
3378 4732 3568 4807 φαῦλος
3597 4734 3624 4784 ὁ
3663 4734 3834 4806 μαθη-

2222 4837 2315 4892 τὴν
2341 4836 2538 4905 γένοιτο
2582 4833 2728 4904 παρά
2765 4833 2859 4887 τὴν
2891 4827 3053 4880 αὐτοῦ
3081 4825 3318 4898 ἀγωγὴν,
3348 4823 3614 4896 αἰσχύνην
3656 4821 3832 4886 ἀπαρ-

2223 4926 2480 4998 ηγόρητον
2546 4920 2648 4983 ἕξει
2701 4917 2785 4972 ἐπὶ
2832 4927 2929 4980 τῆς
2988 4917 3348 4988 οἰκουμενικὴς
3393 4914 3530 4966 κατά
3590 4915 3677 4964 τὸν
3743 4917 3834 4970 τῆς

2231 5228 2305 5285 sii
2326 5226 2507 5284 veteri
2534 5225 2708 5282 libro.
2734 5221 3001 5279 Subinde
3033 5219 3225 5276 codex
3256 5216 3424 5276 Colb.
3450 5215 3772 5290 φιλονεικείη.

2303 5303 2418 5372 (89)
2452 5299 2656 5372 Qodeit
2685 5295 3089 5372 Colb._i~gvopo;
3117 5293 3372 5372 ﬁgitfigit.
3399 5368 3472 5372 __
3606 5361 3614 5370 l
3779 5362 3797 5370 _

2305 5363 2416 5439 (90')
2451 5370 2645 5426 Vossii
2669 5372 2837 5423 vetus
2863 5363 3014 5423 liber
3041 5369 3098 5420 et
3127 5363 3225 5439 alii
3253 5363 3375 5439 duo
3398 5368 3507 5439 Τῆς
3536 5363 3704 5439 τοίνυν
3735 5363 3834 5439 τῷν

2233 5433 2576 5518 πραγμάτων,
2610 5457 2742 5498 cum
2776 5441 2966 5509 igitur
2990 5453 3082 5493 res
3121 5438 3210 5492 ita
3238 5451 3300 5490 se
3325 5433 3586 5490 habeant
3628 5433 3842 5498 suapte

2235 5524 2482 5572 natura.

2307 5591 2420 5656 (91)
2448 5586 2542 5641 Sic
2563 5589 2790 5656 veteres
2823 5582 3055 5656 aliquot
3071 5578 3228 5637 libri.
3257 5575 3409 5636 Editi
3435 5577 3580 5651 παρά
3605 5577 3843 5647 Χριστοῦ

2237 5654 2501 5736 λαμπροὺς
2533 5654 2875 5722 ἀποδέξηται.
