4120 6376
304 360 434 415 1401

1439 335 2028 403 CONSTITUTIONES
2078 337 2514 396 IONASTICE.

3527 340 3672 396 1402

299 486 522 557 κρίσεως
584 495 764 552 καιρόν
826 477 1167 549 πανηγύρεως
1246 473 1272 525 δ
1348 472 1748 546 ὑφηγούμενος»

2025 459 2358 530 ignominia
2377 479 2582 520 coram
2603 463 2766 520 orbis
2787 466 3078 520 terrarum
3099 463 3344 536 publico
3364 465 3672 520 conventu

299 550 384 629 ἐπὶ
430 577 522 622 τοῦ
568 550 851 638 πανδήμου
907 573 1007 618 τῶν
1066 563 1317 636 οὐρανίων
1379 559 1733 635 ἀθροίσματος
1796 550 1913 619 (92)

300 661 394 713 οὑκ
425 661 765 730 αἰσχυνεῖται
794 658 968 728 μόνον,
1003 652 1131 705 ἀλλά
1167 656 1258 705 καὶ
1297 651 1708 708 κολασθήσεται.
1747 644 1906 696 Πόθεν

300 748 389 801 οὖν
433 747 773 819 ἐγγενήσεται
820 747 878 796 τό
922 747 992 816 μὴ
1044 742 1173 814 οὑχὶ
1231 741 1448 800 θελῆσαι
1499 742 1583 791 τὸν
1636 735 1906 804 καθηγού-

299 856 448 910 μενον
513 839 734 907 κόσμιόν
791 852 844 886 τε
903 837 993 884 καὶ
1046 831 1242 890 ἐπιεικῆ
1293 831 1528 902 γενέσθαι
1575 829 1662 878 τόν
1720 823 1906 876 οἰκεῖον

299 925 593 1000 ὁμιλητὴν;
629 928 730 977 Καὶ
777 921 941 983 ἄλλως
999 917 1058 974 δὲ
1108 919 1410 979 ἀλυσιτελὴς
1470 926 1543 988 τῷ
1594 911 1926 984 διδασκάλῳ“

300 1017 331 1073 ἡ
363 1022 455 1067 τοὺ
503 1015 738 1086 μαθητοῦ
785 1015 1030 1086 πονηρία.
1073 1006 1284 1068 Ἐπειδή
1335 1011 1436 1082 γὰρ
1479 1011 1572 1065 τὴν
1627 1008 1755 1079 πρὸς
1810 1001 1904 1054 ἀλ-

300 1102 488 1163 λήλους
527 1102 759 1176 ἑκάτερος
787 1101 898 1169 (93)
948 1098 1244 1170 συμϐίωσιν
1289 1097 1499 1166 εἰλοντο,
1532 1096 1561 1153 ἦ
1576 1116 1595 1157 ς
1641 1093 1702 1145 ἆν
1745 1093 1903 1166 μετά-

305 1211 416 1264 σχῃ
447 1195 704 1263 πονηρίας
760 1191 786 1241 ό
834 1190 1044 1261 μαθητὴ
1059 1209 1098 1257 ς,
1136 1196 1235 1239 τῶν
1273 1189 1469 1247 ταύτης
1521 1191 1729 1257 καρπῶν
1758 1189 1905 1255 πρῶ-

299 1300 386 1333 τον
440 1276 778 1353 μεταδίδωσι
842 1287 915 1348 τῷ
979 1274 1310 1348 διδασκάλῳ·
1380 1277 1552 1350 ὥσπερ
1609 1277 1675 1327 τὰ
1732 1271 1908 1324 ἰοϐόλα

298 1377 398 1422 τῶν
449 1369 670 1444 ἑρπετῶν
716 1375 826 1430 τοῖς
878 1367 1134 1420 θάλπουσι
1190 1375 1393 1441 πρῶτον
1451 1364 1620 1422 ἐνίησί
1670 1366 1757 1416 τόν
1809 1362 1900 1414 ἰόν·

297 1460 365 1521 ὡς
423 1455 553 1510 εἶναι
618 1459 868 1510 πάντοθεν
927 1453 1106 1522 δῆλον,
1171 1457 1226 1508 ἔκ
1277 1474 1332 1507 τε
1395 1463 1487 1514 τῆς
1549 1456 1748 1525 φύσεως
1805 1459 1904 1503 τῶν

300 1547 645 1619 πραγμάτων,
697 1549 752 1598 ἔκ
798 1565 854 1598 τε
895 1553 986 1598 τοῦ
1042 1543 1423 1604 λυσιτελοῦντος
1461 1550 1533 1613 τῷ
1581 1544 1784 1614 οῖγοντι,
1823 1543 1905 1593 ὃτι

300 1635 519 1702 εὔξεται,
587 1639 678 1687 καὶ
739 1638 910 1688 πάντα
964 1639 1154 1709 τρόπον
1204 1629 1522 1700 σπουδάσει,
1589 1631 1788 1690 ἐπιεικῆ
1851 1649 1904 1684 τε

298 1729 389 1776 καὶ
425 1729 646 1797 κόσμιον
688 1727 776 1775 τόν
825 1724 911 1776 ὑπ’
944 1723 1084 1794 αύτῷ
1132 1719 1504 1796 παιδευόμενον
1556 1728 1900 1778 καταστῆναι.

2022 567 2133 607 nec
2165 553 2238 608 sit
2265 553 2451 610 modo
2493 553 2724 626 pudore
2754 552 3110 610 aﬁiciendus
3148 570 3353 610 coram
3391 554 3669 610 universo

2019 642 2286 699 coalitum
2316 643 2581 714 agmine,
2601 660 2807 700 verum
2829 645 3008 698 etiam
3032 644 3373 716 puniendus
3392 644 3486 700 sit.
3503 642 3672 700 Unde

2015 731 2194 801 igitur
2219 734 2338 797 fiet,
2387 739 2453 790 ut
2499 739 2832 806 praeceptor
2878 733 3242 806 discipulum
3294 750 3470 790 suum
3515 733 3674 790 bene

2015 828 2318 879 moratum
2345 840 2416 880 ac
2445 824 2789 880 modestum
2821 839 2951 878 esse
2981 823 3172 880 nolit?
3204 827 3270 879 Et
3297 823 3520 896 alioqui
3548 839 3674 880 ma-

2015 913 2200 982 gistro
2225 929 2349 968 non
2381 913 2696 986 profutura
2740 917 2829 969 est
2867 912 3147 985 discipuli
3175 913 3482 985 pravitas:
3531 928 3674 970 cum

2015 1000 2177 1058 enim
2206 1002 2391 1058 ambo
2419 1002 2566 1059 alter
2586 1019 2726 1058 cum
2744 1001 2932 1058 altero
2956 1006 3198 1058 aetatem
3218 1001 3437 1071 degere
3455 1005 3672 1058 statue-

2015 1090 2109 1156 rit,
2137 1091 2199 1146 in
2229 1092 2398 1164 quod
2423 1093 2633 1148 vitium
2677 1091 3012 1164 discipulus
3041 1091 3342 1160 inciderit,
3393 1091 3524 1162 ejus
3552 1091 3675 1146 fru-

2014 1185 2144 1236 ctus
2167 1181 2430 1253 primum
2453 1198 2589 1238 cum
2613 1182 2902 1251 magistro
2933 1180 3370 1248 communicat;
3389 1196 3558 1237 more
3579 1196 3675 1237 ve-

2013 1274 2373 1326 nenatorum
2404 1276 2774 1344 serpentum,
2805 1270 2912 1344 qui
2943 1286 2980 1326 a
3015 1269 3238 1343 quibus
3267 1269 3569 1338 foventur,
3611 1268 3674 1326 in

2015 1375 2117 1416 eos
2143 1359 2407 1433 primum
2433 1361 2598 1417 virus
2646 1361 2994 1418 immittunt.
3039 1362 3236 1426 Quare
3281 1359 3675 1432 perspicuum

2015 1455 2104 1506 est
2124 1449 2416 1523 undique,
2449 1467 2588 1507 cum
2621 1467 2694 1507 ex
2740 1467 2943 1507 rerum
2993 1455 3232 1518 natura,
3263 1455 3386 1505 tum
3421 1467 3495 1505 ex
3524 1449 3676 1506 utili-

2013 1543 2132 1595 tate
2159 1539 2544 1610 instituentis,
2581 1546 2933 1614 optaturum
2968 1540 3192 1613 ipsum,
3221 1555 3291 1596 ac
3324 1545 3674 1598 curaturum

2012 1628 2179 1686 omni
2206 1629 2413 1698 modo,
2451 1634 2514 1686 ut
2542 1646 2690 1686 suus
2721 1629 3054 1704 discipulus
3085 1629 3192 1685 ﬁat
3211 1628 3440 1702 probus
3461 1645 3532 1685 ac
3550 1645 3675 1686 mo-

2013 1717 2240 1774 destus.
2281 1719 2512 1775 Etenim
2543 1719 2592 1776 si
2620 1719 2865 1776 malitia
2891 1735 2964 1774 ac
2989 1719 3272 1792 nequitiae
3302 1718 3455 1774 foret
3483 1719 3674 1790 magi-

297 1812 360 1866 Εί
391 1815 481 1884 μὲν
527 1816 630 1886 γὰρ
683 1810 743 1871 ἧν
785 1817 972 1874 κακίας
1021 1817 1111 1865 καὶ
1168 1817 1416 1886 πονηρίας
1470 1810 1735 1877 ἀλείπτης,
1778 1813 1903 1883 πρός

2017 1809 2156 1870 ster,
2186 1807 2264 1863 ad
2289 1807 2451 1863 hunc
2481 1808 2732 1864 omnino
2757 1807 2943 1864 tinem
2974 1823 3077 1863 eos
3103 1807 3208 1880 qui
3237 1805 3316 1862 ab
3341 1805 3474 1878 ipso
3502 1819 3675 1860 exer-

297 1909 450 1956 τοὺτο
495 1903 704 1963 πάντως
759 1904 904 1973 ἄγειν
958 1900 1018 1953 ἃν
1075 1906 1133 1954 τό
1181 1907 1341 1977 πέρας
1399 1906 1519 1963 τοὺς
1565 1900 1688 1974 παρ’
1744 1899 1903 1952 αὑτοῦ

298 1989 653 2064 ἀσκουμένους
683 1987 1027 2044 ἐσπούδακεν
1064 1991 1108 2046 εἰ
1153 1987 1211 2044 δε
1261 1990 1448 2064 ἀρετῆς
1488 1995 1580 2042 καὶ
1619 1986 1904 2042 δικαιοσύ-

295 2099 389 2141 νης
414 2079 527 2133 ἇστὶ
559 2077 864 2152 παιδευτὴς,
899 2080 991 2133 οὐκ
1022 2080 1082 2132 ἂν
1113 2079 1337 2134 ἐναντίον
1381 2079 1528 2154 οἶμαι
1557 2086 1666 2140 τοῖς
1696 2079 1906 2140 οἰκείοις

299 2166 686 2242 σπουδάσμασι
743 2173 800 2223 τὸ
857 2174 1016 2243 πίρας
1071 2169 1154 2222 ἐπὶ
1209 2176 1291 2222 τὶν
1343 2172 1757 2242 μαθητευόμενον
1789 2169 1904 2240 (94)

297 2259 511 2320 ὶκϐῆναι
549 2260 734 2316 ἕλοιτο.
783 2259 1001 2313 Ἀπασα
1046 2265 1217 2312 τοίνυν
1271 2264 1534 2332 πρόφασις
1585 2258 1785 2329 εὔλογος
1831 2265 1902 2328 τῷ

297 2348 598 2422 βουλομένῳ
707 2349 1036 2424 χωρίζεσθαι
1129 2356 1481 2421 πνευματικοῦ
1571 2353 1904 2420 συστήματος

299 2444 638 2513 περιῄρηται.
672 2438 828 2492 Αἰτία
875 2435 934 2490 δε
981 2439 1121 2509 αύτῷ
1171 2435 1466 2510 ἀπεδείχθη
1517 2447 1605 2500 τῆς
1658 2441 1904 2500 τοιαύτης

296 2533 508 2600 γνώμης
559 2529 590 2586 ὴ
645 2536 746 2579 τῶν
803 2529 982 2580 παθῶν
1043 2526 1293 2602 ἀκρασία,
1363 2531 1454 2580 καὶ
1519 2529 1549 2586 ἡ
1607 2532 1727 2602 περὶ
1783 2531 1904 2589 τοὺς

297 2620 485 2678 πόνους
533 2615 804 2691 ὀλιγωρία,
863 2621 954 2669 καὶ
1017 2620 1075 2669 τό
1132 2625 1223 2677 τῆς
1271 2622 1492 2690 κρίσεως
1552 2618 1745 2690 σαθρὸν
1783 2617 1902 2686 (95)

294 2709 384 2757 καὶ
415 2703 674 2761 ἀϐέϐαιον.
719 2705 794 2758 Ou’
833 2708 936 2778 γὰρ
977 2709 1197 2763 ἣκουσιν
1250 2706 1400 2768 οὗτος
1449 2708 1592 2780 παρά
1635 2714 1726 2758 τοῦ
1775 2725 1902 2778 προσ

295 2799 459 2866 φήτου
512 2789 701 2864 Δαϐἰδ,
743 2795 823 2847 ὅτι
877 2797 1143 2869 Μακάριοι
1194 2797 1244 2847 οἰ
1297 2794 1648 2867 φυλάσσοντες
1704 2815 1899 2868 κρισινο

295 2885 344 2936 οἰ
383 2882 759 2954 φυλάσσοντες,
783 2883 910 2955 ούχὶ
963 2886 1012 2935 οἰ
1053 2883 1410 2945 καταλύοντες.
1464 2885 1624 2937 Οὗτοί
1672 2885 1802 2938 εἰσιν
1855 2887 1904 2938 οἰ

295 2977 402 3032 τοῖς
450 2978 641 3044 μωροῖς
697 2973 1050 3044 ὁμοιωθέντες,
1120 2975 1168 3025 οἱ
1235 2971 1318 3025 ἐπὶ
1373 2983 1465 3034 τῆς
1515 2973 1757 3046 ψάμμου,
1812 2983 1904 3036 τῆς

294 3062 430 3112 κατά
485 3063 579 3118 τὴν
631 3066 842 3135 γνώμην
909 3060 1300 3130 ἀϐεϐαιότητος,
1363 3067 1448 3116 τόν
1518 3063 1747 3135 θεμέλιον
1811 3072 1904 3126 τῆς

2011 1900 2242 1965 centur,
2271 1896 2536 1952 studeret
2561 1895 2888 1970 perducere
2915 1913 2926 1952 :
2962 1896 3010 1951 si
3041 1911 3183 1951 vero
3203 1896 3414 1952 doctor
3443 1897 3533 1950 est
3553 1893 3672 1948 vir-

2013 1985 2153 2042 tutis
2185 2002 2256 2043 ac
2278 1986 2550 2057 justitizn,
2587 1986 3072 2060 haudquaquam
3103 1985 3284 2054 volet,
3315 1984 3552 2058 opinor,
3583 1983 3673 2038 di—

2013 2075 2313 2147 scipulum
2345 2093 2524 2132 suum
2555 2076 2633 2132 ad
2662 2077 3034 2132 contrarium
3067 2075 3190 2132 suis
3228 2075 3418 2149 ipsius
3467 2072 3674 2130 studiis

2019 2166 2194 2238 570
2226 2167 2410 2222 ﬁnem
2438 2167 2767 2239 pervenire.
2798 2170 2922 2241 ltaq
2937 2183 3005 2222 ue
3049 2184 3261 2240 aequus
3291 2164 3490 2222 omnis
3523 2179 3672 2236 pras-

2013 2259 2208 2311 textus
2238 2255 2514 2312 sublatus
2535 2260 2622 2312 est
2643 2256 2714 2323 ei,
2741 2256 2847 2328 qui
2868 2260 2996 2312 vult
3017 2273 3052 2313 a
3073 2256 3369 2330 spirituali
3390 2257 3673 2312 societate

2013 2345 2303 2418 separari.
2336 2345 2536 2402 P0sita
2566 2350 2655 2402 est
2697 2352 2900 2403 autem
2948 2347 3064 2420 ipsi
3107 2347 3188 2402 ob
3230 2346 3439 2402 oculos
3482 2361 3668 2402 causa

2011 2435 2192 2506 hujus
2227 2436 2484 2505 consilii,
2515 2437 2982 2509 intemperantia
3009 2438 3356 2502 aifectuum,
3388 2437 3673 2493 laborum

2012 2523 2396 2596 negligentia,
2424 2527 2768 2599 corruptela
2797 2543 2868 2583 ac
2898 2527 3258 2584 instabilitas
3281 2527 3515 2599 judicii.
3543 2530 3674 2582 Non

2012 2613 2174 2669 enim
2201 2614 2431 2670 audivit
2458 2615 2509 2670 is
2539 2631 2573 2672 a
2596 2616 2894 2689 propheta
2916 2617 3318 2682 David,Beali
3345 2633 3448 2690 qui
3475 2623 3673 2674 custo-

2012 2703 2188 2759 diunt
2217 2704 2522 2773 judicium
2547 2707 2634 2773 5‘t;
2675 2705 2779 2779 qui
2819 2706 3184 2776 custodiunt,
3214 2721 3339 2762 non
3377 2706 3483 2780 qui
3513 2723 3676 2764 ever-

2013 2796 2164 2849 tunt.
2201 2793 2264 2849 Hi
2297 2798 2439 2850 sunt
2475 2795 2579 2867 qui
2619 2795 2798 2852 fatuis
2850 2795 3304 2852 assimilantur:
3359 2796 3465 2869 qui
3493 2812 3676 2870 super

2013 2897 2264 2938 arenam
2309 2884 2733 2940 inconstantiae
2774 2885 3011 2953 mentis,
3066 2885 3306 2942 aediﬁcii
3349 2885 3675 2959 spiritualis

2011 2976 2347 3043 posuerunt
2396 2971 2884 3040 fundamentum,
2932 2973 3100 3046 quod
3145 2990 3356 3046 paucae
3407 2974 3676 3031 tentatio-

2014 3075 2164 3116 num
2194 3064 2398 3130 guttae,
2422 3065 2480 3116 et
2523 3061 2802 3118 modicus
2847 3068 3080 3119 torrens
3115 3063 3193 3119 ab
3236 3063 3394 3120 illius
3424 3062 3676 3134 maligni

292 3153 652 3223 πνευματικῆς
703 3153 922 3213 τιθέντες
984 3149 1293 3226 οἰκοδομῆς,
1351 3152 1404 3206 ὃν
1461 3153 1635 3225 ὀλίγαι
1679 3151 1903 3225 ψεκάδες

2017 3149 2339 3206 assultibus
2373 3150 2686 3223 excitatus,
2727 3151 3036 3210 subtracto
3066 3152 3254 3210 fulcro
3295 3152 3570 3210 dissolvit
3600 3168 3673 3211 ac

293 3248 618 3314 πειρασμῶν,
648 3245 739 3292 καὶ
784 3241 997 3314 βραχὺς
1047 3241 1333 3317 χείμαρρος
1379 3250 1476 3295 τῶν
1535 3250 1626 3296 τοὺ
1673 3251 1902 3318 πονηροῦ

294 3325 492 3399 ἐφόδων
517 3329 650 3398 (96),
712 3329 1005 3400 ὑφελκύσας
1051 3335 1143 3390 τὴν
1200 3331 1524 3407 ὑποϐάθραν,
1585 3329 1793 3387 διελυσί
1847 3353 1903 3388 τε

297 3419 387 3472 καὶ
417 3411 810 3488 διεσκόρπισεν.

818 3529 1213 3581 ΚΕΦΑΛΑῙΟΝ
1255 3527 1369 3583 ΚΗ.

705 3638 832 3708 Περὶ
863 3635 1096 3696 ὑπακοῆς
1122 3634 1220 3694 πλη
1226 3640 1486 3711 ρέστερον.

369 3762 417 3814 ί.
467 3764 640 3820 Ὅπως
705 3762 796 3832 μὲν
853 3755 942 3812 οὖν
1007 3767 1266 3834 προσήκει
1315 3766 1399 3814 τὸν
1457 3763 1598 3827 ἅπαξ
1653 3763 1901 3818 ἑνωθέντα

293 3855 627 3920 πνευματικῷ
683 3853 990 3922 συστήματι
1041 3849 1312 3923 φυλάττειν
1364 3857 1458 3911 τὴν
1507 3853 1686 3906 ἕνωσιν
1740 3849 1898 3907 ἀδιά-

293 3935 466 4004 λυτον,
495 3935 632 3990 κατά
661 3941 718 3992 τό
749 3937 857 3991 ἐνὸν
903 3940 1218 4012 ὑπεθέμεθα.
1267 3947 1374 3994 Νῦν
1425 3937 1475 3994 δ’
1519 3942 1585 3994 αὖ
1629 3941 1782 3994 πάλιν
1812 3946 1899 3995 τόν

294 4031 412 4100 περὶ
459 4023 556 4088 τῆς
609 4028 844 4091 ὑπακοῆς
893 4027 1043 4100 λόγον
1100 4033 1465 4104 γυμνάσωμεν·
1511 4036 1602 4083 καὶ
1653 4036 1899 4108 πρότερον

293 4119 383 4190 μὲν
412 4113 506 4169 διὰ
536 4116 784 4192 βραχίων
817 4117 1126 4184 ἐπελθόντες,
1174 4129 1262 4173 νῦν
1307 4118 1366 4175 δε
1414 4121 1710 4197 τελεώτερον
1754 4122 1899 4176 ἑκτι-

296 4207 515 4279 θέμενοι·
585 4211 676 4257 καὶ
733 4203 1002 4280 δείξωμεν,
1064 4211 1262 4268 ὁπόσην
1316 4212 1341 4262 ό
1403 4210 1624 4287 ἀκριϐὴς
1692 4210 1905 4266 ἀπαιτεῖ

292 4293 444 4366 λόγος
472 4296 616 4367 παρὰ
663 4303 761 4347 τῶν
819 4293 1062 4352 ἀσκητῶν
1109 4305 1181 4364 τῷ
1234 4305 1668 4375 προεστῶτιοτὴν
1725 4301 1900 4354 εύπεί-

296 4384 458 4440 θειαν.
491 4383 577 4447 Ἐξ
625 4383 791 4444 αὐτῆς
831 4385 931 4457 γὰρ
981 4391 1078 4446 τῆς
1123 4384 1278 4456 ἀγίας
1329 4392 1532 4459 Γραφῆς
1579 4391 1901 4463 πειράσομαι

293 4473 491 4533 ταύτης
519 4475 577 4522 τό
616 4476 799 4544 μέτρον
852 4468 1206 4545 διασαφῆσαι.
1264 4474 1467 4536 Παῦλος
1516 4477 1540 4528 ό
1590 4474 1896 4543 ἀπόστολος,

292 4559 565 4632 Ῥωμαίοις
605 4560 934 4630 ἐπιστέλλων,
987 4565 1318 4638 προστάσσει
1347 4566 1466 4635 (97)
1511 4566 1705 4626 πάσαις
1761 4565 1899 4629 ἐξου-

2013 3238 2255 3310 disjicit.

2628 3527 2855 3583 CAPUT
2897 3529 3055 3585 XXII.

2452 3636 2541 3692 De
2567 3635 2906 3693 obedientia
2944 3636 3204 3694 uberius.

2087 3764 2134 3814 1.
2160 3759 2478 3824 Quomodo
2499 3758 2747 3832 quidem
2765 3758 3200 3817 indissolubilis
3222 3759 3568 3830 coniunctio
3590 3759 3670 3816 ab

2009 3863 2102 3916 eo,
2136 3849 2240 3921 qui
2291 3864 2355 3904 se
2404 3847 2591 3904 semel
2643 3847 2937 3922 spirituali
2988 3848 3256 3905 societati
3305 3848 3668 3919 adjunxerit,

2011 3937 2314 3995 servanda
2335 3938 2426 4008 sit,
2447 3938 2648 4011 quoad
2671 3939 3003 4010 potuimus,
3027 3938 3430 3994 ostendimus.
3449 3937 3668 3993 Verum

2009 4044 2172 4085 nunc
2191 4029 2406 4086 iterum
2428 4029 2501 4084 de
2525 4027 2870 4084 obedientia
2891 4027 3276 4084 instituamus
3299 4043 3664 4093 sermonem,

2009 4125 2067 4177 et
2091 4119 2255 4194 quod
2291 4119 2567 4193 superius
2591 4118 2804 4192 paucis
2830 4117 3308 4191 perstrinximus,
3341 4133 3503 4174 nunc
3532 4116 3668 4174 dili-

2010 4210 2246 4278 gentius
2277 4207 2660 4280 explicemus,
2690 4206 3205 4279 ostendamusque
3232 4212 3526 4280 quantam
3555 4206 3668 4262 exi-

2009 4298 2200 4368 gatah
2214 4297 2431 4353 ascetis
2449 4312 2587 4366 erga
2602 4297 2948 4369 praefectum
2961 4295 3373 4352 obedientiam
3388 4300 3668 4353 accurata

2009 4385 2304 4441 doctrina.
2339 4388 2418 4441 Ex
2449 4385 2582 4458 ipsa
2617 4385 2777 4441 enim
2813 4386 3115 4456 Scriptura
3143 4385 3384 4441 adnitar
3411 4385 3667 4441 modum

2008 4475 2164 4530 illius
2178 4489 2247 4530 ac
2264 4489 2612 4530 mensuram
2631 4473 2958 4529 declarare.
2973 4473 3062 4528 Ad
3081 4477 3386 4530 Romanos
3399 4473 3667 4530 scribens

2009 4561 2326 4635 apostolus
2344 4561 2581 4628 Paulus,
2599 4561 2813 4632 subjici
2831 4561 3415 4633 e‘osetpotestatibus
3434 4560 3665 4617 cunctis

297 4654 434 4712 σίαις
465 4651 847 4726 ὑπερεχούσαις
877 4653 1296 4723 ὑποτάσσεσθαι,
1339 4653 1605 4718 ἐξουσίαις
1646 4661 1762 4718 ταῖς
1807 4661 1898 4708 τοῦ

2017 4650 2602 4727 supereminentibus
2629 4650 2823 4724 jubet,
2853 4649 3202 4723 mundanis,
3233 4650 3508 4726 inquam,
3540 4665 3666 4707 non

366 4821 413 4856 ⁵⁸
452 4819 610 4879 Psal.
638 4837 727 4888 cv,
757 4821 811 4874 3.

370 4971 484 5042 (94)
521 4971 669 5047 Εάἱῐὶ
700 4974 725 5024 ό
755 4974 1126 5047 ὑφηγούμενος,
1161 4979 1249 5029 καὶ
1281 4975 1306 5027 ό
1336 4984 1430 5037 τῆς
1470 4977 1746 5040 ὁσιότητος
1781 4998 1901 5032 παι-

298 5039 491 5104 δεὺτὴς
516 5044 601 5095 ἐπὶ
631 5052 740 5099 τοῦ.
784 5039 1042 5101 At'mss.
1082 5039 1145 5102 ut
1173 5047 1235 5102 in
1265 5052 1565 5104 contextu.
1602 5049 1705 5105 Hic
1729 5039 1902 5106 locus

297 5114 482 5199 paulo
513 5115 694 5199 aliter.
711 5115 771 5170 in
816 5119 954 5199 Reg.
997 5117 1196 5199 primo
1235 5117 1472 5199 legitur,
1522 5135 1744 5199 nempe
1787 5122 1903 5178 hoc

295 5185 500 5266 modo,
530 5185 844 5266 αἰσχύνεται
875 5185 1136 5266 αἰσχύνην
1163 5185 1564 5266 ἀπαρηγόρητον
1591 5185 1689 5244 ἐπὶ⁵
1704 5201 1796 5256 τῆς
1830 5199 1903 5246 οὶ-

295 5264 552 5339 κουμίνης
571 5261 708 5339 κατὰ
727 5264 822 5317 τὴν
846 5269 942 5319 τῆς
966 5265 1183 5339 κρίσεως
1212 5261 1392 5339 καιρόν
1407 5261 1779 5339 πανηγύρεως,
1811 5271 1902 5318 καὶ

299 5326 503 5408 ἐτι-ι’τοὺ
532 5326 816 5402 πανδήμου
856 5339 956 5382 τῶν
987 5326 1237 5405 ὁύρανίων
1269 5326 1644 5408 ἀθροίσματος,
1675 5326 1774 5389 καί
1807 5338 1901 5389 οὑκ

299 5400 612 5480 αἰσχύνεται
641 5400 814 5474 μόνον,
848 5406 960 5457 etc.
986 5400 1144 5480 _E_dit_i
1167 5400 1393 5460 habent
1419 5400 1666 5479 quoque
1695 5408 1901 5480 αἰσχύ-

297 5489 468 5550 νεῖται.Δ
488 5479 561 5550 A_t_
587 5490 736 5528 mss.
769 5474 1408 5550 nonnullum-luntres:
1436 5474 1612 5550 μόνοῦ.

298 5613 310 5623 .
339 5543 478 5624 ’(93)
522 5546 757 5624 Veteres
787 5546 910 5600 duo
938 5545 1072 5624 libri
1104 5543 1242 5624 cum
1276 5543 1446 5624 Voss."
1478 5551 1729 5624 ἑκάτεροι.
1765 5553 1902 5624 M01;

294 5611 460 5694 idem
492 5614 680 5694 codex
707 5619 877 5673 Voss.
902 5621 1116 5694 etReg.
1149 5619 1382 5691 primus
1402 5621 1462 5673 ἃν
1490 5611 1901 5694 “namnam

293 5684 478 5756 longe
523 5684 648 5742 duo
693 5703 843 5745 mss.
873 5693 960 5742 τόν
1000 5684 1199 5754 ταῦτ-ἦς
1240 5696 1458 5766 καρπόν.
1490 5684 1725 5751 Ibidem
1756 5697 1898 5766 Reg.

2008 4976 2242 5050 primus
2267 4972 2562 5050 μεταδώσει
2576 5019 2588 5030 .

2079 5051 2192 5119 (94)
2234 5044 2484 5103 Codices
2510 5045 2788 5102 nonnulli
2817 5044 2902 5098 ἐπὶ
2928 5052 3028 5120 τῶν
3051 5047 3501 5120 μαθητευομένων.

2085 5116 2198 5192 (95)
2240 5122 2404 5192 Unus
2433 5135 2549 5174 ms.
2583 5123 2750 5192 καὶτὸ
2781 5126 2873 5178 τῆς
2893 5116 3087 5192 οἰκείας
3114 5116 3330 5192 γνώμης
3353 5119 3570 5192 σαθρόν.

2081 5187 2191 5263 (⁷96)
2235 5191 2533 5263 Editiones
2564 5189 2737 5246 Basil.
2771 5194 2827 5245 et
2855 5187 3016 5245 Paris
3045 5187 3144 5263 τῶν
3174 5187 3265 5263 τοῦ
3295 5187 3524 5263 πονηροῦ
3555 5187 3667 5263 ἑφό-

2013 5259 2138 5316 δωνο
2176 5259 2292 5317 sed
2342 5262 2448 5334 hae,
2482 5261 2619 5334 duae
2666 5277 2848 5334 voces
2895 5267 3064 5316 τῶν...
3107 5259 3322 5334 ἐφόδων,
3350 5259 3550 5334 neque
3572 5259 3668 5334 _'in

2011 5339 2183 5391 Voss.
2215 5349 2412 5407 neque
2438 5333 2497 5388 in
2520 5333 2651 5389 aliis
2679 5333 2920 5389 duobus
2951 5347 3096 5388 mss.
3125 5332 3534 5407 inveniuntur.
3562 5332 3668 5389 Co-

2011 5408 2127 5462 dex
2155 5404 2332 5463 Colbf
2355 5413 2455 5456 τῶν
2486 5413 2577 5457 τού
2628 5413 2853 5478 πονηροῦ
2902 5408 3304 5478 προπεμμάτων,
3360 5404 3665 5478 ἐφελκύσας.

2010 5478 2119 5534 Alii
2150 5479 2273 5533 duo
2306 5494 2452 5551 mss.
2487 5475 2776 5551 χείμαρρος
2803 5485 2904 5529 τῶν
2933 5475 3025 5528 τοῦ
3055 5475 3307 5551 πονηροῦ,
3344 5475 3666 5551 Δὑςιδελειύσιξις.

2083 5553 2198 5620 (97)
2257 5549 2409 5604 Editi
2465 5547 2787 5622 remeam.
2827 5553 2898 5603 At
2945 5563 3091 5603 mss.
3147 5547 3494 5622 προστάσσει.
3543 5547 3668 5604 Ali-

2009 5627 2244 5708 quanto
2273 5625 2413 5694 post
2443 5619 2636 5680 codex
2667 5619 2836 5681 Colb.
2884 5624 2976 5676 καὶ
3028 5624 3146 5684 τοὺς
3185 5619 3669 5694 ’ἀντιτασσομένους

2010 5713 2146 5747 κατα
2173 5711 2252 5766 γε.
