4120 6406
449 376 593 434 1103

1814 371 1870 426 S.
1924 363 2170 423 BASlLll
2218 363 2462 423 IACNI.

3687 379 3702 425 Ι
3716 377 3824 433 404

446 497 858 573 spiritualibus
878 494 1278 571 potestatibus
1299 497 1376 552 δτι
1407 498 1588 569 atque
1608 495 1726 552 hoc
1752 509 1824 551 ex
1844 493 1938 550 his
1967 505 2105 564 quae

2221 491 2438 561 κόσμου,
2505 489 2566 543 οὐ
2621 498 2737 554 ταῖς
2797 498 3192 564 πνευματικαῖς·
3259 498 3350 547 καὶ
3414 502 3570 550 τοῦτο
3617 495 3675 550 ἐκ
3721 505 3823 552 τῶν

445 591 786 660 sequuntur
824 584 1174 654 declaravit,
1209 583 1312 640 ubi
1343 583 1418 640 de
1462 583 1698 642 tributis
1731 598 1802 639 ac
1831 577 2111 649 vectigali

443 677 730 750 loquitur,
769 680 825 733 et
866 675 992 745 ubi,
1025 675 1129 748 qui
1166 673 1263 730 vel
1306 672 1627 729 minimum
1674 671 1894 728 resistit
1938 671 2109 742 pote-

445 767 604 832 stati,
637 783 776 823 eum
811 765 1074 822 afﬁrmat
1103 767 1224 820 Deo
1255 764 1368 836 ipsi
1412 763 1687 819 resistere
1710 763 1779 816 ⁵⁸.
1825 765 2032 832 Itaque
2060 757 2111 812 si

443 856 628 927 hujus
649 855 862 912 mundi
882 853 1398 928 principibus,qui
1420 869 1488 908 ex
1510 853 1783 908 humana
1801 850 1930 920 lege
1952 847 2112 920 prin-

445 946 715 1019 cipatum
745 946 1157 1010 obtinuerunt,
1207 944 1293 1000 ita
1337 943 1641 1015 subjectos
1689 957 1820 998 esse
1871 938 2112 1013 pietatis

445 1035 705 1093 cultores
734 1035 923 1092 voluit
952 1034 1156 1090 divina
1186 1033 1303 1100 lex,
1331 1032 1537 1106 idque,
1569 1048 1705 1088 cum
1737 1035 1881 1087 tunc
1905 1030 1967 1085 in
1995 1027 2109 1083 im-

445 1125 665 1199 pietate
693 1125 982 1195 degerent
1011 1143 1024 1192 ;
1064 1128 1295 1197 quanta
1336 1122 1585 1179 tandem
1616 1121 1694 1178 ab
1724 1124 1927 1177 asceta
1957 1135 2112 1192 prse-

439 1213 665 1290 standa
697 1214 1042 1271 obedientia
1075 1218 1162 1270 est
1191 1214 1264 1280 ei,
1293 1213 1396 1285 qui
1428 1229 1463 1268 a
1487 1213 1609 1270 Deo
1638 1227 1862 1285 praeses
1886 1207 2109 1266 consti-

445 1309 609 1364 tutus
627 1306 721 1370 sit,
749 1305 828 1362 ab
854 1306 1106 1378 ejusque
1134 1304 1372 1375 legibus
1395 1307 1750 1376 potestatem
1776 1299 2112 1373 acceperit“?

447 1395 768 1462 Quomodo
797 1395 978 1465 igitur
1004 1394 1102 1450 Dei
1133 1391 1497 1450 ordinationi
1527 1407 1647 1448 non
1678 1390 1976 1461 restiterit,
2006 1389 2111 1462 qui

444 1485 664 1541 resistit
684 1483 1090 1541 moderatori?
1115 1481 1446 1555 praesertim
1468 1497 1606 1538 cum
1629 1484 1833 1554 aperte
1859 1485 2108 1552 Aposto-

444 1572 540 1630 lus
561 1572 773 1645 jubeat
797 1572 966 1629 omni
991 1571 1051 1628 in
1075 1587 1137 1629 re
1160 1569 1507 1644 parendum
1537 1586 1670 1626 esse
1697 1567 2112 1642 spiritualibus

445 1659 812 1735 praepositis.
848 1661 1110 1732 Obedite,
1144 1660 1360 1733 inquit,
1408 1659 1746 1730 praepositis
1792 1659 2024 1722 vestris,
2055 1660 2111 1711 et

443 1751 703 1821 subjecti
720 1755 921 1807 estote.
949 1750 1076 1821 Ipsi
1102 1752 1258 1807 enim
1281 1749 1540 1819 vigilant
1555 1763 1668 1819 pro
1684 1746 2002 1804 animabus
2024 1759 2113 1801 ve-

2217 575 2545 652 ἔπκγομίνων
2576 577 2856 649 ίδὴλωσεν,
2893 581 3048 635 εἰπὼν
3105 586 3221 656 περὶ
3265 587 3432 659 φόρων
3483 589 3574 639 καὶ
3626 586 3824 653 τέλους,

2218 670 2308 719 καὶ
2348 671 2436 720 τόν
2479 667 2920 744 ἀντιτασσόμενον
2967 673 3104 724 κατά
3153 690 3214 743 γε
3251 675 3312 726 τὸ
3361 680 3712 751 σμικρότατον
3759 685 3822 751 τῇ

2218 753 2431 829 ἐξουσίᾳ
2460 767 2531 829 τῷ
2578 767 2694 831 Θεῷ
2733 759 3143 814 ἀντιτάσσεσθαι
3174 759 3534 834 ἀποφαίνεται.
3566 765 3628 819 Εἰ
3654 771 3826 820 τοίνυν

2218 851 2328 908 τοῖς
2355 853 2446 899 τοῦ
2477 851 2678 922 κόσμου
2709 853 2896 902 τούτου
2926 851 3183 925 ἄρχουσι,
3225 859 3337 915 τοῖς
3363 857 3501 906 κατά
3544 859 3700 928 νόμον
3744 853 3827 907 ἀν·

2220 937 2474 1011 θρώπινον
2505 943 2597 996 τὴν
2630 939 2737 1010 (98)
2768 938 2945 1014 ἀρχὴν
2976 939 3234 1013 εἰληφόσι,
3265 944 3530 1002 τοσαύτην
3559 946 3828 1018 ὑποταγὴν

2216 1028 2361 1099 παρὰ
2417 1034 2516 1078 τῶν
2570 1028 2910 1082 εὐσεϐούντων
2964 1031 2991 1084 ὁ
3051 1032 3182 1093 θεῖος
3231 1035 3384 1106 νόμος
3429 1033 3688 1106 ἀπένειμε,
3736 1038 3828 1088 καὶ

2217 1122 2385 1167 ταῦτα
2439 1125 2734 1176 τηνικαῦτα
2781 1116 2830 1170 ἐν
2870 1117 3084 1193 ἀσεϐείᾳ
3129 1117 3386 1182 διαζῶσιο
3434 1127 3606 1181 πόσην
3658 1123 3826 1178 εὐπεί-

2219 1207 2358 1259 θειαν
2391 1206 2576 1279 ὀφείλει
2625 1209 2650 1260 ό
2695 1208 2928 1272 ἀσκητὴς
2980 1218 3052 1281 τῷ
3108 1215 3254 1286 παρά
3311 1220 3445 1266 Θεοῦ
3503 1215 3826 1283 καταστάντι

2217 1296 2462 1369 ἄρχοντι,
2494 1301 2584 1350 καὶ
2609 1299 2724 1370 (99)
2767 1302 2912 1373 παρά
2938 1308 3040 1352 τῶν
3067 1304 3236 1373 νόμων
3261 1303 3455 1356 ἑκείνου
3480 1301 3689 1359 λαϐόντι
3727 1308 3823 1363 τὴν

2219 1382 2478 1455 ἐξουσίαν,
2527 1384 2818 1462 εἰσφέρεινς
2875 1394 2992 1450 Πῶς
3039 1385 3100 1441 δι
3140 1387 3236 1442 οὐκ
3275 1389 3336 1442 ἀν
3381 1390 3712 1454 ἀντιτάξαιτο
3753 1399 3817 1464 τῇ

2219 1481 2310 1526 τοῦ
2343 1482 2475 1527 Θεοῦ
2507 1470 2736 1548 διαταγῇ
2772 1478 2797 1528 ό
2830 1484 2902 1548 τῷ
2932 1479 3310 1551 καθηγουμίνῳ
3341 1477 3819 1554 ἀντιτασσόμενοςς

2219 1563 2380 1626 ἄλλως
2438 1583 2490 1617 τε
2546 1570 2638 1618 καὶ
2690 1563 2989 1642 διαρῥήδην
3045 1575 3138 1620 τοῦ
3185 1569 3503 1624 ’Δποστόλου
3533 1570 3825 1632 κελεύοντος

2217 1660 2322 1714 τοῖς
2353 1661 2722 1727 πνευματικοῖς
2762 1658 3067 1730 ἡγουμένοις
3108 1659 3333 1712 ὑπείκειν
3379 1659 3430 1712 ίν
3485 1665 3646 1716 πᾶσι.
3710 1664 3829 1714 Πεί-

2223 1745 2372 1796 θεσθε
2400 1746 2525 1818 γὰρ,
2559 1750 2710 1817 φησὶ,
2742 1753 2854 1809 τοῖς
2883 1749 3190 1820 ἡγουμένοις
3227 1750 3386 1820 ὑμῶν,
3429 1753 3521 1802 καὶ
3571 1750 3823 1804 ὑπείκετε.

445 1841 606 1912 stris,
630 1845 922 1912 tanquam
951 1840 1244 1897 rationem
1274 1839 1597 1906 reddituri,
1627 1843 1696 1894 ut
1725 1853 1860 1895 cum
1887 1837 2112 1908 gaudio

2221 1832 2380 1886 Αὐτοὶ
2412 1835 2514 1907 γὰρ
2570 1832 2928 1908 ἀγρυπνοῦσιν
2986 1838 3112 1912 ὑπὲρ
3166 1845 3265 1889 τῶν
3311 1837 3505 1911 ψυχῶν
3541 1840 3704 1912 ὑμῶν,
3759 1841 3826 1900 ὡς

447 1930 559 1988 hoc
578 1930 843 1999 faciant,
875 1935 931 1986 et
951 1945 1072 1985 non
1102 1935 1421 2000 gementes:
1449 1927 1668 1983 inutile
1698 1925 1803 1982 hoc
1831 1928 1988 1982 enim
2019 1941 2114 1983 υο-

449 2020 535 2077 bis
567 2024 650 2075 est
669 2019 738 2074 ⁵³.
774 2018 834 2075 Si
863 2017 1046 2089 igitur
1076 2033 1198 2074 non
1222 2017 1482 2090 perfecte
1503 2014 1749 2072 obedire
1770 2013 1978 2071 inutile
2001 2016 2109 2082 est,

447 2123 648 2181 operte
668 2107 929 2181 pretium
954 2112 1040 2163 est
1065 2106 1350 2180 persequi
1370 2120 1484 2163 nos
1509 2104 1677 2178 quod
1707 2103 1906 2174 magis
1936 2118 2112 2176 expe-

447 2197 554 2254 dit.
580 2200 728 2253 Nam
760 2213 899 2253 mea
927 2195 1175 2269 quidem
1203 2195 1518 2261 sententia,
1555 2195 1670 2250 hoc
1698 2193 1866 2268 quod
1895 2193 2113 2249 dicitur

446 2285 674 2355 inutile,
707 2285 914 2356 magni
939 2283 1262 2356 cujusdam
1292 2283 1655 2350 detrimenti,
1685 2282 1890 2356 reique
1917 2281 2110 2356 paeni-

447 2375 647 2432 tendae
680 2391 750 2432 ac
772 2374 1144 2446 corrigenda
1171 2373 1672 2445 signiﬁcationem
1693 2372 1896 2430 habet.

520 2558 574 2610 2.
617 2553 914 2611 lmitanda
935 2557 1026 2610 est
1057 2558 1262 2610 autem
1299 2552 1564 2610 maxime
1593 2556 1943 2610 sanctorum
1973 2549 2113 2608 obe-

450 2644 697 2714 dientia,
737 2658 926 2717 quam
979 2645 1099 2699 Deo
1147 2641 1588 2710 exhibuerunt;
1621 2642 1668 2697 si
1723 2641 1945 2698 idoneo
1996 2640 2113 2696 hoc

449 2733 728 2808 exemplo
778 2731 858 2789 ad
900 2733 1359 2806 exsequendum
1407 2736 1682 2789 nostrum
1731 2731 2112 2805 propositum

448 2822 1139 2892 utentes,obedientiam
1167 2823 1273 2880 rite
1300 2827 1587 2896 praestare
1614 2819 1889 2877 velimus.
1911 2823 2113 2886 Neque

447 2927 590 2969 vero
628 2912 926 2969 existimet
965 2911 1314 2986 quisquam,
1369 2926 1486 2979 me,
1523 2909 1930 2966 obedientiam
1961 2923 2114 2982 prae-

451 3002 618 3059 fectis
647 3003 916 3060 debitam
951 3001 1220 3059 stabilire
1266 3003 1435 3076 571
1479 3000 1807 3064 volentem,
1835 2997 2115 3072 exempla

449 3092 811 3150 sublimiora
859 3091 1146 3166 proferre,
1201 3097 1305 3147 aut
1353 3090 1569 3146 debitae
1603 3092 1720 3145 Deo
1751 3088 2111 3144 obedientiaa

2217 1921 2369 1993 λόγον
2431 1920 2816 1993 ἀποδώσοντες,
2875 1927 2959 1978 ἶνα
3009 1929 3140 2000 μετά
3185 1933 3357 2001 χαρᾶς
3402 1936 3557 1981 τοῦτο
3605 1936 3826 1996 ποιῶσι,

2219 2016 2310 2064 καὶ
2339 2012 2411 2086 μῆ
2467 2014 2818 2078 στενάζοντεςο
2876 2014 3171 2078 ἀλυσιτελες
3217 2020 3321 2090 γὰρ
3368 2019 3490 2090 ὑμῖν
3534 2023 3708 2072 τοῦτο.
3768 2013 3830 2070 Εἰ

2219 2098 2308 2155 οὖν
2373 2106 2432 2156 τὸ
2498 2107 2569 2177 μὴ
2636 2108 2767 2179 πρὸς
2834 2102 3102 2181 ἀκρίϐειαν
3167 2108 3443 2160 πείθεσθαι
3507 2105 3823 2171 ἀλυσιτελες,

2218 2197 2480 2268 προσήκει
2528 2190 2873 2265 μεταδιώκειν
2945 2196 3085 2268 ἡμᾶς
3131 2199 3189 2248 τὸ
3257 2195 3697 2269 λυσιτελέστερον.
3755 2197 3826 2248 Τὸ

2217 2285 2320 2357 γὰρ
2363 2280 2680 2353 ἀλυσιτελες,
2721 2280 2889 2357 οἶμαι,
2933 2283 3167 2357 μεγάλης
3197 2285 3393 2358 ζημίας
3429 2289 3522 2337 καὶ
3547 2285 3626 2353 (1)
3672 2302 3827 2359 μετα-

2221 2370 2422 2444 μελείας
2449 2376 2540 2423 καὶ
2571 2367 2903 2449 διορθώσεως
2935 2376 3157 2446 ἔμφασιν
3187 2372 3500 2447 ἐπιφέρεται.

2291 2553 2346 2604 2.
2399 2549 2597 2608 Ζηλοῡν
2656 2547 2717 2602 δε
2771 2555 3028 2624 προσήκει
3082 2551 3315 2624 μάλιστα
3367 2556 3462 2611 τὴν
3511 2559 3614 2606 τῶν
3665 2554 3828 2626 ἁγίων

2223 2637 2530 2706 εὐπείθειαν,
2591 2640 2652 2698 ἦν
2713 2643 2832 2712 περὶ
2908 2643 2994 2692 τὸν
3059 2645 3182 2694 θεὸν
3267 2639 3613 2711 ἐπεδείξαντο,
3672 2647 3716 2698 εἰ
3768 2662 3830 2716 γε

2222 2727 2489 2802 μελλοιμεν
2555 2727 2802 2803 ἀρκοῦντι
2850 2727 3205 2804 ὑποδείγματι
3264 2737 3383 2805 περί
3439 2737 3534 2792 τὴν
3581 2733 3828 2786 ὑπόθεσιν

2221 2822 2505 2890 χρώμενοι,
2573 2817 2744 2879 καλῶς
2797 2823 2893 2878 τὴν
2960 2822 3190 2879 ὑπακοὴν
3246 2819 3658 2897 ἀπεργάζεσθαι.
3727 2827 3830 2876 Καὶ

2223 2902 2415 2980 μηδεὶς
2453 2907 2641 2962 οἰέσθω
2687 2928 2752 2982 με
2798 2912 3069 2984 κρατύνειν
3122 2909 3357 2965 ἐθέλοντα
3397 2916 3492 2971 τὴν
3541 2917 3661 2988 περὶ
3706 2917 3830 2975 τοὺς

2223 2998 2544 3069 ἡγουμένους
2593 2998 2900 3067 εὐπείθειαν,
2951 3001 3219 3074 ὑπέρογκα
3273 3003 3523 3078 παράγειν
3579 3004 3646 3054 τὰ
3694 3004 3828 3056 ὑπο-

2223 3081 2510 3158 δείγματα,
2568 3091 2658 3139 καὶ
2710 3096 2770 3161 τῇ
2831 3091 2956 3164 πρὸς
3012 3093 3098 3141 τόν
3171 3094 3301 3143 Θεὸν
3361 3092 3564 3163 ὑπακοῇ
3631 3090 3825 3162 τολμᾷν

450 3181 860 3240 obedientiam
909 3180 1264 3238 hominibu
1313 3177 1688 3235 reddendam
1761 3183 2113 3249 arroganter

2222 3173 2473 3239 αὐθαδῶς
2501 3179 2836 3250 παρεικάζειν
2882 3183 2977 3238 τὴν
3012 3182 3143 3254 πρὸς
3169 3181 3246 3250 (2)
3272 3181 3391 3240 τοὺς
3423 3177 3720 3254 ἀνθρώπους
3747 3179 3825 3232 εὐ-

451 3287 806 3344 eomparare
837 3269 1083 3326 audere.
1117 3271 1247 3325 Non
1269 3266 1430 3323 enim
1469 3267 1716 3339 proprio
1747 3271 1960 3337 marte,
2005 3266 2112 3322 sed

448 3360 598 3434 ipsis
647 3360 869 3417 divinis
931 3357 1252 3429 Scripturis
1298 3355 1584 3412 inductus
1639 3356 1800 3412 hanc
1858 3356 2111 3413 adhibui

450 3449 1007 3522 comparationem.
1067 3446 1492 3502 Animadverte
1551 3445 1709 3502 enim
1755 3445 1904 3518 quid
1949 3445 2112 3501 dicat

452 3539 748 3596 Dominus
780 3537 842 3593 in
873 3535 1230 3609 Evangeliis,
1272 3535 1374 3591 ubi
1418 3536 1495 3592 de
1539 3535 1886 3593 obedientia
1925 3535 2110 3592 servis

454 3627 580 3685 suis
608 3626 926 3684 reddenda
961 3626 1157 3696 legem
1200 3626 1392 3698 ponit.
1451 3626 1565 3694 Qui
1606 3628 1816 3696 recipit
1858 3642 1978 3694 vos,
2019 3641 2114 3682 me

454 3717 660 3789 recipit
682 3718 750 3772 6°.
779 3719 846 3772 Et
876 3717 1092 3773 iterum
1121 3716 1239 3772 alio
1271 3716 1332 3771 in
1361 3715 1528 3772 loco:
1588 3716 1702 3784 Qui
1758 3732 1858 3772 vos
1914 3716 2109 3783 audit,

455 3823 548 3864 me
575 3808 784 3876 audit;
826 3813 880 3864 et
908 3807 1014 3880 qui
1043 3822 1141 3862 vos
1174 3807 1427 3877 spernit,
1457 3821 1549 3864 me
1577 3807 1804 3877 spernit
1826 3807 1895 3860 εί.
1939 3805 2113 3871 Quod

455 3901 659 3953 autem
691 3896 982 3970 apostolis
1011 3895 1179 3965 dixit,
1208 3896 1267 3951 id
1295 3895 1373 3951 ab
1399 3895 1537 3968 ipso
1564 3893 1638 3950 de
1661 3894 1949 3951 omnibus
1978 3899 2115 3967 post

453 4001 557 4044 eos
577 3986 973 4043 moderamen
993 3985 1288 4042 habituris
1307 3990 1597 4041 statutum
1620 3985 1831 4055 fuisse,
1863 4000 1932 4040 ex
1963 3984 2113 4040 mul-

452 4076 526 4133 tis
556 4080 613 4131 et
650 4075 1005 4131 indubitatis
1051 4091 1237 4130 sacrae
1269 4075 1587 4147 Scriptura:
1615 4073 1970 4129 testimoniis
1999 4073 2116 4129 evi-

453 4164 944 4238 dentissimisque
970 4164 1346 4234 argumentis
1378 4163 1627 4236 probari
1653 4167 1872 4236 potest.
1899 4166 2114 4230 Quam-

453 4253 667 4310 obrem
717 4252 945 4309 fuimus
997 4269 1109 4309 nos
1178 4252 1362 4308 etiam
1415 4253 1841 4309 convenienter
1895 4253 2114 4310 divinis

455 4341 716 4399 oraculis
738 4342 942 4412 locuti,
971 4359 1110 4399 cum
1141 4342 1424 4411 diximus,
1449 4359 1560 4398 nos
1593 4348 1939 4399 sanctorum
1971 4359 2116 4414 erga

457 4434 646 4489 Deum
695 4431 1125 4500 obedientiam,
1169 4436 1384 4488 nostra:
1433 4448 1578 4503 erga
1615 4433 1928 4507 praefectos
1975 4433 2115 4490 obe-

2219 3267 2475 3322 πείθειαν.
2535 3267 2611 3319 Οὐ
2649 3269 2752 3340 γὰρ
2803 3270 3002 3321 οἴκοθεν
3054 3270 3315 3342 ὁρμηθεὶς,
3366 3266 3495 3320 ἀλλά
3533 3266 3621 3320 ἀπ’
3654 3268 3824 3321 αὐτῶν

2219 3363 2322 3408 τῶν
2373 3358 2519 3409 θείων
2551 3363 2782 3430 Γραφῶν,
2839 3360 3034 3416 ταύτην
3087 3361 3173 3415 τὴν
3217 3357 3452 3410 εἰκασίαν
3497 3363 3815 3430 πεποίημαι.

2222 3451 2490 3504 Σκόπησον
2519 3450 2618 3520 γὰρ
2650 3453 2702 3500 τί
2746 3450 2771 3500 ὁ
2827 3451 3012 3522 Κύριος
3058 3445 3106 3498 ἐν
3153 3447 3486 3520 Εὐαγγελίοις
3531 3452 3683 3520 φησὶ,
3732 3451 3827 3507 τὴν

2221 3540 2340 3608 περὶ
2368 3539 2490 3598 τοὺς
2519 3535 2703 3588 ἑαυτοῦ
2737 3533 2954 3598 δούλους
3008 3535 3269 3597 θεσπίζων
3322 3537 3579 3594 ὑπακοήν·
3634 3535 3692 3588 Ὀ
3735 3532 3826 3588 δε·-

2221 3629 2442 3698 χόμενος
2507 3627 2642 3698 ὑμᾶς
2709 3623 2796 3698 ἐμὲ
2866 3621 3104 3697 δέχεται*
3183 3629 3274 3676 καὶ
3365 3625 3519 3677 πάλιν
3595 3623 3824 3699 ἑτέρωθι·

2219 3706 2279 3768 Ὀ
2358 3713 2557 3767 ἁκούων
2650 3716 2792 3787 ὑμῶν
2869 3713 2992 3787 ἐμοῦ
3089 3712 3284 3767 ἀκούει·
3360 3718 3450 3766 καὶ
3535 3716 3562 3766 ὁ
3636 3712 3828 3767 ἀθετῶν

2223 3806 2361 3878 ὑμᾶς
2409 3804 2497 3878 ἐμὲ
2543 3803 2731 3860 ἀθετεῖ.
2771 3802 2894 3856 Ὀτι
2943 3801 3001 3856 δε
3047 3803 3074 3856 ὃ
3119 3810 3229 3864 τοῖς
3277 3801 3586 3864 ἀποστόλοις
3635 3807 3826 3878 εἴρηκε,

2222 3899 2341 3967 περὶ
2371 3897 2572 3948 πάντων
2611 3902 2713 3946 τῶν
2759 3894 2872 3967 μετ’
2919 3893 3108 3954 αὐτούς
3161 3895 3602 3966 καθηγησομένων
3655 3891 3831 3965 ἐνομο-

2227 3987 2458 4052 θέτησεν,
2530 3984 2584 4035 ἐκ
2649 3983 2847 4036 πολλῶν
2904 3987 2993 4034 καὶ
3065 3980 3452 4055 ἀναμφιλέκτων
3528 3991 3829 4056 μαρτυριῶν

2223 4082 2318 4136 τῆς
2369 4075 2509 4134 θείας
2548 4079 2751 4146 Γραφῆς
2806 4075 2896 4123 καὶ
2947 4075 3235 4146 τεκμηρίων
3282 4071 3672 4147 ἐναργεστάτων
3718 4073 3833 4124 ἔστι

2223 4172 2591 4241 παραστῆσαι.
2637 4161 2801 4214 ’Ὥστε
2839 4161 3133 4224 ἀκολούθως
3177 4167 3266 4216 καὶ
3313 4165 3466 4237 ἡμεῖς
3513 4171 3624 4224 τοῖς
3674 4165 3831 4226 θείοις

2228 4255 2557 4326 θεσπίσμασι
2632 4255 2750 4312 τούς
2816 4250 3002 4322 λόγους
3078 4249 3439 4325 ἐποιησάμεθα
3467 4297 3483 4323 ,
3574 4256 3831 4326 φήσανσες

2229 4341 2335 4398 δεῖν
2378 4347 2473 4401 τὴν
2512 4349 2613 4394 τῶν
2665 4341 2826 4412 ἁγίων
2877 4344 2996 4413 περὶ
3043 4344 3130 4393 τόν
3183 4343 3313 4394 Θεὸν
3357 4342 3642 4394 εὐπείθειαν
3692 4342 3827 4392 ὑπό-

2227 4429 2423 4505 δειγμα
2485 4438 2580 4493 τῆς
2643 4434 2763 4505 περὶ
2828 4432 2950 4492 τοὺς
3023 4437 3354 4504 προεστῶτας
3418 4431 3654 4492 ὑπακοῆς
3715 4428 3832 4482 ἐαυ-

455 4519 697 4577 άὶθηῐὶω
728 4520 1038 4595 exemplar
1066 4521 1244 4578 nobis
1273 4521 1418 4593 ipsis
1447 4537 1786 4594 proponere
1815 4528 2113 4596 oportere.

2225 4530 2334 4584 τοῖς
2364 4523 2441 4592 (3)
2490 4521 2809 4596 προτιθέναι.
2867 4526 2981 4580 Πῶς
3028 4519 3115 4571 οὖν
3173 4521 3222 4571 οἱ
3269 4520 3412 4592 ἅγιοι
3463 4529 3536 4591 τῷ
3594 4523 3828 4593 Δεσπότη

458 4609 777 4676 Quomodo
806 4610 987 4681 igitur
1010 4627 1186 4667 suam
1215 4611 1404 4667 sancti
1430 4610 1813 4669 declararunt
1842 4629 1985 4684 erga
2008 4615 2115 4669 Do-

455 4699 695 4757 minum
725 4699 1181 4758 obedientiam?
1231 4700 1556 4758 Considera
1593 4701 1739 4758 mihi
1785 4702 2114 4772 Abraham,

455 4788 560 4865 qui
604 4789 855 4860 jubetur
909 4789 1250 4863 relinquere
1289 4789 1566 4860 domum,
1616 4792 1899 4864 patriam,
1949 4809 2114 4866 opes,

455 4879 892 4953 possessiones,
915 4885 1225 4950 cognatos,
1250 4881 1507 4950 amicos;
1535 4881 1798 4955 itemque
1819 4884 2122 4941 contraria

455 4969 813 5039 consectari,
845 4974 1063 5026 terram
1095 4970 1378 5039 alienam,
1405 4970 1607 5028 locum
1636 4972 1912 5044 ignotum
1933 4989 2120 5044 vaga-

529 5133 577 5172 "
617 5135 788 5189 Rom.
812 5147 931 5203 xm,
969 5137 1019 5190 t.
1095 5132 1143 5169 ⁵⁸
1182 5131 1332 5189 ibid.
1365 5139 1417 5190 7.
1496 5136 1543 5170 59
1586 5133 1762 5190 Hebr.
1794 5149 1914 5205 xm,
1949 5137 2038 5195 17.

528 5274 647 5345 (98)
684 5275 874 5349 Vossii
903 5279 1076 5331 vetus
1096 5275 1252 5349 liber
1282 5275 1457 5349 ἀρχὴν
1493 5275 1760 5349 εἰληχρσι.
1793 5278 1922 5333 Mox
1954 5276 2118 5334 idem

528 5296 647 5345 we)
692 5296 874 5332 vossu
903 5296 1076 5331 vetus
1101 5296 1252 5331 "Der
1283 5296 1457 5349 αρχην
1493 5296 1600 5333 sua
1629 5296 1760 5346 _oat.
1795 5296 1922 5333 mox
1954 5296 2118 5334 luem

458 5361 576 5402 ms.
600 5349 667 5421 ei
695 5347 861 5403 Colb.
891 5349 916 5400 ὁ
940 5349 1074 5408 θεῖος
1096 5347 1244 5420 λόγος
1273 5346 1530 5421 ἀπένειμε.
1582 5296 1812 5404 ibidem
1861 5351 2006 5420 Reg.
2031 5365 2120 5405 se-

457 5417 698 5474 cundus
726 5425 815 5471 καὶ
845 5423 1045 5480 τούτοις
1082 5417 1252 5477 τηνικ.

533 5490 646 5558 (99)
688 5491 888 5546 Codex
932 5493 1106 5564 Voss.
1157 5494 1293 5564 κατά
1337 5494 1426 5543 τὸν
1453 5497 1627 5564 νόμον
1669 5489 1882 5559 ἕκείνου,
1933 5497 1989 5549 et
2035 5493 2122 5549 ita

457 5575 707 5635 quoque
754 5563 1044 5635 scriptum
1088 5562 1397 5635 invenitur
1422 5563 1509 5635 Ain
1534 5562 1680 5633 Reg.
1713 5564 1983 5621 secundo
2023 5580 2121 5619 se-

458 5633 665 5686 cunda
694 5633 904 5692 manu.
937 5637 1054 5692 Nec
1083 5633 1165 5690 ita
1194 5633 1388 5690 multo
1417 5633 1575 5690 intra
1604 5640 1724 5690 tres
1755 5651 1905 5695 mss.
1936 5637 2030 5690 οὐκ
2059 5635 2120 5688 ἂν

460 5701 813 5774 ἀντιτάξαιτο.
837 5704 1005 5766 Alius
1038 5721 1154 5766 ms.
1181 5710 1239 5762 et
1263 5703 1404 5764 editi
1432 5703 1761 5776 ἀντετάξατο.

2115 5135 2165 5174 σο
2205 5135 2408 5195 Matth.
2440 5151 2500 5206 x,
2517 5136 2607 5190 ιο.

2225 4616 2320 4670 τὴν
2396 4611 2682 4664 εὐπείθειαν
2766 4605 3148 4676 ἐπεδείξαντο;
3227 4613 3499 4667 Σκόπησόν
3569 4629 3661 4683 μοι
3743 4613 3831 4662 τὸν

2227 4701 2469 4777 Ἀϐραὰμ
2515 4701 2842 4773 κελευόμενον
2889 4697 3298 4772 καταλιμπάνειν
3353 4695 3512 4767 οἶκον,
3571 4697 3828 4772 πατρίδα,

2227 4795 2571 4866 περιουσίαν,
2635 4794 2918 4862 κτήματα,
2989 4796 3287 4860 συγγενεῖς,
3351 4788 3528 4862 φίλους
3592 4793 3684 4842 καὶ
3747 4786 3834 4841 ἐπὶ

2230 4886 2432 4944 τούτοις
2471 4884 2549 4953 (IL)
2609 4876 2816 4932 διώκειν
2867 4880 2934 4930 τὰ
2993 4876 3216 4946 ἐναντία,
3275 4882 3370 4939 τὴν
3423 4878 3588 4946 ξένην,
3638 4882 3696 4930 τὸ
3747 4877 3831 4930 ἀν-

2233 4979 2573 5046 επίγνωστον,
2627 4974 2722 5029 τὴν
2775 4968 2992 5035 πλάνην,
3054 4973 3148 5028 τὴν
3195 4974 3392 5036 πενίαν,
3453 4973 3569 5031 τοὺς
3617 4968 3830 5042 φόϐους,

2683 5132 2728 5168 σι
2772 5131 2912 5186 Luc.
2943 5147 2998 5198 χ,
3025 5133 3113 5186 16.

2300 5277 2371 5348 (1)
2401 5275 2598 5334 Codex
2623 5271 2788 5331 Colb.
2803 5288 2944 5348 cum
2960 5273 3127 5328 Voss.
3147 5270 3458 5348 μεταμελίας
3475 5269 3820 5348 ἀδιορθώτου.

2302 5343 2378 5421 (2⁷)
2412 5348 2607 5421 V'ossii
2631 5351 2800 5421 vetus
2829 5344 2981 5399 liber
3005 5348 3123 5418 περὶ
3147 5343 3614 5421 τ-ούςίάνθρώπουςξ

2301 5413 2377 5491 (3)
2410 5419 2564 5491 Editi
2589 5413 3084 5491 unodequuroigi
3107 5458 3119 5469 .
3162 5413 3397 5491 ἑαμτοὺςξ
3439 5421 3510 5472 At
3534 5431 3681 5472 mss.
3712 5417 3832 5491 tres

2226 5491 2313 5547 ita
2337 5486 2404 5547 ut
2433 5490 2756 5560 edidmus.
2783 5486 2982 5560 Codex
3014 5490 3182 5543 Voss.
3214 5487 3400 5543 habet
3422 5502 3670 5560 quoque
3713 5486 3829 5538 ἑαυ-

2229 5571 2360 5625 τοῖς.
2389 5562 2619 5619 Ibidem
2647 5559 2837 5632 codex
3061 5562 3415 5632 προστιθέναι.

2302 5637 2379 5706 (4)
2418 5633 2512 5706 Sit}
2541 5631 2776 5706 antiqui
2803 5636 2927 5706 tres
2949 5629 3112 5687 libri.
3160 5629 3310 5706 Εᾴίιὶ
3342 5635 3433 5682 καὶ
3456 5632 3700 5706 τούτοις.-
3725 5630 3835 5686 Co-

2229 5701 2544 5767 de'X'Colb.
2581 5708 2673 5759 καὶ
2690 5701 2817 5757 ’ἀντὶ
2845 5705 3064 5773 τούτων,
3107 5708 3162 5760 et
3195 5701 3416 5760 harum
3450 5716 3654 5761 rerum
3678 5701 3831 5758 loco.
