4120 6376
306 391 442 448 H05
1441 379 2034 439 CONSTITUTIONES
2072 380 2488 438 MONASTICIE
2501 421 2514 435 .
3521 379 3658 432 1406

301 518 417 575 τούς
465 507 760 577 κινδύνους,
809 514 899 562 καὶ
972 511 1073 560 ὅσα
1149 513 1254 568 τοῖς
1309 506 1650 570 ξενιτεύουσιν
1723 507 1898 561 ἕπεται

2030 501 2251 570 ionem,
2279 505 2719 576 paupertatem,
2737 502 3006 570 timores,
3029 501 3314 574 pericula,
3339 503 3397 556 et
3421 516 3494 557 ea
3520 515 3657 572 quas

302 600 575 677 δυσχερῆ⁶
671 604 760 652 καὶ
852 596 1070 672 ἀμελητί
1138 597 1486 666 ὑπακούοντα,
1572 599 1661 648 καὶ
1743 612 1899 646 κατα-

2034 593 2355 666 ιετθετίηοε
2412 593 2778 649 comitantur
2846 591 3256 648 incommoda.
3333 588 3661 647 Considera

298 693 619 767 λιμπάνοντα
664 691 753 762 μεν
802 692 896 746 τὴν
958 691 1091 740 οἶκοι
1144 687 1429 760 εὐπραγίαν
1489 686 1563 757 (3)
1630 690 1720 738 καὶ
1779 683 1897 736 ἀνά-

2032 681 2175 738 llum
2202 686 2260 738 et
2282 686 2560 754 prompte
2585 680 2987 746 obedientem,
3011 684 3068 734 et
3093 680 3534 751 relinquentem
3555 678 3659 734 do-

300 800 518 846 παυσιν,
579 779 977 852 ἀνθαιρούμενὸν
1022 773 1080 828 δέ
1147 779 1344 838 ταύτης
1388 779 1483 834 τὴν
1546 773 1630 828 ἐπὶ
1684 782 1778 838 τῆς
1810 773 1898 828 ἀλ-

2034 773 2319 828 nesticam
2340 771 2688 828 felicitatem
2716 786 2786 826 ac
2815 769 3100 842 quietem,
3135 775 3191 824 et
3210 770 3342 840 ejus
3375 768 3511 825 loco
3535 783 3661 824 am-

299 867 537 932 λοδαπῆς
565 868 921 940 ταλαιπωρίαν
951 871 1040 919 καὶ
1077 864 1227 923 ἄλην.

2036 863 2367 918 ﬂectentem
2399 861 2458 917 in
2481 861 2676 916 aliena
2707 865 2865 916 terra
2911 874 3239 930 aerumnas,
3287 863 3467 933 atque
3503 872 3663 915 erra-

2009 952 2253 1008 tionem.

376 1045 606 1120 3.Ὀρᾷς
656 1043 892 1104 ἀπητήν
947 1042 1338 1119 ἀκριϐέστατον,
1373 1045 1463 1094 καὶ
1517 1049 1606 1101 τῆς
1644 1047 1901 1114 κοσμικῆς

2079 1045 2134 1096 3.
2166 1040 2341 1097 Vides
2370 1043 2635 1096 ascetam
2679 1036 3206 1111 perfectissimum,
3237 1039 3296 1092 et
3339 1035 3662 1107 cujuscun-

305 1132 516 1196 ἁπάσης
569 1133 840 1208 εὐημερίας
895 1130 989 1186 διὰ
1070 1135 1150 1184 τὸν
1207 1135 1336 1184 Θεὸν
1389 1133 1716 1205 ύπερόπτην;
1767 1127 1900 1182 Ἀλλ’

2036 1145 2126 1204 [ue
2147 1130 2439 1186 felicitatis
2461 1128 2790 1185 mundanae
2810 1131 3312 1198 contemptorem,
3333 1125 3433 1181 Dei
3453 1125 3663 1180 causa?

303 1227 519 1296 έπίωμεν
584 1224 650 1276 τὰ
706 1221 844 1285 ἒξῆς.
891 1220 1290 1294 Καταλαμϐάνω
1333 1224 1411 1291 (ϐ)
1449 1224 1539 1293 μιν
1570 1224 1665 1278 τὴν
1697 1218 1901 1272 Παλαι-

2038 1220 2126 1276 ἱθά
2163 1220 2393 1292 reliqua
2450 1233 2908 1292 persequamur.
2963 1217 3130 1272 Venit
3183 1216 3280 1272 ille
3305 1215 3555 1288 quidem
3601 1214 3665 1271 in

302 1317 498 1379 στίνην,
527 1315 614 1364 τὸν
643 1315 788 1386 παρὰ
813 1318 947 1364 Θεοῦ
987 1307 1375 1380 ὑποδειχθέντα
1423 1313 1580 1362 τόπον
1608 1309 1680 1370 εἰς
1717 1327 1901 1382 παροι-

2038 1310 2408 1376 ’alaastinam,
2442 1311 2986 1365 commonstratum
3018 1323 3054 1362 a
3086 1309 3205 1362 Deo
3233 1305 3438 1362 locum
3467 1303 3550 1360 ad
3575 1303 3665 1360 in-

298 1406 437 1455 κίαν·
493 1400 648 1474 λιμοῦ
704 1397 763 1452 δι
815 1398 1199 1460 καταλαϐόντος
1244 1404 1338 1458 τήν
1385 1404 1588 1472 χώραν,
1639 1398 1710 1459 εὶς
1745 1402 1902 1469 Αἰγυ-

2036 1399 2372 1455 :olendum:
2423 1397 2532 1453 sed
2576 1397 2738 1453 fame
2779 1397 3091 1466 regionem
3133 1395 3294 1452 hanc
3321 1393 3663 1462 invadente,

295 1510 423 1546 πτον
475 1494 871 1562 μετανίσταται,
935 1489 1090 1542 κάκεῖ
1145 1498 1236 1550 τῆς
1284 1492 1533 1560 γυναικός
1600 1486 1900 1560 ἀφαιρεθεί-

2036 1489 2398 1561 ransmigrat
2452 1487 2513 1543 in
2560 1489 2906 1558 digyptum,
2938 1491 2996 1542 et
3057 1485 3178 1542 illic
3228 1499 3414 1541 uxore
3466 1487 3663 1554 rapta,

299 1599 416 1642 σης,
452 1579 510 1632 ού
570 1579 904 1653 μικροψυχεῖ
954 1581 1051 1650 (7),
1101 1575 1225 1630 ούδε
1271 1585 1388 1640 ταῖς
1445 1577 1766 1648 οἰκονομίαις
1806 1584 1898 1629 τοῦ

2036 1579 2489 1650 laudquaquam
2521 1575 2727 1632 animo
2753 1575 3037 1644 concidit,
3060 1590 3256 1648 neque
3285 1573 3360 1629 de
3391 1572 3494 1629 Dei
3520 1587 3663 1628 con-

299 1677 433 1723 Θεοῦ
513 1672 923 1742 καταμέμφεται,
998 1670 1066 1730 ὡς
1137 1677 1228 1728 τῆς
1295 1667 1581 1730 εὐπειθείας
1654 1669 1899 1729 τοιαύτας

2039 1669 2154 1724 iliis
2185 1666 2597 1739 conqueritur,
2629 1665 2795 1738 quod
2827 1681 2937 1737 pro
2986 1663 3332 1720 obedientia
3359 1660 3664 1734 ejusmodi

298 1757 704 1831 ἁντιδεχόμενος
745 1755 982 1830 ἀμοιϐάς·
1027 1757 1153 1811 ἀλλὰ
1191 1762 1366 1834 πράως
1404 1764 1494 1811 καὶ
1532 1766 1686 1810 τοῦτο
1717 1761 1899 1829 ἤνεγκε

2036 1757 2258 1813 ιτωωὶει
2308 1755 2618 1827 reciperet,
2649 1754 2797 1828 quin
2853 1755 3057 1827 potius
3103 1753 3311 1810 animo
3355 1752 3474 1809 leni
3502 1752 3663 1808 hanc

293 1852 350 1901 τό
420 1850 622 1901 πάντων
701 1847 999 1923 βαρύτατον
1076 1844 1416 1920 ἀδικημάτων
1498 1844 1758 1920 ἀδίκημα,
1793 1847 1897 1920 οὐχ

2036 1862 2254 1919 [noque
2335 1844 2621 1915 injuriam
2713 1843 3076 1916 injuriarum
3181 1843 3458 1899 omnium
3531 1857 3663 1912 gra-

297 1937 464 2006 ἅπαξ,
497 1936 626 1989 ἀλλὰ
678 1939 776 2012 γὰρ
826 1943 917 1990 καὶ
968 1934 1120 2000 αὖθις
1179 1939 1280 1990 ὑπὸ
1328 1945 1420 1991 τοῦ
1478 1940 1710 2012 Γεράρων
1741 1935 1900 2010 βασι-

2038 1935 2320 1991 'issimam
2354 1933 2614 2007 pertulit,
2643 1947 2766 1988 non
2797 1931 3005 2002 semel,
3037 1932 3145 1988 sed
3186 1947 3397 1988 rursus
3425 1930 3606 1988 etiam
3627 1946 3665 1987 a

298 2025 422 2090 λέως
483 2030 771 2098 γενόμενον.
834 2031 1025 2100 Κρίνας
1089 2030 1192 2100 γὰρ
1251 2026 1393 2089 ἅπαξ
1439 2028 1716 2080 ὑπακούειν
1762 2034 1895 2098 Θεῷ,

2038 2028 2366 2081 ἱετατοτιιω
2395 2038 2538 2092 rege
2568 2022 2819 2078 illatam.
2850 2022 2999 2078 Cum
3029 2021 3193 2078 enim
3224 2021 3410 2078 semel
3430 2020 3665 2077 statuis-

296 2115 391 2170 οὐκ
456 2119 666 2169 ἐσκόπει
734 2121 786 2169 τί
853 2115 933 2168 ἐπ’
997 2116 1137 2186 αύτῴ
1183 2121 1442 2190 οἰκονομεῖ
1517 2118 1722 2186 όΘεός,
1791 2115 1899 2168 ἀλλ’

2041 2120 2098 2170 et
2130 2117 2248 2170 Deo
2270 2113 2538 2180 obedire,
2552 2113 2676 2184 jam
2694 2128 2818 2168 non
2837 2111 3186 2169 attendebat
3205 2111 3354 2184 quid
3379 2111 3454 2167 de
3477 2127 3544 2168 se
3564 2109 3667 2166 de-

297 2206 437 2268 ὅπως
500 2206 656 2268 αὐτὸς
705 2204 1088 2277 ἀκριϐεστάτην
1136 2211 1226 2258 καὶ
1282 2205 1624 2263 ἀνεπίληπτον
1673 2207 1902 2264 τὴν-ὑπ-

2037 2208 2278 2260 erueret
2303 2207 2475 2266 Deus.
2497 2203 2601 2259 sed
2621 2218 2747 2275 qua
2765 2203 2994 2259 ratione
3014 2203 3142 2275 ipse
3161 2200 3664 2275 perfectissimam

296 2299 457 2354 ακοήν
511 2295 890 2366 εἰσενέγκηται.
950 2296 1043 2346 Διά
1104 2313 1185 2346 τοι
1233 2297 1300 2359 (8)
1329 2302 1484 2347 τοῦτο
1515 2299 1692 2348 καὶτὸ
1736 2295 1901 2348 τελευ-

2036 2313 2082 2353 tc
2107 2294 2481 2368 inculpatam
2511 2294 2920 2350 obedientiam
2953 2296 3284 2367 praestaret.
3325 2295 3393 2348 Et
3415 2307 3552 2348 eam
3582 2290 3663 2347 ob

295 2391 439 2436 ταῖον
493 2383 748 2456 λαμϐάνει
804 2387 894 2456 μεν
957 2386 1044 2435 τὸν
1105 2380 1276 2436 παῖδα
1321 2387 1405 2436 τὸν
1444 2383 1643 2456 Ἰσαὰκ,
1700 2390 1902 2458 μακρᾶς

2036 2401 2259 2442 :ausam
2316 2388 2628 2457 postremo
2677 2383 2888 2458 recipit
2931 2383 3122 2440 ﬁlium
3151 2381 3663 2448 lsaac,diuturnre

297 2472 463 2544 εὐχῆς
511 2477 600 2524 καὶ
652 2477 879 2534 πίστεως
949 2467 1101 2525 ἆθλον
1159 2477 1248 2524 καὶ
1305 2469 1548 2547 δώρημαο
1601 2470 1782 2532 ἐπειδὴ
1844 2470 1902 2526 δε

2037 2475 2374 2532 »τεοειὶοηίε
2397 2489 2468 2530 ac
2489 2473 2630 2529 fidei
2660 2473 2981 2546 premium
3013 2489 3084 2528 ac
3112 2473 3366 2529 donum.
3391 2474 3535 2527 Cum
3558 2487 3664 2527 au-

297 2560 436 2633 ἐώρα
495 2561 654 2612 αὑτὸν
703 2561 773 2622 εὶς
821 2563 959 2634 ὤραν
1019 2561 1232 2624 ἡλικίας
1270 2562 1635 2640 προϐαίνοντα,
1686 2567 1776 2616 καὶ
1829 2562 1902 2617 έλ-

2037 2580 2130 2620 em
2161 2564 2388 2621 videret
2414 2563 2584 2620 illum
2607 2562 2686 2619 ad
2713 2563 2905 2620 aetatis
2923 2564 3136 2620 ﬂorem
3158 2561 3664 2635 progredientem,

297 2646 464 2712 πίδας
512 2649 716 2721 ἀγαθὰς
756 2658 866 2712 τοῖς
891 2655 1230 2722 γεγεννηκόσι
1260 2656 1563 2725 παρέχοντα
1605 2649 1898 2726 διαδοχῆς,

2041 2654 2516 2725 ικὴὶὺεηῑοωᾳυθ
2537 2652 2890 2725 parentibus
2900 2651 3128 2708 bonam
3151 2667 3326 2724 spem
3340 2649 3668 2708 successio-

300 2744 392 2792 καὶ
428 2747 526 2801 τῆς
576 2743 852 2812 μετέπειτα
908 2747 1000 2791 τοῦ
1053 2745 1227 2812 γένους
1278 2743 1605 2811 συστάσεως,
1645 2746 1704 2795 τό
1761 2761 1902 2802 τηνι-

2039 2745 2106 2799 Iis
2123 2749 2180 2800 et
2201 2743 2436 2814 generis
2453 2743 2531 2799 ad
2554 2747 2830 2815 posteros
2848 2741 3252 2814 propagandi,
3266 2746 3396 2797 tum
3411 2739 3666 2796 domum

299 2836 472 2882 καῦτα
525 2831 658 2900 μετὰ
708 2831 970 2890 τοσαύτας
1009 2827 1228 2893 έλπίδας
1289 2830 1547 2884 κελεύεται
1615 2835 1759 2908 παρὰ
1810 2840 1902 2885 τοῦ

2040 2838 2154 2890 »οει
2193 2847 2334 2906 spes
2365 2837 2567 2888 tantas
2593 2832 2840 2902 jubetur
2868 2848 2904 2888 a
2935 2834 3054 2887 Deo
3075 2832 3238 2888 hunc
3261 2830 3463 2903 ipsum
3484 2829 3564 2886 ad
3584 2827 3667 2886 al-

303 2923 431 2971 Θεοῦ
482 2916 756 2990 ἂναγαγεῖν
787 2918 944 2971 αὐτὸν
989 2919 1056 2981 εἰς
1099 2924 1212 2994 ὄρος
1237 2920 1436 2992 ὑψηλὸν
1473 2924 1574 2994 (9),
1606 2927 1693 2974 καὶ
1746 2941 1902 2975 κατα-

2038 2940 2139 2979 um
2165 2928 2433 2979 montem
2464 2923 2764 2978 deducere
2795 2927 2850 2977 et
2889 2921 3010 2977 illic
3035 2922 3299 2991 largitori
3327 2920 3665 2978 immolare.

304 3008 442 3059 θύειν
500 3014 573 3077 τῷ
633 3003 912 3062 δεδωκότι.
967 3008 1240 3081 Δεξάμενος
1289 3007 1348 3062 δὲ
1371 3014 1464 3068 τὴν
1495 3009 1754 3084 ἀπότομον
1783 3015 1903 3064 ταύ-

2039 3015 2198 3068 ὀτι-ο
2225 3012 2321 3068 ille
2377 3011 2702 3068 durissima
2755 3012 2870 3067 hac
2901 3026 3049 3068 voce
3095 3016 3364 3084 accepta,
3388 3025 3666 3067 munere-

300 3113 395 3154 την
443 3100 633 3169 φωνὴν,
665 3103 754 3150 καὶ
803 3102 897 3157 τὴν
937 3097 1154 3172 φοϐερὰν
1197 3099 1538 3175 λειτουργίαν,
1575 3106 1664 3153 καὶ
1709 3105 1768 3152 τό
1811 3109 1905 3162 τῆς

2038 3117 2133 3175 [ue
2191 3103 2437 3159 horrore
2489 3100 2864 3174 plenissimo,
2896 3105 2954 3156 et
2991 3100 3313 3170 ejusmodi,
3342 3104 3408 3155 ut
3432 3104 3665 3156 tantum

302 3188 503 3258 φύσεως
563 3186 907 3263 ἰσχυρότερον
960 3188 1054 3240 οὐκ
1103 3187 1364 3262 ἐπίταγμα
1432 3194 1588 3262 μόνον
1628 3189 1758 3243 ἀλλὰ
1815 3196 1906 3243 καὶ

2036 3191 2200 3248 nodo
2225 3191 2520 3256 auditum,
2555 3189 2780 3246 nodum
2811 3191 3198 3263 imperatum,
3222 3192 3502 3245 naturam
3533 3187 3663 3244 vin-

301 3275 567 3346 ἄκουσμα,
640 3277 778 3338 ὅπως
845 3278 1023 3351 πράως
1091 3282 1320 3350 ἤνεγκεν,
1377 3281 1512 3341 ὅπως
1573 3280 1666 3332 ούκ
1723 3279 1902 3344 ἐξέστη

2040 3286 2192 3347 :eret,
2217 3282 2346 3336 hinc
2369 3284 2435 3336 ut
2459 3279 2772 3336 moderate
2793 3279 2944 3345 tulit,
2966 3285 3031 3336 ut
3055 3294 3176 3335 non
3196 3279 3326 3350 jam
3354 3282 3556 3334 motus
3577 3281 3667 3332 est

301 3363 396 3424 τὰς
453 3367 654 3436 φρένας,
713 3367 852 3426 ὅπως
905 3365 964 3417 ού
1021 3371 1272 3420 κατέπεσε
1342 3373 1438 3426 τὴν
1517 3368 1728 3440 ψυχὴν,
1795 3369 1906 3422 ἀλλ’

2038 3376 2308 3439 nente,ut
2327 3371 2536 3427 animo
2557 3387 2678 3427 non
2701 3371 2983 3440 concidit,
3000 3370 3106 3428 sed
3127 3376 3419 3442 tanquam
3439 3383 3665 3439 agnum

302 3452 477 3525 ὥσπερ
529 3453 661 3525 οἰρνα
714 3455 830 3505 τινὰ
881 3456 1156 3523 καταθύειν
1203 3455 1417 3528 μέλλων,
1461 3457 1620 3518 οὕτως
1671 3459 1906 3532 ἠρεμαίῳ

2038 3463 2125 3534 57
2140 3463 2190 3532 2
2227 3460 2489 3534 aliquem
2514 3465 2907 3528 mactaturus,
2943 3460 3029 3516 sic
3052 3459 3256 3532 quieto
3277 3466 3333 3516 et
3350 3459 3665 3532 impertur~

301 3545 391 3592 καὶ
446 3539 702 3616 ἁταράχῳ
735 3548 1028 3618 φρονήματι
1074 3547 1161 3596 τὸν
1193 3545 1351 3617 ζυγὸν
1375 3547 1496 3616 (10)
1521 3555 1614 3606 τῆς
1671 3549 1906 3611 ὑπακοῆς

2039 3557 2157 3606 ιιιιο
2181 3551 2410 3618 animo,
2457 3551 2742 3622 imposito
2785 3550 2901 3606 sibi
2948 3549 3306 3606 obedientire
3330 3550 3502 3619 jugo,
3539 3547 3666 3604 ibat

300 3626 614 3703 ἐπιθέμενος,
671 3636 753 3706 ᾔει
807 3637 903 3686 σὺν
959 3642 1034 3705 τῷ
1078 3631 1258 3700 παιδὶ,
1315 3638 1374 3687 τὸ
1439 3638 1777 3710 προσταχθὲν
1826 3635 1906 3689 ix.

2040 3655 2148 3695 :um
2168 3640 2314 3708 ﬁlio,
2337 3641 2500 3713 quod
2529 3641 2892 3713 imperatum
2918 3640 3113 3697 fuerat
3132 3640 3504 3712 expleturus,
3517 3637 3667 3694 nihil

298 3717 609 3792 πληρώσων,
668 3718 820 3776 ούδεν
889 3719 1015 3776 οὐδὲ
1103 3722 1154 3775 ἐν
1224 3727 1391 3796 τούτῳ
1455 3723 1902 3799 πολυπραγμονῶν

2033 3733 2330 3801 ποριετεει
2362 3729 2461 3785 Dei
2483 3729 2780 3800 judicium
2810 3730 3047 3786 curiose
3071 3729 3506 3802 pervestigans,
3547 3743 3660 3784 ne-

300 3811 392 3866 τὴν
465 3817 557 3863 τοῦ
617 3818 754 3864 Θεοῦ
811 3817 1009 3887 κρίσιν,
1081 3809 1206 3866 ούδὶ
1276 3818 1613 3887 μεμφόμενος,
1671 3812 1799 3867 ἀλλὰ
1843 3820 1902 3869 τὸ

2036 3835 2128 3892 [ne
2158 3834 2536 3893 conquerens
2556 3819 2630 3874 de
2657 3819 2863 3885 co,sed
2888 3819 2967 3875 ad
2990 3835 3172 3874 suum
3188 3818 3378 3890 ipsius
3395 3817 3663 3874 ofﬁcium

298 3895 485 3952 οἰκεῖον
525 3909 752 3969 σκοπῶν,
785 3902 924 3964 ὅπως
989 3901 1049 3954 ἃν
1099 3906 1236 3956 κατὰ
1299 3899 1470 3978 μηδεν
1518 3909 1612 3963 τὴν
1665 3905 1901 3966 ὑπακοὴν

2040 3907 2361 3980 aspiciens,
2385 3912 2450 3963 ut
2470 3923 2545 3964 ne
2573 3907 2694 3964 ulla
2717 3909 2777 3963 in
2799 3923 2863 3963 re
2882 3907 3289 3963 obedientiam
3317 3905 3667 3976 infringeret

296 3989 661 4063 παραλύσειεν.
731 3991 882 4044 Οὕτω
917 4011 1000 4044 τοι
1064 3998 1154 4045 καὶ
1209 3993 1445 4070 λαμπρόν
1494 3998 1658 4070 ἤρατο
1719 4001 1900 4069 στέφα-

2041 4013 2206 4053 uam.
2252 3999 2344 4055 Sic
2371 3997 2550 4068 igitur
2577 3997 2960 4069 splendidam
2991 4011 3278 4053 coronam
3308 3999 3667 4052 consecutus

297 4096 400 4149 νον,
476 4087 538 4151 τῇ
617 4080 890 4154 οἰκουμένῃ
963 4081 1129 4141 στήλη
1208 4089 1431 4145 πίστεως
1494 4090 1584 4137 καὶ
1665 4087 1902 4149 ὑπακοῆς

2038 4091 2117 4149 :st,
2142 4086 2248 4143 toti
2288 4092 2583 4143 terrarum
2613 4086 2745 4142 orbi
2770 4085 3128 4142 constitutus
3155 4087 3281 4157 ipse
3308 4084 3450 4142 ﬁdei
3483 4089 3665 4156 atque

301 4163 714 4240 ἱδρυνθείς(Η).
777 4169 924 4228 Ἐνῆν
954 4173 1044 4242 μεν
1074 4172 1163 4222 οὖν
1211 4177 1302 4224 καὶ
1353 4182 1454 4224 τῶν
1502 4173 1692 4226 λοιπῶν
1738 4175 1900 4248 ἁγίων

2037 4175 2367 4233 ὼεάίθιιῐὶω
2389 4176 2693 4232 columna.
2723 4179 2996 4232 Poteram
3022 4175 3271 4248 quidem
3294 4175 3664 4247 reliquorum

299 4264 398 4308 τῶν
435 4260 572 4309 κατὰ
620 4257 846 4309 παλαιὰν
907 4261 1141 4332 ἱστορίαν
1197 4256 1606 4332 διαλαμψάντων
1662 4269 1755 4322 τὴν
1815 4265 1898 4317 εύ-

2035 4263 2191 4319 ιΐὶᾶω
2215 4269 2587 4330 sanctorum,
2605 4263 2712 4336 qui
2732 4264 2794 4320 in
2825 4264 3003 4320 veteri
3022 4264 3274 4321 historia
3300 4263 3662 4328 claruerunt,

300 4347 529 4399 πείθειαν
590 4342 831 4413 διελθεῖν,
887 4346 963 4406 εἰς
1013 4343 1286 4420 παίδευμα
1357 4357 1450 4409 τῆς
1499 4359 1598 4401 τῶν
1656 4350 1898 4410 ἀσκητῶν

2038 4353 2415 4407 ὼθάὶοητὶίιω
2447 4369 2948 4420 commemorare,
2966 4359 3031 4410 ut
3058 4353 3404 4411 obedientia
3430 4358 3665 4410 contra-

301 4432 680 4506 ἁναμφιλέκτου
737 4436 969 4494 ὑπακοῆς
1017 4436 1150 4505 (12),
1197 4435 1304 4486 ἀλλ’
1351 4437 1432 4488 ἵνα
1477 4442 1548 4509 μὴ
1582 4444 1782 4514 μακρὸν
1811 4444 1898 4492 τόν

2037 4441 2288 4496 lictionis
2307 4457 2524 4513 expers
2544 4442 2904 4498 formaretur
2928 4443 2990 4498 in
3010 4444 3225 4500 ascetis
3250 4460 3264 4498 :
3298 4443 3403 4499 sed
3434 4459 3510 4498 ne
3531 4457 3664 4499 ora-

300 4521 448 4575 ).όθον
487 4521 922 4596 ἀπεργασὼμεθα,
975 4523 1194 4576 ἕκαστον
1231 4533 1332 4578 τῶν
1387 4522 1734 4579 παιδεύεσθαι
1774 4528 1899 4600 βου-

2040 4531 2232 4586 ionem
2257 4531 2505 4600 longam
2535 4531 2834 4587 faciamus
2862 4547 3364 4604 unumquemque
3395 4531 3525 4586 haec
3545 4531 3667 4588 dis-

299 4613 523 4687 λομένων
582 4621 644 4687 τῇ
739 4614 990 4688 ἀκροάσει
1071 4623 1170 4667 τῶν
1237 4614 1397 4687 ἁγίων
1474 4623 1685 4690 Γραφῶν
1733 4636 1900 4694 παρα-

2036 4631 2141 4672 ere
2161 4617 2462 4674 volentem
2509 4619 2588 4675 ad
2613 4635 2821 4674 sacras
2850 4619 3079 4675 litteras
3117 4619 3556 4676 auscultandas
3577 4635 3663 4675 re-

299 4702 609 4776 πέμψαντες,
671 4703 821 4756 αὐτοὶ
900 4703 986 4756 ἐπὶ
1064 4709 1181 4765 τοὺς
1260 4707 1501 4778 μαθητὰς
1530 4715 1622 4758 τοῦ
1670 4715 1900 4782 Σωτῆρος

2037 4706 2334 4778 mittentes,
2363 4708 2478 4779 ipsi
2507 4708 2583 4762 ad
2618 4707 2948 4764 Servatoris
2975 4709 3164 4764 nostri
3192 4708 3523 4780 discipulos
3545 4723 3664 4764 ser-

299 4795 386 4844 τόν
415 4792 566 4865 λόγον
595 4793 893 4870 τρεψόμεθα
921 4795 1052 4865 (13),
1088 4790 1380 4858 δεικνύντες
1443 4805 1549 4858 πῶς
1614 4798 1897 4867 ὑπήκουον,

2034 4811 2256 4853 nonem
2301 4802 2762 4863 convertemus;
2810 4798 3134 4869 ostensuri,
3162 4796 3475 4869 quomodo
3516 4797 3661 4854 obe-

300 4887 390 4936 καὶ
441 4891 552 4945 πῶς
592 4885 972 4937 ὑπετάσσοντο.
1047 4881 1252 4956 Ἔλεγεν
1300 4884 1475 4947 αὐτοῖς
1521 4887 1546 4938 ό
1576 4885 1778 4948 Ἰησοῦς
1824 4890 1898 4941 ἔτι

2036 4886 2244 4954 lierint,
2277 4885 2664 4960 quomodove
2691 4885 2914 4942 fuerint
2957 4886 3204 4944 subditi.
3246 4886 3491 4944 Dicebat
3515 4887 3663 4960 ipsis

371 5062 616 5147 (5)nRo‘g.
645 5060 969 5146 secundus.
997 5064 1206 5147 μενεῖ-ὴν
1238 5061 1430 5147 aias-iano
1458 5062 1764 5140 εὐπραγίαν.
1791 5067 1898 5122 Co-

927 5079 969 5117 ε.
997 5064 1206 5147 μενετὴν
1238 5061 1430 5147 aias-iano
1458 5062 1764 5140 εὐπραγίαν.
1791 5067 1898 5122 Co-
2005 5065 2225 5147 legitur
2239 5065 2554 5147 ᾁγᾳιρεβείς-

300 5129 758 5208 dex_Cglb.__pro
785 5129 1078 5208 ἀνάπαυσιν
1103 5132 1290 5191 habet
1323 5135 1517 5191 ἄνεσιν.
1539 5129 1562 5208 μ’
1629 5129 1641 5137 ’

2067 5129 2156 5208 (8)
2188 5129 2336 5194 Εόίῐὶ
2359 5129 2452 5188 Διά
2490 5141 2540 5188 τί
2565 5143 2736 5192 τοῦτο.
2771 5140 2838 5192 At
2861 5152 3009 5193 mss.
3031 5139 3133 5208 Am’
3163 5156 3244 5190 τοι
3269 5143 3441 5193 τοῦτο.

373 5203 658 5281 (6)-Βεςὶῑ
672 5203 979 5281 secundus
1007 5210 1066 5260 et
1103 5210 1368 5281 ‘quartus
1387 5204 1781 5281 ’καταλιμπάνει
1805 5211 1895 5280 μεν

1709 5227 1781 5258 νει
1805 5211 1895 5280 μεν
2079 5203 2155 5281 (9)
2187 5208 2388 5281 Codex
2421 5208 2588 5264 Colb.
2623 5224 2762 5263 cum
2785 5210 2951 5264 Voss.
2976 5207 3176 5280 ὑψηλὸν
3205 5210 3336 5262 λίαν.

301 5275 647 5351 τὴνηιζεεενιι
671 5275 1077 5351 Ραίίεειίῃαιη.
1103 5275 1246 5351 Heg.
1271 5277 1474 5351 tertius
1498 5283 1554 5334 et
1575 5275 1716 5334 editi
1738 5275 1896 5331 κατα-

1776 5275 1896 5331 ατα-
2075 5275 2191 5348 (10)
2226 5280 2376 5335 Editi
2401 5283 2458 5332 τό
2491 5282 2664 5351 ζυγόν.
2698 5284 2767 5335 At
2794 5297 2936 5336 mss.
2969 5275 3088 5336 tros
3112 5284 3196 5332 τόν
3226 5281 3403 5351 ζυγόν.

287 5345 550 5428 λαμϐάνει
587 5351 678 5421 μιν
707 5351 820 5428 τήν,
853 5347 1093 5428 advenit
1124 5345 1606 5428 in’Palmsti‘nam,
1642 5358 1896 5428 occupat

2039 5345 2207 5428 λη),
2232 5353 2468 5406 Veteres
2506 5345 2623 5406 tres
2651 5351 2789 5406 libri
2818 5368 2957 5408 cum
3006 5354 3174 5408 Voss.
3210 5345 3468 5428 ἱδρυνθείς
3507 5354 3657 5413 Editi

304 5417 703 5496 Palaestinam.
728 5420 867 5496 Utra
890 5419 1189 5496 scriptura
1220 5436 1364 5496 γει-θ,
1390 5421 1482 5487 sit,
1511 5417 1713 5496 nescio
1747 5438 1759 5476 :
1786 5417 1896 5478 sed
2005 5417 2264 5496 ἱδρυθείς.

304 5502 388 5567 ex_
405 5493 654 5567 utraque
679 5489 1038 5567 sententiam
1062 5491 1204 5567 satis
1229 5491 1512 5567 idoneam
1533 5492 1689 5547 efﬁci
1716 5509 1894 5564 posse

1647 5493 1689 5547 εἰ
1716 5509 1894 5564 posse
2063 5489 2186 5566 ’(12)
2213 5494 2412 5567 Codex
2444 5492 2610 5548 Colb.
2643 5494 2995 5567 ἀναμφιϐόλου
3027 5497 3274 5556 ὑπακοῆς.

303 5555 578 5640 Μ’ΨῘΓΒΓῙ
606 5564 732 5640 mox
757 5561 952 5640 (φάθι
977 5559 1512 5640 βοὶξςηὲνδῖεεχθέντα
1537 5555 1734 5640 τρπον.’

2073 5555 2188 5636 (l3)
2227 5565 2419 5640 vossii
2457 5570 2630 5640 vetus
2674 5555 2826 5621 libe’r
2880 5567 3029 5640 λόγον
3054 5555 3338 5640 τρέψομεν.
3395 5565 3504 5623 Alii
3533 5567 3655 5629 duo

376 5628 618 5718 Reg.
674 5633 992 5718 tertius.et
1040 5632 1183 5718 editi
1215 5628 1366 5718 ούδέν
1405 5634 1894 5718 μικροψυχεξ..Α1ίί
2001 5685 2003 5691 ι

1782 5635 1894 5693 Alii
2001 5628 2150 5694 mss.
2170 5628 2468 5711 τρέφωμεν.
2503 5635 2666 5695 Alius
2689 5654 2804 5695 ms.
2838 5643 2895 5697 et
2922 5628 3068 5696 e'diti
3090 5628 3402 5717 τρεψόμεθα.

301 5699 598 5758 ᾶυοωδέ.
631 5703 690 5756 οὗ
727 5703 1077 5779 μικροψυχεῖ.
1111 5705 1222 5763 Pro
1254 5699 1693 5779 ἀφαιρεθείσηςῖᾖ
1719 5709 1891 5765 Voss.
