4120 6402
432 381 454 432 1
464 381 565 434 407

1807 380 1866 436 8.
1909 377 2158 435 BASlLll
2196 377 2417 434 MAGNI

3669 390 3688 444 Ι
3701 390 3807 446 408

425 505 595 559 Jesus
641 517 782 559 cum
810 502 992 558 rudes
1021 501 1224 559 adhuc
1249 502 1310 559 in
1347 503 1480 574 ejus
1511 501 1834 576 disciplina
1867 504 2092 572 essent,

2205 504 2301 560 τὴν
2355 500 2532 576 ἀρχὴν
2579 522 2670 565 της
2724 506 3095 577 μαθητευσεως
3134 506 3346 576 έχουσι,
3379 511 3472 560 καὶ
3494 491 3809 585 προσδοκῶέ

428 593 879 666 Dominumque
909 592 1347 648 arbitrarentur
1392 597 1630 650 tantum
1677 609 1802 649 non
1827 594 2088 665 jamiam

427 686 848 752 regnaturum,
870 687 1052 753 atque
1075 682 1490 738 existimarent
1520 698 1581 738 se
1602 681 1750 738 nihil
1779 698 2096 755 perpessu-

426 786 548 836 ros,
585 771 895 828 subituros
926 771 1095 828 nulla
1124 770 1416 844 pericula,
1449 772 1631 828 nullis
1656 771 1946 828 molestiis
1967 773 2094 830 afﬁ-

426 859 697 928 ciendos,
733 861 839 916 sed
865 864 1227 931 regnaturus
1257 877 1398 916 cum
1430 861 1680 932 Christo,
1717 865 1897 934 atque
1917 862 1980 918 in
2008 879 2095 919 re-

427 947 582 1019 galis
612 949 817 1020 gloria
865 948 1186 1021 cultusque
1213 953 1270 1005 et
1299 949 1547 1005 honoris
1579 950 1930 1006 societatem
1957 967 2094 1008 ven-

425 1042 621 1094 turos.
663 1041 855 1112 Atque
884 1043 948 1094 ut
987 1039 1104 1095 hoc
1141 1039 1410 1095 declarat
1444 1042 1669 1110 Petrus,
1701 1055 1838 1095 cum
1888 1043 2093 1098 Jesum

427 1126 503 1183 de
532 1143 644 1184 sua
695 1129 890 1200 ipsius
936 1128 1219 1199 passione
1246 1127 1434 1184 verba
1462 1128 1782 1185 facientem
1823 1130 2094 1203 increpa-

427 1221 548 1272 ret:
580 1218 904 1273 Assumens
935 1219 1110 1281 enim,
1135 1216 1346 1290 inquit,
1376 1233 1510 1272 cum
1537 1217 1775 1289 Petrus,
1799 1220 1976 1288 carpit
2006 1221 2094 1276 in-

426 1322 678 1376 crepare
703 1308 900 1376 illum,
933 1307 1136 1362 dicens
1167 1323 1181 1361 :
1216 1307 1524 1376 Propitius
1551 1308 1630 1362 sis
1661 1307 1790 1378 tibi,
1820 1309 2091 1378 Domine,

427 1412 546 1452 non
573 1398 685 1452 erit
713 1397 824 1451 tibi
844 1397 955 1452 hoc
981 1399 1050 1466 δ’,
1074 1395 1167 1451 his
1189 1395 1390 1452 verbis
1421 1396 1754 1453 ostendens
1784 1397 1929 1454 mali
1946 1397 2094 1455 nihil

426 1492 531 1543 aut
557 1486 794 1542 molesti
813 1486 1190 1559 suspicatum
1218 1502 1280 1542 se
1301 1487 1483 1543 fuisse
1514 1505 1527 1541 :
1558 1487 1637 1544 ita
1662 1504 1908 1562 quoque
1927 1487 2091 1546 idem

425 1575 734 1632 declarant
763 1580 820 1630 et
847 1575 955 1632 ﬁlii
1002 1575 1298 1641 Zebedaei,
1347 1576 1455 1648 qui
1485 1576 1948 1650 deprecaturam
1979 1593 2092 1650 pro

425 1665 573 1738 ipsis
599 1669 858 1721 matrem
890 1665 1248 1722 adduxerint
1279 1665 1359 1722 ad
1387 1666 1729 1738 Dominum,
1754 1672 1819 1724 ut
1860 1667 2092 1725 honore

426 1754 816 1812 afﬁcerentur
845 1756 1132 1812 sedentur
1161 1756 1411 1812 sedendi
1466 1775 1498 1810 δ
1527 1757 1755 1812 dextris
1791 1763 1852 1814 et
1885 1774 1922 1814 a
1951 1758 2091 1814 sini-

427 1845 584 1902 stris.
617 1845 849 1901 Etenim
879 1845 992 1900 nisi
1017 1845 1133 1901 cito
1163 1845 1503 1902 admodum
1524 1851 1917 1916 regnaturum
1949 1864 2091 1904 eum

425 1935 892 1998 existimassent,
923 1951 1046 1992 non
1071 1936 1278 2008 utique
1310 1936 1446 1992 ausi
1493 1935 1747 1993 fuissent
1775 1936 1837 1992 id
1884 1943 2092 2010 postu-

425 2022 588 2093 lare;
623 2025 852 2098 quippe
907 2041 1045 2080 cum
1092 2025 1428 2081 sessionem
1473 2041 1510 2082 a
1547 2025 1774 2082 dextris
1812 2027 1998 2084 Patris
2026 2027 2090 2084 in

427 2113 580 2170 ccelo
601 2114 681 2171 ad
703 2117 1084 2171 Servatorem
1114 2115 1410 2187 pertinere
1438 2115 1856 2186 intelligerent.

497 2206 552 2260 4.
585 2203 740 2270 Quid
779 2203 961 2273 igitur
989 2205 1139 2276 ipsis
1167 2204 1300 2260 haec
1332 2205 1823 2277 exspectantibus
1853 2221 1925 2262 ac
1957 2221 2092 2279 spe-

423 2293 701 2349 rantibus
738 2293 982 2350 dicebat
1007 2298 1034 2348 .'
1051 2295 1209 2351 Ecce
1236 2310 1342 2366 ego
1365 2297 1538 2352 mitto
1566 2311 1668 2351 vos
1690 2298 1846 2352 sicut
1875 2311 2008 2354 oves
2025 2299 2089 2354 in

423 2382 612 2439 medio
644 2384 930 2454 luporum
961 2385 1031 2440 “.
1083 2387 1151 2440 Et
1199 2389 1402 2442 tamen
1453 2400 1516 2440 re
1549 2385 1755 2441 audita
1788 2385 1916 2457 spei
1964 2402 2090 2442 sua:

425 2472 691 2528 maxime
722 2474 1044 2540 contraria,
1069 2490 1463 2547 nequaquam
1481 2475 1963 2546 responderunt:
1987 2478 2092 2533 Ae-

427 2577 808 2617 cesseramus
840 2563 920 2618 ob
950 2563 1102 2620 alias
1129 2580 1288 2636 spes,
1318 2568 1376 2620 et
1411 2568 1474 2620 tu
1503 2564 1804 2621 contraria
1832 2564 1927 2621 his
1951 2581 2090 2638 quas

427 2651 827 2723 speravimus,
885 2653 1166 2725 praecipis
1197 2652 1424 2710 nobis?
1475 2652 1674 2710 Otium
1723 2669 1796 2709 ac
1823 2654 2089 2727 quietem

424 2739 894 2812 speravimus,ct
913 2741 1133 2797 emittis
1153 2740 1233 2797 ad
1254 2741 1525 2812 pericula
1544 2742 1572 2797 ?
1593 2742 2091 2814 Exspectavimus

427 2827 711 2896 honores,
755 2834 815 2885 et
859 2833 924 2885 tu
963 2829 1151 2886 infers
1183 2829 1593 2900 ignominias?
1633 2833 1907 2901 Regnum
1957 2847 2090 2904 spe-

425 2917 721 2988 ravimus,
755 2922 813 2974 et
856 2923 920 2975 tu
952 2925 1017 2975 ut
1061 2919 1360 2990 fugemur,
1391 2919 1793 2993 omniumque
1835 2921 1993 2978 servi
2014 2921 2090 2978 si-

427 3023 587 3075 mus,
630 3007 810 3078 jubes
835 3009 864 3065 ?
905 3009 1062 3066 Nihil
1114 3009 1334 3066 horum
1381 3009 1685 3080 dixerunt,
1717 3011 1954 3067 tametsi
1995 3010 2090 3068 his

426 3111 566 3170 qua
604 3097 888 3166 diximus,
921 3099 1098 3172 plura
1144 3099 1262 3156 alia
1306 3099 1709 3172 gravioraque
1752 3099 2088 3167 audierant,

424 3185 609 3280 veluti
635 3186 820 3244 illud:
861 3190 1129 3246 Tradent
1158 3205 1260 3246 vos
1285 3191 1348 3246 in
1389 3189 1836 3258 tribulationes,
1867 3195 1924 3246 et
1942 3191 2091 3247 occi-
2129 3226 2172 3280 ο

425 3277 566 3334 dent
597 3293 723 3350 vos,
753 3285 808 3336 et
837 3281 1006 3336 eritis
1048 3281 1182 3336 odio
1214 3280 1488 3337 omnibus
1529 3281 1805 3351 gentibus
1839 3286 2091 3351 propter

426 3383 642 3425 nomen
671 3383 867 3425 meum
890 3371 959 3422 “.
992 3371 1064 3426 Et
1095 3370 1178 3426 ad
1203 3370 1490 3440 praesides
1520 3376 1576 3428 et
1604 3385 1770 3441 reges
1790 3370 2093 3427 ducemini

421 3463 680 3527 propter
701 3473 796 3515 me
816 3460 884 3515 ⁵⁸.
911 3461 1117 3533 Itaque
1149 3476 1287 3516 cum
1316 3460 1447 3516 haec
1472 3461 1680 3517 omnia
1714 3465 1932 3532 praeter
1955 3475 2089 3516 exs-

424 3546 830 3619 pectationem
851 3548 1248 3617 audivissent,
1263 3549 1702 3606 tameninﬂexa
1721 3551 1945 3606 mentis
1969 3564 2090 3605 cer-

425 3635 897 3703 vice,subierunt
907 3638 1124 3708 jugum
1137 3639 1488 3711 ,animoque
1502 3637 1686 3696 alacri
1699 3638 1778 3695 ad
1799 3636 2090 3710 pericula,

427 3725 508 3782 ad
527 3726 680 3799 fora,
706 3727 786 3783 ad
803 3727 1224 3795 contumelias,
1249 3728 1329 3784 ad
1351 3727 1862 3800 lapidationes,ad
1878 3727 2090 3798 ﬂagra,

427 3815 508 3872 ad
527 3815 918 3886 ignominias,
939 3817 1018 3872 ad
1046 3832 1276 3887 cruces,
1312 3817 1392 3872 ad
1422 3817 1618 3873 varias
1658 3822 1885 3874 mortes
1915 3816 2090 3889 573

425 3921 797 3978 processere.
831 3907 960 3962 Imo
991 3907 1174 3962 etiam
1212 3906 1342 3963 haec
1377 3905 1755 3978 pertulerunt
1783 3906 2095 3962 alacritate

426 3999 616 4064 tanta,
670 3999 736 4052 ut
789 3995 981 4066 gavisi
1055 3996 1193 4064 sint,
1249 3997 1600 4069 egerintque
1651 3996 1814 4053 diem
1872 3995 2096 4052 festum

425 4085 743 4158 splendide
763 4091 913 4158 tum,
945 4103 1086 4142 cum
1116 4087 1306 4143 habiti
1353 4092 1493 4144 sunt
1521 4087 1711 4158 digni,
1747 4086 1855 4160 qui
1884 4087 2099 4142 tierent

427 4174 641 4230 Christi
685 4177 1047 4247 passionum
1101 4176 1446 4250 participes.
1517 4176 1877 4233 Gaudebant
1917 4176 2096 4242 enim,

429 4263 646 4337 inquit,
670 4267 832 4338 quod
868 4267 1042 4336 digni
1081 4266 1294 4337 habiti,
1324 4273 1466 4323 sunt
1504 4282 1618 4337 pro
1637 4267 1882 4323 nomine
1910 4265 2098 4334 ipsius

430 4357 858 4412 contumeliam
885 4358 1020 4426 pati
1040 4358 1107 4412 ⁸⁸.
1136 4356 1402 4426 Exigitur
1421 4355 1502 4412 ab
1529 4371 1603 4411 eo
1629 4355 1734 4428 qui
1761 4353 2099 4411 secundum

431 4446 621 4500 Deum
652 4451 854 4502 osceta
899 4451 1012 4516 est,
1068 4450 1134 4503 ut
1177 4461 1288 4502 suo
1335 4447 1617 4519 praefecto
1666 4445 1825 4501 hanc
1855 4447 2102 4517 praestet

429 4533 865 4590 obedientiam.
900 4534 1174 4592 Christus
1221 4533 1384 4590 enim
1427 4533 1606 4604 elegit
1651 4533 2004 4606 discipulos,
2035 4536 2101 4588 ut

430 4621 611 4695 hujus
635 4623 878 4680 vivendi
906 4623 1143 4695 generis
1172 4623 1508 4697 quamdam
1539 4623 1800 4679 formam
1836 4621 2098 4679 homini-

430 4711 566 4776 bus,
617 4713 792 4769 sicuti
839 4719 1018 4771 antea
1070 4713 1249 4770 nobis
1303 4712 1531 4769 dictum
1574 4717 1683 4779 est,
1711 4712 2097 4784 relinqueret.

432 4804 582 4859 Nam
604 4803 922 4874 praefectus
943 4803 1091 4860 nihil
1113 4803 1280 4860 aliud
1305 4808 1395 4860 est
1417 4801 1536 4859 nisi
1556 4802 1608 4858 is
1632 4802 1738 4875 qui
1767 4817 2097 4876 personam

2209 609 2313 658 σιν,
2368 594 2490 646 ὅσον
2539 591 2749 647 οὐδέπω
2833 592 3152 666 βασιλεῦσαι
3220 597 3307 646 τὸν
3364 602 3652 666 Δεσπότην,
3719 606 3809 656 xui

2204 679 2680 755 ὑπολαμϐάνουσιν,
2735 685 2816 736 ὄτι
2873 689 2962 736 xui
3039 682 3190 736 αὐτοὶ
3241 694 3529 758 καμοῦνται
3723 691 3807 744 οὑ-

2205 765 2314 839 δὲν,
2341 768 2465 824 οὐδε
2522 769 2977 839 κινδυνεύσουσιν,
3012 769 3135 826 ούδε
3178 776 3572 845 κοιπιάσουσιν,
3608 779 3810 852 συμϐα·

2206 858 2512 912 σιλεύσουσι
2539 857 2599 913 δὲ
2629 868 2866 934 Χριστῷ,
2901 866 2990 914 καὶ
3025 870 3086 922 τῆ
3099 883 3120 925 ς
3151 861 3439 934 βασιλικῆς
3489 863 3666 930 δόξης·
3716 874 3808 924 xui

2204 947 2476 1019 θεραπείας
2514 953 2606 1001 καὶ
2651 956 2810 1021 τιμῇς
2869 949 3275 1022 συμμεθέξουσι.
3335 956 3434 1005 Καὶ
3465 961 3617 1008 τοῦτο
3653 952 3810 1015 δηλοῖ

2200 1037 2290 1108 μὶν
2354 1039 2549 1109 Πέτρος
2615 1037 2728 1108 (14)
2790 1035 3041 1111 ἐπιτιμῶν
3105 1048 3178 1110 τῷ
3238 1040 3436 1109 Ἰησοῦ,
3470 1044 3631 1101 ἡνίκα
3689 1051 3808 1120 περὶ

2199 1132 2290 1178 τοῦ
2337 1125 2531 1179 οἰκείου
2585 1129 2788 1189 πάθους
2843 1126 3064 1182 έποιείτο
3125 1133 3246 1191 τοὺς
3301 1129 3508 1203 λόγους·
3565 1134 3807 1210 Προσλα-

2201 1212 2414 1286 ϐόμενος
2508 1217 2612 1290 γὰρ
2697 1216 2872 1281 αὑτὸν,
2937 1222 3119 1290 φησιν,
3206 1220 3233 1271 ό
3325 1225 3536 1294 Ιιέτρος,
3608 1223 3806 1297 ἤρξατο

2201 1301 2444 1378 ἐπιτιμᾷν
2508 1305 2674 1376 αύτῷ,
2723 1304 2882 1377 λέγων
2909 1323 2922 1336 ⁶
2982 1305 3152 1369 Ἵλεώς
3212 1327 3316 1380 σοι,
3374 1313 3548 1383 Κύριε,
3614 1313 3674 1366 οὑ
3726 1319 3799 1387 μη

2201 1394 2352 1446 ἔσται
2406 1412 2491 1449 σοι
2537 1401 2708 1446 τοῦτο·
2760 1399 2852 1447 καὶ
2881 1392 3086 1458 δεικνύς
3121 1399 3412 1470 ταύτη,ὃτι
3460 1397 3576 1453 οὐδ’
3629 1401 3804 1462 ὀπωσ,

2199 1490 2343 1535 τιοῦν
2399 1487 2514 1547 (25)
2560 1481 2866 1559 προσεδόκα
2919 1482 3203 1560 δυσχερές’
3239 1483 3467 1546 δηλοῦσι
3520 1486 3580 1542 δε
3616 1495 3709 1544 καὶ
3751 1491 3802 1545 οἱ

2200 1573 2306 1624 υἱοὶ
2361 1569 2642 1626 Ζεϐεδαίου
2719 1578 2813 1632 τὴν
2900 1578 3104 1650 μητέρα
3191 1577 3599 1651 παρακαλοῦσαν
3675 1581 3801 1656 ὑπερ

2200 1661 2369 1714 αὑτῶν
2408 1670 2481 1732 τῷ
2533 1667 2709 1738 Κυρίῳ
2748 1669 3190 1737 προσαγαγόντες,
3230 1668 3366 1720 ὥστε
3415 1675 3477 1740 τῇ
3526 1666 3582 1720 έκ
3621 1665 3804 1733 δεξιῶν

2200 1755 2290 1803 καὶ
2320 1759 2381 1823 τῇ
2417 1749 2471 1815 εξ
2520 1751 2793 1825 εὐωνύμων
2840 1755 3136 1826 τιμηθῆναι
3165 1751 3445 1830 ξκαθέδρᾳ.
3485 1757 3547 1811 Εἰ
3591 1761 3692 1832 γὰρ
3725 1764 3797 1831 μὴ

2131 1859 2171 1913 Β
2202 1840 2396 1893 αὐτίκα
2458 1840 2602 1914 μάλα
2677 1840 2978 1914 βασιλεύειν
3043 1843 3200 1896 αὑτὸν
3275 1845 3656 1919 ὑπελάμϐανον,
3706 1849 3802 1903 οὑκ

2201 1929 2261 1983 ἂν
2313 1938 2466 1984 τοῦτο
2533 1929 2823 2004 ἐτόλμησαν
2900 1933 3140 2003 αἰτῆσαι,
3195 1939 3284 1994 τὴν
3351 1934 3409 1988 έκ
3477 1933 3660 2000 δεξιῶν
3713 1946 3804 1993 τοῦ

2201 2023 2408 2094 Πατρός
2433 2019 2482 2073 έν
2520 2019 2754 2095 οὐρανοῖς
2783 2019 3044 2099 καθέδραν
3088 2031 3182 2078 τοῦ
3212 2031 3450 2097 Σωτῆρος
3494 2021 3804 2099 διανοούμεο

2198 2128 2277 2162 νοι
2307 2113 2442 2180 (ιθ).

2269 2203 2326 2256 4.
2356 2205 2420 2254 Τί
2457 2197 2543 2253 οὖν
2592 2208 2761 2254 ταῦτα
2797 2199 3169 2275 προσδοκῶσιν
3196 2204 3374 2268 αὑτοῖς
3419 2209 3509 2258 καὶ
3559 2204 3805 2269 έλπίζονο

2200 2308 2284 2342 σιν
2341 2289 2548 2362 alr/sv;
2614 2287 2752 2345 Ἰδοὺ
2812 2289 2909 2363 ἐγὼ
2992 2290 3292 2346 ἀποστέλλω
3348 2296 3485 2368 ὑμᾶς
3549 2297 3619 2357 ὡς
3679 2299 3806 2370 πρό-

2199 2377 2336 2433 ϐατα
2395 2378 2444 2431 ἐν
2509 2385 2654 2453 μέσῳ
2736 2380 2927 2436 λύκων.
3003 2387 3105 2435 Kui
3170 2384 3304 2436 οὑτω
3377 2391 3600 2459 πρᾶγμα
3663 2384 3807 2438 ένανο

2197 2476 2447 2523 τιὼτατον
2495 2479 2590 2533 τῆς
2651 2470 2846 2534 οἰκείας
2893 2469 3105 2536 ἐλπίδος
3143 2471 3477 2542 ἀκούσαντες,
3507 2474 3601 2528 οὑκ
3639 2471 3802 2543 εἶπον,

2199 2561 2280 2613 ὅτι
2329 2559 2435 2634 Ἐφ’
2487 2559 2682 2634 ἑτέραις
2745 2560 2920 2614 ἐλπίσι
2995 2563 3380 2638 προσηλθομεν,
3434 2569 3526 2618 καὶ
3598 2564 3806 2620 ἐναντία

2199 2657 2298 2702 τῶν
2352 2649 2695 2703 έλπισθέντων
2749 2654 3107 2726 προστάσσεις
3161 2655 3326 2727 iapix;
3379 2653 3588 2708 Ἀνεσιν
3639 2675 3802 2730 προσ·

2200 2735 2550 2812 εδοκήσαμεν,
2603 2745 2694 2792 καὶ
2749 2745 2879 2816 πρὸς
2915 2738 3190 2806 κινδύνους
3245 2742 3516 2817 ἐκπέμπεις
3557 2761 3571 2811 ;
3634 2747 3803 2817 Τιμὰς

2200 2827 2522 2902 ἠλπίσαμεν,
2579 2833 2670 2882 xui
2731 2829 2942 2904 ἀτιμίας
3005 2832 3402 2908 παρεισϐάλλεις
3454 2838 3594 2905 (l7);
3644 2841 3802 2888 Βασι·

2198 2917 2336 2972 λείαν
2391 2917 2880 2994 προσεδοκήσαμεν,
2947 2926 3038 2975 καὶ
3077 2926 3136 2976 τὸ
3187 2921 3493 2978 ἐλαύνεσθαι
3538 2928 3628 2977 καὶ
3663 2925 3800 2978 πάν-

2201 3028 2299 3061 των
2345 3005 2566 3072 δούλους
2619 3007 2749 3063 εἶναι
2838 3009 3152 3085 διακελεύη;
3219 3010 3389 3065 Ούδεν
3457 3015 3652 3065 τούτων
3707 3012 3804 3065 οὑκ

2201 3106 2362 3166 εἶπον,
2447 3105 2634 3174 καίπερ
2721 3100 2871 3172 ἕτερα
2959 3108 3057 3152 τῶν
3133 3100 3411 3172 εἰρημένων
3485 3099 3804 3161 ἀκούσαντες

2200 3188 2410 3242 πλείονα
2493 3191 2583 3240 καὶ
2663 3186 2951 3262 βαρύτερα,
3027 3188 3132 3240 οἷον
3205 3191 3284 3255 τὸ,
3335 3185 3805 3264 ’Παραδώσουσιν

2202 3279 2339 3350 ὑμᾶς
2410 3276 2482 3338 εἰς
2564 3274 2789 3346 θλίψεις,
2855 3281 2946 3329 καὶ
3026 3275 3399 3330 ἀποκτενοῦσιν
3483 3280 3640 3351 ὑμᾶς,
3717 3281 3810 3330 καὶ

2201 3365 2381 3419 ἔσεσθε
2471 3366 2785 3437 μισούμενοι
2859 3366 2962 3418 ὑπό
3042 3368 3246 3418 πάντων
3328 3375 3430 3418 τῶν
3495 3365 3651 3419 ἐθνῶν
3713 3361 3812 3418 διὰ

2199 3458 2259 3508 τὸ
2309 3456 2471 3528 ὄνομά
2513 3473 2637 3527 μου.
2682 3457 2783 3508 Καὶ
2840 3452 2928 3506 ἐπὶ
2989 3455 3242 3527 ἡγεμόνας
3299 3452 3359 3508 δε
3427 3460 3518 3508 καὶ
3577 3453 3812 3528 βασιλεῖς

2201 3545 2512 3617 ἀχθήσεσθε
2560 3544 2722 3596 ἕνεκεν
2781 3543 2931 3616 έμοῦ.
2993 3549 3175 3597 Ταῦτα
3251 3547 3425 3597 τοίνυν
3501 3546 3673 3598 πάντα
3714 3564 3814 3598 πα·

2199 3636 2270 3707 ρὰ
2319 3638 2414 3693 τὴν
2473 3628 2800 3708 προσδοκίαν
2876 3631 3216 3702 ἀκούσαντες,
3280 3632 3544 3696 κλίναντες
3579 3637 3668 3686 τόν
3720 3633 3813 3687 αὑ-

2201 3728 2335 3801 χένα
2389 3733 2486 3785 τῆς
2553 3719 2812 3789 διανοίας,
2855 3726 2941 3775 τόν
2982 3724 3144 3795 ζυγὸν
3191 3722 3422 3782 ὑπῆλθον
3475 3728 3566 3776 καὶ
3594 3728 3816 3800 προχεί-

2201 3833 2306 3888 ρως
2343 3811 2426 3866 ἐπὶ
2481 3815 2600 3874 τοὺς
2655 3808 2949 3879 κινδύνους,
3015 3810 3099 3864 έπὶ
3142 3815 3236 3873 τὰς
3285 3811 3479 3885 ἀγορὰς
3532 3814 3669 3884 (18),
3726 3812 3811 3867 ini

2203 3905 2298 3965 τὰς
2363 3900 2553 3976 ὕϐρεις,
2614 3899 2696 3954 ἐπὶ
2748 3903 2864 3961 τοὺς
2928 3899 3218 3974 λιθασμοὺς
3271 3899 3356 3954 ἐπὶ
3416 3904 3540 3964 τοὺς
3621 3898 3810 3977 ῥαϐδι-

2207 3995 2394 4065 σμοὺς,
2463 3989 2548 4042 επὶ
2621 3991 2709 4051 τὰς
2783 3988 3018 4062 ἀτιμίας,
3087 3989 3170 4043 έπὶ
3222 3993 3344 4052 τούς
3390 3995 3670 4066 σταυροὺς,
3723 3990 3810 4044 έπὶ

2204 4086 2325 4143 τοὺς
2379 4078 2651 4140 ποικίλους
2705 4081 2956 4140 θανάτους
3005 4077 3311 4154 ἐχώρησανο
3374 4085 3465 4133 xui
3510 4083 3641 4154 μετὰ
3691 4099 3814 4135 τοσ-

2203 4173 2371 4232 αύτης
2444 4170 2741 4244 προθυμίας
2787 4176 2954 4221 ταῦτα
3021 4170 3267 4242 ὑπέμενον
3327 4170 3461 4241 (19),
3512 4172 3643 4232 ᾦστε
3689 4175 3816 4244 χαί-

2205 4279 2310 4335 ρειν
2350 4259 2541 4320 αὑτούς
2595 4263 2686 4312 καὶ
2736 4257 2997 4332 ἑορτάζειν
3062 4258 3330 4335 λαμπρῶς,
3389 4261 3546 4319 ἡνίκα
3595 4259 3657 4312 ἂν
3703 4267 3816 4322 τοῖς

2205 4358 2298 4404 τοῦ
2365 4355 2604 4425 Χριστοῦ
2671 4349 2956 4421 παθήμασι
3010 4357 3328 4408 κοινωνῆσαι
3383 4349 3812 4412 κατηξιώθησαν.

2206 4439 2463 4515 Ἔχαιρον
2557 4441 2684 4511 γὰρ,
2776 4443 2960 4511 φησὶν,
3040 4440 3120 4491 ὃτι
3204 4438 3611 4502 κατηξιώθησαν
3683 4441 3812 4513 ὑπερ

2205 4538 2296 4583 τοῦ
2379 4529 2627 4602 ὀνόματος
2720 4527 2878 4581 αὑτοῦ
2964 4527 3345 4602 ἀτιμασθῆναι.
3431 4532 3641 4588 Ταύτην
3718 4534 3816 4589 τήν

2208 4619 2496 4673 εὐπείθειαν
2551 4617 2851 4672 ἁπαιτεῖται
2921 4619 2947 4671 ὁ
3040 4621 3178 4671 κατὰ
3250 4621 3381 4671 Θεὸν
3445 4616 3686 4681 ἀσκητὴς
3737 4627 3812 4690 τῷ

2206 4711 2479 4782 ἡγουμένῳ
2507 4708 2861 4784 εἰσφέρεσθαι.
2896 4711 3130 4779 Χριστὸς
3181 4710 3284 4782 γὰρ
3341 4710 3580 4781 μαθητὰς
3627 4708 3807 4775 εἵλετο,

2205 4807 2389 4854 τοῦτον
2471 4801 2558 4851 τὸν
2635 4795 2776 4871 βίον,
2839 4799 2904 4858 ὡς
2959 4793 3068 4857 ἤδη
3125 4803 3436 4872 προείπομεν
3493 4799 3631 4871 (20),
3703 4806 3811 4861 τοῖς

505 4957 554 4992 ﬂ
593 4954 792 5011 Matth.
827 4971 943 5023 xvx,
977 4959 1067 5012 22.
1146 4956 1195 4992 ‘3
1233 4955 1433 5014 Matth.
1476 4971 1537 5018 x,
1574 4959 1660 5012 16.
1739 4955 1787 4992 ⁶⁶
1826 4956 2029 5012 Matth.
2058 4969 2092 5010 x

2203 4997 2217 5025 ,
2251 4955 2302 5008 9.
2381 4952 2429 4988 ⁵⁵
2470 4946 2673 5007 Matth.
2706 4963 2766 5019 x,
2801 4947 2886 5002 18.
2963 4947 3011 4982 ⁶⁶
3049 4949 3178 5003 Act.
3201 4963 3259 5017 v,
3283 4950 3370 5004 41.

655 5107 900 5188 ἔτιῐὶᾳυί
944 5110 1063 5164 tres
1091 5106 1229 5188 libri
1253 5110 1344 5182 μεν
1382 5112 1472 5188 καί
1493 5111 1739 5188 liii-pagi.
1771 5176 1782 5188 .

505 5175 620 5250 (t5)
655 5175 834 5250 Unus"
848 5196 962 5236 ms.
981 5195 1123 5236 cum
1151 5175 1318 5236 Voss.
1344 5176 1459 5232 οὐδ’
1484 5175 1676 5235 ὁτιοῦν.
1700 5176 1932 5233 Ibidem
1962 5175 2088 5231 duo

435 5248 987 5330 ωξξεξτί..δυσχερέςο
1173 5326 1182 5330 ,
1481 5320 1493 5330 .
1784 5318 1795 5330 .

505 5324 621 5394 (16)
649 5324 749 5396 δίο,
781 5315 1012 5379 veteres
1040 5326 1305 5396 quatuor
1359 5319 1517 5377 libri.
1559 5319 1711 5376 Editi
1740 5318 1798 5371 ού
1842 5315 2090 5371 διανοού-

477 5413 600 5463 ενοι,
633 5395 811 5450 male.

434 5417 600 5466 μενοι,
633 5417 811 5450 male.

505 5468 615 5536 (l7)
668 5470 810 5538 Reg.
877 5465 1180 5521 secundus
1237 5467 1294 5519 et
1341 5461 1508 5520 Colb.
1559 5460 1748 5538 fitnisi}
1776 5460 2092 5538 περιϐάλλεις

437 5519 1244 5608 ignominia?circumcingis.
1284 5538 1411 5593 Mox
1462 5519 1660 5590 codex
1704 5519 1875 5589 Voss.
1927 5519 2093 5608 βαρύξ

435 5604 589 5684 τέρα.
609 5611 860 5684 Τότε-γαρ
892 5604 1328 5684 παραδώσουσιν.

507 5683 624 5754 (18)
656 5675 807 5737 Editi
827 5675 886 5737 et
909 5675 1057 5750 Rég.
1095 5679 1308 5737 tertius
1345 5677 1428 5732 έπὶ
1455 5679 1548 5740 τὰς
1577 5675 1789 5753 ἀγοράς.
1831 5675 1940 5734 Alii
1970 5675 2095 5733 duo

2197 5119 2373 5182 ξηβεο.
2404 5117 2545 5182 συξη
2585 5102 2770 5182 νρεεε.
2802 5097 2895 5182 is!
2951 5101 3049 5182 τδεξ
3083 5097 3379 5182 ﬁerem
3410 5099 3576 5182 ᾼὲίιιε
3613 5099 3807 5182 cede!

2200 5177 2283 5228 ἐπὶ
2322 5176 2417 5236 τὰς
2465 5173 2702 5245 οἰσγωγοὲςἶ
2733 5169 2963 5245 Ibidem
3001 5169 3395 5245 Vossiivetus
3425 5171 3577 5228 liber
3606 5176 3663 5228 et

2198 5245 2333 5321 duo?
2353 5239 2770 5321 libuépob;,_ini
2785 5239 3138 5321 ῥαϐδισμοὺς.
3166 5242 3341 5315 lllud,
3374 5243 3459 5298 έπὶ
3488 5247 3605 5305 τούς
3619 5239 3803 5321 ῥαϐδι-

2206 5320 2387 5391 σμούς,
2429 5313 2718 5391 dceratin
2749 5313 3028 5391 vulgatis.

2275 5387 2390 5459 (19)
2446 5387 2595 5444 Editi
2626 5389 2920 5459 ὑπέμειναν.
2971 5388 3044 5442 At
3074 5401 3219 5442 mss.
3253 5391 3369 5442 tres
3399 5390 3620 5460 praeter
3639 5387 3808 5442 Voss.

2201 5479 2468 5514 ὑπεμενον.

2433 5511 2580 5586 Editi
2638 5529 2797 5601 εἵλετο
2833 5536 3008 5601 τοῦτον
3060 5532 3147 5601 τόν
3183 5528 3300 5601 βίον
3333 5529 3546 5601 ζηλοῦν,
3579 5532 3644 5592 ὡς
3698 5526 3807 5588 ἤδη

2205 5570 2429 5676 εῖτὲιῖρῖέν.
2458 5570 2694 5676 faleras
2717 5599 2839 5676 duo
2852 5600 2989 5676 libri
3012 5605 3079 5676 ut
3095 5600 3155 5656 in
3177 5570 3483 5676 contextu.
3503 5570 3812 5676 scriptun;

2202 5671 2448 5750 quoque
2481 5671 2781 5730 invenitur
2807 5672 2869 5730 in
2896 5671 3084 5731 Vossii
3103 5671 3312 5729 codice
3338 5671 3670 5747 προείπομεν.
3697 5672 3814 5731 lbi-
