4120 6378
225 5515 234 5520 .
322 5472 418 5549 ἆκρ
425 5475 580 5541 ιϐείεις

295 303 432 359 1409

1439 283 2029 353 CONS’I’I'I‘UTIONES
2067 283 2503 348 ΜΟΝΛΒΤΙΟΕ.

3516 297 3656 354 1410

293 425 586 502 ἀνθρώποις
634 428 830 477 τυπῶν.
877 420 936 475 Ὀ
982 423 1086 498 γὰρ
1140 422 1530 494 καθηγούμενος
1583 413 1734 471 οῦδὲν
1782 416 1890 467 ἕτε-

2017 413 2335 470 Servatoris
2378 415 2653 482 sustinet,
2684 432 2823 473 cum
2855 420 2915 474 et
2941 417 3042 474 Dei
3088 417 3532 494 hominumque
3560 421 3656 478 fa-

293 521 383 592 ρόν
423 515 562 568 ἐστιν
610 515 639 573 ἦ
694 515 721 565 6
767 519 858 565 τοῦ
907 520 1140 586 Σωτῆρος
1204 511 1406 583 ἐπίχων
1451 513 1763 585 πρόσωπον,
1803 508 1892 556 καὶ

295 610 514 678 μεσίτης
553 610 687 657 Θεοῦ
727 605 811 654 καὶ
858 600 1135 675 ἀνθρώπων
1164 606 1453 674 γενόμενος,
1485 603 1576 650 καί
1615 599 1893 672 ἰερουργῶν

293 701 368 764 τῷ
398 701 511 764 Θεῷ
540 696 635 750 τὴν
664 699 764 743 τῶν
791 692 1105 763 πειθομένων
1129 690 1271 760 αὐτῷ
1305 693 1588 763 σωτηρίαν.

369 787 420 839 5.
464 787 565 835 Καὶ
591 788 746 834 τοῦτο
776 779 899 853 παρ’
930 779 1090 832 αὐτοῦ
1118 786 1211 832 τοῦ
1239 786 1475 854 Χριστοῦ
1512 772 1890 847 παιδευόμεθα,

298 875 488 946 Πέτρον
534 873 756 942 ποιμένα
806 868 919 942 μεθ’
964 869 1144 922 ἑαυτὸν
1195 877 1291 930 τῆς
1344 866 1656 926 Ἐκκλησίας
1710 863 1893 916 ἑαυτοῦ

295 963 680 1020 καθιστῶντος·
737 962 896 1030 ῐιέτρε
958 961 1101 1032 γὰρ,
1166 963 1334 1031 φησὶ,
1403 956 1558 1029 φιλεῖς
1624 973 1687 1028 με
1744 952 1894 1005 πλέον

295 1053 528 1116 τούτων;
587 1053 835 1122 Ποίμαινε
899 1050 966 1100 τὰ
1015 1047 1256 1122 πρόϐατά
1311 1064 1440 1120 μου·
1482 1052 1618 1098 πᾶσι
1677 1040 1737 1096 δε
1791 1049 1895 1102 τοῖς

297 1139 476 1212 ἑφεξῆς
502 1142 720 1211 ποιμέσι
753 1141 844 1189 καὶ
875 1133 1224 1198 διδασκάλοις
1265 1141 1358 1194 τὴν
1406 1138 1530 1192 ἴσην
1572 1137 1895 1207 παρέχοντος

298 1227 555 1291 ἕξουσίαν.
609 1231 710 1280 Καὶ
761 1228 950 1278 τούτου
1010 1233 1222 1299 σημεῖον
1281 1229 1340 1278 τό
1402 1221 1612 1295 δεσμεῖν
1671 1223 1897 1282 ἅπαντας

296 1318 525 1390 ὁμοίως,
589 1320 680 1368 καὶ
739 1314 877 1367 λύειν
933 1316 1108 1376 ὥσπερ
1166 1313 1372 1374 ἐκεῖνος.
1425 1312 1624 1387 Ὠσπερ
1683 1307 1772 1362 οὖν
1830 1313 1898 1362 τὰ

294 1404 536 1479 πρόϐατα
598 1411 672 1474 τῷ
735 1406 943 1476 ποιμένι
1006 1406 1274 1470 πείθεται,
1341 1405 1508 1475 ταύτῃ
1572 1404 1892 1476 τρεπόμενα,

295 1495 428 1567 ᾗπερ
474 1493 534 1545 ἂν
581 1495 608 1546 ὁ
664 1497 860 1565 ποιμὴν
913 1492 1016 1566 ἄγη
1044 1514 1058 1527 ο
1114 1493 1250 1546 οὕτω
1295 1496 1555 1565 προσήκει
1590 1494 1711 1552 τοὺς
1763 1492 1898 1542 κατὰ

298 1588 428 1637 Θεὸν
489 1581 722 1643 ἀσκητάς
787 1591 897 1646 τοῖς
961 1585 1372 1656 καθηγουμένοις
1443 1581 1755 1650 πείθεσθαι,
1823 1584 1893 1649 μὴ

296 1673 857 1749 πολυπραγμονοῦντας
933 1675 999 1726 τὰ
1081 1671 1413 1745 ὶπιτάγματα
1434 1713 1448 1739 ,
1525 1671 1648 1724 ὅταν
1722 1669 1896 1745 ἁμαρ-

2002 506 2136 559 ctus
2167 505 2243 560 sit
2288 505 2603 572 mediator,
2635 510 2692 562 et
2723 509 2841 563 Deo
2879 505 3092 566 oﬂ‘erat
3129 510 3384 568 salutem
3417 526 3653 580 eorum,

2002 592 2108 664 qui
2134 593 2246 650 sibi
2273 600 2505 667 parent.

2076 774 2127 827 5.
2167 775 2359 844 Atque
2403 771 2520 828 hoc
2569 771 2650 830 ab
2700 772 2838 846 ipso
2887 774 3117 832 Christo
3159 776 3506 849 edocemur,
3553 795 3663 852 qui

2003 865 2143 932 post
2165 877 2229 918 se
2255 865 2493 918 Petrum
2523 862 2800 920 Ecclesia:
2826 881 2952 920 suae
2981 871 3292 936 pastorem
3317 870 3657 927 constituit:

2004 951 2184 1006 Petre
2203 952 2388 1017 enim,
2412 952 2625 1024 inquit,
2649 953 2856 1024 diligis
2887 969 2979 1011 me
2991 957 3137 1024 plus
3159 956 3246 1012 his
3263 961 3288 1012 γ
3315 960 3504 1016 Pasce
3525 975 3661 1017 oves

2003 1055 2162 1097 meas
2186 1043 2255 1094 ⁸⁷.
2287 1045 2478 1114 Atque
2510 1043 2692 1099 etiam
2721 1044 3008 1100 omnibus
3048 1044 3263 1101 futuris
3314 1049 3661 1119 pastoribus

2005 1145 2076 1186 ac
2109 1130 2410 1200 magistris
2439 1131 2722 1188 eamdem
2749 1137 3111 1205 potestatem
3141 1135 3366 1192 tribuit.
3391 1139 3456 1192 Et
3482 1138 3665 1209 hujus

2003 1219 2089 1277 rei
2117 1226 2546 1290 argumentum
2577 1227 2687 1288 est,
2718 1223 2888 1295 quod
2935 1240 3150 1280 omnes
3189 1226 3440 1298 perinde
3483 1231 3665 1300 atque

2004 1308 2101 1366 ille
2143 1308 2330 1378 ligent
2359 1315 2414 1366 et
2445 1310 2705 1368 solvant.
2744 1314 2813 1368 Ut
2857 1312 3039 1383 igitur
3067 1329 3210 1370 oves
3241 1315 3666 1388 obtemperant

2004 1398 2256 1472 pastori,
2279 1407 2598 1472 pergentes
2630 1418 2997 1475 quacunque
3023 1403 3122 1460 via
3151 1420 3254 1461 eas
3285 1404 3556 1462 duxerit:
3580 1405 3666 1464 ita

2005 1487 2045 1543 ii
2073 1487 2180 1560 qui
2208 1489 2546 1545 secundum
2580 1491 2768 1546 Deum
2797 1495 3016 1547 asceta:
3049 1495 3210 1560 sunt,
3236 1492 3532 1564 praefectis
3558 1493 3666 1552 ob-

2005 1577 2176 1650 sequi
2205 1577 2445 1646 debent,
2469 1595 2863 1652 nequaquam
2894 1581 3189 1637 curiosius
3218 1588 3665 1654 perscrutantes

2005 1683 2216 1724 eorum
2242 1674 2566 1741 praecepta,
2597 1669 2853 1742 quando
2894 1669 3088 1728 libera
3132 1676 3274 1728 sunt
3320 1688 3357 1729 a
3393 1679 3664 1745 peccato,

297 1767 410 1824 τίας
551 1764 777 1838 καθαρὰ,
839 1760 968 1814 ἀλλὰ
1029 1764 1096 1815 τὰ
1160 1760 1509 1833 ἐπιταχθέντα
1571 1763 1704 1834 μετὰ
1762 1780 1896 1836 προ-

2017 1759 2116 1814 sed
2162 1759 2330 1815 omni
2374 1759 2681 1818 alacritate
2736 1765 2917 1833 atque
2966 1761 3165 1818 studio
3216 1763 3514 1836 imperata
3565 1780 3667 1821 ex-

299 1854 490 1926 θυμίας
558 1856 734 1914 πάσης
787 1859 878 1906 καὶ
932 1849 1175 1915 σπουδῆς
1233 1851 1636 1926 ἑκπληροῦντας.
1694 1851 1895 1927 Ὠσπερ

297 1943 408 2016 χὰρ
435 1942 461 1992 6
491 1944 704 2009 τέκτων,
730 1941 760 2000 ἣ
805 1942 832 1992 6
873 1937 1152 2014 οἰκοδόμος
1200 1940 1405 2012 ἑκάστῳ
1432 1949 1534 1994 τῶν
1579 1949 1671 2001 τῆς
1707 1944 1896 2013 τέχνης

299 2028 530 2104 ὁργάνων
581 2034 843 2103 κέχρηται
896 2033 1022 2106 πρὸς
1075 2034 1172 2089 τὴν
1219 2030 1412 2083 οἰκείαν
1476 2029 1752 2104 βούλησιν,
1808 2035 1898 2082 καὶ

297 2119 393 2171 οῦκ
439 2119 498 2171 ἂν
556 2123 692 2172 εἴποι
721 2121 838 2191 (21)
879 2122 938 2172 τὸ
987 2123 1223 2195 ὄργανον,
1275 2123 1340 2181 ὡς
1387 2120 1446 2173 οὐ
1495 2120 1763 2195 πληρώσει
1802 2124 1898 2178 τὴν

297 2214 520 2284 χρείαν,
573 2212 698 2282 πρὸς
767 2209 828 2268 ἣν
879 2211 906 2261 6
963 2215 1209 2281 τεχνίτης
1263 2210 1390 2262 αὐτὸ
1446 2211 1896 2284 μεταχειρίζεται,

299 2297 428 2350 ἀλλὰ
474 2302 598 2350 εἴκει
645 2305 706 2370 τῇ
758 2302 906 2372 χειρὶ
935 2305 1028 2350 τοῦ
1061 2299 1316 2370 ἄγοντος·
1349 2299 1485 2350 οὕτω
1526 2305 1782 2372 προσήκει
1811 2302 1898 2350 τὸν

299 2386 560 2451 ἀσκητὴν,
595 2389 663 2448 ὡς
707 2390 922 2460 ὄργανον
969 2391 1186 2460 τεχνίτῃ
1231 2389 1358 2460 πρὸς
1398 2387 1778 2461 συμπλήρωσιν
1806 2395 1898 2441 τοῦ

298 2482 651 2549 πνευματικοῦ
706 2471 1133 2549 οἰκοδομήματος
1179 2475 1468 2546 συντελοῦν,
1515 2475 1562 2529 ἐν
1609 2483 1743 2530 πᾶσι
1785 2483 1900 2531 πεί-

302 2567 507 2633 θεσθαι,
557 2565 635 2627 οἷς
680 2563 741 2616 ἃν
797 2569 869 2637 μὴ
923 2566 950 2618 ό
993 2567 1278 2638 ἡγούμενος
1326 2570 1479 2639 κρίνῃ
1537 2565 1701 2628 καλῶς
1756 2570 1899 2639 ἲχειν

300 2655 456 2707 αὐτὸν
513 2655 812 2730 ὑπουργεῖν,
863 2656 998 2715 ὅπως
1053 2654 1114 2706 ἂν
1153 2659 1225 2727 μὴ
1283 2663 1346 2728 τῇ
1402 2662 1495 2707 τοῦ
1546 2664 1900 2729 πνευματικοῦ

297 2744 450 2819 ἲργου
494 2742 754 2796 τελειώσει
795 2742 1108 2816 λυμήνηται,
1142 2748 1236 2802 τὴν
1285 2745 1478 2797 οἰκείαν
1527 2745 1586 2797 οῦ
1627 2749 1900 2819 συνεισφέ-

295 2852 398 2909 ρων
428 2837 638 2906 χρείαν.
682 2837 782 2885 Καὶ
829 2832 1003 2908 ὥσπερ
1052 2836 1108 2885 τὸ
1153 2836 1368 2907 ὄργανον
1417 2834 1524 2906 οὐχ
1554 2833 1719 2906 ἐαυτῷ
1759 2832 1901 2888 ἐκλί-

297 2941 448 2994 γεται
493 2923 616 2996 ὅπερ
666 2917 884 2998 ἐνεργεῖν
914 2918 1025 2974 δέοι
1065 2922 1136 2984 εἰς
1184 2927 1278 2980 τὴν
1323 2931 1418 2984 τῆς
1465 2927 1655 2995 τέχνης
1699 2943 1902 2977 συνεισ-

300 3013 496 3087 φορὰν,
557 3011 693 3063 οὕτω
744 3016 835 3064 καὶ
890 3014 978 3064 τὸν
1033 3009 1272 3071 ἁσκητήν
1330 3018 1586 3087 προσήκει
1651 3018 1722 3086 μὴ
1787 3014 1903 3066 ἑαυ-

298 3109 371 3172 τῷ
401 3100 516 3171 (22)
541 3103 607 3152 τὰ
636 3101 761 3175 ἔργα
789 3102 1077 3175 αἱρεῖσθαι,
1111 3099 1237 3154 ἀλλὰ
1278 3109 1617 3177 παραχωρεῖν
1659 3110 1722 3175 τῇ
1772 3123 1901 3155 συν-

299 3192 406 3242 ίσει
455 3193 544 3242 καὶ
591 3197 654 3262 τῇ
715 3189 983 3263 οἰκονομίᾳ
1029 3197 1122 3242 τοῦ
1172 3196 1416 3264 τεχνίτου
1468 3195 1562 3250 τὴν
1617 3190 1692 3264 ἐφ’
1737 3191 1902 3263 ἑαυτῷ

303 3272 653 3332 διατύπωσιν.
713 3274 842 3330 Οἵδε
897 3281 999 3354 γὰρ
1060 3280 1084 3332 ὃ
1147 3299 1206 3352 γε
1268 3289 1486 3342 συνετῶς
1552 3280 1906 3356 ἀφηγούμενος

303 3365 526 3418 ἑκάστου
558 3371 648 3419 καὶ
691 3367 792 3424 ἤθη
845 3372 936 3419 καὶ
966 3369 1108 3426 πάθη
1148 3373 1240 3421 καὶ
1286 3369 1527 3442 ψυχικὰς
1565 3373 1730 3446 ὁρμὰς
1761 3371 1908 3448 ἀκρι-

307 3454 408 3517 ϐῶς
461 3454 732 3523 ἐξετάζειν,
784 3460 874 3509 καὶ
927 3459 1058 3532 πρός
1115 3464 1284 3510 ταῦτα
1334 3463 1423 3511 καὶ
1473 3464 1566 3518 τὴν
1612 3460 1736 3536 παρ’
1781 3461 1906 3514 ἐαυ-

306 3551 398 3597 τοῦ
447 3543 523 3617 ἒφ’
575 3544 777 3617 ἑκάστῳ
816 3544 1113 3618 οἰκονομίαν
1165 3545 1431 3622 ἁρμόζειν.
1479 3550 1572 3602 Διά
1622 3569 1702 3602 τοι
1752 3558 1906 3604 τοῦτο

306 3637 564 3708 προσήκει
614 3629 878 3707 μηδαμῶς
935 3631 1294 3688 ἕναντιοῦσθαι
1351 3644 1468 3700 ταῖς
1515 3637 1672 3690 αὐτοῦ
1713 3635 1907 3692 διατά-

308 3721 467 3790 ξεσιν,
533 3720 662 3775 ἀλλὰ
733 3725 1033 3792 πεπεῖσθαι,
1092 3725 1162 3788 ὡς
1231 3725 1469 3780 ἁπάντων
1533 3727 1908 3800 χαλεπώτατον

308 3811 489 3864 ἑαυτὸν
517 3819 791 3884 γινώσκειν
849 3819 940 3867 καὶ
991 3816 1305 3889 θεραπεύειν,
1359 3813 1452 3869 διὰ
1503 3821 1562 3870 τό
1611 3838 1910 3894 προσπεφυ-

305 3905 450 3954 κίναι
496 3908 602 3963 τοῖς
651 3901 944 3978 ἀνθρώποις
991 3908 1050 3958 τὸ
1101 3905 1365 3978 φίλαυτον,
1409 3911 1498 3960 καὶ
1550 3907 1778 3960 κλέπτειν
1815 3912 1909 3967 τὴν

306 3997 398 4043 τοῦ
444 3989 669 4054 ἀληθοῦς
710 3997 886 4068 κρίσιν
935 3995 1153 4048 ἕκαστον
1183 4003 1246 4069 τῇ
1290 4001 1408 4073 περὶ
1450 3997 1630 4051 ἑαυτὸν
1661 4019 1908 4072 προσπα-

309 4082 442 4153 θείᾳ.
488 4084 558 4134 Τὸ
608 4077 668 4134 δε
720 4082 844 4158 παρ’
896 4083 1053 4137 ἄλλον
1099 4088 1455 4158 γινώσκεσθαί
1510 4107 1565 4141 τε
1619 4094 1709 4142 καὶ
1764 4091 1909 4164 θερα-

304 4173 557 4224 πεύεσθαι
593 4169 798 4246 ῥᾴδιον,
848 4181 942 4225 τοῦ
989 4182 1080 4236 τῆς
1127 4176 1402 4248 φιλαυτίας
1445 4181 1646 4242 πάθους
1686 4178 1763 4233 ἐπὶ
1808 4189 1910 4233 τῶν

307 4260 492 4323 ἄλλους
547 4261 659 4332 (23)
715 4265 991 4333 κρινόντων
1054 4261 1148 4315 οῦκ
1205 4262 1542 4336 ἐνοχλοῦντος
1606 4277 1668 4341 τῇ
1731 4269 1912 4327 ἀληθεῖ

310 4343 611 4421 διαγνώσει.
665 4355 871 4409 Ταυτης
912 4351 1014 4424 γὰρ
1061 4359 1157 4412 τῆς
1205 4359 1510 4425 συμγωνίας
1547 4355 1598 4408 ἐν
1638 4355 1911 4431 ἁσκητικῷ

2006 1847 2262 1920 pientes.
2287 1849 2822 1914 Quemadmodum
2850 1851 3013 1906 enim
3044 1851 3216 1908 faber
3241 1851 3535 1922 lignarius
3563 1856 3669 1909 aut

2006 1936 2331 1993 domorum
2353 1937 2685 1996 aediﬁcator
2708 1954 3081 2012 unoquoque
3106 1942 3250 1998 artis
3268 1940 3668 1998 instrumento

2009 2027 2192 2083 utitur
2247 2026 2329 2082 ad
2382 2044 2561 2083 suum
2617 2027 2966 2095 arbitrium,
3016 2045 3128 2086 nec
3180 2045 3456 2103 unquam
3512 2031 3671 2087 dicet

2007 2117 2523 2174 instrumentuum
2557 2133 2679 2174 non
2729 2117 3157 2175 inserviturum
3193 2137 3258 2176 se
3302 2119 3356 2176 ei
3401 2120 3557 2188 usui,
3588 2120 3671 2177 ad

2007 2223 2192 2280 quem
2219 2205 2370 2262 illud
2398 2206 2648 2263 adhibet
2681 2207 2912 2274 artifex,
2939 2207 3046 2264 sed
3075 2209 3475 2266 moderatoris
3515 2210 3672 2267 cedit

2007 2296 2254 2352 manui:
2283 2296 2368 2352 sic
2397 2296 2680 2352 convenit
2699 2303 2988 2366 ascetam,
3016 2297 3178 2354 velut
3199 2299 3670 2356 instrumentum

2007 2384 2347 2456 quoddam,
2398 2385 2541 2441 utile
2587 2385 2804 2442 artiﬁci
2857 2387 2938 2442 ad
2985 2387 3305 2444 aediﬁcium
3357 2388 3670 2462 spirituale

2009 2474 2467 2546 perﬁciendum.
2499 2474 2561 2530 in
2585 2475 2873 2532 omnibus
2905 2476 3173 2544 obedire,
3196 2477 3258 2533 in
3287 2477 3512 2550 quibus
3539 2479 3672 2550 ejus

2008 2563 2416 2620 ministerium
2455 2563 2774 2636 praefectus
2824 2565 3104 2636 iudicarit
3142 2565 3378 2624 bonum
3421 2583 3494 2624 ac
3537 2567 3667 2624 lau-

2010 2651 2232 2721 dabile,
2263 2667 2340 2708 ne
2371 2653 2420 2708 si
2460 2668 2638 2709 suam
2665 2652 2858 2727 ipsius
2885 2669 3139 2727 operam
3179 2671 3301 2711 non
3333 2655 3667 2727 contulerit,

2011 2741 2334 2816 spiritualis
2383 2743 2584 2814 operis
2635 2743 3064 2816 perfectionem
3096 2750 3466 2818 corrumpat.
3502 2747 3569 2802 Et
3608 2747 3673 2802 ut

2011 2832 2480 2888 instrumentum
2519 2847 2641 2888 non
2693 2831 2806 2888 sibi
2851 2831 2966 2905 ipsi
2995 2832 3202 2904 deligit
3239 2833 3406 2907 quod
3451 2834 3669 2892 facieno

2012 2919 2161 2976 dum
2188 2924 2276 2976 est
2319 2921 2396 2975 ad
2427 2925 2617 2976 artem
2645 2919 3021 2992 juvandam:
3055 2921 3140 2978 ita
3179 2937 3380 2994 operzr
3411 2923 3672 2996 pretium

2014 3013 2107 3065 est
2147 3013 2411 3066 ascetam
2456 3025 2580 3065 non
2631 3009 2746 3064 sibi
2794 3011 2910 3082 ipsi
2963 3025 3150 3082 opera
3223 3010 3505 3082 deligere,
3567 3013 3674 3070 sed

1943 3125 1986 3180 ρ
2014 3098 2448 3155 institutionem
2482 3097 2574 3154 sui
2612 3098 2949 3171 prudentiae
2982 3115 3052 3155 ac
3085 3099 3507 3170 gubernationi
3539 3102 3676 3159 arti-

2015 3187 2144 3244 ﬁcis
2173 3187 2540 3261 permittere.
2570 3186 2744 3243 Novit
2763 3187 2924 3243 enim
2950 3189 3054 3261 qui
3080 3189 3406 3261 prudenter
3432 3195 3672 3264 praeest,

2016 3277 2498 3351 uniuscujusque
2529 3281 2586 3334 et
2615 3292 2816 3333 mores
2842 3282 2901 3334 et
2929 3277 3182 3334 affectus
3224 3284 3282 3337 et
3327 3280 3514 3336 animi
3544 3294 3676 3337 mo-

2016 3373 2114 3425 tus
2153 3367 2467 3440 diligenter
2507 3366 2842 3440 exquirere,
2875 3373 2932 3424 et
2975 3366 3056 3424 ad
3094 3368 3224 3425 haec
3267 3386 3446 3425 suum
3493 3369 3674 3427 etiam

2017 3455 2491 3513 ministeriumin
2505 3470 2876 3530 unoquoque
2889 3457 3678 3525 accommodare.0uocirca

2017 3545 2378 3602 nullomodo
2427 3549 2519 3602 est
2568 3545 2700 3617 ejus
2750 3545 2989 3602 statutis
3042 3545 3522 3618 adversandum,
3570 3547 3678 3604 sed

2019 3650 2130 3708 pro
2161 3641 2320 3691 certo
2351 3635 2748 3704 credendum,
2780 3651 2909 3692 rem
2940 3636 3218 3692 omnium
3249 3652 3378 3692 esse
3406 3636 3678 3693 difﬁcilli-

2019 3739 2209 3788 mam,
2239 3724 2635 3796 semetipsum
2675 3739 3042 3794 cognoscere
3073 3740 3142 3781 ac
3169 3739 3402 3794 curare,
3427 3731 3680 3799 propte-

2019 3829 2124 3870 rea
2161 3812 2329 3887 quod
2375 3813 2683 3884 ingenitus
2733 3819 2822 3870 est
2868 3814 3219 3871 hominibus
3264 3815 3355 3870 sui
3394 3830 3584 3887 amor,
3619 3821 3680 3872 et

2019 3904 2274 3979 quilibet
2318 3905 2591 3979 quadam
2636 3920 2780 3975 erga
2829 3905 3227 3977 semetipsum
3271 3905 3679 3977 propensione

2018 3997 2286 4053 veritatis
2323 3995 2622 4068 judicium
2673 3995 2878 4051 eludat
2910 4013 2923 4050 :
2960 4000 3021 4051 at
3041 4011 3183 4051 vero
3213 3996 3292 4051 ab
3322 3994 3440 4051 alio
3484 3999 3541 4051 et
3581 4010 3679 4052 co-

2022 4086 2233 4158 gnosci
2263 4089 2320 4143 et
2345 4086 2544 4143 curari
2574 4085 2746 4142 facile
2776 4089 2883 4153 est,
2913 4101 3052 4141 cum
3082 4085 3143 4140 in
3178 4084 3251 4140 its
3295 4085 3401 4157 qui
3431 4089 3680 4142 caeteros

2017 4175 2310 4248 judicent,
2347 4175 2599 4232 vitiosus
2630 4174 2726 4230 ille
2768 4175 2860 4231 sui
2907 4175 3184 4248 ipsorum
3213 4190 3386 4232 amor
3423 4173 3504 4231 ad
3531 4175 3685 4231 veri-

2021 4269 2206 4322 tatem
2254 4264 2724 4321 discernendam
2765 4279 3162 4338 nequaquam
3207 4265 3426 4322 obstet.
3477 4266 3680 4322 Stante

2022 4355 2183 4409 enim
2205 4354 2264 4409 in
2293 4358 2636 4410 ascetarum
2669 4359 2970 4410 conventu
2993 4354 3110 4410 hac
3139 4354 3509 4411 voluntatem
3540 4368 3682 4410 con-

313 4442 620 4510 συστήματι
661 4439 1021 4506 καθεστώσης,
1058 4435 1260 4514 ῥᾳδίως
1299 4443 1329 4500 ἦ
1375 4461 1430 4494 τε
1484 4443 1658 4518 εἰρήνη
1719 4443 1767 4496 ἕν
1822 4447 1902 4499 αῦ-

2024 4443 2324 4510 sensione,
2359 4442 2526 4499 nullo
2574 4442 2818 4513 negotio
2849 4448 2906 4498 et
2935 4459 3057 4516 pax
3098 4443 3252 4499 inter
3288 4442 3458 4515 ipsos
3485 4442 3682 4498 diver-

310 4533 421 4581 τοῖς
461 4526 846 4594 πολιτεύσεται,
886 4533 976 4580 καὶ
1019 4529 1049 4586 ἠ
1110 4534 1334 4603 ςωτηρία
1389 4550 1521 4604 μετα
1565 4530 1776 4605 ἀγάπης
1821 4541 1911 4588 καὶ

311 4616 550 4691 ὁμονοίας
586 4625 686 4670 τῶν
716 4616 955 4670 ἁπάντων
985 4621 1466 4695 κατορθωθήσεται.

841 4731 1234 4782 ΚΕΦΑΛΑῙΟΝ
1273 4727 1388 4785 KI".

308 4831 432 4886 Ὀτι
467 4837 559 4886 καὶ
585 4835 652 4886 τὰ
678 4820 852 4913 εὐτελῆ
885 4842 985 4886 τῶν
1028 4837 1190 4913 ἔργων
1219 4839 1360 4913 μετὰ.
1386 4836 1579 4900 πολλῆς
1615 4841 1915 4913 προθυμίας

644 4905 909 4981 αἱρεῖσθαι
937 4905 1197 4982 προσήκει
1220 4905 1311 4961 τὸν
1339 4906 1590 4968 ἁσκητήν.

386 5016 652 5085 Προσήκει
684 5015 862 5084 μέντοι
903 5017 992 5066 τὸν
1040 5012 1276 5074 ἀσκητην
1321 5021 1412 5069 καὶ
1467 5018 1534 5070 τὰ
1589 5017 1916 5095 εὐτελέστερα

312 5108 414 5154 τῶν
471 5103 632 5173 ἔργων
680 5104 811 5175 μετὰ
855 5102 1050 5168 πολλῆς
1096 5104 1359 5180 αἱρεῖσθαι
1404 5112 1501 5169 τῆς
1546 5104 1787 5172 σπουδῆς
1825 5115 1916 5164 καὶ

387 5252 432 5290 ⁸⁷
471 5255 644 5311 Joan.
687 5267 798 5323 xxi,
843 5258 930 5311 15.

320 5396 672 5494 demn‘iden‘i
729 5420 843 5494 ms.
899 5403 1068 5494 Voss.
1127 5407 1533 5494 καθηγούμενος,
1593 5412 1732 5494 εἴπερ
1786 5430 1920 5494 μετα

629 5470 665 5533 δ
670 5480 863 5566 ιοξζςῦσε
905 5485 993 5536 τόν
1039 5470 1376 5561 χαρακτέραξ
1416 5470 1736 5563 όύ

321 5563 517 5619 γματος
547 5551 856 5615 θεοσεϐείας.

395 5617 474 5692 (2)
508 5621 649 5695 Reg.
671 5624 906 5699 primus
933 5630 992 5684 et
1011 5623 1178 5687 Colb.
1205 5622 1298 5682 οὐκ
1340 5628 1402 5683 ἃν
1431 5630 1664 5689 ἀντείποι
1691 5639 1770 5710 τό,
1795 5652 1918 5695 non

2022 4532 2277 4602 sabitur,
2308 4537 2366 4588 et
2403 4531 2567 4588 salus
2611 4548 2750 4589 cum
2798 4531 3086 4589 charitate
3132 4537 3315 4603 atque
3354 4529 3683 4590 concordia

2022 4622 2299 4680 omnium
2328 4620 2694 4694 acquiretur.

2631 4729 2856 4786 CAPUT
2895 4729 3072 4786 XXIII.

2028 4837 2207 4913 574
2239 4837 2410 4907 Quod
2445 4837 2616 4913 debet
2667 4841 2871 4913 asceta
2920 4837 3070 4894 vilia
3107 4836 3286 4913 etiam
3316 4851 3502 4908 opera
3545 4853 3682 4895 cum

2402 4911 2600 4966 multa
2629 4909 2958 4967 alacritate
2983 4909 3304 4979 suscipere.

2096 5023 2290 5092 Atque
2319 5019 2503 5075 etiam
2531 5022 2797 5092 orportet
2822 5021 3092 5075 ascetam
3135 5017 3348 5074 viliora
3377 5032 3566 5090 opera
3591 5017 3683 5073 in-

2025 5109 2189 5182 genti
2209 5107 2516 5166 alacritate
2535 5124 2609 5166 ac
2637 5107 2838 5165 studio
2859 5107 3190 5180 suscipere,
3214 5105 3503 5164 scientem
3531 5104 3684 5162 nihil

2026 5412 2392 5508 εοτξιῃαᾷςσξε
2419 5412 2911 5508 ίῆείεσιιηιςῃίᾳηι.
2949 5505 2975 5508 η
3035 5485 3080 5508 ﬁ
3159 5503 3179 5508 Δ
3244 5481 3348 5508 (ὦ
3430 5486 3439 5508 ι
3525 5483 3537 5508 δ
3625 5503 3649 5508 __
3711 5492 3716 5498 _

2100 5494 2213 5565 (22)
2261 5494 2495 5550 Veteres
2522 5493 2648 5551 duo
2688 5493 2826 5550 libri
2864 5505 3006 5550 cum
3035 5485 3204 5551 Voss.
3235 5481 3361 5547 οὐδὲ
3387 5486 3475 5547 τὸν
3514 5483 3683 5552 am.

2025 5567 2122 5624 τὴν
2148 5571 2404 5639 προσήκει
2437 5565 2624 5636 iussu.

2099 5636 2215 5712 (23)
2253 5637 2457 5696 Codex
2483 5639 2653 5695 Voss.
2684 5640 2743 5695 et
2770 5636 2922 5697 alter
2947 5644 3048 5690 τῶν
3077 5636 3264 5702 ἄλλους
3288 5636 3467 5699 άλλως.
