4120 6388
494 285 623 348 1411

1871 279 1931 345 S.
1969 279 2221 346 BASILll
2258 284 2479 347 MAGNI

3718 297 3858 356 1H2

489 416 742 473 omnino
786 429 1045 488 parvum
1095 427 1247 481 esse,
1278 411 1446 486 quod
1497 413 1598 469 Dei
1646 429 1830 470 causa
1874 413 1999 481 ﬁat,
2034 414 2121 470 sec

2253 417 2570 489 προθυμίας,
2614 412 2814 484 εἰδότα,
2848 417 2926 470 ὅτι
2975 421 3079 470 πᾶν
3121 417 3148 470 ὃ
3193 413 3286 471 διὰ
3315 421 3404 472 τὸν
3453 423 3584 474 Θεὸν
3629 425 3854 493 γίνεται,

489 521 784 575 magnum
811 510 866 560 et
886 503 1195 576 spirituale
1217 507 1271 558 et
1293 501 1444 558 caelo
1469 502 1746 572 dignum,
1765 509 1824 559 et
1842 502 2143 574 ejusmodi

487 595 653 667 quod
675 594 1018 650 mercedem
1048 593 1209 648 illinc
1236 607 1625 648 accessuram
1647 592 1824 648 nobis
1845 591 2138 648 conciliet.

488 685 608 740 Etsi
649 684 830 754 igitur
870 683 1152 738 oneraria
1193 682 1488 753 jumenta,
1532 697 1667 753 quae
1713 681 2141 737 communibus

488 775 828 830 commodis
857 774 1210 838 inserviunt,
1240 773 1411 844 sequi
1440 776 1693 843 oportet,
1716 771 2140 828 reluctandum

486 878 611 919 non
661 868 769 933 est,
821 879 961 918 cum
1021 861 1375 917 meminisse
1427 860 1844 932 apOStolorum
1900 861 2140 930 debeat,

483 969 672 1027 quam
705 953 982 1008 alacriter
1014 951 1268 1008 Domino
1311 950 1546 1023 pullum
1576 950 1878 1007 adducere
1903 951 2143 1022 jubenti

484 1042 882 1109 obediverint,
903 1043 1311 1112 cogitareque,
1334 1055 1440 1095 eos
1463 1042 1641 1096 etiam
1662 1057 1926 1113 quorum
1954 1056 2142 1097 causa

483 1150 597 1190 nos
631 1134 1048 1204 jumentorum
1075 1146 1282 1186 curam
1309 1129 1694 1202 suscipimus,
1718 1130 1899 1186 frater
1935 1133 2143 1186 Serva-

481 1221 630 1280 toris
664 1237 814 1288 esse,
847 1219 1457 1292 benevolentiamque
1487 1223 1543 1274 et
1575 1217 1844 1274 studium
1874 1221 1936 1276 in
1973 1221 2140 1292 ipsos

483 1312 770 1369 collatum
789 1308 996 1365 referri
1021 1308 1101 1364 ad
1123 1309 1469 1373 Dominum,
1492 1306 1598 1380 qui
1619 1308 1802 1364 dixit:
1833 1310 2138 1377 Quatenus

478 1404 706 1474 fecistis
736 1402 848 1456 uni
883 1415 960 1457 ea:
999 1401 1090 1456 his
1129 1400 1436 1469 fratribus
1481 1402 1628 1456 meis
1665 1401 1948 1466 minimis,
1988 1402 2141 1457 mihi

475 1491 787 1560 fecistis".
819 1490 990 1555 Quod
1019 1490 1067 1544 si
1095 1505 1167 1545 ea
1196 1503 1333 1562 quae
1362 1488 1517 1544 ﬁunt
1545 1505 1653 1561 pro
1681 1489 1946 1546 minimis
1977 1490 2138 1546 attri-

477 1579 611 1636 buit
637 1579 1016 1651 sibimetipsi,
1055 1579 1236 1649 longe
1267 1578 1466 1648 magis
1514 1595 1652 1651 qua:
1695 1579 1849 1634 ﬁunt
1876 1595 1989 1652 pro
2016 1579 2135 1636 ele-

479 1669 609 1738 ctis,
632 1684 704 1724 ea
726 1667 839 1724 sibi
858 1667 1210 1734 vindicabit,
1231 1667 1414 1723 modo
1435 1683 1510 1724 ne
1532 1685 1711 1725 suum
1733 1668 2133 1725 ministerium

2255 504 2350 555 οὐκ
2393 508 2508 558 ἔστι
2555 511 2762 581 μικρὸν,
2813 506 2941 560 ἀλλὰ
2987 512 3143 580 μέγα,
3205 513 3297 562 καὶ
3341 515 3710 582 πνευματικὸν,
3763 519 3857 566 καὶ

2249 601 2352 644 τῶν
2391 595 2619 668 οὐρανῶν
2667 596 2832 664 ἄξιον,
2880 600 2968 650 καὶ
3013 601 3132 657 τοὺς
3178 595 3366 650 ἐκεῖθεν
3405 601 3532 672 ἡμῖν
3573 599 3722 654 ἕλκον
3770 622 3856 674 με·

2253 684 2430 744 σθούς.
2477 685 2581 738 Κᾶν
2619 691 2792 738 τοίνυν
2831 687 3135 758 ὑποζυγίοις
3174 685 3540 763 ἀχθοφοροῦσι
3584 698 3704 753 ταῖς
3746 711 3852 744 κοι-

2248 779 2362 834 ναῖς
2407 780 2617 848 χρείαις
2663 774 2959 829 ἀκολουθεῖν
3009 773 3176 849 δεήσῃ
3223 777 3357 848 (24),
3415 776 3726 832 ἀντιϐαίνειν
3792 781 3851 833 οὐ

2249 867 2400 936 χρὴ,
2453 862 2719 917 ὶννοοῦντα
2771 869 2896 926 τοὺς
2953 865 3312 938 ἀποστόλους,
3370 869 3510 929 ὅπως
3571 871 3852 943 προθύμως

2249 953 2557 1009 ὑπήκουσαν
2627 963 2700 1025 τῷ
2764 959 2939 1027 Κυρίῳ
3003 963 3326 1030 παραγαγεῖν
3390 959 3479 1008 τὸν
3540 957 3709 1010 πῶλον
3772 978 3852 1012 κε-

2248 1039 2509 1112 λεύσαντι,
2559 1047 2647 1095 καὶ
2694 1043 3049 1115 λογιζόμενον,
3082 1048 3146 1105 ὡς
3193 1050 3284 1097 καὶ
3327 1041 3401 1097 δι’
3432 1045 3520 1106 οὓς
3566 1048 3717 1119 ἡμεῖς
3757 1052 3851 1106 τὴν

2250 1127 2541 1202 ἐπιμέλειαν
2591 1140 2690 1184 τῶν
2738 1133 3036 1205 ὑποζυγίων
3088 1136 3413 1208 αἱρούμεθα,
3473 1131 3690 1208 ἀδελφοὶ
3756 1145 3848 1190 τοῦ

2249 1225 2486 1294 Σωτῆρος
2518 1221 2619 1274 εἰσι
2644 1243 2656 1256 ·
2703 1228 2794 1276 καὶ
2831 1225 2860 1281 ἡ
2917 1228 3036 1296 περὶ
3081 1226 3298 1285 τούτους
3347 1227 3518 1277 εὔνοια
3564 1231 3655 1278 καὶ.
3687 1245 3848 1279 σπου-

2247 1304 2314 1367 δὴ
2357 1315 2452 1369 τὴν
2483 1309 2740 1386 ἀναφορὰν
2785 1311 2870 1365 ἐπὶ
2916 1317 3004 1365 τὸν
3050 1316 3238 1387 Κύριον
3285 1316 3399 1385 ἔχει
3441 1317 3526 1366 τὸν
3565 1319 3843 1386 φήσαντα·

2247 1397 2354 1471 Ἐφ’
2417 1403 2538 1453 ὅσον
2595 1402 2874 1460 ἐποιήσατε
2921 1401 2994 1454 ἑνὶ
3050 1405 3246 1454 τούτων
3297 1411 3397 1454 τῶν
3454 1399 3687 1476 ἀδελφῶν
3743 1425 3844 1477 μου

2242 1498 2344 1540 τῶν
2388 1489 2717 1562 ἐλαχίστων,
2768 1490 2883 1564 ἐμοὶ
2929 1489 3230 1549 ἐποιήσατε.
3276 1494 3338 1545 Εἰ
3381 1488 3440 1544 δε
3482 1495 3548 1545 τὰ
3591 1501 3690 1545 τῶν
3733 1493 3846 1546 έλα-

2243 1583 2449 1650 χίστων
2498 1581 2802 1652 οἰκειοῦται,
2855 1580 3026 1653 πολλῷ
3077 1580 3268 1654 μᾶλλον
3325 1584 3389 1634 τὰ
3438 1591 3540 1633 τῶν
3600 1580 3844 1636 έκλεκτῶν

2243 1669 2586 1737 οἰκειώσεται,
2616 1675 2768 1743 μόνον
2812 1675 2884 1744 μὴ
2934 1675 3029 1729 τὴν
3079 1669 3352 1724 διακονίαν
3401 1669 3640 1746 ἀφορμήν
3689 1669 3844 1726 indiat-

477 1759 704 1832 teporis
730 1773 801 1813 ac
837 1757 1090 1813 desidiae
1119 1773 1372 1813 causam
1403 1762 1590 1830 putet,
1623 1758 1730 1813 sed
1759 1759 2121 1815 communia1

2243 1765 2428 1831 φορίας
2479 1759 2782 1832 λογίσηται,
2827 1759 2933 1812 ἀλλ’
2985 1759 3033 1811 ἐν
3074 1762 3221 1834 πάσῃ
3271 1759 3422 1831 νήφει
3465 1761 3645 1814 ἑαυτὸν
3676 1761 3840 1833 ἀσφα-

477 1849 745 1920 seipsum
767 1847 828 1903 in
852 1846 1167 1916 vigilantia
1185 1848 1375 1911 omni,
1399 1852 1464 1903 ut
1483 1851 1542 1903 et
1561 1848 1695 1919 ipse
1721 1853 1778 1903 et
1799 1848 1904 1920 qui
1925 1863 2132 1904 secum

475 1941 654 2008 sunt,
713 1936 1050 2009 percipiant
1100 1937 1440 1994 utilitatem.
1502 1937 1560 1993 Si
1611 1935 1794 2007 igitur
1855 1936 2133 1994 facienda

475 2029 617 2081 sunt
647 2025 858 2081 viliora
885 2025 1172 2097 quaedam
1202 2040 1412 2098 opera,
1439 2025 1590 2082 scire
1619 2025 1901 2082 convenit
1925 2028 2131 2083 Serva-

474 2118 664 2170 torem
696 2130 943 2188 quoque
989 2115 1192 2186 ipsum
1231 2114 1546 2188 discipulis
1594 2115 1931 2186 servivisse,
1964 2115 2131 2186 adje-

474 2208 691 2276 ctaque
739 2219 926 2277 opera
975 2218 1156 2274 agere
1203 2203 1601 2275 dedignatum
1649 2219 1773 2260 non
1821 2204 2032 2275 fuisse,
2073 2209 2132 2262 et

471 2308 770 2364 magnum
799 2309 935 2350 esse
978 2293 1231 2360 homini,
1265 2293 1313 2349 si
1347 2293 1449 2350 Dei
1488 2294 1595 2350 ﬁat
1626 2294 1912 2361 imitator,
1944 2299 2127 2367 atque

469 2397 580 2456 per
606 2382 858 2439 humilia
886 2383 1016 2439 haec
1055 2382 1116 2438 in
1158 2383 1341 2454 hujus
1366 2382 1716 2440 imitationis
1747 2383 2128 2440 altitudinem

471 2472 782 2528 ascendat.
811 2472 954 2538 Quis
981 2477 1186 2529 autem
1205 2473 1336 2543 jam
1369 2472 1711 2546 quidquam
1749 2489 1962 2530 eorum
1987 2488 2125 2547 qua:

471 2562 630 2618 Deus
655 2561 813 2626 fecit,
843 2562 1074 2619 humile
1098 2567 1156 2618 et
1184 2562 1492 2633 abjectum
1521 2563 1856 2637 appellarit.

1077 2673 1302 2728 CAPUT
1337 2674 1518 2730 XXIV.

471 2776 643 2846 Quod
679 2793 802 2834 non
832 2779 1107 2835 convenit
1146 2777 1397 2906 hgnores
1427 2794 1500 2835 ac
1527 2778 1854 2849 dignitates
1893 2777 2125 2850 requiri

1137 2864 1173 2906 a
1241 2865 1374 2906 asce
1402 2867 1459 2906 a.

1137 2864 1212 2906 αο
1241 2864 1459 2906 asceta.

542 2959 594 3016 1.
635 2959 840 3030 Operae
888 2956 1147 3029 pretium
1199 2961 1288 3015 est
1340 2963 1607 3015 ascetam
1653 2958 1917 3014 honores
1953 2957 2121 3014 nullo

467 3046 654 3103 modo
683 3046 1037 3103 consectari.
1069 3050 1218 3102 Nam
1251 3048 1299 3104 si
1326 3048 1422 3104 hic
1447 3047 1727 3104 laborum
1754 3063 1824 3102 ac
1853 3051 2011 3102 recte
2038 3046 2122 3103 fa-

2239 1847 2486 1915 λιζέσθω,
2520 1852 2604 1902 ῖνα
2645 1855 2736 1903 καὶ
2776 1849 2942 1922 ἑαυτῷ
2985 1855 3076 1902 καὶ
3103 1857 3211 1910 τοῖς
3251 1852 3702 1922 συντυγχάνουσιν
3727 1852 3841 1921 (25)

2240 1938 2468 2010 ὠφάλεια
2505 1944 2741 2011 γένηται.
2787 1938 2882 1994 Ἂν
2929 1936 2989 1992 δέ
3035 1959 3088 1992 τι
3136 1947 3238 1992 τῶν
3277 1939 3632 2012 εὐτελεστέρων
3682 1941 3841 2012 ἔργων

2241 2023 2332 2100 δέη
2385 2026 2723 2101 ἐργάζεσθαι,
2756 2033 2866 2104 χρὴ
2911 2025 3125 2097 εἰδέναι,
3167 2031 3248 2082 ὅτι
3291 2033 3383 2083 καὶ
3430 2030 3456 2081 ὁ
3502 2033 3678 2104 Σωτὴρ
3733 2033 3842 2090 τοῖς

2238 2120 2503 2190 μαθηταῖς
2579 2117 2906 2192 διηκόνησε,
2971 2125 3062 2174 καὶ
3139 2121 3207 2172 τὰ
3272 2118 3446 2178 εὐτελῆ
3516 2128 3615 2172 ⁴ιίῶν
3681 2122 3840 2193 ἔργων

2236 2217 2462 2266 ποιῆσαι
2508 2209 2602 2262 οὐκ
2651 2208 2938 2278 ἀπηξίωσε,
2980 2214 3071 2262 καὶ
3111 2213 3248 2283 μέγα
3290 2207 3543 2282 ἀνθρώπῳ
3588 2215 3723 2263 Θεοῦ
3759 2227 3841 2280 γε·

2234 2301 2415 2352 νέσθαι
2467 2304 2740 2373 μιμητὴν,
2797 2296 2891 2354 διὰ
2937 2309 3038 2352 τῶν
3088 2308 3340 2353 ταπεινῶν
3396 2301 3592 2352 τούτων
3647 2298 3717 2361 εἰς
3777 2301 3836 2350 τὸ

2234 2388 2370 2460 ὕψος
2423 2399 2516 2450 τῆς
2567 2395 2838 2463 μιμήσεως
2898 2389 3095 2453 ἐκείνης
3147 2388 3464 2462 ἀναγομένῳ.
3524 2393 3613 2450 Τίς
3671 2385 3720 2441 δ’
3776 2387 3838 2440 ἄν

2231 2483 2323 2531 καὶ
2367 2477 2504 2550 λέγοι
2559 2477 2738 2532 λοιπὸν
2795 2483 3070 2549 ταπεινὸς,
3119 2480 3188 2531 ὧν
3248 2483 3374 2542 Οεὸς
3430 2486 3528 2540 τῆς
3579 2476 3837 2552 ἐνεργείας

2233 2565 2488 2640 ἐφήψατο.

2769 2681 3165 2731 ΚΕΦΑΛΑΙΟΝ
3205 2676 3298 2730 ΚΔ’

2227 2778 2350 2834 -οτι
2391 2779 2450 2834 οὗ
2489 2785 2600 2859 χρὴ
2647 2785 2796 2856 τιμὰς
2842 2787 2934 2870 κα).
2976 2783 3255 2858 πρεσϐείας
3288 2784 3402 2857 (26)
3443 2781 3703 2845 έπιζητειν
3743 2787 3834 2838 τὸν

2902 2876 3160 2915 ασκητην.

2309 2965 2354 3016 1.
2394 2963 2562 3034 Τιμάς
2608 2958 2667 3015 δι
2714 2965 2850 3016 κατὰ
2902 2961 3070 3038 μηδεν
3131 2962 3391 3026 ἐπιζητεῖν
3439 2967 3696 3040 προσήκει
3747 2963 3834 3016 τὸν

2230 3047 2491 3110 ἆσκητήν.
2543 3053 2603 3104 Εἰ
2647 3054 2738 3125 μεν
2785 3055 2886 3128 γὰρ
2941 3051 3163 3106 ἐνταῦθα
3213 3063 3312 3105 τῶν
3359 3057 3527 3106 πόνων
3585 3056 3675 3103 καὶ
3730 3059 3834 3103 τῶν

464 3141 700 3193 ctorum
726 3136 1046 3208 premium
1073 3153 1144 3194 ac
1164 3138 1509 3195 mercedem
1538 3137 1804 3212 inquirit,
1833 3137 2120 3194 miseran-

2231 3143 2640 3216 κατορθωμάτων
2715 3140 2955 3205 ἐπιζητεῖ
3018 3145 3107 3203 τὰς
3186 3140 3442 3214 ἀμοιϐὰς,
3506 3141 3680 3202 ἅθλιος
3739 3149 3832 3201 τῆς

461 3225 579 3284 dus
611 3231 700 3284 est
719 3227 798 3284 ob
827 3228 986 3284 hanc
1015 3230 1589 3297 remunerationem,
1622 3229 1727 3302 qui
1757 3227 1986 3284 scillcet
2008 3245 2120 3301 pro

459 3316 899 3389 temporalibus
920 3318 1226 3389 jacturam
1252 3318 1434 3376 faciat
1451 3324 1860 3395 teternorum;
1891 3317 1984 3375 sin
2015 3335 2121 3375 au-

460 3409 584 3464 tem
608 3405 706 3462 hic
726 3407 1032 3464 decertare
1061 3408 1401 3475 instituerit,
1430 3408 1492 3464 in
1523 3409 1675 3466 caelo
1705 3413 1908 3466 autem
1940 3424 2117 3465 coro-

458 3496 612 3565 nari,
634 3513 760 3554 non
784 3497 1045 3555 honores
1076 3497 1274 3554 solum
1301 3499 1616 3572 exquirere
1641 3515 1764 3556 non
1785 3499 1988 3565 debet,
2010 3499 2116 3556 sed

457 3585 691 3644 delatos
719 3587 900 3644 etiam
927 3603 1231 3658 recusare,
1262 3603 1332 3644 ac
1362 3589 1631 3660 rejicere,
1661 3595 1818 3646 utne
1845 3606 2116 3664 prasens

456 3675 654 3734 honor
685 3677 942 3748 gloriam
971 3677 1090 3734 illic
1119 3678 1560 3752 possidendam
1585 3680 1928 3737 imminuat.
1962 3683 2113 3738 Nam

454 3783 724 3841 praesens
754 3770 878 3825 vita
919 3768 981 3824 in
1011 3769 1298 3842 operibus
1329 3774 1511 3842 atque
1541 3770 1974 3828 certaminibus
2003 3787 2114 3844 po-

456 3858 572 3916 sita
600 3865 690 3917 est
721 3864 886 3930 tota;
920 3859 1123 3917 futura
1155 3876 1312 3925 vero.
1347 3860 1411 3916 in
1455 3861 1694 3917 coronis
1741 3868 1919 3934 atque
1961 3877 2114 3934 pra:-

452 3949 611 4015 miis,
636 3949 1166 4022 quemadmodum
1187 3966 1448 4021 magnus
1468 3951 1564 4008 ille
1594 3950 1831 4017 Paulus,
1855 3967 2114 4024 prtesen-

452 4041 576 4094 tem
606 4039 798 4096 vitam
819 4046 1380 4111 consummaturus,
1403 4045 1460 4095 et
1479 4040 1555 4096 ad
1579 4056 1652 4096 ea
1675 4057 1814 4113 quae
1835 4040 1953 4097 illic
1975 4046 2114 4097 sunt

451 4128 842 4198 migraturus,
865 4129 978 4185 ait:
1004 4131 1242 4185 Bonum
1264 4135 1566 4186 certamen
1589 4132 1839 4199 certavi,
1868 4146 2110 4189 cursum

451 4219 881 4288 consummavi,
907 4219 1086 4286 ﬁdem
1106 4220 1381 4275 servavi:
1399 4219 1472 4275 de
1491 4220 1724 4291 reliquo
1744 4223 2004 4291 reposita
2025 4227 2111 4279 est

373 4359 376 4362 .
450 4307 603 4362 mihi
630 4309 1145 4379 coronajustitiz,
1180 4323 1360 4379 quam
1387 4309 1595 4366 reddet
1625 4311 1776 4367 mihi
1795 4313 2106 4381 Dominus,

449 4409 575 4451 non
603 4394 723 4464 hic,
746 4394 853 4451 sed
885 4397 948 4451 in
988 4397 1102 4453 illa
1140 4397 1236 4454 die
1255 4400 1464 4467 justus
1481 4399 1682 4468 judea:
1703 4402 1771 4455 ⁸³³.
1804 4403 1871 4456 Et
1899 4417 2110 4457 rursus

2228 3231 2565 3305 ἀντιμισθίας
2620 3230 2770 3303 ἐστὶ,
2816 3239 2922 3292 τοῖς
2978 3236 3320 3308 προσκαίροις
3375 3233 3442 3284 τὰ
3494 3230 3680 3282 αἰώνια
3738 3229 3829 3290 ζη-

2223 3325 2497 3396 μιούμενος
2527 3343 2538 3355 ο
2582 3322 2625 3376 εἰ
2670 3319 2729 3377 δὲ
2768 3323 3026 3399 προείλετο
3057 3321 3280 3374 ἐνταῦθα
3307 3325 3396 3395 μεν
3437 3319 3827 3394 ἀγωνίσασθαι,

2225 3410 2274 3464 έν
2309 3412 2510 3487 οὐρανῷ
2555 3409 2613 3466 δὲ
2661 3418 2784 3476 τοὺς
2817 3415 3101 3485 στεφάνους
3143 3412 3492 3484 κομίσασθαι,
3528 3408 3714 3481 ὀφείλει
3752 3413 3823 3482 μὴ

2223 3505 2376 3574 μόνον
2417 3506 2489 3575 μὴ
2531 3500 2791 3566 ἐπιζητεῖν
2838 3504 3016 3575 τιμὰς,
3059 3499 3185 3553 ἀλλὰ
3231 3503 3321 3553 καὶ
3370 3495 3654 3573 διδομένας
3697 3518 3827 3572 παρ·

2225 3593 2488 3644 αιτεῖσθαι
2527 3597 2618 3645 καὶ
2665 3590 3076 3668 ἀποκρούεσθαι,
3121 3593 3203 3643 ἵνα
3238 3594 3310 3663 μὴ
3362 3591 3391 3648 ἡ
3442 3587 3663 3641 ἐνταῦθα
3697 3592 3823 3662 τιμὴ

2222 3690 2318 3742 τῆς
2373 3679 2474 3735 ἐκεῖ
2530 3679 2690 3746 δόξης
2747 3681 3028 3742 ἐλάττωσις
3083 3683 3321 3753 γένηται.
3377 3676 3436 3731 Ὁ
3491 3680 3591 3752 γὰρ
3649 3682 3825 3752 παρὼν

2223 3769 2343 3845 βίος
2391 3771 2503 3834 ὅλος
2557 3775 2717 3846 ἔργων
2773 3777 2864 3824 καὶ
2912 3769 3121 3843 ἀγώνων
3179 3768 3356 3821 ἐστίν·
3415 3769 3441 3820 ὁ
3495 3764 3555 3820 δὲ
3610 3766 3824 3841 μέλλων,

2223 3863 2484 3934 στεφάνων
2534 3867 2623 3915 καὶ
2671 3859 2920 3934 ἀμοιϐῶν,
2954 3861 3124 3920 καθὼς
3176 3859 3202 3910 ὁ
3249 3862 3411 3932 μέγας
3459 3857 3664 3919 Παῦλος
3711 3857 3826 3930 μέλ-

2219 3948 2319 4002 λων
2359 3951 2683 4004 τελειοῦσθαι
2721 3954 2814 4008 τήν
2856 3947 3079 4001 ἐνταῦθα
3117 3947 3256 4008 ζωὴν
3301 3947 3433 4019 (27),
3467 3952 3557 4000 καὶ
3596 3949 3722 4020 πρὸς
3758 3947 3826 3998 τὰ

2220 4038 2409 4092 ἐκεῖθεν
2471 4039 2846 4112 μεθίστασθαι,
2901 4043 3068 4110 φησί·
3132 4041 3230 4090 Τὸν
3293 4034 3468 4108 ἀγῶνα
3524 4039 3610 4088 τὸν
3669 4033 3823 4087 καλὸν

2219 4129 2558 4202 ἠγώνισμαι,
2620 4131 2706 4180 τὸν
2765 4124 2961 4202 δρόμον
3016 4126 3289 4194 τετέλεκα,
3347 4131 3442 4186 τὴν
3502 4129 3682 4179 πίστιν
3735 4144 3822 4177 τε·

2216 4225 2457 4294 τήρηκα-
2523 4217 2701 4270 λοιπὸν
2765 4216 3036 4269 ἀπόκειταί
3101 4235 3194 4290 μοι
3246 4217 3272 4268 ὁ
3325 4223 3417 4276 τῆς
3477 4210 3823 4276 δικαιοσύνης

2220 4313 2508 4382 στέφανος,
2580 4307 2633 4359 ὃν
2701 4303 2970 4360 ἀποδώσει
3031 4326 3124 4379 μοι
3186 4308 3211 4357 ὁ
3271 4308 3499 4379 Κύριος,
3577 4304 3669 4356 οὐκ
3745 4301 3820 4354 έν-

2217 4400 2407 4465 ταῡθα,
2459 4396 2568 4450 ἀλλ’
2615 4395 2663 4449 έν
2716 4396 2878 4471 ἐκείνῃ
2932 4403 2992 4470 τῇ
3054 4398 3226 4472 ἡμέρᾳ
3273 4397 3298 4447 ὁ
3352 4391 3560 4456 δίκαιος
3614 4397 3815 4468 κριτής.

449 4485 578 4557 ipse
603 4484 874 4543 Salvator
892 4485 1005 4542 ait:
1028 4487 1101 4542 In
1120 4488 1347 4543 mundo
1369 4489 1480 4545 hoc
1497 4504 1846 4558 pressuram
1869 4491 2107 4548 habebi-

2231 4493 2319 4542 Καὶ
2374 4487 2525 4541 πάλιν
2578 4487 2604 4539 ὁ
2659 4491 2833 4560 Σωτήρ
2882 4505 3040 4560 φησιν
3069 4507 3082 4519 ·
3135 4485 3219 4538 Ἐν
3274 4493 3348 4557 τῷ
3403 4489 3585 4558 κόσμῳ
3650 4485 3818 4556 τούτῳ

449 4575 606 4631 τίετο.
630 4579 711 4629 Ac
737 4574 953 4631 iterum
971 4575 1132 4633 idem
1161 4576 1482 4648 Apostolus
1507 4593 1518 4634 :
1539 4580 1655 4635 Per
1672 4582 1898 4638 multas
1921 4580 2108 4636 tribu-

450 4663 702 4720 lationes
724 4669 956 4733 oportet
980 4680 1088 4720 nos
1110 4665 1348 4722 intrare
1369 4668 1430 4721 in
1454 4682 1707 4738 regnum
1733 4669 2103 4725 calorum“.

445 4751 702 4808 Proinde
746 4753 794 4808 si
837 4753 930 4809 vis
970 4753 1032 4809 in
1078 4754 1348 4810 futurum
1393 4771 1670 4826 regnare,
1702 4757 1798 4813 hic
1836 4759 2103 4830 quietem

451 4841 627 4913 575
673 4857 745 4898 ac
789 4842 1089 4900 honorem
1131 4859 1207 4899 ne
1240 4847 1502 4900 sectere:
1539 4846 1645 4902 sed
1675 4847 1908 4904 etiamsi
1939 4864 2102 4909 nunc

444 4929 746 4987 divexeris
797 4936 1046 5004 propter
1101 4932 1464 5003 doctrinam,
1522 4935 1790 4993 veritatis
1850 4937 2097 5008 scilicet,

441 5019 603 5077 scias
632 5024 689 5077 te
715 5026 927 5094 postea
949 5027 1368 5093 regnaturum.
1397 5026 1550 5081 Nam
1571 5027 1886 5098 presentis
1916 5021 2102 5084 mole-

2217 4577 2394 4650 θλίψιν
2453 4578 2605 4641 ἕξετε.
2649 4581 2752 4630 Καὶ
2790 4575 2945 4629 πάλιν
2999 4577 3024 4628 ό
3093 4574 3247 4637 αὐτὸς
3306 4573 3662 4638 Ἀπὸστολος.
3723 4575 3819 4626 Διὰ

2212 4668 2412 4723 πολλῶν
2475 4667 2695 4739 θλίψεων
2763 4663 2844 4718 δεῖ
2908 4664 3064 4738 ἡμᾶς,
3109 4663 3352 4717 εἰσελθεῖν
3414 4663 3485 4726 εἰς
3547 4667 3639 4722 τὴν
3707 4661 3816 4736 βα·-

2214 4760 2408 4813 σιλείαν
2466 4767 2564 4811 τῶν
2624 4758 2877 4833 οὐρανῶν.
2937 4756 2997 4810 Εἰ
3051 4759 3224 4808 τοίνυν
3278 4753 3456 4828 βούλει
3501 4752 3819 4828 βασιλεῦσαι

2211 4849 2282 4911 εἰς
2319 4852 2378 4902 τὸ
2411 4847 2588 4921 μέλλον
2625 4847 2761 4919 (28),
2803 4847 3028 4899 ἐνταῦθα
3056 4850 3128 4919 μὴ
3163 4846 3359 4912 ἄνεσιν,
3392 4849 3462 4918 μὴ
3516 4848 3668 4916 τιμὴν
3709 4843 3819 4897 ἐπι-

2209 4940 2373 5004 ζήτει,
2410 4937 2539 4990 ἀλλὰ
2575 4936 2669 4989 κᾶν
2711 4934 2860 5010 θλίϐη
2894 4939 3021 5009 πρὸς
3061 4938 3119 4988 τὸ
3163 4938 3329 5009 παρὸν
3358 4936 3483 5009 ὑπὲρ
3511 4942 3603 4987 τοῦ
3634 4933 3814 5006 λόγου,

2208 5026 2451 5087 δηλονότι
2511 5033 2602 5088 τῆς
2661 5025 2904 5088 ἀληθείας
2929 5063 2944 5090 ,
3000 5029 3266 5098 γίνωσκε,
3333 5025 3415 5078 ὅτι
3480 5022 3816 5098 βασιλεύσεις

513 5183 561 5218 ⁸⁸
601 5181 801 5240 Matth.
842 5199 980 5252 xxv,
1021 5186 1113 5240 40.
1189 5185 1238 5220 ⁶⁹
1279 5187 1325 5240 ll
1363 5184 1513 5241 Tim.
1551 5202 1628 5242 1v.
1670 5189 1724 5255 7,
1767 5189 1822 5245 8.
1896 5188 1946 5223 το
1983 5191 2121 5246 Joar

2231 5206 2317 5262 ιη,
2357 5193 2449 5247 33.
2525 5190 2570 5225 7'
2615 5191 2742 5247 Act.
2781 5203 2901 5257 xrv,
2930 5176 3031 5242 21.

511 5326 627 5397 (24)
667 5325 860 5408 Yossii
896 5331 1068 5408 vetus
1109 5325 1262 5384 liber
1302 5343 1441 5384 cum
1471 5327 1640 5408 CoLb_.
1673 5325 1924 5408 δεήσειεν.
1977 5333 2095 5389 Nec

437 5391 531 5454 ita
559 5391 751 5452 multo
799 5403 937 5469 post
975 5398 1159 5455 iidem
1206 5415 1354 5457 mss.
1403 5415 1547 5457 cum
1593 5403 1732 5474 Reg.
1774 5401 1974 5474 primo
2020 5412 2094 5476 τῷ

442 5470 619 5522 κυοίω
650 5465 686 5520 δ
691 5476 946 5522 ιανσνεῖν.

505 5487 619 5541 οριῳ
650 5487 946 5540 οιαγαγειν.

505 5533 620 5619 (28)
661 5541 804 5619 Reg.
834 5540 1068 5619 primus
1113 5545 1172 5598 et
1214 5540 1380 5598 Voss.
1416 5544 2087 5619 συντυγχανουσινλαῦτῷ.

434 5607 773 5683 Aliquantd
808 5607 948 5685 post
990 5612 1116 5671 duo
1161 5629 1310 5670 mss.
1341 5629 1482 5677 cum
1528 5607 1698 5675 vbis.
1729 5622 1840 5689 χρὴ
1881 5607 2084 5690 ἐννοεῖν,

2204 5349 2285 5386 οτι
2313 5353 2400 5386 και
2431 5353 2477 5390 ο.

2272 5409 2388 5475 (26)
2429 5403 2632 5462 Codex
2662 5398 2826 5460 Colb.
2861 5397 3249 5478 “inmemor.

2271 5471 2388 5546 (27)
2430 5479 2593 5533 Unus
2623 5491 2738 5531 ms.
2768 5490 2910 5531 cum
2939 5471 3111 5532 Vo'ss.
3141 5484 3236 5540 τῆς
3265 5471 3487 5530 ἐνταῦθα
3519 5471 3678 5540 ζωῆς.

2268 5549 2380 5620 (28)
2423 5550 2588 5606 Unus
2611 5563 2729 5606 ms.
2761 5549 2897 5601 κατὰ
2925 5551 2984 5601 τό
3011 5546 3214 5622 μέλλον.
