4120 6390
327 342 466 403 1413

1465 314 2062 390 ροΝετιτυτιοΝΕε
2096 314 2534 384 κοΝΔετΙΟᾹΞ.

3543 313 3684 379 1414

307 471 544 543 ὕστερον.
591 470 700 525 Τῆς
750 461 853 535 γὰρ
901 459 1124 513 ἐνταῦθα
1173 459 1300 533 ύπὶρ
1355 464 1449 510 τοῦ
1480 455 1639 508 καλοῦ
1682 451 1901 524 θλίψεως

2039 448 2174 516 nire,
2205 463 2342 521 quae
2372 447 2452 504 ob
2483 447 2763 504 virtutem
2785 443 3093 513 toleratur,
3117 444 3248 504 haec
3271 460 3504 503 merces
3534 460 3682 502 con-

305 561 458 622 οὗτος
509 558 534 608 ό
588 555 782 628 μισθὸς
829 555 1052 628 ὥρισται
1100 551 1235 622 (29).
1277 549 1396 602 Ἐὰν
1433 545 1493 601 δε
1520 551 1591 620 μὴ
1623 543 1798 616 θλίϐη,
1829 546 1899 615 μή

309 644 693 724 προσδοκήσῃς
722 647 844 703 τοὺς
873 641 1060 694 ἕκείθεν
1093 641 1396 712 στεφάνους,
1427 640 1495 700 ὡς
1525 635 1748 688 ἐνταῦθα
1791 635 1906 690 τοὺς

310 723 630 812 ὡρισμένους
677 732 761 785 ἐπὶ
804 739 909 792 τοῖς
966 731 1236 802 στεφάνοις
1287 727 1346 780 οὐ
1395 723 1908 801 προκαταϐαλόμενος

311 826 514 899 ἀγῶνας
535 828 624 876 καὶ
650 827 852 882 πόνους.

379 919 438 971 2.
471 917 635 986 Τιμὰς
664 908 751 964 οὖν
776 905 1037 983 μηδαμῶς
1078 906 1386 968 ἐπιζητείτω
1416 907 1441 958 ό
1469 904 1722 969 ἀσκητὴς,
1780 906 1910 974 μήτε

309 1014 408 1058 τῶν
458 1004 648 1056 λοιπῶν
696 999 972 1075 προῆχθαι
1029 997 1165 1069 (31)).
1225 1002 1335 1057 Πᾶς
1371 999 1471 1070 γὰρ
1500 997 1525 1047 ὁ
1555 993 1698 1065 ὑψῶν
1729 992 1909 1044 ἑαυτὸν

308 1093 773 1148 ταπεινωθήσεταιο
849 1090 876 1139 ό
953 1084 1013 1140 δε
1077 1095 1328 1139 ταπεινῶν
1404 1085 1584 1137 ἑαυτὸν
1687 1080 1911 1151 ὑψωθή-

311 1202 478 1239 σεται.
528 1180 644 1234 Ἐὰν
712 1177 892 1231 ἑαυτὸν
967 1175 1154 1248 ὑψώσῃ
1217 1177 1242 1227 ό
1293 1173 1549 1242 ἀσκητὴς,
1601 1171 1768 1245 βαρύν
1822 1189 1914 1240 καὶ

312 1268 532 1324 δυνατὸν
562 1271 679 1342 ἔχει
718 1271 804 1319 τὸν
829 1273 1191 1332 ταπεινοῦντα,
1221 1269 1312 1316 καὶ
1341 1269 1534 1336 μέχρις
1587 1258 1720 1332 ᾅδου
1781 1280 1912 1313 κατ-

308 1363 453 1432 άγειν
512 1355 817 1430 δυνάμενονο
866 1354 950 1406 ἐὰν
992 1350 1051 1406 δι
1108 1353 1288 1406 ἑαυτὸν
1338 1351 1914 1424 ταπεινώση,λαμπρόν

309 1453 400 1503 καὶ
429 1448 773 1522 ὑπερμέγεθες
817 1443 1178 1516 ὑψωθήσεται,
1221 1449 1354 1496 Θεοῦ
1393 1445 1524 1515 πρὸς
1574 1445 1667 1500 τὴν
1721 1440 1912 1492 οἰκείαν

312 1535 534 1609 δύναμιν
583 1534 845 1606 ὑψοῦντος
888 1536 974 1585 τόν
1033 1535 1449 1604 ταπεινούμενον.
1522 1535 1766 1605 Περίμενε
1803 1534 1912 1582 τοί-

310 1648 399 1678 νυν
429 1629 516 1678 τὸν
545 1623 713 1688 καλῶς
757 1623 1012 1694 ὑψοῦντα,
1035 1623 1073 1672 ὦ
1106 1619 1336 1688 ἀσκητὰ,
1367 1625 1456 1672 καὶ
1492 1615 1758 1693 μηδαμῶς
1799 1620 1912 1689 (31)

311 1713 640 1789 μικροψύχει
690 1716 820 1787 πρὸς
869 1713 935 1763 τὰ
995 1714 1247 1784 παρόντα.
1312 1709 1566 1771 Ἀθλητὴς
1603 1711 1701 1782 γὰρ
1744 1710 1792 1762 εἷ
1824 1713 1914 1760 καί

2019 536 2224 594 stituta
2249 541 2361 593 est.
2385 537 2558 603 Quod
2583 535 2632 591 si
2658 533 2808 591 nihil
2850 533 3081 606 patiare
3124 535 3388 600 adversi,
3419 550 3682 592 coronas

2016 626 2135 684 illic
2156 625 2608 683 distribuendas
2635 640 2709 680 ne
2748 628 3050 694 expectes,
3101 628 3165 679 ut
3198 624 3304 696 qui
3359 625 3456 680 hic
3515 624 3684 697 prius

2017 716 2403 789 temetipsum
2425 712 2760 771 constitutis
2784 711 2864 767 ob
2887 726 3145 768 coronas
3165 713 3594 770 certaminibus
3611 729 3684 771 ac

2017 805 2331 862 laboribus
2363 820 2484 860 non
2515 802 2832 874 objeceris.

2089 899 2148 950 2.
2193 897 2462 951 Honores
2488 893 2666 964 igitur
2722 905 3116 963 nequaquam
3171 892 3401 948 ambiat
3463 896 3685 964 asceta,

2018 983 2288 1056 nolitque
2314 982 2547 1040 caeteris
2579 980 2887 1054 anteponi.
2914 980 3123 1036 Omnis
3145 981 3296 1036 enim
3319 982 3425 1052 qui
3447 997 3508 1038 se
3527 982 3690 1038 exal-

2023 1080 2131 1144 tat,
2194 1073 2616 1129 humiliabilur
2652 1089 2664 1126 :
2701 1077 2754 1127 et
2794 1071 2898 1141 qui
2937 1085 2998 1137 se
3041 1068 3352 1133 humillcl,
3385 1071 3688 1126 exaltabi-

2024 1165 2210 1220 tur".
2242 1163 2300 1220 Si
2322 1168 2530 1220 asceta
2561 1177 2626 1217 se
2656 1161 2784 1234 ipse
2817 1158 3181 1225 exaltaverit,
3215 1159 3518 1232 habetqui
3548 1175 3691 1230 gra-

2021 1253 2168 1310 viter
2213 1268 2284 1309 ac
2333 1256 2607 1325 potenter
2656 1249 2949 1316 humiliet,
2981 1250 3307 1322 ipsumque
3364 1249 3442 1306 ad
3472 1249 3692 1306 inferos

2022 1358 2220 1414 usque
2244 1341 2595 1412 demergere
2627 1339 2816 1412 possit
2849 1355 2862 1393 :
2892 1337 2984 1394 sin
3047 1343 3250 1394 autem
3291 1335 3694 1395 humiliaverit

2023 1430 2312 1504 seipsum,
2347 1428 2662 1502 splendide
2693 1434 2751 1485 et
2779 1427 3100 1498 magniﬁce
3142 1426 3478 1483 admodum
3509 1425 3691 1483 extolo

2021 1519 2196 1590 letur,
2243 1522 2363 1576 Deo
2407 1535 2515 1592 per
2546 1534 2722 1574 suam
2749 1516 3082 1590 potentiam
3113 1515 3497 1573 humiliatum
3526 1515 3692 1572 exal-
3739 1584 3744 1588 ι

2025 1613 2206 1666 tante.
2252 1611 2544 1681 Exspecta
2599 1607 2778 1677 igitur
2830 1605 2936 1661 rite
2983 1605 3372 1673 exaltantem,
3401 1621 3436 1661 o
3469 1609 3692 1674 asceta,

2025 1713 2136 1754 nec
2166 1697 2286 1753 ullo
2317 1696 2503 1754 modo
2532 1697 2736 1753 animo
2767 1695 3014 1751 deﬁcias
3045 1695 3125 1750 ob
3165 1695 3507 1767 praesentia.
3543 1697 3694 1752 Nam

312 1802 536 1878 ἰργάτης
590 1809 682 1854 τοῦ
723 1807 979 1874 Χριστοῦ,
1010 1798 1131 1857 ὅλην
1161 1804 1255 1858 την
1281 1801 1478 1874 ἡμέραν
1510 1797 1636 1858 ἀθλῆ
1648 1818 1738 1852 σαι
1796 1817 1914 1850 συν-

2039 1787 2253 1845 athleta
2275 1802 2357 1858 es,
2388 1792 2444 1843 et
2469 1786 2784 1860 operarius
2814 1783 3048 1852 Christi,
3079 1784 3181 1857 qui
3204 1789 3260 1840 te
3291 1784 3454 1841 diem
3505 1789 3694 1842 totam

249 1951 253 1954 λ
314 1893 537 1965 θέμενος,
589 1895 678 1942 καὶ
717 1889 841 1951 ὅλης
869 1897 967 1952 τῆς
1023 1890 1215 1963 ἡμέρας
1281 1889 1557 1960 ὑπομεῖναι
1584 1892 1672 1941 τὸν
1707 1890 1916 1940 καύσω-

310 2001 392 2036 να.
446 1985 529 2046 Τί,
574 1975 797 2052 μηδέπω
850 1978 1135 2052 πληρώσας
1200 1985 1296 2040 τῆς
1349 1979 1542 2050 ἡμέρας
1592 1981 1648 2029 τὸ
1705 1981 1914 2050 μέτρον,

1139 2063 1362 2130 Εκδεξαι
1414 2071 1507 2125 τὴν
1557 2066 1797 2141 ἑσπέραν,
1857 2071 1915 2118 τό

313 2163 469 2234 πέρας
516 2167 606 2219 τῆς
653 2157 875 2210 ἐνταῦθα
922 2157 1081 2227 ζωῆς,
1137 2157 1238 2226 ἵνα,
1290 2155 1444 2208 ἐλθὼν
1480 2157 1506 2208 ό
1536 2153 1918 2218 οἰκοδεσπότης

1115 2066 1136 2080 Π

312 2066 652 2142 μεταδιώκεις
695 2073 786 2127 τὴν
841 2069 1016 2120 ἄνεσιν
1067 2085 1082 2136 ;

314 2253 435 2309 τούς
485 2249 711 2321 μισθούς
765 2265 849 2298 σοι
898 2244 1360 2319 ἀπαριθμήσηται.
1413 2244 1604 2315 Ὀψίας
1648 2247 1750 2320 γὰρ
1780 2265 1920 2316 γενο.

316 2339 490 2410 μένης,
550 2332 684 2388 εἶπεν
735 2336 760 2386 ό
811 2337 991 2408 κύριος
1033 2341 1124 2385 τοῦ
1184 2331 1478 2405 ἀμπελῶνος
1516 2341 1587 2403 τῷ
1655 2332 1917 2408 ἐπιτρόπῳ

319 2425 500 2479 αὑτοῦ.
558 2424 784 2476 Κάλεσον
838 2425 954 2482 τοὺς
997 2421 1240 2496 ἐργάτας,
1297 2426 1386 2474 καὶ
1459 2417 1658 2483 ἀπόδος
1741 2422 1921 2485 αὐτοῖς

319 2517 406 2566 τὸν
480 2513 692 2585 μισθόν·
758 2511 817 2562 οὑ
892 2513 1158 2584 μεσούσης
1224 2512 1417 2584 ἠμέρας
1478 2513 1616 2581 (32),
1675 2509 1799 2565 οὑδὲ
1868 2511 1919 2565 ἓν

322 2604 467 2675 ἀρχῇ
529 2610 618 2662 τῆς
665 2601 998 2674 μισθώσεως.
1063 2604 1361 2674 Περίμεινον
1417 2600 1506 2652 οὖν
1545 2604 1602 2653 τό
1633 2605 1793 2676 πέρας
1827 2609 1920 2654 τοῦ

321 2689 466 2763 βίου,
525 2695 616 2742 καὶ
665 2694 779 2742 τότε
829 2709 1024 2763 κομισῃ
1077 2689 1193 2750 τούς
1243 2691 1470 2763 μισθούς
1521 2689 1740 2754 ἐπαξίως
1784 2693 1917 2762 (33).

322 2777 474 2851 ’Ἄρτι
504 2775 564 2831 δε
604 2781 753 2850 στέγε
781 2780 876 2836 τὴν
907 2775 1144 2850 ἐσχάτην
1184 2783 1390 2853 χώραν,
1451 2780 1532 2832 ἵνα
1599 2783 1716 2832 τότε
1763 2778 1923 2842 λάϐἥς

319 2870 414 2926 τὴν
441 2886 674 2941 πρωτην.

877 2981 1218 3030 ΚΕΦΛΔΙΟΝ
1249 2975 1364 3030 ΚΗ.

323 3085 448 3156 Περὶ
484 3088 576 3143 τῆς
631 3083 768 3135 κατὰ
830 3083 896 3135 τὰ
962 3081 1223 3158 βρώματα
1285 3085 1509 3158 ἀτυφίας
1574 3089 1665 3138 καὶ

1031 3174 1203 3217 τητος.

1767 3085 1924 3139 ἁπλό-

393 3262 682 3337 Βρωμάτων
753 3265 928 3334 μέντοι
999 3260 1256 3338 διαφορὰν
1327 3261 1577 3338 οὐδαμῶς
1661 3264 1924 3327 ὶπιζητείν

323 3346 509 3421 ὀφείλει
561 3351 588 3401 ό
643 3351 900 3417 ἀσκητὴς,
958 3356 1047 3404 καὶ
1111 3358 1465 3427 προσποιήσει
1517 3351 1674 3414 δῆθεν
1731 3354 1924 3431 ἐγκρα-

321 3442 458 3498 τείας
509 3436 793 3511 ἑξαλλαγὴν
845 3437 1168 3513 ἐδεσμάτων.
1225 3444 1392 3495 Τοῦτο
1466 3445 1567 3516 γὰρ
1657 3444 1922 3518 ἀνατροπὴ

323 3534 422 3589 τῆς
459 3535 636 3589 κοινῆς
692 3528 926 3592 εὐταξίας
973 3528 1082 3582 ἕστὶ
1130 3535 1220 3583 καὶ
1280 3528 1584 3584 σκανδάλων
1659 3535 1922 3598 ὑπόθεσις,

323 3621 549 3669 καὶτοῦ
609 3617 728 3669 ούαὶ
787 3618 1102 3694 κληρονόμος
1173 3624 1374 3692 γίνεται
1440 3622 1466 3672 ό
1516 3620 1564 3673 ἕν
1624 3640 1928 3695 συστηματι

326 3704 598 3778 ἀσκητικῷ
650 3710 893 3769 τοιαύτας
930 3708 1104 3770 αἰτίας
1156 3717 1402 3783 ταραχῆς
1463 3706 1727 3772 ἓνδιδούς.
1775 3712 1930 3765 Ἀλλὰ

324 3794 420 3847 κᾶν
451 3799 508 3848 τὸ
539 3796 863 3870 προσίψημα
888 3799 1000 3870 (34)
1034 3806 1186 3852 τοῦτο
1211 3801 1271 3852 τὸ
1295 3803 1633 3872 ταριχευτόν,
1683 3803 1744 3854 τὸ
1786 3803 1930 3877 παρὰ

322 3892 426 3937 τῶν
475 3884 635 3958 ἁγίων
686 3889 925 3963 Πατὲρων
985 3886 1218 3961 ἕγκριθὶν
1250 3886 1358 3941 ἀντ’
1384 3889 1540 3942 ἄλλου
1592 3893 1733 3953 τινὸς
1773 3892 1930 3964 ἀρτύ-

324 3993 508 4047 ματος,
558 3973 844 4048 ἐλάχιστον
899 3984 1005 4040 τοῖς
1069 3976 1347 4052 βρώμασιν
1387 3977 1756 4033 ἐπιϐάλλεσθαι
1787 3999 1930 4054 συμ-

321 4064 664 4136 πεπλεγμένον
713 4073 785 4137 τῷ
840 4065 1005 4139 λοιπῳ
1049 4065 1298 4142 ὶδίσματι
1351 4077 1445 4122 τοῦ
1497 4065 1695 4132 ὕδατος
1750 4070 1781 4130 ἣ
1830 4078 1930 4124 τῶν

323 4152 568 4225 λαχάνων
627 4154 874 4227 ύπάρχη,
901 4161 970 4227 μὴ
1000 4159 1260 4230 προφάσει
1288 4154 1444 4218 δῆθεν
1488 4156 1772 4224 κενοδόξου
1824 4159 1931 4214 ἔθεε

322 4241 647 4303 λοευλαϐείας
694 4245 830 4313 (35),
891 4247 960 4304 ὡς
1025 4250 1154 4316 κρέα
1236 4251 1671 4321 παραιτούμενος,
1749 4248 1933 4310 ἐπιζη-

324 4335 478 4384 τείτω
525 4339 624 4382 τῶν
655 4327 957 4403 ἐδεσμάτων
1004 4336 1069 4384 τὰ
1118 4340 1407 4406 τιμιώτερα
1451 4342 1541 4388 καὶ
1569 4343 1930 4411 χρηστότερα,

330 4419 459 4474 ἀλλᾶ
484 4421 573 4491 ’τῷ
627 4420 922 4494 ἀποζέμάτι
967 4429 1060 4474 τοῦ
1101 4421 1388 4495 ἐλαχίστου
1418 4429 1686 4497 τεμάχους
1715 4431 1801 4479 τὸν
1826 4427 1934 4498 ψω-

2026 1879 2493 1940 decertaturum,
2541 1882 2597 1933 et
2643 1877 2828 1932 totius
2880 1875 2999 1930 diei
3051 1881 3267 1931 aestum
3325 1875 3691 1948 perlaturum

2028 1973 2244 2042 pactus
2277 1983 2365 2024 es.
2408 1969 2524 2022 Cur
2554 1965 2827 2021 nondum
2858 1963 3158 2037 completa
3217 1962 3334 2020 diei
3383 1981 3692 2034 mensura,

2025 2057 2295 2131 requiem
2317 2054 2686 2112 consectaris
2707 2055 2734 2109 ‘2
2761 2053 3120 2126 Vesperam,
3146 2052 3329 2108 ﬁnem
3357 2052 3542 2126 hujus
3563 2055 3696 2110 vitae

2029 2143 2397 2219 praestolare,
2431 2148 2494 2199 ut
2515 2160 2654 2199 cum
2683 2142 3113 2216 paterfamilias
3174 2143 3421 2210 venerit,
3473 2142 3700 2200 tribuat

2027 2235 2138 2292 tibi
2166 2233 2525 2290 mercedem.
2562 2235 2816 2306 Vespere
2845 2232 3006 2287 enim
3023 2231 3202 2301 facto,
3225 2231 3374 2287 dixit
3407 2230 3696 2288 dominus

2029 2325 2214 2381 vinem
2269 2323 2646 2397 procuratori
2694 2339 2840 2378 suo:
2874 2323 3030 2379 Voca
3083 2322 3404 2393 operarios,
3439 2327 3495 2378 et
3516 2321 3702 2378 redde

2027 2415 2155 2471 illis
2217 2413 2654 2480 mercedem“;
2687 2428 2810 2468 non
2861 2413 2923 2468 in
2969 2411 3240 2482 meridie,
3283 2426 3481 2484 neque
3529 2410 3698 2468 initio

2028 2502 2470 2561 conductionis.
2505 2502 2792 2576 Opperire
2820 2501 3004 2574 igitur
3049 2501 3237 2557 ﬁnem
3279 2500 3438 2567 vita,
3469 2505 3526 2557 et
3557 2508 3700 2558 tunc

2028 2608 2141 2665 pro
2171 2592 2384 2649 merito
2413 2591 2754 2648 mercedem
2783 2591 3027 2648 referes.
3054 2593 3223 2647 Nunc
3245 2595 3450 2648 autem
3473 2596 3701 2664 postre-

2033 2701 2203 2741 mum
2255 2683 2459 2740 locum
2511 2698 2768 2756 occupa,
2828 2687 2892 2740 ut
2945 2687 3090 2739 tunc
3142 2681 3410 2756 primum
3488 2695 3703 2740 conse-

2032 2789 2222 2848 quare
2241 2773 2261 2809 ⁷
2275 2774 2316 2830 ⁸.

2642 2950 2870 3006 CAPUT
2936 2951 3087 3007 XXV.

2138 3062 2228 3118 De
2250 3059 2621 3132 frugalitate
2647 3075 2718 3116 ac
2743 3058 3128 3128 simplicitate
3179 3059 3243 3116 in
3287 3058 3595 3117 alimentis

2105 3260 2315 3330 Nequo
2333 3272 2477 3314 vero
2501 3255 2776 3314 ciborum
2801 3254 3152 3313 varietatem
3173 3254 3296 3312 ullo
3313 3253 3496 3312 modo
3515 3254 3700 3314 debet

2034 3352 2239 3406 asceta
2310 3346 2637 3420 requirere,
2682 3361 2882 3418 neque
2959 3350 3258 3418 praetextu
3313 3345 3696 3402 continentia

2036 3437 2324 3495 alimenta
2352 3439 2753 3493 commutare.
2795 3437 2914 3492 Hoc
2938 3435 3101 3491 enim
3130 3434 3364 3492 eversio
3398 3440 3488 3494 est
3516 3451 3692 3493 com-

2034 3526 2239 3585 munis
2284 3525 2643 3598 disciplinaa,
2704 3524 3263 3597 scandalorumque
3322 3527 3585 3595 occasio,
3640 3531 3700 3584 et

2033 3616 2219 3687 hujus
2278 3615 2443 3672 vocis
2483 3629 2574 3672 υω
2613 3614 2806 3671 haeres
2856 3613 3060 3671 evadit
3094 3613 3164 3682 is,
3197 3615 3304 3687 qui
3348 3615 3412 3672 in
3439 3616 3701 3675 ascetica

2037 3705 2321 3762 societate
2370 3703 2518 3762 tales
2572 3704 2886 3762 turbarum
2935 3718 3152 3760 causas
3199 3704 3361 3761 serit.
3395 3705 3512 3762 Sed
3565 3705 3704 3764 licet

2037 3794 2373 3864 contingat,
2403 3797 2469 3849 ut
2496 3793 2613 3851 hoc
2642 3793 2967 3851 obsonium
2997 3791 3122 3849 sale
3152 3793 3486 3862 conditum,
3531 3796 3702 3868 quod

2039 3884 2236 3942 sancti
2259 3884 2464 3940 Patres
2491 3882 2626 3940 loco
2657 3882 2900 3940 alterius
2937 3881 3282 3954 cujuspiam
3333 3883 3703 3944 condimenti

2038 3973 2461 4032 adhibendum
2485 3973 2858 4043 judicarunt,
2899 3969 3194 4027 tantillum
3231 3969 3364 4027 aliis
3394 3972 3543 4028 cibis
3569 3974 3703 4045 inji-

2039 4064 2255 4133 ciatur,
2284 4063 2622 4153 immistum
2655 4061 2880 4153 scilicet
2904 4060 3136 4133 reliquo
3163 4060 3365 4117 edulio
3392 4077 3570 4153 aqua
3599 4066 3705 4120 aut

2041 4153 2307 4212 oleribus
2352 4152 2646 4218 confecto,
2699 4151 3057 4224 neutiquam
3101 4155 3306 4208 asceta
3351 4151 3604 4209 obtentu
3648 4155 3706 4209 et

2041 4244 2289 4302 nomine
2311 4259 2483 4300 vana-3
2516 4241 2793 4299 videlicet
2811 4247 2870 4298 et
2893 4240 3250 4298 voluntaria:
3279 4239 3706 4312 pietatis,velut

2042 4334 2149 4406 qui
2177 4349 2388 4390 carnes
2417 4337 2672 4401 recuset,
2697 4331 2983 4388 alimenta
3008 4329 3364 4402 pretiosiora
3391 4346 3464 4388 ac
3489 4321 3728 4390 delica’

2044 4423 2198 4478 tiora
2225 4421 2553 4494 perquirat,
2576 4421 2681 4477 sed
2711 4420 3006 4477 frustrum
3037 4420 3212 4492 panis
3240 4419 3392 4476 citra
3431 4423 3707 4480 attentio-

329 4511 426 4581 μὸν
476 4508 896 4585 ἀπαρατηρήτως
957 4509 1289 4584 ἀποϐρέχων,
1345 4516 1721 4587 προσφερέσθω
1806 4518 1922 4588 μετὸ

2043 4527 2186 4568 nem
2206 4510 2508 4581 intingens
2540 4511 2601 4566 in
2642 4510 2878 4566 minimi
2906 4510 3089 4580 hujus
3108 4507 3281 4564 frusti
3325 4508 3450 4564 sale
3481 4512 3706 4568 conditi

331 4599 511 4660 πάσης
531 4598 896 4673 εὐχαριστίας.
930 4603 999 4652 Τὸ
1041 4602 1144 4675 γὰρ
1184 4599 1465 4673 ἐλάχιστον
1519 4601 1678 4655 ἐκεῖνο
1728 4612 1938 4677 τμῆμα,

334 4687 407 4750 εἰς
478 4694 723 4740 τοσοῦτον
792 4687 986 4750 πλῆθος
1035 4685 1226 4752 ὕδατος
1294 4691 1322 4749 ἦ
1391 4688 1825 4766 περματώδους,
1897 4696 1940 4747 εἶ

333 4778 517 4848 τύχοι,
580 4775 856 4850 βρώματος
917 4776 1186 4851 tamen,
1262 4779 1320 4832 ού
1375 4789 1578 4854 τρυφῆς
1641 4779 1754 4834 ἔστι
1817 4801 1943 4835 κατ-

336 4864 599 4942 ϐγόρημα,
641 4865 770 4920 ἀλλὰ
800 4867 1151 4944 ἀκριϐεστάτη
1205 4877 1306 4920 τῶν
1357 4869 1598 4929 ἀσκητῶν
1637 4875 1728 4924 καὶ
1763 4871 1943 4924 ταλαί-

406 5044 456 5079 "
490 5046 629 5102 Luc.
662 5061 779 5115 xxv,
817 5050 902 5103 11.
982 5047 1030 5082 ⁷³
1058 5047 1259 5104 Matth.
1290 5064 1382 5121 xx,
1419 5049 1471 5105 8.

409 5221 521 5296 (‘29)
543 5222 793 5304 Antiqui
803 5218 928 5280 duo
952 5223 1088 5304 libri
1117 5220 1311 5304 ’Ἂν-δι,
1333 5229 1416 5304 μὴ·
1443 5225 1613 5299 θλίϐη,
1654 5231 1726 5300 μὴ
1767 5243 1941 5302 προσ⁸

342 5293 478 5374 δόκει
503 5293 642 5357 ’τοῦς
664 5293 857 5374 jacio:
892 5298 1189 5374 στεφάνους.
1208 5293 1360 5374 ‘Mox:
1381 5297 1503 5374 duo
1524 5293 1945 5374 ώὲεζπροκατα-

343 5366 633 5439 ϐαλόμενος.
664 5366 815 5423 Editi
858 5372 915 5423 et
951 5366 1144 5424 codex
1197 5367 1464 5426 Combef.
1521 5366 1940 5444 προκατάϐαλλό-

347 5455 532 5590 μιῖἓδ)
563 5509 765 5590 99ng
791 5508 958 5590 C911).
976 5509 1171 5590 λοιπῶν
1209 5514 1594 5590 προτετάχθαι,

421 5577 530 5722 ἓθί)
562 5581 711 5638 Editi
740 5577 1014 5655 μηδαμοῦ.
1046 5587 1117 5638 At
1146 5577 1296 5640 mss.
1315 5577 1744 5658 άηόξιηδαμῶς.

447 5653 536 5722 32)
561 5653 810 5710 Codices
831 5653 957 5712 duo
985 5653 1045 5708 οὐ
1092 5657 1257 5722 μέσης
1299 5657 1517 5722 ἡμέρας.

447 5653 536 5724 32)
561 5653 810 5710 Codices
831 5653 957 5712 duo
985 5653 1045 5708 οὐ
1092 5657 1257 5726 μέσης
1299 5653 1517 5732 ἡμέροίς.

2041 4600 2300 4673 jusculo,
2353 4616 2492 4656 cum
2544 4599 2711 4656 omni
2761 4599 3094 4669 gratiarum
3137 4596 3373 4653 actione
3402 4601 3703 4659 comedat.

2047 4693 2200 4748 Nam
2251 4690 2576 4746 minimum
2620 4688 2772 4745 illud
2823 4688 3116 4746 frustrum
3157 4689 3220 4744 in
3267 4692 3498 4745 tantam
3527 4706 3704 4764 aqua:

2050 4779 2314 4852 copiam,
2342 4783 2447 4835 aut
2462 4777 2842 4849 leguminum
2864 4777 2939 4841 {si
2953 4778 3038 4835 ita
3059 4777 3184 4836 fors
3195 4779 3370 4850 ferat)
3389 4779 3702 4851 injectum,

2021 4886 2175 4930 .non
2227 4868 2468 4943 praefert
2515 4867 2786 4939 delicias,
2849 4869 2956 4927 sed
3008 4870 3391 4930 severissima
3442 4886 3706 4944 vereque

1547 5050 1598 5085 τι
1630 5051 1766 5106 Luc.
1793 5065 1918 5115 xiv,
1950 5052 2036 5106 10.

2292 5225 2549 5307 Antiqui
2594 5225 2717 5282 duo
2752 5222 2905 5307 libri
2959 5228 3184 5307 μισθούς
3232 5225 3472 5286 ἐπανιών.
3526 5224 3702 5307 Ἄρτι.

2049 5297 2160 5354 Alii
2191 5299 2308 5355 duo
2335 5297 2475 5354 cum
2509 5300 2676 5354 Voss.
2705 5299 2788 5355 uti
2812 5299 2875 5354 in
2904 5297 3208 5357 contextu.

2125 5372 2285 5458 ςδω..
2315 5370 2618 5458 μδταείιέετ
2750 5371 2997 5458 {vestisse
3019 5371 3216 5458 Iocis
3265 5371 3596 5458 ,σεσέφῖπμα
3624 5374 3710 5432 ita

2051 5441 2299 5518 scripsit
2320 5443 2522 5518 in__ora
2550 5441 2713 5518 Regii
2735 5441 2955 5514 quarti,
2990 5442 3136 5516 οἶμαι
3165 5445 3223 5518 το
3255 5441 3532 5518 menta;
3552 5463 3704 5518 φησι.

2147 5511 2234 5583 33)
2268 5513 2434 5584 Regii
2465 5511 2777 5570 secundus
2795 5519 2853 5570 et
2876 5511 3128 5586 quartus
3172 5515 3286 5572 sim
3335 5511 3527 5573 liciter
3559 5511 3711 5572 ’κενου

2053 5514 2210 5646 δόἓου
2268 5584 2558 5646 εὐλαϐείας.
2631 5583 2744 5641 Alii
2795 5585 2921 5643 duo
2950 5603 3096 5645 mss.
3137 5591 3196 5646 et
3232 5531 3377 5645 editi
3404 5585 3704 5646 ἕθελοευλαο

2058 5583 2220 5709 2‘52:
2268 5583 2558 5647 εὐλαϐείας.
2631 5583 2744 5641 Alii
2795 5583 2921 5643 du6
2950 5603 3096 5645 mss.
3137 5591 3196 5647 et
3232 5583 3377 5645 editi
3404 5585 3704 5646 ἕθελοευλαο

2137 5675 2220 5719 ας.
