4120 6388
434 337 570 396 1415

1805 317 1861 381 S.
1905 317 2158 377 BASlLll
2199 310 2437 374 MAGNI.

3665 317 3808 374 1416

427 459 768 534 asperrima
811 459 899 513 est
955 451 1320 511 abstinentia
1395 452 1762 506 ascetarum.
1848 446 2091 518 Oportet

2202 457 2373 512 πωρος
2442 444 2599 503 ὅντως
2629 439 2923 514 ἐγκράτεια.
2953 441 3067 515 Χρὴ
3119 441 3290 492 τοίνυν
3341 439 3410 492 τὰ
3459 456 3680 496 τοιαῦτα
3733 446 3807 515 μὴ

426 550 608 620 igitur
625 565 763 620 quae
787 542 1264 617 ejusmodisunt,
1292 555 1686 613 nequaquam
1711 553 1747 593 a
1771 534 2095 592 sanctimo-

424 640 540 696 nim
598 638 826 694 cultore
863 631 1200 691 observari.
1259 633 1463 702 Neque
1517 628 1679 684 enim
1744 626 2093 683 Judaaorum

427 746 617 798 more,
638 729 744 785 sed
771 726 1122 784 deliciarum
1150 721 1488 778 satietatem
1509 715 1913 790 fugientes,ab
1934 713 2094 785 ejus-

426 821 596 878 modi
624 819 807 876 rebus
834 815 1244 874 abstinemus.

933 905 1108 978 576
1142 903 1368 959 CAPUT
1414 902 1591 957 XXVI.

429 1018 601 1088 Quod
649 1017 755 1090 qui
800 1015 1042 1086 respicit
1089 1012 1170 1090 ad
1211 1006 1718 1090 perfectionem,“
1766 1001 1925 1060 nihil
1958 999 2097 1058 lwdi

937 1086 1126 1156 possit
1182 1080 1556 1153 egrediendo.

502 1199 543 1252 l.
577 1196 751 1264 Quod
798 1195 847 1251 si
895 1196 1096 1250 asceta
1141 1189 1319 1255 dicat,
1371 1184 1710 1243 detrimenti
1755 1179 1984 1256 aliquid
2033 1195 2094 1236 se

427 1287 576 1363 pati,
601 1303 741 1342 cum
755 1283 1075 1354 egreditur,
1102 1277 1634 1351 autperegrinatur
1655 1273 1733 1329 ob
1751 1268 2096 1328 necessaria

427 1361 881 1434 communitatis
920 1371 1182 1442 negotia,
1238 1367 1317 1423 ob
1373 1366 1556 1439 idque
1607 1363 1767 1420 exire
1836 1361 2090 1426 recnset,

425 1462 704 1519 nondum
749 1459 916 1516 novit
967 1452 1324 1512 obedientiae
1407 1450 1837 1519 integritatem,
1893 1459 2092 1516 neque

353 1572 357 1578 '
426 1552 716 1610 intellexit
762 1552 921 1607 hanc
982 1547 1269 1604 virtutem
1310 1557 1705 1616 nequaquam
1752 1538 2095 1610 comparari

428 1641 734 1715 ejusmodi
786 1637 1000 1696 inertia
1051 1640 1232 1708 atque
1275 1633 1535 1708 pigritia.
1582 1628 1882 1702 Respiciat
1912 1626 2094 1695 igitur

427 1714 504 1788 ad
523 1729 801 1803 exempla
822 1731 1192 1794 sanctorum,
1207 1720 1516 1796 quomodo
1534 1735 1767 1775 morem
1798 1714 2095 1788 gesserint

2201 537 2520 604 παρατηρεῖν
2576 534 2665 582 τὸν
2707 539 2804 593 τῆς
2855 533 3134 591 όσιτόητος
3174 528 3431 588 ἀσκητήν.
3469 529 3544 582 Ού
3573 534 3677 605 γὰρ
3707 541 3810 586 τῶν

2200 621 2448 671 τοιούτων
2505 618 2813 693 ἀπεχόμεθα
2869 616 3267 687 Ἰουδαΐζοντες,
3318 618 3450 673 ἀλλὰ
3483 629 3579 681 τῆς
3606 631 3812 696 τρυφῆς

2200 710 2294 766 τὴν
2323 707 2629 782 πλησμονὴν
2658 711 2774 781 (35)
2805 712 3091 782 φεύγοντες.

2733 892 3123 942 ΚΕΦΑΛΑῘΟΝ
3163 887 3278 952 Κςλ

2197 991 2321 1046 Ὀτι
2380 995 2468 1047 τὸν
2513 998 2643 1070 πρὸς
2685 998 2757 1070 Δτὸ
2822 995 3009 1070 τέλειον
3051 996 3194 1070 _(37)_
3238 993 3498 1068 βλέποντα
3546 991 3700 1050 οὐδὲν
3774 999 3806 1057 ἠ

2537 1064 2707 1142 πρόοδ
2711 1087 2761 1128 ος
2787 1067 3133 1143 παραϐλιίψαι
3162 1064 3468 1125 δυνήσεται.

2276 1177 2325 1230 1.
2389 1173 2450 1226 Εἰ
2498 1171 2557 1228 δὲ
2611 1175 2750 1248 λέγοι
2814 1174 3144 1248 βλάπτεσθαι
3182 1180 3298 1236 ταῖς
3337 1171 3611 1250 προόδοις,
3640 1176 3670 1234 ἦ
3702 1183 3811 1239 ταῖς

2201 1259 2532 1339 ὁδοιπορίαις
2568 1271 2685 1327 ταῖς
2728 1261 2822 1317 διά
2864 1266 2958 1326 τὰς
3014 1263 3304 1336 ἀναγκαίας
3349 1269 3540 1340 χρείας
3569 1273 3660 1318 τοῦ
3701 1285 3811 1319 κοι-

2199 1361 2289 1405 νοῦ
2340 1359 2631 1426 γενομέναις
2675 1357 2700 1407 ό
2747 1353 3002 1425 ἀσκητὴς,
3061 1359 3152 1407 καὶ
3183 1351 3277 1407 διά
3314 1361 3470 1407 τοῦτο
3499 1363 3808 1431 παραιτοῖτο

2199 1447 2295 1501 τὴν
2341 1441 2588 1518 πρόοδον,
2635 1447 2778 1497 οὔπω
2812 1453 2907 1506 τῆς
2953 1445 3189 1506 ὑπακοῆς
3241 1448 3336 1502 τὴν
3379 1443 3647 1519 ἀκρίϐειαν
3676 1463 3806 1498 κατ-

2202 1536 2428 1600 ενόησεν,
2457 1528 2582 1586 ούδέ
2611 1529 2863 1600 συνεῖδεν,
2918 1536 2986 1595 ὡς
3024 1537 3173 1585 τουτὶ
3223 1536 3283 1584 τὸ
3337 1535 3656 1608 κατόρθωμα
3697 1541 3808 1596 ταῖς

2199 1625 2471 1685 τοιαύταις
2527 1621 2802 1695 βλακείαις
2855 1622 2914 1675 ού
2963 1623 3266 1678 τελειοῦται.
3333 1622 3562 1676 Βλεπίτω
3635 1629 3807 1676 τοίνυν

2199 1712 2266 1762 τά
2317 1708 2687 1784 ὑποδείγματα
2733 1720 2832 1764 τῶν
2873 1712 3055 1784 ἁγίων,
3106 1719 3219 1774 πῶς
3266 1715 3361 1770 τὴν
3415 1713 3649 1771 ὑπακοὴν
3705 1711 3804 1766 ἔτε-

425 1839 501 1879 ne
534 1819 857 1876 minimum
895 1817 1144 1891 quidem
1175 1815 1236 1870 in
1267 1809 1584 1887 quibusvis
1641 1806 1948 1865 mandatis
2000 1803 2091 1860 vel

2199 1798 2438 1870 λείωσαν,
2505 1806 2635 1875 πρὸς
2677 1799 2828 1854 οὐδὲν
2874 1809 2972 1854 τῶν
3060 1803 3195 1854 οὕτω
3269 1797 3574 1859 δυσηνύτων
3630 1800 3805 1854 ἐπιτα-

427 1909 796 1969 ditlicillimis
828 1906 1331 1972 contradicentes,
1360 1906 1465 1959 aut
1490 1900 1850 1956 reluctantes
1883 1915 1897 1966 ;
1930 1901 1986 1952 et
2010 1896 2092 1951 ita

429 2000 680 2058 demum
706 1999 898 2076 discat
929 1994 1286 2052 obedientiee
1315 1991 1765 2066 perfectionem.
1796 1989 1852 2045 Si
1885 1991 2090 2043 autem

429 2093 504 2149 sit
539 2089 895 2164 aliquis,qui
928 2088 1110 2145 etiam
1143 2102 1350 2142 revera
1397 2083 1696 2139 damnum
1749 2080 1888 2136 inde
1941 2080 2090 2135 reci-

429 2183 575 2255 piat,
621 2181 672 2236 is
724 2183 893 2250 roget
939 2177 1175 2239 fratres.
1266 2179 1330 2230 ut
1355 2190 1468 2248 pro
1515 2172 1650 2244 ipso
1679 2173 1867 2226 Deum
1896 2172 2088 2237 orent,

431 2270 821 2343 similiterque
876 2271 932 2324 et
976 2266 1102 2339 ipse
1160 2281 1298 2321 cum
1357 2261 1692 2320 certissima
1735 2276 1841 2333 spe
1893 2275 1930 2316 a
1971 2260 2091 2315 Deo

427 2365 611 2436 petat,
641 2365 707 2416 ut
735 2360 797 2415 in
823 2356 1108 2414 omnibus
1133 2353 1544 2428 spiritualibus
1569 2356 1726 2407 recte
1748 2350 2000 2417 factis,et
2029 2349 2091 2405 in

428 2449 702 2523 corporis
736 2445 1080 2504 ministeriis
1107 2444 1182 2501 ad
1215 2442 1382 2499 bona
1439 2457 1626 2515 Opera
1673 2438 2088 2508 attinentibus,

428 2539 900 2597 instrumentum
935 2536 1041 2592 ﬁat
1087 2533 1300 2591 efﬁcax
1341 2537 1399 2588 et
1437 2531 1601 2588 utile.
1645 2532 1710 2586 Et
1753 2530 1878 2585 sine
1905 2529 2091 2585 dubio

428 2629 526 2687 cui
552 2625 818 2685 studium
852 2631 908 2683 et
944 2624 1221 2681 alacritas
1258 2621 1657 2696 quierentium
1699 2619 1930 2675 bonum
1987 2633 2091 2674 ac-

427 2724 604 2794 cepta
632 2723 794 2783 sunt,
823 2717 872 2772 is
897 2714 1067 2772 dabit
1096 2712 1442 2770 facultatem
1465 2716 1522 2768 et
1561 2712 1740 2781 vires,
1790 2726 1929 2765 cum
1960 2709 2092 2782 ipse

429 2809 506 2866 ad
563 2807 894 2882 petendum
949 2804 1298 2860 cohortatus
1347 2802 1440 2871 sit,
1474 2817 1545 2856 ac
1576 2799 1793 2855 dixerit
1833 2799 2086 2865 :Petile,

428 2905 484 2957 et
527 2898 776 2954 dabitur
815 2895 978 2952 vobis
1011 2913 1024 2963 ;
1067 2893 1336 2965 quzrile,
1365 2897 1418 2947 et
1450 2890 1765 2947 invenietis
1793 2901 1815 2959 ,'
1854 2890 2091 2960 pulsate

429 2995 487 3046 et
506 2988 814 3059 aperietur
831 2984 1010 3042 vobis.
1040 2984 1242 3038 Omnis
1269 2982 1422 3038 enim
1453 2980 1559 3052 qui
1579 2980 1728 3049 petit
1751 2979 1969 3047 accipit
1995 2995 2008 3032 :
2033 2983 2088 3034 et

429 3079 536 3152 qui
579 3079 818 3150 quaerit,
871 3076 1100 3131 invenit
1130 3091 1142 3128 :
1172 3078 1229 3128 et
1265 3071 1542 3141 pulsanti
1585 3069 1978 3138 aperietur”.
2010 3069 2089 3124 Et

424 3184 635 3226 rursus
665 3167 783 3223 alio
812 3165 874 3221 in
903 3164 1036 3220 loco
1063 3163 1162 3218 :Si
1188 3163 1320 3234 quis
1343 3165 1545 3216 autem
1572 3165 1834 3215 vestrum
1861 3159 2091 3228 indiget
2121 3164 2161 3219 C
2204 3163 2368 3198 σεται·

424 3259 745 3329 sapientia,
757 3255 1016 3326 postulet
1041 3268 1077 3310 a
1097 3254 1241 3322 Deo,
1268 3252 1373 3322 qui
1391 3251 1496 3306 dat
1518 3249 1788 3305 omnibus
1799 3249 2088 3318 simplici-

428 3355 539 3418 ter,
563 3353 758 3404 etnon
785 3348 1159 3414 improperat
1188 3346 1275 3398 :et
1293 3341 1542 3397 dabitur
1569 3340 1623 3396 ei
1654 3340 1950 3408 ;postulet
1979 3353 2086 3394 au-

430 3444 543 3495 tem
569 3439 633 3494 in
646 3437 786 3506 ﬁde,
817 3434 976 3491 nihil
998 3431 1372 3489 haesitans”.
1408 3434 1491 3485 Ac
1519 3429 1579 3485 in
1603 3428 1886 3484 omnibus
1925 3426 2089 3483 deni-

427 3543 547 3602 que
575 3526 780 3590 rebus,
803 3523 907 3580 ubi
927 3521 1176 3579 mensin
1198 3519 1464 3593 perfecta
1494 3516 2088 3575 obedientiavacillat

427 3622 533 3676 aut
548 3615 735 3673 animi
748 3613 1116 3672 alacritatem
1130 3611 1384 3666 Satanas
1402 3607 1672 3682 impedit,
1692 3605 2088 3663 obtundendo

423 3703 904 3778 intringendove,
921 3703 1036 3758 hoc
1058 3699 1397 3756 remedium
1422 3697 1850 3766 adhibeamus;
1881 3711 2088 3769 prece-

426 3812 566 3855 mur
585 3795 850 3852 videlicet
879 3796 1091 3861 Deum,
1129 3795 1187 3847 et
1222 3787 1600 3861 postulemns
1661 3791 1821 3843 recte
1869 3786 2095 3856 agendi

425 3887 772 3946 facilitatem
804 3883 979 3940 nobis
1009 3882 1162 3948 dari,
1193 3879 1417 3952 Deique
1447 3878 1647 3935 timori
1689 3876 1914 3948 conﬁgi
1968 3893 2096 3934 car-

426 3993 535 4035 nes
563 3975 890 4042 nostras“,
913 3977 970 4029 et
996 3971 1272 4028 animum
1302 3974 1578 4026 nostrum
1613 3972 1910 4024 attentum
1940 3965 2093 4037 ﬁeri,

427 4072 486 4125 et
523 4066 773 4123 minime
797 4078 1047 4132 vagum,
1080 4060 1164 4116 sic
1194 4064 1261 4116 ut
1283 4059 1482 4116 carnis
1511 4054 1947 4130 cupiditatibus
1993 4064 2098 4110 vo-’

423 4153 882 4228 luptatibusque
908 4165 1032 4207 non
1063 4148 1357 4222 capiatur.
1419 4147 1651 4202 Etenim
1707 4158 1817 4216 per
1875 4141 2096 4197 mentis

427 4243 872 4303 aberrationem
897 4239 1257 4312 cupiditates
1284 4236 1616 4294 mundanae
1664 4231 1872 4288 animo
1915 4233 2094 4286 inna-

426 4337 686 4402 scentes,
719 4330 1158 4404 inaequalitates
1184 4327 1383 4384 varias
1417 4324 1686 4381 efﬁciunt
1704 4322 1766 4378 in
1787 4319 2095 4390 cogitatio-

426 4425 636 4491 nibus,
668 4427 726 4480 et
757 4421 962 4494 pigros
982 4435 1096 4478 nos
1126 4418 1208 4476 ad
1235 4419 1400 4474 bona
1424 4429 1613 4488 opera
1639 4411 1926 4470 reddunt.

501 4697 553 4755 2.
594 4700 805 4769 Itaque
835 4702 1018 4750 nemo
1047 4693 1329 4748 nostrum
1357 4687 1594 4744 recuset
1623 4681 1702 4741 ad
1739 4679 2091 4739 communia

427 4793 485 4846 et
513 4786 857 4844 necessaria
880 4781 1150 4856 corporis
1178 4777 1512 4835 ministeria
1533 4788 1710 4830 suam
1731 4772 1926 4845 ipsius
1945 4785 2088 4843 ope-

425 4893 563 4936 ram
587 4875 876 4932 conferre:
908 4870 1018 4927 sed
1046 4884 1334 4940 rogemus
1368 4868 1577 4936 Deum,
1619 4867 1688 4919 ut
1741 4859 2090 4917 facultatem

427 4963 762 5040 adjuvandi
809 4966 1057 5018 caeteros
1123 4957 1204 5015 ab
1242 4956 1378 5031 ipso
1436 4952 1832 5026 accipiamus.
1860 4952 2012 5006 Nam
2041 4947 2092 5003 si

500 5148 549 5184 ⁷⁵
581 5143 789 5203 Matth.
818 5157 917 5210 vn,
947 5146 1004 5212 7,
1035 5143 1091 5197 8.
1166 5137 1216 5174 ⁷⁸
1246 5138 1370 5193 Jac.
1394 5149 1434 5205 ι,
1468 5136 1523 5202 5,
1565 5136 1619 5188 6.

501 5324 616 5399 (36)
645 5322 848 5399 Codex
878 5317 1046 5399 Colb.
1073 5320 1168 5399 τὴν
1198 5316 1396 5393 τρυφὴν
1454 5315 1550 5374 τῆς
1604 5306 1932 5383 πλησμονῆς.
1987 5320 2082 5366 εα-

429 5393 699 5466 turilatis
729 5393 1180 5466 jucunditatein

501 5451 802 5558 (εἱλεςξίιὶ
828 5467 956 5540 πρὸς
986 5465 1074 5558 τὸν
1097 5460 1306 5518 τέλειον.
1368 5459 1608 5514 Veteres
1673 5452 1906 5525 aliquot
1947 5451 2087 5510 libri

427 5543 556 5614 πρὸς
581 5538 638 5591 τὸ
665 5538 876 5608 τρλειον,
896 5544 1074 5591 recte.

645 5612 810 5686 linus
832 5623 946 5686 ms:
983 5603 1188 5686 ἀληθῶς
1219 5599 1536 5686 βλάπτοιτο.

503 5664 617 5754 (ἐῦδ
644 5664 880 5740 Veteres
911 5677 1035 5735 duo
1053 5664 1190 5731 libri
1219 5664 1368 5731 'cum
1424 5675 1595 5730 Voss.
1634 5664 1790 5725 καλὸν
1844 5667 2087 5730 ζηλοσύν-

2198 1891 2411 1962 γμάτων
2460 1888 2584 1944 ούδὲ
2639 1893 2963 1964 καταμικρὸν
3039 1889 3362 1951 ἀντειπόντες
3403 1892 3432 1950 ἦ
3494 1889 3808 1943 ἀντιτείναν-

2197 1997 2299 2041 τες·
2354 1985 2444 2032 καὶ
2495 1977 2827 2034 παιδιυέσθω
2873 1984 2932 2032 τὸ
2969 1988 3066 2041 τῆς
3115 1981 3353 2040 ὑπακοῆς
3393 1979 3605 2034 τέλειον.
3659 1979 3720 2033 Εἰ
3750 1975 3810 2032 δέ

2195 2087 2276 2130 τις
2301 2073 2391 2120 καὶ
2421 2068 2626 2130 ἀληθῶς
2655 2072 2766 2142 (38)
2795 2068 3244 2143 παραϐλὰπτοιτο,
3292 2068 3658 2144 παρακαλείτω
3714 2071 3809 2126 τὴν

2200 2155 2531 2231 ἀδελφότητα
2553 2161 2679 2234 ὑπὲρ
2705 2160 2866 2212 αύτοῦ
2893 2162 2980 2212 τὸν
3014 2162 3142 2212 Θεὸν
3179 2162 3462 2226 ἱκετεῦσαι,
3513 2163 3604 2211 καὶ
3653 2157 3812 2219 αὐτὸς

2201 2245 2260 2302 δὲ
2318 2250 2526 2302 αἰτείτω
2578 2253 2723 2326 παρὰ
2758 2258 2848 2304 τοῦ
2880 2258 3014 2304 Θεοῦ
3049 2251 3161 2324 μετ’
3193 2247 3404 2312 ἑλπίδὸς
3436 2246 3809 2303 ἀνενδοιοίστου

2199 2341 2440 2411 γενέσθαι
2486 2348 2666 2400 σκεῦος
2713 2338 2761 2391 ἐν
2810 2346 2944 2393 πᾶσι
2997 2347 3108 2402 τοῖς
3158 2359 3213 2392 τε
3249 2346 3622 2413 πνευματικοῖς
3685 2357 3810 2392 κατι

2199 2430 2497 2504 ορθώμασι,
2564 2437 2676 2490 τοῖς
2721 2448 2777 2482 τε
2833 2437 3156 2503 σωματικοῖς
3221 2433 3350 2504 πρὸς
3399 2431 3465 2482 τὰ
3525 2429 3658 2481 καλά
3707 2436 3808 2480 τῶν

2201 2519 2358 2592 ἔργων
2408 2515 2788 2592 διακονήμασι,
2839 2517 3039 2594 ἐνεργὸν
3087 2538 3141 2572 τε
3188 2524 3278 2571 καὶ
3344 2522 3663 2592 εὔχρηστον·
3718 2522 3808 2570 καὶ

2197 2609 2400 2669 πάντως
2456 2610 2481 2659 ό
2531 2611 2626 2671 τὰς
2689 2610 2981 2682 προθυμίας
3048 2617 3149 2660 τῶν
3223 2612 3282 2660 τὸ
3360 2607 3516 2660 καλὸν
3592 2609 3809 2669 ζητούν-

2194 2715 2297 2749 των
2336 2698 2450 2768 (39)
2493 2694 2886 2770 ἀποδεχόμενος
2916 2694 3082 2750 δώσει
3108 2700 3202 2757 τὴν
3243 2694 3490 2770 δύναμιν,
3525 2697 3685 2760 αύτὸς
3725 2695 3809 2750 ἐπὶ

2196 2790 2291 2845 τήν
2344 2787 2554 2846 αἴτησιν
2603 2787 2918 2862 προτρέψας,
2972 2792 3066 2840 καὶ
3126 2787 3362 2863 εἰρηκώςο
3443 2787 3662 2855 Αἰτεῖτε,
3721 2791 3813 2839 καὶ

2201 2872 2490 2935 δοθήσεται
2535 2878 2677 2950 ύμῖν·
2768 2880 2985 2948 ζητεῖτε,
3071 2882 3162 2929 καὶ
3247 2879 3508 2950 εύρῆσετεο
3580 2877 3808 2950 κρούετε.

2201 2971 2292 3020 καὶ
2352 2965 2692 3039 ἀνοιγήσεται
2749 2967 2893 3040 ὑμῖν.
2962 2972 3073 3028 Πᾶς
3140 2968 3240 3041 γὰρ
3295 2967 3510 3020 όαίτῶν
3535 2965 3811 3037 λαμϐάνει·

2200 3061 2289 3108 καὶ
2352 3059 2377 3109 ό
2443 3060 2612 3120 ζητῶν
2679 3056 2929 3131 εύρίσκειυ
2999 3060 3090 3108 καὶ
3157 3064 3230 3106 τῶ
3296 3057 3538 3130 κρούοντι
3602 3053 3814 3123 ἀνοιγή-

2448 3150 2541 3196 καὶ
2595 3144 2749 3196 πάλιν
2809 3144 3037 3216 ἑτέρωθι·
3104 3142 3165 3194 Εἰ
3213 3139 3273 3195 δέ
3335 3161 3417 3203 τις
3483 3143 3626 3214 ὑμῶν
3702 3140 3809 3192 λεί-

2200 3254 2352 3286 πεται
2423 3238 2632 3305 σοφίας,
2707 3231 2917 3284 αἰτείτω
2996 3233 3140 3306 παρὰ
3204 3239 3296 3283 τοῦ
3375 3227 3618 3292 διδόντος
3677 3235 3813 3282 Θεοῦ

2198 3330 2361 3378 πᾶσιν
2455 3320 2651 3389 ἀπλῶς,
2731 3326 2823 3374 καὶ
2915 3326 2986 3394 μὴ
3055 3317 3424 3389 ὀνειδίζοντος,
3492 3323 3584 3371 καὶ
3653 3314 3815 3376 δοθή-

2200 3433 2350 3466 σεται
2435 3412 2596 3484 αύτῷ·
2658 3411 2864 3464 αἰτείτω
2928 3407 2988 3464 δὲ
3033 3410 3084 3463 ἓν
3171 3416 3370 3479 πίστει,
3461 3404 3630 3481 μηδὲν
3697 3403 3816 3459 διας

2198 3511 2513 3578 κρινόμενος.
2586 3507 2687 3554 Καὶ
2751 3499 2836 3553 ἐπὶ
2901 3507 3064 3553 πᾶσιν
3127 3498 3462 3567 ἁπαξαπλῶς,
3530 3499 3603 3558 οἷς
3665 3495 3726 3547 ἆν
3788 3513 3815 3565 δ

2198 3602 2315 3656 νοῦς
2373 3592 2570 3665 όκλοίσῃ
2622 3594 2742 3666 περὶ
2783 3594 2878 3648 τὴν
2923 3589 3116 3642 τελείαν
3165 3590 3418 3654 ὑπακοὴν,
3450 3588 3480 3646 ᾖ
3531 3588 3556 3639 ό
3583 3587 3814 3649 Σατανάς

2202 3678 2464 3755 ἐμποδίζη
2526 3681 2662 3749 (40),
2738 3684 2833 3738 τὴν
2887 3682 3182 3754 προθυμίαν
3237 3677 3507 3751 ἀμϐλύνων
3559 3681 3650 3728 καὶ
3695 3674 3813 3728 ἀνα-

2203 3778 2429 3838 κόπτων,
2476 3773 2642 3824 τούτω
2686 3777 2759 3841 τῷ
2815 3768 3121 3843 βοηθήματι
3166 3773 3454 3841 χρώμενοι,
3530 3769 3617 3819 τόν
3683 3768 3812 3820 Θεὸν

2207 3866 2530 3935 ἱκετεύωμεν,
2587 3866 2678 3913 καὶ
2729 3861 2998 3933 αἰτώμεθα
3045 3856 3269 3932 δοθῇναι
3315 3860 3442 3931 ἡμῖν
3495 3865 3597 3910 τῶν
3627 3877 3814 3933 κατορ-

2209 3955 2459 4025 θωμάτων
2533 3950 2828 4022 εὐμάρειαν,
2892 3949 3263 4008 καθηλωθῆναί
3333 3967 3387 4001 τε
3453 3951 3548 4010 τὰς
3614 3949 3814 4022 σάρκας

2207 4044 2353 4114 ἡμῶν
2410 4049 2483 4112 τῷ
2526 4041 2666 4112 φόϐῳ
2710 4045 2801 4091 τοῦ
2833 4046 2987 4110 Θεοῦ,
3021 4044 3111 4091 καὶ
3162 4037 3543 4112 ἀμετεώριστον
3571 4039 3815 4109 γενέσθαι

2207 4133 2332 4202 ἡμῖν
2375 4135 2470 4188 την
2520 4127 2779 4197 διάνοιαν,
2834 4125 3097 4202 μηδαμῶς
3132 4128 3476 4201 ἁλισκομένην
3529 4135 3646 4190 ταῖς
3679 4146 3814 4202 σαρ-

2205 4227 2380 4306 κικαῖις
2424 4217 2724 4290 ἐπιθυμίαις
2779 4222 2871 4270 καὶ
2927 4213 3169 4280 ἡδοναῖς.
3209 4217 3290 4270 Ἐν
3341 4219 3444 4291 γὰρ
3475 4217 3589 4288 (41)
3617 4236 3812 4289 μετεω-

2203 4305 2380 4382 ρισμῷ
2440 4305 2679 4370 διανοίας
2721 4310 2776 4360 αἱ
2821 4313 3076 4382 κοσμικαὶ
3120 4306 3396 4380 ἐπιθυμίαι
3429 4315 3492 4379 τῇ
3538 4307 3692 4379 ψυχῇ
3725 4305 3811 4378 ἐμ-

2205 4403 2455 4473 φυόμεναι
2492 4398 2734 4460 ποικίλας
2811 4397 3110 4471 ἀνωμαλίας
3151 4405 3258 4458 τοῖς
3295 4397 3567 4470 λογισμοῖς
3610 4395 3811 4471 ἐνεργοί-

2127 4521 2170 4577 D
2206 4493 2406 4558 ζονται,
2453 4493 2543 4542 καὶ
2565 4489 2819 4562 ὀκνηροὺς
2869 4491 3004 4562 ἡμᾶς
3048 4490 3267 4562 περὶτὰ
3321 4486 3456 4541 καλὰ
3495 4495 3597 4540 τῶν
3645 4488 3808 4561 ἔργων

2201 4580 2535 4634 ἀποτελοῦσι.

2272 4675 2326 4728 2.
2375 4673 2462 4728 Μὴ
2499 4671 2877 4745 παραιτώμεθα
2917 4673 3113 4729 τοίνυιν
3168 4675 3286 4729 ταῖς
3314 4674 3488 4729 κοναῖς
3525 4671 3616 4720 καὶ
3648 4665 3806 4738 ἀναγ-

2200 4765 2374 4820 καίαις
2412 4765 2505 4810 τοῦ
2551 4766 2788 4832 σώματος
2839 4765 3052 4836 χρείαις
3116 4762 3468 4836 συνεισφέρειν
3560 4761 3651 4816 τήν
3735 4756 3810 4808 οἱ·

2200 4855 2343 4904 κείαν
2403 4853 2678 4922 συνεργίαν
2726 4851 2968 4911 ἕκαστος.
3025 4847 3131 4902 ἀλλ’
3194 4851 3496 4921 ἱκετεύωμεν
3536 4850 3626 4900 τὸν
3677 4847 3808 4898 Θεὸν

2199 4938 2372 4998 λαϐεῖν
2426 4947 2519 5002 τῆς
2586 4944 2862 5016 συνεργίας
2921 4943 3018 4998 τὴν
3084 4935 3330 5012 δύναμιν.
3367 4939 3527 5007 Ἐπεὶ,
3552 4937 3596 4990 εἰ
3624 4938 3810 4998 πάντες

1694 5129 1740 5165 π
1765 5127 1918 5185 Psal.
1953 5127 2144 5198 cxvni,
2181 5127 2306 5181 120.

2189 5317 2310 5393 egw,
2336 5301 2756 5361 aemulantium
2789 5299 3027 5358 bonum.
3063 5297 3195 5393 [iam
3223 5299 3430 5393 verba,
3451 5300 3681 5393 ξητιῖτε,
3715 5299 3802 5354 καὶ

2194 5379 2459 5458 εὑρήσετε,
2491 5392 2627 5449 quae
2654 5390 2796 5432 mox
2829 5377 3192 5446 sequuntur,
3213 5373 3421 5432 addita
3449 5374 3614 5430 fuere
3653 5378 3806 5430 etex

2193 5451 2384 5504 Vossu
2408 5448 2593 5503 veteri
2621 5447 2798 5504 libro.
2827 5450 2885 5501 et
2909 5461 2981 5502 ex
3009 5444 3163 5502 aliis.

2785 5488 3292 5591 ἒᾷτῖ-οόῖζῖῗῖοεε.
3337 5517 3529 5576 codex
3589 5520 3649 5574 et
3699 5513 3803 5574 alii

2194 5595 2318 5649 tres
2357 5597 2423 5648 ut
2451 5593 2514 5646 in
2534 5593 2837 5647 contextu.

2269 5665 2384 5736 (41)
2422 5662 2666 5736 Antiqui
2694 5661 2818 5720 duo
2841 5660 2977 5721 libri
3006 5672 3146 5719 cum
3175 5661 3342 5720 Voss.
3375 5659 3463 5715 Ἐκ
3494 5658 3618 5735 γάρ.
