4120 6432
485 322 622 378 1419

1836 326 1894 382 S.
1935 324 2192 384 BASILII
2229 325 2456 385 MAGNI

3711 339 3852 396 1420

475 445 532 502 Si
561 445 723 502 enim
750 459 1078 502 commune
1106 444 1340 504 bonum
1391 445 1728 520 disciplinae
1783 447 2095 519 diligerent

2208 454 2411 504 ,κοινὸν
2445 459 2536 514 τῆς
2593 453 2831 518 εὐταξίας
2888 456 3102 529 ἠγάπων
3157 459 3208 510 οἱ
3257 465 3508 529 τοιοῦτοι,
3555 464 3736 521 κοινήν
3786 461 3850 516 ἂν

472 535 578 608 qui
603 535 751 592 tales
777 535 1073 605 sunt,sine
1093 534 1282 592 dubio
1299 551 1689 593 communem
1709 538 2133 612 aequalemque

467 626 532 681 in
561 641 776 683 omnes
803 625 1190 682 dilectionem
1219 625 1514 682 haberent
1541 642 1555 682 :
1588 627 1638 682 si
1684 643 1826 684 vero
1857 633 2132 685 secantes

466 732 536 773 ac
563 719 915 789 separantes
937 715 1405 788 seipsos,aliqua
1435 718 1841 774 communitas
1867 717 1929 774 in
1969 735 2128 774 com~

464 807 758 864 munitate
805 805 1203 876 tiant,vitiosa
1229 809 1320 861 est
1349 805 1654 876 ejusmodi
1687 807 1960 863 amicitiae
1990 823 2132 863 con-

457 896 710 970 junctio,
745 902 804 952 et
830 901 919 951 est
945 895 1164 968 aliquis
1194 895 1380 965 aliud,
1412 896 1579 968 quod
1610 903 1824 968 praeter
1858 913 2129 954 commu-

459 1003 602 1044 nem
631 1001 760 1042 rem
792 985 936 1042 tales
967 984 1294 1055 conjungit,
1330 986 1563 1041 novitas
1594 985 1870 1042 videlicet
1911 992 2131 1059 praeter

458 1094 620 1144 eum,
651 1075 758 1149 qui
787 1075 1038 1137 obtinet,
1061 1073 1394 1145 disciplinae
1425 1075 1919 1144 vigorem.0uare
1951 1093 2126 1150 opor-

454 1172 540 1224 tet
565 1181 764 1238 neque
795 1164 1098 1236 ejusmodi
1122 1163 1403 1219 sodalitia
1443 1165 1704 1235 permitti
1724 1164 1785 1220 in
1812 1166 2124 1222 conventi-

451 1257 591 1326 bus,
623 1271 820 1328 neque
851 1252 1158 1310 charitatis
1187 1253 1498 1308 servandae
1530 1269 1716 1310 causa
1745 1271 2122 1327 quemquam

448 1345 579 1401 ﬁeri
609 1344 841 1400 socium
871 1341 1090 1410 fratris,
1140 1340 1245 1413 qui
1293 1341 1436 1396 velit
1487 1341 1767 1413 improbe
1821 1357 2018 1414 agere,
2063 1348 2121 1400 et

447 1433 794 1492 communis
837 1431 1174 1504 disciplinae
1216 1432 1358 1502 jura
1390 1431 1618 1488 violare
1649 1450 1661 1487 :
1697 1433 1804 1488 sed
1843 1434 2119 1506 quandiu

451 1525 627 1597 578
649 1538 863 1580 omnes
894 1521 956 1576 in
994 1520 1160 1577 bono
1190 1519 1657 1593 permanebunt,
1692 1522 2115 1596 unusquisque

443 1631 580 1670 cum
621 1611 849 1668 caeteris
890 1608 1179 1666 omnibus
1224 1609 1443 1665 sociari
1480 1625 1550 1665 ac
1589 1611 1881 1682 conjungi
1912 1611 2110 1668 debet-

441 1703 611 1772 Quod
631 1702 678 1758 si
700 1702 838 1775 quis
857 1699 1082 1771 vigenti
1098 1713 1302 1755 rerum
1321 1699 1494 1755 statui
1516 1699 1731 1756 obesse
1758 1701 2112 1767 volens,fra-

2243 543 2403 612 ἔσχον
2432 546 2564 615 πρὸς
2600 547 2794 606 πάντας
2830 550 2919 598 καὶ
2961 546 3193 620 ἰσότιμον
3239 553 3334 607 τὴν
3382 547 3592 621 ἀγάπην
3617 571 3630 584 ·
3674 551 3718 604 εἰ
3765 548 3848 616 δι,

2243 628 2578 703 ἀποτεμόντες
2641 640 2728 687 καὶ
2792 632 3120 710 διορίσαντες
3186 638 3417 706 ἑαυτούς,
3482 643 3735 713 σύστημα
3796 644 3848 695 ἓν

2243 726 2549 794 συστήματι
2588 729 2842 795 γίνονται,
2899 729 3102 801 πονηρά
3149 729 3179 786 ἠ
3234 736 3332 790 τῆς
3385 731 3635 792 τοιαύτης
3672 730 3849 803 φιλίας

2242 815 2543 882 συναγωγὴ,
2619 817 2708 864 καὶ
2761 813 3186 888 παρηλλαγμένον
3240 836 3293 868 τι
3348 819 3496 892 παρὰ
3561 821 3621 872 τὸ
3674 823 3847 874 κοινόν

2237 906 2456 972 πρᾶγμα
2496 905 2617 964 τούς
2664 904 2928 964 τοιούτους
2982 908 3217 977 συνάγει,
3268 907 3391 980 ὅπερ
3456 905 3570 960 ἐστὶ
3611 928 3848 964 καινοτο-

2235 993 2335 1060 μία
2398 992 2542 1064 παρὰ
2601 995 2694 1050 τὴν
2755 1001 3053 1066 κρατοῦσαν
3101 994 3405 1048 εὐστάθειαν
3473 997 3608 1068 (48).
3670 1004 3847 1071 Προσ-

2236 1082 2349 1134 ἠκει
2387 1083 2559 1131 τοίνυν
2606 1086 2740 1153 μήτε
2796 1085 2889 1143 τὰς
2956 1086 3204 1145 τοιαύτας
3255 1084 3484 1158 ἑταιρίας
3541 1096 3845 1163 συγχωρεῖ-

2235 1168 2380 1233 σθαι,
2422 1172 2555 1240 μήτε
2619 1165 2715 1221 διὰ
2777 1173 2872 1226 τὴν
2929 1173 3044 1240 (49)
3091 1179 3182 1232 τῆς
3236 1169 3446 1244 ἀγάπης
3484 1179 3709 1248 τήρησιν
3768 1176 3842 1239 εἰς

2230 1262 2498 1310 κοινωνίαν
2531 1261 2785 1332 ἔρχεσθαί
2842 1279 2959 1312 τινα
3003 1257 3229 1333 ἀδελφοῦ
3278 1265 3662 1337 πονηρεύεσθαι
3715 1263 3843 1338 βου-

2227 1344 2461 1418 λομένου,
2520 1353 2610 1399 καὶ
2662 1353 2777 1409 τοὺς
2823 1357 2920 1412 τῆς
2970 1359 3144 1410 κοινῆς
3189 1351 3426 1414 εὐταξίας
3485 1357 3836 1429 παραχαράτ-

2226 1454 2329 1488 τειν
2371 1439 2595 1510 θεσμούς
2628 1454 2640 1467 ·
2703 1437 2830 1490 ἀλλὰ
2891 1443 3058 1515 μέχρι
3105 1442 3194 1512 μὲν
3256 1439 3316 1493 ἂν
3379 1442 3604 1504 ἅπαντες
3647 1443 3694 1496 ἐν
3756 1453 3831 1517 τῷ

2225 1524 2364 1595 καλῷ
2418 1531 2662 1600 μένωσιν,
2695 1524 2823 1579 εἶναι
2856 1528 3080 1581 ἑκάστου
3132 1533 3224 1587 την
3283 1534 3413 1603 πρὸς
3466 1531 3696 1594 ἅπαντας
3724 1553 3831 1587 κοι-

2223 1621 2406 1667 νωνίαν
2446 1620 2536 1668 καὶ
2577 1617 2777 1675 ἕνωσιν.
2831 1617 2891 1672 Εἰ
2943 1613 3002 1671 δὲ
3041 1638 3134 1689 τις,
3169 1617 3532 1672 ἐναντιοῦσθαι
3581 1628 3645 1694 τῇ
3701 1642 3826 1698 κρα-

2222 1705 2385 1777 τούση
2443 1708 2765 1758 καταστάσει
2816 1705 3144 1779 βουλόμενος,
3185 1712 3272 1760 τὸν
3313 1705 3534 1781 ἀδελφόν
3593 1711 3826 1784 συνεφελ-

436 1799 586 1851 trem
606 1790 975 1858 attrahit,hic
994 1791 1262 1863 primum
1285 1789 1534 1862 quidem
1560 1790 1638 1846 ab
1672 1806 1744 1846 eo
1774 1791 1879 1864 qui
1921 1808 2095 1848 sanus

2222 1811 2388 1862 κεται,
2447 1801 2629 1847 τοῦτον
2684 1797 2751 1847 τὰ
2787 1798 2878 1868 μεν
2929 1805 3114 1870 πρῶτα
3163 1800 3309 1873 παρὰ
3345 1806 3438 1851 τοῦ
3477 1799 3819 1872 ὑγιαίνοντος,

435 1881 738 1953 est,veluti
754 1884 957 1936 mente
974 1881 1273 1948 aegrotans
1293 1883 1520 1935 secreto
1541 1883 1630 1936 est
1653 1879 2105 1938 admonendus:

433 1972 542 2029 sed
564 1971 614 2027 si
638 1969 786 2027 nolit
805 1967 1091 2042 privatim
1137 1967 1356 2034 curari,
1389 1967 1490 2024 alii
1515 1969 1696 2024 etiam
1727 1968 1940 2025 fratres
1964 1987 2107 2043 pru-

430 2061 736 2119 dentiores
791 2058 872 2116 ad
928 2073 1069 2114 eum
1125 2057 1471 2113 sanandum
1524 2057 1899 2128 adjungendi
1941 2065 2103 2128 sunt,

421 2153 598 2225 juxta
626 2165 870 2208 sacrum
898 2147 1310 2218 Evangelium:
1342 2146 1411 2202 Si
1429 2154 1629 2204 autem
1657 2154 1715 2204 te
1743 2165 1864 2205 non
1895 2149 2102 2206 audie-

423 2244 529 2312 rit,
553 2240 774 2300 adhibe
795 2246 987 2296 tecum
1017 2237 1221 2294 adhuc
1251 2252 1440 2293 unum
1469 2238 1567 2293 vel
1585 2237 1735 2294 duos
1758 2239 1827 2294 ⁸ο.
1846 2239 2021 2304 Quod
2049 2239 2099 2296 si

419 2347 498 2390 ne
529 2331 614 2388 eis
641 2329 893 2404 quidem
936 2327 1332 2398 obsequatur,
1385 2325 1793 2383 declarandus
1841 2332 1930 2384 est
1981 2327 2098 2400 ipsi

417 2422 703 2497 praefecto
735 2418 955 2476 animae
977 2416 1136 2473 illius
1166 2415 1419 2472 morbus
1463 2433 1475 2469 ε
1535 2421 1597 2472 at
1625 2433 1674 2473 si
1702 2433 1776 2473 ne
1809 2419 2094 2490 prmiecto

416 2513 666 2588 quidem
714 2507 1166 2581 obtemperarit,
1202 2505 1524 2562 habendus
1585 2511 1674 2562 est
1720 2507 1971 2578 perinde
2026 2514 2093 2567 ut

417 2603 694 2662 ethnicus
723 2604 782 2656 et
832 2597 1200 2671 publicanus
1220 2597 1288 2664 ⁸¹,
1324 2601 1381 2652 et
1419 2596 1572 2653 sicut
1598 2597 1730 2652 ovis
1763 2601 1933 2669 peste
1965 2614 2092 2654 cor-

413 2699 586 2768 repta
615 2693 696 2750 ob
725 2689 870 2748 ovili
895 2688 1217 2753 arcendus,
1259 2692 1322 2744 ut
1347 2703 1423 2744 ne
1455 2693 1701 2744 caeteros
1727 2688 1908 2746 etiam
1930 2705 2088 2746 mor-

410 2784 494 2843 bo
523 2781 799 2856 impleat.
846 2778 1116 2851 Denique
1165 2777 1214 2833 si
1261 2793 1443 2834 nemo
1471 2792 1544 2833 ex
1591 2793 1781 2850 pravo
1812 2778 2085 2851 exemplo

409 2875 709 2932 damnum
728 2868 1008 2944 patiatur,
1037 2870 1179 2923 tunc
1197 2866 1627 2928 tantummodo
1647 2867 1954 2940 patientia,
1972 2868 2081 2925 ad-

408 2963 618 3022 bibitis
641 2966 845 3018 tamen
887 2962 1064 3015 antea
1091 2973 1228 3030 quas
1258 2957 1427 3028 prius
1475 2957 1742 3013 diximus
1772 2957 2075 3029 remediis,

408 3055 610 3113 locum
642 3068 788 3124 erga
816 3067 955 3108 eum
1005 3047 1274 3116 habebit,
1309 3063 1415 3120 spe
1463 3047 1738 3106 videlicet
1779 3050 1980 3122 ipsum
2012 3067 2075 3107 se

2221 1885 2286 1944 ὡς
2341 1890 2594 1937 νοσοῦντα
2653 1887 2774 1947 τούς
2831 1884 3137 1958 λογισμούς,
3205 1886 3254 1939 έν
3305 1885 3579 1962 ἁπορῥὴτῳ
3633 1891 3816 1943 νουθε-

2218 1975 2461 2026 τεῖσθαι³
2505 1974 2547 2026 εἰ
2579 1970 2638 2027 δι
2684 1979 2756 2046 μὴ
2802 1973 3041 2046 βούλοιτο
3089 1975 3205 2028 κατ’
3240 1973 3380 2029 ἰδίαν
3423 1979 3815 2051 θεραπεύεσθαι,

2216 2067 2306 2116 καὶ
2364 2063 2568 2140 ἐτέρους
2632 2061 2886 2137 ἀδελφούς
2924 2068 3045 2126 τούς
3103 2072 3481 2144 συνετωτέρους
3547 2068 3614 2129 εἰς
3674 2071 3820 2144 θερα-

2213 2158 2362 2206 πείαν
2426 2154 2587 2208 αὐτοῦ
2651 2155 3280 2229 συμπαραλαμϐάνεσθαι,
3350 2160 3489 2210 κατὰ
3539 2161 3624 2211 ·τὸ
3685 2160 3819 2233 ἱερὸν

2211 2243 2525 2316 Εὐαγγέλιον
2568 2259 2582 2274 ⁸
2645 2243 2763 2298 Ἐὰν
2830 2241 2890 2297 δὲ
2944 2250 3016 2317 μή
3088 2260 3182 2298 σου
3250 2245 3472 2320 ἀκούσῃ,
3549 2247 3820 2323 παράλαϐε

2208 2335 2338 2404 μετὰ
2401 2329 2622 2386 σεαυτοῦ
2688 2335 2763 2385 ἔτι
2815 2335 2904 2386 ἕνα
2957 2335 2988 2393 ἣ
3046 2331 3166 2393 δύο.
3220 2336 3282 2389 Εἰ
3333 2332 3393 2388 δι
3441 2340 3575 2408 μήτε
3633 2336 3817 2401 αὐτοῖς

2205 2425 2461 2493 πείθοιτο,
2493 2433 2565 2496 τῷ
2613 2433 2906 2502 προεστῶτι
2961 2429 3020 2480 τὸ
3049 2431 3259 2500 νόσημα
3307 2437 3405 2490 τῆς
3431 2427 3622 2501 ψυχῆς
3649 2429 3814 2483 αὐτοῦ

2203 2518 2462 2590 γνώριμον
2517 2517 2757 2587 γενέσθαι
2790 2532 2804 2546 °
2851 2518 2895 2569 εἱ
2936 2513 2994 2570 δὲ
3049 2523 3184 2590 μήτε
3211 2525 3301 2570 τοῦ
3339 2526 3660 2594 προεστῶτος
3692 2517 3813 2573 ἀνά-

2205 2622 2417 2674 σχοιτο,
2477 2606 2546 2666 ὡς
2583 2608 2670 2657 τόν
2719 2603 2918 2657 ἐθνικόν
2957 2608 3045 2657 καὶ
3096 2610 3183 2658 τόν
3221 2605 3441 2664 τελώνην
3505 2606 3811 2680 λελογίσθαι

2200 2692 2376 2758 αὐτόν,
2453 2699 2544 2745 καὶ
2611 2696 2680 2755 ὡς
2744 2693 3002 2768 πρόϐατον
3053 2693 3218 2767 λοιμῷ
3283 2701 3663 2770 κεκρατημένον
3711 2705 3810 2762 τῆς

2195 2786 2422 2854 ποίμνης
2479 2785 2763 2855 εἴργεσθαι,
2815 2786 2884 2846 ὡς
2923 2782 2984 2835 ἂν
3022 2789 3094 2857 μὴ
3148 2789 3239 2837 καὶ
3277 2789 3399 2846 τούς
3445 2785 3658 2848 λοιποὺς
3713 2793 3806 2840 τοῦ

2193 2877 2486 2944 νοσήματος
2541 2871 2903 2932 ἀναπλήσειεν.
2950 2873 3011 2927 Εἰ
3043 2870 3102 2926 δε
3145 2870 3334 2947 μηδεὶς
3382 2878 3459 2934 εἵη
3513 2878 3538 2928 ό
3592 2884 3667 2948 τῷ
3711 2897 3807 2931 πο·

2191 2970 2332 3036 νηρῷ
2399 2961 2757 3036 βλαπτόμενος
2809 2960 3187 3036 ὑποδείγματι,
3243 2969 3359 3018 τότε
3409 2969 3562 3039 μόνον
3623 2968 3655 3025 ἠ
3726 2965 3807 3020 ἐπ’

2189 3051 2330 3123 αὐτῷ
2359 3057 2449 3104 καὶ
2499 3056 2632 3126 μετὰ
2680 3055 2748 3106 τὰ
2795 3053 3040 3128 εἰρημένα
3089 3056 3431 3129 μακροθυμία
3478 3060 3664 3128 χώραν
3703 3056 3807 3118 ἔξει

409 3143 740 3218 aliquando
760 3142 822 3198 in
849 3139 1159 3197 meliorem
1177 3138 1410 3208 frugem
1439 3139 2070 3211 receptur11m.Verum

2208 3140 2363 3196 λπίδι
2400 3151 2492 3206 τῆς
2543 3141 2898 3220 διορθώσεως.
2927 3145 3282 3218 Μακροθυμία
3313 3141 3391 3211 δε,
3442 3145 3470 3201 ἡ
3501 3143 3583 3196 έπὶ
3619 3151 3693 3215 τῷ
3723 3147 3798 3217 μὴ

406 3233 695 3308 patientia
722 3231 806 3287 sic
833 3229 1170 3286 exercenda
1218 3232 1323 3290 est,
1376 3230 1442 3284 ut
1469 3243 1593 3283 non
1617 3233 1917 3285 resecetur
1941 3230 2072 3303 qui-

405 3325 570 3394 dem,
604 3322 713 3379 sed
741 3337 864 3378 non
889 3320 992 3388 ita,
1028 3323 1091 3374 ut
1119 3334 1242 3374 non
1274 3316 1698 3390 admoneatur,
1729 3333 1929 3394 neque
1951 3319 2074 3394 ple-

406 3420 601 3472 ctatur
619 3411 902 3484 legitimis
921 3408 1130 3469 multis
1151 3424 1224 3465 ac
1252 3407 1471 3480 poenis.

1032 3520 1258 3577 CAPUT
1297 3519 1449 3574 XXX.

407 3614 580 3686 Quod
607 3630 729 3672 non
758 3612 926 3670 debet
955 3617 1157 3686 asceta
1189 3610 1438 3665 vestium
1484 3613 1592 3664 aut
1641 3610 2077 3669 calceamento-

835 3700 972 3740 rum
1017 3682 1314 3738 delectum
1346 3687 1643 3751 expetere.

479 3787 771 3843 Caeterum
816 3783 1174 3840 vestimenta
1201 3784 1306 3836 aut
1353 3778 1763 3836 calceamenta
1806 3780 2078 3852 pretiosa

405 3877 584 3935 nobis
613 3874 991 3949 exquirenda
1019 3889 1144 3930 non
1165 3870 1440 3937 sunt,sed
1453 3870 1733 3941 eligenda
1753 3870 1988 3939 viliora,
2011 3877 2077 3932 ut

404 3969 467 4025 in
496 3967 614 4024 hac
639 3967 823 4023 etiam
848 3980 912 4022 re
937 3961 1338 4020 humilitatem
1368 3961 1852 4029 ostendamus,et
1870 3977 1946 4016 ne
1965 3960 2070 4016 ho-

404 4057 600 4114 mines
629 4056 1020 4125 elegantes,et
1045 4056 1317 4109 amentes
1345 4052 1809 4123 suiipsorum,et
1827 4049 2074 4105 fraterni

405 4146 630 4206 amoris
659 4149 930 4203 exsortes
959 4158 1092 4199 esse
1113 4142 1452 4199 videamur.
1482 4140 1638 4206 Quin
1662 4138 1823 4194 enim
1844 4139 2074 4212 primas

407 4241 669 4311 exoptat,
697 4251 734 4292 ο.
763 4233 1054 4292 charitatc
1079 4237 1138 4290 et
1154 4232 1494 4288 humilitate
1520 4226 1760 4285 excidit.

1015 4342 1238 4400 CAPUT
1281 4341 1453 4396 XXXI.

407 4435 578 4507 Quod
592 4435 762 4493 debet
779 4432 1100 4507 praefectus
1118 4432 1355 4507 viribus
1367 4427 1636 4507 corporis
1653 4442 1766 4484 sua
1778 4427 2071 4507 mandata

476 4501 933 4567 accommodare
947 4521 971 4562 .·
989 4512 1044 4562 et
1059 4505 1133 4562 de
1155 4506 1228 4560 iis
1251 4504 1355 4575 qui
1381 4503 1537 4559 vires
1565 4514 1709 4558 suas
1738 4501 2067 4558 occultant.
2102 4505 2150 4561 D

480 4695 558 4747 Ac
586 4689 767 4747 etiam
793 4690 1007 4745 caveat
1025 4688 1263 4758 oportet
1281 4683 1703 4756 prafectusme
1724 4685 1773 4738 si
1791 4683 2072 4752 graviora

402 4795 594 4854 quam
615 4779 880 4852 corporis
907 4776 1065 4833 vires
1093 4775 1290 4832 ferant
1317 4773 1614 4830 mandata
1637 4773 1937 4844 injungat,
1978 4773 2071 4828 in-

403 4870 648 4927 ﬁrmum
672 4871 963 4942 provocet
989 4866 1069 4922 ad
1091 4862 1651 4921 contradicendum:
1687 4861 1794 4918 sed
1821 4861 2071 4934 perinde

403 4966 470 5019 ut
496 4965 669 5034 pater
686 4976 760 5016 ex
785 4974 963 5031 aequo
985 4957 1045 5013 in
1066 4972 1280 5014 omnes
1305 4953 1636 5011 benevolus
1657 4970 1727 5011 ac
1742 4953 2069 5024 legitimus,

403 5066 727 5124 corporeas
771 5049 1068 5120 cujusque
1118 5045 1278 5102 vires
1335 5045 1696 5115 consideret,
1751 5048 1932 5115 atque
1989 5043 2074 5098 ita

401 5139 695 5202 mandata
720 5139 1014 5214 imponat,
1049 5137 1489 5210 partiaturque.
1528 5136 1819 5191 Caeterum
1847 5133 2076 5202 gravis-

474 5341 524 5377 ⁸⁰
553 5338 752 5398 Matth.
785 5353 952 5408 xvni,
980 5339 1064 5393 l6.
1143 5337 1185 5371 ⁸¹
1220 5333 1372 5391 ibid.
1399 5337 1485 5388 17.

477 5534 588 5610 (48)
616 5539 759 5610 Reg.
788 5532 1094 5610 secundus
1125 5535 1456 5608 καρατοῦσαν
1508 5527 1805 5596 συνήθειαν,
1843 5532 2069 5597 praeter

401 5606 1242 5679 receptam'consuetudinem.

471 5669 587 5753 (4'9)
617 5680 863 5752 Antiqui
899 5679 1026 5736 duo
1053 5676 1193 5734 libri
1235 5690 1377 5733 cum
1425 5675 1597 5730 Voss.
1647 5677 1768 5733 αὴτι
1813 5669 1909 5728 διὰ
1944 5674 2061 5742 τὴν,

2187 3231 2520 3304 ἀποκόπτειν,
2552 3233 2647 3286 οὐκ
2675 3233 2762 3298 ἐπὶ
2792 3241 2866 3306 τῷ
2893 3237 2966 3306 μὴ
2993 3234 3248 3286 νουθετεῖν
3277 3237 3366 3286 καὶ
3395 3228 3665 3286 παιδεύειν
3695 3240 3805 3294 τοῖς

2186 3322 2415 3396 ἐννόμοις
2436 3321 2738 3397 ἐπιτιμίοις.

2725 3519 3020 3575 ΚΕΦΑΛΑΙ
3028 3525 3118 3572 ΟΝ
3177 3518 3257 3574 Λ’·

2185 3610 2308 3665 Ὀτι
2337 3609 2397 3666 οὐ
2438 3615 2550 3687 χρὴ
2592 3606 2896 3682 ἐνδυμάτων
2982 3604 3342 3690 ὑποδημάτων
3371 3605 3588 3680 έκλογην
3618 3605 3802 3669 έπιζη-

2724 3701 2828 3734 τειν
2881 3701 2966 3734 τον
2999 3699 3260 3740 ασκητην,

2260 3777 2596 3854 Ἐνδυμάτων
2655 3784 2829 3852 μέντοι
2869 3779 2898 3838 ᾖ
2957 3775 3314 3851 ὑποδημάτων
3370 3781 3443 3850 μὴ
3493 3778 3558 3830 τὰ
3586 3774 3800 3830 έκλεκτὰ

2188 3869 2473 3937 ἐπιζητεῖν,
2517 3869 2623 3922 ἀλλ’
2649 3870 2916 3942 αἱρεῖσθαι
2953 3870 3018 3920 τὰ
3049 3866 3400 3941 εὐτελέστερα,
3443 3868 3526 3918 ἶνα
3555 3867 3800 3919 καὶκατὰ

2186 3969 2340 4013 τοῦτο
2371 3965 2464 4018 τὴν
2488 3959 2962 4033 ταπεινοφροσύνην
3011 3953 3410 4029 ἔπιδειξώμεθα,
3451 3961 3544 4010 καὶ
3570 3960 3644 4030 μή
3676 3956 3800 4010 καλ-

2185 4050 2478 4115 λωπιστῶν,
2511 4053 2601 4100 καὶ
2634 4047 2911 4120 φιλαύτων,
2940 4051 3030 4098 καὶ
3080 4043 3441 4119 ἀφιλαδελφων
3487 4043 3647 4110 δόξαν
3679 4045 3801 4100 ἁπε-

2185 4141 2506 4212 νεγκώμεθα.
2535 4137 2594 4190 '0
2621 4140 2723 4212 γὰρ
2751 4145 2849 4189 τῶν
2886 4141 3151 4209 πρωτείων
3183 4135 3441 4209 ἐφιέμενος
3471 4134 3678 4210 ἀγάπης
3707 4140 3800 4190 καὶ

2183 4229 2658 4303 ταπεινοφροσύνης
2687 4232 3040 4300 κεχώρισται.

2713 4338 3104 4388 ΚΕΦΑΛΑΙΟΝ
3143 4330 3269 4388 ΛΛ’.

2182 4422 2304 4477 Ὀτι
2333 4418 2418 4478 δεῖ
2446 4427 2533 4477 τόν
2564 4431 2870 4496 προεστῶτα
2907 4421 3135 4493 ἀνάλογα
3160 4430 3250 4483 τῆς
3275 4428 3366 4474 τοῦ
3419 4425 3655 4495 σώματος
3677 4415 3790 4496 ,δυ-

2253 4499 2454 4571 νάμεως
2492 4490 2686 4571 ὁρίζειν
2707 4498 2782 4571 ’τὰ
2818 4490 3192 4571 ἐπιτεταγμένα
3215 4510 3227 4523 °
3261 4497 3351 4546 καὶ
3379 4490 3507 4568 περῖ
3535 4501 3637 4546 τῶν
3668 4490 3795 4546 ἁπο-

2254 4563 2548 4645 κρυϐόντων
2581 4573 2668 4626 τὴν
2696 4567 2889 4620 ἑαυτῶν
2920 4563 3166 4638 δύναμιν.

2253 4682 2352 4730 Τόν
2414 4681 2588 4750 μέντοι
2640 4681 2948 4750 προεστῶτα
3012 4676 3298 4746 προσέχειν
3346 4675 3480 4748 χρὴ,
3535 4671 3678 4734 ὅπως
3727 4670 3792 4724 ἄν

2182 4772 2280 4841 μὴ,
2331 4775 2423 4827 τῆς
2479 4774 2569 4819 τοῦ
2627 4772 2869 4838 σώματος
2927 4759 3198 4836 δυνάμεως
3250 4761 3468 4835 μείζονα
3501 4761 3570 4814 τὰ
3610 4760 3792 4816 ἕπιτά-

2182 4877 2358 4931 γματα
2426 4857 2795 4928 ποιησάμενος,
2855 4857 2986 4928 πρὸς
3036 4851 3330 4924 ἀντιλογίαν
3369 4855 3457 4904 τόν
3511 4850 3795 4907 ἀτονοῦντα

2185 4945 2451 5024 διερεθίση
2489 4967 2502 4980 ο
2582 4944 2688 4998 ἀλλ’
2750 4947 2820 5006 ὡς
2883 4947 3059 5017 πατὴρ
3125 4940 3323 4996 ἅπασιν
3375 4943 3564 5015 ὁμοίως
3619 4945 3795 5003 εὔνους

2183 5041 2268 5090 καὶ
2341 5042 2580 5109 γνήσιος,
2649 5035 2871 5087 ἑκάστου
2928 5035 3019 5093 τὰς
3081 5028 3325 5105 δυνάμεις
3385 5030 3792 5085 ἐπισκοπεῖσθαι

2181 5135 2275 5182 τοῦ
2339 5133 2599 5200 σώματος,
2657 5130 2748 5179 καὶ
2801 5124 2968 5186 οὕτως
3029 5120 3281 5195 ἐπινέμειν
3337 5127 3427 5177 καὶ
3465 5118 3786 5198 διακληροῦ-

2433 5539 2499 5581 er
2521 5519 2773 5594 speciem
2801 5518 3117 5594 servandae
3130 5516 3488 5594 _c_harz'tatis,
3505 5521 3616 5594 etc.
3635 5516 3784 5588 Reg.

2180 5535 2369 5598 neque

3561 5589 3786 5664 depra-

2180 5540 2369 5598 neque
2433 5540 2499 5581 er
2521 5540 2773 5594 specusm
2801 5540 3117 5578 servandae
3146 5540 3521 5587 crtaruaus,(

2177 5540 2485 5653 secumrus
2534 5599 2666 5667 μήτε
2717 5595 2862 5667 παρὰ
2888 5597 3004 5652 τήν.
3039 5590 3190 5648 Editi
3227 5595 3358 5664 μήτε
3404 5596 3521 5661 τήν,

2174 5674 2330 5728 vate.
