4120 6380
309 290 440 345 1421

307 413 434 466 σθαι
460 413 527 464 τά
551 409 901 481 έπιτάγματα.
944 412 1120 482 Κρῖμα
1167 409 1343 480 μέντοι
1393 408 1638 478 μέγιστον
1703 405 1908 468 ἕξουσιν
1941 406 1988 458 Α

306 501 356 554 οἰ
399 505 494 558 τὴν
530 501 882 572 ὑπάρχουσαν
926 505 1019 548 τοῦ
1058 501 1299 568 σώματος
1352 491 1576 567 δύναμιν
1628 499 1718 546 καὶ
1768 495 1913 565 παρά

309 597 442 645 Θεοῦ
485 585 771 660 δεδομένην
820 584 1142 661 ἀρνούμενοι,
1199 590 1289 638 καὶ
1333 590 1912 656 καταναισχυντοῦντες

306 687 404 732 τῶν
451 683 811 750 προεστώτων,
870 681 959 728 καὶ
1041 683 1152 736 τοῖς
1218 673 1646 747 ἕπιτασσομένοις
1703 671 1796 725 οῦκ
1841 674 1913 723 εἰ·

308 785 498 828 κοντες.
551 766 615 818 Εἰ
668 768 771 838 γὰρ
833 773 904 835 τῷ
967 773 1259 839 προεστῶτι
1307 760 1548 818 κίνδυνον
1617 766 1778 834 μέγαν
1823 764 1914 812 καὶ

309 854 671 910 ἀνυπόστατον
727 859 868 928 φέρει
923 858 981 908 τὸ
1040 852 1346 926 ἀποκρύψαι
1410 861 1501 906 τοῦ
1552 853 1709 924 λόγου
1739 853 1797 904 τό
1825 851 1913 902 τά·

309 944 514 1014 λαντον,
557 949 648 998 καὶ
690 948 759 1017 μὴ
809 944 1010 1014 ἑκάστῳ
1069 951 1407 1016 προμηνῦσαι
1460 947 1555 1001 τὴν
1624 940 1911 1015 ἐρχομένην

311 1035 399 1088 ἐπὶ
458 1042 520 1106 τῇ
584 1034 817 1108 ἁμαρτίᾳ
868 1034 1150 1107 ῥομφαίαν,
1203 1031 1373 1103 πολλῷ
1422 1031 1612 1105 μᾶλλον
1647 1033 1780 1083 οἴσει
1807 1033 1916 1080 κίν-

314 1119 469 1176 δυνον
509 1132 582 1194 τῷ
627 1122 940 1195 λαμϐάνοντι
979 1125 1124 1198 παρά
1163 1130 1254 1176 τοῦ
1290 1129 1424 1174 Θεοῦ
1452 1118 1678 1192 δύναμιν
1732 1124 1912 1191 σώμα-

307 1231 397 1274 τος
433 1212 506 1274 εὶς
555 1211 874 1266 λυσιτελειαν
921 1219 1016 1264 τοῦ
1074 1219 1271 1277 κοινοῦ,
1320 1216 1410 1264 καὶ
1461 1213 1658 1268 ταύτην
1709 1227 1920 1281 καταριι

303 1309 485 1373 γοῦντι
519 1306 610 1356 καὶ
645 1301 1056 1376 ἀποκρύπτοντε.

852 1414 1197 1463 ΚΕΦΑΛῙΟΝ
1235 1407 1358 1464 ΛΒ’.

302 1515 423 1569 Ὀτι
476 1515 535 1569 οῦ
603 1512 688 1569 δεῖ
743 1518 862 1577 τούς
926 1511 1184 1588 ἀδελφοὺς
1215 1515 1543 1588 Δλυπεῖσθαι,
1599 1521 1699 1567 τῶν
1749 1512 1910 1566 ἀσθε-

697 1592 948 1664 νεστέρων
975 1585 1096 1661 φειδ
1098 1596 1184 1648 οῦς
1205 1585 1539 1659 ἀξιουμένων.

329 1687 462 1754 ’Μὴ
511 1699 689 1769 μέντοι
744 1699 861 1756 τοὺς
917 1691 1176 1768 ἀδελφοὺς
1223 1694 1506 1748 λυπεῖσθαι
1561 1698 1652 1746 καὶ
1720 1691 1912 1765 ἀγανα-

308 1791 466 1849 κτεῖν,
529 1781 739 1837 ἐπειδὰν
794 1792 902 1846 τοῖς
962 1783 1352 1858 ἀσθενεστέροις
1408 1784 1433 1835 ὁ
1495 1787 1758 1859 προεστὼς
1817 1785 1912 1842 τὰς
1948 1759 1992 1818 Β

309 1871 646 1948 ἁρμοζούσας
701 1871 996 1949 ἄγχειρίζοι
1056 1873 1165 1944 (50)
1221 1870 1515 1941 διακονίας,
1553 1877 1642 1925 καὶ
1699 1868 1914 1945 φειδοῦς

308 1957 507 2034 ἀξιώσῃ
569 1964 802 2029 τούτους,
890 1962 1024 2015 οὕτω
1110 1970 1204 2023 τῆς
1266 1967 1450 2034 χρείας
1510 1962 1907 2034 εἰσηγουμένης.

308 2046 436 2102 ἀλλὰ
509 2053 634 2112 τοὺς
700 2045 1088 2126 δυνατωτέρους
1163 2053 1230 2112 ὡς
1303 2052 1466 2124 μελῶν
1533 2050 1910 2124 ἀσθενεστέρων

308 2135 580 2212 φείδεσθαι
630 2149 732 2192 τῶν
764 2137 1017 2214 δεομένων
1053 2138 1286 2216 φειδοῦς,
1323 2147 1412 2194 καὶ
1442 2144 1606 2215 ταύτῃ
1643 2146 1738 2200 τὴν
1762 2157 1913 2193 πνευ-

310 2235 538 2302 ματικὴν
589 2230 706 2302 (51)
742 2230 952 2302 (ir/my
1007 2231 1258 2306 πληροῦν.
1317 2229 1460 2284 Οῦδε
1491 2233 1593 2306 γὰρ
1635 2233 1661 2283 ὀ
1709 2238 1836 2292 ποῦς
1862 2229 1911 2282 έν

305 2327 382 2390 τῷ
445 2324 656 2391 σώματι
710 2328 809 2380 τῆς
854 2323 1033 2395 χειρὸς
1081 2319 1572 2387 κατεξανασταίη,ἦ
1601 2325 1692 2372 καὶ
1715 2323 1912 2378 ταύτην

311 2407 382 2470 εἰς
408 2412 504 2466 τὴν
543 2407 740 2461 οἰκείαν
783 2405 1058 2461 διακονίαν
1087 2407 1356 2482 βιάσοιτο,
1387 2407 1513 2462 οὐδε
1556 2411 1586 2468 ἠ
1619 2414 1740 2482 χεὶρ
1772 2411 1914 2482 σύμ-

307 2513 458 2549 πασα
503 2503 578 2567 τῷ
612 2499 912 2570 μεκροτάτῳ
957 2494 1200 2570 δακτύλῳ
1249 2507 1346 2560 τῆς
1405 2499 1596 2560 οἰκείας
1657 2503 1915 2572 ἱνεργείας

313 2584 553 2643 έπεθήσει
595 2589 654 2639 τό
706 2588 897 2658 ἄχθος·
949 2585 1053 2639 ἀλλ’
1094 2589 1313 2640 ἕκαστον
1345 2596 1444 2640 τῶν
1475 2587 1640 2662 μελῶν
1670 2589 1731 2647 ἢν
1757 2589 1917 2661 ἔλαχε

314 2677 458 2748 παρὰ
501 2679 597 2737 τῆς
653 2677 853 2748 φύσεως
901 2673 1144 2749 δύναμιν,
1207 2680 1404 2736 ταύτην
1465 2677 1656 2753 ἄνεργεῑ
1733 2675 1952 2731 διαϐα-’

324 2766 532 2828 στάζων
589 2767 656 2817 τὰ
721 2764 1088 2840 ἀσθενέστερα.
1155 2769 1363 2830 Ταύτης
1440 2776 1536 2830 τῆς
1605 2768 1799 2832 τάξεως
1871 2766 1921 2821 ἂν

319 2861 655 2926 πνευματικῷ
720 2860 1026 2929 συστήματι
1079 2855 1494 2930 φυλασσομένης,
1551 2854 1922 2930 δειχθήσεται,

321 2943 404 2996 ὅτε
430 2947 589 3006 ὄντως
617 2945 772 3017 ἐσμὲν
804 2953 958 3018 σῶμα
993 2954 1250 3022 Χριστοῦ,
1296 2953 1386 3000 καὶ
1416 2947 1542 3020 μέλη
1603 2947 1660 3000 έκ
1714 2967 1924 3024 μερους,

324 3037 416 3091 τὴν
452 3032 702 3109 ἁρμονίαν
733 3044 826 3096 τῆς
872 3041 1152 3108 συναφείας
1202 3040 1294 3089 καὶ
1345 3042 1440 3096 τήν
1491 3041 1624 3113 πρὸς
1681 3036 1926 3100 ἀλλήλους

322 3121 679 3178 ἀστασίαστον
709 3126 892 3179 ἕνωσιν
921 3123 958 3179 δ
963 3131 1208 3189 ιαπαντός
1229 3127 1584 3201 φυλάττοντες,

866 3241 1258 3290 ΚΕΦΑΛᾹῙΟΝ
1301 3235 1420 3292 ΛΓ.

319 3338 442 3392 ’Ὁτι
504 3339 563 3418 οῦ
627 3346 922 3418 χρήῌτούς
989 3353 1322 3418 προεστῶτας
1395 3353 1531 3418 τοῖς-
1566 3343 1930 3399 ἀποστατοῦσι

393 3419 495 3492 τοῦ
511 3410 708 3492 ὀἰκείου
742 3410 1097 3492 ἀθροίσματος
1128 3414 1384 3477 ἀσκηταίς
1431 3414 1734 3492 παρρησίας
1765 3437 1929 3492 μετα-

399 3479 633 3553 διδόναι,
686 3485 716 3544 ἦ
757 3479 973 3547 τούτούς
1029 3487 1100 3548 εἰς
1147 3492 1416 3540 κοινωνίαν
1469 3479 1592 3561 β’ίὸυ
1645 3479 1927 3561 δέχέσθαι.

397 3594 445 3646 1.
483 3596 598 3665 Χρὴ
640 3595 814 3666 μέντοι
866 3598 955 3646 καὶ
991 3596 1107 3655 τοὺς
1152 3603 1254 3646 τῶν
1310 3603 1676 3669 πνευματικῶν
1733 3615 1933 3654 συστη-

321 3681 498 3754 μάτων
550 3679 960 3755 ἀφηγουμένους,
1029 3688 1122 3742 τὴν
1174 3687 1305 3758 πρὸς
1388 3683 1639 3747 ἀλλήλους
1713 3683 1932 3738 ἀσκοῦν⁸

323 3790 417 3833 τας
460 3773 675 3844 εὔνοιαν,
733 3777 822 3825 καὶ
877 3777 972 3832 τὴν
1041 3770 1271 3831 ἀλλήλων
1342 3772 1723 3847 οἰκειουμένους
1782 3794 1932 3850 φρον-

322 3857 470 3929 τίδα,
503 3866 573 3934 μὴ
628 3861 901 3915 καταλύειν
930 3863 996 3915 τὰ
1033 3861 1262 3920 ἀλλήλων
1324 3860 1738 3938 σπουδάσματα,
1791 3859 1931 3936 μηδὶ

324 3949 496 4012 ἁπλῶς
529 3955 620 4004 καὶ
641 3951 1013 4016 ἀϐασανίστως
1041 3957 1158 4014 τοῦς
1188 3951 1610 4017 ἀποστατοῦντας
1650 3962 1748 4006 τῶν
1781 3949 1932 4006 ἀδελ-

326 4048 428 4114 φῶν
451 4038 674 4100 ἀλλήλων
697 4039 1181 4116 ἀνθυποδέχεσθαι.
1205 4051 1370 4098 Τοῦτο
1387 4046 1488 4120 γὰρ
1520 4043 1632 4097 ἔστι
1663 4046 1931 4117 σύγχυσις

324 4129 602 4200 παντελὴς,
652 4136 742 4184 καὶ
779 4125 1046 4205 διάλυσις,
1084 4139 1175 4185 καὶ
1219 4141 1310 4186 τοῦ
1362 4141 1716 4208 πνευματικοῦ
1775 4135 1928 4206 ἔργου

325 4220 656 4292 καθαίρεσις.
721 4222 787 4271 Οἱ
825 4223 916 4292 μεν
960 4223 1062 4294 γὰρ
1138 4229 1471 4297 συνετώτεροι
1543 4233 1640 4276 τῶν
1697 4219 1930 4295 ἀδελφῶν

324 4316 398 4379 τῷ
444 4315 536 4360 τοῦ
585 4316 717 4361 Θεοῦ
785 4307 925 4381 φόϐῳ
991 4313 1358 4384 κρατούμενοι,
1411 4311 1636 4384 βεϐαίως
1680 4322 1752 4383 τῷ
1787 4311 1928 4384 καλῷ

327 4401 687 4470 περιμένουσιν
737 4398 871 4468 (52)·
921 4399 970 4450 οἰ
1019 4395 1077 4450 δε
1134 4401 1442 4476 νωθέστεροι
1492 4406 1583 4452 καὶ
1628 4402 1926 4476 ῥᾳθυμότεσι

325 4505 410 4560 ροι
469 4491 559 4539 καὶ
609 4487 708 4538 ὑπὸ
765 4494 860 4549 τῆς
913 4492 1031 4562 περὶ
1083 4485 1384 4562 ἀνθρώπους
1452 4485 1660 4558 αἰδοῦς,
1715 4495 1926 4550 καὶτῆς

327 4573 421 4633 ἔπη
427 4594 521 4650 ρτη
527 4577 683 4649 μένης
731 4574 784 4639 ἐξ

324 4661 794 4738 παιδαγωγοῦνται
848 4671 937 4718 καὶ
992 4663 1372 4722 διευθύνονται.
1423 4665 1518 4721 "Av
1565 4672 1738 4719 τοίνυν
1780 4668 1805 4719 ὁ
1838 4668 1931 4743 ῥᾳ-

843 4573 1124 4650 ἀνθρώπων
1199 4575 1429 4649 ἀνάγκης
1494 4581 1622 4653 πρὸς
1659 4581 1716 4629 τὸ
1772 4576 1926 4629 καλὸν

329 4755 610 4828 θυμότερος
671 4751 762 4828 ἴδη
820 4753 930 4818 ἐξὸν
985 4754 1125 4827 αὐτῷ
1179 4758 1313 4830 μετά
1374 4752 1556 4820 ἀδείας
1620 4755 1926 4829 ἀποφεύγειν

324 4848 448 4905 τοὺς
505 4840 554 4896 ἕν
607 4853 681 4916 τῷ
717 4843 858 4908 ἅπαξ
922 4846 1174 4920 αἱρεθέντι
1230 4851 1534 4920 συστήματι
1585 4851 1786 4918 πόνους,
1838 4850 1928 4898 καὶ

327 4935 681 5006 μεθίστασθαι
761 4937 889 5008 πρὸς
963 4935 1138 5010 ἑτέραν
1219 4942 1554 5009 καταγωγὴν,
1609 4941 1699 4989 καὶ
1777 4935 1928 5010 βιοῦν

328 5021 635 5096 ἀφυλάκτως
718 5029 808 5078 καὶ
884 5023 1138 5100 ἀκρατῶς,
1198 5025 1418 5090 εὐκόλως
1479 5025 1926 5102 ἀπορῥαγήσεται,

399 5201 447 5240 ⁸³
486 5206 509 5260 Ι
539 5206 671 5262 Cor.
694 5203 797 5274 xxi,
835 5205 927 5259 27.

555 5382 757 5463 godex
789 5379 954 5463 Colb.
984 5383 1278 5463 ἐγχειροίη.
1700 5460 1704 5463 _
1875 5457 1878 5460 ,

406 5407 512 5458 κου)
555 5407 757 5443 ιλοαθχ
789 5407 954 5443 υοιο.
984 5407 1278 5463 εγχειροιη.
1875 5457 1878 5460 ἢ

406 5455 518 5526 (51)
548 5460 723 5540 linus
753 5472 867 5540 ms.
901 5462 960 5540 et
977 5407 1120 5540 ed/iti
1141 5464 1338 5540 ταύτην
1386 5460 1764 5540 πνευματικήν.
1785 5538 1797 5540 _
1818 5467 1929 5525 Alii

331 5539 476 5610 mss:
503 5533 566 5586 ut
593 5531 655 5586 in
684 5534 987 5610 contextu.
1032 5534 1149 5587 Nec
1172 5531 1256 5610 ita
1284 5535 1476 5610 multo
1510 5531 1648 5610 post
1689 5538 1931 5597 codices

330 5597 582 5670 quidam
633 5617 772 5658 cum
827 5604 992 5660 Voss.
1040 5603 1219 5676 χειρὸς
1275 5597 1713 5671 κατεξανᾶσταίη.
1762 5611 1931 5669 Alius

1445 282 1583 338 CON
1594 277 2040 340 STITUTIONES
2077 279 2490 337 MONASTICAZ
2503 321 2520 337 .

3547 281 3688 338 1422

2021 401 2172 458 sime
2195 401 2527 475 plectentur
2555 403 2615 472 ii,
2646 403 2753 477 qui
2781 419 2938 477 quas
2982 417 3020 460 a
3049 404 3168 462 Deo
3193 405 3371 462 datas
3402 404 3515 462 sibi
3555 421 3686 462 cor-

2021 491 2185 562 poris
2212 491 2364 547 vires
2397 491 2642 564 habent,
2678 493 3004 559 occultant,
3033 497 3090 548 et
3128 493 3420 550 adversus
3451 509 3686 567 praepo-

2022 580 2168 638 sitos
2195 581 2580 652 impudenter
2610 598 2671 636 se
2703 587 2938 652 gerunt,
2966 597 3037 637 ac
3087 583 3395 638 mandatis
3426 600 3550 640 non
3571 583 3685 638 ob-

2022 674 2374 741 sequuntur.
2410 670 2466 727 Si
2498 672 2659 726 enim
2711 671 2986 726 imminet
3025 671 3308 742 praefecto
3347 673 3684 742 periculum

2020 759 2238 828 ingens
2266 775 2336 816 ac
2365 759 2763 831 intolerabile,
2799 760 2847 816 si
2879 759 3264 816 absconderit
3291 760 3576 818 doctrinae
3601 767 3686 820 ta.

2023 846 2274 918 lentum,
2291 853 2351 906 et
2370 865 2493 906 non
2518 849 2841 921 unicuique
2863 849 3684 920 praenuntiaveritventuram

2022 938 2103 996 ob
2127 943 2447 1010 peccatum
2468 938 2786 1008 frameam,
2817 937 2998 1008 longe
3023 938 3220 1007 magis
3241 939 3687 1010 periclitaturus

2023 1033 2131 1096 est,
2162 1029 2268 1101 qui
2296 1033 2577 1102 acceptas
2607 1045 2644 1084 a
2665 1029 2783 1084 Deo
2813 1028 2891 1084 ad
2922 1044 3250 1084 commune
3289 1031 3686 1088 commodum

2023 1118 2290 1191 corporis
2321 1119 2476 1175 vires
2508 1117 2738 1176 otiosas
2766 1118 2982 1187 reddit,
3016 1116 3419 1190 occultatque.

2516 1404 2693 1478 579
2724 1407 2955 1462 CAPUT
2989 1405 3191 1462 xxxn.

2024 1510 2194 1580 Quod
2215 1527 2338 1568 non
2358 1511 2573 1569 debent
2594 1514 2826 1583 fratres
2855 1515 3106 1569 tristitia
3141 1513 3329 1584 afﬁci,
3363 1529 3492 1570 cum
3527 1516 3687 1573 leva-

2253 1586 2443 1641 menti
2477 1586 2717 1656 aliquid
2747 1587 3011 1655 a/fertur
3039 1585 3451 1642 debitioribus.

2093 1691 2269 1766 Atqui
2295 1708 2418 1749 non
2437 1693 2718 1750 convenit
2740 1692 2927 1763 aﬂligi
2952 1691 3187 1765 fratres,
3214 1696 3316 1749 aut
3341 1693 3642 1765 indignari
3667 1709 3684 1762 ;

2020 1781 2271 1856 quando
2300 1781 2622 1854 praefectus
2652 1781 3089 1838 inﬁrmioribus
3119 1783 3534 1840 convenientia
3555 1799 3687 1840 mu-

2020 1873 2123 1928 nia
2169 1872 2460 1944 assignat,
2537 1889 2762 1946 eosque
2835 1872 3216 1947 indulgentia
3259 1873 3478 1943 dignos
3549 1889 3686 1930 cen-

2023 1967 2134 2031 set,
2157 1963 2516 2019 necessitate
2572 1963 2654 2019 ita
2682 1962 3046 2036 postulante.
3101 1967 3228 2018 lmo
3261 1979 3403 2019 vero
3441 1963 3546 2036 qui
3594 1981 3687 2022 ro-

2019 2053 2321 2110 bustiores
2345 2058 2506 2125 sunt,
2537 2068 2642 2110 eos
2669 2053 2901 2109 caeteris
2937 2053 3042 2126 qui
3098 2053 3476 2124 indulgentia
3530 2055 3687 2111 indi-

2022 2148 2183 2214 gent,
2205 2147 2504 2217 tanquam
2539 2143 2940 2199 debilioribus
2973 2142 3266 2200 membris
3292 2159 3406 2216 par
3435 2149 3524 2200 est
3551 2160 3689 2217 paro

2022 2248 2176 2301 cere,
2188 2238 2248 2288 et
2266 2233 2383 2288 hoc
2397 2237 2580 2306 pacto
2601 2233 2955 2289 charitatem
2971 2231 3343 2304 spiritualem
3356 2234 3687 2307 complere.

2021 2327 2224 2396 Neque
2245 2322 2408 2380 enim
2424 2338 2533 2396 pes
2551 2323 2613 2378 in
2645 2337 2895 2396 corpore
2913 2322 3176 2394 insurgit
3193 2322 3252 2377 in
3277 2338 3554 2389 manum,
3579 2340 3688 2394 aut

2022 2429 2160 2470 eam
2190 2413 2268 2470 ad
2291 2427 2471 2469 suum
2500 2413 2694 2486 ipsius
2726 2428 2951 2468 munus
2976 2411 3346 2485 explendum
3378 2414 3557 2485 cogit,
3587 2429 3690 2470 ne.

2023 2519 2143 2578 que
2167 2507 2291 2560 tota
2307 2518 2530 2559 manus
2555 2503 2810 2558 minimo
2835 2502 3023 2573 digito
3053 2517 3212 2558 onus
3242 2502 3436 2558 munii
3459 2503 3552 2559 sui
3577 2504 3690 2560 im-

2025 2598 2248 2668 ponet:
2281 2593 2388 2650 sed
2414 2592 2903 2666 unumquodque
2933 2591 3281 2648 membrum
3302 2608 3490 2665 quam
3519 2610 3558 2649 a
3581 2609 3692 2650 na.

2027 2687 2165 2741 tura
2186 2682 2462 2740 sortitum
2485 2686 2573 2739 est
2594 2682 2962 2754 facultatem,
2988 2681 3149 2738 hanc
3169 2686 3420 2753 exercet,
3446 2683 3693 2754 perfert-

2031 2788 2152 2847 que
2181 2772 2500 2830 debiliora.
2525 2775 2660 2828 Haec
2689 2771 3010 2844 disciplina
3040 2773 3090 2827 si
3136 2772 3199 2827 in
3229 2771 3523 2844 spirituali
3555 2788 3697 2832 con-

2033 2868 2216 2920 ventu
2254 2867 2542 2928 servetur,
2579 2863 2970 2935 perspicuum
3002 2862 3112 2918 erit
3141 2877 3254 2918 nos
3302 2878 3442 2919 vere
3475 2879 3697 2937 corpus

2035 2954 2251 3010 Christi
2301 2967 2454 3019 esse,
2480 2957 2537 3008 et
2593 2951 2960 3008 membraex
2997 2953 3276 3024 parte“:
3333 2952 3697 3026 quippequi

2034 3041 2477 3114 conjunctionis
2515 3041 2904 3098 harmoniam
2947 3056 3016 3096 ac
3064 3041 3457 3097 concordiam
3497 3042 3698 3102 omnis

1965 3119 2006 3176 C
2035 3129 2272 3187 dissidii
2296 3133 2603 3202 expertem
2635 3144 2876 3201 semper
2917 3128 3073 3205 inter
3113 3144 3228 3186 nos
3259 3129 3696 3189 custodiamus.

2622 3237 2852 3294 CAPUT
2892 3239 3116 3294 XXXIII.

2037 3346 2206 3418 Quod
2230 3362 2349 3403 non
2381 3345 2593 3402 debent
2621 3347 2898 3416 praefecti
2931 3346 2999 3400 iis
3031 3345 3366 3411 monachis,
3395 3346 3502 3418 qui
3527 3361 3700 3418 suum

2105 3425 2460 3475 conventum
2483 3418 2785 3483 deserunt,
2814 3419 3118 3474 licentiam
3147 3420 3276 3487 ejus
3297 3419 3387 3474 rei
3402 3417 3700 3487 facienda

2103 3491 2269 3561 dare,
2298 3496 2406 3547 aut
2446 3490 2551 3546 hos
2581 3490 2904 3546 admittere
2921 3490 3002 3546 ad
3019 3491 3158 3546 vitae
3183 3491 3696 3546 communitatem.

2107 3602 2157 3652 1.
2190 3599 2435 3670 Oportet
2464 3601 2668 3653 autem
2697 3602 2755 3652 et
2786 3596 3186 3669 spiritualium
3225 3601 3493 3653 coetuum
3551 3610 3701 3670 prae-

2032 3685 2245 3753 fectos,
2278 3690 2559 3742 mutuam
2609 3689 2956 3741 exercentes
3009 3683 3522 3752 benevolentiam,
3565 3699 3700 3740 mu~

2032 3779 2324 3847 tuamque
2347 3774 2720 3847 suiipsorum
2758 3789 2969 3830 curam
3008 3774 3422 3846 suscipientes,
3444 3775 3700 3831 alterum

2032 3863 2280 3920 alterius
2308 3863 2510 3920 studia
2531 3879 2655 3921 non
2683 3863 3014 3933 destruere,
3047 3878 3245 3935 neque
3272 3864 3626 3936 simpliciter
3645 3866 3704 3920 et

2030 3952 2476 4010 inconsiderate
2488 3951 3114 4009 desciscentesfratres
3132 3959 3343 4009 mutuo
3360 3952 3698 4009 admittere.

2031 4046 2153 4100 Hoc
2185 4042 2350 4098 enim
2385 4058 2630 4099 summa
2673 4041 2948 4098 confusio
2995 4047 3102 4110 est,
3159 4041 3620 4115 dissolutioque,
3644 4043 3702 4096 et

2028 4132 2262 4190 eversio
2295 4131 2622 4206 spiritualis
2653 4130 2878 4204 operis.
2903 4132 3133 4188 Etenim
3165 4130 3239 4188 de
3262 4131 3544 4188 fratribus
3566 4129 3702 4203 qui-

2031 4222 2197 4292 dem,
2231 4223 2332 4295 qui
2363 4221 2735 4279 cordatiores
2762 4226 2922 4293 sunt,
2950 4219 2989 4278 ii
3011 4239 3149 4278 cum
3181 4220 3283 4278 Dei
3313 4220 3525 4278 timore
3555 4217 3703 4276 deti-

2031 4317 2314 4379 neantur,
2350 4317 2698 4369 constanter
2727 4312 2788 4368 in
2817 4313 2984 4370 bono
3015 4312 3342 4386 persistunt
3375 4331 3387 4369 :
3421 4313 3527 4386 qui
3554 4323 3701 4368 vero

2032 4400 2342 4472 segniores
2366 4405 2508 4457 sunt
2527 4406 2582 4457 et
2604 4403 2919 4474 pigriores,
2946 4419 3048 4459 eos
3076 4402 3458 4459 incutiendus
3490 4401 3568 4457 ab
3588 4401 3701 4457 ho-

1959 4479 2002 4534 ι)
2034 4491 2301 4550 minibus
2334 4492 2531 4564 pudor
2562 4495 2619 4547 et
2667 4491 2757 4546 vis
2804 4507 2877 4546 ex
2921 4491 3275 4548 hominibus
3335 4490 3700 4563 impendens

2035 4580 2232 4638 erudit
2255 4581 2334 4636 ad
2381 4579 2638 4646 bonum,
2666 4596 2737 4636 ac
2791 4578 3013 4650 dirigit.
3047 4579 3102 4635 Si
3153 4578 3336 4649 igitur
3362 4580 3466 4652 qui
3506 4579 3700 4650 negli-

2037 4669 2271 4743 gentior
2326 4669 2420 4739 sit,
2454 4667 2630 4724 licere
2709 4668 2823 4724 sibi
2877 4669 3390 4736 animadverterit,
3446 4669 3699 4742 impune

2033 4760 2277 4817 labores
2300 4759 2544 4816 delcctze
2569 4758 2756 4814 semel
2778 4759 3076 4816 societatis
3096 4759 3378 4830 ett’ugere,
3395 4760 3472 4816 ad
3489 4758 3702 4817 aliam-

2037 4863 2155 4924 que
2179 4849 2387 4904 sedem
2415 4847 2870 4918 transmigrare,
2898 4852 2956 4905 et
2975 4848 3214 4905 incaute
3235 4848 3700 4904 incontinenter-

2035 4955 2156 5014 que
2188 4939 2406 5010 vivere,
2439 4937 2611 4996 facile
2641 4938 2929 5010 discedet,
2957 4943 3140 5011 atque
3163 4939 3324 4996 exitii
3340 4938 3531 5011 ipsius
3560 4951 3699 5012 reus

2037 5029 2274 5086 futurus
2328 5033 2438 5102 est,
2468 5029 2576 5102 qui
2623 5029 2825 5102 ipsum
2882 5033 3164 5102 prompte
3208 5044 3280 5087 ac
3346 5027 3702 5087 festinanter

2035 5404 2153 5459 ms.
2186 5402 2244 5456 et
2265 5386 2407 5455 editi
2436 5386 2889 5460 κατεξανίσταται.

2105 5475 2222 5542 (52)
2262 5474 2496 5528 Veteres
2553 5457 2677 5526 duo
2727 5469 2867 5525 libri
2905 5481 3048 5524 cum
3078 5459 3245 5526 Voss.
3270 5457 3410 5540 καλῷ
3465 5463 3698 5542 παραμέ-

2037 5563 2237 5599 νουσιν.
