4120 6394
445 277 583 333 1423

1818 273 1880 330 8.
1929 271 2118 330 BASlI
2138 275 2184 330 ll
2207 269 2427 331 MAGNI

3671 279 3814 336 1424

443 397 712 474 suscipit.
745 399 935 471 Atque
963 396 1146 455 etiam
1175 397 1408 454 malum
1427 397 1576 454 illud
1600 410 1988 469 progressum
2011 397 2082 454 fa-

2207 402 2296 450 καὶ
2363 407 2456 460 τῆς
2511 399 2672 454 αὐτοῦ
2728 399 2989 462 ἀπωλείας
3043 400 3224 471 ἔνοχος
3277 400 3306 452 6
3342 417 3640 474 προχειρως
3691 401 3818 456 tim-‘-

441 488 626 560 ciens,
652 504 757 545 eos
789 503 1049 561 quoque,
1082 487 1189 559 qui
1215 487 1372 544 bene
1400 503 1472 544 ac
1501 487 1608 544 rite
1637 487 1947 554 incedunt,
1969 502 2096 542 non

439 591 575 634 raro
607 595 644 634 a
669 584 833 634 recta
865 582 921 634 et
952 578 1118 649 justa
1146 576 1248 632 via
1278 577 1546 646 abducit,
1578 576 1978 648 omniumque
2009 576 2096 632 in-

438 668 646 724 teritus
676 667 750 737 ei,
781 668 886 742 qui
910 666 1156 723 labendi
1184 667 1569 724 occasionem
1593 666 1778 733 dedit,
1803 667 2095 722 attribue-

439 763 556 817 tur.
583 757 994 824 Quamobrem
1012 772 1087 812 ne
1108 756 1223 812 hoc
1243 757 1498 824 eveniat,
1519 757 1856 813 desertores
1879 756 2094 811 fratres

440 851 545 905 aut
595 844 1243 911 commonefaciamus,
1294 849 1400 902 aut
1452 860 1546 914 eo,
1588 845 1749 900 unde
1796 844 2091 915 exierunt,

435 935 805 994 reducamus
839 953 852 990 :
886 938 990 993 aut
1035 935 1086 990 si
1135 934 1313 992 nobis
1341 950 1466 991 non
1495 934 1930 1006 obsequantur,
1951 933 2097 989 vite-

439 1041 599 1097 mus,
630 1041 1126 1097 aversemurque,
1161 1030 1217 1080 et
1241 1041 1380 1080 cum
1425 1023 1572 1096 ipsis
1619 1024 1905 1095 congredi
1945 1023 2094 1080 noli-

437 1130 597 1177 mus,
615 1120 799 1187 atque
816 1114 1105 1171 fratribus
1127 1113 1434 1180 omnibus,
1449 1117 1512 1168 ut
1531 1113 1647 1168 hoc
1669 1112 1829 1168 idem
1847 1113 2092 1181 faciant,

437 1204 903 1271 denuntiemus;
956 1207 1020 1260 ut
1074 1203 1352 1260 videlicet
1383 1206 1489 1258 aut
1533 1202 1616 1258 illi
1645 1202 1762 1274 ipsi
1789 1202 2096 1274 ejusmodi

437 1293 816 1349 aversatione
857 1291 1152 1360 castigati,
1220 1295 1599 1347 revertantur
1651 1290 1731 1346 ad
1778 1291 2096 1364 proprium

442 1381 620 1455 580
649 1381 825 1451 ovile,
853 1385 911 1436 et
944 1380 1024 1436 ab
1049 1395 1140 1448 eo,
1174 1393 1360 1452 quem
1390 1380 1578 1437 semel
1613 1381 1802 1436 sortiti
1854 1380 2092 1448 fuerint,

436 1477 678 1545 pastore
726 1473 1098 1544 pascantur:
1133 1475 1237 1526 aut
1264 1471 1316 1526 si
1359 1469 1544 1527 iidem
1589 1471 1676 1527 illi
1719 1471 2097 1544 spiritualem

438 1560 790 1618 societatem
816 1563 1077 1633 pergant
1124 1560 1463 1632 aspernari,
1485 1559 1701 1632 reliqui
1723 1560 1957 1628 saltem,
1989 1559 2097 1632 qui

434 1650 690 1708 viderint
706 1666 896 1724 quam
921 1648 1320 1706 exsecrabiles
1335 1650 1557 1706 fuerint
1578 1649 1741 1714 facti,
1763 1649 1879 1706 hoc
1899 1665 2095 1705 exem-

2209 483 2504 561 δεχόμενος
2575 492 2744 545 ἔσται.
2810 494 2912 543 Καὶ
2962 492 3022 541 τὸ
3088 492 3247 541 κακὸν
3315 497 3468 544 τοῦτο
3536 490 3819 565 προϐαῖνον

2203 577 2449 638 πολλάκις
2500 584 2590 631 καὶ
2637 583 2756 639 τοὺς
2805 579 2974 640 καλῶς
3039 575 3313 640 ὁδεύοντας
3365 590 3464 642 τῆς
3501 582 3659 655 ὀρθῆς
3688 579 3820 635 ὁδοῦ

2202 670 2291 717 καὶ
2339 663 2561 728 ’δικαίας
2617 666 2880 730 ἐξίστησι·
2944 671 3034 720 καὶ
3087 670 3117 726 ἡ
3181 677 3281 720 τῶν
3334 671 3541 722 πάντων
3578 669 3813 725 ἀπώλεια

2201 746 2286 807 ἀπὶ
2334 759 2420 808 τὸν
2476 753 2701 809 διδόντα
2742 761 2832 818 τὰς
2884 755 3124 832 ἀφορμὰς
3165 764 3276 819 τοῖς
3322 757 3656 832 ὀλισθήμασι
3708 781 3820 815 σω-

2199 847 2534 923 ρωθήσεται.
2588 844 2699 899 Ἵνα
2746 843 2834 898 οὖν
2885 851 2958 920 μὴ
3020 855 3175 900 τοῦτο
3241 851 3481 919 γένηται,
3533 854 3653 912 τοὺς
3688 850 3818 905 ἄπο.

2203 942 2518 996 στατοῦντας
2571 944 2670 987 τῶν
2736 932 2970 1008 ἀδελφῶν
3023 937 3052 996 ἣ
3105 938 3429 1010 νουθετῶμεν
3504 943 3596 991 καὶ
3669 939 3822 994 ἅπαν-

2202 1027 2404 1097 άγωμεν
2455 1026 2566 1077 ὅθεν
2615 1023 2887 1094 ἐξέϐησαν,
2957 1026 2986 1085 ἢ
3038 1030 3111 1098 μὴ
3178 1028 3518 1100 πειθομένους
3573 1032 3699 1104 ἡμῖν
3722 1051 3819 1105 φυ-

2201 1114 2526 1186 λαττώμεθα,
2565 1119 2656 1167 καὶ
2712 1120 2808 1174 τὴν
2867 1120 3160 1188 συντυχίαν
3211 1116 3384 1168 αὐτῶν
3413 1123 3814 1194 παραιτώμεθα,

2203 1210 2293 1257 καὶ
2343 1211 2448 1265 τοῖς
2487 1200 2729 1276 ἀδελφοῖς
2766 1211 2903 1257 πᾶσι
2955 1212 3114 1259 τοῦτο
3155 1215 3552 1282 παρεγγυῶμεν
3613 1212 3749 1264 ὥστε
3777 1212 3812 1272 ἦ

2205 1293 2392 1354 αὐτοὺς
2450 1290 2576 1366 γοῦν
2633 1294 2746 1366 (53)
2794 1293 3014 1355 ἐκείνους
3089 1298 3536 1368 σωφρονισθέντας
3592 1307 3654 1372 τῇ
3707 1319 3814 1353 τοι·

2205 1385 2334 1455 αύτῃ
2377 1381 2682 1458 ἀποστροφῇ
2719 1381 3007 1438 ἕπανελθεὶν
3048 1383 3133 1438 ἐπὶ
3180 1389 3270 1443 τὴν
3318 1385 3510 1439 οἰκείαν
3549 1386 3809 1463 μάνδραν,

2203 1476 2295 1524 καὶ
2342 1472 2442 1524 ύπὸ
2493 1479 2566 1542 τῷ
2627 1469 3052 1546 ἀποκληρωθέντι
3129 1478 3338 1547 ποιμένι
3413 1481 3806 1550 ποιμαίνεσθαι,

2206 1561 2236 1618 ἦ
2280 1561 2323 1612 εἰ
2379 1560 2563 1614 ἐκεῖνοι
2610 1560 2872 1635 ὀμμένοιεν
2907 1571 2970 1636 τῇ
3017 1562 3264 1622 ἀθετήσει
3311 1572 3403 1626 τῆς
3452 1577 3806 1640 πνευματικῆς

2204 1654 2498 1723 κοινωνίας,
2557 1655 2682 1713 τούς
2762 1659 2889 1725 γοῦν
2965 1651 3174 1714 λοιπούς
3259 1655 3609 1728 θεασαμένους
3669 1659 3810 1720 ὅπως

435 1739 538 1814 plo
555 1739 980 1810 emendentur,
1000 1742 1058 1796 et
1079 1737 1515 1812 turpitudinem
1534 1737 1853 1809 fugientes,
1875 1738 2082 1795 imitari

2205 1735 2485 1812 βδελυκτοὶ
2509 1746 2782 1814 γεγόνασι,
2825 1745 3249 1817 σωφρονισθῆναι
3303 1751 3373 1813 τῷ
3431 1743 3804 1820 ὑποδείγματι,

432 1833 710 1889 caveant.

504 2033 562 2085 2.
597 2025 772 2094 Quod
801 2029 1008 2084 autem
1046 2025 1166 2083 mei
1185 2039 1311 2082 non
1341 2028 1483 2082 sunt
1522 2024 1586 2081 hi
1626 2039 1960 2092 sermones,
1982 2025 2092 2084 sed

434 2118 583 2176 clari
611 2131 927 2174 sermones
950 2115 1231 2188 Spiritus,
1259 2127 1572 2188 apponam
1596 2114 1732 2186 ipsa
1761 2115 1926 2171 Pauli
1955 2130 2090 2172 ver-

432 2207 764 2281 ba,quibus
779 2206 1256 2278 intemperanter
1272 2204 1542 2261 viventes
1565 2204 2088 2278 castigavit,atque

432 2297 588 2356 inter
605 2301 856 2353 caeteros
899 2295 1170 2352 ebriosos
1197 2295 1379 2351 etiam
1409 2297 1468 2350 et
1496 2293 1935 2352 conviciatores
1957 2311 2087 2366 pm-

432 2385 528 2441 nis
559 2399 630 2442 ac
661 2384 866 2441 multis
885 2383 1148 2456 subjicit.
1170 2383 1235 2440 Si
1259 2385 1440 2448 enim,
1469 2383 1686 2455 inquit,
1717 2384 1940 2454 aliquis
1957 2384 2094 2453 fra.

431 2480 521 2532 ter
548 2479 632 2532 est
675 2475 1044 2544 fornicator,
1074 2479 1182 2530 aut
1217 2474 1607 2539 conviciator,
1639 2479 1748 2530 aut
1797 2473 2087 2546 ebriosus,

429 2581 566 2623 cum
595 2564 894 2634 ejusmodi
913 2577 1024 2620 nec
1051 2563 1247 2620 cibum
1277 2578 1510 2620 sumere
1535 2564 1604 2616 ⁸⁸.
1627 2567 1708 2619 Ac
1737 2579 1947 2620 rursus
1967 2563 2086 2620 alio

429 2655 494 2712 in
513 2654 650 2711 loco
688 2654 765 2710 de
787 2653 862 2710 iis
892 2653 1000 2726 qui
1026 2653 1178 2712 nihil
1207 2653 1492 2724 agebant,
1525 2653 1633 2709 sed
1674 2653 1972 2709 curiosius
1997 2653 2086 2710 in-

425 2743 774 2819 quirebant,
804 2743 986 2800 dixit:
1034 2744 1220 2801 Hunc
1265 2749 1491 2810 notate,
1523 2749 1580 2800 et
1604 2759 1679 2800 ne
1711 2745 2085 2801 commiscea-

424 2836 580 2894 mini
596 2851 731 2892 cum
763 2835 874 2891 illo
896 2834 966 2889 δ”.
1017 2832 1192 2896 Quod
1219 2837 1425 2890 autem
1481 2834 1534 2890 is
1582 2833 1688 2906 qui
1738 2833 1887 2889 inita
1944 2849 2083 2890 cum

427 2928 641 2982 sancto
672 2924 896 2997 Spiritu
922 2928 1104 2996 pacta
1125 2923 1332 2990 violat,
1350 2927 1653 2997 perpetrat
1690 2922 1960 2979 facinora
1983 2938 2084 2995 pe-

419 3015 559 3088 jora
585 3030 775 3087 quam
804 3013 1262 3083 conviciatores,
1285 3017 1342 3070 et
1363 3013 1607 3079 ebriosi,
1629 3017 1686 3069 et
1704 3012 1898 3081 otiosi,
1924 3028 2084 3084 pers-

2201 1833 2292 1900 καὶ
2315 1831 2518 1904 φεύγειν
2549 1834 2642 1889 τὴν
2672 1831 2787 1903 (54)
2819 1836 3052 1906 μίμησιν
3103 1837 3198 1891 τὴν
3220 1833 3485 1907 αἰσχύνην
3514 1832 3804 1911 ἆποδιδροὶο

2202 1936 2445 1994 σκοντας.

2269 2029 2325 2081 2.
2353 2024 2475 2079 Ὀτι
2511 2023 2572 2081 δε
2624 2027 2720 2081 οὐκ
2759 2026 2872 2101 ἐμοὶ
2914 2036 3083 2084 ταῦτα
3132 2028 3299 2102 λόγοι,
3330 2028 3437 2084 ἀλλ’
3473 2030 3700 2106 ἑνοφγείς
3728 2029 3810 2084 λό-

2195 2133 2286 2188 γοι
2314 2122 2407 2169 τοῦ
2461 2119 2780 2190 Πνεύματος,
2816 2118 2948 2172 αὐτὰ
2998 2121 3065 2171 τὰ
3105 2119 3314 2173 Παύλου
3367 2122 3586 2196 ῥήματα
3617 2137 3810 2196 ’παραρ

2201 2206 2454 2278 θήσομαι,
2488 2202 2562 2260 δι’
2589 2207 2659 2258 ὧν
2692 2210 2810 2268 τοὺς
2840 2205 3079 2282 ἀκρατῶς
3131 2207 3377 2282 βιοῦντας
3423 2209 3640 2266 ἐκόλασε
3673 2212 3809 2284 μετὰ

2195 2303 2296 2347 τῶν
2343 2294 2507 2348 ἄλλων
2559 2301 2651 2350 καὶ
2699 2300 2819 2359 τοὺς
2881 2298 3164 2370 μεθύοντας
3221 2304 3310 2352 καὶ
3355 2301 3476 2360 τοὺς
3530 2296 3805 2374 λοιδόρους

2197 2383 2476 2457 ἐπιτιμίοις
2535 2385 2856 2442 amcam».
2945 2388 3060 2442 Ἐὰν
3138 2390 3240 2464 γὰρ
3325 2408 3406 2452 τις
3468 2386 3692 2462 ἀδελφὸς
3766 2394 3799 2462 ᾖ

2193 2479 2380 2547 πόρνος
2435 2475 2574 2548 (55),
2634 2481 2817 2548 φησὶν,
2869 2477 2899 2536 ἣ
2973 2473 3234 2552 λοίδορος,
3311 2479 3341 2537 ἣ
3424 2480 3674 2550 μέθυσος,
3727 2487 3802 2550 τῷ

2193 2567 2409 2636 τοιούτῳ
2455 2562 2596 2637 μηδὲ
2637 2568 2946 2623 συνεσθίειν.
3026 2571 3128 2620 Καὶ
3199 2566 3354 2620 πάλιν
3413 2568 3628 2641 ἑτέρωθι
3679 2572 3800 2644 περί

2194 2661 2294 2705 τῶν
2360 2650 2526 2726 μηδὲν
2609 2654 2986 2730 ἐργαζομένων,
3073 2655 3203 2710 ἀλλὰ
3296 2658 3794 2732 περιεργαζομένων,

2194 2741 2332 2814 ἔλεγε
2372 2759 2385 2773 °
2467 2749 2661 2797 Τοῦτον
2761 2746 3099 2818 σημειοῦσθε,
3179 2749 3268 2799 καὶ
3344 2751 3416 2818 μὴ
3507 2750 3796 2819 συναναμί-

2194 2833 2388 2904 γνυσθε
2444 2832 2605 2905 αὐτῷ.
2682 2833 2804 2887 ’Ὁτι
2870 2831 2931 2888 δε
3005 2836 3032 2887 ὁ
3092 2837 3184 2896 τὰς
3231 2834 3316 2890 ἐπὶ
3371 2843 3464 2890 τοῦ
3505 2839 3799 2909 Πνεύματος

2201 2921 2492 2994 συμϐάσεις
2531 2933 2825 3000 παρασπῶν
2877 2927 2946 2978 τὰ
2990 2929 3211 3001 χείρονα
3254 2935 3354 2979 τῶν
3405 2923 3678 3001 λοιδόρων,
3709 2929 3800 2979 καὶ

2196 3018 2298 3062 τῶν
2333 3014 2643 3084 μεθυόντων,
2677 3018 2768 3066 καὶ
2818 3022 2918 3066 τῶν
2975 3013 3024 3066 ἐν
3061 3013 3223 3089 ἀργίᾳ
3279 3011 3652 3067 διατελούντων
3682 3013 3799 3066 τολ-

423 3109 670 3178 pectum
703 3107 794 3160 est
820 3101 1108 3160 omnibus
1129 3106 1187 3158 et
1217 3107 1619 3175 compertum.
1654 3103 1850 3168 Quare
1875 3117 2082 3159 conse-

2195 3105 2290 3172 μᾷ,
2323 3105 2479 3152 παντί
2506 3121 2606 3154 που
2658 3099 2817 3162 δῆλόν
2848 3101 3010 3156 ἔστιν.
3058 3100 3216 3155 Ὠστε
3251 3101 3543 3164 ἀκολούθως
3569 3102 3596 3153 ὁ
3643 3100 3796 3172 λόγος

421 3199 677 3266 quenter
704 3193 918 3249 invitat
938 3208 1052 3248 nos
1089 3192 1240 3249 ratio
1270 3192 1428 3265 ipsa,
1455 3196 1522 3248 ut
1549 3191 1880 3264 spiritualis
1905 3190 2086 3247 disci-

421 3281 602 3356 plinae
626 3296 958 3352 eversores,
985 3279 1062 3337 ab
1094 3296 1327 3348 eorum,
1346 3280 1452 3354 qui
1471 3280 1669 3352 ipsam
1697 3284 2078 3350 conservant,

421 3369 850 3442 congressione
899 3385 1220 3426 arceamus
1286 3369 1862 3442 prohibeamusque.
1917 3370 2080 3434 Tunc

419 3465 625 3518 autem
656 3459 1080 3517 tantummodo
1126 3459 1325 3515 fratris
1352 3475 1662 3516 secessum
1700 3459 1846 3516 citro
1882 3475 2083 3532 repre-

418 3549 780 3608 hensionem
814 3553 1049 3623 oportet
1100 3564 1370 3616 manere,
1401 3547 1654 3621 quando
1697 3564 1771 3606 ex
1812 3548 2078 3622 praefecti

413 3639 646 3712 judicio
665 3639 746 3696 ob
771 3639 1025 3713 aliquod
1049 3639 1364 3708 negotium
1393 3638 1478 3695 ﬁt.

1009 3747 1235 3802 CAPUT
1271 3747 1494 3802 XXXIV.

419 3835 592 3908 Quod
615 3811 736 3893 non
765 3839 1001 3908 oportet
1025 3840 1284 3892 ascetam
1309 3835 1373 3890 in
1403 3835 1610 3905 aliqua
1649 3840 1945 3892 conventu
1981 3836 2079 3893 de-

487 3915 720 3981 gentem
750 3907 1080 3980 quidquam
1109 3922 1316 3962 rerum
1367 3913 1748 3963 terrenarum
1785 3908 2076 3977 privatim

485 3981 817 4052 possidere.
1905 4027 1908 4029 λ

492 4073 542 4126 1.
567 4071 808 4142 Oportet
835 4070 1036 4123 autem
1060 4070 1347 4138 ascetam,
1373 4065 1476 4139 qui
1497 4081 1655 4137 eam,
1677 4083 1863 4140 quam
1888 4083 2075 4140 expo-

419 4160 682 4227 suimus,
704 4157 1054 4214 societatem
1084 4155 1400 4228 amplexus
1431 4156 1524 4226 sit,
1547 4155 1626 4213 ab
1651 4157 1818 4214 omni
1838 4156 2078 4230 privata

415 4266 618 4308 rerum
650 4253 1022 4304 terrenarum
1061 4246 1440 4319 possessione
1469 4245 1727 4303 liberum
1765 4263 1916 4304 esse.
1945 4248 2074 4303 Ete-

416 4339 547 4396 nim
583 4337 699 4392 nisi
739 4336 856 4393 boc
895 4335 1057 4407 facit,
1089 4336 1356 4408 primum
1395 4335 1644 4408 quidem
1684 4342 1962 4393 exactam
2000 4351 2070 4390 ac

415 4428 718 4486 sinceram
748 4426 1096 4483 societatem
1114 4427 1351 4499 privata
1376 4427 1769 4498 possessione
1801 4441 2064 4481 corrum-

415 4518 527 4594 pit;
552 4517 770 4574 deinde
791 4532 934 4573 vero
959 4517 1222 4573 ostendit
1253 4531 1316 4571 se
1343 4519 1400 4571 et
1441 4515 1619 4572 valde
1663 4513 2062 4576 incredulum,

415 4612 483 4665 ut
499 4607 606 4682 qui
638 4606 871 4663 difﬁdat
890 4607 1030 4676 Deo,
1054 4604 1230 4678 quasi
1251 4621 1374 4673 eos,
1399 4605 1502 4678 qui
1523 4607 1584 4662 in
1615 4603 2068 4676 nomineipsius

414 4696 635 4754 fuerint
685 4696 1058 4767 congregati,
1081 4693 1414 4751 nutriturus
1443 4711 1569 4751 non
1601 4695 1691 4766 sit,
1737 4709 1935 4767 neque
1967 4710 2069 4751 au-

413 4785 589 4844 dierit
611 4786 902 4844 Davidem
931 4784 1316 4859 prophetam,
1341 4785 1641 4840 dicentem
1667 4802 1679 4840 :
1712 4784 1927 4840 Junior
1951 4784 2063 4856 fui,

487 4930 536 4968 ⁸³
575 4929 764 4987 ICor.
788 4945 844 4997 v,
880 4932 968 4985 tl.
1045 4928 1093 4964 ⁸⁸
1130 4929 1178 4984 ll
1215 4927 1419 4984 Thess.
1444 4929 1540 4991 lll,
1566 4930 1652 4984 14.

477 5109 589 5181 (53)
619 5107 771 5166 Editi
799 5110 934 5160 ὥστε
961 5103 1019 5160 δε
1039 5111 1157 5168 τοὺς
1193 5114 1341 5180 γοῦν.
1376 5109 1516 5177 Reg.
1557 5107 1795 5182 primus
1819 5113 1876 5165 et
1897 5110 2066 5165 Voss.

415 5186 482 5237 ut
506 5181 568 5238 in
599 5186 904 5238 contextu.

487 5255 600 5334 (δέ)
643 5256 808 5334 ῐέιιιμε
837 5269 958 5334 μιξ-
999 5255 1099 5334 tu“.
1121 5257 1294 5334 φυγεῖν
1325 5256 1438 5334 ῑὴνς
1465 5253 1616 5334 ,Μφκ
1662 5251 1864 5334 οφρβι,
1886 5249 2060 5306 001b-

415 5322 503 5377 ὅτι
528 5322 590 5377 δε
625 5323 854 5397 ούκ-έμοὶ
885 5325 934 5376 οἱ
959 5323 1109 5375 αὐτοὶ
1128 5322 1298 5393 λογοι.
1334 5322 1613 5397 Subinde
1651 5323 1792 5377 editi
1815 5327 2068 5397 etumss.

414 5395 692 5452 nonnulli
721 5391 952 5467 ένάργεῖς
978 5400 1165 5467 νόμοι,
1198 5391 1547 5467 perspicua
1595 5394 1767 5463 leges.
1806 5391 1918 5447 Alii
1946 5393 2070 5449 duo

413 5477 562 5524 mss.
595 5484 734 5524 cum
765 5464 1199 5539 νοὲεαᾷναργείς
1228 5464 1393 5539 λόγοι.

487 5539 598 5608 (55)
637 5539 838 5597 Codex
861 5537 1024 5594 Colb.
1055 5533 1276 5608 ’ἀδελφὸς
1295 5533 1709 5608 ζὸνομαζόμενος.

488 5605 604 5684 (56)
643 5613 784 5682 Reg.
815 5609 1047 5682 primus
1074 5605 1236 5667 αὐτην
1269 5605 1367 5671 εἶξε
1395 5605 1503 5660 ’και
1537 5605 1892 5665 ἀπεκώλυσεν.
1941 5612 2070 5662 Τότε

2194 3194 2312 3250 τούς
2394 3190 2743 3252 καταλύοντας
2813 3194 2907 3248 τὴν
2971 3194 3326 3262 πνευματικὴν
3391 3189 3630 3253 εὐταξίαν
3698 3197 3796 3252 τῆς

2193 3278 2398 3352 ὁμιλίας
2447 3289 2547 3332 τῶν
2607 3271 2962 3353 φυλαττόντων
3012 3278 3170 3338 αὐτὴν
3205 3279 3372 3355 εἷρξαι
3429 3284 3520 3332 καὶ
3579 3277 3792 3331 ἀποκω-

2189 3366 2347 3422 λῦσαι
2404 3370 2517 3443 (56)
2572 3372 2865 3443 παρεγγυᾷ.
2921 3371 3046 3421 Τότε
3098 3364 3157 3420 δε
3217 3371 3370 3441 μόνον
3420 3365 3791 3442 ἀνεπιτίμητον

2188 3464 2448 3535 προσήκει
2480 3462 2644 3531 μένειν
2695 3453 2919 3530 ἀδελφοῦ
2968 3461 3270 3533 χωρισμὸν,
3310 3460 3468 3516 ἡνίκα
3501 3456 3561 3510 ἂν
3617 3462 3791 3531 κρίσει

2188 3557 2281 3603 τοῦ
2309 3556 2638 3624 προεστῶτος
2665 3546 2752 3601 ἐπ’
2782 3547 3055 3622 οἰκονομίᾳ
3077 3548 3181 3601 τινὶ
3208 3551 3444 3621 γένηται.

2721 3750 3114 3800 ΚΕΦΔΛΔῙΟΝ
3145 3744 3267 3800 ΔΔ’.

2186 3835 2308 3890 Ὅτι
2338 3834 2397 3889 ού
2427 3839 2560 3909 χρὴ,
2583 3838 2678 3909 τὸν
2718 3834 2767 3887 ἐν
2805 3840 3110 3909 συστήματι
3133 3833 3525 3909 πολιτευόμενον
3549 3833 3789 3896 ἀσκητην

2549 3903 2665 3980 ἰδίᾳ
2690 3925 2744 3960 τι
2771 3903 3062 3967 κεκτῆσθαι
3089 3915 3189 3958 τῶν
3210 3903 3425 3964 ύλικῶν.

2264 4072 2318 4124 1.
2359 4073 2625 4144 Προσηκει
2644 4069 2821 4140 μέντοι
2845 4069 2932 4119 τὸν
2975 4065 3231 4139 ἀσκητην,
3265 4069 3354 4120 τὸν
3383 4071 3471 4127 τὴν
3499 4068 3610 4140 (57)
3658 4086 3793 4146 προ·

2188 4159 2480 4210 εκτεθεῐσαν
2551 4160 2821 4208 κοινωνίαν
2897 4156 3150 4230 ἑλόμενον,
3212 4158 3391 4221 πάσης
3473 4155 3795 4221 ἰδιαζούσης

2185 4255 2286 4298 τῶν
2325 4246 2512 4298 ύλικῶν
2534 4252 2769 4308 κτήσεως
2791 4243 3048 4322 ἐλεύθερον
3076 4242 3223 4302 εἶναι.
3271 4248 3331 4300 Εἰ
3367 4249 3469 4323 γὰρ
3513 4251 3585 4323 μὴ
3636 4247 3790 4301 τοῦτο

2183 4341 2342 4401 ποιεῖ,
2391 4343 2594 4410 πρῶτον
2652 4338 2742 4408 μὲν
2784 4339 2878 4394 τὴν
2945 4333 3131 4412 ἀκριϐῆ
3212 4341 3482 4390 κοινωνίαν
3533 4333 3786 4410 διέφθειρε

2183 4432 2254 4496 τῷ
2309 4432 2404 4488 τῆς
2459 4431 2685 4486 κτήσεως
2745 4421 3024 4490 ἰδιάζοντιο
3067 4428 3244 4479 ἔπειτα
3281 4423 3341 4479 δε
3393 4431 3482 4480 καὶ
3541 4424 3786 4488 ἀπιστίας

2181 4513 2299 4568 καθ’
2344 4515 2529 4568 ἑαυτοῦ
2582 4515 2781 4588 μεγάλα
2811 4517 2922 4588 (58)
2961 4513 3199 4588 ἐξήνεγκε
3242 4511 3526 4589 δείγματα,
3555 4519 3625 4579 ὡς
3655 4515 3787 4569 ἁπι-

2183 4613 2317 4656 στῶν
2367 4613 2438 4678 τῷ
2487 4611 2618 4677 Θεῷ,
2669 4607 2750 4658 ὅτι
2801 4610 2924 4668 τούς
2963 4605 3046 4659 ἐπὶ
3091 4614 3162 4678 τῷ
3211 4605 3424 4679 ὀνόματι
3462 4607 3624 4660 αὑτοῦ
3655 4624 3787 4659 συν-

2182 4698 2437 4768 ηγμένους
2467 4695 2525 4748 ού
2569 4692 2603 4748 δ
2611 4695 2864 4771 ιαθρὲψει·
2929 4699 3019 4750 καὶ
3063 4694 3158 4748 οὐκ
3199 4693 3434 4758 ἀκούσας
3498 4697 3646 4771 παρὰ
3689 4702 3786 4749 τοῦ

2179 4790 2450 4860 προφήτου
2498 4781 2665 4839 Δαϐὶδ
2715 4784 2974 4859 λέγοντοςο
3040 4789 3300 4860 Νεὼτερος
3364 4784 3634 4858 ἐγενόμην,
3692 4788 3787 4837 καὶ

2183 5102 2262 5162 δέ.
2287 5107 2350 5180 In
2371 5105 2560 5180 Vossii
2581 5105 2768 5180 veteri
2788 5105 2942 5180 libro
2961 5103 3439 5180 legiturquoque
3461 5102 3788 5180 ἀπεκώλυε-ε.

2183 5180 2303 5250 Nec
2332 5179 2414 5235 ita
2443 5179 2630 5235 multo
2657 5178 2814 5250 infra
2845 5177 2986 5234 editi
3011 5182 3113 5229 τινὶ
3132 5177 3360 5250 γίνεταιιῖ
3387 5179 3632 5237 Veteres
3660 5177 3789 5235 duo

2180 5249 2318 5306 libri
2347 5254 2582 5322 γένηται.
2629 5250 2740 5322 Alii
2771 5249 3154 5322 duoyiunrat.

2196 5391 2206 5405 ,
2255 5320 2641 5405 (571'.Antiqui
2697 5321 2819 5378 duo
2875 5320 3012 5376 libri
3082 5320 3318 5380 ἀσκητὴν
3349 5324 3435 5374 τὸν
3480 5326 3596 5380 την.
3629 5320 3786 5377 Εάὶἰί

2185 5398 2424 5451 ἀσκητην
2451 5399 2564 5452 τήν.

2250 5468 2361 5538 (58)
2402 5465 2554 5538 Editi
2584 5465 2771 5516 ἑαυτοῦ
2814 5462 3060 5537 μεγάλας.
3093 5465 3256 5538 Regii
3311 5464 3454 5538 duo_
3485 5480 3636 5520 mss.
3685 5483 3783 5538 με.

2177 5537 2336 5608 γάλα.
2369 5537 2534 5593 Alius
2564 5551 2682 5592 ms.
2710 5533 2851 5606 Reg.
2884 5533 3024 5593 eum
3057 5533 3222 5593 C015.
3251 5541 3386 5612 μέγα
3426 5533 3639 5611 δεῖγμα.
