4120 6380
327 391 464 452 1425

1463 372 2062 437 CONSTITUTIONES
2111 371 2555 429 MONASTICAS.

3560 370 3699 426 1426

321 517 426 590 γὰρ
488 512 746 587 ἐγήρασα,
835 513 926 564 καὶ
983 507 1080 563 οὐκ
1139 503 1315 570 εἶδον,
1355 501 1564 566 δίκαιον
1645 499 1918 574 ἐγκαταλε-

2038 497 2254 554 etem‘m
2276 497 2464 563 senui,
2489 501 2542 552 et
2563 511 2684 552 non
2706 494 2832 551 vidi
2840 495 3076 563 justum
3095 492 3470 560 derelictum,
3484 506 3593 550 nec
3614 507 3700 549 se-

321 603 608 676 λειμμένον,
668 597 792 654 ούδε
843 603 902 652 τό
972 601 1180 672 σπέρμα
1241 595 1402 648 αὐτοῦ
1470 594 1658 654 ζητοῦν
1716 593 1923 664 ἄρτους,

323 694 354 756 ἢ
401 697 517 753 τοὺς
559 694 776 755 νοητοὺς
834 697 929 750 τῆς
982 691 1296 762 φρονήσεως,
1352 686 1381 744 ἦ
1444 687 1560 746 τοὺς
1616 682 1924 746 αἰσθητοὺς,

323 782 396 842 οἷς
435 785 492 834 τό
544 789 698 853 σῶμα
745 783 1000 854 τρέφεται.
1047 776 1108 830 Εἰ
1152 778 1251 850 γὰρ
1283 776 1404 858 ἔνθα
1433 770 1530 826 δύο
1560 773 1590 832 ᾖ
1638 779 1772 842 τρεῖς
1809 771 1925 858 (59)

325 873 639 944 συνηγμένοι
692 869 821 922 εἰσὶν
879 870 962 920 έπὶ
1013 873 1086 936 τῷ
1152 864 1367 937 ὀνόματι
1422 871 1514 916 τοῦ
1561 867 1816 936 Χριστοῦ³
1878 857 1926 910 έν

323 964 470 1033 μέσῳ
531 958 698 1012 αὐτῶν
765 956 898 1021 έστι,
953 954 1121 1026 πολλῷ
1177 954 1370 1027 μᾶλλον
1429 954 1550 1006 ἔνθα
1597 950 1730 1003 πολὺ
1777 948 1924 1001 πλέον

323 1053 414 1102 καὶ
467 1047 986 1122 πολυανθρωπότερον
1043 1045 1331 1118 ἄθροισμα.
1397 1041 1464 1096 Ἦ
1530 1045 1700 1094 τοίνυν
1774 1034 1925 1091 ούδεν

323 1135 539 1207 έλλείψει
601 1143 699 1189 τῶν
757 1134 1086 1207 ἀναγκαίων,
1139 1139 1376 1207 Χριστοῦ
1443 1135 1694 1205 παρόντος
1751 1130 1876 1200 ἡμῖν
1910 1167 1924 1194 ,

323 1229 462 1301 εἴπερ
493 1223 632 1299 μηδὲ
670 1232 780 1286 τοῖς
817 1223 1166 1299 Ἰσραηλίταις
1205 1221 1254 1275 ἐν
1305 1230 1367 1294 τῇ
1415 1220 1590 1295 έρήμῳ
1647 1227 1746 1271 τῶν
1789 1237 1928 1291 χρη.

324 1320 490 1388 σίμων
545 1311 718 1368 ἔνδεια
763 1318 988 1385 γέγονεν·
1045 1313 1073 1372 ἢ
1134 1312 1178 1365 εἰ
1231 1315 1321 1364 καὶ
1372 1311 1483 1381 (60)
1552 1308 1742 1380 λείψειε
1796 1310 1928 1382 πρὸς

322 1400 644 1476 δοκιμασίαν
670 1406 838 1476 ἡμῶν,
879 1401 1083 1474 βελτιον
1109 1398 1295 1464 ἐνδεῶς
1339 1403 1480 1472 ἔχειν
1506 1404 1595 1452 καὶ
1639 1399 1769 1452 εἶναι
1797 1398 1928 1470 μετά

321 1494 436 1564 (61)
481 1501 739 1566 Χριστοῦ,
794 1493 824 1552 ἦ
888 1488 1028 1564 δίχα
1080 1501 1172 1553 τῆς
1227 1490 1415 1544 ἐκείνου
1469 1494 1739 1551 κοινωνίας
1794 1493 1928 1540 πᾶσι

321 1589 428 1643 τοῖς
457 1585 595 1635 κατὰ
624 1585 712 1634 τόν
753 1580 871 1654 βίον
903 1581 1160 1635 πλουτεῖν.
1194 1581 1269 1632 Ού
1300 1584 1464 1652 μέχρι
1511 1580 1698 1632 τούτου
1745 1574 1804 1632 δε
1833 1582 1927 1635 τήν

324 1668 527 1744 βλάϐην
565 1673 595 1730 ἡ
637 1674 854 1729 τοιαύτη
897 1678 1089 1731 κτῆσις
1143 1671 1376 1733 ἵστησιν,
1437 1667 1565 1720 ἀλλά
1619 1666 1927 1742 πορρωτέρω

320 1763 560 1832 προάγει.
588 1760 646 1812 ’0
675 1762 774 1832 γὰρ
814 1757 953 1812 τδιόν
1000 1777 1054 1811 τι
1089 1761 1231 1831 ἔχειν
1261 1754 1602 1818 έσπονδακὼς
1627 1753 1778 1809 ούδεν
1825 1758 1925 1809 ἔτι·

2037 602 2172 643 men
2202 589 2332 657 ejus
2363 600 2634 659 quaerens
2655 600 2841 654 panes
2856 585 2926 652 ⁸³,
2952 583 3074 639 sive
3102 581 3460 655 spirituales,
3493 581 3598 655 qui
3619 581 3700 639 ad

2037 680 2303 732 mentem
2334 675 2653 748 pertinent,
2687 673 2810 729 sive
2840 671 3170 738 sensibiles,
3218 671 3444 746 quibus
3474 687 3698 745 corpus

2036 765 2320 820 nutritur.
2352 763 2411 820 Si
2436 763 2598 818 enim
2630 761 2733 817 ubi
2763 761 2885 817 duo
2910 764 3014 817 aut
3039 765 3160 817 tres
3184 761 3246 816 in
3272 761 3518 818 nomine
3542 760 3700 818 Chri-

2039 855 2116 909 sti
2142 853 2491 924 congregati
2531 856 2692 915 sunt,
2730 851 2815 907 ibi
2861 850 2924 906 in
2962 849 3164 906 medio
3193 850 3469 922 ipsorum
3513 855 3606 907 est
3626 852 3696 918 ⁸⁸,

2036 943 2227 1000 multo
2249 943 2447 1013 magis
2467 941 2549 998 ibi
2569 940 2678 997 erit
2699 940 2803 996 ubi
2823 940 3000 1011 longe
3017 939 3215 1010 major
3234 955 3304 995 ac
3329 939 3700 1014 frequentior

2038 1033 2327 1089 exstiterit
2353 1031 2672 1088 hominum
2708 1034 2919 1086 coetus.
2961 1032 3078 1085 Aut
3119 1027 3302 1098 igitur
3337 1029 3486 1084 nihil
3512 1028 3701 1084 deerit

2037 1122 2546 1191 necessariorum,
2597 1120 2646 1176 si
2685 1119 2870 1176 modo
2916 1117 3155 1176 affuerit
3183 1117 3360 1174 nobis
3403 1117 3700 1186 Christus,

2038 1228 2180 1268 cum
2208 1211 2486 1268 lsraelitis
2527 1210 2590 1266 in
2636 1209 2878 1265 deserto
2930 1206 3080 1264 nihil
3126 1207 3384 1264 defuerit
3423 1206 3696 1264 utilium:

2039 1306 2144 1358 aut
2169 1300 2407 1358 etiamsi
2429 1298 2747 1372 quidpiam
2779 1297 3030 1354 defuerit
3072 1297 3151 1352 ad
3181 1296 3534 1370 probandos
3561 1312 3698 1366 nos,

2037 1389 2439 1462 praestabilius
2465 1393 2556 1446 est
2581 1404 2693 1445 nos
2725 1387 2996 1458 indigere
3023 1389 3079 1442 et
3109 1402 3242 1442 esse
3271 1402 3411 1442 cum
3443 1385 3696 1454 Christo,

2037 1495 2225 1552 quam
2250 1479 2400 1536 citra
2426 1478 2584 1534 illius
2615 1477 2960 1533 societatem
2979 1491 3193 1532 omnes
3213 1474 3428 1532 mundi
3455 1474 3696 1531 divitias

2038 1569 2372 1642 possidere.
2407 1571 2697 1626 Caeterum
2730 1566 3033 1640 ejusmodi
3071 1566 3376 1639 possessio
3419 1581 3493 1622 ea
3529 1566 3593 1622 in
3631 1582 3697 1623 re

2038 1657 2468 1716 detrimentum
2510 1673 2634 1714 non
2672 1657 2852 1722 sistit,
2900 1655 3006 1711 sed
3043 1655 3191 1711 illud
3231 1655 3411 1710 etiam
3450 1655 3697 1712 ulterius

2037 1749 2335 1821 provehit.
2379 1747 2696 1804 Enimvero
2735 1745 2841 1818 qui
2867 1746 3185 1818 proprium
3213 1743 3444 1818 aliquid
3470 1745 3697 1802 habere

318 1831 471 1922 ρονῆ
517 1831 796 1924 χωρισμόν
847 1851 940 1901 καὶ
996 1847 1328 1902 ἀποστασίαν
1367 1847 1568 1919 μελετᾷ.
1616 1846 1674 1898 Ὀ
1721 1848 1820 1918 γὰρ
1850 1849 1918 1917 μη

2037 1836 2254 1908 studet,
2281 1835 2428 1892 nihil
2449 1834 2635 1901 aliud,
2664 1850 2852 1907 quam
2873 1847 3181 1889 secessum
3202 1848 3272 1888 ac
3297 1831 3696 1889 defectionem

319 1942 446 2011 πρὸς
500 1947 656 1992 τοῦτο
709 1937 913 2011 βλέπων
963 1944 1015 1990 τί
1056 1937 1116 1990 ἀν
1159 1943 1248 1989 καὶ
1287 1942 1582 2004 κτήσαιτο;
1627 1933 1799 2002 εἰδὼς,
1846 1937 1926 1989 ότι

318 2036 383 2101 τῇ
423 2035 514 2080 τοῦ
556 2035 792 2102 Χριστοῦ
848 2030 1040 2101 χάριτι
1090 2031 1141 2080 οἱ
1187 2026 1348 2079 αύτοῦ
1384 2023 1564 2079 δοῦλοι
1611 2024 1659 2078 έν
1707 2023 1930 2097 ἀφθονίᾳ

318 2118 524 2172 πάντων
588 2125 692 2169 τῶν
757 2115 1049 2188 ἀναγκαίων
1106 2113 1437 2169 διατελοῦσιν
1505 2114 1604 2170 ἀεί.
1657 2111 1926 2187 Πρόδηλος

319 2205 406 2258 οὖν
436 2205 577 2260 ἐστιν
617 2207 646 2258 ό
687 2213 922 2268 τοιοῦτος
972 2205 1243 2265 ἀποκοπὴν
1287 2209 1377 2257 καὶ
1427 2209 1675 2279 νέκρωσιν
1715 2211 1806 2263 τῆς
1853 2204 1927 2256 οἰ-

317 2299 460 2357 κείας
489 2294 677 2365 ψυχῆς
723 2293 964 2366 μελετῶν,
1011 2299 1102 2346 καὶ
1137 2302 1242 2354 τοῖς
1274 2293 1539 2367 βραχέσιν
1588 2292 1786 2354 ὀϐολοῖς
1829 2297 1924 2351 τὴν

319 2383 514 2436 οἰκείαν
551 2388 816 2456 σωτηρίαν
862 2379 1268 2455 ἀποδιδόμενος,
1304 2387 1395 2435 καὶ
1439 2379 1583 2452 (δότε
1612 2402 1704 2454 μοι
1733 2381 1924 2454 τολμῆ-

323 2491 415 2524 σαι
442 2473 652 2545 μικρὸν)
703 2468 942 2548 δεύτερός
984 2492 1060 2532 τις
1092 2469 1298 2534 Ἰούδας
1342 2477 1610 2544 γενόμενος
1638 2475 1774 2540 (62),
1822 2469 1922 2525 ἀπό

319 2559 517 2623 κλοπῆς
561 2559 848 2633 ἀρχόμενος
897 2561 1082 2631 (κλοπὴ
1129 2563 1231 2636 γὰρ
1275 2563 1305 2620 ἡ
1358 2557 1648 2621 ἰδιάζουσα
1689 2561 1922 2632 κτῆσις),

324 2654 415 2703 καὶ
445 2654 816 2724 καταστρέφων
864 2650 937 2712 εἰς
983 2647 1299 2724 προδοσίανο
1342 2646 1647 2724 προδίδωσι
1690 2652 1793 2724 γὰρ
1836 2654 1926 2704 καὶ

317 2737 471 2800 αὐτὸς
517 2742 604 2790 τόν
659 2748 756 2800 τῆς
815 2737 1056 2802 ἀληθείας
1119 2739 1289 2811 λόγον,
1351 2741 1524 2813 ὥσπερ
1593 2737 1777 2800 ἐκεῖνος
1837 2742 1924 2792 τὸν

318 2829 528 2901 Κύριον.
572 2825 732 2881 Ὀταν
763 2829 865 2900 γὰρ
919 2829 946 2880 ὁ
989 2830 1080 2900 μὲν
1118 2832 1284 2880 κανὼν
1330 2835 1418 2881 τοῦ
1471 2825 1596 2900 βίον
1635 2830 1734 2902 ἔχῃ
1784 2825 1925 2900 μηδὲ

315 2915 650 2989 χωρίζεσθαι
672 2922 766 2968 τοῦ
797 2921 1138 2988 συστήματος
1235 2917 1590 2988 σύνήφθημεν,
1613 2913 1752 2988 μηδέ
1784 2913 1922 2970 ἰδιά-

317 3003 514 3064 ζουσάν
543 3023 662 3058 τινα
689 3012 785 3062 κτῆ
797 3023 878 3056 σιν
909 3007 1316 3078 περιποιεῖσθαι,
1349 3001 1488 3077 μηδὲ
1518 3004 1644 3067 ὅλως
1674 3004 1919 3079 λαθραῖόν

313 3111 365 3145 τι
404 3090 845 3167 διαπράττεσθαι,
885 3094 913 3152 ἣ
965 3093 1049 3147 έπὶ
1103 3092 1276 3168 βλάϐη
1320 3103 1419 3147 τῶν
1481 3091 1712 3166 ἀδελφῶν
1751 3111 1932 3155 πονη-“

2036 1926 2377 1982 meditatur.
2414 1927 2565 1981 Nam
2609 1924 2778 1996 581
2825 1922 2922 1978 cui
2954 1922 3070 1978 hoc
3097 1922 3158 1977 in
3191 1921 3397 1980 animo
3425 1937 3550 1978 non
3583 1926 3693 1984 est,

2034 2015 2184 2088 quid
2203 2019 2299 2072 est
2313 2014 2556 2072 tandem
2575 2013 2744 2085 quod
2763 2013 2890 2085 ipse
2905 2012 3216 2086 possidere
3232 2028 3510 2068 seorsum
3533 2012 3696 2070 velit?

2035 2121 2176 2162 cum
2200 2105 2391 2180 probe
2413 2104 2581 2171 sciat,
2616 2102 2828 2160 Christi
2855 2118 3108 2159 munere
3128 2118 3334 2160 servos
3355 2102 3547 2176 ipsius
3567 2118 3697 2160 om-

2033 2195 2214 2251 nibus
2256 2193 2442 2250 rebus
2492 2191 2852 2249 necessariis
2901 2207 3142 2264 semper
3181 2192 3518 2250 abundare.
3559 2195 3694 2249 Pro-

2032 2284 2174 2342 inde
2211 2282 2608 2356 perspicuum
2639 2285 2749 2346 est,
2793 2282 2898 2354 qui
2949 2281 3082 2338 talis
3112 2281 3205 2347 sit,
3251 2297 3392 2338 eum
3419 2281 3495 2338 de
3531 2297 3694 2338 rese-

2032 2373 2230 2430 canda
2255 2389 2326 2430 ac
2350 2372 2530 2428 morti
2555 2371 2848 2428 tradenda
2877 2371 3082 2428 anima
3101 2387 3211 2428 sua
3235 2371 3518 2442 cogitare,
3544 2387 3696 2444 pau-

2032 2463 2244 2536 cisque
2265 2461 2462 2518 obolis
2480 2461 2740 2519 salutem
2755 2477 2934 2518 suam
2950 2460 3231 2531 vendere,
3246 2466 3303 2517 et
3328 2461 3526 2532 (liceat
3543 2459 3693 2518 mihi

2032 2551 2217 2625 paulo
2242 2550 2566 2608 audentius
2588 2549 2781 2623 loqui)
2802 2549 3058 2607 alterum
3076 2552 3101 2606 J
3109 2549 3295 2606 udam
3311 2549 3486 2617 effici,
3507 2553 3574 2607 ut
3585 2548 3693 2624 qui

2031 2657 2067 2697 a
2090 2641 2248 2697 furto
2293 2639 2644 2696 exordiatur
2672 2639 2924 2707 (furtum
2962 2644 3051 2696 est
3090 2638 3255 2696 enim
3283 2639 3521 2712 privata
3547 2655 3691 2713 pos-

2031 2730 2265 2801 sessio),
2299 2733 2357 2786 et
2377 2729 2611 2786 desinat
2637 2729 2700 2785 in
2729 2729 3159 2802 proditionem,
3192 2745 3334 2785 cum
3359 2733 3416 2786 et
3435 2728 3568 2802 ipse
3597 2745 3693 2786 ve-

2028 2809 2221 2878 ritatis
2241 2820 2581 2877 doctrinam
2614 2821 2852 2893 prodat,
2874 2820 3124 2893 perinde
3146 2824 3211 2877 ut
3237 2819 3333 2876 ille
3364 2820 3689 2878 Dominum

2028 2911 2312 2983 prodidit.
2347 2909 2604 2978 Quando
2622 2908 2784 2965 enim
2806 2909 2943 2965 vitae
2961 2915 3186 2966 nostrae
3213 2909 3554 2966 institutum
3574 2913 3685 2982 est,

2025 3016 2224 3075 neque
2253 2999 2523 3073 separari
2552 2999 2630 3056 ab
2659 2998 2761 3056 illo
2791 3003 2970 3070 ccetu,
3003 2999 3101 3056 cui
3139 2999 3364 3056 fuimus
3393 2999 3684 3073 adjuncti,

2024 3106 2221 3165 neque
2248 3090 2434 3147 ullam
2463 3105 2591 3146 rem
2614 3089 2918 3163 privatam
2947 3104 3326 3163 comparare,
3343 3105 3540 3163 neque
3559 3106 3688 3147 om-

310 3184 400 3257 ρὸν
453 3179 755 3256 ὑπόδειγμα
785 3189 891 3244 τοῖς
922 3183 1236 3256 σωζομένοις
1277 3184 1390 3256 (63)
1443 3188 1730 3258 γενόμενον·
1782 3183 1914 3253 εἶτα,

2028 3183 2170 3240 nino
2194 3181 2535 3255 quidquam
2559 3179 2779 3247 moliri,
2801 3179 2969 3252 quod
2989 3178 3431 3238 clandestinum
3456 3180 3547 3250 sit,
3581 3184 3688 3238 aut

309 3265 550 3342 παριδών
596 3290 674 3332 τις
711 3275 798 3324 τόν
848 3271 1001 3344 φόϐον
1051 3281 1141 3326 τοῦ
1195 3280 1350 3340 Θεοῦ,
1396 3278 1486 3326 καὶ
1528 3277 1648 3336 τούς
1697 3275 1917 3348 θεσμοὺς

311 3365 402 3410 τοῦ
451 3357 603 3430 ἁγίου
654 3362 973 3432 Πνεύματος,
1006 3370 1208 3434 πρῶτον
1246 3364 1337 3434 μὶν
1375 3366 1666 3436 νοσφισμὸν
1715 3365 1918 3438 (νοσφι-

313 3449 440 3519 σμός
482 3450 581 3522 γάρ
629 3447 771 3501 ἔστιν
822 3451 854 3508 ἠ
911 3451 1150 3502 ὁπωσοῦν
1207 3456 1298 3504 καὶ
1349 3452 1553 3506 ὁθενοῦν
1625 3449 1916 3515 ἰδιάζονσα

309 3539 548 3604 κτῆσις),
581 3540 760 3592 ἔπειτα
803 3534 863 3592 δε
902 3543 994 3592 καὶ
1041 3538 1335 3592 ἀπόστασιν
1384 3539 1630 3603 ἐννοήσας
1668 3542 1777 3613 (64)
1822 3549 1914 3596 καὶ

307 3629 606 3700 χωρισμόνο
639 3634 749 3688 πῶς
780 3627 909 3699 ούχὶ
948 3630 1034 3680 τόν
1075 3627 1224 3700 λόγον
1277 3636 1369 3690 τῆς
1421 3626 1664 3692 ἀληθείας
1713 3629 1912 3704 προδέ-

309 3711 467 3784 δωκε,
501 3721 589 3768 καὶ
623 3712 860 3792 δεύτερος
909 3713 1117 3780 Ἰούδας
1154 3722 1442 3791 γεγένηται,
1486 3721 1622 3772 κατά
1644 3723 1703 3772 τό
1733 3718 1910 3793 ἄγχω-

305 3811 428 3878 ροῦν
457 3802 750 3877 προδιδοὺς
789 3810 878 3864 τὴν
911 3804 1152 3866 ἀλήθειαν
1185 3823 1198 3874 ;
1257 3811 1370 3882 Χρὴ
1403 3811 1571 3860 τοίνυν
1601 3815 1754 3862 παντὶ
1784 3815 1910 3883 τρό-

306 3913 386 3965 πῳ
443 3896 642 3967 φεύγειν
703 3892 818 3969 ἰδίᾳ
873 3916 925 3949 τι
963 3899 1252 3957 κεκτῆσθαι
1307 3899 1450 3973 παρά
1506 3901 1571 3952 τὰ
1622 3907 1766 3972 κοινῇ
1795 3901 1907 3972 (65)

304 3988 466 4036 πᾶσιν
515 3985 646 4056 όμοῦ
703 3985 1041 4060 ποριζόμενα·
1090 3992 1179 4040 καὶ
1228 3987 1286 4039 ού
1325 3991 1489 4061 ταύτῃ
1536 3992 1689 4060 μόνον
1721 3987 1908 4048 ἀκηλί-

305 4067 472 4125 δωτον
496 4080 670 4148 τηρεῖν
701 4078 795 4133 την
836 4071 1091 4143 διάνοιαν,
1129 4075 1255 4130 ἀλλὰ
1279 4082 1369 4130 καὶ
1412 4079 1498 4130 τόν
1537 4075 1682 4131 ἔνδον
1711 4080 1907 4155 ἄνθρωο

301 4178 397 4212 πον
447 4163 648 4213 πάντων
695 4160 976 4235 μολυσμῶν
1043 4163 1390 4240 ἐκκαθαίρειν·
1459 4175 1611 4221 τοῦτο
1677 4171 1767 4241 μὶν
1827 4169 1908 4223 λο-

299 4257 506 4322 γισμῶν
559 4247 864 4324 ἀκαθάρτων
917 4255 1006 4302 καὶ
1053 4262 1310 4325 πονηρῶν,
1369 4264 1467 4307 τῶν
1534 4255 1904 4311 ἕπιθολούντων

301 4341 360 4391 τὸ
399 4335 545 4393 ἔνδον
575 4339 691 4412 (66)
741 4347 832 4392 τοῦ
887 4342 1180 4413 Πνεύματος
1232 4350 1580 4415 καταγώγιον·
1639 4355 1790 4400 τοῦτο
1845 4344 1904 4400 δε

303 4425 482 4494 δόλου,
527 4432 619 4480 καὶ
670 4428 1011 4502 ὑποκρίσεως,
1066 4435 1159 4482 καὶ
1217 4429 1528 4502 βασκανίας,
1562 4439 1651 4485 καὶ
1704 4432 1898 4507 ἔριδος,

2023 3270 2343 3342 ejusmodi,
2367 3269 2534 3343 quod
2561 3269 2641 3327 ad
2670 3269 2920 3326 fratrum
2941 3268 3270 3342 perniciem
3299 3269 3463 3326 malo
3480 3285 3684 3326 exem-

2026 3362 2124 3434 plo
2157 3362 2230 3418 sit
2267 3361 2340 3417 iis
2364 3361 2469 3434 qui
2501 3359 2655 3417 salvi
2695 3359 2825 3416 ﬁeri
2854 3360 3144 3432 cupiunt;
3187 3363 3317 3416 tum
3354 3360 3404 3416 si
3439 3359 3576 3434 quis
3612 3360 3683 3418 ti-

2021 3467 2190 3508 more
2222 3451 2324 3508 Dei
2375 3451 2735 3525 statutisque
2771 3451 2965 3508 sancti
3009 3449 3260 3524 Spiritus
3299 3450 3682 3524 contemptis,

2020 3541 2286 3614 primum
2311 3541 2565 3614 quidem
2585 3539 3041 3613 subreptionern
3061 3539 3397 3613 (subreptio
3413 3541 3575 3597 enim
3594 3543 3686 3598 est

2019 3631 2520 3704 qualitercunque
2552 3635 2612 3688 et
2637 3631 3020 3705 indecunque
3060 3635 3418 3703 comparata
3446 3630 3683 3704 privata

2019 3721 2366 3793 possessio),
2397 3720 2616 3777 deinde
2646 3736 2790 3777 vero
2838 3719 3238 3776 defectionem
3269 3719 3450 3777 etiam
3481 3736 3555 3778 ac
3582 3735 3680 3778 se-

2018 3825 2259 3866 cessum
2285 3809 2652 3881 cogitaverit,
2682 3809 2996 3883 quomodo
3024 3809 3074 3864 is
3099 3823 3225 3865 non
3243 3809 3514 3882 prodidit
3530 3809 3683 3867 veri-

2018 3897 2155 3954 tatis
2173 3897 2512 3954 doctrinam
2525 3939 2538 3963 ,
2556 3897 2943 3972 quomodove
2959 3911 3082 3953 non
3105 3895 3298 3954 factus
3313 3900 3405 3952 est
3423 3896 3676 3954 alteriu-

2015 3987 2141 4054 das,
2173 4003 2314 4043 cum
2341 3990 2639 4060 quantum
2659 3986 2721 4042 in
2741 4001 2805 4042 se
2829 3983 2959 4055 fuit,
2984 3983 3297 4041 veritatem
3316 3984 3677 4057 prodiderit?

2017 4076 2366 4135 Cavendum
2396 4081 2486 4133 est
2501 4075 2684 4146 igitur
2707 4075 2876 4132 omni
2896 4073 3102 4144 modo,
3119 4089 3195 4130 ne
3214 4073 3531 4148 quidpiam
3547 4075 3674 4148 pri-

2010 4167 2199 4224 vatim
2229 4166 2675 4239 possideamus,
2699 4169 2919 4239 praeter
2943 4180 3038 4234 ea,
3059 4180 3194 4237 quae
3224 4163 3404 4220 simul
3432 4163 3495 4220 in
3515 4180 3676 4222 com-

2012 4257 2184 4312 muni
2219 4255 2686 4328 suppeditantur
2717 4254 3037 4312 omnibus:
3069 4269 3267 4330 neque
3296 4253 3412 4310 hac
3440 4253 3673 4311 ratione

2011 4344 2210 4401 solum
2235 4344 2535 4414 integram
2567 4344 2646 4401 ab
2682 4344 2851 4400 omni
2876 4343 3014 4402 labe
3045 4347 3313 4400 mentem
3338 4359 3670 4411 servemus,

2011 4434 2118 4488 sed
2137 4433 2441 4488 internum
2462 4434 2641 4489 etiam
2663 4433 2976 4490 hominem
2991 4433 3071 4490 ab
3085 4433 3373 4490 omnibus
3387 4432 3670 4490 sordibus

300 4523 398 4568 τῶν
427 4520 520 4575 τὴν
547 4515 756 4588 ἀγάπην
783 4516 1066 4592 πρόρριζον
1093 4518 1461 4588 ἀνασπώντων,
1503 4525 1593 4574 καὶ
1637 4526 1723 4574 τὸν
1771 4526 1899 4576 Θεὸν

2028 4536 2418 4593 sxpurgemus
2442 4540 2454 4590 ;
2482 4521 2757 4578 videlicet
2781 4526 2910 4576 tum
2930 4537 2966 4577 a
2990 4520 3453 4590 cogitationibus
3474 4520 3670 4594 impu-

302 4612 398 4669 τῆς
425 4613 524 4659 τῶν
578 4609 825 4659 τοιούτων
871 4606 1056 4680 ψυχῆς
1107 4607 1435 4666 ἐλαυνόντων.
1466 4609 1526 4664 El
1562 4612 1663 4684 γὰρ
1705 4613 1730 4665 ό
1770 4615 1899 4676 Θεὸς

374 4837 420 4874 ³⁵
461 4837 614 4898 Psal.
646 4854 830 4913 XXXVI,
861 4843 950 4898 23.
1026 4841 1075 4880 ⁸⁸
1111 4839 1312 4899 Matth.
1339 4857 1492 4915 xvru,
1523 4845 1615 4901 20.

371 5069 486 5148 (59)
528 5069 692 5148 Πρω]
712 5084 825 5148 ms.
848 5073 1172 5148 cum_Vos_s.
1191 5067 1288 5126 δύο
1313 5077 1403 5148 καὶ
1431 5079 1584 5147 τρεῖς.
1605 5076 1736 5148 μοι
1755 5077 1900 5148 Reg.

297 5138 530 5217 primus
559 5138 608 5217 ἐν
627 5148 699 5217 τῷ
721 5141 952 5214 ὀνόματι.
971 5145 1086 5199 Nec
1105 5143 1189 5200 ita
1207 5143 1400 5201 multo
1427 5138 1564 5217 post
1593 5145 1718 5203 duo
1747 5138 1897 5205 mss.

296 5211 439 5286 μέσῳ
468 5211 628 5286 αύτός
648 5211 780 5268 έστι.

367 5285 483 5350 (60)
521 5286 661 5353 Reg.
705 5283 1009 5340 secundus
1033 5287 1063 5344 ἣ
1097 5291 1187 5339 καὶ
1218 5286 1283 5340 εί.
1328 5285 1554 5344 Ibidem
1583 5286 1747 5344 idem
1777 5305 1896 5349 ms.

295 5351 537 5429 λείψοιεν.
568 5351 713 5429 Reg.
742 5356 974 5429 primus
1005 5361 1061 5412 et
1087 5360 1256 5413 Voss.
1291 5356 1582 5429 έλλείψειεν.

2010 4611 2090 4666 ris
2112 4625 2182 4667 ac
2204 4610 2430 4683 pravis,
2459 4625 2596 4683 quae
2615 4610 2916 4667 internam
2950 4609 3202 4684 Spiritus
3227 4607 3668 4669 habitationem

2006 5075 2212 5132 Codex
2236 5075 2406 5130 Voss.
2455 5075 3000 5147 ίσωσομένοιςηιξὶθε.
3047 5073 3355 5131 secundus
3393 5075 3664 5147 secunda

2005 5163 2196 5203 manu
2225 5153 2336 5208 τοῖς
2381 5144 2739 5218 συξωμένοιςη
2768 5144 2883 5202 Alii

2963 5161 3043 5202 uo
3085 5161 3232 5202 mss.
3280 5150 3339 5203 et
3373 5145 3515 5204 editi
3553 5154 3659 5210 τοῖς

2008 5223 2399 5292 συνεσομένοις,
2412 5219 2493 5292 Δέίε
2518 5217 2624 5288 Qui
2640 5217 3276 5292 nobiscumpeijsaturi
3295 5223 3458 5274 sunt.

2075 5288 2206 5360 (64)
2237 5289 2424 5346 Vossii
2457 5295 2624 5345 vetus
2652 5289 2805 5346 liber
2831 5294 2891 5346 et
2916 5289 3017 5346 alii
3036 5288 3160 5345 duo
3189 5289 3438 5348 έννοήσεε.

2076 5366 2188 5429 (65)
2229 5365 2369 5430 Reg.
2402 5361 2634 5433 primus
2652 5366 2710 5417 et
2735 5363 2902 5417 Voss.
2930 5363 2998 5433 τὰ
3025 5362 3194 5414 κοινά.
3227 5363 3357 5418 Mox
3377 5360 3537 5418 idem
3560 5377 3659 5419 co-

368 5428 481 5506 (61)
520 5426 722 5484 Codex
745 5425 918 5506 Colb.
943 5443 1082 5506 cum
1114 5431 1288 5506 Yoss.
1315 5425 1455 5506 ἔχειν
1482 5439 1581 5482 τῶν
1601 5429 1896 5506 ἀναγκαίων

2028 5425 2117 5489 lci
2151 5425 2422 5506 Vossfet-
2449 5434 2602 5506 alitis
2635 5437 2887 5506 παντοίων
2907 5432 3210 5506 μολυσμῶν,

297 5497 447 5576 μετά,
477 5501 822 5576 nepessgriis
843 5500 1240 5576 camp/vista
1266 5497 1559 5576 indigere.
1574 5497 1896 5576 Aliquanto

295 5568 834 5644 postcodeleoss.
864 5574 953 5622 καὶ
975 5569 1270 5644 ἀπόστασιν
1300 5568 1510 5644 μελετᾷ.

367 5638 477 5716 ((ξὲ)
516 5639 677 5716 Regii
706 5641 828 5716 duo
854 5657 1004 5716 mss.
1035 5639 1242 5716 "lonia;
1265 5638 1552 5716 γινόμενος.

366 5710 482 5780 (63)
519 5710 756 5768 Veteres
778 5711 900 5770 duo
922 5711 1060 5770 libri
1088 5710 1392 5788 ὑπόδειγμα
1417 5723 1527 5777 τοῖς
1555 5716 1888 5790 σωζομένοις.

2069 5506 2186 5575 (66)
2218 5504 2466 5576 ,Antiqui
2517 5503 2640 5560 duo
2665 5504 2803 5560 libri
2829 5500 3047 5576 praeter
3079 5500 3268 5561 'Voss.
3306 5507 3374 5576 τό
3427 5500 3652 5562 ἔνδοθεν.

2000 5578 2131 5632 Mox
2156 5575 2338 5631 iidem
2369 5575 2485 5632 tres
2517 5592 2667 5631 mss.
2695 5584 2790 5639 τῆς
2815 5575 2914 5628 τῶν
2937 5578 3204 5630 τοιούτων.
3237 5575 3387 5634 Ediii
3414 5584 3514 5630 τῶν
3534 5579 3656 5632 τού-

1999 5666 2118 5701 των.
2155 5647 2384 5705 Ibidem
2414 5647 2608 5706 codex
2637 5647 2806 5706 Colb.
2839 5646 3241 5705 ἀπελαυνόντων.
