4120 6396
415 395 436 448 l
447 393 550 449 427

1237 391 1294 449 5.
1342 391 1590 450 BASlLll
1633 388 1856 449 MAGNI
1893 385 2484 449 CONSTITUTIONES
2522 393 2966 452 MONASTICE.

3655 405 3676 460 i
3686 405 3794 463 428

410 519 836 591 conspurcant,
860 519 990 572 tum
1021 531 1058 574 a
1101 515 1241 573 dolo
1286 521 1468 590 atque
1495 515 1899 576 simulatione,
1929 511 2076 567 invi-

2193 510 2372 584 ἀγάπη
2414 516 2574 585 ἐστὶν,
2619 520 2646 570 ὁ
2675 523 2770 578 τὴν
2799 517 3008 592 ἀγάπην
3038 519 3134 574 οὐκ
3181 524 3318 594 ἔχων
3348 531 3442 586 τῆς
3471 526 3614 589 θείας
3655 525 3791 584 ἐστέ·

411 609 657 681 diaque,
689 611 744 663 et
776 607 1180 675 contentione,
1211 623 1351 680 quae
1391 607 1744 663 charitatem
1790 601 2079 660 radicitus

2189 621 2349 676 ρηται
2369 608 2617 681 χάριτος.

407 697 693 764 evellunt,
731 699 1038 768 Deumque
1079 696 1157 752 ab
1198 697 1405 753 anima
1445 712 1656 753 eorum
1686 693 1790 768 qui
1818 689 2170 763 hujusmodi
2199 697 2363 761 sunt,
2397 694 2628 768 fugant.
2661 697 2718 754 Si
2746 698 2911 754 enim
2953 702 3108 758 Deus
3151 701 3414 760 charitas
3455 709 3548 763 est
3571 707 3643 776 ⁸⁷,
3687 706 3794 790 qui

407 786 761 843 charitatem
791 801 916 842 non
947 785 1149 853 habet,
1174 785 1381 842 divina
1411 785 1604 856 gratia
1637 786 1818 840 caret.

429 893 434 896 '
481 881 532 931 2.
569 878 769 933 Servet
801 878 1004 931 autem
1028 891 1217 930 suam.
1237 875 1497 947 quisque
1526 874 1798 930 animam
1823 871 1886 926 in
1911 867 2080 925 omni

407 965 766 1034 humilitate,
795 965 1221 1034 sanctimonia,
1245 970 1302 1020 et
1320 964 1381 1019 in
1404 963 1712 1020 alacritate
1733 963 1896 1017 circa
1913 959 2080 1016 bona

409 1071 620 1128 opera,
636 1060 1025 1128 mentemque
1045 1055 1122 1111 ad
1138 1054 1461 1128 praesentia
1481 1053 1757 1109 occludat
1779 1055 1836 1107 et
1853 1050 2075 1112 videat,

406 1160 482 1200 ne
507 1145 790 1217 praesenti
821 1149 1092 1218 tempore
1115 1143 1192 1199 ab
1210 1143 1415 1214 aliqua
1439 1143 1541 1198 Dei
1562 1141 1870 1198 voluntate
1897 1139 2076 1195 aber-

405 1239 518 1300 ret,
540 1235 844 1306 hujusque
870 1232 1123 1289 instituti
1155 1233 1429 1303 vigorem
1459 1231 1716 1302 frangat.
1741 1234 1891 1287 Nam
1913 1230 2075 1301 ejus-

407 1323 574 1380 modi
597 1323 785 1379 animi
815 1327 1004 1378 status
1028 1322 1105 1377 ab
1125 1321 1292 1377 omni
1317 1337 1431 1377 nos
1455 1321 1676 1376 mentis
1694 1319 2076 1376 aberratione

403 1413 704 1476 liberabit,
732 1412 1028 1483 facietque
1050 1415 1115 1466 ut
1143 1411 1203 1466 in
1234 1415 1399 1466 metu
1427 1426 1498 1467 ac
1528 1409 1824 1466 constanti
1855 1423 2050 1482 propo

406 1503 520 1559 sito
545 1503 712 1558 bona
750 1515 1200 1574 prosequamur
1242 1501 1474 1568 omnia,
1526 1517 1667 1556 cum
1709 1499 1987 1555 videlicet
2010 1497 2074 1554 id

405 1591 592 1649 semel
608 1591 859 1647 ﬁrmiter
875 1595 1014 1647 ante
1034 1591 1240 1648 omnia
1260 1590 1322 1646 in
1340 1589 1614 1647 animum
1629 1589 2071 1656 induxerimus,

403 1685 594 1739 Deum
632 1682 866 1737 bonum
906 1697 1061 1751 esse,
1089 1681 1516 1753 bonorumque
1548 1679 1824 1736 omnium
1860 1681 2071 1735 aucto-

402 1787 554 1841 rem,
591 1785 714 1827 non
742 1776 945 1826 autem
973 1769 1154 1825 ullius
1172 1769 1592 1842 cujuscunque
1614 1768 1780 1834 mali,
1805 1767 1940 1823 licet
1960 1783 2072 1823 nos

403 1861 743 1918 remedium
766 1860 1035 1917 amarius
1055 1859 1326 1932 quidem,
1350 1858 1454 1914 sed
1479 1859 1556 1914 ad
1583 1857 2072 1915 emendationem
2103 1835 2144 1891 Β

402 1951 816 2008 necessarium
866 1950 1280 2020 degustemus.
1323 1951 1473 2004 Nam
1509 1964 1649 2004 cum
1689 1947 1965 2004 medicus
1997 1946 2075 2003 sit

402 2041 819 2097 humanarum
851 2039 1199 2095 animarum
1229 2041 1405 2108 Deus,
1439 2053 1548 2110 pro
1579 2037 1938 2094 morborum
1967 2051 2074 2094 na-

403 2135 538 2188 tura
558 2129 679 2185 vim
721 2128 1306 2184 medicamentorum
1346 2126 1634 2182 idoneam
1659 2130 1978 2200 temperat,
2007 2129 2074 2183 ut

403 2223 720 2291 expurget,
752 2234 894 2274 cum
924 2233 1080 2288 opus
1111 2217 1305 2288 fuerit,
1337 2216 1622 2272 intimum
1651 2216 1886 2272 vitium.
1920 2219 2071 2273 Cum

400 2309 581 2379 igitur
601 2308 730 2364 haec
754 2307 836 2364 ita
858 2323 920 2362 se
941 2305 1167 2363 habere
1191 2305 1368 2378 plane
1385 2304 1818 2378 intelligamus,
1843 2306 2070 2376 gratias

402 2414 660 2469 agamus
693 2413 954 2470 semper,
982 2395 1241 2465 etiamsi,
1274 2395 1423 2451 dum
1453 2412 1792 2469 purgamur
1827 2396 1999 2469 582
2034 2413 2071 2453 a

400 2486 804 2558 negligentiis,
851 2485 1156 2542 medelam
1207 2486 1596 2558 experiamur
1643 2485 1960 2541 acriorem.
1998 2489 2073 2543 At

399 2593 509 2650 per
555 2577 913 2632 tentationes
942 2575 1368 2648 probationem
1412 2577 1594 2632 etiam
1639 2574 1880 2637 suﬁ‘ere,
1921 2591 2072 2648 pau-

398 2683 610 2723 corum
625 2665 956 2722 admodum
974 2664 1290 2720 hominum
1303 2668 1476 2733 est,et
1487 2664 1744 2720 Abrahae
1758 2664 2040 2720 similium
2051 2707 2064 2720 .

404 2756 541 2812 Hinc
562 2755 742 2825 igitur
770 2759 930 2824 sunt,
953 2770 1089 2827 quae
1111 2753 1319 2810 divina
1341 2753 1533 2825 gratia
1554 2753 1633 2809 ad
1658 2753 2068 2810 exhortandos

398 2861 528 2916 vos,
541 2845 647 2918 qui
666 2859 1057 2900 communem
1076 2859 1146 2900 ac
1165 2843 1454 2900 socialem
1476 2843 1658 2900 vitam
1676 2843 1941 2916 amplexi
1957 2843 2069 2899 fui-

400 2937 532 3001 stis,
557 2935 773 2991 mentis
802 2939 1024 2991 nostrae
1053 2933 1378 2990 humilitati
1408 2932 1904 2990 subministravit.
1937 2935 2068 2999 Quo

397 3027 534 3083 vitae
561 3040 776 3096 genere
802 3024 1038 3080 nullum
1066 3024 1175 3094 (uti
1201 3025 1395 3080 oratio
1424 3022 1778 3093 declaravit,
1809 3027 1866 3080 et
1894 3038 2069 3080 mens

398 3120 607 3172 nostra
637 3114 825 3186 novit)
858 3118 963 3170 aut
991 3112 1386 3186 splendidius,
1427 3117 1532 3170 aut
1555 3112 1910 3184 jucundius,
1962 3115 2068 3168 aut

2258 875 2312 926 2.
2347 873 2427 926 Ἐν
2475 881 2918 954 ταπεινοφροσύνῃ
2951 876 3013 932 δε
3058 882 3226 956 πάσῃ,
3259 887 3349 936 καὶ
3392 882 3661 957 ἁγιασμῷ,
3701 889 3793 939 καὶ

2188 959 2485 1033 ἐτοιμότητι
2533 973 2596 1038 τῇ
2651 972 2769 1043 περὶ
2807 970 2898 1030 τὰς
2941 968 3146 1041 ἀγαθὰς
3190 971 3403 1045 πράξεις
3457 978 3551 1032 τὴν
3604 973 3792 1029 ἑαυτοῦ

2185 1048 2371 1120 ψυχὴν
2401 1052 2619 1106 ἕκαστον
2669 1065 3045 1130 συντηροῦντα,
3078 1063 3211 1132 πρὸς
3261 1062 3326 1112 τὰ
3380 1067 3615 1136 παρόντα
3666 1083 3792 1137 συγ-

2185 1137 2366 1192 κλείειν
2427 1146 2516 1194 τὸν
2579 1143 2851 1218 λογισμὸν,
2920 1151 3291 1222 σκοπούμενον,
3361 1153 3499 1213 ὅπως
3565 1152 3625 1204 ἂν
3690 1160 3786 1226 μὴ,

2184 1233 2321 1283 κατὰ
2356 1235 2444 1284 τὸν
2491 1240 2724 1308 παρόντα
2756 1241 2872 1310 (67)
2921 1243 3125 1313 καιρὸν,
3179 1244 3315 1302 τινὸς
3369 1250 3470 1294 τῶν
3516 1251 3608 1296 τοῦ
3655 1252 3791 1298 Θεοῦ

2187 1318 2485 1392 θελημάτων
2518 1320 2886 1400 διαμαρτήσῃ,
2936 1333 3026 1380 καὶ
3067 1332 3154 1387 τὴν
3203 1331 3445 1383 ἔνστασιν
3496 1339 3593 1395 τῆς
3645 1333 3792 1386 πολι-

2184 1413 2316 1470 τείας
2343 1412 2608 1486 σπαράξῃ.
2655 1413 2712 1468 Ἠ
2743 1417 2845 1490 γὰρ
2889 1419 3106 1476 τοιαύτη
3155 1421 3487 1481 κατάστασις
3532 1428 3630 1485 τῆς
3678 1421 3790 1494 ψυ-

2182 1505 2288 1569 χῆς
2315 1505 2511 1563 παντὸς
2539 1505 2628 1574 μεν
2667 1514 3028 1579 μετεωρισμοῡ
3067 1506 3345 1571 ἀπαλλάξει
3399 1511 3561 1582 ἡμᾶς,
3613 1509 3661 1563 ἄν
3699 1512 3786 1564 εύ-

2183 1585 2362 1660 λαϐείᾳ
2420 1587 2480 1643 δε
2527 1596 2617 1644 καὶ
2670 1591 2865 1669 ίδραίῳ
2915 1601 3207 1671 φρονήματι
3263 1605 3398 1652 πᾶσι
3451 1607 3564 1661 τοῖς
3609 1601 3786 1666 καλοῖς

2182 1681 2576 1749 παρασκευάσει
2619 1685 2953 1750 συνέπεσθαι,
2995 1692 3149 1738 τοῦτο
3178 1691 3268 1739 καὶ
3297 1690 3398 1762 πρὸ
3439 1690 3644 1741 πάντων
3671 1692 3786 1760 (68)

2183 1763 2232 1816 ἐν
2279 1773 2342 1838 τῇ
2398 1767 2554 1842 ψυχῇ
2598 1768 3004 1844 καθιδρύοντας,
3059 1776 3141 1827 ὅτι
3188 1777 3214 1827 ό
3255 1780 3381 1838 Θεὸς
3433 1776 3648 1849 ἀγαθὸς,
3690 1784 3781 1833 καὶ

2181 1856 2386 1908 πάντων
2410 1860 2622 1929 ἀγαθῶν
2663 1863 2848 1927 α’ίτιος,
2877 1871 3042 1916 κακοῦ
3074 1860 3134 1917 δε
3175 1861 3290 1918 οὐδ’
3339 1868 3630 1920 ὁπωστιοῦν
3686 1869 3780 1922 ού-

2182 1940 2350 2031 δενὸς,
2398 1945 2494 1998 κᾶν
2542 1950 2691 2021 ἡμεῖς
2737 1954 2866 2023 πρὸς
2913 1957 3009 2011 τὴν
3064 1958 3252 2028 χρείαν
3303 1963 3398 2018 τῆς
3455 1953 3783 2031 διορθώσεως

2182 2030 2503 2110 δριμυτέρας
2563 2046 2659 2100 τῆς
2723 2041 2993 2114 θεραπείας
3045 2046 3372 2116 γευσώμεθα,
3431 2030 3627 2119 Ἰατρὸς
3681 2049 3784 2123 γὰρ

2180 2123 2246 2174 ὡν
2274 2125 2300 2176 ὁ
2329 2129 2455 2187 Θεὸς
2511 2135 2611 2178 τῶν
2661 2127 2992 2202 ἀνθρωπίνων
3039 2131 3252 2204 ψυχῶν,
3297 2137 3428 2210 πρὸς
3483 2139 3577 2193 τήν
3629 2138 3786 2208 φύσιν

2178 2221 2278 2264 τῶν
2331 2218 2642 2288 νοσημάτων
2687 2223 2781 2277 τὴν
2810 2227 2910 2271 τῶν
2955 2224 3240 2296 φαρμάκων
3295 2228 3510 2296 κίρνησι
3558 2221 3784 2298 δύναμιν

2182 2302 2382 2372 ἱκανὴν,
2415 2303 2707 2380 ἐκκαθάρας
2737 2309 2852 2379 (69)
2882 2307 3189 2382 βαθυτάτην
3237 2318 3446 2379 κακίαν,
3493 2315 3616 2366 ὅταν
3660 2318 3784 2368 τού-

2177 2410 2270 2444 του
2301 2389 2526 2451 δεήσειε.
2568 2402 2730 2449 Τοῦτο
2759 2405 2886 2469 γοῦν
2925 2396 3118 2462 εἰδότες
3151 2410 3346 2474 σαφῶς,
3385 2401 3784 2478 εὐχαριστῶμεν

2179 2479 2277 2548 ἀεὶ,
2312 2481 2407 2534 κᾶν
2458 2481 2816 2560 σφοδροτέρας
2862 2496 2959 2551 τῆς
3012 2491 3288 2565 θεραπείας
3340 2490 3780 2565 ἐπαισθανόμεθα,

2176 2572 2269 2633 τὰς
2307 2570 2589 2646 ὀλιγωρίας
2635 2577 3004 2650 καθαιρόμενοι
3032 2580 3171 2650 (70).
3225 2584 3295 2634 Τὸ
3350 2577 3410 2634 δε
3458 2577 3554 2634 διὰ
3602 2601 3784 2656 πειρα-

2178 2669 2322 2732 σμῶν
2364 2666 2454 2714 καὶ
2505 2659 2828 2736 δοκιμασίαν
2867 2668 3135 2739 ὑπομένειν
3187 2668 3376 2740 ὀλίγων
3436 2665 3646 2744 σφόδρα
3689 2675 3781 2724 καὶ

2180 2748 2532 2824 ’Δϐραμιαίων
2587 2751 2894 2827 ἀνθρώπων.
2933 2763 3109 2809 Ταῦτα
3161 2760 3251 2830 μεν
3308 2754 3396 2810 οὖν
3447 2760 3548 2812 ὅσα
3596 2762 3626 2818 ἡ
3685 2766 3779 2812 τοῦ

2178 2846 2311 2892 Θεοῦ
2362 2843 2528 2914 χάρις
2587 2850 2648 2915 τῇ
2701 2848 3035 2903 ταπεινότητι
3088 2854 3182 2908 τῆς
3246 2850 3496 2924 ἠμε-έρας
3543 2845 3781 2910 διανοίας

2176 2926 2572 3000 ἕπεχορήγησεν
2598 2932 2666 2993 εἰς
2693 2933 3027 3008 παράκλησιν
3069 2937 3214 3008 ὑμῶν
3242 2937 3358 3008 (Ἠ)
3400 2957 3500 2990 των
3529 2941 3617 2990 τὸν
3659 2957 3778 2991 κοι-

2175 3022 2387 3070 νωνικὸν
2409 3018 2528 3092 βίον
2558 3020 2962 3096 ἀσπασαμένων.
2997 3024 3192 3099 Οὗπερ,
3248 3027 3319 3086 ὣς
3365 3025 3391 3078 ό
3441 3025 3595 3098 λόγος
3645 3023 3774 3083 ἐδή-

2175 3107 2327 3174 λωσε,
2392 3116 2482 3164 καὶ
2539 3113 2571 3170 ἠ
2631 3115 2858 3186 ἡμετέρα
2911 3110 3123 3166 κατεῖδε
3179 3111 3408 3181 διάνοια,
3461 3111 3612 3168 ούδὶν
3655 3117 3774 3167 οὔτε

401 3204 727 3262 sublimius
758 3205 914 3261 inter
939 3204 1219 3260 homines
1253 3203 1502 3277 reperiri
1531 3207 1747 3276 potest.
1781 3206 1931 3259 Cum
1964 3218 2068 3258 au-

2182 3199 2549 3276 λαμπρότερον,
2596 3199 2720 3254 οὐδὲ
2756 3206 3120 3277 χαριέστερον,
3169 3202 3286 3256 οὔτε
3329 3202 3648 3279 ὑψηλότερον
3699 3205 3777 3257 εύ-

399 3301 521 3352 tem
561 3311 664 3350 eos
712 3293 916 3362 etiam,
958 3293 1062 3366 qui
1097 3293 1426 3350 solitariam
1456 3293 1642 3350 vitam
1671 3291 1920 3362 degunt,
1953 3307 2064 3365 pro

398 3385 554 3441 virili
594 3384 890 3440 exhortati
930 3384 1139 3455 simus,
1192 3399 1512 3456 unumque
1560 3387 1742 3456 atque
1778 3382 1939 3439 idem
1990 3383 2067 3439 sit

399 3475 672 3548 utrisque
701 3473 1101 3547 propositum,
1142 3473 1430 3529 nimirum
1457 3472 1697 3546 placere
1726 3472 1976 3538 Christo,
2007 3475 2066 3529 et

399 3563 733 3621 intercedat
756 3563 1035 3635 cognatio
1061 3564 1214 3620 inter
1243 3562 1465 3619 tradita
1492 3563 1585 3618 his
1615 3565 1672 3618 et
1699 3561 1812 3618 illis
1845 3577 2064 3635 praece-

402 3657 528 3727 pta,
554 3652 826 3724 legamus
854 3669 1100 3726 quoque
1126 3652 1400 3708 habitam
1431 3651 1509 3707 ad
1531 3651 1664 3707 illos
1701 3652 2057 3708 orationem.

406 3745 680 3799 Fortasse
709 3742 870 3798 enim
919 3741 1083 3798 illinc
1115 3741 1298 3798 etiam
1347 3741 1490 3796 utile
1523 3741 1753 3813 aliquid
1794 3741 1854 3796 in
1897 3741 2062 3798 hunc

405 3847 750 3889 sermonem
779 3831 1085 3898 inferetur,
1117 3829 1285 3903 quod
1306 3831 1503 3900 magis
1533 3847 1602 3886 ac
1625 3830 1819 3902 magis
1843 3830 1906 3886 id
1925 3832 2062 3888 vitia

407 3933 599 3994 genus
617 3921 914 3978 illustrare
943 3934 1016 3977 ac
1045 3933 1338 3976 exornare
1369 3919 1578 3992 possit.

481 4048 523 4082 ⁸⁷
567 4050 590 4104 l
627 4045 803 4103 Joan.
831 4061 910 4116 iv,
941 4049 994 4102 8.

481 4156 593 4223 (67)
633 4155 871 4208 Veteres
915 4151 1041 4207 duo
1093 4149 1228 4223 libri
1275 4167 1414 4207 cum
1459 4153 1630 4223 Voss.
1671 4154 1809 4206 κατὰ
1858 4156 1946 4204 τὸν
1988 4150 2069 4205 ἀεὶ

412 4221 664 4296 παρόντα.
691 4223 900 4296 Statim
927 4223 1049 4278 duo
1081 4221 1578 4296 codices,quibus
1602 4227 1740 4296 Reg.
1767 4223 2071 4296 secundus

415 4293 772 4369 emendatus
803 4294 984 4362 favet,
1017 4293 1278 4357 πολιτείας
1306 4293 1782 4369 ποςοαχαράξῃ,γὶιί
1807 4295 1950 4351 vita:
1977 4310 2074 4369 αρτ

415 4347 888 4431 Manneia,
917 4347 1289 4435 corrumpat.
1324 4347 1434 4421 Aiii
1453 4347 1586 4421 ’ἂιίο
1614 4347 1779 4421 ass;
1812 4347 2072 4421 mam

417 4437 674 4498 πολιτείας
709 4438 974 4511 σπαράξη,
1007 4439 1335 4506 discerpat.

492 4511 606 4579 (68)
647 4512 787 4579 Reg.
819 4508 1055 4581 primus
1084 4514 1143 4564 et
1183 4512 1348 4564 Voss.
1379 4512 1480 4584 πρὸ
1511 4508 1770 4562 ἁπάντων.
1805 4510 1937 4564 Mox
1968 4524 2074 4565 co-
2109 4548 2153 4602 Β

499 4598 532 4602 .-
571 4581 703 4602 (v-11.
786 4580 798 4594 ν
887 4583 936 4602 Λ·
1008 4580 1108 4602 3,7,
1187 4580 1448 4602 ομιτ-,1-
1499 4579 1690 4602 ῚΥ---ΣΣ
1730 4585 1894 4602 ---ι---
1924 4579 2075 4602 131.--

419 4581 733 4654 dextlolb.
777 4579 971 4654 ἀγαθὸς
999 4580 1134 4654 ἐστι.
1187 4579 1453 4654 Subinde
1499 4579 1694 4654 Vossii
1730 4585 1896 4636 vetus
1923 4579 2076 4654 liber

424 4649 483 4704 δὲ
509 4650 632 4706 ούδέ
657 4654 790 4714 ὅπως
816 4649 926 4708 οὖν.
957 4656 1072 4708 Nec
1097 4652 1180 4708 ita
1207 4651 1397 4708 multo
1431 4655 1570 4723 post
1600 4653 1740 4720 Reg.
1774 4653 2076 4709 secundus

427 4727 696 4797 θεραπείας
724 4727 1014 4797 γενώμεθα.

495 4797 608 4868 (69)
651 4793 888 4868 Veteres
915 4798 1179 4867 quatuor
1211 4794 1348 4850 libri
1386 4793 1694 4868 ίκκαθάραι.
1725 4793 1956 4852 Ibidem
1983 4811 2078 4853 co-

423 4864 542 4947 dex
567 4864 729 4947 £3.01!»
765 4864 1253 4947 βειθυτέρανεβεε·
1280 4864 1863 4947 Ρξίωιιξ,βάρυτέρανο

499 4940 610 5010 (70)
635 4937 837 5012 Vossii
867 4937 1037 4994 vetus
1065 4937 1216 5012 liber
1239 4937 1447 5012 et_duo
1477 4937 1560 4993 illi
1585 4937 2081 5012 mss/quoscum

426 5009 563 5083 ipSo
595 5011 779 5066 citare
806 5009 1253 5083 consuevimus,
1303 5009 1420 5083 hoc
1445 5015 1554 5083 est,
1600 5009 1803 5083 codex'
1831 5011 1994 5068 Colb.
2028 5015 2085 5067 et

429 5079 577 5164 Reg.
600 5083 839 5164 primus
856 5089 882 5164 _(
893 5081 1250 5164 plerumque
1271 5079 1513 5164 enim‘hi
1539 5086 1656 5164 tres
1679 5081 1813 5164 libri
1837 5098 2086 5164 consen-

428 5151 585 5210 tiunt
603 5151 761 5208 inter
786 5151 983 5224 se),ﬁhi
999 5151 1182 5222 igitur
1206 5158 1325 5208 tres
1345 5151 1584 5208 codices
1606 5153 1688 5210 ita
1710 5154 1958 5219 habent,
1983 5154 2086 5206 ὀλι-

430 5230 629 5300 γωρίας
682 5229 784 5300 καί.
834 5230 1084 5300 πονηρίας
1128 5226 1696 5300 καθαιρόμενοι,-ιξ(ζ1η
1739 5230 2089 5300 purgantur

431 5294 812 5368 negligentia}
839 5294 1489 5369 atqdeiniquitdtibus.
1513 5294 1906 5369 lbidemjediti
1933 5301 2002 5350 Τὸ
2030 5294 2088 5350 δι

434 5372 521 5421 τὸν
559 5367 883 5450 πειρασμόν,
915 5367 980 5450 et
1024 5367 1109 5424 ita
1147 5367 1276 5450 legi
1321 5371 1651 5450 praestaret,
1701 5367 2090 5450 silveluunus

436 5456 550 5512 ms.
579 5438 739 5495 hanc
755 5438 1132 5512 scripturam
1151 5438 1434 5512 tueretur.
1462 5438 1656 5494 Vossii
1675 5442 1845 5512 vetus
1863 5438 2015 5496 liber
2034 5443 2094 5496 et

438 5510 554 5583 alii
577 5517 840 5583 quatuor
879 5507 1111 5566 habent
1145 5507 1238 5583 διὰ
1276 5515 1586 5583 πειρασμόν,
1621 5509 1728 5583 sed
1758 5510 1841 5565 ita
1865 5515 2087 5576 tamen,

438 5586 504 5637 ut
523 5581 646 5637 du‘o
665 5584 912 5654 correcti
936 5583 1076 5651 sint,
1098 5581 1539 5654 habuerintque
1560 5581 1757 5654 prima
1778 5597 1965 5654 manu
1987 5603 2095 5638 πει·-

437 5653 883 5729 ρασμῷνᾲιξςίλὶη
921 5655 1066 5724 Reg.
1095 5653 1294 5729 primo
1314 5652 1614 5729 scriptum
1642 5652 1965 5729 invenitur.

511 5723 626 5797 (Ἠ)
667 5723 817 5815 Editi
843 5729 902 5784 et
929 5723 1044 5782 ms.
1078 5723 1345 5784 Combef.
1398 5723 1729 5798 παράκλησιν
1773 5727 1939 5799 ἡμῶν.
1986 5727 2096 5785 Alii

2172 3291 2343 3365 ρεθείη
2403 3289 2464 3341 ἂν
2512 3288 2560 3341 ἰν
2614 3287 2904 3364 ἀνθρώποις
2956 3291 3265 3364 πολίτευμα.
3304 3290 3518 3351 Ἐπειδὴ
3553 3294 3665 3363 (72)
3719 3289 3780 3345 δί

2172 3384 2264 3431 καὶ
2304 3386 2409 3438 τοῖς
2446 3386 2519 3450 τῷ
2571 3376 2841 3451 μοναδικῷ
2891 3378 2994 3452 βίῳ
3046 3385 3382 3455 προσέχουσι
3417 3386 3513 3440 τὴν
3565 3380 3780 3434 ἐνοῦσαν

2171 3467 2504 3543 παράκλησιν
2535 3468 2930 3542 εἰσηνέγκαμεν,
2974 3470 3045 3532 εἷς
3091 3467 3152 3524 δι
3198 3476 3289 3524 καὶ
3327 3473 3354 3523 ὸ
3398 3471 3556 3533 αύτὸς
3601 3471 3783 3525 ἐκατέ-

2169 3576 2282 3633 ροις
2314 3561 2526 3625 σκοπὸς,
2568 3561 2628 3611 τὸ
2660 3558 3012 3633 εὐαρεστῆσαι
3041 3567 3114 3631 τῷ
3147 3568 3384 3635 Χριστῷ,
3416 3555 3512 3614 καῖ’
3556 3567 3779 3633 συγγενῆ

2169 3650 2236 3700 τὰ
2295 3653 2415 3724 περὶ
2480 3651 2678 3702 τούτων
2729 3645 3091 3722 παιδεύματα,
3149 3647 3398 3703 κάκείνων
3466 3653 3554 3703 τὸν
3631 3649 3782 3722 λόγον

2169 3723 2410 3813 ἐπίωμεν,
2452 3739 2611 3803 Ἴσως
2641 3742 2744 3813 γάρ
2791 3760 2844 3793 τι
2882 3739 3116 3794 κάκεῖθεν
3145 3744 3312 3812 τούτῳ
3352 3748 3422 3810 τῷ
3465 3739 3603 3813 λόγῳ
3653 3759 3783 3793 συν-

2174 3833 2600 3902 εισηεχθὴσεται
2652 3835 2961 3902 χρήσιμον,
3022 3829 3338 3902 λαμπρύνειν
3396 3828 3635 3884 ἕπιπλέον
3692 3834 3783 3884 καὶ

2175 3917 2487 3993 διακοσμεῖν
2518 3923 2606 3977 τὴν
2627 3918 2889 3972 πολιτείαν
2922 3914 3208 3991 δυνάμενον
3235 3919 3366 3986 (73).

2177 4152 2301 4226 duo
2329 4150 2467 4206 libri
2491 4149 2725 4226 antiqui
2754 4149 3085 4226 παράκλησιν
3110 4151 3279 4226 opas.
3299 4154 3440 4224 Reg.
3464 4150 3698 4226 primus
3727 4156 3786 4211 et

2179 4222 2346 4297 βου).
2379 4221 2713 4297 παράκλησιν
2731 4221 2843 4297 *τῶν
2873 4226 2981 4292 τὸν,
3024 4221 3360 4296 simplicius
3389 4221 3628 4281 et'forte
3657 4240 3784 4297 me:

2179 4293 2313 4359 lius,
2333 4294 2414 4366 ad
2428 4293 2906 4366 exhortationem
2928 4293 3161 4366 eorum,
3168 4297 3291 4366 qui,
3310 4300 3426 4366 etc.
3452 4298 3582 4352 Mox
3594 4296 3784 4352 Vossii

2179 4369 2351 4438 vetus
2380 4365 2531 4438 liber
2562 4371 2618 4420 et
2636 4365 2745 4438 alii
2769 4365 3052 4438 nonnulli
3080 4364 3231 4438 λόγος
3271 4364 3522 4425 ἐδήλωσε.
3568 4367 3783 4424 Ultima

2180 4452 2300 4493 vox
2328 4437 2389 4492 in
2411 4437 2586 4494 editis
2614 4437 3013 4493 desideratur.
3037 4437 3304 4495 Subinde
3324 4438 3448 4494 duo
3467 4455 3618 4494 mss.
3645 4455 3783 4494 cum

2183 4511 2357 4584 Voss.
2378 4506 2529 4584 οὐδὲν
2551 4509 3061 4584 οὗτε-λαμπρότερον.
3075 4510 3227 4584 E_diti
3249 4506 3458 4564 διάνοια
3478 4507 3604 4563 οὐδὲ
3618 4510 3785 4583 λαμπ.

2255 4582 2372 4664 (72)
2407 4583 2618 4638 Totum
2636 4577 3060 4664 .illu'd,"Err'std‘r}
3091 4577 3151 4633 δὲ
3180 4585 3267 4664 καί
3294 4588 3436 4664 τοῖς,
3459 4587 3516 4639 et
3535 4577 3791 4664 quase:

2183 4658 2454 4734 guuntur
2477 4652 2710 4734 omnia,
2750 4654 3012 4734 reperire
3039 4667 3156 4734 non
3184 4657 3274 4708 est
3301 4652 3362 4708 in
3393 4652 3580 4734 Vossii
3609 4652 3792 4709 veteri

2183 4723 2365 4796 libro;
2391 4723 2496 4778 sed
2520 4725 2737 4796 horum
2757 4723 3087 4796 verborum
3109 4724 3240 4779 loco
3254 4724 3791 4796 reperiunturque

2186 4795 2568 4862 ascribimus,
2627 4794 2675 4847 ἐν
2832 4800 2922 4848 καὶ
2981 4795 3291 4868 εὐαρέστους
3321 4793 3474 4868 ξήμᾶς
3536 4793 3791 4868 ἀνέδειξεν

2190 4816 2568 4862 ascnmmus,
2627 4816 2675 4847 εν
2731 4817 2770 4867 ῳ
2832 4816 2922 4848 και
2981 4816 3291 4868 ευαρεστους
3333 4816 3362 4854 η
3454 4816 3474 4857 ς
3536 4816 3790 4859 ανεοειςεν

2190 4869 2398 4940 Ἰησοῦς
2436 4871 2689 4940 Χριστὸς,
2736 4868 2762 4919 ό
2805 4868 3136 4940 Θεόςλήμῶν
3185 4866 3256 4929 εἰς
3308 4816 3466 4930 δόὲιῗν
3503 4874 3597 4919 τοῦ
3635 4867 3790 4939 ἁγίου

2191 4939 2350 4991 αὐτοῦ
2398 4936 2494 4990 καὶ⁷
2531 4946 2898 5014 προσκυνητοῦ
2947 4936 3209 5010 ὀνόματος,
3256 4943 3486 5014 καὶίτοῦ
3528 4936 3790 5010 παναγίου

2191 5011 2351 5063 αὑτοῦ
2379 5009 2600 5084 Πατρός,
2649 5015 2739 5063 καὶ
2777 5017 2869 5062 τοῦ
2920 5009 3173 5084 ζωοποιοῦ
3221 5015 3312 5062 καὶ
3355 5009 3507 5080 ἁγίου
3557 5009 3791 5083 Πνεύμα-

2192 5102 2298 5148 τος,
2325 5090 2415 5154 νῦν
2443 5079 2536 5134 καὶ
2567 5082 2666 5148 ἀεὶ,
2699 5087 2789 5154 καὶ
2824 5081 2898 5142 εἰς
2934 5085 3055 5154 τοὺς
3086 5079 3450 5143 ἀτελευτήτους
3491 5087 3581 5135 καὶ
3610 5079 3789 5154 μακα-

2193 5160 2335 5228 ρίους
2366 5153 2555 5228 αίωνας
2580 5174 2679 5228 των
2710 5153 2926 5228 αἰώνων.
2961 5151 3145 5228 ’Δμήξν
3179 5168 3314 5228 qua:
3343 5151 3789 5228 omnia_otioso

2194 5223 2379 5298 aliqui
2409 5225 2677 5298 librario,
2695 5240 2818 5280 non
2843 5223 2976 5296 ipse
3005 5223 3639 5298 ScriptOritribuenda
3653 5239 3789 5298 esse

2195 5295 2345 5354 mihi
2375 5296 2672 5353 videntur.
2707 5295 2979 5368 Fortasse
3008 5295 3147 5368 cum
3176 5295 3454 5368 omisisse
3484 5313 3550 5368 se
3585 5295 3793 5368 aliqua

2195 5369 2442 5434 videret,
2456 5368 2673 5424 horum
2698 5368 2832 5422 loco
2851 5365 2970 5423 alia
2990 5367 3065 5423 de
3082 5383 3192 5423 suo
3213 5367 3437 5424 addere
3459 5367 3668 5424 voluit.

2197 5440 2436 5497 codices
2465 5441 2636 5496 aliter
2657 5438 2914 5495 habent:
2937 5438 3043 5510 sed
3059 5455 3196 5494 cum
3219 5439 3352 5510 jure
3372 5455 3444 5496 ac
3469 5440 3681 5495 merito
3701 5453 3802 5495 ve-

2198 5514 2313 5568 reri
2341 5511 2713 5583 debeam,ne
2744 5510 2932 5583 multo
2946 5509 3146 5583 plura,
3169 5509 3357 5582 quam
3388 5515 3670 5583 par_era_t,
3693 5525 3804 5566 no-

2198 5589 2360 5640 tasse
2390 5583 2618 5648 videar,
2651 5582 2870 5637 bonum
2918 5581 3212 5637 libroruin
3266 5581 3468 5637 varias
3509 5581 3806 5638 lectiones

2200 5653 2748 5728 praetermittepdas
2778 5669 2913 5709 esse
2938 5653 3229 5728 iudicavi.

2267 5731 2384 5799 (73)
2425 5729 2546 5784 Vox
2578 5723 2860 5798 δυνάμενον
2886 5724 3096 5783 addita
3115 5729 3204 5781 est
3231 5739 3304 5780 ex
3335 5725 3729 5797 Reg.quarto.
