4120 6426
381 389 400 444 1
410 387 517 444 429

787 381 1130 439 ΑΡΡΕΝΒΙΧ
1168 378 1458 438 OPERUM
1496 377 1553 436 S.
1598 375 1847 433 BASILII
1884 377 2127 434 MAGNI.
2155 407 2223 417 —
2256 377 2544 434 HOMILIA
2583 376 2672 431 DE
2713 375 2981 432 SPlRlTU
3022 374 3316 433 SANCTO.

3603 374 3743 428 1430

1603 735 2489 862 APPENDIX

829 975 1100 1058 TOMI
1162 971 1686 1059 SECUNDI'
1747 970 2209 1056 OPERUM
2269 970 2354 1052 S.
2418 967 2831 1052 BASILII
2886 966 3286 1067 MAGNI,

1868 1160 2258 1203 COMPLECTENS

522 1296 765 1348 OPERA
813 1293 1168 1356 QUEDAM,
1221 1294 1419 1359 QUzE,
1473 1293 1564 1342 UT
1610 1291 1822 1343 NOBIS
1872 1291 2156 1350 QUIDEM
2204 1291 2551 1355 VIDE’I‘UR,
2605 1291 2678 1340 EI
2725 1290 2952 1341 FALSO
3001 1287 3353 1340 ASCRIPTA
3400 1277 3606 1341 SUN'I.

659 1548 792 1600 ΤΟΥ
817 1549 905 1598 ΕΝ
943 1547 1162 1598 ΔΓῙΟΙΣ
1200 1546 1462 1601 ΠΑΤΡΟΣ
1502 1549 1694 1597 ΗΜΩΝ

862 1659 1494 1766 ΒΑΣΙΛΕΙΟΥ,

557 1793 1006 1872 Ἀρχιεπισκόπου
1049 1798 1368 1870 Καισαρείας
1399 1788 1799 1859 Καππαδοκίας,

448 1906 696 1958 OMIAIA
735 1903 848 1973 (74)
889 1908 1040 1958 ΠΕΡΙ
1079 1909 1209 1957 ΤΟΥ
1247 1907 1447 1956 ΑΓΙΟΥ
1485 1906 1907 1956 ΠΝΕΥΜΔΤΟΣ.

446 2008 504 2062 Ὀ
560 2008 943 2083 βαπτιζόμενος
982 2009 1055 2072 εἰς
1104 2009 1313 2084 Τριάδα
1371 2008 1691 2082 βαπτίζεται
1754 2008 1822 2069 εἰς
1876 2014 1980 2059 Ποι-

374 2101 500 2174 τέρα
534 2102 624 2152 καὶ
677 2100 795 2153 res»
843 2104 934 2152 καὶ
979 2099 1128 2171 ἅγιον
1169 2106 1379 2172 Πνεῦμα
1409 2116 1422 2128 ⁶
1483 2101 1602 2150 οὔτε
1655 2097 1726 2158 εἰς
1787 2096 1976 2170 ἀρχὰς,

375 2191 493 2241 οὔτε
551 2187 625 2250 εἰς
674 2183 944 2261 δυνάμεις,
986 2191 1104 2241 οὔτε
1161 2188 1231 2250 εἰς
1276 2191 1344 2240 τὰ
1396 2187 1514 2250 ἑξῆς
1578 2185 1626 2238 ἐν
1682 2190 1969 2259 κτίσμασι.

375 2276 536 2336 Δῆλον
573 2273 663 2329 οὖν
716 2277 858 2347 αὐτῷ
897 2280 1050 2341 ἔστω,
1103 2278 1183 2329 ὅτι
1222 2279 1252 2335 ἡ
1303 2278 1466 2348 Τρεὰς
1504 2277 1631 2350 ὑπερ
1684 2280 1778 2332 τὴν
1808 2279 1980 2326 κτίσιν

375 2364 536 2419 ἐστί·
596 2370 687 2418 καὶ
742 2362 909 2438 μηδὲν
955 2374 1048 2426 τῆς
1102 2362 1334 2440 Τριάδος
1398 2366 1464 2426 εἰς
1521 2369 1696 2417 κτίσιν
1735 2366 1979 2435 κατάγειν

375 2453 725 2529 ἐπιχειρείτω.
785 2457 1082 2524 Μεμνὴσθω
1122 2451 1181 2508 δε
1235 2460 1326 2507 καὶ
1380 2462 1473 2506 τοῦ
1515 2459 1730 2529 Κυρίου,
1773 2461 1982 2526 Πνεῦμα

376 2543 526 2614 ἅγιον
569 2541 991 2616 ἐμφυσὴσᾱιντος,
1022 2549 1113 2596 καὶ
1165 2540 1432 2606 δείξαντος
1472 2539 1566 2596 διὰ
1603 2551 1694 2604 τῆς
1751 2542 1982 2616 ἐμφυσή-

378 2649 526 2696 σεως,
565 2632 647 2684 ὅτι
672 2634 730 2684 τὸ
761 2638 971 2704 Πνεῦμα
1020 2639 1118 2694 τῆς
1148 2633 1320 2693 θείκῆς
1367 2632 1552 2692 οὐσίας
1607 2630 1740 2698 ἐστὶ,
1783 2636 1873 2683 καὶ
1921 2620 1980 2682 οῦ

374 2725 472 2782 τῆς
500 2727 722 2780 κτιστῆς
751 2721 968 2792 φύσεως.
1003 2723 1312 2792 Λογιζέσθω
1354 2717 1413 2772 δὲ
1470 2725 1559 2772 καὶ
1593 2724 1687 2778 τὴν
1746 2719 1979 2772 ἀποστο-

371 2807 521 2867 λικήν
585 2806 836 2880 ἐξήγησιν
886 2814 1006 2882 περὶ
1054 2806 1299 2882 Τριάδος,
1351 2807 1399 2861 ἐν
1537 2813 1661 2882 μίαν
1723 2808 1978 2884 ἐνέργειαν

2011 1543 2060 1597 Α
2333 1541 2506 1614 583
2548 1541 2850 1599 SANCTI
2882 1539 3176 1603 PATRIS
3211 1539 3507 1598 NOSTRI

2692 1644 3136 1745 BASILII,

2304 1775 2594 1832 Caesareae
2639 1769 3035 1850 Cappadociae
3073 1775 3533 1852 archiepiscopi,

2382 1887 2666 1942 HOMILIA
2711 1888 2799 1942 DE
2839 1886 3113 1944 SPIBITU
3156 1888 3454 1944 SANCTO.

2162 1993 2273 2060 Qui
2300 1994 2658 2066 baptizatur,
2691 1994 2754 2050 in
2791 1995 3136 2052 Trinitatem
3163 1994 3524 2068 baptizatur,
3548 1993 3611 2051 in
3638 1997 3749 2051 Pa-

2086 2086 2240 2140 trem
2269 2087 2326 2139 et
2355 2082 2570 2138 Filium
2599 2087 2657 2138 et
2676 2083 2964 2155 Spiritum
2985 2085 3338 2153 sanctum“,
3365 2099 3487 2140 non
3508 2083 3570 2140 in
3590 2085 3752 2156 prin-

2088 2172 2339 2244 cipatus,
2371 2186 2572 2244 neque
2597 2173 2658 2227 in
2689 2173 2959 2241 virtutes,
2981 2189 3181 2245 neque
3202 2174 3263 2230 in
3295 2172 3558 2247 reliquas
3585 2187 3754 2232 (ει-ρι’

2087 2265 2276 2318 turas.
2309 2265 2514 2333 Itaque
2539 2268 2928 2334 perspectum
2980 2262 3032 2319 ei
3064 2263 3140 2318 sit
3169 2262 3512 2321 Trinitatem
3563 2278 3754 2335 supra

2088 2355 2427 2407 creaturam
2457 2366 2625 2416 esse;
2665 2363 2776 2406 nec
2801 2350 3139 2423 quidquam
3159 2350 3234 2407 de
3255 2351 3537 2408 Trinitate
3567 2367 3754 2424 supra

2089 2445 2428 2497 creaturam
2450 2440 2788 2512 deprimere
2806 2440 3214 2510 aggrediatur.
3231 2443 3452 2498 Memor
3474 2441 3549 2496 sit
3567 2440 3751 2498 etiam

2090 2531 2349 2600 Domini,
2372 2530 2777 2603 quiSpiritum
2799 2535 3076 2587 sanctum
3104 2530 3506 2602 insuﬂlavit“,
3529 2531 3754 2604 illaque

2089 2621 2496 2678 insuﬂlatione
2552 2619 2810 2676 ostendit
2857 2620 3141 2692 Spiritum
3193 2621 3467 2678 essentiaa
3510 2621 3751 2690 divinas,

2090 2726 2211 2768 non
2238 2715 2472 2766 naturae
2489 2715 2705 2766 creatis
2725 2725 2875 2766 esse.
2909 2713 3161 2782 Reputet
3175 2711 3357 2767 etiam
3381 2727 3589 2768 secum
3609 2726 3754 2783 apo-

2093 2801 2370 2858 stolicam
2388 2800 2464 2856 de
2490 2799 2770 2856 Trinitate
2797 2799 3256 2871 expositionem,
3286 2800 3346 2856 in
3391 2815 3515 2872 qua
3563 2816 3750 2858 unam

372 2897 568 2971 ὁρῶμεν
624 2901 830 2971 Πατρός
881 2903 972 2951 καὶ
1028 2901 1152 2951 Υἱοῦ
1182 2902 1272 2950 καὶ
1317 2897 1473 2970 ἁγίου
1529 2901 1822 2971 Πνεῦματος
1854 2915 1868 2928 ·
1909 2901 1964 2949 du

2090 2891 2502 2965 operationem
2554 2889 2836 2945 videmus
2875 2889 3060 2945 Patris
3117 2894 3175 2946 et
3224 2888 3346 2946 Filii
3400 2899 3455 2946 et
3501 2889 3753 2962 Spiritus

369 2984 468 3038 οὐκ
512 2986 655 3048 ὄντος
706 2995 921 3040 κτιστοῦ
955 2987 1063 3060 ικαὶ
1099 2995 1320 3045 ποιητοῦ
1377 2996 1470 3047 τῆν
1510 2990 1664 3060 φύσιν
1718 2991 1835 3040 οὔτε
1883 2995 1977 3040 τοῦ

367 3075 492 3127 Υὶοῦ
525 3075 643 3128 οὔτε
687 3083 781 3128 τοῦ
831 3078 1152 3148 Πνεῦματος.
1177 3075 1298 3128 Ὀτι
1336 3081 1439 3149 μὴν
1485 3084 1583 3138 τῆς
1621 3076 1806 3129 ἑαυτοῦ
1853 3079 1976 3128 κτί-

369 3181 499 3224 σεως
549 3164 576 3216 ὁ
627 3167 758 3226 Θεὸς
815 3161 1076 3218 ἐπιδεῖται
1111 3168 1223 3236 (75)
1262 3169 1392 3238 πρὸς
1430 3169 1486 3218 τὸ
1516 3170 1612 3224 τὴν
1661 3161 1803 3218 ἰδίαν
1832 3163 1973 3239 ἐνέρ-

361 3270 504 3322 γειαν
545 3249 885 3308 ἀποδιδόναι.
933 3259 1087 3326 Λέγει
1127 3251 1186 3308 δε
1241 3257 1268 3307 ὁ
1299 3253 1612 3316 Ἀπόστολος
1639 3271 1654 3284 ⁸
1699 3277 1728 3306 ‹‹
1761 3259 1972 3330 Διαιρέ-

365 3357 476 3401 σεις
498 3344 850 3414 χαρισμάτων
891 3342 1016 3413 εἰσὶ,
1051 3348 1140 3396 καὶ
1179 3347 1237 3396 τὸ
1275 3345 1404 3398 αὐτὸ
1436 3352 1669 3417 Πνεῦμα.
1709 3349 1809 3398 Καὶ
1832 3342 1867 3398 δ
1872 3365 1971 3397 tat-

363 3430 534 3502 ρέσεις
595 3425 874 3482 διακονιῶν
949 3430 1074 3496 εἰσι,
1133 3437 1224 3484 καὶ
1281 3434 1306 3484 ὁ
1360 3433 1513 3494 αὐτὸς
1582 3437 1795 3508 Κύριος,
1870 3439 1970 3487 Καὶ

365 3512 654 3591 διαιρέσεις
719 3521 1078 3594 ἐνεργημάτων
1127 3519 1277 3587 εἰσὶν,
1341 3523 1367 3572 ὁ
1427 3519 1486 3574 δὲ
1525 3521 1683 3584 αὐτὸς
1742 3526 1886 3589 Θεὸς,
1942 3525 1969 3576 ὁ

361 3603 576 3682 ἐνεργῶν
615 3610 682 3660 τὰ
718 3609 890 3661 πάντα
927 3610 977 3662 ἐν
997 3617 1179 3665 πᾶσιν.
1214 3630 1246 3665 ›
1286 3611 1488 3664 Οὐκοῦν
1535 3612 1569 3664 ἂ
1599 3611 1789 3684 ἐνεργεί
1815 3616 1964 3681 Θεὸς,

358 3702 532 3750 ταῦτα
591 3700 651 3750 τὸ
709 3703 920 3771 Πνεῦμα
958 3697 1168 3774 ἐνεργεῖ.
1229 3722 1258 3752 ‹‹
1302 3702 1482 3754 Πάντα
1539 3701 1752 3776 ἐνεργεῖ,
1811 3707 1964 3774 φησι,

359 3787 419 3836 τὸ
468 3784 516 3837 ἓν
546 3790 637 3839 καὶ
693 3789 752 3840 τὸ
806 3787 930 3841 αὐτὸ
979 3795 1208 3862 Πνεῦμα,
1247 3787 1488 3865 διαιροῦν
1533 3790 1733 3862 ἑκάστῳ
1791 3793 1964 3854 καθὼς

362 3871 626 3945 βούλεται.
691 3895 722 3929 »
776 3874 930 3936 Μηδέ
971 3878 1038 3940 είς
1106 3875 1346 3933 δουλείαν
1400 3881 1516 3952 (76)
1567 3884 1839 3952 καταγέτω
1903 3884 1962 3932 τὸ

361 3969 592 4038 Πνεῦμα,
652 3963 874 4037 ἀκούων,
915 3967 995 4020 ὅτι
1047 3971 1218 4030 καθὼς
1259 3969 1504 4043 βούλεται
1564 3973 1735 4023 πάντα
1773 3969 1967 4045 ἐνεργεῖ

353 4071 422 4106 τα
450 4061 542 4106 τοῦ
581 4062 736 4108 Θεοῦ.
781 4062 882 4110 Καὶ
909 4057 1063 4110 πάλιν
1099 4076 1113 4089 '
1147 4082 1176 4110 «
1215 4059 1273 4112 Ὀ
1323 4057 1382 4114 δέ
1431 4064 1618 4136 Κύριος
1660 4065 1718 4114 τὸ
1752 4063 1960 4133 Πνεῦμά

350 4139 512 4197 ἐστιν.
555 4143 634 4195 Οὗ
681 4141 740 4196 δέ
795 4149 854 4196 τὸ
912 4153 1122 4219 Πνεῦμα
1180 4154 1396 4222 Κυρίου,
1441 4148 1545 4202 ἐκεῖ
1604 4149 1883 4226 ἐλευθερία.
1927 4172 1956 4200 »

2089 2981 2300 3051 sancti,
2336 2981 2420 3035 sic
2450 2982 2515 3034 ut
2533 2992 2732 3050 neque
2764 2975 2962 3043 Filius,
3002 2991 3204 3050 neque
3235 2977 3490 3050 Spiritus
3511 2984 3751 3035 creatus

2086 3072 2183 3137 sit,
2210 3075 2314 3127 aut
2343 3069 2535 3126 factus
2566 3066 2908 3122 secundum
2936 3070 3379 3124 naturam.Non
3400 3068 3562 3125 enim
3590 3072 3747 3126 Deus

2086 3175 2198 3216 sua
2228 3158 2418 3231 ipsius
2449 3160 2724 3212 creatura
2742 3154 2971 3225 indiget
3000 3157 3080 3212 ad
3110 3172 3286 3213 suam
3303 3171 3553 3229 operam
3570 3158 3750 3217 eden-

2082 3247 2406 3306 dam.Dicit
2425 3251 2626 3302 autem
2647 3243 2970 3316 Apostolus
2989 3261 3002 3298 :
3021 3266 3048 3296 ιι
3077 3245 3410 3302 Divisiones
3440 3245 3745 3306 donorum

2083 3345 2243 3409 sunt,
2278 3343 2337 3394 et
2374 3336 2538 3393 idem
2567 3334 2839 3407 Spiritus.
2873 3337 2942 3392 Et
2986 3334 3316 3393 divisiones
3359 3335 3744 3394 ministratio-

2077 3446 2228 3486 num
2255 3433 2416 3496 sunt,
2447 3425 2684 3483 etidem
2716 3424 3034 3481 Dominus.
3083 3427 3150 3482 Et
3177 3425 3507 3483 divisiones
3533 3443 3743 3500 opera-

2077 3520 2311 3576 tionum
2342 3521 2504 3584 sunt,
2536 3515 2698 3572 idem
2719 3530 2864 3571 vero
2888 3517 3066 3583 Deus,
3090 3515 3194 3586 qui
3219 3521 3506 3588 operatur
3534 3517 3743 3576 omnia

2075 3607 2136 3665 in
2157 3607 2554 3665 omnibus°°.»
2582 3609 2793 3676 Itaque
2812 3619 2949 3676 quae
2977 3609 3262 3676 operatur
3292 3607 3468 3674 Deus,
3493 3622 3565 3663 ea
3593 3623 3740 3680 ope-

2073 3703 2241 3755 ratur
2289 3697 2563 3770 Spiritus.
2598 3718 2627 3746 «
2660 3694 2899 3763 Omnia,
2930 3693 3144 3765 inquit,
3191 3699 3471 3766 operatur
3499 3712 3656 3754 unus
3681 3701 3740 3755 et

2072 3789 2233 3845 idem
2248 3783 2808 3860 Spiritus,dividens
2820 3783 3074 3852 singulis
3094 3783 3522 3854 proutvult“.>
3534 3788 3738 3860 Neque

2070 3879 2133 3936 in
2159 3877 2505 3935 servitutem
2529 3875 2795 3932 abducat
2844 3872 3154 3946 Spiritum,
3188 3889 3328 3930 cum
3359 3874 3528 3933 audit
3570 3890 3732 3945 eum,

2068 3974 2250 4042 prout
2277 3967 2422 4037 vult,
2473 3965 2684 4022 omnia
2733 3980 2870 4036 quae
2919 3962 3017 4018 dei
3042 3965 3183 4019 sunt
3206 3963 3464 4035 operari.
3495 3967 3580 4020 Ac
3607 3981 3734 4022 rur-

2069 4077 2214 4117 sus:
2263 4080 2290 4111 ι(
2327 4057 2615 4115 Dominus
2671 4058 2874 4111 autem
2920 4051 3173 4125 Spiritus
3217 4057 3326 4111 est.
3379 4053 3488 4110 Ubi
3526 4058 3732 4113 autem

2070 4151 2321 4224 Spiritus
2352 4147 2610 4211 Domini,
2661 4144 2745 4201 ibi
2774 4144 3023 4200 libertas
3048 4145 3116 4196 93.
3153 4163 3181 4193 »
3209 4143 3440 4200 Etenim
3488 4143 3598 4200 nisi
3639 4144 3728 4200 di-

349 4235 451 4284 Καὶ
480 4232 582 4305 γὰρ
610 4230 654 4283 εἰ
706 4237 776 4304 μὴ
837 4234 1058 4291 θεὸτητα
1101 4236 1236 4307 λέγει
1275 4247 1532 4290 κατοικεῖν
1591 4238 1640 4290 ἐν
1679 4242 1803 4312 ἡμῖν
1863 4235 1958 4291 διὰ

2076 4245 2164 4297 cat
2189 4239 2564 4295 divinitatem
2585 4235 2645 4291 in
2666 4233 2845 4290 nobis
2875 4233 3315 4290 inhabitantem
3349 4234 3631 4306 Spiritum
3655 4235 3726 4303 93,

342 4325 436 4371 τοῦ
491 4322 791 4392 Πνεῦματος
843 4330 1231 4390 κατοικοῦντος,
1280 4325 1516 4397 λέγοντος
1567 4336 1660 4379 τοῦ
1691 4329 1950 4395 Ἰωάννου,

345 4426 375 4457 ι(
416 4405 494 4461 Ἐν
541 4410 711 4479 τούτῳ
766 4414 1111 4483 γινώσκομεν,
1160 4415 1240 4464 ὅτι
1280 4413 1326 4465 ἐν
1366 4416 1491 4486 ἡμῖν
1545 4413 1706 4482 ἐστιν,
1768 4415 1824 4468 ἐκ
1861 4424 1952 4468 τοῦ

342 4497 643 4568 Πνεύματος
671 4498 731 4549 οὗ
770 4494 960 4550 ἔδωκεν
1015 4500 1133 4571 (77)
1178 4502 1324 4572 ἡμῖν,
1361 4508 1592 4554 »πᾶσαν
1639 4502 1818 4556 ἀπολεῖ
1857 4509 1952 4562 τὴν

344 4580 554 4638 ἐλπίδα.
611 4586 672 4639 Εἰ
726 4589 830 4663 γὰρ
870 4592 941 4660 μὴ
1005 4593 1131 4650 Θεὸς
1180 4589 1230 4642 ἐν
1274 4593 1422 4663 ἡμῖν,
1478 4594 1594 4644 οὔτε
1647 4593 1783 4653 ζωῆς
1836 4596 1953 4646 οὔτε

348 4674 558 4747 ἀγαθῶν
608 4677 799 4732 αἰωίων
856 4680 1160 4754 τευξόμεθα.
1213 4687 1369 4755 Λέγει
1435 4679 1496 4736 δὲ
1559 4689 1651 4736 καὶ
1709 4685 1864 4736 πάλιν
1923 4687 1949 4737 ὁ

346 4765 548 4830 Παῦλος
581 4789 594 4801 ·
639 4790 669 4820 ιε
701 4768 812 4821 Οὐκ
851 4767 1048 4838 οἴδατε,
1097 4773 1176 4826 ὅτι
1223 4775 1340 4834 ναὸς
1376 4781 1469 4826 τοῦ
1502 4781 1635 4827 Θεοῦ
1677 4774 1813 4842 ἐστε,
1856 4781 1948 4828 καὶ

346 4858 405 4908 τὸ
436 4863 648 4930 Πνεῦμα
674 4866 768 4912 τοῦ
797 4863 924 4913 Θεοῦ
955 4861 1086 4914 οἰκεῖ
1113 4860 1162 4914 ἐν
1193 4863 1312 4936 ὑμῖν
1345 4880 1360 4931 ;
1392 4885 1421 4914 »
1461 4868 1552 4916 καὶ
1587 4863 1739 4917 πάλιν
1768 4885 1781 4898 ·
1812 4884 1842 4920 ‹
1871 4868 1947 4919 Τὰ

417 5034 464 5069 ⁸⁸
490 5036 688 5111 Matth.
724 5055 961 5105 xxxvm,
998 5044 1084 5097 19.
1180 5043 1226 5077 ⁸ο
1257 5044 1434 5101 Joan.
1457 5059 1555 5111 xx,
1583 5048 1672 5100 22.

343 5121 468 5177 vm,
497 5111 579 5163 tt.
659 5110 708 5143 ⁸⁵
732 5113 750 5164 l
771 5111 984 5167 Joann.
1016 5129 1092 5181 ιγ,
1124 5117 1208 5171 13.
1288 5116 1377 5169 ³⁵1
1410 5110 1549 5173 Cor.
1573 5132 1651 5180 in,
1682 5116 1769 5173 16.

409 5257 432 5280 θ
455 5258 626 5314 Nunc
653 5260 824 5316 tertii.

555 5333 1022 5420 Dtraque-editio
1059 5337 1236 5420 ὁμιλία
1266 5337 1337 5420 είς
1364 5341 1422 5420 τὸ
1449 5338 1598 5420 ἅγιον
1631 5337 1933 5420 βάπτισμα,

340 5398 582 5483 (lemma
665 5398 942 5483 sanctum
957 5407 1025 5462 ba
1031 5398 1520 5483 piismaAntiqu'i
1537 5398 1660 5466 duo
1672 5410 1808 5466 libri
1827 5398 1939 5483 ὅμιέ

337 5466 747 5552 λίαίιςερὶ-ἁγίου
772 5466 1347 5552 Πνεῦμα-τοςὴοζηίἰὶα
1367 5466 1671 5539 ιίἐεαηοιο
1683 5466 1937 5552 Spiritu.

407 5544 518 5611 (75)
547 5544 746 5602 Codex
781 5544 1046 5606 Combef.
1078 5549 1364 5607 ἐπιδέεται.

428 5615 515 5697 79)
549 5616 737 5697 Editio
778 5620 953 5676 Basil.
984 5627 1041 5676 et
1063 5623 1187 5678 duo
1217 5639 1376 5697 mss.
1415 5621 1554 5697 μηδὲ
1585 5625 1653 5686 εἰς
1679 5621 1938 5693 δουλιίαν,

337 5683 442 5753 qui
463 5683 824 5760 baptizatur,
859 5708 1235 5768 nequaquam
1266 5683 1563 5766 Spiritum
1595 5683 1658 5752 ίιι
1684 5683 1940 5754 servitu-'-

1769 5045 1817 5079 90
1849 5048 1868 5101 ι
1897 5047 2026 5103 Cor.
2057 5059 2154 5112 xu,
2179 5043 2302 5100 4-6.

2064 4331 2300 4385 dicente
2329 4329 2633 4384 Joannem
2663 4329 2725 4381 ln
2747 4325 2863 4381 hoc
2884 4323 3312 4394 cognoscimus
3339 4324 3506 4396 quod
3533 4324 3593 4380 in
3624 4340 3729 4382 no.

2061 4418 2157 4473 bis
2207 4423 2314 4488 est,
2361 4432 2435 4472 ex
2487 4415 2707 4487 Spiritu
2735 4429 2916 4487 quem
2972 4414 3140 4470 dedit
3177 4413 3355 4470 nobis
3388 4417 3456 4482 9",
3492 4438 3520 4466 »
3553 4431 3724 4488 spem

2062 4522 2309 4563 omnem
2336 4521 2368 4560 e
2393 4505 2595 4560 medio
2614 4502 2925 4559 tollet.Nisi
2947 4503 3111 4558 enim
3134 4505 3288 4558 Deus
3311 4503 3372 4558 in
3394 4505 3569 4560 nobis
3603 4505 3726 4562 fue-

2059 4597 2357 4667 rit,neque
2385 4594 2798 4662 vitam,neque
2826 4591 2994 4646 bona
3012 4594 3236 4646 reterna
3255 4606 3720 4664 consequemur.

2063 4685 2208 4742 Dicit
2228 4687 2433 4740 autem
2453 4683 2668 4740 iterum
2692 4679 2938 4735 Paulus:
2955 4701 2982 4727 «
3008 4684 3096 4736 An
3116 4679 3362 4735 nescitis
3383 4680 3548 4753 quod
3578 4689 3722 4739 tem-

2057 4775 2228 4848 plum
2283 4772 2384 4829 Dei
2431 4770 2592 4838 estis,
2642 4774 2700 4826 et
2752 4768 3009 4841 Spiritus
3061 4767 3164 4824 Dei
3212 4767 3445 4827 habitat
3486 4770 3550 4827 in
3605 4787 3716 4828 vo-

2055 4863 2150 4922 bis
2171 4864 2259 4920 95?
2293 4883 2320 4913 »
2352 4863 2420 4917 Et
2463 4874 2722 4916 rursus:
2774 4880 2802 4910 ς
2850 4860 3115 4930 Corpora
3160 4861 3363 4916 vestra
3419 4858 3717 4932 templum

3442 5039 3489 5074 93
3520 5039 3703 5097 Rom.

2407 5041 2451 5076 9‘
2482 5037 2634 5096 ibid.
2663 5042 2744 5094 lt.
2841 5037 2888 5072 9³
2911 5039 2956 5092 ll
2989 5037 3119 5093 Cor.
3148 5053 3222 5106 In,
3255 5041 3340 5094 17.

2048 5273 2162 5324 tem
2192 5265 2476 5322 abducat.
2511 5262 2699 5337 Editio
2729 5261 2911 5337 Paris.
2944 5257 3131 5334 μηδεὶς
3161 5257 3418 5337 δουλείαν,
3451 5263 3620 5337 (χαρά
3644 5263 3711 5321 ιί-

2046 5343 2194 5416 quet
2216 5350 2380 5416 exeo
2411 5336 2706 5416 evenisse,
2734 5333 2903 5416 quod
2932 5332 3303 5416 typpgraphi
3331 5350 3440 5416 pro
3468 5332 3610 5416 μηδι
3635 5337 3708 5400 εἰς

2048 5402 2421 5491 conjunctim
2452 5402 3226 5491 edide‘ript'anfiaig'fcodeg
3252 5402 3706 5491 quidamﬁom-

2049 5475 2181 5538 bet:
2204 5477 2396 5553 μηδεὶς
2425 5479 2497 5540 εἰς
2525 5475 2788 5545 δουλείαν,
2816 5483 2952 5553 etc...
2975 5475 3472 5553 nemoSpiritum
3502 5480 3567 5535 in
3587 5495 3706 5538 ser-

2051 5548 2299 5610 vitutem
2314 5553 2491 5608 vitem
2515 5556 2734 5607 sortem
2760 5550 3020 5620 redigat.
3040 5548 3272 5606 Ibidem
3292 5551 3444 5606 unus
3465 5565 3580 5607 ms.
3613 5571 3704 5605 κα-

2052 5642 2337 5696 τοιγαγετω.

2125 5689 2212 5764 (77
2223 5699 2239 5767 )
2252 5693 2491 5768 Antiqui
2507 5693 2631 5751 duo
2642 5692 2780 5750 libri
2793 5689 3044 5750 δέδωκεν.
3059 5691 3222 5750 Alius
3235 5696 3292 5752 et
3307 5691 3467 5753 editi.
3487 5694 3698 5752 ἔδωκεν.
