4120 6378
267 391 401 458 1433

1409 398 1703 456 HOMILIA
1741 399 1831 455 DE
1873 397 2141 455 SPlRlTU
2183 398 2473 454 SANCTO.

3482 379 3621 456 1434

263 522 586 598 δοξολογίας.
622 545 650 575 ‹‹
697 529 782 595 Τῷ
829 524 965 596 λόγῳ
1017 527 1231 598 Κυρίου,
1265 526 1422 597 φησὶν
1471 525 1496 578 ὁ
1545 519 1844 596 Ψαλμῳδλός1

1969 521 2157 579 modo
2182 536 2327 578 vero
2347 539 2360 576 :
2387 523 2578 579 «Puto
2599 522 2764 596 quod
2788 523 3071 597 Spiritum
3093 523 3195 581 Dei
3217 523 3482 581 habeam
3497 525 3565 581 ¹².
3590 519 3618 574 ί)

260 617 310 667 οἱ
375 615 583 690 οὐρανοὶ
648 613 1074 687 ἐστερεώθησαν,
1142 618 1231 666 καὶ
1297 621 1369 684 τῷ
1439 615 1700 687 Πνεῦματι
1767 620 1858 664 τοῦ

261 708 518 777 στόματος
566 703 727 777 αὐτοῦ
765 710 914 757 πᾶσα
943 706 974 762 ἠ
1010 700 1234 777 δύναμις
1277 703 1465 756 αὐτῶν.
1501 724 1528 752 n
1561 707 1662 756 Καὶ
1710 701 1757 754 ἐν
1794 709 1855 774 τῇ

262 792 429 866 βίϐλῳ
469 801 562 846 τοῦ
617 793 734 847 Ἰὼϐ
783 797 1113 867 γέγραπται.
1165 816 1195 843 ‹‹
1245 800 1454 866 Πνεῦμα
1506 790 1566 846 δε
1616 795 1747 846 θεῖον
1800 793 1858 844 τὸ

256 885 488 942 ποιῆσάν
526 902 614 960 με.
643 904 671 932 ››
701 868 899 956 Ὅσπερ
948 879 1008 936 δε
1050 886 1220 954 Λόγον
1258 885 1422 960 ἕτερον
1451 886 1597 958 παρὰ
1623 885 1710 935 τόν
1740 883 1859 934 Υίόν

259 971 355 1024 οὐκ
399 975 540 1024 ἔστιν
587 973 897 1044 ὑποθέσθαι,
947 973 987 1043 ᾧ
1045 971 1274 1045 ἐγένοντο
1317 975 1366 1025 οἱ
1412 972 1624 1047 οὐρανοὶ
1664 969 1715 1044 (ἧ
1757 971 1857 1044 γὰρ

260 1061 321 1113 ἃν
370 1061 540 1115 οὐκέτι
589 1059 682 1115 διὰ
727 1067 820 1114 τοῦ
883 1066 1075 1136 Κυρίου
1123 1067 1384 1135 γεγονότες
1429 1060 1546 1129 εἷεν,
1594 1065 1732 1137 εἴπερ
1785 1058 1858 1114 δι’

244 1149 431 1223 λέτέρου
487 1150 645 1222 λόγου
694 1152 1030 1223 γεγόνασιν)·
1081 1153 1246 1215 οὕτως
1303 1149 1427 1208 οὐδὲ
1483 1158 1693 1225 Πνεῦμα
1752 1151 1859 1204 ἓτε-

257 1259 347 1314 ρον
375 1240 489 1310 (82)
519 1241 660 1294 ἔστιν
692 1243 1005 1306 ὑποθέσθαι,
1035 1245 1095 1294 τὸ
1135 1243 1263 1314 μετὰ
1290 1249 1382 1294 τοῦ
1413 1245 1589 1313 Λόγου
1622 1248 1859 1317 στερεοῦν

254 1331 351 1391 τὰς
411 1326 661 1406 δυνάμεις
726 1339 828 1383 τῶν
894 1331 1143 1406 οὐρανῶν.
1202 1338 1411 1404 Πνεῦμα
1471 1329 1530 1385 δε
1599 1337 1859 1407 στόματος

253 1417 560 1487 ἀκούοντες,
615 1419 707 1472 οῦκ
769 1419 1098 1496 ἀνθρωπίνως
1156 1420 1439 1494 ἀκούομεν,
1492 1420 1604 1473 ἀλλ’
1653 1425 1718 1482 ὡς
1774 1421 1858 1474 ἐπὶ

255 1513 391 1561 Θεοῦ
438 1513 631 1584 πρέπον
678 1507 840 1576 ἐστίν,
874 1511 1048 1584 ὥσπερ
1097 1514 1186 1564 καὶ
1233 1514 1320 1563 τὸν
1369 1515 1556 1583 Λόγον.
1593 1514 1726 1563 Οὔτε
1753 1515 1854 1588 γὰρ

253 1597 280 1648 ὁ
322 1601 488 1669 Λόγος
528 1599 675 1672 ῥῆμα
724 1596 1082 1671 διαλυόμενον,
1115 1599 1223 1652 ἀλλ’
1253 1602 1324 1662 ὡς
1370 1600 1396 1653 ὁ
1443 1597 1727 1674 ψαλμῳδός
1759 1622 1853 1674 φη-

255 1702 376 1737 σιν’
413 1706 440 1736 ‹‹
470 1686 558 1746 Εἰς
590 1689 679 1740 τὸν
728 1687 906 1754 αἰῶνα,
960 1691 1137 1763 Κύριε,
1183 1691 1210 1741 ὁ
1256 1694 1428 1761 Λόγος
1476 1709 1569 1742 σου
1622 1687 1854 1764 διαμένει

251 1771 301 1856 ἕν
353 1781 426 1844 τῷ
475 1775 696 1848 οὐρανῷ.
746 1798 775 1827 ››
827 1780 962 1830 Οῦτε
1012 1781 1071 1830 τὸ
1128 1785 1336 1852 Πνεῦμα
1393 1777 1712 1852 διαχεομένη
1774 1785 1856 1843 τίς

236 1858 365 1914 in:
421 1867 574 1929 πνοὴ,
609 1863 718 1917 ἀλλ’
749 1864 955 1918 ἑστῶσα
993 1871 1082 1919 καὶ
1125 1871 1374 1941 μένουσα.
1403 1890 1431 1918 ι(
1465 1876 1575 1921 Ποῦ
1623 1873 1724 1944 γὰρ
1762 1889 1854 1922 πο-

249 1953 416 2022 ρευθῶ
441 1949 544 2005 ἀπὸ
569 1961 661 2006 τοῦ
686 1957 987 2028 Πνεῦματός
1027 1976 1121 2010 σου
1147 1973 1160 2026 ;
1193 1979 1222 2008 »
1256 1963 1413 2030 φησὶν
1441 1959 1466 2010 ὁ
1496 1955 1683 2025 Δαϐὶδ,
1712 1964 1853 2022 ὄντος

235 2035 486 2108 νδηλαδὴ,
519 2046 609 2095 καὶ
642 2043 1037 2119 πεπληρωκότος
1079 2048 1145 2099 τὰ
1190 2050 1492 2119 σύμπαντα,
1518 2051 1609 2100 καὶ
1654 2046 1701 2100 ἐν
1731 2046 1852 2122 ἀξίᾳ

253 2129 398 2202 θεῖκῇ
445 2133 794 2196 καθεστῶτος.
847 2133 1009 2209 Ὀπερ
1057 2138 1156 2208 γὰρ
1220 2133 1326 2190 εἷπε
1375 2141 1495 2213 περὶ
1545 2145 1636 2190 τοῦ
1685 2141 1850 2190 Πνεῦ-

249 2237 430 2290 ματος,
482 2227 638 2274 τοῦτο
695 2226 786 2274 καὶ
839 2229 960 2300 περὶ
1011 2231 1295 2300 προσώπου
1364 2225 1500 2298 λέγει
1557 2235 1711 2292 Θεοῦ,
1759 2233 1851 2281 καὶ

247 2313 369 2380 περί
399 2305 576 2372 δεξιᾶς
607 2310 768 2362 αὐτοῦ
799 2315 1011 2384 φάσκων
1043 2312 1158 2376 ἑξῆς
1179 2335 1193 2348 ο
1228 2335 1256 2365 ι(
1288 2320 1387 2368 Καὶ
1419 2315 1518 2368 ἀπὸ
1557 2324 1650 2368 τοῦ
1679 2337 1848 2391 προσ-

233 2400 393 2448 ·ὡπου
440 2416 535 2449 σου
581 2405 683 2450 ποῦ
733 2402 916 2472 φύγω;
967 2401 1084 2454 Ἐὰν
1134 2401 1306 2455 ἀναϐῶ
1354 2404 1422 2465 εἰς
1474 2408 1559 2457 τόν
1611 2405 1846 2480 οὐρανόν,

239 2488 315 2537 ’σὺ
362 2483 469 2538 εκεῖ
515 2483 594 2540 εἷ·
647 2486 730 2540 ἐὰν
778 2489 989 2542 καταϐῶ
1042 2491 1112 2554 εἰς
1162 2496 1251 2544 τόν
1307 2489 1465 2564 ᾅδην,
1515 2497 1706 2570 πάρει·
1763 2495 1848 2549 ἐὰν

233 2571 488 2625 ’ἀναλάϐω
531 2577 625 2638 τὰς
662 2580 925 2651 πτέρυγάς
969 2599 1070 2651 μου
1117 2582 1232 2633 κατ’
1280 2583 1484 2656 ὄρθρον,
1534 2579 1623 2636 καὶ
1679 2604 1847 2637 κατα-

247 2665 506 2718 σκηνώσω
546 2664 618 2727 εἷς
657 2667 722 2718 τὰ
769 2669 976 2738 ἔσχατα
1023 2677 1120 2731 τῆς
1168 2669 1466 2733 θαλάσσης·
1495 2677 1585 2724 καὶ
1610 2675 1709 2749 γὰρ
1745 2673 1849 2727 ἐκεῖ

231 2751 274 2807 ’ἡ
328 2755 450 2823 χείρ
508 2771 602 2805 σου
659 2751 918 2828 ὁδηγήσει
966 2776 1053 2830 με,
1102 2764 1194 2811 καὶ
1240 2760 1444 2824 καθέξει
1499 2781 1564 2834 με
1614 2765 1644 2822 ἡ
1699 2761 1848 2826 δεξιά

232 2847 365 2893 σου.
401 2861 428 2890 n
464 2843 564 2894 Καὶ
595 2849 731 2915 φωνὴ
768 2852 901 2898 Θεοῦ
930 2852 1049 2920 περὶ
1089 2847 1274 2902 ἑαυτοῦ
1317 2869 1371 2903 τε
1418 2856 1508 2904 καὶ
1549 2855 1846 2926 Πνεῦματος

227 2933 397 2980 “τοῦτο
443 2928 580 3003 λέγει
606 2931 755 3008 (83)·
791 2955 821 2984 ‹‹
855 2934 985 3006 Ἐγώ
1035 2936 1141 3010 εἰμι
1183 2937 1231 2990 ἒν
1279 2941 1421 3012 ὑμῖν,
1455 2947 1586 3013 φησι
1632 2946 1842 3016 Κύριος,

243 3021 334 3068 καὶ
380 3021 438 3070 τό
479 3023 688 3093 Πνεῦμά
731 3041 831 3094 μου
863 3022 1137 3097 έφέστηκεν
1183 3025 1231 3079 έν
1278 3033 1420 3101 μέσῳ
1454 3032 1615 3103 ὑμων.
1651 3054 1680 3082 ››
1713 3033 1848 3084 Οῦτε

243 3100 332 3192 οὖν
365 3104 630 3183 ἀλλότριον
668 3118 763 3175 τῆς
793 3119 885 3165 τοῦ
929 3115 1065 3167 Θεοῦ
1109 3100 1287 3179 δόξης
1316 3122 1375 3170 τό
1395 3100 1636 3192 Πνεῦμα,
1670 3120 1724 3172 ἐκ
1753 3129 1845 3174 τοῦ

1971 612 2125 678 Quin
2178 615 2236 667 et
2293 610 2597 682 Scriptura
2651 617 2825 668 vetus
2879 613 3130 685 Spiritus
3188 613 3621 685 gloriﬁcatione

1967 701 2148 774 plena
2190 704 2296 757 est.
2333 722 2363 750 ‹‹
2401 700 2593 756 Verbo
2651 701 2904 772 Domini,
2938 701 3152 775 inquit,
3195 703 3437 769 Psaltes,
3489 702 3622 759 caeli

1966 791 2190 847 ﬁrmati
2238 793 2397 856 sunt,
2449 795 2505 846 et
2549 790 2770 862 Spiritu
2825 791 2946 846 oris
3001 791 3132 862 ejus
3180 792 3377 847 omnis
3431 791 3622 846 virtus

1968 895 2179 936 eorum
2204 881 2271 938 ίθ.
2305 903 2333 930 ››
2366 882 2432 936 Et
2469 879 2530 934 in
2559 879 2714 936 libro
2752 878 2866 936 Job
2912 879 3204 952 scriptum
3243 888 3332 937 est
3361 898 3374 937 :
3407 902 3435 930 «
3470 879 3624 936 Divi-

1966 986 2085 1026 nus
2132 975 2337 1027 autem
2388 969 2638 1044 Spiritus
2686 970 2793 1042 qui
2841 969 2978 1026 fecit
3020 985 3118 1026 me
3142 971 3205 1026 ιι.
3243 991 3270 1020 υ
3302 973 3372 1026 Ut
3419 974 3623 1026 autem

1967 1064 2185 1133 praeter
2215 1059 2424 1116 Filium
2472 1060 2732 1116 Verbum
2776 1059 2940 1115 aliud
2985 1075 3110 1132 quo
3149 1059 3282 1115 caeli
3311 1058 3450 1115 facti
3481 1059 3621 1128 sint,

1969 1149 2231 1221 supponi
2259 1164 2385 1205 non
2428 1152 2624 1222 potest
2653 1149 2902 1224 (alioqui
2940 1148 3103 1206 enim
3133 1163 3256 1205 non
3287 1152 3489 1204 essent
3517 1163 3625 1219 per

1969 1239 2292 1295 Dominum
2322 1241 2526 1295 Jesum
2568 1239 2729 1307 facti,
2762 1239 2812 1296 si
2840 1255 2948 1313 per
2991 1239 3159 1296 aliud
3200 1239 3453 1295 verbum
3480 1238 3623 1295 facti

1965 1328 2240 1391 fuissent)
2269 1347 2282 1385 :
2315 1329 2396 1385 ita
2434 1345 2634 1404 neque
2665 1329 2916 1403 Spiritus
2942 1329 3094 1386 alius
3119 1329 3232 1401 qui
3261 1345 3398 1384 cum
3428 1328 3622 1385 Verbo

1966 1417 2214 1474 virtutes
2262 1419 2550 1474 ctelorum
2587 1418 2803 1486 ﬂrmet,
2861 1420 3034 1492 585
3084 1422 3283 1492 potest
3336 1417 3619 1491 supponi.

1967 1509 2114 1564 Cum
2146 1512 2348 1564 autem
2382 1508 2665 1582 Spiritum
2696 1508 2817 1565 oris
2861 1509 3166 1575 audimus,
3197 1523 3321 1564 non
3347 1507 3621 1564 humano

1964 1615 2132 1655 more
2163 1600 2512 1672 accipimus,
2547 1599 2654 1657 sed
2684 1605 2748 1656 ut
2779 1602 2963 1656 Deum
2993 1600 3184 1670 decet,
3216 1599 3620 1673 quemadmo-

1963 1688 2112 1744 dum
2143 1693 2200 1744 et
2229 1688 2487 1745 Verbum
2513 1689 2761 1759 intelligi
2790 1695 3044 1763 oportet.
3071 1693 3272 1762 Neque
3294 1689 3455 1744 enim
3483 1691 3620 1745 Ver-

1962 1777 2112 1834 bum
2141 1794 2261 1834 vox
2291 1783 2380 1834 est
2409 1795 2545 1851 qua:
2571 1779 2970 1836 dissolvatur:
3003 1779 3131 1849 sed,
3166 1782 3232 1834 ut
3256 1777 3482 1834 Psaltes
3513 1777 3616 1844 ait,

1894 1879 1932 1934 Β
1965 1891 1992 1917 ‹‹
2033 1870 2097 1923 In
2142 1874 2454 1940 aeternum,
2487 1869 2760 1937 Domine,
2790 1870 3051 1925 Verbum
3089 1873 3263 1925 tuum
3307 1872 3620 1941 permanet

1959 1959 2022 2014 in
2055 1959 2208 2015 ccelo
2228 1961 2294 2015 '5.
2321 1981 2348 2009 »
2380 1963 2581 2032 Neque
2609 1961 2859 2032 Spiritus
2880 1959 3062 2017 ﬂatus
3093 1959 3346 2032 quidam
3377 1962 3485 2026 est,
3511 1957 3619 2030 qui

1927 2043 2340 2105 ‘diﬂ‘undatur
2367 2065 2380 2104 :
2411 2047 2518 2105 sed
2562 2049 2742 2105 ﬂatus
2781 2054 2872 2105 est
2907 2049 3013 2122 qui
3057 2049 3350 2112 consistit,
3380 2063 3617 2120 perma-

1961 2143 2199 2212 netque.
2231 2161 2260 2189 «
2293 2142 2424 2206 Quo
2455 2141 2614 2196 enim
2654 2139 2757 2196 ibo
2789 2156 2825 2196 a
2863 2139 3083 2212 Spiritu
3113 2144 3216 2196 tuo
3240 2141 3285 2174 ¹⁶
3311 2138 3339 2192 ‘I
3368 2158 3396 2187 ››
3423 2137 3618 2209 inquit

1962 2229 2171 2296 David,
2204 2245 2344 2285 cum
2390 2230 2462 2286 sit
2500 2229 2750 2302 ubique,
2780 2230 3152 2302 impleatque
3197 2227 3422 2292 omnia,
3458 2231 3514 2283 et
3551 2226 3614 2283 in

1959 2318 2252 2388 dignitate
2295 2320 2501 2375 divina
2549 2321 2817 2376 exsistat.
2853 2319 3024 2385 Quod
3063 2319 3224 2375 enim
3267 2319 3342 2374 de
3391 2317 3614 2389 Spiritu

1958 2408 2127 2477 dixit,
2159 2409 2221 2464 id
2247 2413 2306 2465 et
2332 2409 2407 2464 de
2435 2409 2586 2465 facie
2613 2409 2712 2466 Dei
2744 2409 2906 2477 dicit,
2932 2407 3128 2481 deque
3155 2407 3314 2463 illius
3341 2406 3610 2477 dextera,

1958 2513 2098 2554 cum
2143 2498 2494 2570 subjungit:
2533 2521 2561 2549 «
2595 2501 2660 2554 Et
2698 2515 2822 2570 quo
2854 2514 2890 2554 a
2928 2497 3079 2553 facie
3106 2503 3209 2553 tua
3246 2496 3524 2566 fugiam?
3554 2494 3614 2551 Si

1958 2586 2288 2642 ascendero
2313 2587 2375 2642 in
2402 2585 2643 2653 caelum,
2683 2591 2748 2642 tu
2775 2586 2895 2642 illic
2927 2601 3026 2642 es:
3061 2586 3108 2641 si
3147 2583 3519 2640 descendero
3548 2581 3613 2639 in

1955 2673 2279 2747 infernum,
2315 2675 2497 2732 ades:
2529 2677 2578 2732 si
2608 2691 2929 2748 sumpsero
2969 2689 3204 2748 pennas
3245 2690 3413 2729 meas
3454 2672 3610 2728 dilu-

1955 2764 2112 2831 culo,
2146 2769 2204 2822 et
2228 2765 2584 2822 habitavere
2623 2765 2684 2821 in
2715 2765 2996 2822 extremis
3027 2764 3212 2820 maris
3241 2781 3254 2819 :
3289 2762 3509 2819 etenim
3540 2761 3608 2817 il-

1953 2853 2052 2909 luc
2078 2870 2297 2910 manus
2323 2859 2428 2911 tua
2456 2855 2713 2911 deducet
2743 2870 2860 2924 me,
2890 2859 2947 2910 et
2974 2853 3200 2910 tenebit
3229 2868 3324 2908 me
3363 2851 3610 2909 dextera

1955 2948 2059 3000 tua
2087 2946 2148 3000 ⁸⁷.
2183 2966 2211 2993 »
2243 2947 2310 3000 Et
2334 2961 2449 3000 vox
2481 2945 2582 3000 Dei
2607 2945 2683 3001 de
2714 2961 2777 3000 se
2808 2943 2987 3000 simul
3017 2948 3073 3000 et
3097 2943 3173 2998 de
3201 2943 3421 3016 Spiritu
3467 2941 3610 3000 dicit

1952 3032 2136 3089 illud:
2163 3055 2190 3084 «
2217 3037 2337 3104 Ego
2360 3050 2494 3089 sum
2525 3035 2586 3089 in
2609 3033 2810 3104 vobis,
2836 3033 3030 3106 inquit
3061 3032 3372 3100 Dominus,
3396 3035 3453 3087 et
3483 3031 3610 3104 Spi-

1951 3121 2102 3178 ritus
2125 3139 2300 3179 meus
2329 3123 2486 3179 stetit
2511 3123 2572 3180 in
2603 3123 2803 3179 medio
2831 3131 3100 3179 vestrum
3119 3123 3182 3177 ευ.
3209 3143 3236 3171 n
3271 3124 3473 3192 Neque
3501 3119 3610 3190 igi-

244 3191 474 3268 ἂῤῥήτου
517 3204 777 3272 στόματος
823 3201 1050 3278 ἆῤῥήτως
1098 3203 1409 3279 ίκπεφηνόςο
1457 3191 1574 3262 οὔτε
1620 3210 1777 3274 αὐτὸς
1819 3213 1844 3265 ό

1953 3216 2049 3268 tur
2074 3213 2308 3270 alienus
2336 3218 2425 3270 est
2453 3229 2490 3270 a
2519 3214 2620 3270 Dei
2653 3213 2844 3284 gloria
2878 3213 3150 3285 Spiritus,
3178 3216 3243 3267 ut
3267 3191 3475 3284 quiiex
3503 3223 3608 3267 ore

245 3287 377 3368 Θεός
413 3286 532 3338 ἄνευ
581 3291 901 3361 Πνεῦματος,
949 3291 1076 3346 ἀλλὰ
1129 3303 1262 3348 Θεοῦ
1301 3297 1415 3368 (84)
1466 3305 1694 3372 Πνεῦμα,
1755 3307 1845 3355 καὶ

242 3373 387 3443 παρὰ
436 3380 569 3444 Θεῷ,
622 3374 1056 3452 ἀποστελλόμενον
1111 3380 1170 3436 δὲ
1217 3388 1358 3460 παρὰ
1405 3393 1552 3455 Θεοῦ,
1604 3394 1692 3441 καὶ
1752 3387 1845 3444 διὰ

241 3461 368 3513 Υἰοῦ
423 3468 853 3538 χορηγούμενον)
902 3470 974 3533 ὡς
1018 3470 1220 3543 λέγεται
1273 3477 1363 3546 μὲν
1416 3475 1470 3528 έκ
1499 3485 1591 3529 τοῦ
1647 3499 1841 3554 πατρι-

239 3555 336 3601 κοῦ
389 3557 715 3624 προσώπουο
765 3576 795 3606 α
847 3559 916 3610 Τό
975 3565 1185 3634 Πνεῦμα
1230 3566 1290 3615 τό
1347 3563 1490 3636 ἐμόν,
1535 3567 1561 3619 ὃ
1605 3565 1715 3619 ἔστι
1759 3566 1842 3621 ἐπὶ

220 3643 329 3692 ’σοί
352 3661 364 3674 ·
399 3660 431 3691 ›>
457 3641 663 3715 λέγεται
693 3642 753 3700 δὲ
801 3648 900 3701 ῦπό
944 3658 1036 3702 τοῦ
1076 3657 1292 3728 Κυρίου,
1328 3656 1408 3708 ὅτι
1439 3678 1468 3706 tt
1501 3657 1840 3732 Παράκλητον

217 3729 428 3821 ’πέμψω
471 3733 632 3806 ὑμίνο
680 3756 709 3785 ››
758 3736 811 3788 ὃν
861 3734 928 3798 δὴ
987 3745 1076 3794 καὶ
1124 3743 1271 3797 καλεῖ
1318 3769 1338 3795 ι
1391 3749 1449 3799 τό
1500 3729 1708 3821 Πνεῦμα
1751 3757 1841 3810 τῆς

237 3816 498 3909 έιληθείας.
543 3845 572 3874 n
612 3823 735 3878 Ἕνα
779 3830 871 3901 μὲν
929 3826 1018 3883 οὖν
1067 3838 1292 3909 Πατέρα,
1347 3837 1435 3890 ἕνα
1490 3835 1550 3891 δὲ
1601 3816 1738 3906 ἱλίὀν,
1790 3840 1838 3893 ἓν

219 3903 300 3984 ’δὲ
345 3915 434 3963 καὶ
482 3919 693 3988 Πνεῦμα
734 3917 870 3971 κατὰ
911 3924 1005 3979 τὴν
1056 3903 1213 3975 θείαν.
1244 3903 1543 4002 παράδοσιν
1575 3903 1837 4004 ὁμολογη-

219 4001 365 4068 θτέον,
395 4004 484 4054 καὶ
528 4002 646 4057 οὒτε
692 4002 789 4058 δύο
837 4013 1077 4086 πατέρας,
1113 4015 1228 4066 οὔτε
1278 4011 1374 4069 δύο
1423 4019 1603 4080 υἱούς·
1651 4001 1833 4096 διόπερ

217 4089 294 4138 ’τό
342 4095 553 4186 Πνεῦμα
599 4095 716 4186 Υἱός
759 4095 853 4148 οὐκ
901 4101 1055 4171 ἔστιν,
1092 4100 1216 4156 οὐδὲ
1262 4103 1591 4178 ὀνομάζεται.
1626 4110 1702 4162 Οὐ
1731 4089 1833 4186 γὰρ

230 4179 379 4251 παρὰ
424 4186 515 4232 τοῦ
563 4185 860 4255 Πνεῦματός
918 4206 1035 4239 τινα
1087 4189 1411 4266 λαμϐάνομεν
1464 4199 1637 4272 ὥσπερ
1691 4179 1836 4274 παρα

229 4273 321 4358 τοῦ
354 4269 488 4358 ,ι’ὶοῦ
527 4273 861 4358 τὸᾼΠνεῦμα,
892 4273 1002 4326 ἀλλ’
1035 4277 1161 4330 αῦτό
1204 4286 1428 4354 προσιὸν
1453 4285 1562 4357 (85)
1594 4269 1718 4358 ημῖν
1744 4269 1834 4342 καὶ

231 4353 452 4426 ἁγιάζον
482 4355 858 4432 ὑποδεκόμεθα
879 4382 892 4395 ο
925 4365 1164 4428 θεότητος
1200 4375 1490 4439 κοινωνίαν,
1522 4380 1613 4425 καὶ
1653 4379 1830 4435 υἰότη-

211 4459 320 4538 Δτος
364 4451 664 4537 μετουσίαν,
705 4454 795 4501 καὶ
849 4457 942 4512 τῆς
1002 4453 1210 4508 αἰωνίου
1271 4457 1618 4533 κληρονομίας
1666 4462 1830 4538 ἁρῥα-

1952 3301 2241 3359 inett‘abili
2285 3303 2542 3376 prodeat
2587 3302 2876 3360 ineffabili
2923 3302 3146 3358 modo:
3192 3315 3391 3374 neque
3450 3303 3606 3356 Deus

1950 3392 2079 3465 ipse
2109 3393 2343 3466 absque
2375 3393 2625 3466 Spiritus
2654 3397 2772 3450 est:
2799 3392 2906 3448 sed
2937 3391 3034 3448 Dei
3069 3390 3343 3464 Spiritus,
3367 3393 3423 3446 et
3441 3388 3608 3463 apud

1951 3487 2141 3540 Deum
2170 3488 2280 3550 est,
2307 3484 2528 3539 missus
2560 3499 2595 3538 a
2627 3485 2767 3553 Deo,
2799 3498 3028 3555 perque
3073 3481 3284 3538 Filium
3324 3478 3607 3552 suppedi-

1949 3577 2128 3630 tatus.
2169 3573 2702 3640 Quemadmodum
2733 3573 2948 3629 dicitur
2971 3589 3043 3629 ex
3076 3571 3266 3628 Patris
3297 3585 3560 3644 persona
3587 3587 3601 3626 :

1949 3685 1977 3714 «
2023 3663 2277 3736 Spiritus
2320 3679 2514 3730 meus,
2541 3663 2647 3737 qui
2695 3664 2876 3720 estin
2909 3667 2962 3718 te
2988 3663 3053 3717 η.
3092 3682 3119 3711 ››
3150 3660 3370 3717 Dicitur
3396 3675 3537 3715 vero
3567 3673 3606 3716 ε.

1948 3755 2223 3822 Domino,
2241 3776 2269 3804 «
2288 3753 2659 3810 Paracletum
2679 3754 2914 3809 mittam
2932 3751 3134 3807 vobis:
3154 3773 3180 3800 »
3195 3765 3379 3823 quem
3395 3747 3603 3820 utique

1945 3848 2124 3899 vocat
2151 3844 2332 3900 etiam
2359 3867 2386 3894 «
2417 3845 2705 3917 Spiritum
2734 3843 3083 3900 veritatis”.
3116 3863 3144 3890 »
3177 3843 3373 3897 Unum
3398 3838 3602 3911 itaque

1943 3935 2406 4002 Patrem,unum
2425 3933 2725 4003 Filium,et
2741 3950 2930 3989 unum
2955 3931 3241 4005 Spiritum
3263 3927 3600 3985 secundum

1942 4023 2324 4079 traditionem
2357 4023 2629 4080 divinam
2657 4022 3054 4079 conﬁteamur
3078 4022 3330 4094 oportet,
3349 4031 3473 4073 non
3497 4031 3602 4088 pa-

1944 4117 2062 4168 tres
2085 4112 2263 4182 duos,
2285 4128 2405 4169 non
2426 4113 2582 4169 duos
2604 4112 2760 4169 ﬁlios
2782 4130 2794 4168 :
2819 4108 3320 4184 quandoquidem
3344 4105 3597 4179 Spiritus

1943 4202 2119 4258 Filius
2145 4218 2271 4258 non
2301 4207 2409 4272 cst,
2439 4218 2637 4276 neque
2664 4202 3032 4259 nominatur.
3068 4203 3194 4257 Non
3217 4201 3376 4256 enim
3401 4212 3436 4253 a
3461 4197 3596 4270 Spi-

1938 4291 2055 4347 ritu
2080 4292 2433 4364 quempiam
2465 4292 2798 4366 accipimus
2828 4289 3356 4366 quemadmodum
3387 4303 3423 4344 a
3451 4287 3596 4343 Filio

1941 4380 2225 4453 Spiritum
2256 4397 2268 4436 :
2304 4381 2409 4436 sed
2435 4382 2637 4454 ipsum
2667 4383 2743 4438 ad
2776 4399 2888 4438 nos
2921 4381 3329 4446 accedentem,
3359 4391 3596 4450 nosque

1941 4469 2442 4537 sanctiﬁcantem,
2467 4471 2856 4543 suscipimus,
2882 4470 3122 4526 deitatis
3140 4468 3414 4524 videlicet
3435 4482 3597 4521 com-

230 4529 408 4640 ϐῶνα]
459 4533 549 4587 καὶ
596 4545 696 4588 τῶν
744 4537 1027 4611 μελλόντων
1087 4542 1293 4616 ἀγαθῶν
1346 4529 1615 4623 ἄπαρχὴν.
1677 4529 1832 4610 Ιίίηδέ

1953 4557 2663 4630 nunionem,adoptionis
2679 4559 3469 4632 participationem,a3terna3
3481 4556 3594 4611 hir-

227 4641 312 4685 τις
365 4622 512 4687 έκτός
557 4636 657 4680 τῶν
709 4628 986 4703 εἰρημένων
1043 4633 1187 4710 ἱερῶν
1237 4637 1499 4712 ὀνομάτων
1552 4661 1827 4717 περιεργα-

229 4713 439 4773 ζέσθωο
489 4714 630 4791 μηδὲ
680 4721 804 4772 Υἱοῦ
856 4729 1215 4798 προσηγορίαν
1256 4725 1341 4780 ἰπὶ
1393 4713 1704 4804 Πνεῦματος
1735 4713 1826 4786 ’τι-

230 4803 371 4857 θέναι
429 4804 722 4881 βιαςέσθω,
771 4807 913 4884 μηδὲ
957 4815 1236 4886 γέννησιν·
1297 4816 1407 4871 ἀλλ’
1448 4818 1709 4894 ἀρκείσθω
1760 4834 1822 4900 τῇ

304 5001 350 5086 ιι
381 5001 853 5086 ,ι’(ζριιεμγιι,Δ
947 5009 992 5044 ¹³
1031 5009 1185 5068 Psal.
1227 5028 1406 5086 xxxn,
1447 5019 1498 5072 6.

1600 5019 1644 5054 η
1681 5019 1793 5076 Job
1832 5036 2036 5090 χχχιιι,
2085 5024 2139 5078 4.

1934 4645 2202 4702 reditatis
2227 4647 2661 4713 arrhabonem,
2687 4653 2745 4705 et
2773 4648 3109 4703 futurorum
3139 4646 3438 4702 bonorum
3475 4645 3594 4718 pri-

1935 4735 2156 4796 mitias.
2177 4740 2292 4794 Nec
2317 4738 2643 4810 quisquam
2671 4742 2839 4794 extra
2865 4753 3039 4793 sacra
3062 4737 3193 4792 haec
3217 4735 3470 4791 nomina
3495 4749 3592 4792 cu-

1932 4825 2155 4883 riosius
2170 4827 2510 4899 investiget;
2528 4842 2728 4900 neque
2752 4827 2876 4884 Filii
2888 4826 3376 4901 appellationem,
3390 4841 3589 4903 neque

2237 5025 2281 5060 15
2322 5023 2474 5081 Psal.
2509 5040 2699 5097 cxvm,
2738 5028 2826 5083 89.
2925 5027 2969 5062 ¹⁶
3008 5024 3164 5084 Psal.
3208 5027 3475 5097 cxxxvin,
3516 5031 3576 5084 7.

225 5073 272 5108 ¹⁷
311 5071 461 5130 ibid.
503 5078 652 5131 7-l0.
708 5071 776 5113 ἠ
814 5083 966 5152 Agg.
1005 5096 1047 5138 ιι
1085 5086 1136 5154 5,
1181 5087 1233 5140 6.
1315 5087 1360 5122 ¹⁰
1391 5071 1514 5146 Ἰεό.
1546 5103 1658 5158 LIV,
1684 5071 1788 5149 '27.
1835 5071 1844 5077 ’

1953 5071 2138 5153 Idan:
2165 5111 2258 5161 xv,
2300 5071 2390 5152 2-6:

221 5263 266 5336 "_
293 5252 408 5322 (82)
447 5253 712 5336 Utraque
749 5253 976 5336 _editio_
1002 5261 1060 5315 et
1107 5260 1273 5318 Colb.
1333 5264 1564 5336 primus
1617 5266 1819 5336 ἑτέρως.

226 5322 365 5412 lteg.
393 5322 700 5412 secundus
743 5327 930 5403 ἕτερον,
960 5328 1135 5387 bene.
1166 5335 1298 5391 Mox
1327 5322 1521 5394 codex
1553 5322 1819 5398 Combei.

225 5405 448 5463 ουρανῶν
487 5405 678 5451 αὐτῶν.
1205 5434 1210 5439 -
1746 5440 1751 5446 .

297 5465 408 5533 (83)
445 5467 634 5547 Editio
676 5469 863 5547 Paris:
909 5479 1062 5525 τοῦτο
1099 5473 1257 5547 λέγει.
1300 5479 1491 5537 Editio
1540 5482 1716 5539 Basil.
1765 5489 1822 5541 et

219 5538 356 5660 ge:
371 5550 521 5592 mss.
551 5538 796 5611 λέγουσα.
829 5545 970 5615 Reg.
998 5538 1299 5604 secundus
1326 5565 1435 5622 pro
1461 5561 1614 5607 τοῦτο
1638 5538 1824 5614 habet

288 5676 404 5749 (84)
446 5679 705 5756 Utraque
747 5684 928 5744 editio
971 5691 1029 5746 et
1076 5693 1193 5746 tres
1247 5691 1461 5760 saltem
1510 5712 1656 5754 mss.
1704 5673 1820 5754 οὔτε

1934 5272 2083 5350 αὐτὸς
2114 5276 2138 5350 ῤ
2171 5277 2315 5342 Θεὸς,
2347 5273 2473 5328 ἀλλὰ
2503 5279 2648 5350 Θεοῦ,
2684 5276 2908 5350 quibus
2952 5276 3019 5350 in
3063 5275 3264 5350 verbis
3313 5275 3437 5350 vitii
3482 5277 3585 5334 ali-

1931 5345 2080 5417 quid
2118 5346 2314 5423 inesse
2351 5347 2658 5423 suspicor.
2703 5345 2821 5404 Nec
2862 5348 3031 5423 enim
3077 5348 3278 5416 video,
3317 5349 3396 5404 ad
3433 5350 3583 5423 quid

1930 5433 2047 5472 vox
2095 5418 2248 5493 αὐτός
2276 5418 2585 5493 referatur,
2619 5435 2780 5493 cum,
2803 5420 2892 5493 ad
2924 5435 3137 5475 vocem
3177 5428 3400 5493 πνεῦμα,
3443 5418 3581 5493 quas

1928 5489 2202 5564 neutrius
2231 5491 2492 5564 generis
2541 5495 2648 5564 est,
2693 5491 2898 5548 referri
2945 5507 3068 5548 non
3123 5489 3330 5564 queat.
3379 5489 3580 5555 Codex

1928 5561 2181 5632 quidam
2212 5561 2481 5618 Combef.
2519 5562 2601 5618 uti
2626 5563 2686 5618 in
2717 5567 3021 5620 contextu.

2000 5636 2116 5712 (85)
2358 5632 2495 5712 ἄλλα
2531 5641 2770 5712 προσιόν.
2825 5637 2987 5692 Unus
3029 5649 3144 5692 ms.
3188 5634 3294 5688 ἀλλ’
3336 5635 3478 5712 αὐτῷ
3521 5640 3582 5696 τὸ

1926 5708 2166 5778 προσιόν.
2197 5705 2359 5764 Alius
2389 5704 2495 5760 ἀλλ’
2525 5704 2653 5762 αὐτὸ
2679 5713 2919 5782 προσιόν.
