4120 6390
497 364 632 422 1435

1507 367 1856 424 APPENDIX
1895 363 2176 422 OPERUM
2215 361 2272 418 S.
2315 363 2568 422 BASILll
2607 367 2847 422 MAGNI.

3729 364 3870 422 H36

494 489 947 562 generationem
995 488 1284 547 violenter
1330 489 1410 547 ad
1456 489 1743 564 Spiritum
1772 489 2148 562 detorqueat,

2292 487 2402 538 ιατά
2442 489 2500 540 τὸ
2543 495 2755 562 Πνεῦμα
2795 491 3130 564 προσηγορίᾳ
3167 489 3257 541 καὶ
3286 486 3532 559 ὁμοιώσει
3559 485 3691 558 (86).
3725 485 3871 542 Ἐπεὶ

497 580 606 636 sed
638 579 889 652 Spiritus
911 579 1318 652 appellatione
1342 585 1664 637 contentus
1687 581 1762 638 sit
1782 585 1964 653 atque
1990 576 2153 634 simi-

492 669 766 726 litudine.
801 669 917 726 Sed
947 669 1109 726 enim
1140 685 1213 725 ex
1247 670 1348 725 Dei
1379 671 1595 742 optimi
1623 670 1836 741 gratia,
1871 666 2155 726 recorda-

495 757 657 814 tione
677 756 1008 813 verborum
1035 758 1327 828 unigeniti
1355 757 1480 815 Filii
1505 758 1604 814 Dei
1632 757 1911 823 viventis,
1934 760 1992 812 et
2023 769 2158 810 san-

497 853 732 905 ctorum
754 849 885 919 ejus
906 848 1420 918 evangelistarum
1439 853 1497 904 et
1516 848 1932 922 apostolorum
1951 850 2007 903 et
2025 859 2160 918 pro-

496 936 844 1008 phetarum,
876 937 982 1010 qui
1007 937 1137 1009 ejus
1184 937 1354 1011 quod
1383 938 1722 995 secundum
1769 935 2158 1006 Evangelium

500 1025 739 1082 Domini
775 1027 967 1083 nostri
996 1029 1136 1083 Jesu
1165 1027 1377 1084 Christi
1415 1033 1504 1085 est
1538 1026 1914 1100 baptismatis
1942 1023 2160 1081 doctri-

499 1129 648 1171 nam
679 1115 828 1171 satis
858 1116 1036 1172 nobis
1060 1116 1480 1189 explanarunt,
1507 1117 1704 1172 edocti
1734 1131 1945 1172 sumus
1969 1113 2163 1186 bapti-

505 1221 642 1261 sma
670 1205 819 1261 illud
848 1205 1016 1278 quod
1041 1207 1102 1262 in
1123 1206 1262 1276 igne
1283 1207 1370 1276 fit,
1392 1210 1458 1262 ut
1483 1207 1560 1264 ad
1587 1205 1881 1263 malitiam
1905 1219 2164 1274 arguen-

504 1294 670 1360 dam,
695 1294 775 1351 ita
796 1294 877 1350 ad
896 1294 1108 1350 Christi
1122 1295 1422 1366 justitiam
1443 1295 1853 1369 recipiendam
1873 1293 2164 1350 idoneum

505 1401 656 1451 esse,
685 1384 772 1441 sic
803 1388 864 1440 ut
895 1383 1076 1440 simul
1117 1385 1344 1442 militias
1394 1386 1604 1442 odium
1634 1390 1693 1442 et
1719 1385 1953 1442 virtutis
1999 1382 2165 1439 desi-

503 1473 739 1530 derium
759 1473 992 1546 pariat:
1016 1473 1158 1530 item
1180 1491 1288 1548 per
1313 1476 1500 1532 fidem
1526 1475 1825 1546 sanguine
1849 1473 2060 1530 Christi
2087 1471 2166 1528 ab

503 1563 670 1619 omni
712 1569 961 1635 peccato
1009 1565 1279 1636 purgari,
1312 1569 1492 1639 atque
1542 1565 1603 1622 in
1634 1569 1795 1639 aQua
1834 1563 2168 1637 baptizatos

504 1667 617 1708 nos
658 1653 719 1709 in
759 1658 1018 1710 mortem
1047 1655 1306 1727 Domini,
1339 1655 1517 1728 quasi
1544 1655 1992 1712 confessionem
2021 1650 2169 1707 scri-

505 1746 674 1816 ptam
722 1742 1101 1816 deposuisse,
1147 1762 1272 1818 qua
1317 1746 1675 1819 proﬁtemur
1725 1749 2000 1801 mortuos
2047 1755 2171 1798 non

2268 569 2328 627 δε
2371 583 2505 630 Θεοῦ
2548 586 2640 631 τοῦ
2681 578 2881 651 ἀγαθοῦ
2923 580 3135 653 χάριτι,
3162 584 3222 649 τῇ
3255 581 3433 649 μνήμη
3464 583 3562 628 τῶν
3597 582 3690 628 τοῦ
3719 594 3875 649 μονο-

2264 674 2444 736 γενοῦς
2487 669 2611 722 Υἰοῦ
2649 677 2740 723 τοῦ
2791 676 2924 726 Θεοῦ
2968 674 3061 721 τοῦ
3111 670 3300 730 ζῶντος
3343 666 3614 740 ῥημάτων,
3643 670 3733 720 καὶ
3769 675 3875 720 τῶν

2268 753 2429 826 ἁγίων
2499 757 2659 811 αὐτοῦ
2717 757 3097 831 εύαγγελιστῶν
3149 775 3204 809 τε
3257 759 3346 808 καὶ
3413 753 3714 808 ἀποστόλων
3778 761 3875 810 καὶ

2267 855 2564 918 προφητῶν,
2620 847 2892 923 αὐτάρκως
2949 848 3075 920 ἡμῖν
3142 844 3541 919 σαφηνισάντων
3607 846 3700 898 τότ
3753 850 3880 920 περὶ

2268 942 2360 988 τοῦ
2411 937 2548 988 κατά
2594 939 2652 989 τὸ
2720 935 3030 1009 Εὖαγγίλιον
3086 942 3178 990 τοῦ
3234 938 3429 1009 Κυρίου
3488 935 3634 1006 ἡμῶν
3695 933 3879 999 Ἰησοῦ

2268 1031 2504 1098 Χριστοῦ
2563 1025 2936 1100 βαπτίσματος
2989 1025 3161 1099 λόγον,
3222 1021 3632 1098 ἐπαιδεύθημεν,
3683 1026 3767 1078 ὅτι
3819 1029 3880 1079 τὸ

2269 1117 2360 1188 μὲν
2391 1113 2440 1167 ἐν
2470 1123 2542 1187 τῷ
2580 1120 2710 1189 πυρί
2764 1114 3048 1188 βάπτισμα
3085 1114 3374 1188 ἐλεγκτικόν
3414 1118 3503 1187 μέν
3549 1113 3661 1167 ἔστι
3703 1114 3884 1178 πάσης

2271 1209 2476 1271 κακίας,
2520 1201 2760 1258 δεκτικὸν
2811 1202 2870 1258 δὲ
2908 1214 3004 1267 τῆς
3053 1207 3190 1257 κατά
3235 1207 3468 1278 Χριστόν
3509 1201 3884 1275 δικαιοσύνης,

2273 1301 2427 1366 μῖσος
2473 1298 2563 1368 μεν
2613 1295 2862 1368 ἐμποιοῦν
2914 1304 3012 1358 τῆς
3057 1299 3288 1362 κακίας,
3341 1292 3620 1367 ἐπιθυμίαν
3677 1291 3739 1347 δε
3789 1304 3887 1356 τῆς

2276 1382 2495 1459 ἀρετῆς·
2549 1380 2643 1437 διὰ
2698 1382 2757 1438 δὲ
2805 1392 2902 1448 τῆς
2943 1390 3166 1445 πίστεως
3213 1385 3314 1436 ύπό
3365 1390 3458 1436 τοῦ
3509 1383 3732 1457 αἵματος
3790 1391 3887 1438 τοῦ

2277 1481 2512 1549 Χριστοῦ
2565 1472 2984 1550 ἐκαθαρίσθημεν
3035 1472 3136 1527 ἀπὸ
3178 1474 3358 1534 πάσης
3404 1471 3682 1546 ἁμαρτίας,
3724 1472 3773 1528 ἐν
3823 1469 3888 1527 δε

2276 1570 2349 1633 τῷ
2394 1560 2555 1616 ὕδατι
2605 1563 2984 1636 βαπτισθέντες
3032 1563 3099 1625 εἰς
3145 1565 3234 1616 τὸν
3286 1563 3503 1616 θάνατον
3540 1570 3634 1615 τοῦ
3668 1567 3886 1636 Κυρίου,

2279 1653 2452 1726 ὥσπερ
2544 1655 2797 1728 ἔγγραφον
2873 1652 3150 1726 ὁμολογίαν
3215 1653 3569 1725 κατεθέμεθα·
3637 1659 3890 1728 νενεκρῶ-

2283 1743 2408 1794 σθαι
2453 1742 2545 1815 μὲν
2589 1751 2652 1815 τῇ
2705 1741 2936 1815 ἁμαρτίᾳ
2987 1747 3077 1795 καὶ
3124 1749 3196 1813 τῷ
3239 1746 3448 1815 κόσμῳ,
3487 1739 3888 1804 ἐξωοποιεῖσθαι

506 1848 638 1890 esse
664 1838 914 1906 peccato
953 1837 1011 1890 et
1037 1835 1292 1902 mundo,
1320 1836 1612 1892 viviﬁcari
1641 1851 1780 1890 vero
1818 1832 2089 1906 justitim,
2116 1832 2175 1886 et

2292 1827 2343 1884 δὲ
2371 1839 2432 1904 τῇ
2466 1828 2803 1906 δικαιοσύνῃ,
2835 1837 2925 1884 καὶ
2953 1832 3114 1893 οὕτως
3148 1830 3197 1883 ἐν
3236 1840 3308 1903 τῷ
3349 1830 3560 1903 ὀνόματι
3605 1838 3695 1884 τοῦ
3727 1829 3888 1902 ἁγίου

505 1921 591 1978 ita
624 1921 874 1978 demum
918 1923 980 1978 in
1011 1924 1257 1980 nomine
1300 1925 1496 1981 sancti
1528 1924 1780 1999 Spiritus
1811 1922 2170 1995 baptizatos,

508 2010 709 2066 denuo
742 2017 1061 2080 generatos
1090 2012 1294 2083 fuisse,
1319 2019 1637 2084 generatos
1662 2028 1802 2070 vero
1833 2017 1890 2068 et
1913 2009 2178 2083 baptiza-

510 2105 604 2157 tos
634 2099 695 2156 in
723 2101 968 2158 nomine
996 2102 1140 2168 Filii,
1161 2102 1460 2160 Christum
1486 2103 1777 2170 induisse,
1797 2102 2045 2158 indutos
2067 2115 2176 2155 au-

510 2191 630 2244 tem
651 2189 899 2246 homine
920 2206 1102 2258 novo,
1128 2192 1304 2264 586
1329 2192 1435 2264 qui
1455 2191 1794 2248 secundum
1811 2193 2001 2247 Deum
2021 2205 2176 2246 crea-

511 2280 610 2334 tus
640 2281 749 2342 est,
783 2279 845 2334 in
878 2280 1122 2336 nomine
1148 2282 1336 2336 Patris
1365 2281 1704 2354 baptizatos
1724 2279 1926 2352 fuisse,
1954 2279 2177 2352 Deique

510 2364 667 2422 ﬁlios
708 2366 1064 2439 appellatos.
1098 2371 1260 2441 Opus
1287 2373 1376 2425 est
1411 2369 1595 2440 igitur
1618 2368 1832 2424 nutriri
1867 2383 1981 2424 nos
2013 2367 2178 2424 dein-

514 2470 659 2527 ceps
691 2472 830 2512 esca
860 2458 997 2514 vitae
1025 2463 1300 2514 aeternae:
1330 2475 1518 2532 quam
1562 2458 1741 2514 nobis
1771 2473 1982 2514 rursus
2011 2456 2180 2514 dedit

511 2535 676 2600 idem
703 2545 1048 2616 unigenitus
1080 2542 1257 2605 Filius
1289 2548 1392 2604 Dei
1421 2548 1674 2605 viventis
1707 2546 1952 2603 dicens:
1990 2569 2016 2597 ‹‹
2049 2550 2178 2602 Non

515 2633 579 2689 in
609 2633 740 2691 solo
765 2651 924 2708 pane
952 2637 1093 2694 vivit
1120 2638 1327 2701 homo,
1363 2638 1472 2694 sed
1496 2638 1558 2693 in
1583 2637 1750 2694 omni
1780 2636 1990 2704 verbo,
2012 2634 2180 2708 quod

515 2724 825 2794 egreditur
861 2741 969 2798 per
999 2742 1069 2783 os
1103 2727 1288 2783 Dei“.
1323 2750 1351 2778 »
1383 2731 1452 2784 Et
1486 2726 1802 2800 quomodo
1827 2725 1888 2782 id
1917 2725 2046 2792 fiat,
2077 2725 2182 2782 do-

517 2814 638 2871 cuit
661 2815 814 2888 ipse,
839 2832 978 2872 cum
1006 2817 1186 2874 dixit:
1215 2840 1241 2867 ‹‹
1267 2821 1426 2876 Meus
1453 2817 1623 2874 cibus
1643 2821 1732 2873 est
1751 2822 1816 2872 ut
1835 2816 2056 2873 faciam
2081 2831 2184 2872 vo-

517 2903 813 2961 luntatem
842 2906 973 2977 ejus
1003 2907 1109 2978 qui
1137 2906 1301 2964 misit
1330 2923 1446 2978 me,
1477 2907 1665 2964 Patris
1685 2908 1752 2960 ’3.
1785 2929 1812 2958 n
1843 2909 1910 2962 Et
1932 2921 2177 2962 rursus:

520 3013 548 3043 ‹‹
575 2995 766 3049 Amen
793 3009 974 3050 amen
1001 2994 1136 3050 dico
1161 2994 1355 3050 vobis.
1382 3018 1411 3045 ››
1439 2998 1560 3052 Hoc
1585 2994 1802 3052 iterum
1831 3009 2184 3066 proponens

512 3082 599 3153 _ad
621 3099 694 3140 ea
717 3099 854 3156 quae
887 3090 1225 3157 sequuntur
1250 3084 1672 3141 conﬁrmanda
1693 3089 1750 3140 et
1776 3083 1856 3140 ad
1879 3083 2184 3139 auditores

521 3172 992 3238 convincendos,
1026 3174 1142 3230 ait:
1179 3196 1205 3224 ιι
1237 3174 1362 3230 Nisi
1392 3173 1906 3231 manducaveritis
1937 3188 2184 3228 carnem

521 3261 647 3320 Filii
692 3262 978 3331 hominis,
1027 3267 1085 3319 et
1125 3263 1395 3320 biberitis
1447 3264 1578 3336 ejus
1628 3262 2010 3334 sanguinem,
2060 3275 2186 3317 non

520 3349 762 3408 habetis
793 3352 978 3408 vitam
1012 3352 1072 3408 in
1103 3353 1294 3409 vobis.
1327 3353 1438 3420 Qui
1469 3353 1799 3410 manducat
1827 3367 2029 3408 meam
2061 3366 2187 3406 car-

523 3455 686 3507 nem,
712 3445 768 3498 et
795 3441 947 3497 bibit
973 3458 1177 3499 meum
1201 3443 1584 3514 sanguinem,
1607 3441 1792 3500 habet
1811 3441 1995 3498 vitam
2024 3443 2188 3496 aiter-

523 3545 689 3602 nam,
724 3533 780 3587 et
822 3547 934 3602 ego
977 3533 1350 3590 resuscitabo
1401 3549 1542 3590 eum
1583 3533 1645 3589 in
1693 3531 2027 3588 novissimo
2067 3529 2186 3586 die.

526 3621 677 3677 Caro
727 3618 887 3676 enim
921 3638 1060 3678 mea
1087 3638 1222 3679 vere
1253 3627 1345 3679 est
1385 3621 1596 3679 cibus:
1626 3625 1682 3679 et
1725 3619 1971 3692 sanguis
2015 3635 2189 3675 meus

524 3724 662 3765 vere
707 3714 794 3766 est
838 3714 1036 3783 potus.
1073 3711 1181 3779 Qui
1220 3711 1551 3768 manducat
1597 3727 1800 3767 meam
1836 3724 2102 3775 carnem,
2134 3711 2192 3762 et

523 3797 677 3855 bibit
706 3815 912 3856 meum
962 3802 1347 3872 sanguinem,
1389 3801 1452 3858 in
1482 3817 1579 3858 me
1609 3803 1837 3867 manet,
1866 3804 1923 3855 et
1968 3813 2081 3868 ego
2130 3796 2190 3852 in

523 3886 625 3944 illo
641 3889 711 3943 ³³.
738 3910 766 3938 ››
794 3893 856 3946 Et
885 3890 1070 3962 paulo
1096 3896 1232 3964 post
1255 3891 1544 3964 scriptum
1575 3894 1694 3947 est:
1723 3913 1750 3939 «
1774 3887 1932 3946 Multi
1952 3901 2096 3957 ergo
2119 3901 2193 3940 ex

525 3976 841 4052 discipulis
873 3980 1004 4052 ejus
1034 3981 1348 4038 audientes
1373 3997 1716 4038 sermonem
1742 3979 2057 4034 dixerunt:
2085 3977 2194 4030 Du-

524 4083 630 4124 rus
653 4074 744 4126 est
765 4070 861 4126 hic
886 4087 1109 4128 sermo.
1136 4072 1278 4138 Quis
1307 4077 1502 4146 potest
1531 4087 1670 4128 eum
1703 4067 1954 4125 audire?
1985 4065 2192 4123 Sciens

528 4162 731 4213 autem
761 4161 932 4215 Jesus
952 4161 1115 4233 apud
1136 4162 1546 4234 semetipsum,
1561 4157 1728 4232 quod
1747 4156 2193 4213 murmurarent

528 4245 604 4302 de
636 4246 751 4303 hoc
785 4248 1066 4322 discipuli
1102 4252 1250 4322 ejus,
1283 4251 1432 4306 dixit
1463 4250 1546 4306 eis
1576 4266 1588 4304 :
1623 4251 1741 4304 Hoc
1779 4262 1890 4302 vos
1930 4243 2191 4300 scanda-

527 4334 710 4394 lizat?
740 4338 796 4395 Si
827 4355 969 4411 ergo
1000 4340 1267 4397 videritis
1303 4341 1511 4397 Filium
1542 4336 1808 4394 hominis
1855 4333 2192 4393 ascenden-

530 4429 649 4482 tem
683 4442 753 4482 eo
783 4428 885 4484 ubi
925 4435 1054 4486 erat
1081 4431 1251 4503 prius
1273 4433 1300 4488 ?
1329 4429 1579 4503 Spiritus
1622 4433 1707 4484 est
1739 4426 1843 4499 qui
1886 4424 2192 4481 viviﬁcat:

531 4531 673 4573 caro
701 4533 822 4574 non
846 4520 1097 4594 prodest
1115 4519 1479 4593 quidquam.
1504 4517 1695 4574 Verba
1716 4533 1854 4573 mea
1877 4513 2119 4588 spiritus
2142 4516 2199 4567 et

529 4605 653 4662 vita
685 4612 842 4663 sunt.
872 4608 988 4665 Sed
1019 4615 1159 4666 sunt
1184 4609 1434 4682 quidam
1467 4624 1538 4664 ex
1568 4606 1760 4678 vobis,
1797 4604 1898 4678 qui
1926 4619 2050 4660 non
2076 4617 2198 4658 cre-

533 4695 704 4752 dunt.
730 4700 982 4754 Noverat
1010 4698 1171 4755 enim
1203 4698 1281 4756 ab
1311 4699 1482 4754 initio
1508 4699 1703 4767 Jesus,
1727 4695 1830 4769 qui
1856 4696 2057 4750 essent
2077 4707 2200 4748 cre-

533 4783 766 4857 dentes,
791 4792 847 4844 et
871 4788 1010 4860 quis
1035 4788 1364 4845 traditurus
1396 4791 1556 4845 esset
1581 4785 1808 4859 ipsum.
1834 4787 1901 4840 Et
1925 4781 2196 4838 dicebat:

533 4879 854 4950 Propterea
884 4878 1007 4934 dixi
1035 4879 1225 4951 vobis,
1251 4878 1419 4952 quod
1456 4893 1636 4933 nemo
1664 4879 1860 4948 potest
1887 4873 2092 4930 venire
2123 4870 2203 4928 ad

535 4982 651 5037 me,
680 4967 798 5023 nisi
823 4968 999 5026 fuerit
1021 4969 1073 5024 ei
1096 4968 1308 5024 datum
1333 4984 1369 5024 a
1395 4971 1562 5023 Patre
1588 4967 1809 5022 meo“.
1832 4987 1858 5014 »
1890 4966 1956 5019 Et
1975 4965 2202 5036 postre-

535 5072 670 5114 mo:
707 5079 735 5106 «
771 5059 919 5114 Cum
960 5074 1105 5128 ergo
1135 5057 1466 5130 accepisset
1493 5059 1663 5112 Jesus
1691 5069 1936 5128 panem,
1965 5057 2021 5108 et
2062 5067 2202 5121 gra-

536 5147 648 5203 tias
697 5149 942 5220 egisset.
973 5149 1168 5222 fregit.
1199 5149 1487 5221 deditque
1535 5143 1874 5217 discipulis,
1908 5145 1965 5198 et
2011 5141 2199 5197 dixit:

535 5236 800 5311 Accipite
831 5243 887 5296 et
917 5238 1214 5295 comedite
1239 5253 1252 5293 :
1277 5237 1392 5293 hoc
1415 5241 1508 5292 est.
1536 5251 1758 5308 corpus
1783 5247 2014 5302 meum,
2037 5229 2206 5302 quod

608 5402 651 5436 ²¹
698 5399 897 5457 Matth.
939 5415 1017 5464 iv,
1057 5403 1108 5456 4.
1187 5401 1235 5435 ²²
1274 5399 1449 5455 Joan.
1492 5413 1567 5466 IV,
1609 5397 1697 5452 34.

610 5564 720 5637 (86)
762 5566 902 5650 Reg.
936 5577 1097 5616 unus
1140 5566 1232 5614 καὶ
1257 5563 1524 5642 ὁμοιώσει,
1559 5559 1639 5610 ὅτι
1671 5549 2202 5650 αύτῷλπρέπειιδόξα

541 5627 625 5697 εἰς’
651 5627 772 5696 τσὺς
821 5627 1030 5710 ᾳῗῶνας.
1064 5634 1250 5706 Ἀμήν.
1285 5627 1600 5710 Quoniam
1628 5644 1760 5685 eum
1808 5627 1971 5708 decet
2001 5627 2204 5710 gloria

537 5710 606 5767 in
653 5708 899 5779 sweula,
927 5721 1148 5763 amen:
1193 5709 1424 5773 contra,
1471 5706 1609 5785 post
1651 5713 1886 5765 vocem,
1931 5706 2198 5770 ὁμοιώσει,

1776 5395 1825 5428 ³³
1862 5395 2034 5448 Joan.
2077 5406 2157 5459 vi,
2199 5390 2384 5445 54-57.

2286 1922 2581 1993 Πνεύματος
2641 1919 3038 1993 βαπτισθέντες,
3098 1919 3288 1972 ἄνωθεν
3344 1917 3717 1992 ἔγιννήθημενυ
3775 1938 3894 1990 γεν-

2283 2011 2518 2070 νηθέντες
2550 2005 2609 2062 δὲ
2639 2013 2730 2062 καὶ
2761 2008 2808 2062 ἐν
2835 2017 2908 2081 τῷ
2948 2007 3162 2082 ὀνόματι
3190 2015 3280 2061 τοῦ
3324 2010 3448 2061 Υἰοῦ
3493 2006 3892 2081 βαπτισθέντες,

2284 2102 2371 2151 τὸν
2406 2103 2639 2172 Χριστόν
2687 2096 3044 2172 ἐνεδυσάμεθα
3069 2115 3082 2128 ⁶
3115 2094 3459 2171 ἐνδυσάμενοι
3489 2094 3550 2150 δε
3595 2101 3684 2150 τόν
3715 2100 3891 2150 καινὸν

2285 2189 2576 2263 ἄνθρωπον,
2617 2193 2702 2241 τὸν
2749 2191 2883 2240 κατά
2939 2192 3068 2242 Θεὸν
3120 2189 3422 2258 κτισθέντα,
3455 2186 3503 2240 ἓν
3549 2194 3623 2258 τῷ
3677 2186 3898 2260 ὀνόματι

2284 2285 2374 2331 τοῦ
2433 2281 2638 2351 Πατρός
2691 2277 3076 2352 ἐϐαπτίσθημεν
3135 2281 3224 2331 καὶ
3279 2281 3433 2330 τέκνα
3509 2284 3642 2331 Θεοῦ
3695 2275 3901 2348 ἀπηγο-

2285 2369 2559 2442 ρεύθημεν.
2616 2373 2778 2440 Χρεία
2835 2364 2922 2421 οὖν
2984 2367 3163 2420 λοιπόν
3228 2369 3510 2442 τρέφεσθαι
3573 2369 3710 2440 ἡμᾶς
3773 2384 3899 2441 τρο-

2289 2461 2386 2528 φὴν
2453 2457 2592 2518 ζωῆς
2657 2456 2891 2526 αἰωνίου,
2945 2459 3124 2515 ἥντινα
3187 2453 3488 2530 παρέδωκεν
3550 2458 3676 2529 ἡμῖν
3743 2455 3901 2509 πάλιν

2289 2545 2315 2596 ό
2374 2544 2528 2606 αὐτὸς
2591 2549 2872 2617 μονογενής
2933 2546 3050 2606 Υἱὸς
3103 2552 3194 2597 τοῦ
3246 2545 3434 2606 ζῶντος
3493 2552 3648 2615 Θεοῦ,
3700 2544 3897 2597 εἰπών·

2291 2654 2320 2682 ‹(
2363 2633 2474 2684 Οῦκ
2527 2631 2602 2684 ἐπ’
2651 2635 2792 2709 ἄρτῳ
2834 2637 2972 2706 μόνῳ
3028 2633 3249 2695 ζήσεται
3297 2634 3588 2709 ἄνθρωπος,
3649 2631 3756 2685 ἀλλ’
3814 2630 3904 2686 ἐπὶ

2292 2727 2448 2775 παντὶ
2501 2723 2702 2798 ῥήματι
2753 2721 3136 2796 ἐκπορευομένῳ
3192 2719 3286 2774 διά
3343 2725 3601 2796 στόματος
3654 2727 3808 2776 Θεοῦ.
3865 2742 3900 2771 ››

2295 2816 2392 2865 Καὶ
2451 2820 2561 2875 πῶς
2638 2819 2789 2864 τοῦτο
2860 2815 3097 2884 γένηται,
3154 2807 3394 2874 ἐδίδαξεν
3459 2809 3507 2863 ἐν
3560 2820 3634 2883 τῷ
3699 2811 3901 2864 εἰπεῖν·

2295 2923 2323 2952 ι(
2367 2901 2518 2975 Ἐμὸν
2560 2900 2753 2975 βρῶμά
2796 2899 2936 2954 ἐστιν
2984 2902 3068 2953 ἱνα
3107 2908 3242 2953 ποιῶ
3289 2904 3346 2953 τὸ
3396 2900 3595 2973 θέλημα
3635 2907 3726 2953 τοῦ
3772 2903 3906 2973 πίμ-

2293 2992 2485 3064 ψαντός
2524 3011 2586 3065 με
2628 2996 2831 3066 Πατρός
2861 3011 2874 3025 ο
2909 3013 2938 3042 ››
2969 2996 3059 3043 καὶ
3099 2989 3254 3043 πάλιν
3279 3007 3291 3019 ·
3322 3012 3348 3039 ιι
3384 2989 3549 3062 Ἀμὴν
3588 2989 3726 3062 ἀμην
3768 2989 3908 3060 λέγω

2295 3083 2437 3154 ὑμῖν.
2478 3103 2506 3131 ››
2553 3085 2691 3156 Πρὸς
2735 3079 3022 3152 βεϐαίωσιν
3068 3086 3167 3131 τῶν
3215 3076 3587 3152 ἐπιφερομένων
3637 3081 3729 3128 καὶ.
3769 3075 3908 3135 πλη⁹

2294 3174 2542 3246 ροφορίαν
2580 3179 2679 3221 τῶν
2727 3167 3038 3233 ἀκουόντων,
3072 3166 3127 3219 ἐκ
3175 3163 3422 3240 δευτέρου
3461 3165 3614 3219 τοῦτο
3665 3166 3908 3238 προθεὶς,

2297 3263 2473 3333 φησὶν,
2508 3260 2588 3310 ὅτι
2620 3280 2646 3306 α
2691 3255 2804 3310 Ἐὰν
2835 3260 2905 3328 μή
2940 3258 3141 3328 φάγητε
3186 3259 3280 3313 τὴν
3323 3256 3497 3329 σάρκα
3523 3261 3616 3306 τοῦ
3660 3255 3787 3307 Υἰοῦ
3812 3259 3913 3305 τοῦ

2298 3349 2594 3423 ἀνθρώπου,
2628 3352 2717 3400 καὶ
2765 3352 2920 3405 πίητε
2965 3345 3126 3398 αὐτοῦ
3167 3349 3226 3398 τό
3263 3346 3416 3417 αἷμα,
3447 3343 3542 3396 οὐκ
3586 3345 3736 3415 ἔχετε
3769 3345 3913 3406 ζωὴν

2298 3438 2345 3491 ἐν
2379 3438 2603 3499 ἑαυτοῖς.
2632 3438 2690 3490 ὐ
2720 3442 2930 3510 τρώγων
2963 3454 3063 3508 μου
3112 3439 3207 3493 τὴν
3255 3436 3447 3508 σάρκα,
3479 3436 3570 3485 καὶ
3616 3437 3776 3486 πίνων
3805 3451 3912 3504 μου

2297 3532 2356 3583 τὸ
2403 3529 2554 3602 αἷμα,
2598 3530 2711 3598 ἔχει
2765 3525 2904 3586 ζωὴν
2942 3525 3167 3591 αἰώνιον,
3211 3521 3359 3594 κάγώ
3409 3521 3698 3575 ἀναπαύσω
3750 3520 3913 3574 αὐτὸν

2301 3617 2348 3670 ἐν
2389 3625 2449 3690 τῇ
2509 3615 2712 3688 ἐσχάτῃ
2767 3616 2957 3688 ἡμέρᾳ.
2999 3613 3057 3666 Ἣ
3098 3616 3200 3687 γὰρ
3250 3611 3384 3687 σάρξ
3422 3631 3523 3684 μου
3557 3609 3759 3672 ἀληθής
3795 3611 3916 3664 ἑστι

2303 3704 2539 3780 βρῶσις·
2569 3710 2655 3756 καὶ
2690 3707 2746 3755 τὸ
2779 3703 2910 3775 αἷμά
2947 3721 3048 3775 μου
3081 3699 3280 3762 ἀληθής
3323 3697 3437 3752 ἐστι
3474 3703 3649 3760 πόσις.
3679 3696 3738 3751 Ὀ
3771 3700 3916 3772 πρώ-

2300 3817 2405 3869 γων
2435 3814 2535 3867 μου
2568 3798 2661 3851 την
2710 3793 2900 3867 σάρκα,
2933 3794 3025 3842 καὶ
3072 3794 3230 3842 πίνων
3280 3807 3380 3862 μου
3422 3792 3482 3840 τό
3531 3789 3683 3861 αἷμα,
3716 3789 3765 3839 ἐν
3795 3785 3916 3860 ἐμοὶ

2302 3889 2460 3959 μένει,
2502 3881 2644 3954 κάγώ
2701 3880 2749 3933 ἐν
2802 3880 2964 3950 αὐτῷ.
3000 3900 3028 3928 ››
3080 3883 3182 3932 Καὶ
3222 3879 3335 3950 μετ’
3389 3876 3539 3950 ὀλίγα
3571 3880 3911 3952 γέγραπται·

2305 3996 2332 4024 ι(
2368 3971 2554 4026 Πολλοὶ
2585 3967 2692 4035 οὖν,
2729 3967 3037 4028 ἀκούσαντες
3075 3971 3162 4020 τὸν
3205 3966 3355 4039 λόγον
3386 3975 3486 4019 τῶν
3525 3968 3774 4040 μαθητῶν
3817 3964 3914 4019 αὖ·

2691 4057 2913 4132 Σκληρός
2957 4055 3096 4109 ἐστιν
3142 4057 3168 4110 ό
3209 4055 3363 4129 λόγος
3412 4057 3573 4117 οὗτος.
3609 4060 3706 4119 Τίς
3745 4051 3916 4108 δύνα-

2304 4171 2392 4204 ται
2433 4148 2591 4202 αὐτοῦ
2633 4146 2875 4213 ἀκούειν;
2919 4143 3084 4207 Εἰδὼς
3134 4142 3193 4200 δὲ
3223 4147 3249 4198 ό
3282 4146 3487 4208 Ἰησοῦς
3522 4144 3571 4198 ἓν
3613 4145 3801 4216 ἐαυτῷ,
3832 4145 3919 4197 ὅτι

2301 4069 2392 4115 τοῦ
2403 4103 2416 4127 ,
2453 4057 2593 4113 εἶπον
2624 4075 2632 4084 ”

2304 4240 2630 4314 γογγύζουσι
2685 4241 2802 4312 περὶ
2859 4238 3046 4289 τούτου
3105 4237 3154 4288 οἱ
3211 4237 3448 4308 μαθηταὶ
3515 4234 3716 4302 αὐτοῦ,
3778 4230 3917 4286 εἶπεν

2306 4330 2480 4389 αὐτοῖς
2506 4349 2517 4361 ·
2551 4333 2716 4380 Τοῦτο
2761 4327 2894 4400 ὑμᾶς
2942 4320 3322 4391 σκανδαλίζεις
3355 4323 3473 4377 Ἐάν
3519 4318 3608 4376 οὖν
3642 4319 3793 4379 ἴδητε
3821 4323 3914 4373 τόν

2306 4421 2425 4473 Υἰὸν
2486 4424 2578 4468 τοῦ
2635 4414 2906 4491 ἀνθρώπου
2963 4413 3305 4467 ἀναϐαίνοντα
3363 4414 3491 4466 ὅπου
3544 4409 3605 4470 ἧν
3669 4413 3726 4464 τὸ
3787 4413 3918 4484 πρό-

2307 4524 2488 4582 τερονς
2521 4510 2590 4560 Τὸ
2650 4507 2860 4577 ῐινεῦμά
2908 4503 3019 4556 ἐστι
3070 4506 3126 4555 τὸ
3187 4503 3513 4564 ζωοποιοῦν·
3561 4504 3591 4560 ἡ
3641 4500 3774 4573 σὰρξ
3821 4499 3918 4553 οὐκ

2308 4597 2488 4671 ὠφελεῖ
2526 4592 2696 4648 οὖὸέν.
2743 4596 2822 4646 Τά
2865 4594 3078 4668 ῥήματά
3117 4611 3217 4664 μου
3266 4592 3468 4665 πνεῦμά
3511 4589 3626 4644 ἐστι
3672 4594 3764 4642 καὶ
3803 4589 3911 4650 ζωή

2309 4687 2473 4741 ἐστιν.
2518 4685 2648 4739 Ἀλλ’
2692 4683 2794 4737 εἰσί
2846 4701 2976 4743 τινες
3031 4680 3084 4744 ἐξ
3136 4681 3299 4754 ὑμῶν,
3342 4679 3390 4733 οἱ
3445 4680 3503 4732 ού
3551 4681 3916 4734 πιστεύουσιν.

2309 4774 2465 4851 ᾞδει
2516 4778 2616 4850 γὰρ
2667 4775 2692 4825 ὁ
2747 4773 2950 4838 Ἰησοῦς
3009 4770 3061 4833 ἐξ
3108 4767 3302 4843 ἀρχῆς,
3353 4774 3482 4830 τίνες
3541 4768 3672 4822 εἰσὶν
3730 4769 3779 4820 οἱ
3831 4787 3918 4821 πι-

2313 4868 2598 4929 στεύοντες,
2639 4867 2728 4914 καὶ
2784 4865 2861 4922 τίς
2914 4859 3054 4912 ἐστιν
3114 4860 3140 4910 ό
3195 4855 3528 4934 παραδώσων
3580 4857 3760 4912 αὐτόν.
3815 4860 3916 4908 Καὶ

2310 4956 2514 5026 ὓεγεν·
2565 4954 2659 5006 Διά
2707 4958 2860 5003 τοῦτο
2920 4953 3104 5026 εἴρηκα
3149 4949 3293 5022 ὑμῖν,
3337 4950 3418 5001 ότι
3473 4944 3645 5008 οὐδεὶς
3694 4943 3915 4999 δύναται

2312 5045 2471 5098 ἐλθεῖν
2527 5046 2657 5116 πρὸς
2705 5043 2808 5114 με,
2858 5039 2940 5091 ἐαν
2991 5043 3060 5112 μὴ
3195 5034 3470 5111 δεδομένον
3521 5037 3662 5108 αὐτῷ
3715 5033 3770 5089 ἐκ
3823 5041 3911 5086 τοῦ

2315 5137 2521 5207 Πατρός
2564 5152 2686 5206 μου.
2733 5153 2761 5181 ››
2805 5134 2905 5183 Καὶ
2951 5132 3077 5204 πρὸς
3125 5135 3197 5199 τῷ
3249 5127 3380 5180 τε⁸Λει
3409 5147 3421 5161 ·
3453 5150 3480 5177 κ
3530 5125 3716 5180 Λαϐὼν
3762 5120 3845 5176 οὖν
3881 5123 3908 5174 ό

2315 5226 2518 5285 Ἰησοῦς
2557 5224 2732 5297 ἄρτον,
2770 5224 2860 5272 καὶ
2905 5219 3323 5292 εὐχαριστήσας,
3363 5216 3569 5284 ἔκλασε,
3599 5220 3690 5268 καὶ
3728 5208 3906 5266 ἐδίδου

2463 5386 2508 5420 ³⁵
2549 5381 2698 5439 ibid.
2740 5383 2924 5436 61-66.

2309 5553 2503 5605 totum
2525 5543 2672 5601 illud
2698 5543 2756 5598 in
2787 5540 2971 5612 Regio
2995 5539 3267 5597 secundo
3286 5539 3562 5612 additum
3590 5536 3920 5608 invenitur,

2312 5621 2455 5674 Ἐπεὶ
2507 5615 2566 5671 δὲ
2607 5622 2740 5668 Θεοῦ
2784 5610 3129 5691 τοῦ-ἀγαθοῦ,
3161 5618 3299 5685 etc.,
3331 5611 3411 5669 ad
3455 5610 3638 5667 tinem
3695 5623 3922 5685 usque.
