4120 6384
237 428 372 484 1437

230 557 342 614 τοῖς
405 550 685 623 μαθηταῖς,
743 546 833 596 καὶ
892 540 998 595 εἶπε
1025 557 1040 571 ⁸
1089 537 1305 604 Λάϐετε,
1383 534 1568 607 φάγετε

229 638 343 693 ἔστι
391 642 450 691 τὸ
507 637 660 708 σῶμά
714 652 814 707 μου
868 633 927 683 τὸ
974 631 1101 703 ύπὶρ
1142 629 1283 700 ὑμῶν
1330 623 1585 695 κλώμενον
1617 638 1631 652 ο
1674 622 1829 668 τοῦτο

228 736 422 782 ποιεῖτε
476 727 548 788 εἰς
594 729 690 781 τήν
738 721 864 795 ἐμήν
930 719 1245 791 ἀνάμνησιν.
1294 717 1396 768 Καὶ
1443 709 1612 763 λαϐὼν
1658 709 1829 762 ποτή-

227 837 361 892 ριον,
420 816 840 890 εὐχαριστήσας,
897 806 1084 862 ἔδωκεν
1122 805 1298 864 αὐτοῖς
1355 802 1507 855 εἰπών
1533 821 1546 833 ·
1588 801 1737 850 Πίετε
1777 792 1831 855 ἐξ

229 908 390 961 αύτοῦ
430 908 616 967 πάντες
651 924 664 937 ο
699 910 854 955 τοῦτο
895 900 997 973 γάρ
1049 897 1163 950 ἐστι
1216 898 1276 948 τὸ
1323 893 1453 966 αἷμά
1504 909 1605 963 μου
1642 889 1700 939 τὸ
1738 891 1831 944 τῆς

232 1003 424 1056 Καινῆς
474 994 749 1059 Διάθήκης,
817 992 876 1043 τὸ
935 991 1054 1057 περὶ
1113 985 1310 1038 πολλῶν
1362 981 1704 1054 έκχυνόμενον
1765 973 1831 1033 εἰς

229 1085 414 1157 ἄφεσιν
472 1083 762 1156 ἁμαρτιῶν.
807 1098 836 1128 »
869 1081 970 1131 Καὶ
999 1077 1025 1128 ὁ
1054 1072 1367 1132 Ἀπόστολος
1395 1091 1408 1104 ο
1461 1067 1681 1127 Ὁσάκις
1729 1065 1830 1136 γὰρ

229 1173 290 1225 ἂν
336 1171 542 1229 ἐσθίητε
572 1173 657 1223 τὸν
697 1170 852 1242 ἄρτον
899 1173 1103 1231 τοῦτον,
1143 1167 1233 1215 καὶ
1261 1164 1318 1213 τὸ
1348 1163 1596 1232 ποτήριον
1625 1159 1829 1223 πίνητε,

226 1265 314 1314 τόν
364 1263 580 1314 θάνατον
632 1266 724 1312 τοῦ
765 1261 960 1330 Κυρίου
1009 1251 1394 1325 καταγγέλλετε.
1427 1269 1456 1298 ››
1509 1250 1573 1300 Τί
1625 1241 1713 1297 οὖν
1767 1245 1832 1295 τά

223 1352 435 1426 ῥήματα
475 1357 664 1418 ταῦτα,
713 1352 804 1399 καὶ
851 1349 904 1398 τί
954 1347 1014 1396 τὸ
1061 1342 1185 1417 παρ’
1218 1340 1384 1392 αὐτῶν
1437 1335 1647 1409 ὄφελος
1695 1332 1826 1399 Ἵνα,

230 1438 490 1500 ἔσθίοντές
541 1457 596 1491 τε
653 1440 744 1489 καὶ
810 1439 1059 1502 πίνοντες,
1137 1430 1214 1483 ἀεὶ
1280 1428 1673 1502 μνημονεύωμεν
1737 1427 1830 1474 τοῦ

223 1529 351 1604 ὑπερ
402 1529 548 1601 ἡμῶν
616 1525 964 1585 ἀποθανόντος
1027 1526 1116 1574 καὶ
1164 1519 1471 1593 ἓγερθέντος,
1536 1517 1623 1566 καὶ
1696 1512 1832 1564 οὕτω

223 1613 592 1689 παιδευθῶμεν
685 1613 978 1685 ἀναγκαίως
1060 1608 1284 1683 φυλάξαι
1356 1610 1416 1658 τὸ
1491 1600 1831 1657 ἀποστολικόν

223 1704 384 1758 ἐκεῖνο
430 1709 490 1758 τὸ
547 1708 672 1778 ἡμῖν
735 1700 1013 1775 δεδομένον
1051 1696 1420 1772 παράγγελμα,
1468 1697 1528 1746 τὸ
1585 1694 1783 1765 φάσκον
1815 1709 1829 1722 ·

222 1793 338 1848 «Ἦ
380 1797 483 1869 γὰρ
528 1793 704 1865 ἀγάπη
736 1798 830 1844 τοῦ
888 1795 1122 1865 Χριστοῦ
1173 1790 1386 1857 συνέχει
1424 1786 1582 1856 ἡμᾶς,
1629 1785 1836 1862 κρίναντ

1421 405 1712 464 HOMILIA
1750 397 1952 457 DICTA
1998 399 2063 454 IN
2105 395 2391 454 LACIZIS.

1606 547 1621 561 -
1675 528 1826 580 τοῦτό
1861 529 1900 580 Α
1938 538 2045 596 pro
2079 521 2255 578 vobis
2279 517 2594 589 frangitur.
2627 519 2748 572 Hoc
2776 511 2952 569 facite
2993 509 3055 564 in
3093 520 3295 563 meam
3325 517 3597 561 comme-

3419 393 3422 396 ’
3461 380 3599 436 M38

1937 589 2361 668 morationem.
2390 611 2455 664 Et
2485 609 2732 678 accepto
2757 601 2962 668 calice,
2987 597 3193 668 gratiis
3220 593 3390 661 actis,
3430 589 3598 647 dedit

1937 702 2087 776 ipsis
2139 700 2347 756 dicens
2377 716 2390 754 :
2427 697 2614 753 Bibite
2644 710 2718 750 ex
2746 693 2862 748 hoc
2893 703 3104 745 omnes
3129 703 3142 742 :
3174 685 3273 740 hic
3317 686 3408 738 est
3431 679 3597 736 enim

1939 767 2189 862 sanguis
2217 805 2390 846 meus
2419 787 2564 845 Novi
2591 778 2972 842 Testamenti,
3003 776 3108 849 qui
3137 789 3248 848 pro
3277 770 3483 829 multis
3513 767 3594 824 ef-

1937 881 2224 938 fundatur
2251 880 2313 935 in
2339 876 2763 934 remissionem
2779 872 3166 944 peccatorum
3187 865 3256 916 ³⁵.
3291 880 3322 915 ν
3353 864 3420 916 Et
3443 864 3596 931 Apo-

1938 971 2128 1028 stolus
2159 986 2172 1024 :
2201 991 2230 1020 «
2256 967 2743 1036 Quotiescunque
2772 959 2936 1016 enim
2965 950 3344 1012 comederitis
3371 960 3596 1021 panem

1938 1061 2121 1125 hunc,
2150 1063 2207 1115 et
2235 1057 2486 1115 calicem
2514 1050 3070 1117 biberitis,mortem
3100 1039 3333 1098 Domini
3365 1049 3599 1093 annun-

1939 1145 2442 1212 tiabitis’6.»0uid
2467 1144 2650 1214 igitur
2676 1139 2865 1197 verba
2889 1137 3041 1202 haec,
3065 1136 3228 1199 sunt,
3253 1133 3308 1184 et
3336 1125 3474 1199 quis
3502 1138 3600 1180 eo-

1938 1255 2074 1297 rum
2103 1239 2332 1294 fructus
2354 1236 2383 1291 ?
2423 1238 2492 1292 Ut
2531 1238 2588 1290 et
2611 1229 2995 1288 comedentes
3025 1227 3082 1279 et
3109 1221 3406 1287 bibentes,
3436 1228 3598 1268 sem-

1939 1347 2046 1403 per
2068 1343 2369 1385 memores
2400 1327 2591 1390 simus
2620 1323 2750 1394 ejus
2779 1319 2886 1393 qui
2932 1332 3040 1389 pro
3087 1311 3267 1369 nobis
3320 1309 3599 1363 mortuus

1938 1424 2046 1488 est,
2101 1423 2157 1476 et
2205 1415 2548 1484 resurrexit,
2582 1392 3202 1483 sicquewedoceamur
3257 1392 3600 1488 necessario

1939 1479 2174 1566 servare
2202 1506 2423 1563 debere
2451 1479 2852 1576 apostolicum
2874 1494 3024 1552 illud
3046 1479 3602 1576 mandatum,quod

1940 1598 2119 1655 nobis
2152 1596 2435 1653 traditum
2466 1570 2576 1658 est,
2609 1605 2734 1663 quo
2763 1586 3018 1644 dicitur:
3051 1586 3078 1632 ί(
3114 1576 3386 1636 Charitas
3439 1570 3600 1663 enim

1943 1687 2160 1746 Christi
2189 1682 2547 1752 constringit
2587 1658 2721 1748 nos,
2745 1675 3088 1748 judicantes
3119 1667 3288 1731 illud,
3345 1661 3514 1736 quod
3551 1658 3603 1716 si

1943 1793 2101 1833 unus
2133 1790 2242 1848 pro
2270 1772 2559 1830 omnibus
2586 1773 2861 1825 mortuus
2891 1763 3179 1832 fuit,ergo
3199 1769 3412 1813 omnes
3439 1765 3601 1807 mor-

224 1837 253 1845 “
297 1837 338 1848 ’⁵
388 1837 481 1869 [ur
529 1837 702 1865 “Ῐ“”“’⁶
746 1837 824 1844 ’ν’
892 1837 1113 1865 “i'""‘
1182 1837 1228 1839 ἠέ
1276 1837 1338 1857 7"
1441 1837 1470 1856 ’⁸
1545 1837 1581 1851 ’¹
1664 1837 1672 1854 ⁸
1824 1855 1830 1862 .

220 1901 316 1945 τας
352 1890 526 1950 τοῦτο,
575 1883 674 1949 ὅτι,
721 1881 766 1934 εἰ
819 1877 891 1941 εἷς
938 1881 1063 1952 ὑπὲρ
1113 1879 1320 1931 πάντων
1349 1873 1619 1939 ἀπέθανεν,
1653 1872 1758 1944 ἄρα
1784 1878 1830 1921 οε

1944 1867 2030 1922 tui
2056 1837 2333 1922 fuerunt:
2366 1868 2425 1919 et
2454 1877 2564 1935 pro
2589 1857 2874 1918 omnibus
2921 1855 3201 1952 mortuus
3237 1849 3348 1944 est,
3384 1847 3446 1940 ut
3494 1837 3603 1911 qui

219 1973 406 2034 πάντες
433 1969 684 2023 ἀπέθανον
719 1990 733 2004 ·
783 1974 873 2022 καὶ
913 1971 1039 2043 ὑπὲρ
1085 1967 1290 2020 πάντων
1339 1962 1609 2025 ἀπέθανεν,
1645 1960 1729 2010 ἶνα
1789 1971 1838 2021 οἱ

221 2059 412 2122 ζῶντες
461 2065 648 2132 μηκέτι
697 2059 900 2119 ἑαυτοῖς
953 2058 1138 2122 ζῶσιν,
1199 2053 1328 2106 ἀλλά
1381 2059 1456 2122 τῷ
1493 2052 1620 2124 ύπὶρ
1665 2047 1835 2100 αὐτῶν

221 2147 532 2202 ἀποθανόντι
569 2155 659 2202 καὶ
713 2147 989 2223 ἐγερθέντι,
1023 2166 1051 2194 ››
1102 2144 1161 2197 '0
1203 2145 1303 2218 γὰρ
1370 2139 1558 2193 ὔσθίων
1609 2141 1699 2189 καὶ
1753 2139 1837 2188 πί-

218 2259 338 2305 νων,
389 2237 426 2292 δ
432 2239 632 2297 ήλονότι
700 2237 769 2298 εἰς
826 2235 1194 2298 ἀναξάλειπτον
1246 2240 1337 2292 τῆς
1389 2233 1556 2302 μέχρι
1613 2225 1834 2278 θανάτου

219 2326 459 2390 ὑπακοῆς
523 2333 732 2400 μνήμην
798 2332 891 2376 τοῦ
958 2327 1220 2376 Δεσπότου
1276 2324 1365 2371 καὶ
1436 2317 1692 2380 πλάστου,
1745 2327 1836 2377 καὶ

220 2411 297 2469 δι’
368 2416 455 2489 ἐμὲ
502 2417 625 2489 ὅπερ
681 2411 739 2487 ᾖν
790 2416 846 2466 τὸ
903 2412 1130 2465 πλασθεν
1195 2412 1483 2481 γεγονότος.
1542 2403 1676 2458 Ἀλλ’
1729 2401 1834 2474 οὐχ

219 2505 393 2567 ἁπλῶς
443 2504 631 2557 έσθίειν
688 2506 1096 2577 προστέτακται,
1135 2497 1263 2550 ἀλλά
1312 2501 1403 2549 καὶ
1451 2492 1738 2568 διακρίνειν
1773 2493 1832 2542 τὸ

219 2594 454 2648 τοιοῦτον
482 2600 574 2645 τοῦ
609 2597 804 2667 Κυρίου
833 2589 1290 2666 παρακελευόμεθα
1327 2593 1480 2658 σῶμα
1511 2599 1524 2613 ⁶
1585 2578 1834 2639 δηλονότι

221 2687 417 2758 σαρκὸς
472 2681 741 2755 μολυσμὸν
803 2684 893 2732 καὶ
954 2681 1246 2750 πνεύματος
1313 2674 1679 2746 ἀποθεμένους,
1743 2672 1834 2720 καὶ

219 2769 433 2845 δοχεῖον
499 2777 592 2823 τοῦ
647 2774 1000 2842 πνευματικοῦ
1068 2770 1234 2840 μύρου
1297 2763 1826 2836 παρασκευάσαντας,

217 2862 376 2921 οὕτως
431 2868 492 2932 τῇ
549 2861 758 2932 καθαρᾷ
825 2861 1182 2931 προσεγγίσαι
1242 2856 1423 2926 θυσίᾳ,
1487 2853 1534 2904 έν
1610 2853 1830 2924 Χριστῷ

220 2950 398 3008 Ἰησοῦ
444 2956 518 3019 τῷ
549 2952 725 3021 Κυρίῳ
775 2949 942 3020 ἡμῶν,
1065 2947 1094 3003 ἡ
1131 2941 1264 3007 δόξα
1299 2947 1391 2995 καὶ
1428 2945 1487 2994 τὸ
1525 2941 1715 3016 κράτος
1737 2943 1827 2988 νῦν

217 3043 307 3091 καὶ
335 3039 408 3101 εἰς
425 3041 547 3100 τούς
573 3037 764 3100 αἰῶνας
782 3044 883 3088 τῶν
914 3035 1130 3087 αἰώνων.
1166 3033 1354 3107 ’Δμήν.

395 3145 509 3217 (87)
552 3149 797 3198 ΟΜΙΛΙΑ
839 3149 1124 3197 meum
1165 3147 1251 3195 EN
1290 3143 1635 3194 ΛΑΚΙΖΟΙΣ.

289 3255 338 3308 1.
370 3250 803 3323 Ἀνταγωνίζεται
856 3252 881 3303 ὁ
940 3249 1148 3324 ἐχθρὸς,
1195 3247 1489 3321 φιλονεικῶν
1537 3250 1609 3315 τῷ
1640 3242 1821 3306 ἔξωθεν

1943 1956 2172 2026 vivunt,
2206 1969 2330 2011 non
2361 1931 2626 2024 amplius
2657 1947 2771 2002 sibi
2798 1945 3025 2009 vivant,
3073 1937 3181 1994 sed
3218 1935 3271 1992 ei
3327 1931 3434 2005 qui
3489 1943 3601 2002 pro

1944 2046 2094 2120 ipsis
2124 2048 2401 2101 mortuus
2431 2046 2522 2097 est
2545 2044 2603 2095 et
2621 2034 2951 2094 resurrexit
2969 2033 3040 2089 ’7.
3075 2050 3102 2078 »
3128 2026 3241 2093 Qui
3269 2022 3430 2080 enim
3479 2018 3605 2076 edit

1941 2109 2003 2193 et
2032 2135 2199 2205 bibit,
2232 2133 2438 2205 utique
2466 2130 2528 2186 id
2560 2128 2702 2184 facit
2731 2125 2809 2182 ad
2831 2118 3198 2180 servandam
3217 2109 3602 2205 indelebilem

1943 2195 2303 2281 memoriam
2330 2195 2690 2294 obedientiaa
2719 2209 2956 2269 Domini
2988 2212 3046 2264 et
3073 2205 3319 2294 plastas,
3346 2214 3482 2294 quae
3521 2195 3603 2294 ad

1942 2317 2198 2370 mortem
2229 2325 2425 2382 usque
2453 2292 2612 2363 faeta
2639 2309 2749 2373 est,
2778 2300 2886 2374 qui
2914 2313 3050 2354 mea
3079 2307 3266 2350 causa
3286 2287 3604 2382 Afactusest

1941 2403 2003 2459 id
2031 2401 2200 2475 quod
2233 2375 2399 2456 eram
2429 2397 2808 2466 ﬁgmentum.
2849 2393 3050 2460 Neque
3080 2398 3224 2440 vero
3251 2375 3602 2475 simpliciter

1942 2469 2121 2549 edere
2142 2491 2349 2562 jussus
2370 2491 2478 2552 est,
2509 2499 2722 2541 verum
2751 2481 2933 2538 etiam
2965 2475 3082 2534 tale
3113 2469 3350 2530 Domini
3377 2479 3600 2562 corpus

1936 2581 2225 2654 jubemur
2248 2578 2544 2652 judicare,
2594 2571 2872 2646 deposito
2898 2566 3120 2624 scilicet
3143 2559 3343 2618 carnis
3372 2572 3442 2613 ac
3474 2553 3601 2626 spi-

1940 2673 2088 2730 ritus
2117 2670 2613 2743 inquinamento;
2647 2669 2706 2720 et
2735 2677 2874 2718 cum
2907 2655 3283 2714 effecerimus
3328 2663 3442 2704 nos
3489 2658 3602 2743 ceu

1941 2729 2267 2833 spiritualis
2300 2729 3086 2828 unguenti'receptaculum,
3121 2743 3202 2833 ita
3247 2729 3601 2833 demum-ad

1941 2867 2165 2924 purum
2197 2825 2562 2904 sacriﬁcium
2594 2841 2902 2902 accedere,
2933 2837 2997 2892 in
3044 2831 3273 2890 Christo
3319 2829 3457 2882 Jesu
3490 2825 3601 2877 Do-

1939 2942 2110 2998 mino
2137 2943 2366 3004 nostro,
2383 2937 2482 2994 cui
2512 2934 2703 3005 gloria
2730 2935 2790 2988 et
2815 2926 3139 3001 imperium
3163 2934 3328 2978 nunc
3343 2915 3479 2973 etin
3495 2927 3601 2967 sae-

1942 3030 2078 3087 cula
2109 3028 2496 3085 saeculorum.
2529 3030 2738 3080 Amen.

2178 3135 2347 3210 587
2395 3133 2679 3190 HOMILIA
2725 3130 2932 3186 DICTA
2973 3127 3038 3180 IN
3079 3115 3364 3178 LACIZIS.

2020 3249 2072 3300 t.
2115 3247 2345 3314 Pugnat
2369 3239 2669 3309 inimicus,
2707 3242 2764 3294 et
2806 3239 3054 3292 externo
3085 3224 3345 3286 tumultu
3391 3213 3598 3276 conci-

296 3306 335 3308 —~
532 3306 546 3323 .
671 3306 686 3314 -
962 3306 1052 3324 ιν,
1114 3306 1147 3319 -,
1202 3306 1212 3321 .
1579 3306 1588 3315 .

216 3340 418 3415 θορύϐῳ
469 3343 556 3392 τὸν
595 3342 840 3412 ἡμέτερον
893 3339 1046 3410 λόγον
1076 3341 1423 3412 ύπερηχήσαι
1452 3357 1464 3370 ·
1511 3333 1616 3387 ἀλλ’
1657 3336 1820 3406 ἡμεῖς,

1942 3335 2088 3400 tato,
2120 3333 2384 3389 sonitum
2414 3306 2692 3386 sermone
2723 3329 2927 3384 nostro
2955 3321 3184 3392 majore
3213 3314 3388 3371 edere
3419 3319 3599 3365 cona-

214 3427 376 3481 αύτοῦ
443 3431 510 3480 τὰ
582 3433 822 3501 νοήματα
884 3432 956 3500 μή
1035 3425 1355 3499 ἀγνοοῦντες,
1416 3423 1685 3499 τρέψωμεν
1737 3423 1829 3496 τὰς

212 3517 371 3579 ἀκοὰς
435 3522 526 3570 καὶ
599 3519 692 3580 τὰς
747 3513 985 3579 διανοίας
1042 3523 1147 3577 τοῖς
1223 3514 1447 3568 ἐνταυθα
1511 3512 1824 3584 λεγομένοις,

207 3607 547 3682 οἰκτείροντες
577 3610 698 3669 τοὺς
727 3610 848 3668 τούς
890 3605 1325 3678 ἀπολειπομένους
1362 3611 1458 3664 τῆς
1505 3599 1825 3676 ἀκροάσεως,

211 3701 284 3770 μή
331 3700 784 3770 συναπερχόμενοι
832 3702 936 3756 τοῖς
986 3695 1080 3758 ἔξω
1129 3702 1188 3767 τῇ
1248 3689 1498 3746 διανοίαο
1560 3689 1665 3742 ἀλλ’
1695 3693 1822 3742 ὅπου

212 3792 326 3850 τοῖς
379 3789 620 3860 σώμασίν
673 3785 848 3858 ἐσμεν,
876 3785 1008 3858 ὦμεν
1061 3789 1151 3836 καὶ
1197 3791 1310 3846 ταῖς
1362 3777 1632 3857 καρδίαις.
1680 3780 1823 3830 Ἀνα-

212 3874 432 3938 λέξασθέ
493 3895 586 3948 μοι
650 3877 740 3935 τὰς
801 3879 1010 3948 μνήμας
1053 3893 1153 3926 των
1203 3871 1254 3937 ἐξ
1311 3871 1521 3926 ἐωθινου
1585 3888 1824 3945 παρανα-

213 3966 553 4037 γνωσθέντων
603 3965 723 4038 ὑμῖν
785 3963 974 4037 λογίων
1026 3971 1410 4037 πνευματικῶν,
1471 3958 1826 4024 διδασκαλίας

219 4049 568 4126 ψυχωφελεῐς,
620 4055 896 4128 θεραπείας
949 4053 1164 4126 ψυχῶν.
1223 4054 1506 4112 Μνάσθητε
1545 4061 1642 4105 τῶν
1699 4051 1832 4124 ψαλ-

214 4152 382 4217 μικῶν
437 4139 783 4215 διδαγμάτων
819 4159 832 4174 ⁸

217 4227 330 4295 δεις
362 4233 632 4293 ὑποθήκας
668 4252 680 4264 ·
735 4231 1045 4304 ἐρευνήσατε
1097 4240 1196 4282 τῶν
1231 4233 1472 4306 ἱστοριῶν
1503 4235 1562 4283 τὸ
1602 4219 1836 4326 κάλλοςὶ

899 4145 1219 4215 συναγάγετε
1257 4163 1348 4216 μοι
1393 4145 1482 4204 τὰς
1540 4149 1835 4218 παροιμιώ’

214 4323 471 4396 πρόσθετε
517 4323 722 4380 τούτοις
775 4321 867 4378 τὰς
918 4317 1272 4380 ἀποστολικάς
1309 4324 1662 4394 παραινέσεις.
1717 4317 1839 4386 Ἐπί

212 4415 379 4465 πᾶσιν
425 4411 574 4462 οἱονεὶ
635 4403 900 4483 κορωνίδα
957 4407 1151 4458 ἐπίθετε
1205 4415 1302 4458 τῶν
1360 4407 1708 4479 εύαγγελικῶν
1747 4411 1812 4483 ῥη

213 4499 394 4572 μάτων
426 4502 520 4557 τήν
546 4502 777 4571 μνήμην,
823 4496 905 4548 ἵνα
945 4492 1037 4548 διὰ
1074 4496 1284 4548 πάντων
1323 4494 1564 4558 λαϐόντες
1622 4517 1674 4549 τι
1726 4494 1839 4572 κέρ’

218 4584 312 4649 δος
380 4587 707 4654 ἑπανέλθητε,
752 4587 965 4647 ἕκαστος
1018 4588 1144 4659 πρὸς
1209 4584 1234 4636 ὃ
1292 4587 1547 4658 τυγχάνει
1603 4585 1840 4660 ἀσμένως

219 4672 572 4750 διακείμενος,
604 4680 730 4750 πρὸς
768 4695 923 4728 τουτο
962 4673 1129 4727 λαϐὼν
1159 4678 1250 4732 τήν
1293 4673 1347 4725 ἐκ
1395 4693 1489 4726 του
1541 4677 1837 4749 Πνεύματος

219 4767 489 4840 ὠφέλειαν.
515 4771 723 4830 Πάντως
745 4768 854 4839 (88)
887 4767 1047 4829 οὕτως
1075 4764 1122 4818 ἐν
1141 4765 1537 4841 πολυπροσώπῳ
1559 4765 1830 4842 ἐκκλησίᾳ,

222 4855 346 4910 ὅσαι
372 4866 470 4910 τῶν
501 4863 794 4930 προσώπων
829 4853 1099 4928 διαφοραὶ,
1134 4862 1391 4907 τοσαῦται
1438 4859 1528 4908 καὶ
1578 4864 1678 4908 τῶν
1707 4878 1834 4929 γνω-

224 4954 334 5020 μῶν
359 4963 371 4976 ·
402 4947 526 4998 ὅσαι
563 4953 663 4998 τῶν
718 4945 953 5013 ἡλικιῶν,
997 4964 1256 4998 τοσαῦται
1285 4949 1374 4997 καὶ
1414 4954 1513 4997 τῶν
1543 4945 1826 5022 ἁμαρτιῶν.

227 5032 529 5097 Πολυειδεῖς
582 5032 642 5087 δέ
696 5035 801 5088 εἰσι
857 5040 946 5088 καὶ
983 5033 1298 5109 πολύτροποι
1347 5039 1402 5089 αἱ
1456 5056 1547 5088 του
1580 5033 1828 5090 διαϐόλου

227 5127 486 5178 ἔπίνοιαι⁸
545 5123 696 5176 ἄλλον
727 5123 891 5185 ἄλλως
940 5125 1234 5196 ὑπάγεται·
1282 5128 1408 5197 πρὸς
1459 5127 1581 5201 ὅπερ
1623 5126 1682 5179 ἀν
1733 5124 1824 5202 ἴδη

228 5213 673 5290 ἕπιρῥεπέστερον,
706 5216 834 5288 πρὸς
880 5215 1040 5266 έκεῖνο
1096 5218 1358 5288 κέχρηται
1396 5221 1505 5277 τοῖς
1543 5214 1697 5278 ἰδίοις
1745 5214 1827 5271 δε-

227 5301 537 5376 λεάσμασιν.

299 5425 346 5460 "
371 5427 570 5485 Matth.
596 5443 758 5494 xxvr,
786 5428 993 5492 26-28;
1019 5427 1160 5483 Luc.
1186 5443 1331 5497 χχιι,
1367 5433 1453 5495 t9,
1479 5432 1567 5486 20.

299 5576 411 5649 (87)
435 5579 564 5661 Haec
589 5577 914 5661 oratio_bis
946 5578 1251 5661 reperitur.
1266 5579 1329 5635 in
1355 5583 1494 5661 R_eg.
1531 5582 1822 5640 secundo.

227 5649 403 5705 Hunc
443 5652 645 5705 autem
682 5649 919 5706 titulum
948 5649 1133 5722 habet
1161 5650 1359 5722 primo
1387 5649 1542 5720 loco,
1570 5659 1688 5722 περὶ
1711 5660 1823 5722 κρίο

229 5741 381 5792 σεως,
412 5725 500 5773 καὶ
530 5726 648 5793 περὶ
676 5723 864 5796 θυμοῦ,
889 5705 987 5776 καῖ
1008 5705 1184 5794 ἀγάπῆ
1196 5705 1236 5791 ς,
1260 5705 1358 5776 καί
1386 5705 1694 5796 ἇτίἑᾶιέιξίᾶς,

1644 5433 1736 5488 ἐι
1769 5435 1899 5491 Cor.
1928 5450 2004 5504 XI,
2037 5437 2128 5499 26,

1941 3427 2077 3492 tur;
2110 3423 2216 3479 sed
2247 3438 2361 3478 nos
2395 3419 2782 3476 consiliorum
2827 3415 2957 3485 ejus
2983 3409 3147 3466 haud
3176 3401 3392 3475 ignari,
3427 3409 3602 3455 aures

1939 3527 2010 3570 ac
2037 3517 2302 3569 mentem
2332 3508 2410 3566 ad
2431 3525 2503 3566 ea
2532 3524 2667 3582 quae
2697 3506 2796 3561 hic
2818 3504 3122 3573 leguntur,
3153 3494 3599 3551 convertamus,

1941 3617 2150 3658 eorum
2177 3600 2282 3674 qui
2313 3599 2391 3655 ab
2425 3578 2869 3656 hocvauditorio
2908 3591 3134 3648 obsunt
3177 3578 3423 3643 miserti,
3476 3589 3603 3674 non

1938 3707 2063 3748 una
2091 3707 2230 3747 cum
2258 3691 2328 3747 iis
2357 3690 2462 3763 qui
2486 3689 2628 3744 foris
2660 3690 2802 3741 sunt
2832 3684 3123 3739 abeuntes
3152 3676 3371 3731 mente:
3405 3672 3467 3724 at
3496 3663 3603 3720 ubi

1939 3797 2190 3854 corpore
2223 3760 2457 3851 sumus,
2492 3778 2681 3834 simus
2731 3775 2847 3831 illic
2879 3777 2934 3828 et
2973 3765 3221 3826 animis.
3280 3760 3599 3854 Revocate,

1935 3869 2237 3944 quaeso,in
2258 3867 2617 3926 memoriam
2644 3861 2979 3938 spiritualia
3000 3852 3248 3914 oracula
3272 3864 3408 3923 quae
3424 3842 3602 3943 vobis

1939 3977 2120 4018 mane
2148 3961 2303 4018 lecta
2332 3965 2492 4028 sunt,
2526 3955 2863 4014 doctrinam
2887 3947 3208 4006 animabus
3239 3932 3600 4028 u‘tilem,ani-

1940 4070 2180 4111 marum
2233 4051 2555 4109 medelam.
2587 4043 2965 4106 Memineritis
2991 4035 3497 4095 documentorum
3536 4023 3600 4079 in

1944 4143 2195 4200 Psalmis
2238 4146 2655 4199 contentorum
2689 4155 2702 4193 :
2746 4133 3003 4203 colligite
3034 4125 3183 4185 mihi
3211 4121 3539 4190 desumpta
3567 4129 3599 4170 e

1946 4232 2276 4290 Proverbiis
2340 4234 2687 4304 praecepta:
2733 4216 3189 4300 perscrutamini
3214 4209 3601 4304 historiarum

1947 4295 2490 4395 pulchritudinem:
2523 4295 2968 4376 admonitiones
2994 4306 3357 4384 apostolicas
3387 4299 3480 4356 his
3496 4295 3601 4353 ad-

1942 4413 2196 4486 jungite.
2225 4415 2288 4466 lu
2314 4410 2523 4483 primis
2551 4407 2710 4464 velut
2729 4403 3077 4462 coronidem
3106 4395 3386 4454 adhibete
3421 4403 3602 4486 evanj

1950 4500 2278 4572 gelicorum
2315 4499 2639 4554 verborum
2672 4493 3048 4558 memoriam,
3084 4492 3146 4542 ut
3167 4490 3343 4556 capto
3373 4497 3445 4535 ex
3472 4473 3614 4534 om-'

1948 4590 2127 4647 nibus
2155 4589 2347 4645 fructu
2378 4586 2606 4659 aliquo,
2628 4584 2880 4640 domum
2914 4573 3314 4638 revertamini,
3337 4569 3600 4643 quisque

1947 4681 2024 4738 ad
2037 4680 2096 4736 id
2120 4678 2287 4753 quod
2307 4674 2811 4750 cupit,utilitatem
2826 4689 2898 4728 ex
2914 4667 3131 4742 Spiritu
3145 4659 3599 4738 percipiendam

1946 4774 2327 4826 consecutus.
2361 4767 2449 4824 Sic
2478 4763 2728 4822 omnino
2766 4779 2860 4818 res
2891 4776 2953 4815 se
2983 4758 3167 4815 habet
3211 4754 3272 4810 in
3315 4753 3598 4823 frequen-

1945 4860 2178 4917 tissima
2202 4855 2455 4914 ecclesia
2489 4873 2500 4910 :
2532 4858 2679 4927 quot
2709 4857 2848 4908 sunt
2896 4849 3174 4907 vultuum
3227 4838 3596 4906 differentiae,

1943 4954 2028 5006 tot
2047 4955 2103 5005 et
2132 4948 2476 5004 animorum
2506 4963 2517 5014 ;
2549 4947 2699 5016 quot
2719 4943 3079 5008 aetatum,tot
3104 4940 3161 4992 et
3187 4935 3595 5008 peccatorum.

1942 5040 2183 5095 Diversa
2209 5042 2409 5094 autem
2432 5039 2488 5092 et
2506 5034 2676 5090 varia
2701 5037 2840 5088 sunt
2870 5028 3123 5087 artiﬁcia
3148 5019 3598 5090 diaboli;alium

1939 5128 2108 5186 aliter
2127 5126 2377 5184 seducit:
2401 5129 2479 5182 ad
2500 5122 2668 5197 quod
2692 5134 3190 5195 unumquemque
3220 5109 3603 5188 conspexerit

1938 5216 2387 5291 procliviorem,
2419 5214 2499 5272 ad
2528 5212 2593 5270 id
2619 5211 2915 5270 illecebris
2946 5209 3071 5268 suis
3101 5208 3309 5266 utitur.

2207 5432 2251 5468 ³⁷
2285 5430 2331 5485 ΙΙ
2363 5431 2498 5486 Cor.
2524 5444 2581 5500 v,
2623 5430 2705 5494 l4,
2740 5431 2825 5483 l5.

1937 5588 2145 5667 φθόνου,
2178 5584 2404 5667 ῥηθεῖσα
2429 5580 2476 5634 έν
2511 5580 2765 5667 decuma;
2833 5581 2918 5663 De
2933 5579 3194 5667 judicio,
3228 5584 3283 5661 et
3304 5579 3377 5667 de
3403 5577 3594 5660 irq,_et

1935 5650 2268 5734 ὲήιιιςίιᾴις,
2293 5661 2361 5734 ιειΔ
2379 5654 2754 5734 αυᾳνῐιίᾳηεε
2776 5653 3030 5734 invidia,
3062 5652 3226 5709 dicta
3251 5652 3316 5708 in
3342 5650 3592 5707 Lacizis.

2005 5729 2114 5800 (88)
2146 5726 2312 5785 Colb.
2348 5726 2556 5784 tertius
2603 5721 2640 5778 δ
2645 5727 2700 5779 ιά
2726 5729 2938 5786 παντός.
