4120 6394
517 364 654 421 1439

1522 363 1868 424 ΛΡΡΕΝΒΙΧ
1901 360 2187 420 ΟΡΕΙΠΙΠ
2225 361 2283 420 8.
2323 364 2574 425 BASILII
2610 370 2852 430 MAGNI.

3734 377 3888 448 1440

583 491 638 542 2.
669 488 836 544 Astat
857 486 955 542 hic
989 502 1149 542 unus
1193 486 1412 560 aliquis
1447 487 1623 559 cujus
1656 487 1900 545 animus
1936 485 2164 543 invidia

2343 491 2400 548 2.
2428 490 2659 555 Ἐστηκέ
2701 515 2779 558 τις
2818 494 3039 552 ἐνταῦθα
3070 499 3236 572 φθονῳ
3275 503 3368 560 τὴν
3416 502 3604 575 ψυχὴν
3646 522 3885 560 κεκακω-

513 576 746 633 laboret
765 575 794 632 ?
821 578 1056 633 Utinam
1085 581 1289 633 autem
1316 576 1519 633 nullus
1567 581 1742 646 esset,
1794 575 1978 649 idque
2006 576 2162 647 jure,

515 666 662 722 mihi
683 667 743 721 in
765 666 918 722 votis
948 671 1040 722 est
1063 666 1074 720 l
1097 667 1212 723 Sed
1228 667 1373 738 quia
1393 666 1454 724 in
1474 665 1792 724 hominum
1814 670 2031 722 natura
2056 665 2168 722 dif-

513 753 668 811 ﬁcile
697 759 790 811 est
817 755 1028 811 vitium
1056 755 1290 812 nullum
1309 771 1665 828 esse,neque
1681 769 2166 827 parvum,neque

515 858 833 915 magnum,
863 845 1121 917 quisque
1141 844 1308 918 quod
1339 845 1452 900 sibi
1471 843 1851 916 profuturum
1883 843 2064 912 est,id
2093 859 2167 901 ex

514 933 588 989 iis
631 949 770 1006 quae
798 933 1045 990 recitata
1089 938 1230 990 sunt
1257 933 1489 1004 seligat.
1522 933 1767 990 invidus
1798 949 1863 989 es
1884 934 1912 991 ‘I
1939 933 2168 1004 Accipe

514 1021 838 1079 medelam.
853 1022 1182 1079 Iracundus
1207 1038 1273 1078 es
1290 1023 1318 1080 ‘2
1344 1022 1652 1094 Proposita
1671 1022 1778 1078 tibi
1804 1027 1896 1078 est
1915 1022 2163 1078 sanitas.

516 1111 836 1167 Disseritur
887 1111 1050 1167 enim
1087 1111 1162 1168 de
1207 1112 1302 1168 his
1339 1113 1651 1170 omnibus.
1684 1114 1896 1184 Atque,
1940 1110 1989 1166 si
2039 1109 2168 1167 ﬁeri

513 1204 732 1273 potest,
755 1216 954 1272 pauca
981 1201 1272 1268 dicemus,
1307 1218 1380 1258 ex
1413 1201 1666 1272 singulis
1694 1218 1832 1274 qua
1862 1215 2169 1258 memora-

512 1289 713 1345 vimus
735 1291 1010 1346 nonnihil
1039 1291 1448 1363 decerpentes.
1471 1295 1706 1347 Avarus
1725 1307 1790 1347 es
1808 1292 1835 1347 ?
1856 1290 2053 1347 Habes
2068 1291 2167 1347 hic

511 1379 869 1435 remedium.
903 1381 1211 1452 Superbus
1241 1382 1335 1438 es?
1352 1382 1453 1436 Hic
1472 1380 2013 1438 domabisfastum:
2046 1380 2167 1450 hic,

513 1468 565 1523 si
594 1468 781 1537 voles,
805 1469 994 1548 animi
1020 1470 1312 1543 reprimes
1341 1471 1679 1528 elationem.
1697 1470 1914 1527 Omnia
1938 1473 2168 1526 senten-

511 1557 734 1614 tiarum
757 1558 1159 1630 spiritualium
1183 1559 1348 1616 bona
1375 1561 1552 1632 quasi
1568 1576 1600 1616 e
1617 1561 1781 1617 fonte
1810 1560 2168 1616 scaturiente

512 1645 778 1702 haurias:
813 1653 869 1704 et
888 1649 972 1706 ita
994 1647 1243 1706 demum
1269 1649 1373 1705 ubi
1403 1649 1509 1706 tibi
1530 1649 1660 1722 ipse
1688 1649 1934 1706 abunde
1953 1649 2168 1705 hause-

509 1736 615 1806 ris,
641 1736 898 1794 domum
925 1743 1236 1796 revertere.
1271 1740 1471 1796 Dictus
1501 1744 1592 1796 est
1619 1739 1850 1811 primus
1874 1753 2076 1796 sermo
2105 1737 2166 1794 in

2273 582 2428 650 μένην
2476 583 2649 653 ἔχωνς
2702 588 2795 644 Εῖη
2845 588 2935 658 μεν
2989 584 3076 640 οὖν
3114 585 3319 661 μηδένα
3357 587 3486 644 εἶναι
3517 613 3530 625 ·
3578 596 3671 647 καὶ
3720 602 3884 650 τοῦτο

2275 666 2392 736 ἐμοὶ
2422 669 2554 742 εύχή
2607 671 2721 725 ἐστι
2762 679 3060 750 πρέπουσα.
3109 676 3242 732 ’Δλλ’
3291 677 3472 740 ἐπειδὴ
3517 677 3777 735 δύσκολον
3829 682 3886 736 έν

2277 755 2572 833 ἀνθρωπίνη
2605 765 2757 834 φύσει
2813 769 2884 837 μὴ
2938 762 3068 819 εἶναι
3113 767 3164 820 ἓν
3211 787 3263 819 τι
3309 777 3408 821 τῶν
3460 772 3640 824 παθῶν
3686 776 3885 846 μικρὸν

2276 845 2305 906 ἦ
2347 849 2547 920 μεῖζον,
2587 851 2806 914 ἕκαστος
2851 852 2908 906 έκ
2961 863 3062 907 τῶν
3112 855 3389 931 εἰρημένων
3439 857 3725 932 έκλεγέσθω
3780 845 3884 922 τὴν

2277 937 2541 1024 ᾤφέλειαν.
2575 943 2834 1004 Βάσκανος
2881 941 2963 1012 εἷ;
3004 943 3126 999 λάϐε
3175 950 3270 1005 την
3322 949 3596 1024 θεραπείαν
3619 971 3634 984 ·
3681 957 3885 1024 Θυμώ-

2277 1023 2378 1091 δης
2407 1025 2486 1094 si;
2528 1035 2799 1103 πρόκειταὶ⁸
2831 1052 2918 1086 σοι
2972 1035 3002 1092 ἠ
3053 1037 3217 1099 ἴασις.
3260 1023 3561 1108 Διαλέγεται
3606 1041 3709 1113 γὰρ
3759 1023 3887 1116 περὶ

2274 1120 2470 1180 τούτων
2525 1122 2752 1176 πάντων.
2813 1127 2936 1191 Καὶ,
2992 1123 3036 1176 εἰ
3088 1121 3333 1193 δυνατὸν,
3402 1125 3612 1200 έροῡμεν
3663 1127 3890 1203 βραχέα

2275 1207 2360 1282 ἀφ’
2419 1209 2643 1263 ἑκάστου
2710 1220 2809 1264 τῶν
2864 1213 3143 1286 εἰρημένων
3218 1214 3644 1289 ἁπανθιζόμενοι.
3713 1218 3886 1274 Inco-

2273 1303 2456 1361 νέκτης
2483 1297 2562 1366 si;
2613 1298 2834 1354 ἐνταῦθα
2866 1304 2895 1362 ἠ
2934 1305 3102 1365 ἴασις.
3127 1304 3478 1380 ’Υπερήφανος
3515 1303 3603 1375 εἶ;
3646 1304 3752 1361 ὧδε
3783 1305 3886 1362 δαν

2275 1391 2464 1461 μάσεις
2511 1394 2606 1448 τὴν
2636 1391 2989 1464 ὑπερηφανίαν
3018 1413 3030 1426 ·
3059 1390 3164 1447 ὧδε
3204 1393 3445 1458 κολάσεις
3481 1404 3578 1459 τῆς
3601 1396 3791 1468 ψυχῆς
3819 1400 3884 1451 τὸ

2274 1478 2428 1549 ὕψος,
2480 1479 2563 1532 ἐὰν
2614 1479 2858 1553 θελήσῃς.
2904 1483 3097 1550 Πάντα,
3145 1484 3318 1559 ὥσπερ
3354 1493 3530 1557 πηγῆς
3579 1483 3881 1558 βρυούσης,

2277 1566 2555 1642 ἀρυόμενος
2612 1572 2678 1622 τὰ
2738 1569 2912 1642 ἁγαθὰ
2964 1580 3064 1624 τῶν
3122 1571 3286 1644 λόγων
3333 1582 3432 1627 τῶν
3492 1584 3882 1648 πνευματικῶν,

2277 1659 2410 1711 οὕτω
2449 1658 2712 1720 πλουσίως
2753 1669 2955 1732 σεαυτῷ
2995 1660 3322 1725 ἐπαντλήσεις
3377 1662 3602 1720 έπείνιθι.
3658 1669 3887 1740 Εἴρηται

2275 1755 2480 1822 πρῶτος
2532 1748 2680 1820 λόγος
2710 1747 2758 1801 ἐν
2793 1755 3132 1822 Παραιμίαις,
3165 1753 3302 1804 κατὰ
3349 1756 3408 1805 τὸ
3440 1749 3580 1815 εἶδος
3606 1756 3664 1806 τό
3693 1773 3883 1827 παροισ-

511 1823 828 1917 Paroemiis
842 1828 902 1883 in
920 1829 1176 1886 modum
1191 1828 1755 1902 proverbii,adjecta
1770 1828 2043 1901 quadam
2065 1826 2164 1884 ob-

2278 1840 2489 1910 μιακὸν,
2529 1841 2656 1914 πρὸς
2711 1844 3005 1912 γυμνασίαν
3062 1847 3157 1893 τοῦ
3210 1848 3299 1894 νοῦ
3337 1849 3429 1894 τοῦ
3486 1843 3729 1917 ἡμετέρου
3775 1851 3883 1906 τῆς

510 1916 815 1984 scuritate,
839 1917 919 1974 ad
947 1922 1214 1975 mentem
1233 1922 1504 1975 nostram
1531 1917 1933 1975 exercendam
1956 1933 1970 1973 :
1993 1939 2022 1968 ιι
2057 1915 2170 1983 Qui

508 2003 675 2061 videt
701 2006 878 2074 levia,
913 2007 1390 2065 misericordiam
1419 2015 1843 2081 consequetur.
1873 2029 1902 2057 »
1943 2011 2170 2079 Appro-

511 2091 851 2154 hendistine
881 2113 990 2170 per
1019 2099 1281 2170 teipsum
1309 2098 1492 2170 hujus
1517 2098 1659 2154 dicti
1689 2096 2175 2176 intelligentiam,

511 2207 591 2248 an
612 2191 1034 2265 inquiris,cum
1059 2191 1140 2246 sis
1161 2189 1421 2260 diligens
1441 2188 1701 2254 auditor,
1721 2187 2036 2259 quomodo
2067 2187 2170 2259 qui

508 2279 664 2338 levia
686 2281 868 2349 videt,
901 2281 952 2336 is
981 2281 1055 2336 sit
1081 2278 1366 2336 laudibus
1387 2277 1700 2334 ornandus
1721 2278 1749 2334 ?
1775 2280 1926 2333 Nam
1955 2291 2096 2348 quae
2134 2291 2172 2333 a

508 2370 816 2427 voluntate
844 2369 1134 2442 pendent,
1148 2371 1457 2424 merentur
1483 2366 2046 2425 laudem.Videmus
2066 2382 2172 2422 au-

509 2464 632 2517 tem
662 2475 776 2516 nos
804 2459 1085 2516 homines
1108 2473 1233 2515 non
1263 2457 1471 2531 qualia
1497 2457 1799 2528 volumus,
1834 2455 1940 2513 sed
1969 2454 2168 2526 qualis

508 2553 599 2606 est
625 2553 844 2606 natura
871 2564 1082 2605 eorum
1129 2564 1266 2620 quas
1322 2548 1622 2605 videntur.
1663 2548 1880 2612 Quare,
1925 2545 1974 2601 si
2017 2544 2168 2617 quid

510 2654 798 2711 asperum
828 2638 1003 2694 fuerit
1043 2638 1107 2693 in
1153 2637 1501 2709 superﬁcie;
1541 2635 1725 2709 quale
1747 2639 1969 2692 natura
2009 2634 2166 2691 εκεί-

511 2727 631 2794 stit,
672 2727 790 2784 tale
820 2727 1024 2784 videre
1063 2727 1260 2784 datur.
1290 2727 1348 2783 Si
1375 2741 1518 2782 vero
1546 2725 1606 2782 in
1638 2741 1735 2781 res
1764 2723 1929 2781 leves
1957 2722 2166 2780 oculos

509 2832 622 2873 con
623 2817 1141 2889 jecerimus,unde
1163 2816 1297 2872 laus
1311 2815 1602 2872 tribuetur
1616 2814 1771 2871 levia
1789 2813 2166 2886 conspicien-

509 2908 594 2965 ti?
615 2907 794 2964 Levia
822 2911 960 2963 sunt
983 2923 1121 2979 quas
1147 2906 1324 2980 588
1353 2904 1739 2977 superﬁciem
1768 2904 2015 2976 planam
2059 2903 2165 2960 ha-

505 2995 688 3053 bent:
721 3011 1010 3069 asperum
1040 3011 1202 3062 vero,
1226 2994 1394 3068 quod
1422 2994 1618 3068 primo
1647 2994 1868 3050 intuitu
1896 2994 2164 3066 inaequa-

504 3085 636 3144 liter
663 3089 1054 3159 compactum
1069 3087 1336 3142 est.Cum
1354 3084 1535 3155 igitur
1550 3099 1762 3140 eorum
1791 3099 1930 3156 qua;
1961 3082 2164 3138 viden-

2281 1924 2532 1999 ἀσαφείας
2587 1926 2931 1997 ἐπιτεθείσης,
2980 1931 3063 1982 ὅτι
3102 1951 3130 1977 α
3161 1930 3219 1982 Ὀ
3271 1929 3472 2003 βλέπων
3515 1930 3628 1986 λεῖα
3667 1930 3886 1994 ἐλεηθή-

2282 2034 2451 2072 σεται.
2502 2037 2532 2066 ››
2571 2016 2708 2090 Ἀρα
2772 2018 2984 2072 αύτόθεν
3040 2021 3282 2095 ἥρπασας
3325 2024 3420 2081 τὴν
3484 2011 3727 2074 διάνοιαν
3786 2029 3886 2075 τοῦ

2280 2107 2534 2180 ῥήματος,
2575 2107 2604 2166 ἣ
2662 2105 2946 2174 huc;ng
2987 2110 3076 2180 ὅγε
3115 2109 3385 2182 φιλόπονος
3440 2108 3719 2183 ἀκροατὴς,
3768 2118 3884 2175 πῶς

2282 2196 2309 2248 6
2370 2195 2481 2250 λεῖα
2541 2195 2744 2269 βλέπων
2793 2198 3187 2258 ἐπαινεθήσεται
3251 2202 3411 2272 (89);
3454 2200 3729 2254 Ἐπαινετὰ
3777 2203 3884 2276 γὰρ

2281 2282 2395 2338 έστι
2445 2287 2512 2337 τὰ
2566 2289 2700 2338 κατὰ
2760 2291 3086 2362 προαίρεσιν.
3116 2288 3344 2362 Ὀρῶμεν
3402 2284 3462 2341 δε
3513 2290 3565 2341 οἰ
3614 2290 3887 2362 ἄνθρωποι

2279 2373 2385 2444 οὐχ
2429 2375 2584 2426 ὁποία
2642 2373 2941 2448 βουλόμεθα
2994 2377 3130 2448 (90),
3172 2375 3279 2428 ἀλλ’
3315 2377 3471 2430 ὁποῖα
3507 2379 3538 2436 ἡ
3595 2380 3753 2450 φύσις
3780 2385 3886 2430 τῶν

2279 2464 2544 2537 ὁρωμένων
2611 2461 2773 2520 ἐστίν.
2819 2463 2981 2518 Ὠστε
3033 2463 3118 2518 έὰν
3165 2469 3257 2538 μέν
3313 2485 3365 2520 τι
3420 2469 3598 2538 τραχύ
3654 2463 3686 2539 ᾖ
3745 2468 3888 2522 κατὰ

2277 2558 2372 2612 την
2431 2551 2746 2624 έπιφαίνειαν,
2811 2554 2916 2607 οἷον
2979 2555 3215 2630 ὑπάρχει
3268 2563 3330 2628 τῇ
3410 2558 3584 2628 φύσει,
3643 2559 3884 2610 τοιοῦτόν

2277 2642 2418 2696 έστιν
2475 2644 2732 2716 ὁραθῆναι
2760 2663 2772 2676 ο
2808 2641 2893 2696 ἐὰν
2945 2641 3004 2698 δε
3041 2651 3152 2706 τοῖς
3201 2643 3359 2707 λείοις
3415 2643 3734 2720 έπιϐάλωμεν
3791 2646 3886 2708 τὰς

2275 2732 2417 2804 ὄψεις
2461 2741 2560 2786 τῶν
2600 2733 2887 2807 ὁρωμένων,
2927 2735 3083 2788 πόθεν
3135 2735 3161 2787 6
3209 2736 3416 2796 ἔπαινος
3466 2741 3541 2805 τῷ
3579 2735 3766 2810 ὁρῶντι
3810 2736 3885 2787 τὰ

2273 2821 2427 2890 hiat;
2496 2825 2626 2876 Λιῐά
2673 2821 2832 2890 ἐστιν,
2885 2822 2921 2875 ἃ
2985 2827 3079 2883 τὴν
3145 2822 3444 2898 έπιφείνειαν
3511 2823 3881 2897 ὡμαλισμένην

2274 2913 2386 2984 ἔχει
2415 2933 2428 2946 ο
2468 2915 2646 2986 τραχύ
2705 2909 2765 2965 δε
2821 2911 2983 2982 εστιν,
3016 2913 3042 2965 ὃ
3082 2910 3365 2986 ἀνωμάλως
3415 2915 3690 2986 σύγκειται
3741 2915 3885 2967 κατὰ

2271 3005 2366 3060 τὴν
2404 3007 2615 3074 πρώτην
2673 3001 2812 3074 ὄψιν.
2877 3003 3018 3056 Ἐπεὶ
3083 3006 3255 3055 τοίνυν
3297 3001 3560 3074 ἀνώμαλός
3611 2999 3726 3053 έστι
3775 3009 3882 3053 τῶν

2271 3091 2537 3165 ὁρωμένων
2577 3095 2606 3151 ἠ
2667 3095 2844 3164 φύσις,
2900 3098 3007 3152 πῶς
3038 3089 3233 3144 ἐπαινεῖ
3288 3093 3317 3148 ἡ
3379 3093 3554 3165 Γραφη
3601 3092 3689 3140 τὸν
3749 3085 3880 3159 βλέ-

505 3179 622 3246 tur,
648 3173 967 3249 intequalis
997 3174 1072 3230 sit
1095 3179 1314 3231 natura
1339 3192 1353 3243 ;
1395 3173 1501 3247 qui
1531 3173 1598 3230 ﬁt
1625 3178 1687 3228 ut
1710 3188 1850 3228 eum
1877 3171 1982 3245 qui
2005 3171 2163 3228 levia

2273 3199 2436 3234 ποντα
2471 3180 2581 3232 λεῖα
2623 3181 2749 3254 ὑπὲρ
2807 3181 2896 3231 τόν
2920 3180 2987 3230 τὰ
3033 3181 3274 3252 τραχέα;
3309 3181 3411 3232 Καὶ
3450 3181 3750 3252 κατακρίνει
3787 3178 3881 3227 τὸν

503 3264 689 3334 videt,
721 3269 937 3338 praeter
966 3263 1221 3321 alterum
1248 3263 1354 3337 qui
1379 3278 1596 3336 aspera
1623 3261 1932 3334 conspicit,
1959 3261 2166 3318 laudet

505 3355 840 3428 Scriptura?
871 3358 954 3410 Ita
973 3353 1340 3410 condemnat
1363 3352 1667 3408 videntem
1699 3355 2165 3419 montes,etsco-

505 3431 795 3519 pulos,iet
817 3443 1127 3514 barathra,
1180 3447 1236 3498 et
1265 3458 1516 3498 nemora
1559 3443 1772 3510 densa,
1804 3445 1862 3497 et
1889 3440 2164 3511 germina

505 3534 660 3594 inter
684 3549 746 3589 se
777 3532 1134 3590 cohaerentia
1156 3549 1290 3606 quae
1314 3532 1696 3606 superﬁciem
1723 3547 2002 3603 asperam
2035 3545 2161 3603 prae

509 3640 572 3681 se
598 3624 815 3694 ferunt,
837 3628 944 3680 aut
971 3623 1151 3680 etiam
1183 3639 1351 3679 mare
1383 3639 1542 3696 saepe
1562 3639 1599 3678 a
1629 3621 1818 3678 ventis
1847 3636 2163 3694 exaspera-

510 3718 664 3784 tum,
694 3718 802 3771 aut
853 3712 1034 3770 etiam
1084 3719 1307 3770 terram
1337 3718 1536 3770 aratro
1570 3712 1960 3778 conscissam,
2001 3715 2058 3765 et
2098 3708 2160 3765 in

505 3808 710 3878 partes
733 3818 985 3876 asperas
1023 3802 1277 3860 levitatis
1328 3802 1463 3858 loco
1489 3802 1834 3858 dissectam.
1863 3803 2016 3856 Num
2055 3798 2162 3871 qui

504 3892 635 3950 haec
656 3893 835 3958 videt,
867 3891 1376 3949 condemnabitnr
1395 3892 1422 3946 ?
1445 3894 1509 3947 Et
1537 3891 1898 3964 ubi,quteso,
1927 3891 2162 3960 justum

507 3983 610 4040 Dei
633 3981 954 4054 judicium,
993 3981 1041 4038 si
1079 3981 1159 4038 ob
1217 3997 1289 4037 ea
1327 3998 1463 4055 quae
1502 3981 1679 4038 nobis
1703 3980 1902 4036 invitis
1931 3976 2159 4033 contin-

505 4077 677 4144 gunt,
711 4072 1195 4129 condemnamur
1216 4071 1243 4126 ?
1275 4071 1333 4128 Si
1383 4071 1590 4128 videro
1619 4075 1841 4126 terram
1888 4067 2160 4139 aliquam

506 4177 644 4236 qum
674 4165 895 4219 natura
919 4161 1236 4235 inaequalis
1261 4161 1335 4218 sit
1355 4160 1574 4234 (qualis
1597 4159 1758 4216 enim
1779 4156 2024 4213 condita
2050 4159 2162 4220 est,

505 4251 641 4310 talis
669 4251 1080 4324 conspicitur):
1113 4267 1260 4307 num
1282 4267 1395 4320 ego
1415 4255 1736 4324 propterea
1761 4245 2165 4303 condemnor?

509 4341 624 4398 Sed
651 4340 801 4397 illud
835 4359 848 4394 :
881 4364 908 4392 ‹‹
941 4341 1049 4408 Qui
1077 4341 1242 4397 videt
1267 4340 1442 4408 levia,
1473 4357 1502 4392 ›
1529 4338 1709 4395 velim
1743 4352 1924 4392 sensu
1955 4333 2163 4391 altiore

504 4429 824 4502 intelligas.
857 4431 1090 4488 Adsunt
1114 4446 1320 4488 coram
1354 4433 1408 4485 te
1428 4429 1642 4486 fratres
1671 4426 1923 4484 diversae
1947 4424 2120 4480 sortis
2145 4439 2160 4480 :

2272 3273 2365 3342 ὅρη
2422 3270 2555 3341 (91),
2610 3272 2700 3320 καὶ
2769 3267 3071 3334 σκοπέλους,
3129 3271 3219 3320 καὶ
3258 3268 3548 3342 φάραγγας,
3609 3270 3702 3318 καὶ
3749 3263 3882 3327 ύλης

2269 3362 2589 3424 πυκνότητα,
2631 3361 2722 3411 καὶ
2783 3362 3100 3431 γεννήμανος
3163 3359 3438 3430 συνέχειαν
3501 3358 3878 3432 τραχύνουσαν

2270 3451 2364 3506 τὴν
2403 3446 2722 3520 ἐπιφάνειαν,
2761 3447 2790 3506 ᾖ
2848 3452 2936 3500 καὶ
2992 3445 3261 3499 θάλασσαν
3299 3445 3544 3506 πολλάκις
3597 3446 3697 3498 ὑπὸ
3756 3442 3877 3497 ἀνέ-

2269 3558 2378 3611 μων
2435 3540 2850 3612 τραχυνομένην,
2892 3535 2922 3596 ἣ
2969 3539 3059 3588 καὶ
3108 3543 3206 3608 γῆν
3249 3537 3348 3589 ὑπὸ
3407 3534 3628 3610 ἀρότρου
3683 3533 3877 3606 σχιζο-

2270 3630 2447 3700 μένην,
2489 3629 2578 3678 καὶ
2611 3625 2724 3677 ἀντὶ
2772 3631 2864 3685 τῆς
2911 3623 3172 3686 λειότητος
3210 3623 3278 3685 εἰς
3328 3627 3534 3700 τραχέα
3582 3619 3874 3675 διακοπτο-

2269 3719 2447 3789 μένην.
2476 3714 2614 3788 Ἀρα
2653 3716 2678 3766 ό
2733 3721 2901 3767 ταῦτα
2959 3713 3162 3787 βλέπων
3222 3714 3709 3787 κατακριθήσεταις
3772 3715 3875 3764 Καὶ

2268 3813 2369 3859 ποῦ
2409 3807 2440 3864 ἡ
2476 3801 2840 3880 δικαιοκρισία
2877 3809 2969 3856 τοῦ
2997 3809 3149 3874 Θεοῦ,
3193 3802 3237 3855 εἰ
3266 3802 3300 3855 ἃ
3348 3801 3610 3864 ἀκουσίως
3651 3802 3874 3874 πάσχο-

2267 3913 2380 3968 μεν,
2441 3893 2525 3946 ἰπὶ
2592 3896 2796 3955 τούτοις
2864 3889 3372 3964 καταδικαζόμεθα;
3426 3891 3546 3944 Ἐὰν
3597 3887 3702 3944 ἴδω
3778 3895 3874 3950 τὴν

2271 3986 2427 4057 φύσιν
2481 3991 2575 4044 τῆς
2625 3989 2728 4054 γῆς
2783 3979 3060 4055 ἀνωμάλως
3107 3983 3339 4054 ἔχουσαν
3393 3977 3596 4048 (ἕπειδὴ
3637 3980 3877 4056 γὰρόἶα

2271 4073 2510 4142 ἐκτίσθη,
2563 4074 2776 4130 τοιαύτη
2837 4071 3064 4146 ὁρᾶται),
3107 4069 3188 4143 έγὶ
3229 4073 3426 4132 τούτοις
3485 4069 3586 4143 έφὼ
3652 4065 3874 4123 καταδι-

2270 4163 2502 4234 κάζομαι
2527 4177 2540 4227 ;
2575 4159 2731 4214 Ἀλλὰ
2757 4164 2862 4213 νόει
2890 4180 2981 4232 μοι
3037 4159 3274 4232 ὑψηλῶς,
3300 4181 3329 4210 ‹‹
3369 4159 3428 4214 Ὀ
3461 4159 3664 4233 βλέπων
3687 4159 3817 4214 λεῖα.
3844 4180 3873 4210 ν

2273 4254 2653 4326 Παρεστήκασί
2706 4270 2790 4303 σοι
2817 4247 3049 4323 ἀδελφῶν
3099 4247 3386 4325 διαφοραιο
3435 4251 3463 4304 6
3511 4252 3805 4324 μὲνπένης,
3846 4250 3873 4302 6

2273 4338 2333 4398 δὲ
2378 4341 2664 4401 πλούσιος·
2716 4341 2743 4394 6
2772 4343 2862 4414 μὲν
2895 4339 3049 4405 ξένος,
3090 4341 3116 4392 6
3158 4336 3217 4393 δε
3266 4339 3467 4408 οἰκεῖος,
3521 4341 3549 4401 ἣ
3603 4337 3874 4404 δικάζοντί

2276 4451 2360 4485 σοι
2415 4435 2726 4505 κρινόμενοι,
2767 4430 2797 4492 ᾖ
2857 4426 3201 4504 μεταδιδόντι
3262 4448 3347 4482 σοι
3393 4430 3686 4506 χρῄζοντες
3722 4429 3864 4501 (92).

507 4535 760 4595 pauper,
787 4521 938 4578 alius
967 4521 1136 4579 dives
1170 4537 1183 4577 :
1235 4519 1388 4576 alius
1411 4520 1653 4593 hospes,
1681 4518 1836 4574 alius
1881 4512 2164 4572 domesti-

2273 4523 2390 4577 Ἐὰν
2421 4524 2556 4595 κάθῃ
2586 4525 2791 4596 κρίνων,
2832 4523 2902 4594 μὴ
2951 4519 3108 4594 βλέπε
3138 4517 3405 4594 ἀνώμαλα,
3459 4524 3531 4594 μὴ
3577 4522 3667 4572 τὸν
3721 4517 3875 4572 πλού-

508 4627 635 4674 cus,
668 4611 775 4685 qui
805 4615 910 4668 aut
940 4614 994 4668 te
1015 4610 1220 4682 judice
1241 4609 1558 4682 judicandi
1587 4612 1749 4676 sunt,
1782 4610 1886 4663 aut
1914 4604 2022 4678 qui
2044 4602 2163 4658 tuis

504 4700 928 4773 largitionibus
956 4701 1374 4771 indigent.Scd
1400 4699 1628 4756 sederis
1647 4697 1940 4770 judex,ne
1958 4691 2164 4750 videas

505 4789 853 4867 inaequalia,
883 4807 960 4848 ne
997 4789 1205 4849 videas
1229 4789 1476 4847 divitem
1507 4786 1854 4857 sublimem,
1883 4790 1988 4845 aut
2017 4801 2165 4863 pau-

579 5063 694 5134 (89)
716 5059 900 5118 Paulo
930 5064 1069 5134 ante
1084 5060 1314 5118 habent
1339 5059 1588 5134 quidem
1615 5060 1828 5134 etediti
1849 5064 1906 5118 et
1929 5063 2161 5118 veteres

503 5132 643 5193 libri
677 5132 900 5190 omnes
932 5132 1111 5192 ἐλεηθή
1125 5152 1272 5186 σεται
1301 5153 1314 5167 ο
1349 5132 1452 5190 sed
1492 5133 1607 5190 hoc
1627 5133 1761 5190 loco
1790 5135 1873 5190 ita
1896 5133 2156 5200 variant,

506 5206 654 5263 utin
685 5205 945 5261 editione
976 5205 1234 5262 Paris.et
1254 5205 1418 5262 Colb.
1451 5205 1718 5262 secundo
1746 5206 1984 5274 legatur
2011 5219 2161 5274 quo-

505 5294 625 5350 que
657 5276 765 5336 ἐλέη
776 5279 837 5350 θή
847 5297 1012 5341 σεται,
1037 5279 1511 5350 misericordiam
1541 5283 1955 5350 consequetur,
1979 5275 2161 5350 editio

505 5348 652 5406 vero
686 5348 864 5405 Basil.
887 5355 945 5404 et
974 5348 1138 5406 Colb.
1172 5355 1300 5406 tert.
1329 5355 1386 5405 et
1411 5349 1590 5406 Coisl.
1621 5355 1680 5404 et
1700 5348 1815 5403 tres
1865 5348 2028 5416 Regii
2056 5348 2162 5403 ha-

505 5419 694 5480 beant
717 5423 1136 5479 ἐπαινεθήσεται.
1185 5422 1288 5477 Hic
1318 5425 1518 5477 autem
1547 5420 1718 5476 locus
1745 5434 1863 5474 non
1904 5419 2166 5476 occurrit

507 5491 570 5549 in
601 5492 956 5565 Proverbiis,
987 5493 1102 5565 nisi
1129 5493 1268 5565 quis
1311 5492 1474 5548 dicat
1511 5489 1873 5565 versiculum
1915 5507 2053 5565 esse
2092 5496 2160 5565 25

508 5578 645 5634 cap.
695 5581 752 5619 iv
784 5582 798 5620 :
833 5567 899 5617 Οἱ
925 5561 1180 5636 ὀφθαλμοί
1214 5583 1308 5616 σου
1341 5565 1473 5637 ὀρθὰ
1495 5561 2044 5637 βλεπέτωσαν,ίοςειίἰ
2071 5564 2163 5637 tui

509 5640 676 5715 recta
695 5634 971 5716 yideant.
1001 5634 1211 5716 pieque
1235 5634 1378 5716 vero
1401 5634 1744 5716 quidquam
1767 5634 2163 5716 in‘Hegaplis

508 5703 825 5780 invenitur,
854 5705 1024 5784 quod
1052 5703 1166 5764 n6:
1211 5705 1334 5764 ullo
1372 5703 1558 5766 modo
1574 5703 1771 5780 iuvet.
1820 5703 2068 5782 Aquilae
2107 5710 2166 5764 et

2275 4632 2386 4666 σιον
2416 4611 2636 4684 ὑψηλὸν,
2677 4613 2764 4665 τόν
2819 4605 2878 4664 δὲ
2919 4614 3115 4669 πένητα
3154 4612 3417 4665 ταποινόν.
3470 4609 3587 4662 Ἐὰν
3623 4616 3868 4684 παραστῇ

2270 4711 2335 4776 τῇ
2370 4703 2502 4778 θύρᾳ
2547 4721 2641 4752 σου
2680 4701 2708 4752 6
2737 4705 2830 4759 τὴν
2859 4703 3046 4776 χρείαν
3103 4697 3263 4761 αὐτοῦ
3308 4697 3732 4776 ἐπανορθωθῆναι
3785 4701 3872 4763 ζη-

2270 4799 2392 4862 τῶν,
2433 4787 2573 4869 μηδὲ
2625 4789 2789 4854 οὕτως
2847 4787 3091 4864 ἀνώμαλα
3143 4784 3285 4864 ἴδῃς.
3346 4793 3434 4850 Μὴ
3477 4791 3642 4854 εἶπῆς.
3705 4788 3872 4853 Οὗτος

2269 5059 2597 5119 Theodotio
2648 5059 2729 5116 ita
2756 5057 3128 5133 interpretati
3173 5062 3334 5133 sunt,
3377 5058 3747 5133 Οἱᾘόφθαλμοί
3777 5077 3864 5112 σου

2271 5133 2663 5187 εύθυνέσθωσαν
2690 5130 3016 5183 κατεναντίον
3041 5147 3054 5161 °
3087 5130 3264 5202 Oculi
3296 5131 3387 5187 lui
3413 5130 3770 5202 dirigantur
3795 5145 3864 5187 ετ

2268 5205 2542 5262 adverso.
2575 5203 3001 5276 Symmachus,
3033 5205 3098 5255 Οἱ
3127 5201 3383 5275 ὀφθαλμοί
3414 5221 3509 5255 σου
3544 5201 3631 5267 κείς
3655 5207 3711 5256 τό
3747 5202 3862 5257 εὐθύ

2272 5275 2652 5350 βλεπέτωσανο
2685 5275 2860 5350 (λι-ιιιὶ
2887 5276 2980 5350 {ut
3000 5276 3062 5350 in
3093 5277 3673 5350 rertqmﬁspiciant.

2487 5346 2732 5428 ῥωπιρὶ
2753 5345 2876 5402 duo
2912 5345 3185 5428 llbrl‘oﬁx
3207 5347 3291 5397 οἷα
3312 5345 3630 5428 βουλόμεθα.

2343 5363 2456 5420 (νυ)
2487 5363 2732 5473 Ληιιεὶιξι
2753 5363 2876 5402 (ιυο
2912 5363 3048 5401 11an
3079 5365 3185 5428 ουχ
3207 5365 3291 5397 οια
3312 5363 3630 5420 βουλόμεθα.

2341 5421 2457 5492 (91)
2490 5423 2588 5475 Hic
2619 5417 2842 5492 elapsis
2874 5423 2981 5473 est.
3015 5420 3244 5492 Etenim
3266 5421 3407 5490 post
3434 5417 3691 5492 verbum
3717 5437 3868 5470 κατα-

2270 5487 2449 5566 κρίνεί
2485 5487 2830 5566 supplenda
2859 5495 2949 5544 est
2994 5505 3109 5566 vox
3140 5487 3398 5561 βλέποντα
3426 5508 3438 5520 ·
3481 5492 3569 5547 sic
3621 5491 3868 5547 damnat

2270 5561 2427 5628 eum,
2459 5565 2562 5634 qui
2586 5561 2742 5617 uidet
2770 5567 3018 5634 (nantes,
3042 5565 3165 5634 etc.

2342 5629 2728 5706 (92)'Vcleres
2753 5631 2878 5706 duo
2919 5631 3056 5689 libri
3084 5629 3427 5704 μεταδιδόντι
3471 5635 3520 5687 οἱ
3557 5632 3868 5706 χρῄζοντες.

2272 5703 2484 5764 Statim
2513 5703 2678 5763 Colb.
2704 5704 2939 5780 primus
2967 5708 3039 5776 μὴ
3067 5703 3157 5756 τὸν
3180 5707 3295 5778 μέν.
