4092 6416
553 294 688 349 1443
1555 279 1903 340 ΑςΡΡΕΝΒΙΧ
1940 281 2169 340 OPERU

2304 321 2316 335 .
2358 281 2611 341 BASILII
2649 286 2892 343 MAGNI.
3782 290 3920 351 1444

547 420 621 472 Es
649 418 853 471 autem
894 411 1201 468 dicturus:
1251 412 1352 465 Est
1396 408 1550 465 inter
1592 424 1704 464 nos
1758 407 1864 480 qui
1901 407 1978 463 sit
2010 404 2163 475 glori:

2318 402 2379 460 δε
2410 409 2491 460 ὅτι
2524 408 2679 462 Ἐστι
2708 428 2788 472 τις
2816 408 2866 462 έν
2924 410 3050 481 ἡμῖν
3106 406 3402 482 φιλόδοξος,
3462 413 3552 463 καὶ
3582 410 3643 464 οὐ
3677 412 3917 485 θυμικὸς.

545 504 826 577 cupidus,
858 502 964 574 qui
990 507 1195 556 tamen
1225 497 1557 555 iracundus
1586 513 1711 553 non
1739 497 1831 553 sit.
1865 495 2077 552 Gloriae
2107 511 2161 551 οι

2314 494 2592 560 Φιλόδοξος
2623 495 2701 565 εἷ;
2771 498 2830 551 ού
2880 498 3083 571 βλέπεις
3138 498 3268 555 λεῖα.
3332 497 3603 574 Θυμώδης
3634 498 3681 553 εἷ
3711 518 3723 568 ;
3759 526 3785 551 ‹‹
3818 510 3918 558 Καὶ

542 595 724 667 pidus
756 609 819 649 es
840 594 867 648 τ
906 595 1034 647 Non
1061 590 1225 645 vides
1249 589 1427 644 levia.
1466 586 1797 644 Iracundus
1830 602 1893 641 es
1916 588 1944 643 7
1965 608 1992 635 ‹‹
2028 588 2092 641 Ει
2123 601 2158 640 n

2312 583 2466 661 ἀνδρὶ
2499 584 2731 659 θυμώδει
2779 592 2848 660 μὴ
2901 587 3237 649 συναυλίζου.
3264 610 3292 639 ››
3350 587 3499 651 Εἶδες
3543 598 3650 651 πῶς
3699 589 3748 643 έν
3777 590 3916 665 βρα-

538 685 775 741 habites
788 698 910 738 una
926 697 1064 737 cum
1082 679 1536 735 viroiracundo.
1558 700 1583 725 ››
1598 678 1770 732 Vides
1783 691 1971 748 quam
1987 677 2154 747 pauci

2306 675 2542 748 χυλογίᾳ
2612 678 2641 735 ἠ
2706 673 2993 752 διόρθωσις
3052 687 3150 731 τῶν
3214 677 3607 754 ἁμαρτημάτων
3674 676 3913 752 δίδοται,

538 774 739 831 verbis
766 776 1011 845 peccata
1035 767 1560 839 corrigantur,nisi
1587 766 1739 822 forte
1766 781 1943 821 aures
1966 769 2154 820 vestra

2306 762 2390 816 ἐὰν
2420 770 2490 837 μὴ
2539 767 2643 839 ἄρα
2690 769 2756 817 τὰ
2810 769 2900 838 μὲν
2959 764 3065 820 ὦτα
3103 770 3409 843 κρουώμεθα
3467 765 3561 822 διὰ
3611 777 3911 841 τῆςφωνῆς,

537 865 834 920 duntaxat
863 877 968 933 per
997 874 1207 915 vocem
1247 858 1583 929 pulsemus,
1630 856 1692 911 in
1714 869 1816 910 cor
1835 869 1977 909 vero
2009 853 2153 909 dictt

2304 856 2387 907 ἐπὶ
2449 852 2509 908 δε
2574 859 2661 914 τήν
2704 853 2930 929 καρδίαν
3004 862 3098 916 την
3172 860 3366 912 ἔννοιαν
3430 867 3527 912 τῶν
3588 859 3913 932 λαλουμένων

453 952 459 960 ’
534 970 672 1009 rum
703 949 1159 1019 intelligentiam
1188 963 1310 1003 non
1330 945 1833 1002 transmittamus.
1859 942 1979 999 Sed
2004 942 2069 997 sic

2300 942 2360 995 ού
2415 949 2863 1019 παραπέμπωμεν.
2921 946 3055 1000 Ἀλλ’
3122 946 3326 1011 ἐξέταξε
3381 951 3494 1021 μεν,
3553 956 3654 1002 που
3699 952 3755 1002 τό
3787 948 3911 1023 ἐμόν

535 1058 676 1098 cum
706 1045 923 1113 reputa
954 1056 967 1093 :
1002 1038 1253 1094 ubinam
1285 1036 1507 1091 lectum
1528 1032 1802 1105 estquod
1833 1032 1907 1088 ad
1942 1048 2039 1088 me
2061 1047 2151 1103 spe

2300 1029 2649 1104 ἀνεγνώσθη;
2708 1038 2785 1088 Τὰ
2852 1040 2972 1110 περὶ
3044 1045 3142 1089 τῶν
3216 1039 3446 1110 θυμιιιῶν
3522 1039 3791 1110 έπίγνωθι,
3884 1040 3910 1092 ό

534 1138 653 1189 ctat
672 1133 698 1187 Ἰ
729 1133 873 1196 Quae
904 1128 979 1184 de
1008 1125 1316 1183 iracundis
1344 1124 1499 1180 lecta
1521 1128 1676 1193 sunt,
1708 1136 1973 1192 agnosce
2002 1125 2063 1177 tu
2084 1136 2150 1192 qL'

2300 1123 2540 1195 θυμιχός.
2571 1124 2697 1177 Εἰπέ
2739 1164 2753 1179 .
2803 1132 2968 1179 Τοῦτο
3022 1125 3143 1198 έμὸν
3208 1131 3267 1179 τὸ
3328 1129 3533 1191 πάθος·
3566 1129 3813 1201 γνωρίζω
3850 1133 3909 1183 τό

530 1218 862 1277 iracundus
891 1233 977 1272 es.
1004 1215 1187 1271 Dicito
1214 1231 1227 1269 :
1258 1214 1359 1268 Hic
1390 1229 1561 1268 meus
1591 1217 1680 1267 est
1699 1211 2146 1279 morbus,mear

2297 1210 2623 1287 ἀρρώστημά
2686 1234 2787 1287 μου
2823 1237 2834 1248 ·
2903 1215 3028 1268 λάϐε
3069 1221 3163 1275 τὴν
3215 1219 3509 1291 θεραπείαν,
3564 1217 3683 1270 Ἐὰν
3730 1238 3908 1293 παρα-

531 1323 799 1381 agnosco
830 1306 1263 1370 inﬁrmitatem,
1304 1303 1511 1374 accipe
1559 1300 1884 1357 medelam.
1929 1299 2098 1366 Quod
2137 1315 2147 1352 ε

2296 1309 2427 1374 στῇς
2452 1310 2523 1374 τῷ
2565 1304 2748 1378 ἰατρῷ,
2804 1310 2895 1358 καὶ
2950 1302 3077 1379 ἴδῃς
3124 1311 3219 1365 τὴν
3276 1306 3606 1361 uoluti).an
3633 1314 3735 1359 τῶν
3765 1328 3908 1384 φαρ-

528 1402 712 1457 adeas
744 1397 1067 1465 medicum,
1103 1400 1160 1450 et
1188 1392 1409 1449 videris
1439 1392 1710 1464 pretiosa
1738 1390 2144 1447 medicament

2292 1395 2470 1463 μάκων
2527 1392 2578 1445 ἐν
2634 1402 2747 1455 ταῖς
2830 1394 3191 1467 πολυπτύχοις
3270 1395 3613 1469 ἀποκειμένην
3678 1393 3899 1470 δέλτοις,

524 1490 587 1545 in
604 1488 784 1545 variis
804 1484 1025 1542 tabulis
1043 1483 1352 1553 collocata,
1364 1480 1780 1537 considerabis
1797 1479 1944 1552 quid
1965 1478 2140 1535 morb

2291 1486 2599 1555 περισκόπει
2626 1488 2679 1535 τί
2736 1484 2922 1538 οἰκεῖον
2981 1483 3252 1538 ἀπόκειται
3309 1493 3382 1556 τῷ
3443 1494 3517 1558 σῷ
3565 1488 3742 1540 πάθει.
3777 1488 3900 1559 Οὐχ

524 1586 629 1637 tuo
678 1576 1017 1634 conveniat.
1070 1577 1195 1631 Non
1244 1573 1350 1646 qui
1399 1571 1619 1644 pedem
1664 1570 1938 1633 offendit,
1968 1584 2140 1641 quaer,

2290 1570 2317 1621 ό
2379 1575 2464 1623 τὸν
2516 1568 2661 1625 πόδα
2720 1580 3091 1649 προσπταίσας
3155 1573 3394 1636 ἐπιζητεῖ
3452 1578 3511 1628 τό
3563 1583 3655 1628 τοῦ
3707 1575 3898 1649 ὀφθαλ-

521 1668 682 1725 oouli
707 1666 1085 1722 curationem
1118 1681 1133 1719 :
1166 1663 1275 1720 sed
1300 1662 1406 1735 qui
1431 1660 1677 1717 oculum
1707 1658 1866 1716 male
1894 1658 2137 1714 affectu:

2287 1667 2389 1730 μοῦ
2446 1664 2580 1733 ἴαμα
2610 1683 2623 1696 '
2649 1661 2756 1715 ἀλλ’
2810 1666 2838 1717 ὁ
2900 1668 2985 1718 τὸν
3040 1664 3301 1738 ὀφθαλμόν
3350 1669 3703 1737 κεκακωμένον
3756 1668 3898 1738 ἔχων

519 1757 705 1813 habet
722 1754 1059 1812 remedium
1078 1752 1277 1809 morbi
1302 1751 1487 1822 hujus
1509 1750 1827 1823 proprium
1852 1747 2129 1820 conquiri

2289 1749 2437 1809 ζητεῖ
2472 1754 2527 1803 τὸ
2557 1753 2745 1805 οἰκεῖον
2797 1762 2870 1825 τῷ
2922 1756 3079 1809 πάθει
3132 1754 3407 1828 βοήθημα,
3445 1754 3647 1807 Οὐκοῦν
3676 1756 3898 1820 ἕκαστος

522 1849 733 1903 Sumat
756 1845 937 1915 igitur
962 1843 1220 1916 quisque
1246 1857 1320 1897 ex
1348 1841 1676 1913 Scriptura,
1705 1853 1778 1895 ea
1798 1854 1937 1910 quae
1962 1836 2135 1893 morb

2284 1838 2340 1890 έκ
2405 1848 2498 1903 τῆς
2565 1848 2775 1916 Γραφῆς
2834 1843 3135 1917 λαμϐανέτω
3200 1848 3266 1897 τὰ
3333 1852 3556 1916 συγγενῆ
3628 1852 3701 1915 τῷ
3765 1841 3890 1916 ἰδίῳ

518 1952 629 1993 suo
643 1941 783 1992 sunt
795 1932 1380 2005 agnata.lracundus
1410 1946 1473 1986 es
1486 1932 1514 1987 ‘I
1528 1929 1752 1987 Cohibe
1772 1926 2134 1985 iracundiam

2282 1930 2455 1985 πάθει.
2512 1929 2778 2004 Θυμώδης
2836 1930 2931 2002 εἷς
2991 1933 3331 1993 κατάστειλον
3384 1938 3473 1987 τόν
3530 1935 3690 2006 θυμόν
3744 1935 3893 2006 (98).

516 2048 544 2077 α
622 2026 719 2082 Vir
794 2024 977 2091 enim,
1053 2022 1274 2094 inquit,
1349 2020 1678 2076 iracundus
1751 2024 1841 2074 est
1912 2017 2132 2075 inhone

2285 2042 2311 2070 ι(
2371 2018 2643 2093 Θυμώδης
2699 2026 2824 2099 γὰρ,
2881 2029 3061 2097 φησὶν,
3118 2026 3248 2100 ἀνὴρ
3321 2023 3417 2077 οὐκ
3487 2023 3795 2097 εὐσχήμων.
3856 2046 3888 2074 »ι

516 2121 643 2172 stus
672 2116 739 2171 ³ο.
778 2136 807 2163 ››
834 2115 1003 2169 Disce
1036 2129 1073 2167 a
1104 2111 1432 2183 Scriptura.
1481 2110 1563 2165 Sit
1607 2108 1781 2165 faciei
1814 2113 1931 2163 tum
1961 2122 2132 2179 speet

2280 2112 2425 2162 Μάθε
2484 2114 2627 2184 παρὰ
2692 2122 2789 2174 τῆς
2856 2119 3086 2188 Γραφῆς.
3154 2115 3455 2186 Κάτοπτρον
3510 2116 3733 2185 γενέσθω
3790 2120 3883 2166 τοῦ

511 2205 638 2261 lum
668 2204 992 2276 Scriptura.
1018 2201 1105 2257 lbi
1133 2200 1319 2256 disce.
1352 2201 1654 2265 Quoniam
1680 2198 1843 2254 enim
1862 2196 2052 2269 impia
2080 2211 2127 2252 rt

2279 2204 2564 2273 προσώπου
2596 2209 2689 2255 τοῦ
2742 2210 2838 2255 σοῦ
2892 2204 2922 2262 ἦ
2980 2208 3181 2278 Γραφή.
3247 2204 3383 2257 Ἐκεῖ
3438 2205 3590 2275 μάθε.
3618 2199 3825 2261 Ἐπειδή
3858 2203 3885 2255 ὁ

511 2294 837 2365 tiocinatio,
869 2290 1130 2348 tenebris
1178 2288 1460 2355 inductis,
1515 2293 1817 2360 quantum
1848 2290 2127 2359 peccatur

2280 2289 2469 2353 ἀσεϐὴς
2542 2292 2794 2367 λογισμὸς
2852 2300 3124 2356 σκοτώσεις
3174 2294 3270 2348 οὐκ
3337 2293 3397 2365 έᾴ
3450 2294 3775 2366 λογίσασθαί
3832 2312 3891 2347 σε

509 2385 601 2442 ira
626 2385 718 2447 sit,
752 2387 1034 2455 reputare
1064 2386 1119 2437 te
1149 2396 1275 2436 non
1304 2379 1469 2446 sinit,
1502 2378 1810 2450 Scriptura
1838 2376 1983 2432 dicit
2012 2375 2118 2432 tibi

2276 2379 2455 2439 ἡλίκον
2509 2384 2627 2454 (99)
2686 2383 2976 2459 ἁμάρτημά
3016 2384 3162 2438 ἐστιν
3218 2387 3244 2437 ό
3294 2386 3474 2457 θυμὸς,
3510 2386 3540 2444 ἠ
3593 2388 3772 2458 Γραφὴ
3806 2402 3892 2436 σοι

511 2496 539 2524 ‹‹
558 2474 916 2530 lnhonestus
929 2476 1023 2527 est
1043 2471 1136 2526 vir
1156 2467 1508 2526 iracundus.
1532 2490 1561 2519 ››
1580 2465 1902 2533 Quomodo
1918 2466 2127 2525 inhont

2277 2469 2407 2542 λέγει
2430 2492 2444 2505 ·
2476 2494 2504 2523 ιι
2537 2472 2649 2526 Ούιι
2668 2474 2956 2547 εὐσχήμων
3004 2473 3133 2550 ἀνὴρ
3185 2470 3459 2547 θυμώδης.
3492 2495 3520 2524 ››
3562 2480 3680 2535 Πῶς
3711 2472 3893 2546 ἀσχη-

511 2570 640 2621 stus
661 2562 878 2635 estqui
906 2560 1238 2617 iracundus
1261 2563 1351 2615 est
1370 2559 1398 2613 ?
1446 2558 1617 2614 Exuit
1647 2556 1924 2613 habitum
1951 2556 2127 2612 huma

2273 2569 2417 2632 μονεῐ
2451 2561 2478 2614 ὀ
2501 2560 2790 2635 θυμώδηςς
2861 2564 3188 2619 ’Λποτίθεται
3243 2568 3299 2617 τό
3362 2572 3556 2637 σχῆμα
3592 2566 3650 2614 τό
3681 2560 3889 2637 ἀνθρώ-

505 2670 676 2721 num,
702 2652 1037 2709 belluinum
1058 2649 1329 2705 habitum
1360 2648 1574 2704 induit.
1610 2648 1792 2717 Finge
1820 2646 1929 2703 tibi
1958 2645 2121 2701 anim

2271 2669 2436 2719 πινον,
2499 2654 2684 2727 θηρίου
2734 2661 2929 2727 σχῆμα
2966 2654 3383 2728 μεταλαμϐάνει.
3451 2653 3725 2711 Ἐννόησον
3794 2653 3886 2704 τόν

502 2744 745 2814 iratum,
771 2741 1052 2798 efferbuit
1079 2740 1142 2796 in
1169 2740 1305 2811 ipso
1329 2738 1439 2806 ira,
1473 2742 1531 2794 et
1555 2737 1714 2794 oculi
1743 2738 1958 2793 mutati
1981 2741 2118 2791 sunt

2272 2742 2611 2815 θυμούμενον.
2668 2744 2936 2804 Ἐπέζεσεν
2988 2744 3130 2816 αύτῷ
3188 2746 3215 2797 ό
3269 2746 3453 2817 θυμός,
3490 2748 3581 2797 καὶ
3604 2744 3653 2795 οἱ
3682 2739 3881 2813 ὀφθαλ-

502 2850 629 2892 non
659 2836 801 2889 sunt
827 2831 1013 2888 iidem
1063 2829 1243 2898 oculi,
1290 2830 1610 2899 ignescunt
1642 2845 1655 2883 :
1686 2826 1945 2884 excurrit
1970 2826 2118 2899 ipsiu

2268 2835 2360 2898 μοι
2414 2832 2793 2905 ύπηλλάγησαν
2848 2854 2862 2868 ·
2922 2834 3024 2888 σύκ
3073 2835 3204 2887 εἰσὶν
3259 2836 3308 2887 οἱ
3375 2834 3528 2888 αὐτοὶ
3592 2830 3876 2906 ὀφθαλμοὶ,

506 2924 779 2995 sanguis,
803 2922 1029 2978 circum
1055 2936 1160 2977 cor
1208 2918 1434 2989 ebullit,
1495 2918 1732 2974 tunicas
1764 2917 1928 2974 subit
1950 2916 2122 2973 oculo

2266 2929 2370 2996 πῦρ
2435 2922 2635 2996 βλέπει,
2692 2920 2977 2997 ἀνέδραμεν
3035 2924 3178 2995 αύτῷ
3247 2928 3305 2976 τὸ
3378 2926 3530 2997 αἷμα,
3604 2925 3877 2997 περιέζεσε

498 3030 636 3071 rum
667 3031 679 3069 :
716 3010 1088 3068 suffunditur
1117 3008 1435 3081 sanguine,
1456 3007 1607 3065 dum
1637 3006 1854 3064 morbo
1880 3022 2114 3064 succuu

2264 3016 2359 3071 τὴν
2397 3010 2644 3087 καρδίαν,
2700 3011 3020 3089 περιέδραμε
3082 3017 3196 3074 τοὺς
3246 3022 3477 3086 χιτῶνας
3523 3021 3625 3066 τῶν
3670 3013 3874 3085 ὀφθαλ-

496 3104 584 3162 bit
612 3120 625 3170 ;
666 3102 879 3159 alterat
899 3100 1108 3157 oculos
1139 3116 1301 3155 suos.
1331 3120 1358 3149 ‹‹
1386 3099 1481 3155 Vir
1510 3098 1842 3154 iracundus
1866 3101 1955 3155 est
1984 3097 2112 3154 inhc

2263 3110 2391 3174 μῶν,
2445 3102 2639 3175 ἐγένετο
2692 3104 2919 3176 ὗφαιμος
2983 3101 3231 3178 έκχωρῶν
3287 3109 3359 3171 τῷ
3406 3104 3581 3167 πάθει,
3643 3100 3878 3160 ἠλλοίωι

495 3198 724 3251 nestus.
749 3214 778 3241 »
803 3191 861 3247 Si
884 3189 1105 3246 videris
1121 3189 1345 3245 iratum
1370 3188 1581 3245 dentes
1604 3188 2111 3259 acuentem,cogit

2264 3212 2348 3247 σεν
2397 3193 2557 3248 αὐτοῦ
2582 3197 2706 3256 τοὺς
2758 3192 3070 3266 ὀφθαλμούς.
3138 3214 3165 3242 α
3199 3195 3338 3264 Ανὴρ
3372 3187 3624 3265 θυμώδης
3649 3190 3745 3243 ούι
3773 3191 3876 3244 εὐ·-

494 3282 809 3340 hominem
838 3277 1144 3350 ejusmodi
1165 3277 1422 3334 similem
1446 3294 1578 3334 esse
1606 3294 1778 3351 apro,
1810 3282 1877 3334 ut
1905 3279 2011 3350 qui
2034 3279 2110 3334 ira

2264 3289 2512 3357 σχήμων,
2546 3305 2573 3333 ››
2625 3282 2741 3337 Ἐὰν
2806 3279 2927 3355 ἶδῃς
2972 3285 3057 3335 τόν
3114 3283 3434 3354 θυμούμενον
3491 3284 3615 3342 τοὺς
3646 3277 3871 3343 ὀδόντας

495 3372 786 3429 cundiam
814 3371 1117 3426 internam
1147 3367 1421 3424 dentium
1452 3368 1690 3424 affrictu
1718 3368 1958 3425 indicet.
1986 3368 2045 3425 Si
2069 3385 2111 3424 νη

2259 3376 2653 3445 παραθήγοντα,
2699 3371 3041 3445 ἐνθυμήθητι,
3100 3372 3182 3423 ὅτι
3253 3372 3574 3423 συίέοικενό
3604 3377 3865 3438 τοιοῦτος,

492 3462 653 3518 deris
680 3461 900 3517 iratum
937 3463 1325 3531 spumantem
1360 3476 1372 3513 :
1399 3457 1448 3513 si
1466 3456 1687 3515 videris
1714 3456 2063 3515 indistincta
2086 3457 2105 3513 i

2257 3466 2346 3516 τὸν
2371 3460 2579 3516 ἔνδοθεν
2620 3465 2783 3535 θυμὸν
2809 3458 2905 3515 διὰ
2958 3468 3051 3522 τῆς
3079 3469 3178 3514 τῶν
3236 3456 3462 3513 ὀδόντων
3492 3459 3870 3534 παρατρίψεως

490 3551 672 3608 corde
697 3548 1135 3606 balbutientem
1166 3565 1179 3604 :
1214 3548 1265 3603 si
1288 3547 1510 3604 videris
1539 3548 1763 3603 iratum
1790 3548 1981 3620 patris
2002 3548 2106 3621 obl

2257 3553 2602 3622 ύπεκφαίνων.
2672 3551 2790 3605 Ἐὰν
2836 3547 2963 3624 ἴδῃς
3016 3552 3105 3603 τόν
3158 3552 3477 3623 θυμούμενον
3535 3547 3863 3623 ἁφρίζοντα·

486 3642 836 3706 viscentem,
865 3654 991 3695 non
1011 3642 1443 3708 agnoscentem
1465 3653 1686 3710 corpus
1710 3638 2102 3707 ﬁlii,gerenter

2256 3640 2340 3695 ἐὰν
2370 3639 2497 3715 ἴδῃς
2517 3643 2705 3714 ἄσημα
2754 3642 3100 3714 φθεγγόμενον
3143 3638 3192 3692 έν
3248 3647 3310 3713 τῇ
3358 3636 3579 3713 καρδίᾳ,
3620 3638 3705 3692 έάν
3736 3635 3868 3712 ἴδῃς

487 3748 551 3788 se
567 3732 628 3787 in
645 3730 934 3787 omnibus
946 3728 1287 3787 inconsulte
1304 3733 1369 3784 ut
1385 3729 1560 3800 590
1573 3728 1823 3800 impetui
1841 3745 1953 3785 suo
1975 3729 2103 3785 satis

2253 3735 2341 3785 τὸν
2402 3734 2722 3806 θυμούμενον
2778 3734 2972 3806 πατρός
3046 3732 3135 3803 μὲν
3192 3728 3671 3802 ἐπιλανθανόμενον,
3730 3748 3863 3782 παι-

484 3821 685 3889 faciat,
706 3821 958 3877 intueris
983 3819 1182 3891 ipsam
1231 3818 1318 3874 rei
1364 3818 1819 3890 turpitudinem.
1858 3822 1920 3874 ln
1947 3818 2100 3875 alien

2253 3819 2342 3883 δὸς
2370 3819 2430 3875 δε
2495 3822 2784 3894 ἀγνοοῦντα
2849 3829 3021 3894 σῶμα,
3084 3817 3179 3873 διὰ
3228 3822 3431 3874 πάντων
3489 3816 3721 3893 ἀφειδῶς
3746 3840 3864 3891 χω-

381 3956 395 3967 .
483 3911 647 3967 malo
678 3912 940 3982 teipsum
962 3924 1211 3971 cura,ne
1240 3913 1295 3963 et
1320 3912 1383 3964 tu
1407 3906 1566 3963 illius
1595 3908 1922 3965 contrahas
1947 3908 1997 3964 d1

2248 3919 2458 3987 ροῦντα,
2522 3913 2605 3964 ἵνα
2662 3910 3041 3987 πληροφορήσῃ
3120 3911 3279 3964 αὐτοῦ
3345 3914 3439 3969 την
3496 3911 3686 3985 όρμήν,
3742 3907 3864 3981 βλέ-

482 4001 774 4057 mitatem.
798 4021 826 4049 ‹‹
856 3999 951 4054 Vir
979 3997 1311 4054 iracundus
1332 4002 1424 4053 est
1448 3997 1829 4055 inhonestus.
1860 4020 1889 4047 ››
1914 4000 2036 4062 Et,“
2058 4002 2098 4055 Ν

2246 4021 2362 4065 πεις
2398 4007 2493 4061 τὴν
2556 4001 2945 4073 ἀσχημοσύνης
3008 4008 3102 4053 τοῦ
3166 4002 3497 4075 πράγματος.
3563 3999 3645 4051 Ἐν
3708 3998 3862 4052 ἁλλο-

478 4087 718 4145 habites
751 4103 875 4143 una
895 4103 1038 4142 cum
1068 4086 1193 4141 viro
1236 4084 1555 4145 iracundo.
1594 4107 1623 4135 »
1656 4084 1804 4143 Mala
1837 4101 1953 4149 res,
1997 4103 2094 4143 cur

2246 4097 2376 4165 τρίῳ
2403 4098 2549 4161 κακῷ
2605 4094 2823 4144 σεαυτόν
2883 4092 3223 4164 θεράπευσον,
3292 4092 3378 4144 ἶνα
3436 4095 3508 4163 μή
3542 4094 3636 4150 την
3658 4089 3856 4144 ἐκείνου

479 4194 630 4235 cane
662 4178 955 4247 colligari,
990 4194 1060 4234 ac
1090 4184 1453 4249 perpetuum
1475 4176 1759 4233 latratum
1786 4176 1959 4233 ferre.
1992 4178 2095 4235 (Vi

2248 4180 2637 4254 ἀσχημοσύνην
2691 4184 2781 4233 καὶ
2849 4179 3010 4243 αὐτὸς
3061 4180 3244 4255 λάϐῃς.
3297 4202 3325 4231 (ι
3382 4180 3539 4255 Ἀνὴρ
3601 4176 3858 4252 θυμώδης

478 4267 811 4326 iracundus
834 4270 923 4323 est
948 4267 1330 4323 inhonestus.
1355 4289 1383 4317 ››
1412 4269 1569 4336 Fuge
1591 4281 1985 4337 congressum
2006 4269 2094 4339 eju

2246 4270 2341 4323 οὐκ
2358 4269 2667 4343 εὐσχήμων.
2684 4289 2714 4319 »
2734 4273 2893 4340 Καὶ,‹‹
2915 4267 3098 4345 Ἀνδρὶ
3120 4266 3306 4343 θυμώδ
3310 4288 3353 4322 ει
3366 4274 3438 4342 μη
3460 4268 3648 4323 σνναυ)
3658 4268 3797 4330 ίζου.
3823 4290 3856 4319 ››

478 4365 661 4431 atque
683 4357 1207 4423 consuetudinem,
1242 4356 1472 4429 alioqui
1501 4372 1747 4413 necesse
1780 4356 1885 4413 tibi
1914 4362 2003 4414 est
2032 4360 2089 4415 al

2250 4363 2421 4415 Κακόν
2485 4366 2708 4435 πρᾶγμα
2768 4366 2887 4413 κυνὶ
2964 4356 3340 4429 συνδεδέσθαι,
3414 4364 3503 4412 καὶ
3575 4355 3856 4422 διηνεκοῦς

475 4448 627 4523 quid
651 4448 890 4505 varium
916 4448 1107 4521 ipsius
1134 4447 1465 4504 addiscere.
1497 4448 1646 4505 Dixit
1670 4464 1798 4505 rem
1831 4454 2091 4507 contum4

2248 4452 2446 4513 ὑλακῆς
2473 4450 2772 4510 ἀπολαύειν.
2805 4455 2977 4526 ((Ανὴρ
3026 4447 3278 4523 θυμώδης
3326 4449 3421 4502 οὐκ
3466 4450 3776 4522 εὐσχήμων,
3820 4470 3851 4501 η

545 4594 593 4627 ³ο
633 4590 813 4650 Prov.
855 4607 931 4664 ιι,
975 4596 1069 4661 25,
1106 4590 1283 4662 juxta
1324 4594 1470 4649 LXX.

471 4746 671 4826 inopis
688 4745 1181 4826 g‘loriwﬂcupjdqs
1197 4758 1220 4826 ί
1242 4746 1350 4816 qui
1363 4761 1485 4826 non
1534 4745 1609 4826 sit
1632 4747 1968 4803 iracundus
1973 4749 2137 4826 3Nec
2172 4761 2215 4815 ι)
2248 4747 2376 4826 pidi
2400 4747 2534 4826 sint,
2565 4745 2732 4826 quod
2755 4744 2957 4816 gloriae
2979 4757 3152 4826 amor
3176 4742 3453 4826 videatur
3470 4740 3699 4826 _yitium_
3713 4760 3852 4826 esse

470 4818 660 4873 multo
692 4816 861 4873 aliter
887 4815 1306 4883 Combcﬁsius,
1340 4818 1514 4883 cujus
1548 4818 1678 4873 lucc
1733 4826 1873 4875 sunt
1906 4837 1919 4875 :
1958 4821 2137 4883 Sicne
2248 4815 2450 4876 minus
2480 4815 2836 4876 indecorum
2867 4835 2881 4873 :
2914 4816 3021 4872 sed
3072 4832 3197 4873 non
3242 4816 3327 4873 ita
3368 4815 3541 4873 facile
3560 4815 3853 4873 fateberis

470 4890 692 4971 aliquis
710 4890 869 4971 ἐπιόν
890 4904 994 4968 nos
1009 4887 1577 4971 gloriw_cgfpidus,et
1599 4906 1719 4971 non
1744 4893 2082 4971 irgcandas
2106 4898 2135 4971 2
2242 4890 2573 4971 iracundus
2602 4889 2931 4971 esse,_quod
2952 4887 3162 4971 viti-um
3185 4888 3291 4971 ira;
3307 4887 3381 4971 sit
3406 4904 3512 4971 per
3536 4903 3598 4943 se
3630 4888 3851 4971 turpis-

473 4957 589 5017 Sed
614 4959 966 5035 neuter,nisi
998 4957 1771 5035 yalde_fallOr,sen_tentiam
1801 4963 1984 5034 hujus
2014 4965 2132 5025 loci
2242 4963 2487 5035 simum.
2510 4957 2944 5035 Imperativum
2963 4965 3164 5035 autem
3190 4958 3363 5035 reddi
3386 4957 3851 5035 aliquando—de-

469 5031 786 5107 expressit.
822 5034 966 5087 Puto
995 5033 1171 5107 igitur
1190 5032 1725 5107 interrogationem
1754 5029 1992 5107 penitus
2023 5038 2131 5095 tol-
2238 5033 2381 5090 bere
2402 5051 2508 5107 per
2532 5029 3128 5107 futurum,exemplis
3159 5029 3362 5107 multis
3390 5029 3653 5107 probare
3703 5048 3847 5107 cum

465 5101 714 5189 lendam
736 5119 885 5173 esse,
917 5101 1056 5184 cum
1083 5104 1384 5189 ejusmodi
1397 5101 1565 5189 notae
1588 5101 1909 5189 vestigium
1930 5124 2128 5189 neque
2238 5101 2689 5189 passi-{murium
2710 5101 3155 5189 proferam—non
3170 5102 3349 5189 longe
3369 5101 3716 5189 quaesitum.
3734 5101 3843 5158 Ubi

468 5174 531 5258 in
563 5174 734 5231 editis
754 5190 962 5258 neque
977 5175 1039 5231 in
1062 5174 1883 5258 veteribuslibrisreperiatur
1908 5174 2123 5240 ullum.
2237 5174 2397 5258 enim
2417 5178 2583 5258 haud
2605 5174 2798 5234 multo
2826 5180 2965 5249 post
2981 5175 3064 5258 ita
3081 5174 3318 5258 legitur,
3329 5174 3443 5228 Ἐὰν
3462 5180 3837 5258 napgarﬁg‘ﬂfo

467 5245 534 5301 In
567 5262 637 5327 eo
664 5244 885 5302 autem'
901 5246 1304 5327 peccaverunt
1332 5247 1371 5301 ii
1389 5262 1556 5327 quos
1588 5244 2083 5327 dixiintcrprete:

2238 5248 2395 5325 ἰατρῷ
2419 5256 2507 5303 καὶ
2525 5244 2616 5327 ἴδη
2629 5270 2668 5310 ς.
2681 5288 2765 5327 ._...
2788 5244 3116 5327 περισκόπει.
3144 5247 3229 5327 lb_i
3249 5244 3594 5327 imperandi
3613 5244 3833 5327 modus

466 5317 634 5395 quod
660 5308 994 5395 νοσοίη-εἶπέ
1010 5308 2123 5395 ρει-,ἱωροιόῐΰῖμωΓοᾱάὶάοτὶῇι,ᾳυεέ
2232 5308 2548 5395 nep'zcxémt
2563 5308 2648 5377 sic
2667 5308 3039 5395 debetlverti,
3058 5308 3482 5395 considerabis,
3516 5315 3835 5388 expendes.

466 5387 593 5445 erat
623 5388 938 5461 reddenda
965 5387 1071 5461 per
1118 5387 1411 5452 futurum,
1460 5391 1576 5446 hoc
1622 5391 1743 5447 fere
1770 5387 2082 5451 modoE-E

1901 5387 2119 5452 loc-Es
2230 5387 2389 5450 In'fra
2417 5393 2655 5451 codices
2692 5398 2813 5447 tres
2844 5387 3076 5447 δίδοται.
3110 5390 3261 5446 Editi
3281 5387 3517 5443 δέδοται.

464 5467 663 5539 autem
676 5460 981 5539 dicturus,
1000 5463 1094 5539 Est
1109 5462 1267 5517 inter
1282 5478 1386 5517 nos
1399 5464 1731 5539 quigloriar
1744 5465 1999 5539 cupidus
2012 5482 2080 5523 εει

1920 5465 2118 5539 ἶυεϐδι,
2303 5470 2414 5536 (98)
2446 5469 2610 5539 Unus
2636 5462 2808 5539 CAolb.
2839 5461 3191 5539 κατάστειλόνΔ
3206 5466 3267 5539 τό
3296 5464 3536 5539 θυμικόν.

465 5533 572 5609 ηυξ
596 5538 797 5609 tamen
827 5533 1163 5609 iracundus
1201 5549 1327 5609 non_
1366 5540 1463 5589 sit.
1498 5536 1617 5589 Hoc
1644 5535 2007 5609 estfortasse
2036 5533 2122 5595 fa;
2300 5533 2411 5609 (99}
2444 5536 2687 5609 Antiqui
2719 5540 2838 5609 tres
2886 5533 3025 5609 libri
3074 5553 3131 5587 σε
3170 5533 3372 5592 ἡλίκονζ
3400 5533 3642 5609 Editiet
3670 5547 3839 5591 unus

463 5600 574 5658 teri
601 5606 657 5660 te
680 5618 805 5661 non
833 5600 1107 5676 pudebit,
1129 5605 1438 5677 quosdam
1463 5621 1621 5678 esse,
1649 5606 1757 5679 qui
1786 5606 1992 5677 gloriae
2020 5625 2121 5669 cu-
2227 5600 2349 5668 ms.
2378 5600 2623 5668 πηλίκονῖ
2654 5605 2880 5669 Vocula
2901 5626 2959 5662 σε
2985 5606 3050 5664 in
3068 5621 3192 5663 uno
3222 5622 3374 5663 mss.
3404 5605 3597 5664 deest.
