4092 6376
219 289 358 348 1445

1417 280 1706 343 HOMILIA
1744 277 1950 337 DICTA
1991 276 2062 340 ΙΝ
2104 287 2370 349 LAClZIS

3446 315 3582 371 1446

217 438 376 504 Φεῦγε
431 432 522 491 τὰς
590 427 701 502 μετ’
750 425 911 480 αὐτοῦ
971 423 1265 503 διατριϐάς*
1333 425 1529 499 ἀνάγκη
1589 427 1688 497 γάρ
1764 442 1821 476 σε
1853 406 1900 461 Α
1926 404 2165 478 Ῑίοεδων
2199 421 2528 476 οοωωονίί
2554 424 2612 478 et
2637 425 2910 483 animum
2929 430 3101 488 tuum
3127 479 3138 490 -
3170 435 3586 501 Ουθωᾶάωο-

216 522 398 594 μαθεῖν
449 539 501 571 τι
552 525 651 569 τῶν
837 514 1028 569 ἐκείνου
1066 513 1220 570 ὁδῶν.
1249 512 1372 570 Εἰπέ
1411 536 1464 568 τι
1493 515 1818 588 ὑϐριστικὸν,

216 607 422 666 ἐκίνησε
463 611 552 660 καὶ
601 609 688 658 τὸν
738 605 786 658 ἐν
843 610 920 658 σοὶ
991 608 1170 678 θυμόν.
1223 605 1424 680 Ὠσπερ
1474 607 1623 664 κυνός
1657 603 1817 661 ὑλακή

213 697 550 772 προκαλεῖται
606 695 777 770 ἐτέρου
826 699 978 756 κυνός
1041 694 1278 771 θόρυϐον,
1344 700 1435 747 καὶ
1490 699 1575 747 τὸν
1644 696 1692 746 ἐν
1740 696 1822 744 σοὶ

218 789 380 861 θυμὸν
431 790 558 848 τέως
611 791 924 858 κοιμώμενον
982 790 1070 837 καὶ
1135 786 1491 857 ἡσυχάζοντα
1544 785 1574 842 ἠ
1631 781 1822 835 ἐκείνου

215 881 353 950 γωνὴ
448 872 721 948 διήγειρε,
785 879 876 926 καὶ
948 879 1194 946 γεγόνατε
1261 873 1501 935 ἀλληλοις
1594 871 1823 924 ἁνθυλα-

213 962 477 1038 κτοῦντες,
570 962 676 1018 εἶτα
745 963 1212 1026 ἀντικαταστάντες
1292 963 1563 1032 ἀλλήλοις,
1649 963 1822 1035 ῶσπερ

219 1052 503 1128 σφενδόνας
575 1051 746 1126 ἀφίετε
801 1062 901 1105 τῶν
968 1055 1213 1127 ῥημάτων
1265 1061 1354 1114 τῆς
1416 1052 1820 1125 ἀσχημοσύνης.

214 1141 341 1198 Εἰπέ
383 1165 434 1198 τι
491 1143 790 1218 ὑϐριστικόν
859 1141 1070 1208 ἐκεῖνος,
1135 1139 1434 1204 ἁντέδωκας
1509 1146 1574 1193 σὺ
1623 1140 1824 1214 μείζονι

215 1232 512 1309 ὑπερϐολῇ,
610 1235 696 1285 τόν
796 1231 1124 1306 προλαϐόντα
1204 1233 1543 1304 μιμούμενος.
1633 1228 1822 1282 Λαϐὼν

213 1320 397 1383 intra;
435 1326 529 1381 τὴν
583 1320 638 1374 ἔκ
681 1329 773 1373 τοῦ
816 1319 973 1392 λόγου
1029 1328 1121 1373 τοῦ
1166 1319 1478 1393 ὑϐριστικοῦ
1529 1315 1817 1385 ἀντίδοσιν,

213 1410 309 1464 οὐκ
358 1413 473 1464 ἔστι
533 1419 628 1472 τῆς
673 1412 860 1486 ὁρμῆς,
926 1409 1035 1462 αλλ’
1103 1409 1333 1482 ἐστράφη
1384 1414 1472 1461 καὶ
1526 1407 1823 1482 ἐκορύφωσε

211 1503 308 1560 τὴν
353 1499 538 1554 ἑαυτοῦ
613 1499 888 1573 ἁμαρτίαν.
978 1499 1183 1559 Μείζων
1249 1496 1502 1556 ἐϐουλήθη
1582 1499 1822 1569 γενέσθαι

215 1587 270 1641 ἔκ
324 1597 415 1642 τοῦ
475 1589 631 1642 εἰπεῖν
687 1601 741 1640 τι
797 1588 1198 1662 χαλεπώτερον.
1259 1592 1326 1641 Σὺ
1387 1585 1483 1660 δὲ,
1544 1583 1822 1660 δεξάμενος

213 1677 411 1749 πάλιν,
460 1676 846 1754 ὑπερυψὼθηςο
919 1682 1008 1731 καὶ
1056 1683 1231 1750 γέγονε
1278 1686 1450 1730 κακῶν
1499 1675 1808 1750 φιλονεικία.

1929 507 2076 562 dum
2108 504 2275 559 canis
2299 505 2552 565 latratus
2582 523 2872 584 provocat
2908 520 3071 576 canis
3101 523 3343 582 alterius
3362 530 3585 586 tumul~

1930 598 2058 650 tum
2083 611 2096 650 :
2118 595 2200 652 ita
2229 613 2474 672 quoque
2514 603 2784 661 animum
2813 610 2982 664 tuum
3021 612 3186 683 prius
3215 617 3484 688 sopitum
3513 635 3582 676 ac

1931 684 2340 756 quiescentem
2368 705 2486 745 vox
2517 692 2646 762 ejus
2679 693 2758 749 ad
2779 696 2933 752 iram
2963 684 3310 774 concitavit,
3334 711 3389 761 et
3413 707 3585 765 alter-

1934 773 2190 830 alterum
2236 776 2580 851 allatrastis,
2608 787 2664 838 et
2701 783 2782 840 ita
2811 787 3058 844 demum
3110 791 3257 848 alter
3288 773 3467 852 alteri
3488 797 3586 854 'ad

1934 869 2243 921 versantes
2295 867 2704 937 ignominiosa
2749 874 2932 932 verba
2961 876 3123 934 velut
3170 881 3386 940 fundas
3407 886 3587 943 intor-

1932 955 2152 1045 quetis.
2196 956 2348 1013 Dixit
2381 959 2479 1015 ille
2510 960 2740 1034 aliquid
2779 964 3143 1036 injuriosum
3177 988 3189 1025 :
3221 975 3280 1026 tu
3303 973 3480 1045 longe
3501 977 3588 1033 in-

1927 1043 2218 1114 juriosius
2269 1049 2655 1121 respondisti,
2696 1055 3112 1126 auspicantem
3151 1065 3331 1132 atque
3380 1043 3591 1135 aggre-

1930 1132 2194 1226 dientem
2223 1135 2510 1194 imitatus.
2562 1140 2658 1197 Ille
2697 1146 3112 1204 contumeliosi
3139 1150 3307 1206 verbi
3336 1132 3592 1226 receptis

1929 1223 2186 1291 vicibus,
2237 1230 2606 1285 commoveri
2660 1248 2784 1288 non
2821 1235 3082 1294 destitit:
3115 1239 3223 1295 sed
3267 1223 3592 1300 conversus

1929 1318 2242 1386 peccatum
2285 1333 2462 1373 suum
2490 1319 2752 1378 adauxit.
2790 1325 3073 1397 Superior
3115 1331 3372 1388 evadere
3403 1333 3594 1390 voluit

1929 1403 2255 1462 verborum
2275 1408 2624 1466 acerbitate.
2657 1414 2740 1468 Tu
2769 1430 2977 1471 rursus
3008 1417 3102 1473 his
3132 1421 3370 1491 auditis,
3406 1439 3594 1496 supra

1928 1494 2184 1550 modum
2239 1497 2551 1570 attolleris,
2602 1501 2806 1576 sicque
2836 1507 3138 1565 malorum
3169 1510 3234 1567 ﬁt
3262 1494 3588 1570 contentio.

1933 1584 2039 1649 Qui
2070 1591 2269 1643 autem
2314 1589 2374 1644 in
2413 1591 2714 1648 malorum
2752 1600 3080 1654 certamine
3129 1601 3329 1668 vincit,
3373 1603 3421 1659 is
3466 1620 3594 1662 ma-

1933 1674 2022 1746 gis
2049 1674 2232 1732 miser
2262 1683 2368 1736 est.
2397 1702 2427 1729 «
2453 1680 2554 1736 Vir
2579 1682 2911 1742 iracundus
2939 1693 3028 1744 est
3053 1687 3440 1750 inhonestus.
3471 1718 3498 1746 »
3526 1697 3596 1753 Et

209 1774 271 1821 '0
321 1765 380 1822 δὲ
432 1765 481 1820 ἓν
538 1776 710 1821 κακῶν
775 1767 1012 1841 ἁμίλλαις
1077 1777 1252 1836 νικῶν,
1315 1766 1462 1828 οὗτος
1517 1767 1822 1841 ἀθλιώτερός

1938 1785 1962 1814 ιι
1995 1765 2074 1821 Ne
2100 1765 2336 1824 habites
2367 1785 2489 1827 una
2514 1787 2654 1828 cum
2671 1773 2800 1830 viro
2830 1775 3142 1836 iracundo.
3172 1803 3201 1831 »

213 1857 354 1911 ἔστιν
566 1880 594 1908 ‹‹
624 1857 781 1933 Ἀνὴρ
831 1854 1082 1931 θυμώδης
1137 1858 1231 1911 οὐκ
1279 1858 1566 1930 εὐσχήμων
1602 1878 1614 1891 ο
1652 1878 1680 1907 »
1713 1862 1822 1925 καὶ,

213 1968 244 1998 ιι
278 1942 459 2020 ’Δνδρὶ
493 1941 726 2018 θυμώδει
753 1950 824 2019 μὴ
862 1945 1200 2008 συναυλίζου.
1235 1965 1268 2000 ›

283 2035 338 2094 4.
371 2031 582 2094 «Μηδὲ
639 2032 931 2088 συνδείπνει
981 2033 1137 2111 ἀνδρὶ
1193 2034 1468 2109 βασκάνῳ.
1527 2057 1556 2085 ››
1612 2033 1824 2110 Ἕτερον

210 2123 377 2186 πάθος
433 2123 887 2197 ἐμπολιτευόμενον
935 2133 1007 2196 τῷ
1072 2122 1174 2197 βίῳ
1227 2134 1326 2177 τῶν
1389 2123 1679 2197 ἁνθρώπον,
1733 2127 1822 2176 καὶ

213 2211 292 2267 ἰεεὶ
347 2217 712 2289 προσπεφυκός
775 2221 886 2274 ταῖς
933 2213 1142 2286 ψυχαῖς
1173 2216 1343 2286 ἡμῶν,
1374 2217 1464 2266 καὶ
1503 2212 1693 2286 μᾶλλον
1718 2209 1820 2265 δα-

211 2312 384 2357 πανῶν
439 2308 534 2363 τὴν
583 2301 809 2378 καρδίαν
865 2305 894 2361 ἣ
925 2305 951 2355 ό
1016 2304 1090 2366 ἰὸς
1128 2306 1215 2355 τὸν
1271 2299 1514 2377 σίδηρον,
1544 2305 1573 2361 ἡ
1611 2302 1821 2376 βασκα-

209 2395 298 2445 νία
343 2387 503 2459 ἔστὶν,
542 2390 590 2443 ἓν
716 2390 880 2443 πολλὰ
928 2395 1019 2461 μέν
1068 2389 1180 2444 ἐστι
1218 2393 1377 2459 κακὰ,
1424 2391 1489 2444 ἓν
1523 2387 1584 2443 δε
1613 2395 1818 2464 χρήσι-

211 2498 330 2554 μον,
385 2481 466 2533 ὃτι
521 2484 680 2533 κακόν
739 2478 878 2532 ἔστιν
931 2480 1071 2552 αὐτῷ
1122 2488 1193 2552 τῷ
1251 2484 1565 2553 κεκτημένῳ.
1606 2479 1665 2532 Ὀ
1716 2483 1818 2553 γὰρ

214 2569 484 2642 βάσκανος
530 2569 684 2622 αὐτὸν
739 2573 831 2642 μεν
883 2572 969 2622 τὸν
1028 2568 1440 2643 βασκαινόμενον
1472 2567 1622 2640 ὀλίγα
1681 2567 1818 2642 βλά-

208 2675 349 2725 πτει,
403 2658 583 2712 ἑαυτὸν
633 2655 693 2712 δε
751 2655 962 2729 δαπανᾷ
1012 2666 1074 2731 τῇ
1119 2658 1256 2732 λύπη
1321 2661 1410 2710 καὶ
1438 2662 1817 2730 τῷ¹στεναγμῷ

208 2745 294 2801 ἰπὶ
345 2755 407 2822 τῇ
462 2748 713 2822 εὐημερίᾳ
773 2756 865 2802 τοῦ
924 2748 1164 2808 πλησίον·
1221 2751 1312 2800 καὶ
1372 2753 1463 2806 τὴν
1515 2751 1603 2821 μεν
1633 2753 1817 2821 χώραν

205 2843 297 2892 τοῦ
345 2841 570 2909 γείτονος
599 2837 693 2890 οὐκ
740 2837 1059 2905 ἠλάττωσεν,
1093 2837 1273 2891 ἑαυτὸν
1325 2833 1384 2890 δέ
1413 2833 1818 2896 κατεδαπάνησε

206 2934 271 3000 τῇ
305 2925 592 3000 βασκανίᾳ,

281 3019 334 3070 5.
368 3037 397 3066 ‹‹
440 3021 526 3074 Μὴ
581 3019 792 3091 μίταιρε
838 3015 957 3090 ὅρια
1005 3016 1209 3069 αἰώνια·
1263 3015 1346 3078 Εἰς
1393 3013 1453 3070 δὲ
1497 3024 1676 3089 κτῆμα
1723 3015 1816 3090 ὄρ-

2001 2021 2055 2074 4.
2090 2041 2118 2069 ‹‹
2147 2023 2348 2094 Neque
2393 2038 2595 2081 omnes
2622 2041 2746 2083 una
2776 2044 2916 2085 cum
2943 2029 3072 2087 viro
3102 2031 3307 2090 invido
3325 2035 3393 2091 ³¹.
3430 2058 3459 2086 ››
3495 2036 3596 2093 Vi-

1933 2107 2078 2165 tium
2109 2110 2272 2166 aliud
2293 2113 2541 2184 quodin
2561 2115 2878 2174 hominum
2910 2120 3033 2177 vita
3053 2121 3413 2192 diversatur,
3440 2125 3600 2197 jugi-

1930 2202 2137 2271 terque
2168 2201 2386 2257 animis
2410 2205 2630 2260 nostris
2658 2206 2944 2276 adhaeret,
2971 2215 3028 2265 et
3047 2210 3240 2268 exedit
3271 2227 3374 2268 cor
3398 2215 3598 2285 magis

1927 2303 2116 2360 quam
2143 2290 2361 2360 rubigo
2388 2291 2642 2362 ferrum,
2679 2296 2910 2354 invidia
2935 2304 3024 2355 est
3057 2318 3071 2356 :
3105 2300 3164 2356 in
3190 2317 3315 2374 qua
3347 2304 3597 2376 quidem

1929 2381 2067 2433 sunt
2089 2379 2251 2436 male.
2274 2381 2482 2449 multa,
2508 2385 2614 2440 sed
2643 2401 2834 2442 unum
2861 2388 3002 2444 utile
3027 2393 3136 2458 est,
3165 2391 3332 2463 quod
3365 2392 3599 2451 malum

1927 2467 2002 2524 sit
2036 2470 2390 2539 possidenti.
2448 2473 2767 2532 Enimvero
2814 2477 3058 2534 invidus
3082 2479 3396 2537 invidioso
3424 2487 3606 2542 nocet

1924 2572 2143 2629 parum
2169 2575 2181 2624 ;
2207 2561 2315 2616 sed
2345 2579 2408 2618 se
2434 2563 2561 2635 ipse
2580 2581 2836 2622 maerore
2862 2569 3211 2642 gemituque
3235 2571 3315 2627 ob
3339 2572 3604 2644 proximi

1925 2642 2267 2706 felicitatem
2326 2651 2613 2724 absumit,
2675 2670 2785 2712 nec
2811 2656 3118 2715 imminuit
3147 2642 3363 2730 agrum
3392 2661 3599 2732 vicini,

1925 2736 2030 2792 sed
2063 2754 2126 2796 se
2147 2739 2275 2813 ipse
2307 2745 2687 2816 consumpsit
2713 2761 2823 2818 per
2849 2747 3170 2805 invidiam.

1998 2990 2050 3046 5.
2085 3011 2113 3042 «
2147 2993 2228 3047 Ne
2257 2991 2516 3048 transfer
2562 2994 2853 3052 terminos
2890 3000 3151 3054 aeternos
3172 2998 3240 3054 ³³.
3270 3002 3335 3055 In
3359 3015 3604 3072 posses-

209 3112 378 3178 φανῶν
419 3108 491 3178 μὴ
530 3081 782 3179 εἰσέλθῃ-ς.
815 3081 976 3165 »ΙΜὴ
1034 3106 1272 3178 εἰσέλθῃς
1335 3107 1404 3169 εἰς
1450 3108 1508 3159 τὸ
1534 3081 1634 3158 τῶν
1663 3081 1818 3181 ὀρφαρ

1938 3081 2164 3139 sionem
2194 3083 2615 3154 orphanorum
2643 3100 2719 3141 ne
2748 3085 3110 3155 ingrediaris
3132 3090 3200 3145 ³³.
3235 3110 3264 3140 ››
3295 3092 3377 3146 Ne
3405 3090 3605 3160 ingre-

208 3201 306 3246 νῶν
349 3203 548 3267 κτῆμα,
593 3195 678 3247 ἶνα
721 3193 956 3268 εἰσέλθῃς
1006 3195 1076 3258 εἰς
1118 3200 1178 3248 τὸ
1226 3199 1316 3249 σόν
1365 3205 1566 3269 κτῆμα.
1618 3197 1711 3249 Σόν
1759 3192 1820 3248 δέ

210 3281 325 3335 ἐστι
376 3291 555 3355 κτῆμα
595 3285 627 3341 ἠ
687 3285 1048 3356 ἡτοιμασμένη
1106 3283 1356 3358 βασιλεία
1406 3293 1505 3338 τῶν
1568 3285 1816 3360 οὐρανῶν.

209 3371 373 3446 Ὀρια
423 3375 658 3447 πατέρων
732 3376 804 3444 μη
875 3377 1120 3445 κινήσῃς.
1179 3378 1267 3432 Μὴ
1342 3372 1678 3447 ἐπιθυμήσῃς
1729 3383 1821 3436 τῆς

211 3469 307 3515 τοῦ
357 3460 583 3519 πλησίον
644 3466 844 3534 χώρας.
899 3465 1012 3532 Μὴ,
1044 3461 1247 3515 αὔλακα
1274 3462 1464 3515 αὔλακι
1495 3466 1821 3538 προστιθεὶς,

211 3551 350 3604 κατὰ
395 3553 582 3625 μικρὸν
630 3549 817 3613 αθξανε
862 3554 956 3609 τήν
1021 3555 1139 3610 σήν·
1191 3549 1354 3604 Ὅσον
1412 3554 1516 3625 γὰρ
1558 3552 1824 3613 πλατύνεις

213 3639 270 3693 ix
325 3647 416 3701 τῆς
445 3638 724 3716 ἀλλοτρίας
774 3641 1090 3714 προσθήκης
1141 3643 1236 3700 τὴν
1270 3649 1397 3713 γῆν,
1451 3643 1688 3713 τοσούτῳ
1746 3641 1824 3712 (3)

213 3731 550 3804 μακροτέραν
625 3747 709 3781 σοι
786 3732 882 3788 τὴν
932 3728 1158 3802 ἁματίαν
1229 3731 1664 3792 κατασκευάζεις.
1724 3733 1826 3783 Καὶ

213 3820 245 3878 ἠ
315 3820 406 3891 μὶν
469 3827 538 3891 γῆ
601 3817 824 3872 ἐνταῦθα
882 3823 1210 3893 παραμένει,
1291 3823 1430 3873 κατὰ
1489 3823 1676 3894 μικρὸν
1735 3839 1826 3873 σοι

211 3910 692 3984 προσχωρηθεῖσα,
759 3912 851 3961 καὶ
902 3905 995 3962 διὰ
1052 3917 1145 3970 τῆς
1206 3909 1501 3973 πλεονεξίας
1553 3913 1824 3983 γενομένη,

214 3997 388 4050 οὐκέτι
453 4001 543 4065 σὴ,
616 3997 745 4050 ἀλλὰ
807 4005 909 4064 τῶν
967 4001 1098 4072 μετὰ
1168 4001 1244 4066 σε,
1301 4004 1391 4053 καὶ
1437 3999 1592 4073 ἀφίης
1642 3997 1828 4053 ἄδικον

216 4093 288 4158 τῷ
343 4082 710 4159 διαδεχομὲνῳ
766 4091 854 4139 τὸν
911 4085 1050 4160 βίον·
1081 4109 1109 4139 ‹‹
1138 4086 1196 4141 Ἠ
1251 4097 1319 4161 γῆ
1387 4091 1600 4148 ἔστηκεν
1651 4090 1726 4162 (4)
1759 4090 1829 4152 εἰς

212 4179 302 4231 τόν
355 4176 538 4240 αἰῶνα,
604 4199 633 4226 ››
685 4178 716 4234 ἡ
787 4174 846 4229 δε
917 4177 1152 4250 ἁμαρτία
1209 4178 1558 4238 ἀκολουθήσει
1609 4200 1714 4249 σοι,
1765 4185 1830 4243 ὡς

220 4268 348 4319 σκιὰ
405 4268 734 4338 παρεπομένη
791 4263 870 4336 (5)
922 4272 986 4336 τῇ
1043 4265 1225 4338 ψυχῇ.
1275 4266 1478 4341 Ὠσπερ
1507 4272 1608 4344 γὰρ
1637 4272 1667 4328 ἠ
1705 4274 1832 4323 σκιᾶ

217 4361 293 4426 τῷ
349 4359 556 4426 σώματι
595 4355 792 4419 ἕπεται,
853 4352 988 4405 οὕτω
1038 4358 1128 4406 καὶ
1178 4357 1208 4412 ἡ
1267 4354 1501 4429 ἁμαρτία
1555 4365 1618 4430 τῇ
1669 4358 1826 4432 ψυχῇ

1927 3170 2114 3228 diaris
2134 3172 2196 3228 in
2214 3174 2670 3244 possessionem
2695 3175 3135 3246 orphanorum,
3155 3181 3222 3234 ut
3241 3177 3604 3248 ingrediaris

1927 3262 1992 3318 in
2015 3263 2544 3336 possessionenem
2565 3269 2753 3322 tuam.
2792 3268 2890 3322 Est
2921 3272 3125 3324 autem
3155 3273 3260 3324 tua
3289 3268 3596 3342 possessio

1930 3357 2213 3424 paratum
2267 3368 2529 3442 regnum
2579 3354 2898 3412 caelorum.
2919 3358 3230 3415 Terminos
3258 3363 3502 3431 patrum
3525 3373 3604 3416 ne

1931 3443 2213 3501 moveris.
2238 3446 2318 3500 Ne
2347 3446 2742 3518 concupiscas
2763 3462 2944 3517 agros
2969 3447 3232 3520 proximi
3252 3450 3326 3504 ³⁸.
3369 3453 3449 3506 Ne
3485 3448 3608 3506 sul-

1932 3547 2072 3588 cum
2086 3534 2276 3601 sulco,
2299 3534 2614 3606 adjiciens,
2638 3551 2857 3606 agrum
2886 3540 3061 3592 tuum
3081 3536 3381 3608 paulatim
3408 3537 3600 3595 adau-

1934 3637 2098 3692 geas.
2140 3625 2442 3688 Quantum
2481 3624 2642 3680 enim
2681 3640 2754 3680 ex
2775 3623 2974 3680 aliena
3010 3625 3363 3682 accessione
3386 3631 3608 3684 terram

1933 3713 2297 3780 dilataveris,
2321 3719 2490 3771 tanto
2525 3715 2724 3787 majus
2746 3721 3063 3788 peccatum
3094 3716 3201 3773 tibi
3230 3718 3506 3773 accersis.
3540 3721 3609 3776 Et

1933 3809 2092 3860 terra
2117 3803 2368 3876 quidem
2396 3819 2536 3876 quas
2575 3805 2683 3862 tibi
2711 3804 3005 3876 paulatim
3037 3810 3390 3874 accesserat,
3424 3811 3480 3862 et
3500 3822 3610 3879 per

1937 3893 2249 3950 avaritiam
2277 3899 2455 3966 parta
2485 3893 2700 3963 fuerat,
2739 3895 2838 3950 hic
2861 3900 3153 3965 remanet,
3185 3911 3298 3951 nec
3343 3895 3610 3968 amplius

1935 3990 2040 4042 tua
2064 3989 2174 4054 est,
2223 3983 2330 4039 sed
2385 3983 2720 4051 heredum,
2771 4001 2844 4041 ac
2872 3985 3115 4057 iniquas
3141 4000 3288 4057 opes
3316 3983 3610 4056 relinquis

1938 4074 2306 4132 successori:
2357 4095 2386 4124 α
2442 4077 2622 4130 Terra
2663 4073 2725 4130 in
2771 4079 3065 4131 aeternum
3095 4079 3210 4131 stat
3230 4075 3300 4142 ³⁵,
3334 4096 3363 4124 ››
3395 4090 3610 4146 pecca-

1937 4171 2066 4223 tum
2081 4181 2220 4222 vero
2241 4179 2379 4238 quae
2401 4169 2706 4237 sequetur,
2721 4179 2861 4220 cum
2886 4164 3158 4221 animam
3176 4166 3363 4221 instar
3374 4164 3610 4222 umbras

1939 4256 2274 4314 comitetur.
2330 4255 2863 4321 Quemadmodum
2893 4255 3056 4312 enim
3081 4255 3306 4311 umbra
3336 4255 3612 4328 sequitur

1939 4361 2182 4418 corpus,
2213 4345 2296 4400 ita
2327 4349 2384 4401 et
2436 4351 2760 4417 peccatum
2807 4345 3027 4402 anime
3060 4345 3348 4402 cohaeret.
3388 4345 3612 4402 Tibine

221 4445 543 4513 συμπέφυκε.
607 4446 691 4499 Μὴ
744 4443 858 4494 ἴσθι
909 4449 1112 4512 σεαυτῷ
1175 4441 1448 4500 πληθύνων
1509 4448 1603 4501 τὴν
1649 4444 1822 4519 ἁμαρ-

1940 4434 2302 4506 multiplices
2333 4440 2672 4506 peccatum.
2713 4437 3026 4506 Nusquam
3055 4435 3217 4491 enim
3241 4434 3616 4525 conquiescit

221 4535 361 4587 τίαν.
415 4527 670 4604 οὐδαμοῦ
709 4534 810 4606 γὰρ
868 4533 1084 4583 ἵσταται
1126 4539 1219 4592 τῆς
1276 4531 1616 4594 πλεονεξίαςή
1651 4538 1825 4602 νόσος,

223 4621 332 4675 ἀλλ’
386 4622 542 4694 ὁμοία
595 4619 708 4674 ἐστὶ
760 4627 822 4693 τῇ
887 4627 981 4672 τοῦ
1026 4623 1191 4694 πυρός
1268 4622 1441 4693 φύσει·
1501 4626 1601 4675 Καὶ
1639 4624 1740 4698 γὰρ
1771 4626 1830 4675 τό

220 4717 325 4788 πῦρ
371 4708 582 4764 ἕπειδὰν
636 4713 1010 4786 καταπρήσεως
1081 4709 1305 4781 ἅψηται,
1368 4707 1586 4763 σπεύδει
1651 4718 1827 4764 πᾶσαν

224 4799 597 4874 ἐπινεμηθῆναι
637 4803 732 4859 τὴν
771 4799 918 4865 ὕλην,
969 4804 1058 4852 καὶ
1106 4797 1280 4862 οὐδεὶς
1328 4799 1456 4852 αὐτὸ
1493 4808 1691 4859 στῆσαι
1725 4798 1828 4855 δύο

221 4908 397 4959 ναται,
428 4894 548 4962 πρὶν
596 4888 656 4941 ἃν
709 4887 943 4962 ἐπιλείπῃ
1007 4891 1086 4959 (6)
1134 4891 1164 4948 ἠ
1208 4888 1325 4946 ὗλη.
1379 4892 1478 4942 Τὸν
1513 4885 1574 4942 δε
1619 4889 1827 4943 πλεονέ-

1939 4525 2205 4581 avaritia
2223 4524 2494 4594 morbus,
2511 4524 2616 4580 sed
2633 4524 2712 4580 ad
2731 4524 2884 4594 ignis
2905 4529 3187 4582 naturam
3220 4522 3614 4582 similitudine

1939 4613 2190 4672 accedit.
2215 4612 2375 4683 Ignis
2395 4613 2553 4669 enim
2575 4618 2905 4686 postquam
2922 4630 3216 4672 accensus
3234 4620 3342 4683 est,
3373 4614 3617 4672 festinat

1938 4704 2256 4762 materiam
2277 4715 2522 4759 omnem
2547 4702 2910 4775 depascere:
2934 4719 3046 4758 nec
3062 4705 3396 4777 quisquam
3417 4705 3616 4778 priuss

1935 4811 2123 4870 quam
2154 4792 2410 4850 materia
2438 4792 2697 4858 deﬁciat,
2730 4807 2872 4849 eum
2905 4792 3115 4850 sistere
3146 4798 3366 4865 potest.
3400 4793 3615 4850 Simili-

1935 4895 2023 4946 ter
2068 4885 2218 4960 quid
2263 4886 2464 4956 potest
2509 4897 2764 4938 avarum
2819 4880 3134 4937 cohibere?
3179 4885 3318 4949 Igne
3356 4881 3489 4955 ipso
3527 4887 3619 4942 est

296 5013 349 5049 Μ
396 5013 569 5069 Prov.
612 5028 770 5084 xxiii,
803 5017 856 5070 6.
935 5013 982 5049 ⁸³
1021 5015 1196 5070 Prov.
1226 5029 1357 5084 XXII,
1391 5016 1482 5070 28.
1559 5015 1608 5050 ⁸³
1647 5017 1816 5072 Prov.

1938 5031 2014 5086 ιιι,
2053 5015 2146 5069 10..
2215 5011 2263 5045 ³*
2303 5008 2472 5065 Deut.
2503 5023 2561 5075 v,
2587 5005 2676 5062 2t.
2755 5006 2802 5041 ³⁵
2844 5004 3036 5063 Eccle.
3072 5021 3113 5077 1,
3152 5008 3211 5062 4.

298 5152 601 5229 (t)_l:_1di_tio
640 5157 897 5229 utraque
945 5155 1127 5228 μαθεῖν
1155 5175 1209 5209 τι
1232 5163 1358 5227 τῶν.
1390 5157 1629 5213 Veteres
1655 5155 1831 5228 quin.

225 5226 345 5308 qua
360 5226 367 5229 ’
381 5226 525 5308 libri
540 5227 732 5308 μαθεῖν
761 5226 884 5308 τῶν.

299 5303 370 5370 (2)
400 5297 557 5370 Editi
573 5301 746 5351 ἔσται.
778 5301 850 5354 At
871 5313 1028 5370 mss.
1060 5301 1177 5355 tres
1203 5298 1368 5353 ἔστιν.

303 5369 378 5439 (3i
421 5369 570 5426 Editi
593 5373 651 5426 et
669 5371 796 5438 Reg
819 5369 1027 5425 tertius
1079 5379 1354 5428 τοσοῦτον.
1384 5369 1498 5428 Alii
1526 5369 1651 5439 duo
1683 5386 1834 5428 mss.

233 5437 485 5512 τοσούτῳ.
517 5444 633 5497 Nec
655 5441 740 5497 ita
769 5437 960 5512 multo
980 5446 1118 5512 post
1136 5446 1435 5500 mss..tres
1464 5446 1556 5495 καὶ
1584 5437 1702 5499 διά.
1732 5445 1842 5500 Vo-

234 5509 373 5569 cula
404 5509 502 5583 καί,
519 5512 689 5569 deest
713 5513 789 5583 in,
804 5509 1091 5583 vulgatis.

308 5583 384 5653 (4)
425 5581 576 5640 Εάὶῑί
633 5591 701 5656 γῆ
761 5579 814 5638 δ’
889 5579 1128 5644 ἕστηκεν.
1188 5587 1260 5642 At
1317 5601 1468 5644 mss.
1522 5583 1714 5653 multi,
1772 5593 1838 5658 γῆ

1938 5173 2172 5210 eorum.

2011 5175 2298 5298 ἰέῖηὲάὶιί
2350 5225 2419 5298 ὡλς
2476 5224 2602 5276 σκιὰ
2669 5225 2804 5298 πᾶσι
2878 5221 3254 5298 παρεπομένην]
3328 5219 3436 5278 sed
3494 5235 3616 5298 vox

1940 5290 2079 5352 πᾶσί
2111 5312 2237 5352 non
2283 5295 2502 5364 legitur
2530 5309 2728 5365 neque
2777 5292 2837 5348 in
2859 5290 3514 5365 duObus_(_lolb._neque
3552 5292 3616 5349 in

1944 5373 2091 5446 Reg.
2128 5362 2424 5446 secundo,
2449 5362 2804 5446 nec‘diibi‘to
2823 5362 2986 5446 ‘quin
3010 5362 3229 5446 melius
3253 5362 3442 5446 absit:

2018 5433 2096 5512 (Ῑὶ)
2136 5439 2379 5512 Antiqui
2410 5443 2530 5496 tres
2561 5435 2696 5494 libri
2736 5433 3003 5494 ἐπιλῐίπη.
3039 5433 3203 5491 Alius
3235 5451 3348 5491 ms.
3393 5442 3450 5492 et
3478 5433 3616 5493 editi

1951 5513 2185 5584 ἕπιλίπῄ.
