4092 6390
503 266 644 330 1447

1506 264 1852 325 APPENDIX
1891 264 2180 324 OPERUM
2216 266 2579 337 S.:BASlLll
2615 269 2836 327 IAGNI

3734 276 3886 341 1448

503 393 1004 468 asperior,omnia
1031 392 1405 450 continenter
1434 392 1794 465 depascens.
1845 391 2134 464 Usurpavi

2280 410 2407 450 κτην
2437 396 2487 445 τί
2536 390 2756 446 δύναται
2791 393 3071 467 έπισχεῖνς
3129 399 3303 469 Πυρός
3342 396 3459 450 ἔστι
3508 396 3883 475 χαλεπώτερος

502 500 638 558 quae
690 484 950 557 proximi
998 488 1185 551 sunt;
1229 483 1519 540 successit
1566 482 1799 538 vicinus
1825 480 2001 551 alius,
2034 481 2166 552 ejus

502 590 747 647 quoque
793 574 961 629 bona
1010 574 1125 629 sibi
1163 574 1515 646 assumpsit.
1581 575 1711 628 Non
1768 570 2022 627 attendit
2093 571 2165 626 iis

500 679 637 735 quas
668 664 835 735 prius
855 670 1032 736 parta
1063 665 1321 732 fuerunt,
1345 663 1513 735 quod
1543 662 1733 717 multa
1767 666 1905 716 sunt
1935 679 1947 715 ε
1985 661 2156 732 591

500 751 608 807 sed
628 751 699 806 iis
730 753 835 824 qui
860 752 1100 819 desunt,
1125 750 1293 823 quod
1309 751 1533 807 vicinos
1549 750 1751 806 habet.
1776 752 1901 805 Non
1929 749 2165 804 laetatur

498 841 842 911 possessis:
876 842 985 897 sed
1021 841 1095 896 de
1121 842 1190 896 iis
1228 842 1333 913 qui
1352 841 1588 905 desunt,
1620 838 1782 894 dolet
1811 855 1824 893 :
1857 853 2053 911 neque
2077 840 2165 894 at-

497 930 689 986 tendit
732 936 1156 1000 congestorum
1206 928 1601 1002 possessioni,
1653 928 1759 983 sed
1816 942 2007 1000 opum
2033 943 2163 983 am-

496 1019 761 1091 pliorum
792 1020 1093 1075 desiderio
1145 1019 1414 1075 absumit
1468 1017 1892 1089 semetipsum.
1935 1015 2159 1072 Deinde

499 1109 642 1165 hinc
682 1109 924 1180 vigilite,
979 1126 1159 1178 curae,
1209 1108 1664 1165 sollicitudines.
1718 1108 2019 1173 Quantum
2059 1123 2161 1163 au-

494 1204 750 1270 gescunt
776 1198 1014 1270 divitiae,
1048 1203 1280 1255 tantum
1312 1198 1557 1254 affertur
1584 1212 1867 1253 curarum
1894 1196 2160 1253 munda-

494 1288 932 1345 narum.Judex
960 1292 1425 1360 exspectatur,et
1454 1302 1673 1342 avarus
1696 1287 2161 1359 circumspectat

492 1393 569 1435 ne
592 1378 669 1434 ad
680 1378 979 1448 judicium
998 1375 1406 1449 pertrahatur;
1426 1391 1501 1431 ne
1519 1375 1831 1448 orphanus
1849 1374 2156 1448 lacrymas

492 1478 634 1519 suas
673 1462 735 1518 in
770 1462 902 1519 foro
928 1466 1104 1518 notas
1162 1460 1397 1517 efﬁciat.
1443 1460 1734 1517 Deliberat
1762 1466 1965 1526 noctu,
1996 1475 2154 1532 quos

491 1551 902 1607 amarulentos
921 1556 1211 1623 patronos
1226 1548 2071 1622 subornet,quemadmodum
2089 1553 2154 1605 te-

490 1641 777 1699 stimonia
805 1641 959 1698 falsa
978 1642 1255 1697 mercede
1286 1641 1587 1697 conducat
1618 1658 1631 1708 ;
1664 1639 1977 1714 quomodo
2007 1655 2149 1695 eum

2276 482 2445 533 πάντα
2512 478 2605 534 διὰ
2656 488 2956 556 συνεχείας
3026 488 3319 558 νεμόμενος.
3408 485 3596 540 Ἕλαϐε
3646 490 3716 540 τὰ
3784 496 3883 541 τοῦ

2273 568 2514 627 πλησίον·
2601 571 2750 633 οἶλλος
2830 570 3048 644 ἀνεφάνη
3123 578 3326 645 γείτων·
3394 578 3485 629 καὶ
3546 578 3612 628 τὰ
3682 574 3881 629 ἐκείνου

2273 654 2721 720 ἐξιδιοποιήσατο.
2767 661 2841 713 Oi}
2894 670 3003 724 τοῖς
3056 667 3276 715 κατόπιν
3332 664 3595 739 προσέξεί,
3627 666 3709 717 ὅτι
3742 666 3878 719 πολ-

2272 745 2353 798 λάθ
2424 748 2550 800 ἀι).λὰ
2614 758 2725 812 τοῖς
2793 750 3083 821 λείπουσιν,
3152 755 3229 805 ὅτι
3308 759 3545 825 γείτονας
3597 758 3875 813 κέκτηται.

2272 837 2382 889 Ούκ
2435 838 2691 913 εὐφραίνει
2756 844 2821 893 τὰ
2876 844 3151 909 κτηθέντα,
3194 841 3324 897 ἀλλὰ
3369 843 3520 897 λυπεῖ
3570 847 3637 897 τὰ
3695 845 3877 898 λειπό-

2268 944 2415 997 μενα·
2474 928 2532 980 ού
2580 938 2643 1002 τῇ
2692 929 2977 984 ἀπολαύσει
3029 939 3127 985 τῶν
3179 936 3544 1006 συναχθέντων
3587 938 3873 1010 προσέχει,

2269 1014 2374 1067 ἀλλ’
2435 1016 2614 1071 ἑαυτὸν
2672 1016 2942 1093 ἐκδαπανᾴ
2997 1029 3058 1094 τῇ
3114 1020 3367 1096 ἐπιθυμίᾳ
3416 1032 3512 1087 τῆς
3558 1031 3650 1077 τοῦ
3698 1012 3887 1077 πλείοέ

2266 1123 2352 1167 νος
2416 1112 2665 1168 κτήσεως.
2738 1107 2867 1163 Εἶτα
2944 1108 3230 1184 ἁγρυπνίαι
3295 1111 3542 1179 έντευθεν,
3606 1114 3660 1165 αἱ
3723 1120 3888 1191 μέρι-

2266 1214 2411 1267 μναι,
2458 1199 2513 1248 αἱ
2567 1196 2857 1273 φροντίδες.
2907 1198 3068 1253 Ὅσον
3131 1200 3276 1264 αὔξει
3318 1204 3343 1253 6
3391 1201 3634 1267 πλοῦτος,
3683 1213 3877 1258 τοσοῦ-

2265 1302 2351 1336 τον
2402 1289 2538 1362 φέρει
2604 1296 2696 1339 τοῦ
2774 1287 2897 1361 βίον
2977 1294 3035 1343 τὸ
3123 1295 3514 1365 μεριμνητικόν.
3602 1298 3875 1357 Δικαστης

2263 1372 2657 1448 προσδοκᾶται,
2713 1384 2802 1432 καὶ
2850 1381 2875 1431 6
2937 1379 3245 1442 πλεονέκτης
3301 1390 3613 1457 περισκοπεί
3669 1388 3742 1456 μὴ
3802 1385 3873 1448 είς

2264 1462 2593 1540 δικαστήρια
2642 1477 2949 1542 παρασυρῇ·
3001 1473 3074 1543 μὴ
3107 1472 3328 1545 ὀρφανός
3378 1474 3436 1524 τὸ
3489 1467 3719 1547 δάκρυον
3751 1460 3870 1527 ἑαυ·

2259 1562 2351 1607 τοῦ
2393 1561 2469 1626 (7)
2491 1554 2577 1608 ἐπὶ
2632 1553 2985 1632 δικαστηρίου
3045 1555 3401 1635 δημοσιεύση.
3457 1560 3759 1615 Βουλεύεται
3816 1558 3867 1615 έν

2258 1649 2427 1712 νυκτὶ,
2486 1649 2631 1707 τίνας
2678 1655 2778 1698 τῶν
2834 1657 3033 1723 πικρῶν
3078 1653 3378 1722 συνηγόρων
3442 1653 3862 1725 παρασκευάσει,

488 1730 593 1802 qui
619 1729 931 1786 desolatus
964 1735 1052 1787 est
1080 1734 1405 1803 expugnet,
1465 1730 1772 1801 huncque,
1804 1727 1899 1784 vel
1928 1727 1988 1783 in
2012 1726 2134 1799 ipsc

2259 1734 2342 1785 ἵνα
2418 1731 2634 1806 ψευδεῖς
2693 1743 2989 1812 μαρτυρίας
3064 1736 3483 1812 έκμισθώσηταιο
3548 1748 3654 1801 πῶς
3710 1739 3866 1793 έκπο-

481 1820 713 1892 judicio
734 1820 1034 1876 occultata
1058 1821 1327 1885 veritate,
1382 1819 1688 1891 opprimat
1706 1817 2146 1890 potentia,quo-

486 1910 671 1966 modo
703 1910 966 1982 denique
987 1914 1045 1965 et
1070 1909 1339 1979 judicem
1363 1908 1598 1975 fallens,
1623 1912 1680 1964 et
1716 1907 2015 1979 pupillum
2040 1906 2146 1962 bo-

484 1999 580 2055 nis
638 1997 910 2071 spolians
964 2002 1290 2070 utrumque
1363 2001 1554 2053 voret.
1626 1996 1728 2055 Hae
1775 2010 1932 2053 cura
1979 1995 2146 2052 avari

485 2089 755 2146 animam
788 2093 1179 2146 consumunt.
1214 2091 1414 2144 Latrat
1450 2087 1641 2157 canis,
1674 2086 1917 2143 etdives
1948 2085 2144 2142 furem

484 2196 616 2237 esse
662 2181 984 2237 existimat.
1030 2179 1283 2236 Auditur
1332 2179 1524 2235 muris
1570 2178 1877 2249 strepitus,
1926 2180 1983 2232 et
2011 2176 2146 2233 salit

482 2286 587 2327 cor
641 2271 893 2339 divitis;
948 2286 1193 2325 servum
1240 2275 1590 2341 suspectum
1640 2267 1846 2336 habet,
1899 2270 2043 2322 sunt
2088 2266 2142 2322 ei

481 2365 764 2432 suspecta
780 2358 986 2416 omnia
1001 2378 1013 2428 ;
1030 2358 1184 2415 ﬁlios
1195 2358 1325 2430 jam
1353 2356 1615 2428 grandes
1635 2356 1801 2412 velut
1831 2355 2143 2412 insidiato-

479 2466 576 2509 res
603 2449 916 2523 conspicit,
953 2448 1122 2522 quod
1155 2464 1366 2503 eorum
1391 2453 1536 2503 astas
1565 2445 2012 2501 successionem
2040 2460 2142 2500 ur-

480 2539 787 2610 get.Avari
809 2538 927 2595 alio
946 2538 1127 2595 etiam
1152 2536 1370 2593 morbo
1393 2535 1935 2593 laborant.Victum
1957 2552 2137 2592 suum

478 2629 541 2685 in
572 2628 775 2700 digitis
802 2628 973 2701 ponit
1024 2644 1244 2684 avarus
1274 2626 1464 2695 ;alias
1495 2626 1785 2698 pecunias
1814 2624 2043 2697 profert
2073 2625 2136 2681 in

476 2719 772 2785 medium,
812 2718 962 2775 alias
1003 2717 1280 2774 defossas
1324 2716 1531 2783 habet,
1567 2715 1649 2771 ad
1699 2731 1837 2788 spes
1875 2715 2135 2771 incertas

477 2824 803 2881 seponens,
822 2808 901 2865 ad
925 2825 1087 2881 spes,
1117 2807 1391 2880 inquam,
1410 2822 1543 2879 quae
1571 2822 1712 2878 spes
1739 2821 2132 2878 nequaquam

478 2904 639 2955 sunt.
671 2899 905 2955 Etenim
935 2900 981 2955 si
1011 2898 1090 2954 ad
1120 2914 1259 2971 spes
1277 2897 1767 2962 reconderentur,
1798 2902 2130 2968 apparatus

475 3004 687 3045 earum
713 3004 824 3061 pro
850 3004 958 3061 spe
987 2992 1209 3043 aeterna
1231 2987 1438 3043 fuisset
1462 2985 1675 3042 factus.
1724 2989 1891 3042 Nunc
1923 2989 2128 3042 autem

474 3078 752 3135 sublecto
763 3078 1264 3135 divitiasincertas
1279 3075 1573 3134 abscondi
1582 3081 1616 3147 t,
1624 3079 1949 3131 venturum
1960 3075 2131 3131 dam-

471 3183 621 3224 num
646 3172 913 3225 avertere
932 3184 996 3224 se
1019 3166 1336 3225 ratus.Sed
1361 3182 1442 3223 an
1461 3170 1720 3222 ventura
1746 3165 1818 3222 sit
1851 3180 2129 3238 unquam

472 3259 683 3315 utendi
708 3260 1061 3326 necessitas,
1109 3258 1449 3313 incertum:
1502 3262 1715 3313 contra
1762 3255 1954 3311 veniet
1982 3260 2130 3311 tem-

472 3361 611 3417 pus,
642 3347 705 3403 in
726 3364 851 3420 quo
889 3350 1180 3419 pecunias
1208 3362 1321 3402 nos
1363 3343 2126 3423 dispensassepoanitebit.

471 3437 595 3492 Hoc
638 3440 870 3491 certum
920 3440 1030 3503 est,
1074 3440 1132 3491 et
1179 3434 1614 3499 indubitatum,
1655 3438 1712 3490 et
1736 3424 1850 3504 ego
1872 3448 2132 3505 sponsor

473 3541 632 3583 sum.
667 3528 764 3581 Est
798 3526 958 3582 enim
986 3541 1234 3581 necesse
1262 3525 1413 3581 mihi
1442 3541 1551 3581 vos
1584 3540 1997 3591 commonere,
2028 3522 2133 3581 de‘

470 3632 589 3689 que
610 3616 765 3672 vitiis
791 3615 1076 3672 omnibus
1106 3615 1404 3671 disserere
1425 3614 1632 3671 :vobis
1658 3630 1825 3681 vero,
1850 3615 2128 3671 animum

468 3705 799 3774 attendere,
828 3709 885 3761 et
913 3720 987 3760 ex
1010 3704 1210 3761 verbis
1241 3704 1394 3760 meis
1438 3704 1760 3761 utilitatem
1787 3719 2027 3776 capere,
2062 3707 2129 3759 ut

467 3793 720 3867 quilibet
748 3799 1067 3867 peccatum
1100 3793 1263 3851 velut
1283 3793 1579 3865 serpentis
1609 3793 1874 3867 spolium
1895 3808 2125 3849 exuens

465 3883 550 3941 ita
566 3884 815 3941 demum
834 3885 1121 3954 nudatus,
1144 3889 1327 3957 atque
1339 3884 1636 3955 justitiam
1650 3883 2125 3939 etﬂorescentem

464 3974 716 4032 indutus
741 3978 1092 4040 revertatur,
1125 3974 1276 4030 alius
1305 3989 1379 4030 ex
1422 3973 1539 4029 alio
1568 3972 1788 4029 factus.
1818 3974 1940 4026 Hoc
1959 3969 2123 4026 enim

465 4070 804 4121 conventus
836 4069 941 4120 est.
982 4067 1128 4120 Eam
1156 4061 1236 4119 ob
1266 4079 1517 4119 causam
1546 4066 1746 4133 patres
1776 4060 1972 4117 nostri
2006 4059 2122 4115 hos

466 4160 655 4210 cmtus
683 4154 1144 4222 constituerunt,
1199 4156 1264 4207 ut
1317 4168 1456 4224 quae
1484 4150 1702 4206 diebus
1727 4149 1978 4221 singulis
2000 4147 2122 4205 edi-

466 4258 631 4298 scere
654 4258 780 4298 non
808 4241 1191 4311 valemus,ob
1204 4240 1552 4297 docentium
1576 4239 2122 4295 commonentium-

464 4347 584 4404 que
616 4330 959 4405 penuriam,
1005 4346 1097 4395 ea,
1130 4328 1382 4399 singulis
1430 4329 1605 4385 annis
1630 4328 1843 4396 coacti,
1866 4328 1927 4384 in
1952 4344 2120 4384 com-

463 4422 637 4478 muni
666 4426 966 4477 conventu
1010 4420 1440 4492 suspiciamus,
1471 4422 1801 4491 posteaque
1831 4417 2115 4475 viaticum

2253 1821 2525 1897 λιορκήσει
2582 1828 2667 1877 τὸν
2716 1825 2765 1878 έν
2820 1835 2881 1900 τῇ
2954 1826 3167 1901 ἐρημία,
3228 1824 3724 1901 καταδυναστεὺσει,
3795 1827 3857 1883 δὲ

2253 1914 2460 1983 τούτου,
2519 1919 2610 1965 καὶ
2676 1913 2727 1967 έν
2786 1911 3117 1990 δικαστηρίῳ
3178 1923 3273 1976 τὴν
3339 1915 3579 1978 ἀλήθειαν
3636 1917 3854 1992 κλέψας·

2254 1999 2570 2077 ἀμφοτέρους
2636 2000 2696 2057 δε
2765 2003 3039 2072 ἀναλώσει,
3094 2012 3185 2060 καὶ
3236 2010 3324 2061 τὸν
3370 2004 3632 2068 δικαστὴν
3685 2029 3858 2084 παρα-

2251 2095 2629 2167 κρουσάμενος,
2688 2099 2778 2148 καὶ
2832 2099 2925 2167 τὸν⁵
2991 2102 3174 2155 νήπιον
3232 2097 3633 2161 πλεονεκτήσας·
3692 2099 3853 2153 Αὗται

2253 2184 2307 2233 αἱ
2356 2184 2432 2255 (8)
2489 2188 2737 2259 μέριμναι
2786 2181 3065 2239 δαπανῶσι
3118 2194 3209 2239 τοῦ
3258 2187 3559 2241 πλεονέκτου
3608 2192 3702 2248 τὴν
3757 2188 3857 2259 ψυ-

2251 2274 2379 2342 χὴν.
2425 2275 2571 2325 Κύων
2620 2273 2850 2343 ὑλακτεῖ,
2905 2279 2992 2328 καὶ
3041 2277 3067 2327 6
3112 2276 3359 2338 πλούσιος
3405 2279 3609 2352 νομίζει
3637 2278 3860 2337 κλέπτην

2253 2357 2401 2415 εἶναι.
2466 2365 2612 2424 Μυός
2676 2362 2864 2437 ψόφος,
2933 2369 3022 2418 καὶ
3087 2374 3179 2419 τοῦ
3230 2366 3488 2421 πλουσίου
3553 2369 3583 2426 ἠ
3660 2364 3861 2441 καρδία

2250 2446 2420 2521 πηδᾷ·
2486 2455 2573 2503 τὸν
2654 2450 2828 2506 παῖδα
2891 2455 3192 2525 ὑποπτεύει,
3240 2458 3413 2509 πάντα
3470 2453 3545 2509 δι’
3623 2456 3859 2527 ὑποψίας

2250 2541 2382 2611 ἔχει·
2446 2542 2592 2603 υίοὺς
2653 2542 3031 2616 αὐξανομένους
3096 2547 3269 2619 ὥσπερ
3343 2544 3649 2609 ἐπιϐούλους
3737 2548 3856 2620 ὁρᾷ,

2248 2630 2329 2681 ὅτι
2360 2632 2389 2688 ἡ
2445 2630 2626 2688 ἡλικία
2670 2632 2838 2685 αὑτων
2895 2638 2984 2692 τὴν
3040 2630 3312 2708 διαδοχὴν
3360 2656 3672 2710 κατεπείγει.
3738 2644 3871 2698 ΤοῖςΔ

2244 2716 2571 2783 πλεονέκταις
2627 2726 2717 2774 καὶ
2781 2722 2928 2797 ἑτέρα
2973 2722 3085 2777 ἐστὶ
3136 2729 3309 2787 νόσος.
3355 2728 3453 2779 Τὸν
3506 2725 3625 2800 βίον
3654 2726 3728 2797 (9)
3761 2726 3853 2778 αὐ-

2241 2816 2333 2860 τοῦ
2389 2807 2468 2861 ἐπὶ
2509 2807 2780 2863 δακτύλων
2832 2814 3036 2871 τίθησιο
3088 2818 3176 2867 τὸν
3219 2818 3309 2887 μὲν
3365 2812 3694 2888 δημοσιεύει,
3760 2818 3849 2868 τὸν

2239 2894 2299 2949 δὲ
2350 2905 2808 2973 κατορωρυγμένον
2861 2904 2975 2974 ἔχει
3025 2907 3156 2978 πρὸς
3210 2901 3423 2967 ἐλπίδας
3470 2907 3563 2966 τὰς
3617 2902 3852 2968 ἀδήλου-ς

2239 2986 2625 3063 ἀποτιθέμενος·
2700 2988 2916 3055 έλπιδας
2980 2994 3071 3055 τὰς
3137 2993 3232 3047 οὑκ
3292 2990 3525 3056 ἐλπίδας.
3597 2993 3660 3047 Εἰ
3740 2996 3845 3067 γὰρ

2236 3081 2366 3151 πρὸς
2410 3077 2628 3142 ἐλπίδας
2675 3081 2735 3140 ἦν
2785 3083 2814 3138 ἡ
2871 3080 3141 3147 ἀπόθεσις,
3192 3084 3322 3156 πρὸς
3373 3086 3468 3140 τὴν
3515 3081 3728 3134 αἰωνίαν
3754 3079 3842 3131 έλ-

2237 3164 2375 3221 πίδα
2404 3167 2599 3242 έγένετο
2656 3167 2716 3221 ἂν
2770 3171 2800 3226 ἡ
2863 3174 3188 3244 παρασκευή.
3238 3176 3346 3223 Νῦν
3412 3166 3472 3223 δε
3516 3171 3843 3244 ὑποκρύπτεε

2238 3266 2300 3332 τῇ
2355 3258 2501 3331 κλίνῃ
2550 3261 2637 3311 τὸν
2701 3257 2922 3311 πλοῦτον
2973 3262 3059 3311 τὸν
3117 3255 3340 3329 ἄδηλον,
3406 3264 3501 3318 τὴν
3557 3257 3846 3332 ἐπερχομέο

2238 3369 2330 3407 νην
2385 3352 2577 3422 ζημίαν
2631 3346 2972 3423 ἀποστρέφειν
3016 3348 3262 3422 οἰόμενος.
3322 3347 3456 3402 Ἀλλ’
3508 3348 3552 3402 εἰ
3608 3350 3698 3422 μὶν
3731 3348 3847 3412 ἣξει

2238 3440 2363 3490 ποτε
2421 3439 2451 3496 ἠ
2529 3442 2710 3512 χρεία,
2785 3434 3002 3496 ἄδηλον·
3057 3438 3170 3501 ἣξει
3210 3441 3387 3511 μέντοι
3436 3442 3642 3512 καιρὸς,
3705 3436 3753 3490 έν

2238 3527 2670 3601 μεταμεληθήση,
2728 3532 2801 3601 μὴ
2856 3528 3210 3601 οἰκονομήσας
3262 3532 3350 3581 τὸν
3380 3526 3624 3582 πλοῦτον.
3676 3534 3843 3581 Τοῦτο

2236 3614 2525 3692 πρόδηλον,
2581 3620 2729 3690 κάγὼ
2804 3618 2912 3691 εἰμι
2976 3618 3001 3670 ὁ
3068 3616 3413 3691 ἐγγυώμενος.
3481 3619 3691 3690 Δνοίγκη
3749 3618 3842 3690 μεν

2234 3708 2337 3779 γὰρ
2417 3707 2534 3779 (10)
2591 3710 2710 3781 περὶ
2766 3709 2971 3761 πάντων
3042 3716 3140 3761 τῶν
3210 3710 3392 3763 παθῶν
3470 3703 3835 3781 διαλέγεσθαι,

2234 3798 2705 3870 ὑπομιμνήσκοντα
2753 3798 2907 3870 ὑμᾶς·
2982 3798 3117 3871 ὑμᾶς
3178 3794 3237 3851 δὲ
3292 3801 3658 3872 προσέχοντας
3712 3796 3843 3871 λαμ-

2234 3885 2404 3939 ϐάνειν
2459 3892 2553 3945 τὴν
2602 3887 2657 3940 έκ
2703 3894 2804 3940 τῶν
2858 3886 3022 3959 λόγων
3071 3887 3332 3961 ὠφέλειαν,
3395 3890 3497 3955 ἶνα,
3553 3884 3839 3942 ἀποδυσά-

2231 3995 2378 4049 μενος
2423 3976 2659 4044 ἕκαστος,
2701 3978 2877 4052 ὥσπερ
2951 3985 3124 4051 γῆρας
3177 3977 3353 4051 ὄφεως,
3406 3983 3502 4038 τὴν
3552 3978 3838 4052 ἁμαρτίαν,

2231 4067 2391 4127 οὑτως
2457 4064 2723 4120 έπανελθοι
2791 4072 3188 4140 γεγυμνωμένος
3213 4070 3347 4141 (Η),
3406 4074 3498 4123 καὶ
3549 4072 3688 4142 ἔχων
3741 4074 3839 4129 τὴν

2233 4152 2577 4216 δικαιοσύνην
2649 4156 2787 4228 αὐτῷ
2853 4155 3201 4230 ἐπανθοῦσαν,
3290 4160 3456 4237 ἕτερος
3539 4158 3592 4224 ἐξ
3661 4160 3838 4234 έτέρου

2228 4250 2521 4319 γενόμενος.
2588 4252 2754 4301 Τοῦτο
2834 4248 2937 4320 γάρ
2991 4246 3102 4300 έστι
3162 4245 3400 4311 σύνοδοςο
3451 4251 3549 4303 Διὰ
3603 4257 3757 4303 τοῦτο
3787 4251 3842 4303 οἱ

2229 4340 2447 4410 πατέρες
2518 4339 2663 4410 ἡμῶν
2748 4340 2869 4398 τοὺς
2928 4337 3213 4410 συλλόγους
3265 4342 3483 4403 τούτους
3517 4340 3832 4411 ἐπέγνωσαν,

2232 4430 2315 4481 ἶνα
2378 4425 2414 4478 ἆ
2461 4428 2581 4480 καθ’
2645 4426 2868 4485 έκαστην
2935 4428 3131 4503 ἡμεραν
3180 4431 3364 4501 μαθεῖν
3421 4431 3480 4484 οὑ
3548 4427 3836 4503 δυνάμενα,

463 4511 876 4569 custodiamus
932 4512 1013 4568 ad
1074 4510 1454 4583 subsequens
1508 4515 1747 4583 tempus
1794 4513 1851 4565 et
1879 4507 2122 4579 singula

2247 4527 2292 4593 τῇ
2336 4526 2437 4570 τῶν
2504 4513 2853 4570 διδασκόντον
2912 4522 3003 4570 καὶ
3067 4519 3570 4592 ὑπομιμνησκόντων
3642 4516 3838 4594 ἐνδείᾳ,

459 4602 641 4676 quasi
667 4602 729 4658 in
755 4601 1054 4658 memoria
1073 4600 1274 4657 adhuc
1294 4600 1645 4657 insonantia
1664 4600 2009 4669 retinentes,
2034 4597 2099 4654 fu

459 4693 700 4763 giamus
712 4696 1050 4766 peccatum,
1055 4690 1303 4763 justitize
1322 4706 1463 4747 vero
1476 4706 1633 4762 opus
1654 4704 2119 4762 persequamur.

2232 4616 2403 4661 ταῦτα
2468 4603 2543 4660 δι’
2602 4610 2749 4668 ἰτους
2804 4610 3082 4675 συνιόντες,
3115 4606 3164 4660 έν
3208 4617 3352 4683 κοινῇ
3396 4612 3686 4685 πανηγύρει
3714 4612 3841 4664 ὑπο-

2237 4694 2510 4770 δεξώμεθα
2572 4736 2585 4751 .
2642 4697 2754 4750 εἶτα
2822 4695 3123 4771 φυλάξωμεν
3191 4696 3379 4771 ἐφόδια
3432 4703 3567 4774 πρὸς
3620 4703 3709 4754 τὸν
3758 4700 3844 4774 έφ-

462 4788 578 4853 εξῆς
613 4794 827 4867 χρὸνον,
855 4794 945 4845 καὶ
993 4789 1183 4845 ἔναυλα
1231 4792 1438 4862 ἔχοντες
1466 4796 1530 4862 τῇ
1586 4792 1765 4862 μνήμῃ
1799 4788 1867 4841 τὰ
1886 4784 2004 4840 καθ’
2034 4787 2249 4843 ἕκαστον
2280 4789 2507 4861 φύγομεν
2535 4790 2633 4847 τήν
2662 4785 2949 4861 ἁμαρτίαν,
2996 4782 3030 4841 δ
3036 4787 3264 4863 ιώξωμεν
3286 4786 3347 4844 δὲ
3367 4792 3426 4844 τὸ
3463 4793 3609 4868 ἔργον
3638 4799 3737 4855 τῆς
3759 4786 3797 4843 δ
3800 4812 3845 4844 ε-

459 4899 579 4934 καιο
587 4885 715 4940 σύτη
729 4901 769 4943 ς.

532 5096 611 5171 (7)
670 5091 920 5155 Codices
980 5101 1101 5153 tres
1144 5091 1375 5170 δάκρυον
1407 5094 1586 5150 αὑτοῦ.
1633 5093 1958 5167 Aliquanto
1977 5096 2126 5220 ἔσει

532 5188 585 5220 ιο
636 5185 787 5220 mss.
840 5168 1155 5220 ἀιιωοτέοους
1208 5187 1283 5220 τε.
1345 5169 1467 5220 Hoc
1515 5166 1648 5220 inso
1700 5166 1762 5220 in
1815 5164 1951 5220 loco
2025 5178 2121 5220 eg.

460 5164 603 5230 duo
635 5185 787 5228 mss.
840 5168 1155 5243 ἀμφοτέρους
1208 5164 1283 5222 τὲ.
1344 5169 1467 5224 Hoc
1515 5166 1648 5243 ipso
1700 5164 1768 5221 iri
1815 5164 1951 5243 loco
1977 5164 2121 5234 Reg.

458 5245 694 5369 Erimus
742 5250 847 5303 πῶς
872 5236 1279 5314 ’έὲπολιορκὴσῃ
1296 5284 1308 5297 .
1333 5285 1343 5297 .
1368 5282 1381 5295 .
1405 5282 1417 5295 .
1465 5236 1937 5309 καταδυναστεύσῃ
1955 5277 1967 5291 .
1990 5278 2003 5291 .
2027 5277 2039 5291 .
2063 5280 2076 5292 .
2099 5280 2111 5292 .

524 5318 724 5369 λαώση.

524 5318 724 5372 λαώση.

530 5390 608 5459 (8)
638 5386 779 5459 Reg.
807 5385 1042 5459 primus
1058 5383 1239 5459 Αὕτσιι⁸
1259 5378 1317 5436 δὲ
1349 5384 1423 5439 αἶ.

530 5450 604 5529 (9)
634 5450 768 5514 Loci
808 5450 1002 5528 hujus
1051 5460 1147 5509 Τόν
1207 5454 1344 5528 βίον,
1398 5458 1509 5529 etc,
1534 5453 1668 5529 haec
1708 5450 1959 5529 videtur
1987 5466 2118 5529 esse

460 5523 794 5588 sententia:
844 5523 1137 5585 Pecunias
1182 5523 1324 5584 suas
1364 5528 1510 5582 satis
1533 5525 1718 5580 habet
1762 5523 1965 5593 digitis
1991 5523 2117 5578 suis

458 5616 805 5667 numerare,
835 5616 946 5657 nec
984 5600 1071 5657 eis
1098 5600 1290 5657 utituo
1320 5598 1400 5657 ad
1426 5597 1562 5655 vitae
1594 5597 2003 5654 necessitates.

2304 5092 2438 5178 (tl-9).
2492 5087 2734 5178 Veteres
2786 5094 3052 5178 quatuor
3096 5090 3234 5149 libri
3290 5088 3515 5165 Ἀνάγκη
3560 5095 3653 5170 μὶν
3710 5096 3834 5169 γάρ.

2232 5164 2385 5219 Editi
2414 5166 2622 5237 Ανάγκη
2652 5180 2716 5237 με
2742 5164 2868 5236 γάρ.

2304 5237 2417 5320 (ll)
2450 5235 2613 5362 Regii
2643 5234 2767 5291 duo
2793 5234 3030 5291 codices
3056 5240 3113 5293 et
3144 5235 3307 5294 Colb.
3342 5238 3547 5319 tertius
3576 5242 3835 5322 γεγυμνατ

2304 5326 2413 5362 ενος
2444 5323 2545 5362 ma
2572 5323 2623 5362 e.
2652 5312 2724 5362 At
2770 5310 2913 5362 Reg.
2969 5308 3275 5362 secundus
3329 5315 3386 5362 et
3414 5310 3574 5362 Cmsl
3605 5317 3661 5362 et
3692 5310 3835 5362 editi

2234 5312 2413 5379 σμένος
2444 5308 2623 5362 male.
2652 5312 2724 5362 At
2770 5310 2913 5378 Reg.
2956 5308 3275 5379 secundus
3329 5315 3386 5365 et
3414 5308 3661 5367 Coisl'et
3692 5308 3839 5368 editi

2228 5378 2643 5454 γεγυμνωμένος,
2668 5383 2859 5454 recte.
2891 5378 3227 5454 __Al_iquant_o
3272 5386 3410 5454 post
3431 5383 3616 5439 editio
3646 5383 3840 5439 Paris.

2226 5450 2443 5528 τούτους
2469 5450 2777 5528 μετενόησαν.
2823 5450 3211 5509 Editto’Basil.
3223 5450 3293 5510 οἱ
3307 5458 3534 5511 veteres
3563 5455 3845 5528 quinque

2224 5520 2361 5579 libri
2391 5522 2729 5595 ἐπέγένωσαν.
