4092 6384
183 350 320 408 1449

249 478 309 531 6.
348 496 377 525 ‹‹
411 478 498 534 Μὴ
530 474 742 548 μὲταιρε
778 475 901 549 ὅρια
929 474 1132 529 αἰώνια.
1168 472 1253 535 Εἰς
1284 470 1344 528 δὲ
1393 482 1573 548 κτῆμα
1616 474 1782 548 ὀρφα-
1815 477 1864 533 Α

178 574 276 617 νῶν
332 570 403 638 μὴ
465 565 717 638 εἰσελθης.
761 586 789 616 ε
818 570 904 624 Μὴ
936 565 1269 640 προφασίξου
1327 568 1455 628 τοὺς
1506 562 1722 633 παῖδας,
1755 566 1781 618 ὀ

179 654 567 716 ⁴πλεονέκτητης.
604 651 800 717 Παίδές
838 654 941 709 εἰσι
974 671 987 721 ;
1023 654 1313 729 θησαύριξε
1342 654 1457 724 (12)
1484 654 1660 717 αὐτοις
1693 656 1783 713 θη-

182 749 377 820 σαυρὸν
408 744 638 801 αἰώνιον.
687 746 969 818 Θησαυρὸς
998 740 1058 797 δε
1088 742 1228 796 ἐστιν
1293 746 1322 803 ἡ
1379 742 1615 797 εὐσέϐεια
1671 747 1782 816 (l3)

177 836 499 908 χρημάτων.
602 833 886 887 Κατάλειπε
961 837 1148 887 παισὶν
1210 831 1415 905 ἀγαθὴν
1479 838 1683 907 μνήμην
1748 833 1777 893 ᾖ

178 924 399 977 πλοῦτον
458 922 637 979 πολ-ὂν.
693 926 891 984 Πάντας
927 927 1151 981 ποίησαι
1196 930 1290 976 τοῦ
1326 920 1524 985 παιδὸς
1552 930 1644 976 τοῦ
1687 929 1782 976 σοῦ

180 1017 408 1088 πατέρας
481 1009 575 1066 διὰ
630 1020 725 1075 τῆς
776 1012 1009 1075 εὐποιίας
1064 1013 1201 1080 (14).
1260 1012 1486 1085 Ἀνάγκη
1551 1017 1608 1066 σέ
1659 1031 1784 1066 ποτε

181 1101 417 1156 ἀπελθεῖν
445 1110 537 1155 τοῦ
568 1101 711 1175 βίον·
747 1099 858 1155 εἶτα
887 1106 973 1155 τὸν
1002 1106 1092 1156 σὸν
1121 1098 1294 1155 παῖδα
1323 1100 1371 1155 ἄν
1406 1110 1468 1176 τῇ
1533 1101 1785 1175 ἀφηλικίᾳ

182 1190 530 1262 καταλείψεις,
600 1200 699 1244 τῶν
754 1198 1096 1267 προεστώτων
1184 1188 1444 1265 δεόμενον.
1502 1191 1618 1246 Ἐὰν

182 1283 280 1354 γὰρ
346 1280 500 1343 καλὸς
554 1286 644 1334 καὶ
682 1280 879 1354 ἁγαθός
911 1278 994 1347 ἧς,
1036 1282 1255 1344 ἕκαστος
1309 1284 1395 1333 τὸν
1437 1283 1528 1334 σὸν
1576 1283 1784 1354 ἰκγονον

182 1377 357 1443 ὥσπερ
411 1370 549 1423 ἴδιον
609 1369 870 1445 ἶκθρίψειο
930 1375 1246 1444 μεμνήσεται
1293 1373 1419 1444 γὰρ,
1456 1372 1536 1424 ὅτι
1584 1376 1676 1424 καὶ
1718 1375 1783 1424 σὺ

182 1466 413 1534 ὀρφανῶν
470 1465 641 1533 πατὴρ
701 1459 894 1533 ἐγένου·
963 1458 1048 1513 ἐὰν
1110 1457 1170 1514 δὲ
1232 1459 1280 1513 ἐν
1345 1466 1573 1535 πονηρίᾳ
1613 1462 1784 1525 ζήσας

181 1554 272 1601 καὶ
329 1548 549 1610 πολλοὺς
598 1548 857 1615 λυπήσας,
918 1553 1009 1601 καὶ
1039 1552 1231 1612 παντὸς
1264 1551 1448 1624 θηρίου
1477 1548 1783 1622 χαλεπώτε-

180 1657 267 1713 ρος
311 1643 583 1711 γενόμενος
645 1645 754 1701 τοῖς
813 1640 1289 1710 συντυγχάνουσιν,
1334 1640 1446 1691 εἶτα
1504 1638 1784 1711 ὑπεξελθῇς

182 1734 274 1780 τοῦ
323 1725 469 1799 βίου,
526 1727 789 1787 κατέλιπες
833 1731 920 1780 τὸν
985 1729 1075 1780 σόν
1133 1730 1339 1800 ἔκγονον
1391 1731 1561 1781 κοινὸν
1591 1727 1783 1803 ἕχθρόν

180 1824 283 1869 τῶν
316 1815 540 1876 ζώντων.
572 1814 771 1888 Ὠσπερ
801 1818 904 1889 γὰρ
946 1819 1120 1870 τέκνον
1187 1822 1442 1892 σκορπίου
1499 1819 1525 1869 ὁ
1588 1819 1781 1870 θεασά-
1814 1838 1854 1891 Β

182 1922 327 1977 μενος
357 1902 610 1975 φοϐεῖται,
641 1908 714 1977 μὴ
755 1923 879 1957 ποτε
904 1904 978 1968 εἰς
1015 1905 1222 1964 ἠλικίαν
1272 1905 1414 1959 ἐλθὸν
1479 1911 1783 1980 μιμὴσηται

183 1997 271 2046 τὸν
332 1997 548 2067 πατέρα’
594 1993 731 2046 οὕτω
775 1998 866 2047 καὶ
914 1997 982 2047 τὰ
1031 1997 1102 2047 σὰ
1161 1996 1347 2068 ἔκγονα
1388 2001 1640 2072 πονηρίας
1684 2016 1784 2049 πα-

184 2090 368 2158 τρικῆς
444 2086 567 2135 ὄντα
624 2081 939 2158 κληρονόμοι,
1015 2088 1136 2159 πρὶν
1200 2087 1273 2146 εἱς
1328 2085 1534 2144 ἠλικίαν
1602 2084 1783 2153 ἐλθεῖν,

183 2174 327 2247 παρὰ
420 2173 622 2224 πάντων
703 2169 1214 2232 ἕπεϐονλευθήσεται.
1282 2179 1345 2227 Τί
1410 2174 1499 2227 οὖν
1565 2174 1785 2237 πολλοὺς

184 2259 493 2321 επιϐοὐλους
520 2265 611 2313 καὶ
650 2258 873 2335 ἑχθροὺς
914 2264 1159 2334 συνάγεις
1195 2270 1302 2325 τοῖς
1333 2263 1520 2316 ἑαυτοῦ
1547 2269 1740 2326 τέκνοις
1767 2281 1782 2333 ;

189 2355 395 2418 Καίτοι,
428 2349 471 2403 εἰ
488 2353 580 2402 καὶ
606 2350 777 2403 πάντα
805 2354 893 2403 τὸν
921 2356 1114 2424 χρόνον
1145 2352 1234 2413 ἔζη
1247 2373 1287 2419 ς,
1346 2349 1455 2405 ἔδει
1486 2372 1545 2406 σε
1595 2353 1785 2427 μᾶλλον

186 2447 286 2493 τῶν
351 2437 549 2492 πολλῶν
605 2442 701 2497 την
745 2442 942 2492 εὔνοιαν
991 2442 1130 2512 ἔχειν
1180 2446 1447 2516 συνεργόν.
1480 2440 1694 2503 Ἐπειδὴ
1726 2440 1786 2497 δε

186 2525 384 2587 ἄδηλον
440 2530 499 2580 τὸ
546 2529 683 2580 κατὰ
723 2531 797 2599 σε,
831 2528 1085 2582 κατάλιπε
1131 2526 1225 2583 διὰ
1274 2539 1368 2592 τῆς
1405 2530 1639 2595 εὐποιίας
1668 2532 1788 2587 πολ-

184 2616 306 2679 λοὺς
362 2619 479 2677 τοὺς
532 2621 966 2690 προϊσταμένους·
1023 2624 1096 2692 μή
1164 2623 1289 2672 ποτέ
1344 2639 1438 2673 σου
1492 2620 1788 2685 ὑπεξελθόν-

186 2724 294 2773 τος,
352 2702 465 2758 εἶτα
503 2713 597 2759 τοῦ
653 2705 895 2777 τλούτου,
958 2706 1012 2760 ὃν
1058 2710 1320 2780 συνάγεις,
1369 2709 1442 2771 εἰς
1494 2714 1673 2769 ὄνησιν
1712 2718 1784 2785 μὴ

187 2792 499 2859 δυνηθέντος
536 2792 897 2869 διαδεχθῆναι
920 2799 1058 2869 (15),
1091 2798 1312 2862 ἕκαστος
1332 2804 1521 2875 κινήσῃ
1573 2805 1667 2861 τὴν
1697 2821 1787 2856 κε·-

186 2885 368 2958 φαλήν,
414 2891 504 2939 καὶ
552 2889 698 2959 εἶπξν
768 2893 883 2949 Πῶς
948 2891 1014 2940 τὰ
1055 2896 1229 2950 κακῶς
1255 2890 1512 2947 κτηθέντα
1541 2890 1608 2952 εἰς
1634 2890 1785 2964 ἔκγο-

182 2994 302 3036 νους
365 2980 456 3028 καὶ
511 2971 709 3037 παῖδας
756 2975 816 3028 οὗ
875 2980 1216 3051 παρεπέμφθη
1262 2977 1275 3032 !
1318 2982 1497 3032 Ταῦτά
1539 2999 1623 3034 σοι
1652 2981 1785 3054 λέγω
1815 2979 1854 3033 C

184 3062 238 3116 ἐκ
294 3072 394 3117 τῶν
443 3062 775 3141 ἀνθρωπίνων
814 3065 999 3138 λόγων·
1057 3069 1124 3119 τὰ
1160 3071 1337 3141 μέντοι
1374 3071 1519 3144 παρὰ
1549 3078 1640 3123 τοῦ
1672 3077 1783 3124 Κυ-

182 3159 319 3228 ρίου,
345 3155 429 3207 οἶά
464 3173 549 3208 σοι
579 3153 682 3231 ἰρεί
701 3158 759 3208 τὸ
784 3156 1118 3229 Εὖαγγελιον,
1152 3153 1323 3220 οἶδας.

1400 347 1696 407 HOMILIA
1732 347 1947 407 DICTA
1983 348 2055 406 IN
2094 347 2357 405 LACIZIS

3396 348 3541 405 1450

1967 479 2021 532 6.
2054 494 2083 525 «
2116 474 2202 529 Ne
2232 473 2490 530 transfer
2519 472 2810 531 terminos
2838 476 3095 530 aeternos
3113 473 3186 530 ³⁸.
3219 475 3284 529 In
3308 486 3550 545 posses-

1892 563 2127 620 sionem
2147 563 2562 636 orphanorum
2582 578 2658 619 ne
2671 561 3029 631 ingrediaris
3044 564 3113 619 ³⁷.
3136 583 3165 611 ››
3185 564 3265 618 Ne
3277 559 3550 619 causeris

1888 652 2132 721 liberos,
2162 668 2198 708 ο
2221 667 2424 709 avare.
2451 650 2639 707 Liberi
2662 653 2838 708 sunt?
2869 650 3107 722 colliget
3138 650 3286 723 ipsis
3314 650 3554 707 thesau-

1888 758 2026 799 rum
2046 746 2359 797 mternum.
2380 743 2475 797 Est
2493 740 2655 796 enim
2686 740 3001 796 thesaurus
3022 756 3172 795 usus
3199 738 3338 811 pius
3370 754 3551 812 pecu-

1888 830 2445 903 niarum.Relinque
2463 828 2668 886 liberis
2684 828 3164 886 recordationem
3175 827 3405 884 bonam
3425 843 3553 885 ma-

1891 923 1982 993 gis
2001 937 2190 995 quam
2212 920 2453 977 divitias
2474 918 2843 976 multas.Fac
2866 917 3022 975 bene
3043 917 3410 985 faciendo,ut
3428 933 3555 975 om-

1890 1027 1999 1068 nes
2039 1011 2155 1068 sint
2177 1010 2311 1067 loco
2343 1014 2584 1082 patrum
2605 1008 2730 1066 ﬁlio
2754 1013 2875 1066 tuo.
2915 1009 3088 1082 592
3112 1006 3454 1080 Aliquando
3478 1007 3555 1065 de

1891 1100 2013 1158 vita
2030 1100 2291 1157 decedas
2313 1115 2557 1156 necesse
2579 1102 2698 1155 est:
2722 1096 2941 1154 deinde
2957 1097 3150 1154 tilium
3174 1101 3346 1153 tuum
3362 1097 3426 1154 in
3442 1096 3556 1154 im-

1892 1195 2133 1248 matura
2157 1195 2331 1248 aetate
2356 1189 2664 1263 relinques
2692 1188 2897 1245 adhuc
2930 1186 3229 1244 tutoribus
3251 1191 3553 1258 egentem.

1894 1278 2066 1347 Quod
2122 1279 2173 1335 si
2225 1280 2516 1336 honestus
2554 1277 2738 1333 fueris
2771 1281 2827 1333 et
2864 1276 3087 1343 bonus,
3132 1275 3558 1351 unusquisque

1891 1369 2083 1426 ﬁlium
2131 1373 2302 1426 tuum
2329 1372 2395 1425 ut
2419 1384 2600 1424 suum
2622 1367 2879 1424 enutriat
2918 1382 2932 1431 ;
2966 1381 3111 1423 nam
3141 1366 3227 1423 eis
3273 1366 3338 1422 in
3383 1382 3551 1424 meno

1893 1463 2012 1517 tem
2058 1458 2258 1516 veniet
2312 1457 2497 1514 fuisse
2556 1462 2612 1514 te
2654 1472 2902 1530 quoque
2962 1455 3381 1527 orphanorum
3447 1472 3556 1529 pa-

1890 1553 2087 1620 trem;
2114 1548 2206 1604 sin
2249 1551 2452 1603 autem
2500 1551 2903 1619 posteaquam
2949 1544 3013 1601 in
3043 1544 3273 1601 malitia
3316 1544 3556 1613 vixeris,

1890 1637 2235 1710 multosque
2282 1636 2553 1692 atfeceris
2585 1649 2869 1704 maerore,
2918 1638 2975 1691 et
2998 1632 3060 1690 in
3091 1649 3195 1690 eos
3218 1633 3328 1706 qui
3356 1636 3557 1690 tecum

1891 1726 2364 1797 congrediuntur
2416 1724 2544 1781 fera
2583 1723 2752 1781 omni
2779 1722 2963 1780 fueris
3004 1722 3300 1789 acerbior,
3340 1723 3426 1780 ita
3453 1722 3557 1781 de-

1893 1833 2063 1874 mum
2085 1817 2313 1888 migras
2341 1815 2416 1872 de
2448 1815 2603 1879 vita;
2636 1813 2828 1870 lilium
2852 1818 3024 1870 tuum
3060 1812 3358 1886 reliquisti
3387 1830 3556 1872 com-

1892 1920 2143 1962 munem
2170 1903 2507 1960 viventium
2531 1902 2789 1959 hostem.
2830 1900 3365 1968 Quemadmodum
3394 1902 3558 1960 enim

1893 1994 1996 2068 qui
2012 1993 2230 2067 scorpii
2254 1997 2464 2049 natum
2483 1990 2883 2064 conspexerit,
2895 1990 3147 2049 limetne
3157 1990 3409 2064 quando
3422 1996 3562 2050 aeta-

1896 2092 1948 2141 te
1962 2082 2301 2157 provectior
2314 2081 2578 2138 imitetur
2599 2084 2836 2154 patrem
2860 2098 2873 2136 :
2898 2080 2981 2138 ita
3006 2080 3187 2137 etiam
3211 2080 3325 2138 tuis
3354 2080 3560 2139 liberis

1894 2180 2159 2250 paternae
2173 2172 2454 2247 nequitiae
2467 2170 2834 2239 heredibus,
2853 2171 3215 2245 priusquam
3228 2171 3306 2228 ad
3317 2176 3559 2229 atatem

1894 2263 2292 2341 pervenerint,
2344 2265 2645 2319 struentur
2674 2261 2752 2318 ab
2790 2261 3074 2318 omnibus
3103 2260 3361 2320 insidiae.
3401 2261 3560 2328 Quid

1894 2356 2079 2426 igitur
2106 2352 2330 2410 multos
2355 2350 2740 2409 insidiatores
2768 2349 2972 2407 liberis
3016 2350 3132 2407 tuis
3182 2353 3238 2406 et
3277 2350 3559 2408 inimicos

1895 2461 2048 2519 para
2067 2445 2094 2501 ?
2118 2446 2186 2499 Et
2208 2458 2350 2499 vero
2372 2440 2611 2497 etiamsi
2650 2456 2894 2513 semper
2912 2439 3182 2497 victurus
3223 2456 3413 2508 esses,
3445 2456 3560 2514 par

1899 2533 2093 2603 magis
2117 2532 2312 2588 fuerat
2344 2536 2398 2588 te
2432 2529 2761 2587 multorum
2794 2528 3282 2587 benevolentiam
3309 2530 3564 2602 adjutri-

1897 2639 2029 2681 cem
2069 2621 2317 2679 habere.
2371 2619 2487 2678 Sed
2544 2635 2686 2676 cum
2728 2635 2824 2676 res
2878 2622 2996 2675 tute
3035 2618 3277 2677 incerta
3306 2618 3446 2690 sint,
3476 2619 3563 2679 ita

1896 2711 2244 2775 beneﬁcias,
2299 2714 2366 2767 ut
2410 2709 2720 2783 relinquas
2790 2713 3085 2781 patronos
3132 2724 3204 2765 ac
3241 2713 3559 2768 curatores

1896 2801 2120 2860 multos
2138 2817 2162 2859 .·
2183 2816 2256 2857 ne
2276 2798 2531 2873 quando
2563 2803 2614 2855 te
2642 2797 2763 2854 vita
2792 2797 3022 2867 functo,
3050 2801 3386 2872 posteaque
3400 2797 3560 2856 divi-

1896 2893 2183 2965 tiis,quas
2195 2886 2594 2958 congesseris,
2620 2886 2698 2944 ad
2725 2886 2996 2944 hteredes
3015 2887 3398 2945 successione
3428 2887 3565 2947 utili

1893 2981 2150 3041 transire
2169 2995 2294 3037 non
2316 2977 2682 3045 valentibus,
2740 2978 3168 3052 unusquisque
3213 2983 3397 3051 caput
3429 2994 3560 3036 mo-

1894 3076 2053 3142 veat,
2085 3086 2155 3128 ac
2202 3070 2399 3125 dicat:
2425 3066 2745 3134 Quomodo
2776 3067 2934 3124 male
2981 3072 3157 3140 parta
3192 3066 3274 3125 ad
3308 3073 3563 3142 nepotes

1892 3178 1964 3219 ac
1983 3160 2203 3217 liberos
2226 3155 2591 3214 transmissa
2619 3170 2743 3211 non
2776 3156 2961 3212 sunt?
3001 3158 3136 3213 Haec
3160 3155 3299 3212 dico
3341 3155 3450 3214 tibi
3485 3172 3562 3214 ex

180 3244 455 3300 humano
483 3243 775 3317 loquendi
788 3243 975 3303 modo
998 3263 1011 3303 :
1036 3262 1176 3320 quae
1198 3263 1341 3305 vero
1355 3247 1636 3306 dicantur
1656 3265 1693 3307 a
1712 3252 1970 3311 Domino
1997 3248 2164 3323 (talia
2191 3252 2398 3306 autem
2423 3250 2567 3303 sunt
2589 3244 2797 3319 qualia
2826 3244 2934 3304 tibi
2966 3245 3359 3318 Evangelium
3399 3261 3560 3304 nun-

181 3332 374 3396 tiabit)
388 3376 402 3401 ,
422 3332 590 3388 haud
609 3332 876 3403 ignoras.

255 3425 310 3476 7.
369 3426 456 3480 Μὴ
511 3423 847 3497 προφασίζου
875 3427 995 3484 τοὺς
1022 3420 1242 3487 παῖδας.
1296 3432 1359 3480 Τί
1384 3429 1606 3502 ὑποτίθη
1638 3428 1794 3506 ἀφορ-

185 3516 290 3587 μήν
348 3511 683 3587 εὖπροσωπον
731 3512 803 3574 εἰς
877 3518 973 3572 τὴν
1031 3514 1293 3588 ἁμαρτίαν
1326 3532 1340 3583 ;
1371 3516 1431 3569 Ὀ
1487 3520 1574 3571 τὸν
1620 3517 1793 3573 παῖδα

186 3604 438 3669 ποιήσας,
506 3606 596 3653 καὶ
672 3605 731 3655 σὶ
792 3601 1053 3660 ἐποίησεν.
1118 3604 1176 3655 Ὀ
1255 3610 1339 3659 σοὶ
1400 3609 1490 3668 τὰς
1558 3611 1792 3685 ἀφορμὰς

186 3694 564 3765 παρεχόμενος,
616 3695 707 3743 καὶ
749 3698 821 3762 τῷ
878 3688 1038 3746 παιδὶ
1091 3694 1305 3769 παρέξει
1347 3698 1442 3758 τὰς
1507 3705 1599 3749 τοῦ
1667 3697 1791 3771 βίον

189 3778 538 3853 διεξαγωγάς.
591 3779 846 3844 Ἕκαστος
892 3790 988 3844 τῆς
1045 3782 1227 3836 ἑαυτοῦ
1269 3784 1405 3847 ζωῆς
1443 3786 1591 3858 λόγον
1632 3782 1793 3841 δώσει

186 3878 258 3941 τῷ
305 3874 501 3946 Κυρίῳ.
555 3874 618 3924 Τί
662 3866 815 3932 οἶδας
864 3876 967 3924 τίνι
1024 3874 1405 3948 θησαυρίζεις;
1446 3897 1473 3925 ‹‹
1518 3880 1794 3952 Θησαυρίο

190 3962 269 4022 ζει
323 3960 455 4032 (16),
507 3964 598 4013 καὶ
641 3959 736 4013 οὐκ
789 3956 902 4013 οἶδε
930 3966 1034 4014 τίνι
1067 3962 1276 4026 συνάξει
1308 3963 1507 4017 αὐτὰ.»
1543 3964 1793 4028 Πολλάκις

188 4050 216 4102 ὀ
272 4056 397 4110 παῖς
457 4047 598 4102 ἐστιν
655 4051 906 4114 ὑπόθεσις
956 4058 1056 4104 τῶν
1109 4053 1590 4128 θησανριζομίνων.
1658 4055 1796 4129 Ἐγέ-

186 4157 301 4193 νετο
332 4136 392 4191 δε
422 4139 451 4198 ἦ
483 4138 681 4212 λῃστοῦ
730 4136 1067 4215 διάρπαγμα,
1120 4141 1150 4201 ἣ
1208 4146 1536 4217 συκοφάντου
1593 4165 1792 4221 παραν-

189 4227 394 4301 άλωμα,
420 4228 450 4287 ἦ
492 4227 751 4299 πολεμίων
776 4228 1196 4303 αἰχμαλώτευμα
1222 4233 1289 4284 τὰ
1341 4235 1441 4285 ὑπὸ
1510 4242 1606 4287 σοῦ
1666 4253 1796 4287 συν-

194 4318 451 4389 αχθέντα,
478 4315 508 4375 ᾖ
536 4315 721 4388 λοιμοῦ
747 4320 863 4389 (l7)
894 4314 1420 4389 ἐγκατασκήψαντος,
1461 4321 1646 4375 Πολλοὶ
1696 4327 1795 4396 γὰρ

192 4405 481 4478 ἀφανισμοὶ
531 4412 622 4457 τοῦ
674 4402 817 4477 βίον.
878 4405 1004 4458 Εἰπέ
1059 4425 1170 4477 μοι·
1225 4408 1308 4460 ὅτε
1336 4412 1480 4481 ᾖτεις
1507 4413 1653 4485 παρὰ
1702 4418 1797 4464 τοῦ

194 4501 326 4551 Θεοῦ
378 4496 497 4554 τοὺς
541 4489 761 4560 παῖδας,
820 4494 903 4547 ὅτε
931 4491 1140 4547 ἐϐούλου
1182 4498 1426 4567 γενέσθαι
1453 4500 1640 4550 τέκνων
1688 4518 1797 4551 πα-

270 4620 319 4655 ³⁰
350 4620 519 4675 Prov.
549 4632 691 4686 xxu,
724 4617 814 4675 28.
891 4619 936 4654 ⁸⁷
971 4618 1146 4677 Prov.
1178 4636 1332 4687 χχιιι,
1378 4625 1464 4678 to.

1969 3434 2026 3487 7.
2046 3427 2289 3484 Liberos
2306 3441 2382 3482 ne
2394 3422 2759 3499 pretendas.
2778 3427 2893 3481 Cur
2909 3423 3248 3497 speciosam
3267 3416 3564 3498 peccandi

1899 3533 2150 3575 causam
2178 3516 2411 3591 profers
2432 3514 2459 3570 ?
2482 3514 2592 3580 Qui
2621 3513 2785 3570 enim
2816 3513 3087 3570 condidit
3116 3513 3398 3584 tilium,te
3416 3530 3566 3588 quo-

1899 3620 2019 3679 que
2039 3603 2330 3660 condidit.
2357 3602 2470 3669 Qui
2496 3600 2605 3657 tibi
2628 3600 2836 3657 tribuit
2866 3600 3029 3657 unde
3052 3600 3318 3658 victitare
3340 3603 3561 3674 possis,

1900 3695 2081 3751 etiam
2104 3693 2226 3749 tilio
2257 3692 2393 3748 vitae
2424 3690 2697 3747 subsidia
2731 3688 3041 3763 praebebit.
3077 3689 3438 3747 Redditurus
3474 3695 3567 3749 est

1901 3800 2025 3841 sua:
2045 3783 2304 3856 quisque
2324 3781 2461 3837 vitae
2482 3780 2779 3837 rationem
2806 3778 3081 3835 Domino.
3109 3782 3264 3836 Num
3286 3779 3446 3837 nosti
3466 3780 3566 3838 cui

1900 3874 2257 3931 thesaurum
2300 3870 2567 3945 pares?“
2608 3868 3011 3930 Thesaurizat,
3063 3874 3121 3925 et
3176 3868 3418 3939 ignorat
3466 3869 3567 3927 cui

1901 3961 2294 4034 congregabit
2327 3960 2479 4018 ea“.
2514 3982 2541 4011 »
2593 3958 2771 4017 Filius
2817 3957 3178 4032 plerumque
3239 3975 3427 4017 causa
3475 3963 3568 4018 est

1903 4051 2381 4125 colligendarum
2410 4065 2619 4123 cpum.
2642 4047 2756 4104 Sed
2778 4064 2914 4121 qua:
2937 4047 3329 4120 coacervasti,
3349 4051 3456 4106 aut
3473 4064 3567 4106 ra-

1902 4147 2007 4218 pta
2027 4146 2166 4200 sunt
2187 4158 2224 4198 a
2244 4140 2553 4215 praedone,
2584 4143 2690 4195 aut
2712 4137 3152 4211 a;sycopbanta
3177 4142 3565 4212 consumpta,

1903 4238 2006 4289 aut
2022 4239 2201 4306 capta
2215 4231 2293 4287 ab
2306 4228 2714 4292 liostibus,aut
2724 4232 2891 4301 peste
2905 4232 3226 4298 grassante
3238 4243 3564 4286 evanuere.

1906 4324 2055 4378 Nam
2114 4319 2312 4377 modis
2364 4317 2569 4374 multis
2611 4317 2855 4374 evolant
2889 4333 2921 4373 e
2957 4322 3287 4391 conspectu
3318 4316 3564 4375 divitiaa.

1903 4410 2027 4477 Dic,
2045 4425 2275 4482 quaeso,
2300 4424 2439 4464 cum
2466 4412 2694 4479 peteres
2716 4422 2761 4463 a'
2783 4410 2904 4464 Deo
2944 4406 3336 4475 liberos,oum
3387 4423 3570 4481 cupe-

1902 4514 2000 4555 res
2044 4498 2310 4555 ﬁliorum
2336 4501 2510 4571 pater
2555 4494 2888 4563 ﬁeri;num
2916 4495 3033 4553 hoc
3071 4494 3358 4571 precibus
3399 4494 3570 4554 addi-

1542 4622 1590 4658 ³⁸
1623 4621 1783 4680 Psal.
1815 4639 2054 4691 xxxvnr,
2084 4629 2140 4684 7.

270 4797 384 4880 (12)
406 4799 569 4880 unus
592 4796 785 4880 codex
800 4797 970 4880 polb.
995 4801 1340 4880 θησαύρισον.
1386 4800 1613 4880 Ibidem
1652 4804 1794 4880 Reg.

1911 4806 2073 4880 νοίας,
2104 4816 2215 4873 per
2232 4798 2727 4880 benevolentiam.
2759 4800 2831 4880 At
2858 4800 3026 4880 Begu
3065 4797 3272 4856 tertius
3322 4798 3569 4872 optimm

194 4869 728 4946 priplusﬂneaupev
757 4869 1015 4946 οὐράνιον,
1048 4869 1405 4946 thesaurum
1458 4869 1799 4930 caelestem}

199 4938 312 4998 sed
341 4940 403 4995 in
434 4938 619 5013 hujus
637 4938 775 4997 libri
809 4938 916 4998 ora
945 4942 1163 5013 legitur
1182 4950 1407 4998 αἰώνιον.

272 5015 382 5082 (t3)
416 5012 607 5084 Editio
626 5016 878 5084 utraque
899 5015 929 5071 ἡ
964 5012 1216 5071 εὐσέϐεια.
1243 5014 1540 5072 Articulus
1562 5015 1623 5071 in
1649 5020 1807 5072 vete-

198 5083 369 5141 ribus
389 5082 662 5155 quinque
683 5082 850 5155 libris
862 5084 1260 5143 desideratur.
1280 5087 1450 5153 Quod
1468 5093 1669 5143 autem
1688 5088 1805 5144 hoc

198 5155 337 5233 loco
358 5151 440 5211 ait
462 5151 886 5233 Comlieﬁsius,
906 5156 1243 5233 vderi_pos_t_
1260 5151 1480 5233 nomen
1511 5162 1805 5233 χρημάτων

202 5225 416 5307 deesse
440 5241 651 5307 vocem
668 5225 1290 5307 apostaértpoaidmihi
1310 5245 1431 5307 non
1447 5225 1808 5307 par'um'pla-

204 5302 384 5365 ceret,
415 5298 464 5352 si
486 5296 1015 5368 huicic6nje'cturae
1049 5300 1140 5355 vel
1171 5316 1329 5357 unus
1357 5296 1507 5358 liber
1535 5296 1709 5357 vetus
1722 5301 1809 5357 fa-

203 5367 501 5447 ver‘etzsed
520 5367 758 5447 nullum
776 5367 922 5447 ejus
953 5369 1117 5447 vocis
1136 5372 1549 5447 vestigiumin
1588 5375 1811 5447 nostris

207 5435 518 5494 codicibus
570 5442 783 5496 exstat.
820 5435 1119 5497 'Fortasse
1174 5435 1570 5500 νοίεύσὲϐεια
1598 5443 1684 5501 ita
1712 5442 1810 5500 hic

206 5507 562 5590 accipienda
586 5517 696 5581 est,
725 5515 789 5566 ut
798 5510 978 5590 pium
1006 5512 1353 5590 divitiarum
1383 5515 1811 5590 usum‘signiﬁ‘

205 5585 320 5637 cet.
340 5579 584 5636 ibidem
606 5579 755 5638 mas.
777 5579 903 5639 duo
928 5584 1226 5641 κατάλειπε.
1250 5586 1405 5644 Editi
1427 5579 1701 5644 καταλιτᾶ.

277 5652 392 5724 (lli)
451 5652 685 5709 Veteres
739 5652 976 5727 aliquot
1024 5654 1160 5714 libri
1206 5663 1266 5716 et
1312 5658 1455 5717 editi
1486 5655 1583 5713 διὰ
1608 5667 1703 5722 τῆς
1734 5658 1813 5712 εὖο

493 5742 735 5798 Puncta
763 5744 866 5800 Gn.
893 5743 1077 5804 XXXI.

1913 4870 2125 4944 codex,
2150 4874 2246 4944 cui
2266 4872 2423 4928 favet
2440 4873 2581 4944 Reg.
2597 4870 2899 4944 secundus
2915 4870 3132 4927 eadem
3159 4886 3350 4928 manu
3368 4870 3573 4944 emen-

1913 4942 2116 5008 datus,
2143 4943 2236 4998 ὁδιά
2264 4953 2360 5007 τῆς
2403 4942 2657 5009 εὐποιίας,
2683 4957 2796 5011 per
2827 4943 3294 5010 beneﬁcentiam,
3325 4942 3569 5000 rectius.

1917 5018 1984 5090 Et
2009 5017 2090 5090 ita
2109 5032 2357 5090 quoque
2379 5013 2565 5090 paulo
2578 5020 2715 5087 post
2734 5014 3270 5090 legi_oport_et._Mox
3286 5014 3428 5070 editi
3448 5018 3571 5067 κατ-

1917 5084 2399 5166 αλείςιθηξγθίξΐεξ
2428 5084 2701 5166 quinque
2728 5085 2883 5166 libri
2900 5084 3251 5166 κατολείψε-ις.

1993 5152 2105 5230 tu)
2135 5160 2238 5238 llic
2264 5159 2323 5215 in
2354 5152 2725 5238 Begzprimo
2773 5152 3575 5238 legitur_d:uv’1;Oéiro;_dial:-

1920 5225 2097 5292 θῆναιξ
2117 5231 2405 5301 diffundi.
2439 5225 2551 5284 Alii
2582 5244 2724 5284 mss.
2756 5225 2895 5283 cuin
2922 5228 3098 5284 editis
3121 5225 3501 5302 διαδεχθῆναί.

1989 5303 2105 5383 (1.6)
2165 5302 2722 5383 Εάᾼὶῑί,θησαυρίζειἸ
2766 5303 2945 5383 φησι,
2978 5304 3088 5383 ααί·
3164 5301 3577 5383 sed’yerbum

1919 5369 2051 5447 φησί
2080 5369 2139 5430 in
2161 5372 2465 5447 veteribus
2489 5369 2657 5427 libris
2687 5369 2887 5447 deest:
2907 5371 3135 5427 Ibidem
3169 5371 3315 5429 editi
3341 5372 3577 5444 συνάγει.

1919 5442 1987 5500 λι
2008 5461 2154 5517 mss.
2186 5444 2457 5517 plerique
2483 5457 2697 5517 omnes
2725 5442 2952 5517 συνάξει.

1995 5512 2234 5588 (mPr‘o
2263 5512 2447 5588 λοιμοῦ
2477 5514 2695 5585 legitur
2731 5512 2794 5574 in
2824 5513 2992 5575 Colb.
3046 5514 3216 5573 tertio
3269 5514 3426 5590 λιμοῦ
3473 5520 3582 5574 aut

1915 5586 2083 5658 fame
2102 5586 2441 5661 grassante.

3220 5750 3293 5805 46
