3978 6322
1284 328 3389 344 m

486 344 3388 373 rm“?—

158 446 1154 631 FLAVIUS
1260 463 2137 630 LUCIUS
2261 465 3283 631 DEXTER
3316 463 3407 625 a.

513 841 1056 925 EPISTOLA
1132 836 1890 913 DEDICATOBIA
1962 838 2390 914 BlVABlI
2461 838 2996 924 EDITOBIS.

988 725 2574 770 ψ

151 1066 476 1125 lllustrissimo
498 1084 562 1124 ac
589 1067 1035 1126 Reverendissimo
1062 1065 1287 1122 Domino
1309 1064 1379 1119 D.
1414 1063 1644 1119 Gabrieti
1664 1063 1728 1119 de
1754 1062 1907 1118 Treio
1936 1064 1999 1120 S.
2029 1062 2097 1119 li.
2132 1062 2201 1122 E.
2229 1061 2507 1139 Cardinali
2519 1066 2846 1138 amplissimo
2873 1068 2973 1127 Fr.
3006 1069 3321 1129 Franciscus
3350 1074 3417 1131 de

1184 1155 1344 1212 Bivar
1366 1156 1429 1213 S.
1456 1155 1717 1211 Bernardi
1748 1153 2076 1210 Procurator
2101 1154 2167 1212 S.
2193 1164 2241 1211 et
2263 1153 2331 1209 Ρ.
3118 1161 3127 1169 ‘

217 1275 407 1349 Magnis
432 1293 624 1349 magna
652 1273 900 1331 donanda
923 1290 1031 1330 esse
1054 1288 1301 1343 munera,
1333 1287 1461 1343 quos
1491 1270 1735 1325 nimirum
1768 1269 1969 1326 minora
1999 1285 2101 1327 non
2129 1272 2373 1341 deceant,
2400 1273 2543 1347 apud
2573 1290 2750 1331 omnes
2775 1276 2829 1331 in
2855 1286 3119 1349 comperto
3149 1288 3223 1335 est
3247 1294 3266 1336 :
3290 1294 3413 1335 nam

149 1388 232 1444 quo
254 1374 413 1445 major
440 1371 555 1442 quis
581 1380 690 1439 est,
718 1371 773 1426 in
798 1368 1122 1426 eminentiori
1160 1367 1276 1422 loco
1314 1366 1516 1437 positus
1557 1364 1622 1420 de.
1659 1366 1885 1419 minimis
1927 1364 2098 1420 minus
2124 1376 2292 1421 curat.
2334 1365 2440 1423 Ceu
2482 1369 2572 1440 qui
2602 1368 2655 1423 in
2694 1378 2888 1425 terram
2922 1373 2988 1427 ab
3023 1374 3133 1429 alta
3160 1375 3414 1447 prospicit

150 1475 296 1535 turre,
321 1465 570 1536 inferiora
611 1464 860 1534 despiciat
896 1477 1157 1518 necessum
1183 1469 1258 1515 est
1291 1475 1309 1514 ε
1341 1468 1515 1531 utpote
1533 1473 1651 1530 qum
1678 1458 1968 1513 discernere
1997 1474 2126 1529 pene
2163 1469 2399 1531 nequeat.
2436 1460 2552 1516 Tibi
2574 1479 2695 1535 ergo
2713 1506 2728 1529 ,
2757 1465 3088 1536 Amplissime
3114 1466 3370 1542 Princeps
3390 1510 3408 1537 ,

149 1559 224 1629 qui
250 1559 315 1613 ad
350 1560 603 1615 excelsum
632 1560 749 1615 creti
786 1558 1051 1613 cardinem
1088 1556 1265 1622 sedes,
1303 1554 1469 1609 altera
1505 1569 1570 1608 ea:
1613 1552 1911 1609 matricibus
1952 1552 2305 1626 intelligentiis
2340 1558 2505 1626 facto,
2547 1572 2770 1626 quarum
2812 1568 2941 1613 nutu
2976 1561 3244 1616 universus
3273 1562 3414 1619 orbis

145 1646 442 1706 Christianus
468 1652 873 1723 circumquaque
912 1650 1137 1723 regitur,
1180 1663 1505 1719 nequaquam
1536 1646 1906 1700 munusculum
1938 1654 2045 1699 tam
2086 1646 2333 1716 exiguum
2369 1648 2668 1703 donandum
2700 1651 2903 1721 fuerat,
2936 1651 3091 1723 quale
3118 1651 3416 1709 Chronicon

147 1747 372 1816 ejusmodi
390 1747 568 1803 multis
589 1746 861 1802 videbitur.
887 1745 1138 1801 Caterum
1156 1743 1202 1799 si
1226 1759 1306 1798 res
1332 1757 1434 1796 non
1455 1740 1838 1812 magnitudine,
1871 1740 1961 1794 sed
1987 1740 2151 1810 pretio
2178 1739 2499 1803 aestimanda:
2520 1751 2671 1813 sunt,
2703 1760 2985 1816 numquam
3016 1745 3212 1801 adduci
3237 1756 3415 1820 potero

145 1845 191 1891 ut
209 1840 366 1909 fatear
390 1838 685 1895 Chronicon
717 1838 899 1895 Dextri
931 1838 1077 1908 parvi
1114 1834 1406 1889 habendum
1448 1850 1556 1889 esse
1577 1878 1592 1903 ,
1626 1834 1769 1905 quod
1790 1832 2050 1888 volumine
2075 1833 2321 1904 exiguum
2355 1834 2505 1888 valde
2536 1835 2638 1900 sit,
2672 1837 3091 1908 quandoquidem
3126 1840 3195 1893 ad
3214 1842 3417 1912 justam

142 1932 354 1988 libratum
381 1944 626 1989 stateram
666 1935 895 2005 pondere
932 1950 1029 1989 suo
1060 1933 1325 2004 multaque
1353 1930 1588 2003 ingentia
1624 1928 1889 1983 columina
1927 1934 2175 1999 superat,
2220 1943 2335 1997 qua:
2364 1926 2427 1981 de
2454 1943 2511 1983 re
2544 1927 3180 1987 hactenusecclesiustica
3212 1934 3413 2004 scripta

140 2035 262 2080 sunt.
287 2025 474 2084 Nescio
500 2046 569 2083 an
593 2030 935 2102 margaritum
955 2028 1215 2103 egregium
1232 2068 1248 2092 ,
1274 2027 1399 2081 unio
1419 2067 1434 2091 ,
1463 2042 1550 2080 seu
1574 2024 1791 2078 adamas
1809 2024 1933 2095 jure
1956 2022 2132 2077 vocari
2160 2030 2348 2094 queat,
2387 2021 2661 2095 plusquam
2694 2025 2860 2080 codex
2874 2042 2894 2092 ;
2918 2025 3020 2082 nisi
3041 2029 3158 2098 quis
3181 2027 3416 2083 libellum

143 2131 333 2170 aureum
356 2128 650 2187 nuncupet,
687 2121 960 2193 peregrina
997 2119 1191 2191 ingenii
1218 2127 1331 2172 arte
1364 2115 1703 2171 elaboratum.
1733 2115 1863 2183 Qua
1899 2130 2119 2183 namque
2148 2114 2485 2169 historiarum
2526 2125 2629 2170 tam
2657 2117 2938 2173 recondita!
2967 2119 3162 2176 divitia:
3194 2138 3415 2192 usquam

136 2207 285 2279 fuere,
308 2226 425 2283 qua
450 2228 483 2266 a
512 2209 710 2268 Dextro
735 2214 1101 2284 prcetermissa:
1122 2211 1264 2266 sint?
1291 2209 1647 2265 Romanorum
1680 2206 1987 2280 pontiﬁcum
2015 2206 2367 2261 successiones
2390 2249 2405 2273 ,
2445 2208 2816 2280 imperatorum
2842 2212 3109 2283 facinora,
3147 2216 3413 2286 exstirpa-

146 2301 284 2357 tiones
308 2302 597 2372 haresum,
622 2306 962 2360 conciliorum
992 2312 1179 2359 exacta
1208 2301 1491 2368 discussio,
1529 2298 1813 2354 Doctorum
1844 2299 2043 2369 scripta
2061 2339 2076 2364 ,
2118 2297 2403 2352 eversiones
2435 2315 2714 2373 regnorum
2738 2342 2754 2368 ,
2784 2304 3211 2360 monarchiarum
3240 2316 3412 2363 trans.

141 2393 457 2461 mutationes,
487 2410 605 2465 qua
633 2413 664 2448 a
690 2406 812 2450 nato
837 2393 1066 2450 Domino
1100 2395 1169 2450 ad
1223 2403 1437 2449 mortem
1478 2411 1638 2465 usque
1672 2394 1902 2449 auctoris
1942 2403 2048 2449 toto
2081 2392 2203 2448 orbe
2240 2394 2488 2466 fuerunt,
2528 2405 2632 2449 tam
2663 2393 2928 2451 luculento
2955 2414 3111 2468 quam
3139 2402 3403 2457 succincto

138 2483 251 2553 style
270 2485 654 2557 complectitur.
685 2484 887 2541 Parum
916 2485 1021 2541 hoc
1047 2503 1068 2543 :
1099 2486 1239 2541 orbis
1267 2487 1433 2558 ipsius
1474 2484 1819 2557 apostolicam
1859 2485 2165 2541 divisionem
2186 2527 2202 2552 ,
2233 2488 2674 2559 peragrationem,
2709 2491 3162 2561 prwdicationem,
3199 2510 3411 2552 convcr-

136 2577 337 2644 sionem,
383 2581 811 2652 patriarcharum
868 2590 1020 2653 atque
1052 2580 1427 2655 episcopalinm
1477 2581 1680 2636 sedium
1729 2581 1948 2647 miram,
1993 2581 2295 2653 variamque
2339 2580 2731 2651 fundationem,
2786 2595 3077 2656 martyrum
3125 2586 3404 2656 victorias,

132 2670 462 2742 confessorum
485 2672 779 2747 triumphos
796 2718 812 2744 ,
841 2685 888 2730 et
910 2675 967 2730 id
992 2692 1156 2747 genus
1178 2676 1286 2730 alia
1308 2675 1421 2731 sine
1451 2688 1693 2742 numero,
1724 2690 1830 2728 una
1851 2690 1979 2745 pene
2006 2675 2198 2748 pagina
2227 2675 2477 2747 penicillo
2505 2675 2603 2730 leri
2626 2676 2883 2750 depingit.
2917 2679 3070 2747 Quod
3089 2680 3159 2736 ad
3184 2684 3410 2753 patriam

139 2778 263 2817 sum
283 2764 654 2822 illustrandum
694 2776 891 2838 spectat
919 2768 1209 2841 (Hispania
1236 2770 1351 2825 htec
1384 2768 1543 2840 fuit),
1572 2769 1751 2823 erectis
1778 2783 1869 2839 per
1898 2768 2138 2842 singulas
2172 2769 2405 2825 civitates
2428 2780 2717 2842 martyrum
2735 2816 2749 2840 ,
2783 2782 2832 2827 et
2864 2774 3148 2830 illustrium
3175 2778 3406 2833 virorum

125 2860 306 2927 trapcis
325 2899 341 2923 ,
372 2860 540 2915 multo
564 2878 721 2932 quant
751 2862 923 2917 cceteri
951 2863 1291 2935 locupletius,
1322 2862 1557 2919 reddidit
1585 2863 1945 2917 illustriorem.
1974 2863 2091 2928 Qua
2110 2860 2165 2916 in
2185 2878 2240 2916 re
2268 2863 2368 2917 soli
2397 2878 2525 2931 pene
2551 2862 2746 2919 Dextro
2776 2866 2920 2921 debet
2953 2867 3236 2938 Hispania,
3265 2873 3408 2943 quod

131 2948 214 3003 sibi
248 2955 433 3007 multos
468 2953 737 3027 egregios,
775 2955 1226 3026 sanctissimosque
1264 2954 1390 3021 fidei
1435 2971 1543 3010 sua:
1570 2965 1809 3027 parentes
1855 2954 2162 3020 vindicavit,
2202 2970 2332 3026 quos
2367 2953 2642 3009 oblivionis
2685 2972 2871 3024 parens
2897 2967 3097 3029 tempus
3136 2962 3200 3015 ab
3229 2964 3399 3035 ipsius

130 3056 305 3099 corona
322 3044 621 3114 reciderat,
651 3064 842 3121 magna
872 3066 989 3104 cum
1016 3049 1227 3104 honoris
1254 3049 1370 3120 ejus
1400 3052 1634 3122 jactura.
1660 3045 1879 3101 Minime
1908 3047 2068 3118 igitur
2088 3046 2233 3116 parvi
2258 3046 2408 3115 pretii
2439 3046 2752 3102 credendum
2774 3059 2848 3103 est
2875 3051 3135 3122 ejusmodi
3155 3053 3349 3108 donum
3382 3070 3403 3109 :

131 3144 174 3189 et
200 3152 256 3191 ea
278 3149 490 3210 propter
521 3139 906 3212 Hagnitudinis
935 3152 1039 3198 tua:
1064 3159 1168 3197 non
1211 3142 1505 3215 indignum.
1537 3138 1651 3211 Ego
1687 3148 1735 3195 et
1770 3138 1996 3193 debitum
2032 3148 2188 3207 puto,
2232 3155 2351 3193 cum
2390 3141 2692 3195 meritorunt
2733 3142 3045 3215 exigentiam
3092 3162 3186 3201 seu
3222 3164 3410 3202 conso-

122 3235 335 3290 nantiam
356 3236 607 3291 discutio.
631 3235 846 3291 Clarum
866 3235 1121 3307 siquidem
1144 3235 1287 3307 apud
1311 3234 1594 3300 surculum,
1625 3242 1679 3289 ct
1704 3231 1906 3287 Christi
1931 3231 2054 3287 ﬁdei
2076 3231 2318 3287 deditum
2343 3232 2699 3306 Hieronymus
2725 3237 2923 3291 vocavit
2953 3247 3215 3296 auctorem
3243 3240 3408 3307 hunc,

116 3332 272 3393 utpote
291 3328 381 3399 qui
399 3327 663 3400 sanguine
677 3327 862 3382 nobilis
878 3369 894 3395 ,
923 3328 1079 3382 claris
1099 3344 1306 3400 quoque
1329 3327 1649 3401 prwfectura:
1671 3326 2000 3396 praetoriana:
2025 3325 2383 3397 [unctionibus
2400 3369 2415 3395 ,
2445 3341 2506 3380 ac
2524 3327 2751 3398 propriis
2781 3329 3100 3399 facinoribus
3133 3334 3352 3389 cinxerit
3381 3350 3402 3391 :

119 3415 309 3490 insuper
359 3420 602 3494 inclytus
636 3422 760 3493 ﬁdei
807 3420 1122 3478 Christiana:
1170 3428 1562 3494 prapugnator,
1590 3428 1639 3473 ct
1679 3421 1873 3490 scripto
1913 3426 1964 3473 et
1991 3434 2145 3489 opere
2185 3417 2423 3485 effectus.
2457 3415 2529 3473 Te
2560 3434 2678 3475 vero
2723 3422 2867 3492 apud
2907 3423 3158 3479 steculum
3200 3426 3400 3482 clarum

113 3512 261 3565 sciunt
290 3529 495 3585 otnnes,
535 3515 643 3570 sive
678 3515 961 3570 notissima:
999 3512 1289 3570 nobilitatis
1316 3512 1642 3586 progeniem,
1684 3511 1788 3565 sive
1830 3510 2267 3581 archiepiscopale
2309 3508 2451 3580 apud
2490 3508 2851 3566 Salmantinos
2898 3513 3210 3585 collegium,
3242 3519 3397 3589 cujus

113 3602 331 3661 alumnus
359 3607 551 3678 fuisti,
572 3609 679 3662 sive
706 3607 968 3679 publicum
1003 3605 1323 3682 Vesperarice
1343 3604 1604 3660 cathedra:
1626 3612 1939 3657 rectoratum
1959 3602 2398 3675 jurisprudentite
2416 3602 2471 3656 in
2499 3602 2696 3675 inclyta
2720 3604 2819 3659 illa
2838 3608 3104 3662 academia
3132 3610 3362 3680 gloriose
3384 3657 3401 3681 ,

109 3711 177 3751 me
225 3700 455 3769 sidente,
490 3701 791 3769 obtentum,
816 3701 879 3757 ob
919 3701 1096 3757 oculos
1135 3702 1321 3773 feram.
1368 3697 1503 3754 Inde
1539 3696 1745 3753 deditus
1779 3693 1973 3750 Christi
2009 3695 2170 3765 fidei,
2202 3692 2507 3748 militarium
2543 3695 2854 3767 religionum
2895 3698 3029 3753 alter
3073 3716 3103 3755 e
3141 3701 3405 3773 regalibus

105 3789 282 3860 iudex,
313 3796 368 3849 in
395 3793 521 3849 albo
546 3795 739 3850 nobilis
765 3794 1063 3850 Alcantarc
1088 3796 1316 3867 equitum
1345 3793 1600 3865 ascriptus
1630 3807 1682 3845 es
1699 3834 1714 3859 ,
1745 3799 1795 3845 et
1822 3789 1945 3860 ﬁdei
1965 3788 2191 3862 supremi
2216 3787 2491 3842 tribunalis
2523 3796 2630 3842 tota
2658 3786 2925 3862 Hispania
2946 3808 3126 3848 censor
3153 3793 3345 3851 electus
3376 3814 3400 3853 :

105 3894 160 3936 ac
190 3886 387 3942 tandem
431 3888 504 3943 ad
534 3885 786 3943 altissimi
812 3888 1043 3943 cardinis
1085 3887 1308 3958 gloriam
1348 3886 1542 3939 meritis
1586 3882 1912 3956 exigentibus
1947 3880 2274 3949 sublevatus;
2309 3881 2445 3936 unde
2484 3889 2532 3936 et
2560 3881 2744 3948 verba,
2777 3893 2828 3938 et
2864 3886 3061 3956 scripto
3087 3896 3225 3943 totus
3272 3889 3402 3959 ﬁdei

102 3972 309 4044 deditus,
331 3976 665 4046 Ecclesium,
689 3995 1025 4051 propugnare
1053 3978 1224 4033 dicant
1242 4021 1257 4042 ,
1286 3993 1355 4032 an
1379 3973 1693 4029 illustrare?
1717 3983 1995 4042 utrumque
2017 3988 2227 4041 prorsus
2255 3972 2447 4042 efﬁcere
2467 3987 2574 4025 non
2601 3987 2792 4027 cessas.
2817 3970 3041 4029 Debetur
3062 3976 3153 4030 tibi
3182 3978 3403 4048 proinde

117 4066 278 4126 Dextri
304 4072 610 4130 Chronicon
637 4085 860 4146 utroque
887 4073 1077 4140 titulo;
1105 4082 1153 4127 et
1181 4070 1322 4144 quod
1361 4068 1603 4141 Hispano
1644 4066 1948 4139 Hispanus,
1980 4075 2028 4120 et
2072 4064 2222 4119 docto
2266 4064 2448 4118 doctus
2484 4065 2762 4120 donandus
2789 4080 2936 4134 erat;
2966 4076 3014 4121 et
3055 4070 3326 4129 thesaurus
3351 4075 3404 4129 ei

99 4160 210 4231 soli,
232 4166 321 4236 qui
346 4166 587 4223 valerem
614 4182 708 4237 pro
732 4167 932 4222 meritis
961 4167 1221 4221 cstimare
1250 4163 1457 4219 valebit.
1484 4159 1553 4216 Et
1588 4163 1717 4233 jure
1740 4158 1797 4212 id
1822 4158 1920 4213 sibi
1945 4157 2136 4211 Dexter
2164 4155 2495 4221 vindicabat,
2528 4156 2618 4223 qui
2630 4158 2749 4226 jam
2776 4157 2901 4213 olim
2933 4159 2994 4216 S.
3021 4160 3093 4216 R.
3121 4162 3190 4219 E.
3223 4167 3399 4222 cardi-

103 4254 192 4309 κριιὶ
229 4260 533 4331 presbytero
566 4275 699 4330 opus
740 4257 1059 4313 consecravit
1103 4271 1285 4321 suum,
1332 4254 1388 4308 id
1418 4263 1525 4320 est,
1557 4249 1902 4322 Hieronymo.
1943 4245 2079 4301 Mihi
2118 4259 2235 4301 vero
2276 4244 2402 4299 dum
2441 4244 2613 4315 ipsum
2660 4243 3058 4303 Commentariis
3099 4268 3243 4308 nocte
3287 4255 3396 4311 luci

96 4346 359 4419 redditum,
389 4350 491 4405 tibi
520 4349 591 4406 S.
616 4348 684 4404 Β.
712 4347 780 4403 Ε.
817 4349 1009 4418 pariter
1034 4347 1296 4403 cardinali
1323 4346 1616 4416 presbytero
1644 4344 1829 4398 iterum
1857 4355 2100 4396 consecro
2119 4381 2135 4407 ,
2162 4337 2298 4393 illud
2323 4338 2686 4393 verecundiam
2720 4340 2906 4412 ingerit
2935 4357 3210 4415 magnam,
3253 4350 3395 4415 quod

96 4436 148 4489 ob
164 4453 367 4512 unoque
393 4443 560 4513 longo
589 4439 866 4495 intervallo
885 4456 964 4494 me
983 4439 1173 4495 distare
1202 4438 1517 4509 conspiciant
1540 4452 1561 4493 .°
1581 4443 1627 4491 et
1651 4435 1766 4490 ideo
1787 4435 1954 4489 minus
1978 4441 2155 4506 aptum
2180 4475 2195 4501 ,
2224 4440 2280 4485 ut
2308 4429 2557 4486 Dextrum
2581 4434 2745 4488 virum
2768 4450 3012 4507 magnum
3033 4434 3394 4508 Magnitudini

95 4532 178 4581 tua
199 4532 519 4605 conjungam
549 4546 570 4585 :
605 4544 881 4600 vereorque
913 4546 976 4584 ne
1006 4546 1192 4583 munus
1223 4528 1394 4583 minus
1424 4535 1634 4598 gratum
1669 4527 1767 4594 sit,
1806 4523 1946 4597 quod
1975 4524 2039 4578 ab
2088 4521 2304 4594 indigno
2345 4522 2595 4579 oblatum.
2637 4523 2870 4582 Prtebuit
2916 4525 3254 4586 nihilominus
3298 4541 3391 4591 tua

99 4616 353 4692 benignitas
388 4640 627 4690 ausum;
668 4638 762 4677 nec
790 4622 848 4677 id
874 4621 1173 4688 insolitum,
1206 4639 1320 4677 cum
1360 4630 1551 4676 natura
1588 4620 1701 4693 ipsa
1731 4636 1920 4692 magna
1957 4632 2177 4688 corpora
2213 4615 2489 4671 insectibili
2524 4620 2811 4685 quantitate
2847 4625 3160 4695 conjungat,
3204 4623 3260 4678 id
3286 4637 3385 4698 est,

95 4707 371 4770 ἕκάίυὲιὲιὲιὶ
395 4714 694 4786 superﬁcie
720 4731 738 4768 :
769 4714 973 4786 qualem
1003 4731 1097 4786 ego
1135 4713 1344 4785 judico,
1367 4712 1788 4781 qualemcumque
1826 4711 1882 4765 in
1909 4708 2221 4764 elucidando
2251 4708 2444 4765 Dextro
2473 4708 2704 4766 laborem
2738 4714 3032 4787 insumpsi;
3058 4732 3208 4788 quem
3248 4734 3390 4777 nunc
3475 4732 3479 4735 '

93 4801 168 4854 ub
206 4803 385 4861 Dextri
406 4806 588 4878 ipsius
620 4794 804 4859 umbra
830 4804 921 4858 tibi
946 4802 1141 4872 offero,
1163 4803 1252 4875 qui
1298 4804 1448 4875 quasi
1478 4802 1829 4873 defensorem,
1860 4810 1908 4855 et
1937 4809 2274 4871 protectorem
2321 4801 2370 4855 ei
2408 4817 2676 4871 quwrens,
2720 4804 2790 4857 ad
2814 4806 2969 4878 pedes
2996 4817 3110 4862 tuos
3141 4812 3385 4869 accedere

94 4893 259 4952 veritus
281 4914 383 4953 non
412 4914 538 4953 sum
571 4914 595 4953 :
625 4903 806 4967 utpote
831 4896 888 4950 in
925 4912 1026 4966 quo
1052 4906 1100 4950 et
1130 4896 1315 4950 turrim
1342 4893 1660 4967 defensionis
1686 4899 1868 4947 contra
1910 4895 2100 4964 fluctus
2128 4892 2580 4962 adversariorum,
2609 4912 2765 4967 quam
2791 4897 2844 4951 in
2880 4902 3041 4955 armis
3068 4911 3268 4973 gestas,
3297 4908 3381 4963 in-

95 4986 249 5051 reuio;
272 4997 320 5041 et
348 4988 509 5042 lunas
531 4985 883 5043 circumcirca
913 4984 1157 5040 ordinata
1187 4984 1296 5039 acie
1321 4983 1660 5050 dimicantes;
1688 4982 1839 5053 quasi
1858 4982 1923 5036 de
1948 4983 2022 5038 eis
2044 4982 2240 5037 dictum
2262 4985 2453 5054 fuerit:
2474 4983 2661 5041 Stellae
2691 4987 2760 5042 de
2785 4988 2927 5045 cmlo
2952 4990 3006 5069 in
3031 4992 3225 5052 ordine
3245 5011 3346 5055 suo
3362 5041 3379 5069 ,

95 5073 326 5133 adversus
376 5078 641 5136 Sisaram
692 5074 1296 5147 dimicabant(.lud.v,
1343 5074 1461 5147 20).
1506 5074 1620 5142 Quo
1668 5075 1784 5131 loco
1828 5075 1965 5130 illud
2007 5074 2220 5133 Senecce
2269 5093 2365 5149 pro
2414 5081 2799 5152 opportunitate
2846 5084 2974 5139 mihi
3020 5103 3252 5159 usurpo,
3308 5096 3380 5149 ad

95 5164 326 5226 Lucillum
350 5171 642 5228 scribentis
669 5187 690 5226 :
721 5170 991 5227 Cmterum
1036 5170 1180 5242 quod
1206 5170 1645 5227 Commentarios
1684 5184 1837 5225 meos
1868 5168 1962 5225 tibi
2005 5169 2147 5225 mitti
2177 5170 2483 5240 permittis,
2517 5172 2874 5244 indulgentia:
2903 5178 3019 5234 scio
3046 5179 3191 5238 istud
3222 5198 3377 5257 esse,

99 5276 187 5321 non
208 5266 395 5337 iudicii
429 5284 447 5323 :
476 5275 541 5324 et
566 5265 618 5322 si
648 5263 818 5322 modo
842 5264 1029 5335 judicii
1073 5273 1190 5333 est,
1218 5264 1550 5337 indulgentia
1583 5262 1682 5318 tibi
1708 5263 1986 5334 imposuit.
2016 5260 2125 5319 Sed
2168 5262 2596 5337 qualescumque
2626 5276 2785 5341 sunt,
2818 5277 2875 5326 tu
2904 5271 3029 5329 illos
3058 5275 3138 5331 sic
3164 5276 3333 5350 legito
3356 5323 3374 5351 ,

93 5364 334 5430 umquam
366 5374 576 5417 verum
603 5373 851 5427 quaram
882 5357 1094 5424 adhuc,
1126 5373 1237 5414 non
1269 5360 1471 5428 sciam,
1501 5365 1557 5414 et
1584 5356 1980 5415 contumaciter
2006 5371 2272 5427 quaeram.
2305 5358 2424 5416 Non
2454 5361 2603 5417 enim
2635 5377 2723 5418 me
2749 5364 3002 5437 cuiquam
3036 5373 3335 5444 mancipavi
3363 5420 3380 5445 ,

97 5452 269 5509 nullius
297 5469 504 5511 nomen
554 5451 712 5523 fero,
743 5451 1040 5508 multorum
1080 5467 1403 5526 magnorum
1440 5452 1650 5523 judicio
1687 5450 1855 5507 credo
1900 5468 1915 5505 :
1959 5450 2161 5524 aliquid
2193 5462 2249 5510 et
2279 5469 2402 5510 meo
2424 5455 2663 5513 vindico.
2694 5457 2826 5515 Nam
2877 5461 2955 5517 illi
3001 5478 3223 5538 quoque
3269 5487 3377 5527 non

94 5542 279 5604 inventa
309 5592 326 5618 ,
350 5549 459 5606 sed
484 5546 801 5620 qumrenda
824 5546 981 5603 nobis
1008 5546 1353 5619 reliquerunt
1379 5546 1588 5620 (Senec.
1617 5545 1765 5618 epist.
1798 5542 1919 5617 45).
1960 5542 2091 5601 Vale
2116 5588 2132 5614 ,
2174 5544 2429 5621 Princeps
2456 5546 2841 5611 lllustrissime.
2868 5553 3054 5613 Romae
3092 5576 3156 5615 ex
3181 5563 3382 5621 aedibus

89 5633 136 5695 3.
160 5637 436 5710 chardi,
472 5640 548 5698 21
588 5638 910 5711 Septembris
944 5640 1072 5695 anni
1096 5637 1258 5697 1624.

133 5801 477 5883 ignauiam
518 5799 797 5883 efﬁgie:
968 5800 1156 5883 periri
1171 5804 1373 5883 nomine
1408 5800 1717 5866 evulgatum,
1759 5800 2013 5869 spuritatis
2047 5813 2146 5855 una
2178 5814 2301 5858 voce
2342 5808 2556 5870 arguunt
2598 5810 2777 5860 nostra
2809 5810 2983 5883 petatis
3014 5810 3342 5879 bibliographt
3367 5855 3383 5883 ,

89 5856 485 5922 inita-cuidam
517 5878 611 5916 xu
635 5864 800 5914 saeculi
824 5865 943 5915 illud
968 5866 1330 5918 adscribentes.
1524 5856 1552 5866 ⁷
1594 5856 1599 5857 ί
1701 5856 1715 5866 ’
1788 5856 1802 5869 ³
2284 5856 2294 5858 ἡ
2347 5856 2354 5858 ⁷
2396 5856 2447 5870 ’ν
2478 5856 2507 5857 ﬂ
2543 5856 2555 5859 ⁷
2809 5856 2948 5923 lini-1:;

407 5949 712 6013 Ps'rnou.
758 5944 1001 6009 XXXI.
2784 5952 2819 6015 ί
