3978 6314
529 232 593 288 ιι
1471 216 1773 277 FLAVIUS
1810 218 2058 276 LUCIUS
2098 215 2379 305 DEXTER
2420 217 2947 277 CllRONOLCGUS.
3787 206 3857 274 η

529 339 1133 365 __________..__._

1151 467 1705 567 EPISTOLA
1782 468 1941 547 AD
2006 464 2570 573 BIYARIUM
2653 465 3263 579 EDITQREM.

543 759 754 818 Gabriel
776 759 838 817 S.
862 757 932 814 R.
953 756 1016 811 E.
1042 756 1180 810 tituli
1195 755 1257 810 S.
1290 753 1663 808 Bartholomtet'
1689 751 1742 804 in
1765 748 1940 805 insula
1961 746 2240 818 Presbyter
2261 746 2559 803 Cardinalis
2582 750 2644 803 de
2660 748 2839 817 Treio,
2864 761 2965 807 etc.
3000 750 3296 806 Venerabili
3321 750 3430 803 viro
3450 746 3545 804 Fr.
3571 746 3857 804 Fraucisco

1036 846 1243 903 Bivario
1265 845 1699 919 Congregationis
1729 836 2037 913 Hispanico!
2063 841 2122 897 S.
2148 838 2409 895 Bernardi
2431 839 2679 896 Generali
2710 842 3075 911 Procuratori,
3113 844 3371 900 Salutem.

622 950 751 1017 Qua:
776 944 1074 1001 communia
1100 942 1247 997 nobis
1273 950 1426 994 antea
1455 945 1673 1011 feceras,
1706 936 2064 1007 manuscripta
2086 932 2471 989 Commentario
2494 944 2583 988 tua
2614 935 2668 989 in
2696 935 2943 991 Flavium
2976 936 3234 992 Dextrum
3269 936 3634 1007 perantiquunt
3656 934 3857 1006 Hispa-

547 1058 673 1099 num
703 1049 970 1101 nostrum,
1016 1052 1153 1095 nunc
1189 1034 1327 1106 typis
1354 1032 1659 1089 excutienda
1690 1029 1868 1098 dicas,
1900 1027 2210 1100 publicoque
2239 1026 2437 1081 honore
2457 1072 2471 1096 ,
2511 1037 2861 1100 perpetuoque
2898 1030 3146 1099 beneﬁcio
3189 1046 3270 1085 me
3291 1031 3492 1101 ofﬁcis,
3524 1047 3674 1102 quem
3700 1040 3858 1085 antea

546 1134 864 1189 commodati
891 1133 960 1185 ad
984 1130 1244 1183 modicum
1271 1140 1469 1197 teMpus
1495 1127 1723 1179 muneris
1744 1122 2097 1196 gratissimum
2123 1129 2366 1191 expertus
2396 1137 2471 1176 es.
2504 1120 2641 1185 Quid
2670 1138 2790 1194 ergo
2818 1138 2917 1175 non
2941 1122 3175 1191 debeam,
3200 1124 3288 1191 qui
3314 1137 3437 1176 tunc
3466 1139 3545 1176 me
3573 1121 3858 1177 debitorem

546 1228 812 1301 professus
840 1222 991 1279 sum?
1018 1222 1084 1276 At
1112 1225 1222 1289 iatn
1249 1229 1453 1289 partem
1474 1217 1638 1272 debiti
1657 1218 1818 1273 solvo.
1848 1213 1974 1267 dum
2006 1212 2222 1267 libenter
2246 1221 2294 1265 et
2325 1212 2491 1265 alacri
2521 1213 2700 1266 animo
2721 1214 3023 1285 beneﬁcium
3055 1216 3280 1286 recipio,
3304 1217 3608 1289 signumque
3638 1216 3856 1271 notissi-

546 1336 692 1375 mum
714 1317 1051 1393 gratitudinis
1080 1324 1305 1384 praesto;
1332 1314 1479 1368 nulla
1507 1313 1644 1367 enim
1673 1313 1867 1366 clarior
1893 1321 2015 1365 nota
2038 1311 2185 1364 avari
2217 1309 2507 1381 ingratique
2533 1311 2697 1365 animi
2726 1322 2799 1366 est
2824 1353 2839 1378 ,
2865 1329 3019 1383 quam
3043 1313 3292 1382 beneficia
3314 1355 3327 1375 ,
3357 1314 3541 1383 quibus
3567 1324 3773 1384 gratum
3802 1330 3860 1367 se

547 1420 786 1485 futurum
807 1429 911 1466 non
933 1418 1133 1483 sperat,
1157 1424 1398 1479 respuere
1426 1407 1504 1461 vel
1526 1416 1672 1461 torvo
1704 1406 1845 1459 vultu
1880 1404 2168 1460 admittere.
2206 1401 2449 1456 Flavium
2480 1402 2733 1458 Dea-trum
2763 1402 3093 1474 Hispanum,
3140 1402 3421 1475 veterisque
3445 1405 3637 1481 patria;
3662 1414 3859 1461 nostri:

548 1508 782 1581 historice
825 1506 1081 1577 insignem
1110 1503 1414 1572 scriptorem
1436 1543 1452 1566 ,
1484 1499 1683 1555 silentii
1711 1507 1757 1552 et
1788 1496 2061 1552 oblivionis
2100 1494 2321 1551 tenebris
2347 1508 2503 1549 antea
2531 1497 2801 1567 obrutum,
2832 1511 2971 1551 nunc
3006 1499 3057 1551 in
3089 1498 3253 1551 lucem
3286 1484 3486 1567 profers
3502 1514 3524 1563 ;
3563 1501 3859 1569 fontemque

548 1598 996 1672 litttpidissimum,
1027 1596 1289 1648 occultum
1314 1602 1470 1646 antea
1490 1599 1537 1643 et
1574 1590 1803 1655 invium,
1834 1586 2071 1643 omnibus
2100 1586 2436 1655 manifestas,
2461 1584 2725 1659 gentisque
2774 1595 2965 1641 nostra:
3002 1597 3347 1658 perretustam
3376 1585 3532 1656 fidem
3558 1597 3604 1641 et
3634 1588 3857 1659 religio-

549 1708 690 1757 nem,
715 1697 1015 1745 sanctorum
1043 1696 1355 1755 martyrum,
1388 1687 1748 1754 confessorum
1772 1691 1817 1736 et
1843 1680 2102 1752 virginum
2129 1679 2297 1750 glori:
2328 1677 2609 1749 illustrem,
2642 1696 2773 1735 novo
2806 1682 3065 1750 pra'conia
3088 1728 3102 1751 ,
3133 1681 3375 1751 claraque
3403 1697 3545 1751 voce,
3573 1698 3636 1736 ex
3656 1690 3856 1738 vetusto

552 1786 699 1839 illius
728 1793 936 1856 pectore
956 1762 1249 1843 resoimnte,
1282 1777 1509 1842 extollis,
1529 1775 1754 1846 antiquis
1784 1788 1917 1827 nova
1941 1773 2211 1842 adjungis,
2235 1771 2494 1843 [idemque
2519 1773 2703 1827 vetusti
2731 1776 2959 1828 auctoris
2982 1774 3358 1829 ncotericorum
3386 1777 3695 1830 auctoritate
3710 1793 3855 1832 com-

556 1876 774 1946 probas,
808 1871 1001 1928 similis
1032 1868 1250 1939 quidem
1276 1865 1451 1921 luctus
1484 1865 1689 1920 homini
1720 1863 2114 1934 patrifamilias,
2144 1863 2235 1935 qui
2259 1859 2474 1935 profert
2504 1865 2571 1919 dc
2602 1865 2862 1921 thesauro
2879 1881 2980 1922 suo
3005 1883 3142 1922 nova
3172 1878 3229 1923 et
3262 1878 3444 1923 vetera
3468 1869 3683 1939 (Matth.
3710 1870 3854 1945 xttt).

555 1940 773 2023 lintnem
798 1978 919 2036 ergo
950 1962 1253 2015 thesaurum
1270 1958 1525 2025 elfudisti,
1556 1955 1683 2025 quid
1711 1963 1868 2009 restat
1897 1954 1989 2008 tibi
2013 1953 2186 2026 ?quid
2211 1955 2440 2009 muneris
2468 1954 2799 2025 exiguitatem
2821 1973 3038 2012 excusas
3060 1959 3086 2011 ?
3105 1976 3173 2012 an
3196 1957 3563 2030 hyperbolice?
3584 1952 3650 2013 an
3674 1940 3857 2014 contra

551 2070 771 2113 mentem
791 2051 1166 2125 loqueris?sed
1190 2050 1359 2104 verius
1382 2059 1577 2118 putem;
1599 2045 1893 2119 evangelica
1925 2063 2086 2111 more,
2122 2063 2236 2098 cum
2264 2047 2456 2112 omnia,
2483 2062 2601 2118 qua:
2634 2058 2775 2117 potes
2803 2048 3003 2119 fecisti,
3031 2048 3163 2104 dicis
3194 2067 3212 2103 :
3245 2051 3399 2106 Servi
3429 2051 3643 2107 inutiles
3662 2042 3854 2109 sumus

548 2153 715 2226 (Luc.
746 2149 915 2219 xvn).
951 2143 1185 2217 Exiguus
1217 2143 1344 2196 liber
1373 2138 1581 2206 Flavii,
1616 2140 1660 2193 si
1690 2140 1757 2192 ad
1794 2142 2032 2194 volumen
2064 2141 2232 2207 ipsum
2262 2138 2614 2205 attendimus;
2642 2140 2854 2211 grandis
2876 2181 2891 2205 ,
2924 2141 2969 2194 si
3010 2142 3061 2194 in
3092 2158 3151 2195 eo
3181 2152 3463 2207 contenta;
3486 2160 3645 2215 parvo
3679 2145 3857 2202 codice

554 2260 744 2317 magna
771 2244 999 2296 canunt
1021 2284 1035 2305 ,
1079 2235 1281 2289 nullum
1311 2236 1362 2288 in
1396 2250 1455 2288 eo
1485 2234 1704 2287 otiosum
1734 2230 1846 2304 lego
1876 2231 2113 2299 verbum,
2157 2232 2429 2288 dissimilis
2460 2233 2664 2299 quidem
2696 2245 2771 2287 est
2802 2235 3027 2289 verbosis
3072 2235 3550 2305 philosophantium
3592 2255 3859 2295 commen-

551 2342 730 2406 tariis,
783 2336 1111 2401 aliorumque
1159 2331 1396 2401 scriptis,
1452 2328 1504 2381 in
1551 2328 1733 2396 quibus
1766 2342 1880 2380 cum
1927 2324 2286 2397 longissimum
2330 2335 2529 2398 tempus
2582 2327 2919 2394 contriveris,
2972 2328 3056 2382 vix
3096 2328 3376 2399 quidquam
3405 2331 3543 2401 quod
3574 2342 3737 2403 mente
3765 2349 3852 2388 reo

552 2437 716 2489 tinere
760 2432 983 2495 debeas,
1037 2429 1283 2484 invenies.
1333 2424 1456 2481 Non
1501 2441 1621 2496 ergo
1674 2423 1823 2478 illum
1873 2435 2295 2491 contenmemus,
2344 2427 2432 2496 qui
2482 2425 2700 2479 breviori
2762 2425 2899 2496 stylo
2966 2423 3172 2497 longam
3236 2428 3460 2482 continet
3524 2429 3859 2500 antiquarum

552 2545 721 2583 rerum
771 2525 995 2591 seriem;
1053 2540 1140 2577 nec
1199 2519 1334 2576 alios
1386 2518 1843 2592 magnifaciemus,
1893 2517 1980 2588 qui
2025 2518 2178 2587 longo
2221 2517 2492 2571 verborum
2536 2527 2795 2589 apparatu
2850 2518 3022 2571 omnia
3073 2519 3245 2587 potius
3298 2520 3650 2590 confundunt,
3702 2537 3860 2592 quam

550 2623 851 2691 explicant;
896 2621 996 2676 nisi
1048 2617 1244 2674 similes
1294 2620 1343 2672 ei
1385 2631 1495 2672 esse
1547 2616 1813 2679 volumus,
1873 2613 1959 2682 qui
2004 2629 2067 2666 ea:
2118 2627 2278 2666 aureo
2326 2628 2515 2681 magno
2575 2621 2622 2665 et
2668 2610 2884 2683 pulchro
2931 2609 3192 2665 cochleari
3250 2628 3497 2667 venenum
3551 2614 3722 2683 potius
3771 2633 3863 2671 su-

556 2731 716 2780 mere,
750 2731 903 2784 quam
930 2729 996 2768 ex
1016 2713 1251 2771 mininto.
1282 2718 1332 2764 et
1354 2726 1417 2764 ea:
1444 2709 1534 2764 vili
1563 2708 1805 2770 materia,
1835 2704 1935 2760 mel
1958 2722 2143 2778 sugere
2168 2704 2323 2775 elegit
2354 2703 2547 2776 (Cyril.
2576 2705 2671 2760 lib.
2707 2722 2805 2771 vn,
2828 2714 3019 2761 contra
3045 2703 3205 2778 Jul.).
3233 2704 3471 2762 Similem
3504 2726 3599 2781 ego
3619 2710 3865 2765 conside.

550 2811 735 2863 rubum
768 2806 953 2862 Flavii
980 2806 1177 2861 librant
1205 2804 1412 2858 cuidam
1444 2803 1561 2857 navi
1589 2800 1875 2857 Phoenicim
1904 2798 2097 2871 (cuius
2130 2798 2361 2850 meminit
2390 2794 2687 2867 XenOphon
2713 2798 2732 2868 )
2762 2796 2981 2867 fabrica:
3011 2808 3373 2870 perangustte,
3396 2813 3512 2866 qua:
3542 2813 3657 2852 cum
3686 2816 3865 2854 armo-

552 2920 698 2968 rttm,
728 2903 1216 2964 instrumentorum,
1252 2896 1503 2950 mercium
1532 2911 1593 2947 ac
1627 2890 1967 2963 supellectilis
1997 2890 2372 2960 cujuscumque
2398 2887 2623 2958 generis,
2658 2888 2909 2942 immensa
2936 2891 3205 2954 varietate,
3236 2900 3281 2943 et
3312 2888 3641 2942 multitudine
3668 2891 3865 2955 repleta

557 3007 711 3061 esset,
740 2994 949 3068 singula
976 3003 1148 3046 tamen
1171 2992 1228 3045 iu
1256 3007 1315 3045 ea
1339 3002 1443 3043 tam
1463 2987 1751 3057 artiﬁciose
1781 2983 2069 3048 collocata,
2098 2972 2360 3035 et’solerti
2384 2981 2567 3034 ordine
2588 2981 2844 3052 disposita
2871 2991 3018 3048 erant
3036 3023 3050 3047 ,
3079 2991 3133 3033 ut
3158 2990 3206 3035 et
3228 2981 3340 3036 sine
3382 2980 3746 3053 impedimento
3770 2999 3863 3051 per

551 3092 722 3146 navim
747 3090 1063 3151 discurrere,
1093 3094 1143 3138 et
1165 3084 1221 3138 in
1249 3092 1392 3137 tanta
1424 3095 1600 3136 rerum
1625 3077 1992 3141 multitudine,
2023 3072 2233 3148 singula
2261 3073 2429 3128 oculis
2471 3075 2708 3129 contueri
2737 3116 2751 3139 ,
2780 3085 2826 3129 et
2862 3073 2931 3128 ad
2962 3092 3171 3130 manum
3202 3092 3310 3128 rem
3343 3093 3594 3147 quantque
3621 3088 3862 3147 paratam

557 3185 751 3249 habere
771 3191 818 3236 et
846 3179 1079 3235 invenire
1104 3175 1339 3249 quisquis
1365 3182 1555 3244 posset.
1588 3168 1864 3238 Siquidem
1892 3169 1943 3221 in
1968 3164 2229 3220 Flaviana
2258 3166 2476 3220 historia
2502 3166 2575 3219 ita
2597 3167 2772 3220 omnia
2800 3168 3072 3236 disposita,
3105 3175 3160 3219 ut
3187 3168 3342 3236 plena
3371 3167 3623 3221 mercibus
3645 3150 3862 3224 ditem}

551 3295 712 3352 parva
744 3275 913 3340 navis,
947 3272 1122 3326 omnia
1148 3283 1265 3339 qua:
1296 3267 1466 3329 habet,
1496 3265 1550 3317 in
1578 3270 1855 3333 conspectu
1880 3259 2137 3322 ostendat,
2160 3268 2208 3311 et
2229 3259 2282 3312 in
2312 3258 2539 3324 quolibet
2569 3275 2717 3313 versu
2742 3301 2755 3324 ,
2790 3277 2854 3313 ue
2876 3261 3046 3313 dicam
3075 3261 3227 3315 verbo
3247 3303 3260 3325 ,
3296 3261 3589 3331 ponderosa
3619 3256 3862 3333 compen-

551 3350 642 3429 dio
669 3370 951 3433 contineat,
976 3380 1093 3435 qua:
1121 3363 1410 3433 longiorem
1440 3354 1701 3427 complere
1730 3363 1937 3424 possent
1965 3351 2258 3406 historiam.
2296 3350 2564 3406 Scribebat
2591 3350 2801 3423 quidem
2831 3366 2932 3406 non
2964 3362 3016 3405 ut
3036 3353 3347 3417 sapientiam
3378 3363 3653 3407 ostentaret
3681 3371 3858 3424 suam,

551 3466 641 3521 sed
673 3476 726 3518 ut
749 3463 804 3516 in
828 3458 1094 3514 remotiori
1116 3454 1235 3509 orbe
1256 3450 1575 3505 habitantem
1598 3447 1981 3518 Hieronymum
2005 3445 2312 3516 Hispanico:
2334 3444 2604 3518 religionis
2630 3446 2901 3501 certiorem
2931 3446 3143 3516 faceret,
3173 3446 3390 3518 ideoque
3416 3446 3607 3501 librum
3635 3449 3862 3523 longiori

549 3558 724 3613 itineri
753 3552 1205 3615 comnuttendum,
1240 3545 1457 3600 breviori
1489 3542 1787 3615 perstrinxit
1812 3540 2038 3594 calamo.
2075 3544 2261 3598 Verum
2292 3557 2353 3594 ne
2382 3540 2515 3610 forte
2544 3540 2705 3594 alicui
2736 3539 2992 3595 videretur
3027 3541 3183 3595 altior
3209 3538 3505 3613 breviorque
3531 3544 3693 3613 stylns
3736 3561 3861 3615 poe-

550 3654 706 3709 ticam
732 3657 911 3703 notam
935 3644 1240 3708 incurrisse,
1277 3640 1409 3692 Dum
1455 3636 1635 3690 brevis
1664 3628 1789 3690 éssc
1820 3635 2036 3698 laboro,
2068 3633 2335 3687 obscurus
2366 3634 2436 3688 lio
2465 3634 2687 3702 (Horat.
2721 3632 2790 3688 de
2823 3633 2957 3687 Arte
2982 3634 3191 3703 poetica
3213 3638 3255 3705 ),
3289 3644 3343 3688 tu
3374 3652 3476 3689 non
3506 3636 3673 3691 solum
3715 3626 3857 3693 con-

551 3744 752 3814 plicata
780 3751 935 3794 antea
957 3738 1115 3808 longo
1136 3731 1370 3799 silentio,
1399 3740 1447 3783 et
1472 3728 1720 3784 brevitate
1742 3726 1994 3780 orationis
2023 3725 2155 3796 folia
2176 3726 2227 3777 in
2251 3727 2415 3779 lucem
2446 3724 2733 3792 deduxisti,
2756 3727 2847 3779 sed
2886 3727 3184 3794 cxpticasti,
3213 3731 3432 3795 ornasti,
3460 3740 3505 3783 et
3536 3728 3817 3786 declarasti
3841 3750 3861 3800 ;

549 3832 912 3892 condecorasti
943 3826 1103 3882 simul
1134 3825 1356 3896 patriam
1384 3829 1653 3875 nostram:
1676 3834 1794 3879 nam
1816 3833 1935 3871 cum
1964 3818 2312 3872 certissimum
2337 3819 2404 3870 sit
2443 3833 2557 3872 eam
2581 3818 2652 3870 ita
2684 3818 3057 3890 prtvdicatione
3082 3820 3373 3894 apostolica
3405 3823 3706 3894 insignitam
3733 3868 3750 3895 ,
3778 3834 3858 3895 ut,

548 3938 676 3983 teste
710 3920 1063 3987 Tertulliano,
1088 3932 1265 3972 omnes
1291 3914 1497 3967 termini
1526 3909 1801 3982 Hispania:
1826 3910 1983 3980 ﬁdem
2007 3910 2328 3983 susceperint
2361 3910 2594 3981 ('l‘ertul.
2627 3911 2890 3967 adversos
2923 3912 3166 3976 Judwos.
3197 3931 3319 3984 cap.
3361 3908 3455 3987 7),
3490 3926 3537 3970 et
3570 3915 3856 3989 ϐῃιπὶαηο.

546 4023 600 4076 in
625 4036 684 4074 ea
708 4027 844 4074 recte
873 4009 1311 4082 perseveraverint
1341 4006 1621 4078 (Cyprian.
1656 4005 1821 4074 epist.
1846 4002 1947 4073 68)
1972 4045 1987 4069 ,
2021 4020 2120 4057 non
2147 4005 2353 4066 desunt,
2376 4002 2464 4073 qui
2502 4001 2801 4073 opinionem
2842 4008 3139 4075 famamque
3169 4016 3399 4059 nostram
3427 4006 3736 4062 calumniari
3770 4026 3858 4064 νε-

551 4117 673 4177 lint,
696 4121 746 4165 et
778 4107 988 4168 (cedere,
1022 4103 1277 4174 sugillnre
1298 4141 1312 4166 ,
1340 4110 1387 4154 et
1426 4098 1831 4152 commaculare.
1868 4094 2025 4151 Nunc
2068 4110 2241 4149 autem
2278 4095 2379 4149 nisi
2409 4104 2648 4164 proterve
2679 4106 2725 4148 et
2752 4097 3090 4167 pertinaciter
3118 4114 3173 4151 se
3202 4114 3383 4167 gerere
3414 4097 3602 4169 velint,
3646 4103 3860 4157 clarior.“

547 4221 703 4279 quam
732 4202 960 4275 pluebant
988 4196 1102 4250 luce
1132 4194 1423 4260 aspicient,
1456 4203 1706 4260 quantum
1737 4188 1800 4242 ab
1839 4189 1989 4243 initio
2029 4187 2290 4242 nascentis
2334 4185 2589 4242 Ecclesia:
2613 4188 2928 4260 profecerim
2963 4188 3194 4269 Hispani
3216 4232 3231 4256 ,
3260 4199 3384 4261 quot
3426 4194 3594 4246 sancti
3620 4210 3685 4248 ea:
3708 4195 3855 4250 illius

545 4312 692 4370 gente
715 4296 973 4367 Martyres
993 4294 1233 4365 adfuere,
1264 4289 1461 4357 quoties
1487 4303 1590 4341 non
1611 4286 1822 4355 defuere
1848 4284 2093 4354 tyranni;
2121 4296 2243 4355 quot
2266 4284 2589 4354 confessores
2606 4286 2901 4356 floruerunt
2925 4285 3170 4352 celebres,
3196 4302 3336 4357 cum,
3360 4296 3590 4343 cessante
3617 4284 3855 4360 persecu-

547 4400 706 4459 tione.
736 4393 984 4447 virtutum
1010 4383 1260 4440 exercitia
1282 4382 1438 4434 libere
1463 4393 1701 4432 exercere
1730 4374 1985 4429 valuerint
2009 4390 2027 4440 ;
2054 4384 2182 4445 quot
2208 4375 2455 4445 virgines,
2489 4391 2623 4445 qua’,
2646 4388 2887 4445 superan
2911 4393 3062 4438 sexu,
3089 4377 3357 4447 carnisque
3377 4388 3426 4432 et
3456 4380 3635 4433 mundi
3664 4383 3855 4452 adepta

546 4487 786 4549 victoria,
817 4499 870 4536 se
897 4490 1068 4534 castas
1096 4472 1434 4527 dilectissimo
1460 4484 1651 4538 sponso
1672 4466 1951 4521 exhibuere
1979 4463 2207 4520 Christo.
2238 4463 2414 4520 Flabit
2440 4468 2615 4538 itaque
2626 4470 2740 4539 jam
2769 4468 2977 4523 dextere
3006 4465 3224 4523 Flavius
3252 4454 3442 4524 Lucius
3466 4467 3678 4541 Dexter,
3698 4492 3852 4545 quem

550 4583 714 4654 (velut
742 4593 769 4631 e
791 4571 1026 4628 cavernis
1053 4576 1226 4622 ventos
1252 4560 1393 4616 Juno
1418 4562 1436 4632 )
1468 4577 1534 4616 ex
1566 4559 1838 4613 oblivionis
1866 4574 2070 4612 carcere
2092 4559 2321 4614 eduxisti
2336 4577 2354 4624 ;
2391 4578 2542 4631 quem
2571 4561 2744 4617 lucide
2763 4574 2810 4617 et
2836 4562 3045 4618 dextere
3075 4564 3399 4633 explicuisti,
3429 4567 3684 4638 cujusque
3718 4572 3854 4624 ιιρτξ-

550 4651 707 4734 tatem
733 4666 962 4725 historia:
988 4658 1357 4729 comprobasti.
1387 4655 1498 4709 Nec
1526 4654 1743 4709 minoris
1773 4651 2014 4708 utilitatis
2040 4653 2315 4724 quisquam
2347 4665 2492 4727 putet
2522 4673 2634 4711 esse
2667 4666 2863 4713 sanctce
2893 4657 3168 4713 catholica:
3201 4656 3452 4716 Ecclesia:
3475 4702 3490 4729 ,
3513 4664 3851 4733 antiquorum

543 4778 794 4830 innovare
820 4769 1040 4838 scripta,
1066 4770 1113 4817 et
1137 4774 1417 4823 exornare,
1449 4772 1608 4828 quam
1637 4771 1795 4809 novos
1824 4754 1974 4809 edere
1995 4755 2194 4823 libros;
2223 4773 2344 4811 nam
2373 4758 2418 4810 si
2448 4772 2622 4810 verum
2648 4772 2888 4813 amamus
2913 4802 2928 4825 ,
2966 4758 3179 4832 majoris
3207 4757 3307 4812 hoc
3340 4760 3580 4815 utilitatis
3609 4773 3701 4818 est.
3741 4763 3849 4820 Ve-

548 4881 680 4923 teres
710 4865 847 4919 ettim
875 4866 1119 4931 praestant
1140 4851 1469 4916 auctoritate,
1500 4847 1859 4918 excvlluntque
1879 4845 1987 4917 ﬁde
2014 4844 2368 4902 Recentiores.
2401 4846 2593 4902 Nescio
2616 4850 2750 4901 enim
2779 4850 2907 4920 quid
2941 4851 3267 4904 auctoritatis
3294 4850 3392 4905 sibi
3418 4853 3644 4908 vindicat
3669 4866 3852 4912 sancta

547 4969 795 5015 νειωιιιε,
841 4955 956 5020 Quo
988 4951 1047 5021 fit
1066 4991 1081 5015 ,
1109 4959 1165 5002 ut
1191 4945 1279 5014 qui
1310 4942 1609 4999 Christiano
1636 4939 1835 4994 nomini
1869 4940 2212 4994 adversantur
2239 4938 2509 5009 inﬁdeles,
2541 4948 2589 4995 et
2613 4943 2702 5013 qui
2726 4950 2921 4997 sancta:
2958 4940 3209 4998 Ecclesia
3237 4946 3354 5014 plus
3381 4956 3565 5002 nocrnt
3596 4948 3849 5019 Iucretici,

558 5053 708 5111 nullo
726 5049 835 5105 alio
862 5054 1167 5117 argumento
1196 5040 1362 5112 magis
1387 5037 1753 5093 convincuntur
1775 5050 1931 5106 quam
1958 5035 2288 5104 antiquorum
2316 5033 2629 5104 scriptorum
2663 5036 2973 5089 auctoritate
3005 5046 3054 5090 et
3089 5037 3348 5094 doctrina.
3389 5036 3540 5095 Unde
3566 5041 3655 5110 qui
3681 5057 3767 5097 eos
3795 5043 3852 5099 in

546 5153 714 5204 lucem
747 5140 1056 5211 producunt,
1083 5148 1197 5188 vere
1216 5130 1323 5186 dici
1350 5135 1560 5202 possent
1592 5126 1891 5195 potentiora
1920 5121 2179 5178 Ecclesia:
2204 5136 2396 5180 sanctae
2424 5140 2570 5177 arnta
2589 5163 2607 5189 ,
2637 5123 2772 5178 velut
2802 5126 3013 5197 clypeos
3042 5128 3094 5181 in
3126 5126 3376 5185 Davidica
3412 5140 3552 5201 turre
3570 5135 3853 5205 pendentes

544 5244 600 5297 in
630 5238 859 5295 medium
879 5234 1133 5305 proferre.
1173 5224 1239 5297 Et
1264 5222 1476 5296 quidem
1506 5221 1561 5275 iu
1584 5219 1682 5274 hac
1711 5214 1896 5275 Dextri
1926 5216 2149 5272 historia
2171 5218 2333 5271 elucet
2357 5216 2582 5270 maxime
2609 5216 2831 5287 ﬁrmitas
2857 5216 2983 5286 fidei
3008 5222 3061 5274 in
3089 5219 3404 5291 martyribus
3426 5261 3443 5289 ,
3483 5223 3552 5293 ad
3584 5228 3847 5295 confusio.

550 5332 663 5390 ueni
694 5329 1055 5387 hwreticorum
1076 5318 1359 5376 dicentium
1379 5329 1529 5389 posse
1555 5328 1888 5386 quemquam,
1912 5319 1968 5365 ut
1994 5310 2111 5366 vita:
2131 5309 2420 5381 periculum
2443 5307 2647 5377 evadat,
2680 5309 2840 5389 [idtm
2860 5328 3014 5379 quam
3039 5312 3338 5384 proﬁtetur,
3360 5314 3636 5387 abnegare.
3657 5315 3705 5389 Ε
3709 5319 3849 5391 alget

546 5435 845 5483 sanctorum
867 5417 1161 5474 antistitum
1189 5411 1501 5474 auctoritas,
1522 5417 1571 5462 et
1597 5407 1651 5460 in
1681 5403 2024 5475 gubernanda
2050 5402 2289 5458 Ecclesia
2314 5400 2562 5467 solertia,
2586 5419 2691 5468 qua
2720 5406 3115 5474 confundantur
3143 5406 3221 5460 illi
3244 5450 3260 5476 ,
3285 5409 3374 5480 qui
3400 5411 3741 5483 episcopalem
3758 5415 3848 5470 di-

543 5524 792 5597 gustarem
822 5524 1035 5587 neganl,
1066 5520 1116 5566 et
1145 5523 1332 5564 novum
1356 5506 1622 5559 inventum
1651 5510 1839 5555 temere
1858 5500 2057 5554 dicunt.
2088 5498 2355 5573 Leguntur
2376 5539 2392 5565 ,
2420 5514 2479 5553 eo
2500 5502 2619 5571 jam
2645 5508 2874 5569 tempore
2902 5501 3165 5575 admissus
3194 5505 3665 5574 peregrinationum
3696 5523 3731 5562 u
3759 5524 3844 5579 us,

544 5590 860 5688 iamplorum
882 5604 1164 5677 a‘di/icatio
1182 5644 1197 5670 ,
1222 5596 1542 5655 sacrosancti
1567 5592 1816 5662 sacrificii
1846 5591 2027 5646 Missa:
2053 5590 2357 5656 celtbratio,
2391 5602 2438 5645 et
2465 5591 2773 5646 exercitium
2801 5593 3027 5647 omuiun
3056 5606 3497 5652 sacramentorum
3514 5640 3529 5662 ,
3562 5604 3849 5658 reverentia

536 5680 850 5787 imum,
871 5699 1018 5759 paria
1041 5689 1296 5752 miracula
1313 5729 1329 5757 ,
1363 5684 1626 5743 veneratio
1655 5692 1854 5740 sancta
1882 5680 2135 5739 Romana:
2160 5684 2317 5749 sedis,
2351 5692 2399 5738 et
2422 5683 2469 5740 si
2493 5697 2611 5755 quis
2627 5691 2751 5737 sunt
2771 5681 2903 5751 alia,
2931 5701 3049 5756 quis
3079 5696 3345 5744 novatores
3374 5701 3600 5764 negant,
3622 5710 3737 5766 quia
3761 5704 3844 5751 ta-
