  <div class='ocr_page' id='page_1' title='image "/cluster/home/n/w/nwhite01/storage/ocr_20150623/31/uva.x000826569/014.png"; bbox 0 0 4004 6184; ppageno 0'>
   <div class='ocr_carea' id='block_1_1' title="bbox 210 115 3511 189">
    <p class='ocr_par' dir='ltr' id='par_1_1' title="bbox 210 115 3511 189">
     <span class='ocr_line' id='line_1_1' title="bbox 210 115 3511 189; baseline 0.002 -18"><span class='ocrx_word' id='word_1_1' title='bbox 210 117 280 189; x_wconf 67' lang='lat' dir='ltr'><strong><em>is</em></strong></span> <span class='ocrx_word' id='word_1_2' title='bbox 1323 186 1327 189; x_wconf 11' lang='lat'><strong><em>1</em></strong></span> <span class='ocrx_word' id='word_1_3' title='bbox 1581 115 1924 179; x_wconf 79' lang='lat' dir='ltr'><strong><em>Aucroms</em></strong></span> <span class='ocrx_word' id='word_1_4' title='bbox 1961 115 2141 175; x_wconf 75' lang='lat' dir='ltr'><strong><em>vm.</em></strong></span> <span class='ocrx_word' id='word_1_5' title='bbox 2578 182 2583 189; x_wconf 91' lang='lat'><em>_</em></span> <span class='ocrx_word' id='word_1_6' title='bbox 3435 128 3511 186; x_wconf 70' lang='grc' dir='ltr'><strong>μ</strong></span> 
     </span>
    </p>
   </div>
   <div class='ocr_carea' id='block_1_2' title="bbox 221 232 3514 310">
    <p class='ocr_par' dir='ltr' id='par_1_2' title="bbox 221 232 3514 310">
     <span class='ocr_line' id='line_1_2' title="bbox 221 232 3514 310; baseline 0.004 -21"><span class='ocrx_word' id='word_1_7' title='bbox 221 250 340 293; x_wconf 84' lang='lat' dir='ltr'><strong><em>men</em></strong></span> <span class='ocrx_word' id='word_1_8' title='bbox 359 251 478 289; x_wconf 89' lang='lat' dir='ltr'><strong><em>cum</em></strong></span> <span class='ocrx_word' id='word_1_9' title='bbox 502 252 561 291; x_wconf 91' lang='lat' dir='ltr'><strong><em>eo</em></strong></span> <span class='ocrx_word' id='word_1_10' title='bbox 592 245 822 307; x_wconf 79' lang='lat' dir='ltr'><strong><em>tempore</em></strong></span> <span class='ocrx_word' id='word_1_11' title='bbox 848 236 1163 310; x_wconf 77' lang='lat' dir='ltr'><strong><em>primitircm</em></strong></span> <span class='ocrx_word' id='word_1_12' title='bbox 1182 232 1483 289; x_wconf 74' lang='lat' dir='ltr'><strong><em>Ecclesium</em></strong></span> <span class='ocrx_word' id='word_1_13' title='bbox 1518 233 1814 288; x_wconf 44' lang='lat' dir='ltr'><strong><em>obscrt‘assc</em></strong></span> <span class='ocrx_word' id='word_1_14' title='bbox 1840 235 2076 303; x_wconf 78' lang='lat' dir='ltr'><strong><em>rideant,</em></strong></span> <span class='ocrx_word' id='word_1_15' title='bbox 2103 250 2196 288; x_wconf 81' lang='lat' dir='ltr'><strong><em>ron</em></strong></span> <span class='ocrx_word' id='word_1_16' title='bbox 2205 232 2497 303; x_wconf 78' lang='lat' dir='ltr'><strong><em>funduntur</em></strong></span> <span class='ocrx_word' id='word_1_17' title='bbox 2515 274 2530 299; x_wconf 92' lang='lat'><strong><em>,</em></strong></span> <span class='ocrx_word' id='word_1_18' title='bbox 2557 243 2603 289; x_wconf 86' lang='lat' dir='ltr'><strong><em>et</em></strong></span> <span class='ocrx_word' id='word_1_19' title='bbox 2624 244 2853 292; x_wconf 82' lang='lat' dir='ltr'><strong><em>nostram</em></strong></span> <span class='ocrx_word' id='word_1_20' title='bbox 2882 238 3194 296; x_wconf 84' lang='lat' dir='ltr'><strong><em>catholicam</em></strong></span> <span class='ocrx_word' id='word_1_21' title='bbox 3224 240 3514 301; x_wconf 87' lang='lat' dir='ltr'><strong><em>Ecclesiam</em></strong></span> 
     </span>
    </p>
   </div>
   <div class='ocr_carea' id='block_1_3' title="bbox 211 325 3515 403">
    <p class='ocr_par' dir='ltr' id='par_1_3' title="bbox 211 325 3515 403">
     <span class='ocr_line' id='line_1_3' title="bbox 211 325 3515 403; baseline 0.004 -23"><span class='ocrx_word' id='word_1_22' title='bbox 211 328 488 402; x_wconf 61' lang='lat' dir='ltr'><strong><em>primitiae</em></strong></span> <span class='ocrx_word' id='word_1_23' title='bbox 513 331 831 385; x_wconf 81' lang='lat' dir='ltr'><strong><em>concordare</em></strong></span> <span class='ocrx_word' id='word_1_24' title='bbox 862 340 1199 403; x_wconf 88' lang='lat' dir='ltr'><strong><em>cognoscunt.</em></strong></span> <span class='ocrx_word' id='word_1_25' title='bbox 1236 328 1332 383; x_wconf 88' lang='lat' dir='ltr'><strong><em>Tot</em></strong></span> <span class='ocrx_word' id='word_1_26' title='bbox 1365 328 1526 399; x_wconf 86' lang='lat' dir='ltr'><strong><em>igitur</em></strong></span> <span class='ocrx_word' id='word_1_27' title='bbox 1556 325 1847 389; x_wconf 83' lang='lat' dir='ltr'><strong><em>nominibus</em></strong></span> <span class='ocrx_word' id='word_1_28' title='bbox 1877 326 1969 380; x_wconf 90' lang='lat' dir='ltr'><strong><em>tibi</em></strong></span> <span class='ocrx_word' id='word_1_29' title='bbox 1996 326 2194 398; x_wconf 89' lang='lat' dir='ltr'><strong><em>gratias</em></strong></span> <span class='ocrx_word' id='word_1_30' title='bbox 2225 330 2422 397; x_wconf 75' lang='lat' dir='ltr'><strong><em>referre</em></strong></span> <span class='ocrx_word' id='word_1_31' title='bbox 2461 326 2617 383; x_wconf 86' lang='lat' dir='ltr'><strong><em>debeo</em></strong></span> <span class='ocrx_word' id='word_1_32' title='bbox 2641 369 2657 397; x_wconf 90' lang='lat'><strong><em>,</em></strong></span> <span class='ocrx_word' id='word_1_33' title='bbox 2694 337 2816 400; x_wconf 89' lang='lat' dir='ltr'><strong><em>quot</em></strong></span> <span class='ocrx_word' id='word_1_34' title='bbox 2852 332 3103 387; x_wconf 72' lang='lat' dir='ltr'><strong><em>utilitates</em></strong></span> <span class='ocrx_word' id='word_1_35' title='bbox 3129 350 3192 388; x_wconf 76' lang='lat' dir='ltr'><strong><em>ea;</em></strong></span> <span class='ocrx_word' id='word_1_36' title='bbox 3220 344 3307 389; x_wconf 92' lang='lat' dir='ltr'><strong><em>tuo</em></strong></span> <span class='ocrx_word' id='word_1_37' title='bbox 3334 337 3515 395; x_wconf 89' lang='lat' dir='ltr'><strong><em>labore</em></strong></span> 
     </span>
    </p>
   </div>
   <div class='ocr_carea' id='block_1_4' title="bbox 212 418 3510 499">
    <p class='ocr_par' dir='ltr' id='par_1_4' title="bbox 212 418 3510 499">
     <span class='ocr_line' id='line_1_4' title="bbox 212 418 3510 499; baseline 0.005 -27"><span class='ocrx_word' id='word_1_38' title='bbox 212 421 483 499; x_wconf 81' lang='lat' dir='ltr'><strong><em>prouenire</em></strong></span> <span class='ocrx_word' id='word_1_39' title='bbox 515 423 814 494; x_wconf 67' lang='lat' dir='ltr'><strong><em>praesentio.</em></strong></span> <span class='ocrx_word' id='word_1_40' title='bbox 852 421 961 477; x_wconf 89' lang='lat' dir='ltr'><strong><em>Pro</em></strong></span> <span class='ocrx_word' id='word_1_41' title='bbox 988 421 1241 477; x_wconf 76' lang='lat' dir='ltr'><strong><em>Ecclesia:</em></strong></span> <span class='ocrx_word' id='word_1_42' title='bbox 1266 428 1461 475; x_wconf 81' lang='lat' dir='ltr'><strong><em>sanctte</em></strong></span> <span class='ocrx_word' id='word_1_43' title='bbox 1491 418 1706 485; x_wconf 81' lang='lat' dir='ltr'><strong><em>honore,</em></strong></span> <span class='ocrx_word' id='word_1_44' title='bbox 1728 429 1777 473; x_wconf 91' lang='lat' dir='ltr'><strong><em>et</em></strong></span> <span class='ocrx_word' id='word_1_45' title='bbox 1810 418 2048 487; x_wconf 70' lang='lat' dir='ltr'><strong><em>utilitate,</em></strong></span> <span class='ocrx_word' id='word_1_46' title='bbox 2075 418 2270 492; x_wconf 89' lang='lat' dir='ltr'><strong><em>gratias</em></strong></span> <span class='ocrx_word' id='word_1_47' title='bbox 2292 419 2483 490; x_wconf 73' lang='lat' dir='ltr'><strong><em>refero,</em></strong></span> <span class='ocrx_word' id='word_1_48' title='bbox 2512 429 2567 474; x_wconf 90' lang='lat' dir='ltr'><strong><em>ut</em></strong></span> <span class='ocrx_word' id='word_1_49' title='bbox 2588 420 2835 493; x_wconf 90' lang='lat' dir='ltr'><strong><em>indignus</em></strong></span> <span class='ocrx_word' id='word_1_50' title='bbox 2866 424 3093 495; x_wconf 88' lang='lat' dir='ltr'><strong><em>ejusdem</em></strong></span> <span class='ocrx_word' id='word_1_51' title='bbox 3116 428 3349 485; x_wconf 88' lang='lat' dir='ltr'><strong><em>minister</em></strong></span> <span class='ocrx_word' id='word_1_52' title='bbox 3374 428 3510 487; x_wconf 84' lang='lat' dir='ltr'><strong><em>Pre-</em></strong></span> 
     </span>
    </p>
   </div>
   <div class='ocr_carea' id='block_1_5' title="bbox 211 511 3518 590">
    <p class='ocr_par' dir='ltr' id='par_1_5' title="bbox 211 511 3518 590">
     <span class='ocr_line' id='line_1_5' title="bbox 211 511 3518 590; baseline 0.005 -25"><span class='ocrx_word' id='word_1_53' title='bbox 211 511 389 585; x_wconf 82' lang='lat' dir='ltr'><strong><em>sbgter</em></strong></span> <span class='ocrx_word' id='word_1_54' title='bbox 416 513 719 590; x_wconf 82' lang='lat' dir='ltr'><strong><em>cardinalis,</em></strong></span> <span class='ocrx_word' id='word_1_55' title='bbox 753 531 851 587; x_wconf 90' lang='lat' dir='ltr'><strong><em>pro</em></strong></span> <span class='ocrx_word' id='word_1_56' title='bbox 883 514 1159 582; x_wconf 74' lang='lat' dir='ltr'><strong><em>Hispania:</em></strong></span> <span class='ocrx_word' id='word_1_57' title='bbox 1185 515 1370 569; x_wconf 84' lang='lat' dir='ltr'><strong><em>decore</em></strong></span> <span class='ocrx_word' id='word_1_58' title='bbox 1406 523 1453 567; x_wconf 88' lang='lat' dir='ltr'><strong><em>et</em></strong></span> <span class='ocrx_word' id='word_1_59' title='bbox 1482 514 1652 585; x_wconf 85' lang='lat' dir='ltr'><strong><em>gloria</em></strong></span> <span class='ocrx_word' id='word_1_60' title='bbox 1671 553 1688 580; x_wconf 90' lang='lat'><strong><em>,</em></strong></span> <span class='ocrx_word' id='word_1_61' title='bbox 1714 520 1769 566; x_wconf 91' lang='lat' dir='ltr'><strong><em>ut</em></strong></span> <span class='ocrx_word' id='word_1_62' title='bbox 1800 513 1942 567; x_wconf 89' lang='lat' dir='ltr'><strong><em>illius</em></strong></span> <span class='ocrx_word' id='word_1_63' title='bbox 1978 513 2200 566; x_wconf 80' lang='lat' dir='ltr'><strong><em>nationis</em></strong></span> <span class='ocrx_word' id='word_1_64' title='bbox 2235 512 2343 579; x_wconf 74' lang='lat' dir='ltr'><strong><em>vir,</em></strong></span> <span class='ocrx_word' id='word_1_65' title='bbox 2374 530 2471 586; x_wconf 91' lang='lat' dir='ltr'><strong><em>pro</em></strong></span> <span class='ocrx_word' id='word_1_66' title='bbox 2499 514 2554 568; x_wconf 90' lang='lat' dir='ltr'><strong><em>in</em></strong></span> <span class='ocrx_word' id='word_1_67' title='bbox 2590 531 2669 569; x_wconf 86' lang='lat' dir='ltr'><strong><em>me</em></strong></span> <span class='ocrx_word' id='word_1_68' title='bbox 2693 516 2885 573; x_wconf 89' lang='lat' dir='ltr'><strong><em>collato</em></strong></span> <span class='ocrx_word' id='word_1_69' title='bbox 2912 516 3157 590; x_wconf 87' lang='lat' dir='ltr'><strong><em>beneﬁcio</em></strong></span> <span class='ocrx_word' id='word_1_70' title='bbox 3176 565 3190 590; x_wconf 89' lang='lat'><strong><em>,</em></strong></span> <span class='ocrx_word' id='word_1_71' title='bbox 3226 533 3280 577; x_wconf 90' lang='lat' dir='ltr'><strong><em>ut</em></strong></span> <span class='ocrx_word' id='word_1_72' title='bbox 3318 525 3518 582; x_wconf 88' lang='lat' dir='ltr'><strong><em>amicus</em></strong></span> 
     </span>
    </p>
   </div>
   <div class='ocr_carea' id='block_1_6' title="bbox 212 604 3519 678">
    <p class='ocr_par' dir='ltr' id='par_1_6' title="bbox 212 604 3519 678">
     <span class='ocr_line' id='line_1_6' title="bbox 212 604 3519 678; baseline 0.005 -21"><span class='ocrx_word' id='word_1_73' title='bbox 212 620 316 657; x_wconf 86' lang='lat' dir='ltr'><strong><em>non</em></strong></span> <span class='ocrx_word' id='word_1_74' title='bbox 337 604 596 677; x_wconf 86' lang='lat' dir='ltr'><strong><em>ingratus.</em></strong></span> <span class='ocrx_word' id='word_1_75' title='bbox 631 605 783 672; x_wconf 79' lang='lat' dir='ltr'><strong><em>Vale,</em></strong></span> <span class='ocrx_word' id='word_1_76' title='bbox 807 618 855 662; x_wconf 91' lang='lat' dir='ltr'><strong><em>et</em></strong></span> <span class='ocrx_word' id='word_1_77' title='bbox 883 608 1250 662; x_wconf 85' lang='lat' dir='ltr'><strong><em>sanctissimus</em></strong></span> <span class='ocrx_word' id='word_1_78' title='bbox 1277 606 1374 662; x_wconf 88' lang='lat' dir='ltr'><strong><em>Dei</em></strong></span> <span class='ocrx_word' id='word_1_79' title='bbox 1401 606 1638 678; x_wconf 91' lang='lat' dir='ltr'><strong><em>Spiritus</em></strong></span> <span class='ocrx_word' id='word_1_80' title='bbox 1665 605 1860 676; x_wconf 84' lang='lat' dir='ltr'><strong><em>repleat</em></strong></span> <span class='ocrx_word' id='word_1_81' title='bbox 1889 615 1938 661; x_wconf 91' lang='lat' dir='ltr'><strong><em>te</em></strong></span> <span class='ocrx_word' id='word_1_82' title='bbox 1967 607 2202 677; x_wconf 83' lang='lat' dir='ltr'><strong><em>omnibus</em></strong></span> <span class='ocrx_word' id='word_1_83' title='bbox 2228 608 2335 663; x_wconf 87' lang='lat' dir='ltr'><strong><em>suis</em></strong></span> <span class='ocrx_word' id='word_1_84' title='bbox 2357 607 2545 666; x_wconf 75' lang='lat' dir='ltr'><strong><em>divinis</em></strong></span> <span class='ocrx_word' id='word_1_85' title='bbox 2578 610 2745 666; x_wconf 89' lang='lat' dir='ltr'><strong><em>donis.</em></strong></span> <span class='ocrx_word' id='word_1_86' title='bbox 2780 608 2979 666; x_wconf 89' lang='lat' dir='ltr'><strong><em>Datum</em></strong></span> <span class='ocrx_word' id='word_1_87' title='bbox 3008 610 3199 670; x_wconf 87' lang='lat' dir='ltr'><strong><em>Tibure</em></strong></span> <span class='ocrx_word' id='word_1_88' title='bbox 3228 626 3407 674; x_wconf 82' lang='lat' dir='ltr'><strong><em>octavo</em></strong></span> <span class='ocrx_word' id='word_1_89' title='bbox 3427 618 3519 674; x_wconf 76' lang='lat' dir='ltr'><strong><em>ka-</em></strong></span> 
     </span>
    </p>
   </div>
   <div class='ocr_carea' id='block_1_7' title="bbox 214 697 1168 779">
    <p class='ocr_par' dir='ltr' id='par_1_7' title="bbox 214 697 1168 779">
     <span class='ocr_line' id='line_1_7' title="bbox 214 697 1168 779; baseline 0.005 -28"><span class='ocrx_word' id='word_1_90' title='bbox 214 697 395 752; x_wconf 82' lang='lat' dir='ltr'><strong><em>lendas</em></strong></span> <span class='ocrx_word' id='word_1_91' title='bbox 423 698 660 755; x_wconf 84' lang='lat' dir='ltr'><strong><em>Octobris</em></strong></span> <span class='ocrx_word' id='word_1_92' title='bbox 689 717 827 757; x_wconf 84' lang='lat' dir='ltr'><strong><em>anno</em></strong></span> <span class='ocrx_word' id='word_1_93' title='bbox 856 717 915 779; x_wconf 67' lang='lat' dir='ltr'><strong><em>tt.</em></strong></span> <span class='ocrx_word' id='word_1_94' title='bbox 943 716 1168 758; x_wconf 77' lang='lat' dir='ltr'><strong><em>ncxxrv.</em></strong></span> 
     </span>
    </p>
   </div>
   <div class='ocr_carea' id='block_1_8' title="bbox 553 888 3164 1035">
    <p class='ocr_par' dir='ltr' id='par_1_8' title="bbox 553 888 3164 1035">
     <span class='ocr_line' id='line_1_8' title="bbox 553 888 3164 1035; baseline 0 -34"><span class='ocrx_word' id='word_1_95' title='bbox 553 929 1083 1003; x_wconf 84' lang='lat' dir='ltr'><strong><em>EPISTOLA</em></strong></span> <span class='ocrx_word' id='word_1_96' title='bbox 1158 926 1600 1001; x_wconf 78' lang='lat' dir='ltr'><strong>ALTERA</strong></span> <span class='ocrx_word' id='word_1_97' title='bbox 1682 925 1840 995; x_wconf 89' lang='lat' dir='ltr'><strong><em>AD</em></strong></span> <span class='ocrx_word' id='word_1_98' title='bbox 1915 923 2477 997; x_wconf 83' lang='lat' dir='ltr'><strong><em>BIVABIUM</em></strong></span> <span class='ocrx_word' id='word_1_99' title='bbox 2550 924 3164 1035; x_wconf 82' lang='lat' dir='ltr'><strong><em>EDITOREM.</em></strong></span> 
     </span>
    </p>
   </div>
   <div class='ocr_carea' id='block_1_9' title="bbox 619 1147 3127 1218">
    <p class='ocr_par' dir='ltr' id='par_1_9' title="bbox 619 1147 3127 1218">
     <span class='ocr_line' id='line_1_9' title="bbox 619 1147 3127 1218; baseline -0.002 -11"><span class='ocrx_word' id='word_1_100' title='bbox 619 1151 688 1208; x_wconf 75' lang='lat' dir='ltr'><strong><em>li.</em></strong></span> <span class='ocrx_word' id='word_1_101' title='bbox 714 1151 861 1207; x_wconf 87' lang='lat' dir='ltr'><strong><em>Patri</em></strong></span> <span class='ocrx_word' id='word_1_102' title='bbox 891 1148 1071 1206; x_wconf 86' lang='lat' dir='ltr'><strong><em>Fratri</em></strong></span> <span class='ocrx_word' id='word_1_103' title='bbox 1092 1149 1380 1207; x_wconf 84' lang='lat' dir='ltr'><strong><em>Francisco</em></strong></span> <span class='ocrx_word' id='word_1_104' title='bbox 1399 1149 1608 1206; x_wconf 82' lang='lat' dir='ltr'><strong><em>Birario</em></strong></span> <span class='ocrx_word' id='word_1_105' title='bbox 1629 1147 1977 1216; x_wconf 82' lang='lat' dir='ltr'><strong><em>Cisterciensi,</em></strong></span> <span class='ocrx_word' id='word_1_106' title='bbox 2008 1149 2119 1202; x_wconf 83' lang='lat' dir='ltr'><strong><em>viro</em></strong></span> <span class='ocrx_word' id='word_1_107' title='bbox 2145 1147 2505 1218; x_wconf 87' lang='lat' dir='ltr'><strong><em>integerrimo,</em></strong></span> <span class='ocrx_word' id='word_1_108' title='bbox 2526 1148 2694 1202; x_wconf 89' lang='lat' dir='ltr'><strong><em>amico</em></strong></span> <span class='ocrx_word' id='word_1_109' title='bbox 2729 1149 3127 1218; x_wconf 84' lang='lat' dir='ltr'><strong><em>spectatissimo.</em></strong></span> 
     </span>
    </p>
   </div>
   <div class='ocr_carea' id='block_1_10' title="bbox 294 1269 3628 1353">
    <p class='ocr_par' dir='ltr' id='par_1_10' title="bbox 294 1269 3628 1353">
     <span class='ocr_line' id='line_1_10' title="bbox 294 1269 3628 1353; baseline 0.002 -28"><span class='ocrx_word' id='word_1_110' title='bbox 294 1269 436 1339; x_wconf 70' lang='lat' dir='ltr'><strong><em>[iure</em></strong></span> <span class='ocrx_word' id='word_1_111' title='bbox 470 1270 744 1337; x_wconf 84' lang='lat' dir='ltr'><strong><em>Tiburtino</em></strong></span> <span class='ocrx_word' id='word_1_112' title='bbox 770 1273 875 1341; x_wconf 21' lang='lat' dir='ltr'><strong><em>sub;</em></strong></span> <span class='ocrx_word' id='word_1_113' title='bbox 892 1274 1069 1340; x_wconf 68' lang='lat' dir='ltr'><strong><em>aestivo</em></strong></span> <span class='ocrx_word' id='word_1_114' title='bbox 1090 1275 1266 1326; x_wconf 85' lang='lat' dir='ltr'><strong><em>calore</em></strong></span> <span class='ocrx_word' id='word_1_115' title='bbox 1286 1271 1391 1326; x_wconf 82' lang='lat' dir='ltr'><strong><em>vidi</em></strong></span> <span class='ocrx_word' id='word_1_116' title='bbox 1418 1270 1768 1342; x_wconf 71' lang='lat' dir='ltr'><strong><em>perfunctorie</em></strong></span> <span class='ocrx_word' id='word_1_117' title='bbox 1802 1278 1849 1323; x_wconf 92' lang='lat' dir='ltr'><strong><em>et</em></strong></span> <span class='ocrx_word' id='word_1_118' title='bbox 1879 1270 2072 1353; x_wconf 87' lang='lat' dir='ltr'><strong><em>raptim</em></strong></span> <span class='ocrx_word' id='word_1_119' title='bbox 2089 1280 2335 1341; x_wconf 80' lang='lat' dir='ltr'><strong><em>perpetua</em></strong></span> <span class='ocrx_word' id='word_1_120' title='bbox 2359 1279 2450 1325; x_wconf 87' lang='lat' dir='ltr'><strong><em>tua</em></strong></span> <span class='ocrx_word' id='word_1_121' title='bbox 2470 1270 2847 1325; x_wconf 86' lang='lat' dir='ltr'><strong><em>commentaria</em></strong></span> <span class='ocrx_word' id='word_1_122' title='bbox 2864 1272 2917 1325; x_wconf 90' lang='lat' dir='ltr'><strong><em>in</em></strong></span> <span class='ocrx_word' id='word_1_123' title='bbox 2945 1269 3033 1326; x_wconf 73' lang='grc' dir='ltr'><strong><em>ΕΙ.</em></strong></span> <span class='ocrx_word' id='word_1_124' title='bbox 3062 1271 3126 1327; x_wconf 85' lang='lat' dir='ltr'><strong><em>L.</em></strong></span> <span class='ocrx_word' id='word_1_125' title='bbox 3150 1269 3338 1329; x_wconf 76' lang='lat' dir='ltr'><strong><em>Dextri</em></strong></span> <span class='ocrx_word' id='word_1_126' title='bbox 3360 1273 3527 1333; x_wconf 76' lang='lat' dir='ltr'><strong><em>Chro—</em></strong></span> <span class='ocrx_word' id='word_1_127' title='bbox 3590 1286 3628 1310; x_wconf 73' lang='grc' dir='ltr'><strong><em>ε’</em></strong></span> 
     </span>
    </p>
   </div>
   <div class='ocr_carea' id='block_1_11' title="bbox 218 1356 3531 1439">
    <p class='ocr_par' dir='ltr' id='par_1_11' title="bbox 218 1356 3531 1439">
     <span class='ocr_line' id='line_1_11' title="bbox 218 1356 3531 1439; baseline 0.002 -20"><span class='ocrx_word' id='word_1_128' title='bbox 218 1365 335 1420; x_wconf 83' lang='lat' dir='ltr'><strong><em>nica</em></strong></span> <span class='ocrx_word' id='word_1_129' title='bbox 366 1364 441 1420; x_wconf 85' lang='lat' dir='ltr'><strong><em>ad</em></strong></span> <span class='ocrx_word' id='word_1_130' title='bbox 492 1364 905 1421; x_wconf 71' lang='lat' dir='ltr'><strong><em>illustrissimum</em></strong></span> <span class='ocrx_word' id='word_1_131' title='bbox 935 1367 1258 1421; x_wconf 83' lang='lat' dir='ltr'><strong><em>cardinalcm</em></strong></span> <span class='ocrx_word' id='word_1_132' title='bbox 1305 1364 1370 1420; x_wconf 82' lang='lat' dir='ltr'><strong><em>de</em></strong></span> <span class='ocrx_word' id='word_1_133' title='bbox 1400 1364 1554 1420; x_wconf 81' lang='lat' dir='ltr'><strong><em>Treio</em></strong></span> <span class='ocrx_word' id='word_1_134' title='bbox 1587 1364 1917 1419; x_wconf 86' lang='lat' dir='ltr'><strong><em>transmissa.</em></strong></span> <span class='ocrx_word' id='word_1_135' title='bbox 1940 1364 2021 1418; x_wconf 79' lang='lat' dir='ltr'><strong><em>Ad</em></strong></span> <span class='ocrx_word' id='word_1_136' title='bbox 2047 1365 2274 1437; x_wconf 89' lang='lat' dir='ltr'><strong><em>primunt</em></strong></span> <span class='ocrx_word' id='word_1_137' title='bbox 2301 1356 2632 1432; x_wconf 78' lang='lat' dir='ltr'><strong><em>conspectum</em></strong></span> <span class='ocrx_word' id='word_1_138' title='bbox 2657 1366 2854 1435; x_wconf 83' lang='lat' dir='ltr'><strong><em>placuit</em></strong></span> <span class='ocrx_word' id='word_1_139' title='bbox 2883 1367 3052 1437; x_wconf 85' lang='lat' dir='ltr'><strong><em>operis</em></strong></span> <span class='ocrx_word' id='word_1_140' title='bbox 3077 1379 3454 1439; x_wconf 85' lang='lat' dir='ltr'><strong><em>argumentum,</em></strong></span> <span class='ocrx_word' id='word_1_141' title='bbox 3482 1379 3531 1425; x_wconf 87' lang='lat' dir='ltr'><strong><em>et</em></strong></span> 
     </span>
    </p>
   </div>
   <div class='ocr_carea' id='block_1_12' title="bbox 218 1449 3532 1528">
    <p class='ocr_par' dir='ltr' id='par_1_12' title="bbox 218 1449 3532 1528">
     <span class='ocr_line' id='line_1_12' title="bbox 218 1449 3532 1528; baseline 0.002 -21"><span class='ocrx_word' id='word_1_142' title='bbox 218 1453 544 1510; x_wconf 78' lang='lat' dir='ltr'><strong><em>laudabilem</em></strong></span> <span class='ocrx_word' id='word_1_143' title='bbox 566 1456 698 1518; x_wconf 69' lang='lat' dir='ltr'><strong><em>dixi,</em></strong></span> <span class='ocrx_word' id='word_1_144' title='bbox 730 1457 880 1511; x_wconf 89' lang='lat' dir='ltr'><strong><em>modo</em></strong></span> <span class='ocrx_word' id='word_1_145' title='bbox 907 1456 1141 1528; x_wconf 77' lang='lat' dir='ltr'><strong><em>felicem,</em></strong></span> <span class='ocrx_word' id='word_1_146' title='bbox 1166 1456 1509 1510; x_wconf 89' lang='lat' dir='ltr'><strong><em>illustratoris</em></strong></span> <span class='ocrx_word' id='word_1_147' title='bbox 1549 1465 1812 1509; x_wconf 82' lang='lat' dir='ltr'><strong><em>conatum.</em></strong></span> <span class='ocrx_word' id='word_1_148' title='bbox 1851 1449 2153 1507; x_wconf 75' lang='lat' dir='ltr'><strong><em>Desiderari</em></strong></span> <span class='ocrx_word' id='word_1_149' title='bbox 2189 1454 2419 1526; x_wconf 82' lang='lat' dir='ltr'><strong><em>impense</em></strong></span> <span class='ocrx_word' id='word_1_150' title='bbox 2455 1461 2617 1508; x_wconf 88' lang='lat' dir='ltr'><strong><em>totum</em></strong></span> <span class='ocrx_word' id='word_1_151' title='bbox 2652 1469 2784 1524; x_wconf 88' lang='lat' dir='ltr'><strong><em>opus</em></strong></span> <span class='ocrx_word' id='word_1_152' title='bbox 2822 1455 3182 1527; x_wconf 85' lang='lat' dir='ltr'><strong><em>introspicere,</em></strong></span> <span class='ocrx_word' id='word_1_153' title='bbox 3216 1474 3379 1527; x_wconf 87' lang='lat' dir='ltr'><strong><em>neque</em></strong></span> <span class='ocrx_word' id='word_1_154' title='bbox 3408 1467 3532 1515; x_wconf 88' lang='lat' dir='ltr'><strong><em>tunc</em></strong></span> 
     </span>
    </p>
   </div>
   <div class='ocr_carea' id='block_1_13' title="bbox 221 1546 3531 1620">
    <p class='ocr_par' dir='ltr' id='par_1_13' title="bbox 221 1546 3531 1620">
     <span class='ocr_line' id='line_1_13' title="bbox 221 1546 3531 1620; baseline 0.002 -19"><span class='ocrx_word' id='word_1_155' title='bbox 221 1549 373 1616; x_wconf 89' lang='lat' dir='ltr'><strong><em>potui</em></strong></span> <span class='ocrx_word' id='word_1_156' title='bbox 401 1550 848 1615; x_wconf 86' lang='lat' dir='ltr'><strong><em>occupatiunculis</em></strong></span> <span class='ocrx_word' id='word_1_157' title='bbox 884 1550 1185 1610; x_wconf 85' lang='lat' dir='ltr'><strong><em>distractus,</em></strong></span> <span class='ocrx_word' id='word_1_158' title='bbox 1229 1551 1384 1603; x_wconf 87' lang='lat' dir='ltr'><strong><em>etiam</em></strong></span> <span class='ocrx_word' id='word_1_159' title='bbox 1413 1548 1506 1603; x_wconf 92' lang='lat' dir='ltr'><strong><em>sub</em></strong></span> <span class='ocrx_word' id='word_1_160' title='bbox 1537 1548 1715 1620; x_wconf 82' lang='lat' dir='ltr'><strong><em>paucis</em></strong></span> <span class='ocrx_word' id='word_1_161' title='bbox 1743 1547 1925 1602; x_wconf 83' lang='lat' dir='ltr'><strong><em>diebus</em></strong></span> <span class='ocrx_word' id='word_1_162' title='bbox 1961 1546 2322 1601; x_wconf 82' lang='lat' dir='ltr'><strong><em>illustrissimo</em></strong></span> <span class='ocrx_word' id='word_1_163' title='bbox 2363 1546 2631 1601; x_wconf 88' lang='lat' dir='ltr'><strong><em>cardinale</em></strong></span> <span class='ocrx_word' id='word_1_164' title='bbox 2652 1548 2881 1602; x_wconf 84' lang='lat' dir='ltr'><strong><em>codicem</em></strong></span> <span class='ocrx_word' id='word_1_165' title='bbox 2905 1550 3211 1605; x_wconf 84' lang='lat' dir='ltr'><strong><em>remittente.</em></strong></span> <span class='ocrx_word' id='word_1_166' title='bbox 3238 1550 3291 1605; x_wconf 86' lang='grc' dir='ltr'><strong><em>Ν</em></strong></span> <span class='ocrx_word' id='word_1_167' title='bbox 3296 1568 3396 1606; x_wconf 90' lang='lat' dir='ltr'><strong><em>unc</em></strong></span> <span class='ocrx_word' id='word_1_168' title='bbox 3420 1571 3454 1608; x_wconf 90' lang='lat' dir='ltr'><strong><em>a</em></strong></span> <span class='ocrx_word' id='word_1_169' title='bbox 3483 1563 3531 1612; x_wconf 87' lang='lat' dir='ltr'><strong><em>te</em></strong></span> 
     </span>
    </p>
   </div>
   <div class='ocr_carea' id='block_1_14' title="bbox 220 1638 3536 1715">
    <p class='ocr_par' dir='ltr' id='par_1_14' title="bbox 220 1638 3536 1715">
     <span class='ocr_line' id='line_1_14' title="bbox 220 1638 3536 1715; baseline 0.003 -25"><span class='ocrx_word' id='word_1_170' title='bbox 220 1638 465 1693; x_wconf 88' lang='lat' dir='ltr'><strong><em>relictum</em></strong></span> <span class='ocrx_word' id='word_1_171' title='bbox 504 1656 600 1709; x_wconf 91' lang='lat' dir='ltr'><strong><em>pro</em></strong></span> <span class='ocrx_word' id='word_1_172' title='bbox 658 1649 772 1695; x_wconf 81' lang='lat' dir='ltr'><strong><em>uoto</em></strong></span> <span class='ocrx_word' id='word_1_173' title='bbox 803 1641 924 1715; x_wconf 81' lang='lat' dir='ltr'><strong><em>legi,</em></strong></span> <span class='ocrx_word' id='word_1_174' title='bbox 967 1657 1132 1712; x_wconf 85' lang='lat' dir='ltr'><strong><em>neque</em></strong></span> <span class='ocrx_word' id='word_1_175' title='bbox 1158 1658 1262 1694; x_wconf 90' lang='lat' dir='ltr'><strong><em>uno</em></strong></span> <span class='ocrx_word' id='word_1_176' title='bbox 1296 1641 1501 1695; x_wconf 85' lang='lat' dir='ltr'><strong><em>nomine</em></strong></span> <span class='ocrx_word' id='word_1_177' title='bbox 1537 1639 1698 1694; x_wconf 88' lang='lat' dir='ltr'><strong><em>libens</em></strong></span> <span class='ocrx_word' id='word_1_178' title='bbox 1736 1638 1858 1711; x_wconf 84' lang='lat' dir='ltr'><strong><em>legi.</em></strong></span> <span class='ocrx_word' id='word_1_179' title='bbox 1896 1642 2032 1708; x_wconf 71' lang='lat' dir='ltr'><strong><em>Qu’a</em></strong></span> <span class='ocrx_word' id='word_1_180' title='bbox 2055 1652 2425 1713; x_wconf 83' lang='lat' dir='ltr'><strong><em>argumentum</em></strong></span> <span class='ocrx_word' id='word_1_181' title='bbox 2454 1655 2611 1710; x_wconf 79' lang='lat' dir='ltr'><strong><em>grave</em></strong></span> <span class='ocrx_word' id='word_1_182' title='bbox 2657 1649 2771 1693; x_wconf 89' lang='lat' dir='ltr'><strong><em>erat</em></strong></span> <span class='ocrx_word' id='word_1_183' title='bbox 2794 1680 2807 1700; x_wconf 93' lang='lat'><strong><em>,</em></strong></span> <span class='ocrx_word' id='word_1_184' title='bbox 2847 1642 2973 1711; x_wconf 83' lang='lat' dir='ltr'><strong><em>quia</em></strong></span> <span class='ocrx_word' id='word_1_185' title='bbox 3001 1641 3066 1694; x_wconf 91' lang='lat' dir='ltr'><strong><em>de</em></strong></span> <span class='ocrx_word' id='word_1_186' title='bbox 3102 1645 3309 1715; x_wconf 79' lang='lat' dir='ltr'><strong><em>aptttnis</em></strong></span> <span class='ocrx_word' id='word_1_187' title='bbox 3346 1656 3536 1701; x_wconf 72' lang='lat' dir='ltr'><strong><em>nostra!</em></strong></span> 
     </span>
    </p>
   </div>
   <div class='ocr_carea' id='block_1_15' title="bbox 220 1729 3535 1809">
    <p class='ocr_par' dir='ltr' id='par_1_15' title="bbox 220 1729 3535 1809">
     <span class='ocr_line' id='line_1_15' title="bbox 220 1729 3535 1809; baseline 0.003 -26"><span class='ocrx_word' id='word_1_188' title='bbox 220 1729 349 1797; x_wconf 88' lang='lat' dir='ltr'><strong><em>ﬁdei</em></strong></span> <span class='ocrx_word' id='word_1_189' title='bbox 380 1731 646 1804; x_wconf 81' lang='lat' dir='ltr'><strong><em>magistris</em></strong></span> <span class='ocrx_word' id='word_1_190' title='bbox 670 1743 800 1799; x_wconf 89' lang='lat' dir='ltr'><strong><em>erat,</em></strong></span> <span class='ocrx_word' id='word_1_191' title='bbox 830 1733 955 1802; x_wconf 86' lang='lat' dir='ltr'><strong><em>quia</em></strong></span> <span class='ocrx_word' id='word_1_192' title='bbox 983 1751 1014 1785; x_wconf 81' lang='grc' dir='ltr'><em>α</em></span> <span class='ocrx_word' id='word_1_193' title='bbox 1047 1734 1211 1802; x_wconf 83' lang='lat' dir='ltr'><strong><em>tcipso</em></strong></span> <span class='ocrx_word' id='word_1_194' title='bbox 1232 1742 1368 1798; x_wconf 81' lang='lat' dir='ltr'><strong><em>erat,</em></strong></span> <span class='ocrx_word' id='word_1_195' title='bbox 1391 1748 1543 1807; x_wconf 81' lang='lat' dir='ltr'><strong><em>quem</em></strong></span> <span class='ocrx_word' id='word_1_196' title='bbox 1572 1732 1899 1804; x_wconf 85' lang='lat' dir='ltr'><strong><em>jampridem</em></strong></span> <span class='ocrx_word' id='word_1_197' title='bbox 1923 1749 2037 1786; x_wconf 90' lang='lat' dir='ltr'><strong><em>cum</em></strong></span> <span class='ocrx_word' id='word_1_198' title='bbox 2061 1734 2386 1786; x_wconf 82' lang='lat' dir='ltr'><strong><em>ueneratione</em></strong></span> <span class='ocrx_word' id='word_1_199' title='bbox 2411 1732 2640 1802; x_wconf 90' lang='lat' dir='ltr'><strong><em>quadam</em></strong></span> <span class='ocrx_word' id='word_1_200' title='bbox 2667 1742 2715 1785; x_wconf 94' lang='lat' dir='ltr'><strong><em>et</em></strong></span> <span class='ocrx_word' id='word_1_201' title='bbox 2739 1749 2914 1786; x_wconf 89' lang='lat' dir='ltr'><strong><em>amore</em></strong></span> <span class='ocrx_word' id='word_1_202' title='bbox 2943 1735 3190 1806; x_wconf 81' lang='lat' dir='ltr'><strong><em>suspicio.</em></strong></span> <span class='ocrx_word' id='word_1_203' title='bbox 3234 1735 3348 1790; x_wconf 83' lang='lat' dir='ltr'><strong><em>Vidi</em></strong></span> <span class='ocrx_word' id='word_1_204' title='bbox 3371 1738 3535 1809; x_wconf 88' lang='lat' dir='ltr'><strong><em>igitur</em></strong></span> 
     </span>
    </p>
   </div>
   <div class='ocr_carea' id='block_1_16' title="bbox 221 1820 3538 1901">
    <p class='ocr_par' dir='ltr' id='par_1_16' title="bbox 221 1820 3538 1901">
     <span class='ocr_line' id='line_1_16' title="bbox 221 1820 3538 1901; baseline 0.003 -27"><span class='ocrx_word' id='word_1_205' title='bbox 221 1821 456 1895; x_wconf 83' lang='lat' dir='ltr'><strong><em>secundo</em></strong></span> <span class='ocrx_word' id='word_1_206' title='bbox 498 1820 684 1885; x_wconf 89' lang='lat' dir='ltr'><strong><em>libens,</em></strong></span> <span class='ocrx_word' id='word_1_207' title='bbox 731 1835 776 1877; x_wconf 88' lang='lat' dir='ltr'><strong><em>et</em></strong></span> <span class='ocrx_word' id='word_1_208' title='bbox 821 1824 923 1898; x_wconf 85' lang='lat' dir='ltr'><strong><em>legi</em></strong></span> <span class='ocrx_word' id='word_1_209' title='bbox 971 1825 1217 1881; x_wconf 85' lang='lat' dir='ltr'><strong><em>libentius</em></strong></span> <span class='ocrx_word' id='word_1_210' title='bbox 1252 1842 1272 1882; x_wconf 89' lang='lat'><strong><em>:</em></strong></span> <span class='ocrx_word' id='word_1_211' title='bbox 1314 1825 1387 1879; x_wconf 88' lang='lat' dir='ltr'><strong><em>ita</em></strong></span> <span class='ocrx_word' id='word_1_212' title='bbox 1435 1842 1515 1878; x_wconf 90' lang='lat' dir='ltr'><strong><em>me</em></strong></span> <span class='ocrx_word' id='word_1_213' title='bbox 1553 1841 1659 1891; x_wconf 87' lang='lat' dir='ltr'><strong><em>res,</em></strong></span> <span class='ocrx_word' id='word_1_214' title='bbox 1708 1837 1754 1879; x_wconf 89' lang='lat' dir='ltr'><strong><em>et</em></strong></span> <span class='ocrx_word' id='word_1_215' title='bbox 1794 1824 1911 1896; x_wconf 87' lang='lat' dir='ltr'><strong><em>ipsa</em></strong></span> <span class='ocrx_word' id='word_1_216' title='bbox 1960 1826 2176 1896; x_wconf 67' lang='lat' dir='ltr'><strong><em>scripft&#39;O</em></strong></span> <span class='ocrx_word' id='word_1_217' title='bbox 2206 1834 2317 1893; x_wconf 88' lang='lat' dir='ltr'><strong><em>tua,</em></strong></span> <span class='ocrx_word' id='word_1_218' title='bbox 2352 1835 2399 1877; x_wconf 89' lang='lat' dir='ltr'><strong><em>et</em></strong></span> <span class='ocrx_word' id='word_1_219' title='bbox 2417 1823 2681 1895; x_wconf 84' lang='lat' dir='ltr'><strong><em>judicium</em></strong></span> <span class='ocrx_word' id='word_1_220' title='bbox 2710 1823 3005 1878; x_wconf 78' lang='lat' dir='ltr'><strong><em>trahebant.</em></strong></span> <span class='ocrx_word' id='word_1_221' title='bbox 3034 1825 3208 1881; x_wconf 75' lang='lat' dir='ltr'><strong><em>Multa</em></strong></span> <span class='ocrx_word' id='word_1_222' title='bbox 3244 1838 3538 1901; x_wconf 83' lang='lat' dir='ltr'><strong><em>opportune</em></strong></span> 
     </span>
    </p>
   </div>
   <div class='ocr_carea' id='block_1_17' title="bbox 127 1916 3534 1992">
    <p class='ocr_par' dir='ltr' id='par_1_17' title="bbox 127 1916 3534 1992">
     <span class='ocr_line' id='line_1_17' title="bbox 127 1916 3534 1992; baseline 0.002 -24"><span class='ocrx_word' id='word_1_223' title='bbox 127 1949 133 1953; x_wconf 97' lang='lat'><strong><em>-</em></strong></span> <span class='ocrx_word' id='word_1_224' title='bbox 224 1916 487 1991; x_wconf 74' lang='lat' dir='ltr'><strong><em>miscuisti</em></strong></span> <span class='ocrx_word' id='word_1_225' title='bbox 528 1918 598 1970; x_wconf 92' lang='lat' dir='ltr'><strong><em>ad</em></strong></span> <span class='ocrx_word' id='word_1_226' title='bbox 645 1918 831 1986; x_wconf 81' lang='lat' dir='ltr'><strong><em>ﬁdem,</em></strong></span> <span class='ocrx_word' id='word_1_227' title='bbox 884 1920 954 1974; x_wconf 91' lang='lat' dir='ltr'><strong><em>ad</em></strong></span> <span class='ocrx_word' id='word_1_228' title='bbox 999 1919 1425 1992; x_wconf 86' lang='lat' dir='ltr'><strong><em>intelligentiam,</em></strong></span> <span class='ocrx_word' id='word_1_229' title='bbox 1454 1921 1524 1973; x_wconf 91' lang='lat' dir='ltr'><strong><em>ad</em></strong></span> <span class='ocrx_word' id='word_1_230' title='bbox 1571 1918 1803 1973; x_wconf 78' lang='lat' dir='ltr'><strong><em>historia:</em></strong></span> <span class='ocrx_word' id='word_1_231' title='bbox 1847 1918 2371 1987; x_wconf 85' lang='lat' dir='ltr'><strong><em>commendationem,</em></strong></span> <span class='ocrx_word' id='word_1_232' title='bbox 2403 1918 2474 1971; x_wconf 90' lang='lat' dir='ltr'><strong><em>ad</em></strong></span> <span class='ocrx_word' id='word_1_233' title='bbox 2520 1926 2820 1971; x_wconf 83' lang='lat' dir='ltr'><strong><em>sanctorum</em></strong></span> <span class='ocrx_word' id='word_1_234' title='bbox 2849 1919 3252 1976; x_wconf 83' lang='lat' dir='ltr'><strong><em>venerationem.</em></strong></span> <span class='ocrx_word' id='word_1_235' title='bbox 3292 1919 3534 1992; x_wconf 69' lang='lat' dir='ltr'><strong><em>Optima;</em></strong></span> 
     </span>
    </p>
   </div>
   <div class='ocr_carea' id='block_1_18' title="bbox 226 2004 3544 2083">
    <p class='ocr_par' dir='ltr' id='par_1_18' title="bbox 226 2004 3544 2083">
     <span class='ocr_line' id='line_1_18' title="bbox 226 2004 3544 2083; baseline 0.002 -22"><span class='ocrx_word' id='word_1_236' title='bbox 226 2004 508 2077; x_wconf 69' lang='lat' dir='ltr'><strong><em>Hispania:</em></strong></span> <span class='ocrx_word' id='word_1_237' title='bbox 549 2010 890 2083; x_wconf 84' lang='lat' dir='ltr'><strong><em>antiquitates</em></strong></span> <span class='ocrx_word' id='word_1_238' title='bbox 930 2011 1227 2076; x_wconf 75' lang='lat' dir='ltr'><strong><em>vindicasti,</em></strong></span> <span class='ocrx_word' id='word_1_239' title='bbox 1260 2026 1344 2065; x_wconf 92' lang='lat' dir='ltr'><strong><em>res</em></strong></span> <span class='ocrx_word' id='word_1_240' title='bbox 1374 2016 1581 2064; x_wconf 76' lang='lat' dir='ltr'><strong><em>exteras</em></strong></span> <span class='ocrx_word' id='word_1_241' title='bbox 1617 2008 1920 2076; x_wconf 86' lang='lat' dir='ltr'><strong><em>illustrasti,</em></strong></span> <span class='ocrx_word' id='word_1_242' title='bbox 1953 2008 2210 2078; x_wconf 84' lang='lat' dir='ltr'><strong><em>sepultam</em></strong></span> <span class='ocrx_word' id='word_1_243' title='bbox 2242 2008 2561 2081; x_wconf 85' lang='lat' dir='ltr'><strong><em>optimarum</em></strong></span> <span class='ocrx_word' id='word_1_244' title='bbox 2589 2022 2763 2061; x_wconf 87' lang='lat' dir='ltr'><strong><em>rerum</em></strong></span> <span class='ocrx_word' id='word_1_245' title='bbox 2793 2010 3094 2063; x_wconf 74' lang='lat' dir='ltr'><strong><em>memoriam</em></strong></span> <span class='ocrx_word' id='word_1_246' title='bbox 3123 2009 3276 2082; x_wconf 89' lang='lat' dir='ltr'><strong><em>plene</em></strong></span> <span class='ocrx_word' id='word_1_247' title='bbox 3320 2010 3544 2067; x_wconf 88' lang='lat' dir='ltr'><strong><em>resusci-</em></strong></span> 
     </span>
    </p>
   </div>
   <div class='ocr_carea' id='block_1_19' title="bbox 226 2098 3538 2176">
    <p class='ocr_par' dir='ltr' id='par_1_19' title="bbox 226 2098 3538 2176">
     <span class='ocr_line' id='line_1_19' title="bbox 226 2098 3538 2176; baseline 0.003 -25"><span class='ocrx_word' id='word_1_248' title='bbox 226 2101 378 2165; x_wconf 83' lang='lat' dir='ltr'><strong><em>tasti.</em></strong></span> <span class='ocrx_word' id='word_1_249' title='bbox 412 2098 481 2153; x_wconf 86' lang='lat' dir='ltr'><strong><em>Et</em></strong></span> <span class='ocrx_word' id='word_1_250' title='bbox 509 2100 555 2155; x_wconf 90' lang='lat' dir='ltr'><strong><em>si</em></strong></span> <span class='ocrx_word' id='word_1_251' title='bbox 584 2100 868 2169; x_wconf 74' lang='lat' dir='ltr'><strong><em>prtcclaras</em></strong></span> <span class='ocrx_word' id='word_1_252' title='bbox 888 2120 1129 2175; x_wconf 83' lang='lat' dir='ltr'><strong><em>quasque</em></strong></span> <span class='ocrx_word' id='word_1_253' title='bbox 1162 2104 1397 2173; x_wconf 84' lang='lat' dir='ltr'><strong><em>nationes</em></strong></span> <span class='ocrx_word' id='word_1_254' title='bbox 1434 2118 1625 2176; x_wconf 84' lang='lat' dir='ltr'><strong><em>magno</em></strong></span> <span class='ocrx_word' id='word_1_255' title='bbox 1672 2102 1763 2157; x_wconf 90' lang='lat' dir='ltr'><strong><em>tibi</em></strong></span> <span class='ocrx_word' id='word_1_256' title='bbox 1806 2101 2081 2157; x_wconf 75' lang='lat' dir='ltr'><strong><em>deuinxisti</em></strong></span> <span class='ocrx_word' id='word_1_257' title='bbox 2129 2101 2402 2171; x_wconf 85' lang='lat' dir='ltr'><strong><em>beneﬁcio,</em></strong></span> <span class='ocrx_word' id='word_1_258' title='bbox 2450 2102 2593 2156; x_wconf 88' lang='lat' dir='ltr'><strong><em>ultra</em></strong></span> <span class='ocrx_word' id='word_1_259' title='bbox 2622 2117 2793 2155; x_wconf 88' lang='lat' dir='ltr'><strong><em>omnes</em></strong></span> <span class='ocrx_word' id='word_1_260' title='bbox 2818 2110 2911 2156; x_wconf 90' lang='lat' dir='ltr'><strong><em>tua</em></strong></span> <span class='ocrx_word' id='word_1_261' title='bbox 2954 2104 3045 2157; x_wconf 86' lang='lat' dir='ltr'><strong><em>tibi</em></strong></span> <span class='ocrx_word' id='word_1_262' title='bbox 3074 2103 3217 2159; x_wconf 77' lang='lat' dir='ltr'><strong><em>debet</em></strong></span> <span class='ocrx_word' id='word_1_263' title='bbox 3250 2104 3538 2175; x_wconf 83' lang='lat' dir='ltr'><strong><em>Hispania,</em></strong></span> 
     </span>
    </p>
   </div>
   <div class='ocr_carea' id='block_1_20' title="bbox 232 2193 3543 2268">
    <p class='ocr_par' dir='ltr' id='par_1_20' title="bbox 232 2193 3543 2268">
     <span class='ocr_line' id='line_1_20' title="bbox 232 2193 3543 2268; baseline 0.002 -23"><span class='ocrx_word' id='word_1_264' title='bbox 232 2196 392 2266; x_wconf 86' lang='lat' dir='ltr'><strong><em>cujus</em></strong></span> <span class='ocrx_word' id='word_1_265' title='bbox 420 2208 504 2247; x_wconf 89' lang='lat' dir='ltr'><strong><em>res</em></strong></span> <span class='ocrx_word' id='word_1_266' title='bbox 533 2202 712 2268; x_wconf 84' lang='lat' dir='ltr'><strong><em>utpote</em></strong></span> <span class='ocrx_word' id='word_1_267' title='bbox 750 2195 849 2249; x_wconf 88' lang='lat' dir='ltr'><strong><em>sibi</em></strong></span> <span class='ocrx_word' id='word_1_268' title='bbox 878 2196 1105 2251; x_wconf 75' lang='lat' dir='ltr'><strong><em>notiores</em></strong></span> <span class='ocrx_word' id='word_1_269' title='bbox 1137 2196 1326 2265; x_wconf 86' lang='lat' dir='ltr'><strong><em>majori</em></strong></span> <span class='ocrx_word' id='word_1_270' title='bbox 1354 2212 1482 2250; x_wconf 87' lang='lat' dir='ltr'><strong><em>cura</em></strong></span> <span class='ocrx_word' id='word_1_271' title='bbox 1518 2206 1566 2251; x_wconf 91' lang='lat' dir='ltr'><strong><em>et</em></strong></span> <span class='ocrx_word' id='word_1_272' title='bbox 1593 2196 1699 2266; x_wconf 84' lang='lat' dir='ltr'><strong><em>ﬁde</em></strong></span> <span class='ocrx_word' id='word_1_273' title='bbox 1732 2195 1926 2249; x_wconf 70' lang='lat' dir='ltr'><strong><em>Dexter</em></strong></span> <span class='ocrx_word' id='word_1_274' title='bbox 1950 2195 2167 2257; x_wconf 77' lang='lat' dir='ltr'><strong><em>notavit,</em></strong></span> <span class='ocrx_word' id='word_1_275' title='bbox 2209 2203 2257 2248; x_wconf 88' lang='lat' dir='ltr'><strong><em>et</em></strong></span> <span class='ocrx_word' id='word_1_276' title='bbox 2288 2202 2342 2247; x_wconf 90' lang='lat' dir='ltr'><strong><em>tu</em></strong></span> <span class='ocrx_word' id='word_1_277' title='bbox 2372 2194 2578 2249; x_wconf 80' lang='lat' dir='ltr'><strong><em>deruunt</em></strong></span> <span class='ocrx_word' id='word_1_278' title='bbox 2609 2193 2821 2250; x_wconf 76' lang='lat' dir='ltr'><strong><em>dextere</em></strong></span> <span class='ocrx_word' id='word_1_279' title='bbox 2847 2196 3149 2251; x_wconf 88' lang='lat' dir='ltr'><strong><em>illustrasti.</em></strong></span> <span class='ocrx_word' id='word_1_280' title='bbox 3183 2193 3361 2252; x_wconf 86' lang='lat' dir='ltr'><strong><em>Genus</em></strong></span> <span class='ocrx_word' id='word_1_281' title='bbox 3392 2214 3543 2254; x_wconf 86' lang='lat' dir='ltr'><strong><em>omne</em></strong></span> 
     </span>
    </p>
   </div>
   <div class='ocr_carea' id='block_1_21' title="bbox 232 2286 3545 2360">
    <p class='ocr_par' dir='ltr' id='par_1_21' title="bbox 232 2286 3545 2360">
     <span class='ocr_line' id='line_1_21' title="bbox 232 2286 3545 2360; baseline 0.002 -20"><span class='ocrx_word' id='word_1_282' title='bbox 232 2296 543 2341; x_wconf 87' lang='lat' dir='ltr'><strong><em>sanctorum</em></strong></span> <span class='ocrx_word' id='word_1_283' title='bbox 585 2295 804 2341; x_wconf 75' lang='lat' dir='ltr'><strong><em>vestram</em></strong></span> <span class='ocrx_word' id='word_1_284' title='bbox 838 2287 1114 2360; x_wconf 89' lang='lat' dir='ltr'><strong><em>protulisse</em></strong></span> <span class='ocrx_word' id='word_1_285' title='bbox 1145 2287 1451 2358; x_wconf 80' lang='lat' dir='ltr'><strong><em>Hesperiam</em></strong></span> <span class='ocrx_word' id='word_1_286' title='bbox 1495 2289 1721 2343; x_wconf 88' lang='lat' dir='ltr'><strong><em>ostendit</em></strong></span> <span class='ocrx_word' id='word_1_287' title='bbox 1768 2286 2066 2343; x_wconf 83' lang='lat' dir='ltr'><strong><em>onmimoda</em></strong></span> <span class='ocrx_word' id='word_1_288' title='bbox 2116 2288 2223 2341; x_wconf 79' lang='lat' dir='ltr'><strong><em>hcec</em></strong></span> <span class='ocrx_word' id='word_1_289' title='bbox 2272 2287 2516 2354; x_wconf 78' lang='lat' dir='ltr'><strong><em>historia,</em></strong></span> <span class='ocrx_word' id='word_1_290' title='bbox 2564 2288 2647 2339; x_wconf 91' lang='lat' dir='ltr'><strong><em>cui</em></strong></span> <span class='ocrx_word' id='word_1_291' title='bbox 2695 2298 2752 2341; x_wconf 90' lang='lat' dir='ltr'><strong><em>tu</em></strong></span> <span class='ocrx_word' id='word_1_292' title='bbox 2801 2287 2953 2355; x_wconf 82' lang='lat' dir='ltr'><strong><em>plene</em></strong></span> <span class='ocrx_word' id='word_1_293' title='bbox 3003 2288 3180 2357; x_wconf 86' lang='lat' dir='ltr'><strong><em>ﬁdem,</em></strong></span> <span class='ocrx_word' id='word_1_294' title='bbox 3215 2293 3545 2359; x_wconf 84' lang='lat' dir='ltr'><strong><em>quantumvis</em></strong></span> 
     </span>
    </p>
   </div>
   <div class='ocr_carea' id='block_1_22' title="bbox 237 2362 3545 2453">
    <p class='ocr_par' dir='ltr' id='par_1_22' title="bbox 237 2362 3545 2453">
     <span class='ocr_line' id='line_1_22' title="bbox 237 2362 3545 2453; baseline 0 -20"><span class='ocrx_word' id='word_1_295' title='bbox 237 2378 457 2448; x_wconf 87' lang='lat' dir='ltr'><strong><em>duram,</em></strong></span> <span class='ocrx_word' id='word_1_296' title='bbox 509 2379 662 2434; x_wconf 89' lang='lat' dir='ltr'><strong><em>docta</em></strong></span> <span class='ocrx_word' id='word_1_297' title='bbox 702 2362 1133 2437; x_wconf 87' lang='lat' dir='ltr'><strong><em>commentatione</em></strong></span> <span class='ocrx_word' id='word_1_298' title='bbox 1177 2380 1443 2436; x_wconf 89' lang='lat' dir='ltr'><strong><em>concilias.</em></strong></span> <span class='ocrx_word' id='word_1_299' title='bbox 1494 2380 1721 2436; x_wconf 76' lang='lat' dir='ltr'><strong><em>Felicem</em></strong></span> <span class='ocrx_word' id='word_1_300' title='bbox 1767 2390 1923 2446; x_wconf 77' lang='lat' dir='ltr'><strong><em>certe,</em></strong></span> <span class='ocrx_word' id='word_1_301' title='bbox 1977 2389 2022 2432; x_wconf 88' lang='lat' dir='ltr'><strong><em>et</em></strong></span> <span class='ocrx_word' id='word_1_302' title='bbox 2051 2377 2189 2433; x_wconf 90' lang='lat' dir='ltr'><strong><em>ultro</em></strong></span> <span class='ocrx_word' id='word_1_303' title='bbox 2217 2376 2679 2433; x_wconf 86' lang='lat' dir='ltr'><strong><em>commendabilem</em></strong></span> <span class='ocrx_word' id='word_1_304' title='bbox 2708 2388 2857 2433; x_wconf 91' lang='lat' dir='ltr'><strong><em>tuum</em></strong></span> <span class='ocrx_word' id='word_1_305' title='bbox 2898 2379 3121 2433; x_wconf 80' lang='lat' dir='ltr'><strong><em>evasisse</em></strong></span> <span class='ocrx_word' id='word_1_306' title='bbox 3148 2388 3389 2434; x_wconf 90' lang='lat' dir='ltr'><strong><em>conatum</em></strong></span> <span class='ocrx_word' id='word_1_307' title='bbox 3427 2385 3545 2453; x_wconf 90' lang='lat' dir='ltr'><strong><em>jam</em></strong></span> 
     </span>
    </p>
   </div>
   <div class='ocr_carea' id='block_1_23' title="bbox 235 2467 3552 2543">
    <p class='ocr_par' dir='ltr' id='par_1_23' title="bbox 235 2467 3552 2543">
     <span class='ocr_line' id='line_1_23' title="bbox 235 2467 3552 2543; baseline -0 -18"><span class='ocrx_word' id='word_1_308' title='bbox 235 2472 390 2542; x_wconf 89' lang='lat' dir='ltr'><strong><em>plene</em></strong></span> <span class='ocrx_word' id='word_1_309' title='bbox 433 2469 669 2541; x_wconf 78' lang='lat' dir='ltr'><strong><em>probavi,</em></strong></span> <span class='ocrx_word' id='word_1_310' title='bbox 720 2472 848 2525; x_wconf 86' lang='lat' dir='ltr'><strong><em>dum</em></strong></span> <span class='ocrx_word' id='word_1_311' title='bbox 893 2481 943 2526; x_wconf 90' lang='lat' dir='ltr'><strong><em>et</em></strong></span> <span class='ocrx_word' id='word_1_312' title='bbox 989 2470 1262 2538; x_wconf 73' lang='lat' dir='ltr'><strong><em>Dextrum,</em></strong></span> <span class='ocrx_word' id='word_1_313' title='bbox 1307 2469 1447 2525; x_wconf 89' lang='lat' dir='ltr'><strong><em>hunc</em></strong></span> <span class='ocrx_word' id='word_1_314' title='bbox 1492 2472 1662 2543; x_wconf 89' lang='lat' dir='ltr'><strong><em>ipsum</em></strong></span> <span class='ocrx_word' id='word_1_315' title='bbox 1707 2485 1819 2524; x_wconf 87' lang='lat' dir='ltr'><strong><em>esse</em></strong></span> <span class='ocrx_word' id='word_1_316' title='bbox 1865 2470 2083 2541; x_wconf 73' lang='lat' dir='ltr'><strong><em>{nudate</em></strong></span> <span class='ocrx_word' id='word_1_317' title='bbox 2113 2468 2412 2538; x_wconf 88' lang='lat' dir='ltr'><strong><em>conﬁrmas,</em></strong></span> <span class='ocrx_word' id='word_1_318' title='bbox 2443 2478 2491 2521; x_wconf 90' lang='lat' dir='ltr'><strong><em>et</em></strong></span> <span class='ocrx_word' id='word_1_319' title='bbox 2517 2477 2817 2522; x_wconf 88' lang='lat' dir='ltr'><strong><em>sanctorum</em></strong></span> <span class='ocrx_word' id='word_1_320' title='bbox 2844 2474 2994 2541; x_wconf 86' lang='lat' dir='ltr'><strong><em>gesta</em></strong></span> <span class='ocrx_word' id='word_1_321' title='bbox 3021 2467 3086 2522; x_wconf 90' lang='lat' dir='ltr'><strong><em>ab</em></strong></span> <span class='ocrx_word' id='word_1_322' title='bbox 3110 2469 3426 2539; x_wconf 79' lang='lat' dir='ltr'><strong><em>apocryphis</em></strong></span> <span class='ocrx_word' id='word_1_323' title='bbox 3452 2470 3552 2525; x_wconf 88' lang='lat' dir='ltr'><strong><em>rite</em></strong></span> 
     </span>
    </p>
   </div>
   <div class='ocr_carea' id='block_1_24' title="bbox 232 2562 3548 2636">
    <p class='ocr_par' dir='ltr' id='par_1_24' title="bbox 232 2562 3548 2636">
     <span class='ocr_line' id='line_1_24' title="bbox 232 2562 3548 2636; baseline 0.001 -17"><span class='ocrx_word' id='word_1_324' title='bbox 232 2565 508 2619; x_wconf 85' lang='lat' dir='ltr'><strong><em>discernis.</em></strong></span> <span class='ocrx_word' id='word_1_325' title='bbox 556 2562 773 2619; x_wconf 72' lang='lat' dir='ltr'><strong><em>(iratam</em></strong></span> <span class='ocrx_word' id='word_1_326' title='bbox 819 2565 930 2636; x_wconf 75' lang='lat' dir='ltr'><strong><em>{ore</em></strong></span> <span class='ocrx_word' id='word_1_327' title='bbox 978 2564 1216 2619; x_wconf 88' lang='lat' dir='ltr'><strong><em>omnibus</em></strong></span> <span class='ocrx_word' id='word_1_328' title='bbox 1258 2564 1394 2619; x_wconf 88' lang='lat' dir='ltr'><strong><em>hanc</em></strong></span> <span class='ocrx_word' id='word_1_329' title='bbox 1436 2572 1580 2619; x_wconf 90' lang='lat' dir='ltr'><strong><em>tuam</em></strong></span> <span class='ocrx_word' id='word_1_330' title='bbox 1624 2562 1901 2624; x_wconf 82' lang='lat' dir='ltr'><strong><em>historiam</em></strong></span> <span class='ocrx_word' id='word_1_331' title='bbox 1945 2564 2112 2618; x_wconf 90' lang='lat' dir='ltr'><strong><em>ausim</em></strong></span> <span class='ocrx_word' id='word_1_332' title='bbox 2163 2562 2438 2636; x_wconf 86' lang='lat' dir='ltr'><strong><em>spondere,</em></strong></span> <span class='ocrx_word' id='word_1_333' title='bbox 2486 2579 2605 2634; x_wconf 68' lang='lat' dir='ltr'><strong><em>quae</em></strong></span> <span class='ocrx_word' id='word_1_334' title='bbox 2650 2565 2856 2629; x_wconf 78' lang='lat' dir='ltr'><strong><em>Varios,</em></strong></span> <span class='ocrx_word' id='word_1_335' title='bbox 2888 2572 2945 2619; x_wconf 88' lang='lat' dir='ltr'><strong><em>ct</em></strong></span> <span class='ocrx_word' id='word_1_336' title='bbox 2974 2563 3296 2635; x_wconf 77' lang='lat' dir='ltr'><strong><em>omnigenos</em></strong></span> <span class='ocrx_word' id='word_1_337' title='bbox 3321 2567 3403 2636; x_wconf 92' lang='lat' dir='ltr'><strong><em>(ut</em></strong></span> <span class='ocrx_word' id='word_1_338' title='bbox 3429 2582 3548 2622; x_wconf 86' lang='lat' dir='ltr'><strong><em>cum</em></strong></span> 
     </span>
    </p>
   </div>
   <div class='ocr_carea' id='block_1_25' title="bbox 237 2655 3547 2735">
    <p class='ocr_par' dir='ltr' id='par_1_25' title="bbox 237 2655 3547 2735">
     <span class='ocr_line' id='line_1_25' title="bbox 237 2655 3547 2735; baseline 0 -21"><span class='ocrx_word' id='word_1_339' title='bbox 237 2666 443 2714; x_wconf 72' lang='lat' dir='ltr'><strong><em>vetusto</em></strong></span> <span class='ocrx_word' id='word_1_340' title='bbox 487 2668 534 2735; x_wconf 83' lang='lat' dir='ltr'><strong><em>et</em></strong></span> <span class='ocrx_word' id='word_1_341' title='bbox 585 2657 730 2729; x_wconf 78' lang='lat' dir='ltr'><strong><em>gravi</em></strong></span> <span class='ocrx_word' id='word_1_342' title='bbox 764 2655 953 2729; x_wconf 84' lang='lat' dir='ltr'><strong><em>loquar</em></strong></span> <span class='ocrx_word' id='word_1_343' title='bbox 997 2657 1271 2731; x_wconf 88' lang='lat' dir='ltr'><strong><em>historico)</em></strong></span> <span class='ocrx_word' id='word_1_344' title='bbox 1316 2657 1513 2713; x_wconf 84' lang='lat' dir='ltr'><strong><em>ﬂorum</em></strong></span> <span class='ocrx_word' id='word_1_345' title='bbox 1560 2665 1938 2721; x_wconf 86' lang='lat' dir='ltr'><strong><em>coruscantes,</em></strong></span> <span class='ocrx_word' id='word_1_346' title='bbox 1976 2666 2033 2711; x_wconf 89' lang='lat' dir='ltr'><strong><em>et</em></strong></span> <span class='ocrx_word' id='word_1_347' title='bbox 2059 2671 2256 2712; x_wconf 89' lang='lat' dir='ltr'><strong><em>aureos</em></strong></span> <span class='ocrx_word' id='word_1_348' title='bbox 2302 2656 2468 2711; x_wconf 86' lang='lat' dir='ltr'><strong><em>habct</em></strong></span> <span class='ocrx_word' id='word_1_349' title='bbox 2513 2657 2757 2723; x_wconf 84' lang='lat' dir='ltr'><strong><em>colores,</em></strong></span> <span class='ocrx_word' id='word_1_350' title='bbox 2805 2671 2969 2725; x_wconf 88' lang='lat' dir='ltr'><strong><em>quam</em></strong></span> <span class='ocrx_word' id='word_1_351' title='bbox 3017 2655 3217 2726; x_wconf 82' lang='lat' dir='ltr'><strong><em>aliquis</em></strong></span> <span class='ocrx_word' id='word_1_352' title='bbox 3255 2659 3547 2729; x_wconf 78' lang='lat' dir='ltr'><strong><em>aptissime</em></strong></span> 
     </span>
    </p>
   </div>
   <div class='ocr_carea' id='block_1_26' title="bbox 237 2748 3550 2825">
    <p class='ocr_par' dir='ltr' id='par_1_26' title="bbox 237 2748 3550 2825">
     <span class='ocr_line' id='line_1_26' title="bbox 237 2748 3550 2825; baseline -0.002 -16"><span class='ocrx_word' id='word_1_353' title='bbox 237 2754 362 2825; x_wconf 77' lang='lat' dir='ltr'><strong><em>agri</em></strong></span> <span class='ocrx_word' id='word_1_354' title='bbox 394 2751 615 2808; x_wconf 78' lang='lat' dir='ltr'><strong><em>hortum</em></strong></span> <span class='ocrx_word' id='word_1_355' title='bbox 649 2751 946 2808; x_wconf 83' lang='lat' dir='ltr'><strong><em>herbarum</em></strong></span> <span class='ocrx_word' id='word_1_356' title='bbox 979 2750 1225 2806; x_wconf 89' lang='lat' dir='ltr'><strong><em>omnium</em></strong></span> <span class='ocrx_word' id='word_1_357' title='bbox 1274 2751 1509 2807; x_wconf 74' lang='lat' dir='ltr'><strong><em>feracem</em></strong></span> <span class='ocrx_word' id='word_1_358' title='bbox 1557 2750 1783 2807; x_wconf 82' lang='lat' dir='ltr'><strong><em>dixerit.</em></strong></span> <span class='ocrx_word' id='word_1_359' title='bbox 1820 2748 2172 2804; x_wconf 86' lang='lat' dir='ltr'><strong><em>P0tissimum</em></strong></span> <span class='ocrx_word' id='word_1_360' title='bbox 2205 2764 2341 2805; x_wconf 78' lang='lat' dir='ltr'><strong><em>veto</em></strong></span> <span class='ocrx_word' id='word_1_361' title='bbox 2366 2749 2475 2804; x_wconf 68' lang='lat' dir='ltr'><strong><em>illis</em></strong></span> <span class='ocrx_word' id='word_1_362' title='bbox 2508 2748 2743 2804; x_wconf 80' lang='lat' dir='ltr'><strong><em>miriﬁce</em></strong></span> <span class='ocrx_word' id='word_1_363' title='bbox 2793 2750 3057 2815; x_wconf 81' lang='lat' dir='ltr'><strong><em>abundat,</em></strong></span> <span class='ocrx_word' id='word_1_364' title='bbox 3098 2750 3188 2820; x_wconf 87' lang='lat' dir='ltr'><strong><em>qui</em></strong></span> <span class='ocrx_word' id='word_1_365' title='bbox 3221 2749 3550 2821; x_wconf 81' lang='lat' dir='ltr'><strong><em>pullulantes</em></strong></span> 
     </span>
    </p>
   </div>
   <div class='ocr_carea' id='block_1_27' title="bbox 243 2840 3550 2916">
    <p class='ocr_par' dir='ltr' id='par_1_27' title="bbox 243 2840 3550 2916">
     <span class='ocr_line' id='line_1_27' title="bbox 243 2840 3550 2916; baseline 0 -16"><span class='ocrx_word' id='word_1_366' title='bbox 243 2842 610 2909; x_wconf 75' lang='lat' dir='ltr'><strong><em>candcscunt,</em></strong></span> <span class='ocrx_word' id='word_1_367' title='bbox 641 2853 695 2899; x_wconf 86' lang='lat' dir='ltr'><strong><em>ct</em></strong></span> <span class='ocrx_word' id='word_1_368' title='bbox 725 2845 812 2912; x_wconf 88' lang='lat' dir='ltr'><strong><em>qui</em></strong></span> <span class='ocrx_word' id='word_1_369' title='bbox 860 2858 1126 2916; x_wconf 87' lang='lat' dir='ltr'><strong><em>purpurea</em></strong></span> <span class='ocrx_word' id='word_1_370' title='bbox 1161 2842 1346 2914; x_wconf 85' lang='lat' dir='ltr'><strong><em>specie</em></strong></span> <span class='ocrx_word' id='word_1_371' title='bbox 1377 2842 1599 2910; x_wconf 81' lang='lat' dir='ltr'><strong><em>ﬂorent,</em></strong></span> <span class='ocrx_word' id='word_1_372' title='bbox 1629 2841 1829 2914; x_wconf 83' lang='lat' dir='ltr'><strong><em>quique</em></strong></span> <span class='ocrx_word' id='word_1_373' title='bbox 1859 2844 2039 2897; x_wconf 77' lang='lat' dir='ltr'><strong><em>nitore</em></strong></span> <span class='ocrx_word' id='word_1_374' title='bbox 2070 2842 2136 2896; x_wconf 85' lang='lat' dir='ltr'><strong><em>ad</em></strong></span> <span class='ocrx_word' id='word_1_375' title='bbox 2172 2840 2512 2912; x_wconf 77' lang='lat' dir='ltr'><strong><em>nigrediuein</em></strong></span> <span class='ocrx_word' id='word_1_376' title='bbox 2546 2842 2718 2911; x_wconf 80' lang='lat' dir='ltr'><strong><em>magis</em></strong></span> <span class='ocrx_word' id='word_1_377' title='bbox 2751 2849 3062 2911; x_wconf 76' lang='lat' dir='ltr'><strong><em>vergentes,</em></strong></span> <span class='ocrx_word' id='word_1_378' title='bbox 3096 2858 3261 2914; x_wconf 85' lang='lat' dir='ltr'><strong><em>quam</em></strong></span> <span class='ocrx_word' id='word_1_379' title='bbox 3311 2845 3550 2903; x_wconf 78' lang='lat' dir='ltr'><strong><em>maxime</em></strong></span> 
     </span>
    </p>
   </div>
   <div class='ocr_carea' id='block_1_28' title="bbox 210 2933 3555 3017">
    <p class='ocr_par' dir='ltr' id='par_1_28' title="bbox 210 2933 3555 3017">
     <span class='ocr_line' id='line_1_28' title="bbox 210 2933 3555 3017; baseline 0.001 -24"><span class='ocrx_word' id='word_1_380' title='bbox 210 2935 530 3017; x_wconf 80' lang='lat' dir='ltr'><strong><em>_reluccnt_.</em></strong></span> <span class='ocrx_word' id='word_1_381' title='bbox 565 2934 984 2991; x_wconf 87' lang='lat' dir='ltr'><strong><em>Ilierarcharum</em></strong></span> <span class='ocrx_word' id='word_1_382' title='bbox 1026 2936 1167 2991; x_wconf 79' lang='lat' dir='ltr'><strong><em>Stola</em></strong></span> <span class='ocrx_word' id='word_1_383' title='bbox 1199 2937 1324 2990; x_wconf 73' lang='lat' dir='ltr'><strong><em>vita:</em></strong></span> <span class='ocrx_word' id='word_1_384' title='bbox 1352 2936 1645 2990; x_wconf 76' lang='lat' dir='ltr'><strong><em>sanctitate</em></strong></span> <span class='ocrx_word' id='word_1_385' title='bbox 1677 2950 1839 3004; x_wconf 71' lang='lat' dir='ltr'><strong><em>supra</em></strong></span> <span class='ocrx_word' id='word_1_386' title='bbox 1885 2936 2058 2989; x_wconf 86' lang='lat' dir='ltr'><strong><em>solem</em></strong></span> <span class='ocrx_word' id='word_1_387' title='bbox 2106 2933 2284 3003; x_wconf 88' lang='lat' dir='ltr'><strong><em>ipsum</em></strong></span> <span class='ocrx_word' id='word_1_388' title='bbox 2318 2948 2636 3005; x_wconf 81' lang='lat' dir='ltr'><strong><em>coruscans,</em></strong></span> <span class='ocrx_word' id='word_1_389' title='bbox 2684 2944 2741 2991; x_wconf 89' lang='lat' dir='ltr'><strong><em>et</em></strong></span> <span class='ocrx_word' id='word_1_390' title='bbox 2786 2944 3088 3007; x_wconf 86' lang='lat' dir='ltr'><strong><em>martyrum</em></strong></span> <span class='ocrx_word' id='word_1_391' title='bbox 3115 2953 3266 3007; x_wconf 87' lang='lat' dir='ltr'><strong><em>vera,</em></strong></span> <span class='ocrx_word' id='word_1_392' title='bbox 3303 2948 3359 2996; x_wconf 89' lang='lat' dir='ltr'><strong><em>et</em></strong></span> <span class='ocrx_word' id='word_1_393' title='bbox 3389 2955 3555 2997; x_wconf 81' lang='lat' dir='ltr'><strong><em>vene-</em></strong></span> 
     </span>
    </p>
   </div>
   <div class='ocr_carea' id='block_1_29' title="bbox 176 3027 3558 3102">
    <p class='ocr_par' dir='ltr' id='par_1_29' title="bbox 176 3027 3558 3102">
     <span class='ocr_line' id='line_1_29' title="bbox 176 3027 3558 3102; baseline 0 -15"><span class='ocrx_word' id='word_1_394' title='bbox 176 3058 179 3059; x_wconf 52' lang='grc' dir='ltr'><em>ν</em></span> <span class='ocrx_word' id='word_1_395' title='bbox 244 3030 425 3087; x_wconf 81' lang='lat' dir='ltr'><strong><em>randa</em></strong></span> <span class='ocrx_word' id='word_1_396' title='bbox 475 3044 735 3100; x_wconf 76' lang='lat' dir='ltr'><strong><em>purpura,</em></strong></span> <span class='ocrx_word' id='word_1_397' title='bbox 782 3030 1050 3101; x_wconf 74' lang='lat' dir='ltr'><strong><em>sanguine</em></strong></span> <span class='ocrx_word' id='word_1_398' title='bbox 1099 3044 1289 3084; x_wconf 87' lang='lat' dir='ltr'><strong><em>eorum</em></strong></span> <span class='ocrx_word' id='word_1_399' title='bbox 1333 3030 1540 3098; x_wconf 77' lang='lat' dir='ltr'><strong><em>prolixe</em></strong></span> <span class='ocrx_word' id='word_1_400' title='bbox 1591 3029 1759 3082; x_wconf 88' lang='lat' dir='ltr'><strong><em>tincta</em></strong></span> <span class='ocrx_word' id='word_1_401' title='bbox 1811 3036 1972 3100; x_wconf 76' lang='lat' dir='ltr'><strong><em>atque</em></strong></span> <span class='ocrx_word' id='word_1_402' title='bbox 2022 3027 2216 3098; x_wconf 78' lang='lat' dir='ltr'><strong><em>rigata,</em></strong></span> <span class='ocrx_word' id='word_1_403' title='bbox 2269 3028 2492 3097; x_wconf 67' lang='lat' dir='ltr'><strong><em>insuper</em></strong></span> <span class='ocrx_word' id='word_1_404' title='bbox 2541 3027 2675 3083; x_wconf 91' lang='lat' dir='ltr'><strong><em>lucis</em></strong></span> <span class='ocrx_word' id='word_1_405' title='bbox 2719 3029 3063 3085; x_wconf 78' lang='lat' dir='ltr'><strong><em>conciliatrix</em></strong></span> <span class='ocrx_word' id='word_1_406' title='bbox 3114 3032 3451 3102; x_wconf 73' lang='lat' dir='ltr'><strong><em>nigresceus,</em></strong></span> <span class='ocrx_word' id='word_1_407' title='bbox 3500 3041 3558 3088; x_wconf 87' lang='lat' dir='ltr'><strong><em>et</em></strong></span> 
     </span>
    </p>
   </div>
   <div class='ocr_carea' id='block_1_30' title="bbox 246 3118 3551 3195">
    <p class='ocr_par' dir='ltr' id='par_1_30' title="bbox 246 3118 3551 3195">
     <span class='ocr_line' id='line_1_30' title="bbox 246 3118 3551 3195; baseline 0 -16"><span class='ocrx_word' id='word_1_408' title='bbox 246 3124 521 3179; x_wconf 86' lang='lat' dir='ltr'><strong><em>divinitus</em></strong></span> <span class='ocrx_word' id='word_1_409' title='bbox 549 3132 807 3179; x_wconf 79' lang='lat' dir='ltr'><strong><em>contexta</em></strong></span> <span class='ocrx_word' id='word_1_410' title='bbox 837 3125 1007 3180; x_wconf 81' lang='lat' dir='ltr'><strong><em>vestis</em></strong></span> <span class='ocrx_word' id='word_1_411' title='bbox 1051 3123 1160 3179; x_wconf 86' lang='lat' dir='ltr'><strong><em>illis</em></strong></span> <span class='ocrx_word' id='word_1_412' title='bbox 1206 3121 1505 3179; x_wconf 82' lang='lat' dir='ltr'><strong><em>admodum</em></strong></span> <span class='ocrx_word' id='word_1_413' title='bbox 1549 3135 1883 3192; x_wconf 79' lang='lat' dir='ltr'><strong><em>congruens,</em></strong></span> <span class='ocrx_word' id='word_1_414' title='bbox 1928 3119 2019 3189; x_wconf 89' lang='lat' dir='ltr'><strong><em>qui</em></strong></span> <span class='ocrx_word' id='word_1_415' title='bbox 2067 3118 2132 3174; x_wconf 87' lang='lat' dir='ltr'><strong><em>ad</em></strong></span> <span class='ocrx_word' id='word_1_416' title='bbox 2165 3118 2329 3174; x_wconf 86' lang='lat' dir='ltr'><strong><em>vitam</em></strong></span> <span class='ocrx_word' id='word_1_417' title='bbox 2373 3118 2677 3190; x_wconf 78' lang='lat' dir='ltr'><strong><em>angelicam</em></strong></span> <span class='ocrx_word' id='word_1_418' title='bbox 2708 3121 3048 3177; x_wconf 83' lang='lat' dir='ltr'><strong><em>contendunt</em></strong></span> <span class='ocrx_word' id='word_1_419' title='bbox 3089 3133 3255 3195; x_wconf 82' lang='lat' dir='ltr'><strong><em>atque</em></strong></span> <span class='ocrx_word' id='word_1_420' title='bbox 3283 3123 3551 3193; x_wconf 75' lang='lat' dir='ltr'><strong><em>napirant.</em></strong></span> 
     </span>
    </p>
   </div>
   <div class='ocr_carea' id='block_1_31' title="bbox 252 3212 3556 3289">
    <p class='ocr_par' dir='ltr' id='par_1_31' title="bbox 252 3212 3556 3289">
     <span class='ocr_line' id='line_1_31' title="bbox 252 3212 3556 3289; baseline -0.001 -15"><span class='ocrx_word' id='word_1_421' title='bbox 252 3217 336 3274; x_wconf 76' lang='lat' dir='ltr'><strong><em>Ex</em></strong></span> <span class='ocrx_word' id='word_1_422' title='bbox 380 3219 581 3289; x_wconf 85' lang='lat' dir='ltr'><strong><em>quibus</em></strong></span> <span class='ocrx_word' id='word_1_423' title='bbox 621 3217 825 3274; x_wconf 83' lang='lat' dir='ltr'><strong><em>Christi</em></strong></span> <span class='ocrx_word' id='word_1_424' title='bbox 868 3216 1112 3277; x_wconf 82' lang='lat' dir='ltr'><strong><em>Ecclesia</em></strong></span> <span class='ocrx_word' id='word_1_425' title='bbox 1160 3231 1388 3272; x_wconf 82' lang='lat' dir='ltr'><strong><em>aureum</em></strong></span> <span class='ocrx_word' id='word_1_426' title='bbox 1437 3230 1664 3285; x_wconf 80' lang='lat' dir='ltr'><strong><em>prorsus</em></strong></span> <span class='ocrx_word' id='word_1_427' title='bbox 1710 3212 2007 3270; x_wconf 71' lang='lat' dir='ltr'><strong><em>virtutibus</em></strong></span> <span class='ocrx_word' id='word_1_428' title='bbox 2058 3213 2470 3268; x_wconf 80' lang='lat' dir='ltr'><strong><em>circumamicta</em></strong></span> <span class='ocrx_word' id='word_1_429' title='bbox 2518 3221 2793 3283; x_wconf 88' lang='lat' dir='ltr'><strong><em>ornatum,</em></strong></span> <span class='ocrx_word' id='word_1_430' title='bbox 2827 3214 2994 3269; x_wconf 88' lang='lat' dir='ltr'><strong><em>veluti</em></strong></span> <span class='ocrx_word' id='word_1_431' title='bbox 3041 3214 3291 3285; x_wconf 69' lang='lat' dir='ltr'><strong><em>quaedam</em></strong></span> <span class='ocrx_word' id='word_1_432' title='bbox 3330 3216 3556 3285; x_wconf 75' lang='lat' dir='ltr'><strong><em>sponsa,</em></strong></span> 
     </span>
    </p>
   </div>
   <div class='ocr_carea' id='block_1_32' title="bbox 245 3304 3563 3381">
    <p class='ocr_par' dir='ltr' id='par_1_32' title="bbox 245 3304 3563 3381">
     <span class='ocr_line' id='line_1_32' title="bbox 245 3304 3563 3381; baseline -0.001 -14"><span class='ocrx_word' id='word_1_433' title='bbox 245 3325 372 3367; x_wconf 85' lang='lat' dir='ltr'><strong><em>rem</em></strong></span> <span class='ocrx_word' id='word_1_434' title='bbox 417 3312 665 3381; x_wconf 88' lang='lat' dir='ltr'><strong><em>omnium</em></strong></span> <span class='ocrx_word' id='word_1_435' title='bbox 714 3310 1143 3381; x_wconf 83' lang='lat' dir='ltr'><strong><em>pulcherrimam</em></strong></span> <span class='ocrx_word' id='word_1_436' title='bbox 1188 3309 1565 3364; x_wconf 84' lang='lat' dir='ltr'><strong><em>universitatis</em></strong></span> <span class='ocrx_word' id='word_1_437' title='bbox 1614 3306 1778 3376; x_wconf 87' lang='lat' dir='ltr'><strong><em>hujus</em></strong></span> <span class='ocrx_word' id='word_1_438' title='bbox 1827 3304 2071 3372; x_wconf 70' lang='lat' dir='ltr'><strong><em>exhibet,</em></strong></span> <span class='ocrx_word' id='word_1_439' title='bbox 2124 3314 2288 3376; x_wconf 86' lang='lat' dir='ltr'><strong><em>atque</em></strong></span> <span class='ocrx_word' id='word_1_440' title='bbox 2334 3312 2701 3375; x_wconf 69' lang='lat' dir='ltr'><strong><em>repraesentat</em></strong></span> <span class='ocrx_word' id='word_1_441' title='bbox 2746 3321 2933 3377; x_wconf 75' lang='lat' dir='ltr'><strong><em>regunt</em></strong></span> <span class='ocrx_word' id='word_1_442' title='bbox 2965 3307 3209 3363; x_wconf 88' lang='lat' dir='ltr'><strong><em>omnium</em></strong></span> <span class='ocrx_word' id='word_1_443' title='bbox 3242 3307 3563 3379; x_wconf 83' lang='lat' dir='ltr'><strong><em>imperatori</em></strong></span> 
     </span>
    </p>
   </div>
   <div class='ocr_carea' id='block_1_33' title="bbox 251 3380 3562 3475">
    <p class='ocr_par' dir='ltr' id='par_1_33' title="bbox 251 3380 3562 3475">
     <span class='ocr_line' id='line_1_33' title="bbox 251 3380 3562 3475; baseline -0.001 -19"><span class='ocrx_word' id='word_1_444' title='bbox 251 3380 590 3475; x_wconf 68' lang='lat' dir='ltr'><strong><em>(Nicephor.</em></strong></span> <span class='ocrx_word' id='word_1_445' title='bbox 624 3402 676 3457; x_wconf 88' lang='lat' dir='ltr'><strong><em>in</em></strong></span> <span class='ocrx_word' id='word_1_446' title='bbox 706 3380 932 3456; x_wconf 81' lang='lat' dir='ltr'><strong><em>dedicat.</em></strong></span> <span class='ocrx_word' id='word_1_447' title='bbox 963 3400 1032 3453; x_wconf 90' lang='lat' dir='ltr'><strong><em>ad</em></strong></span> <span class='ocrx_word' id='word_1_448' title='bbox 1075 3398 1343 3454; x_wconf 80' lang='lat' dir='ltr'><strong><em>Andronic</em></strong></span> <span class='ocrx_word' id='word_1_449' title='bbox 1381 3399 1622 3470; x_wconf 86' lang='lat' dir='ltr'><strong><em>imperat.</em></strong></span> <span class='ocrx_word' id='word_1_450' title='bbox 1648 3396 1693 3467; x_wconf 94' lang='lat'><strong><em>).</em></strong></span> <span class='ocrx_word' id='word_1_451' title='bbox 1728 3393 1872 3467; x_wconf 87' lang='lat' dir='ltr'><strong><em>Opus</em></strong></span> <span class='ocrx_word' id='word_1_452' title='bbox 1917 3395 2095 3468; x_wconf 89' lang='lat' dir='ltr'><strong><em>itaque</em></strong></span> <span class='ocrx_word' id='word_1_453' title='bbox 2140 3403 2285 3450; x_wconf 89' lang='lat' dir='ltr'><strong><em>tuum</em></strong></span> <span class='ocrx_word' id='word_1_454' title='bbox 2316 3393 2553 3449; x_wconf 89' lang='lat' dir='ltr'><strong><em>omnibus</em></strong></span> <span class='ocrx_word' id='word_1_455' title='bbox 2584 3394 2860 3465; x_wconf 89' lang='lat' dir='ltr'><strong><em>probatum</em></strong></span> <span class='ocrx_word' id='word_1_456' title='bbox 2906 3396 2974 3451; x_wconf 90' lang='lat' dir='ltr'><strong><em>iri</em></strong></span> <span class='ocrx_word' id='word_1_457' title='bbox 3021 3411 3125 3453; x_wconf 89' lang='lat' dir='ltr'><strong><em>non</em></strong></span> <span class='ocrx_word' id='word_1_458' title='bbox 3151 3396 3376 3464; x_wconf 82' lang='lat' dir='ltr'><strong><em>dubites,</em></strong></span> <span class='ocrx_word' id='word_1_459' title='bbox 3405 3408 3562 3470; x_wconf 84' lang='lat' dir='ltr'><strong><em>atque</em></strong></span> 
     </span>
    </p>
   </div>
   <div class='ocr_carea' id='block_1_34' title="bbox 245 3485 3571 3562">
    <p class='ocr_par' dir='ltr' id='par_1_34' title="bbox 245 3485 3571 3562">
     <span class='ocr_line' id='line_1_34' title="bbox 245 3485 3571 3562; baseline -0.001 -15"><span class='ocrx_word' id='word_1_460' title='bbox 245 3492 379 3548; x_wconf 82' lang='lat' dir='ltr'><strong><em>hinc</em></strong></span> <span class='ocrx_word' id='word_1_461' title='bbox 418 3508 512 3562; x_wconf 86' lang='lat' dir='ltr'><strong><em>ego</em></strong></span> <span class='ocrx_word' id='word_1_462' title='bbox 561 3491 785 3546; x_wconf 74' lang='lat' dir='ltr'><strong><em>dixerint</em></strong></span> <span class='ocrx_word' id='word_1_463' title='bbox 830 3487 1236 3562; x_wconf 82' lang='lat' dir='ltr'><strong><em>improbandum</em></strong></span> <span class='ocrx_word' id='word_1_464' title='bbox 1278 3499 1601 3562; x_wconf 82' lang='lat' dir='ltr'><strong><em>postremum</em></strong></span> <span class='ocrx_word' id='word_1_465' title='bbox 1646 3496 1793 3541; x_wconf 88' lang='lat' dir='ltr'><strong><em>tuum</em></strong></span> <span class='ocrx_word' id='word_1_466' title='bbox 1844 3494 1891 3542; x_wconf 90' lang='lat' dir='ltr'><strong><em>et</em></strong></span> <span class='ocrx_word' id='word_1_467' title='bbox 1936 3502 2115 3542; x_wconf 88' lang='lat' dir='ltr'><strong><em>recens</em></strong></span> <span class='ocrx_word' id='word_1_468' title='bbox 2160 3485 2458 3543; x_wconf 88' lang='lat' dir='ltr'><strong><em>consilium.</em></strong></span> <span class='ocrx_word' id='word_1_469' title='bbox 2523 3487 2714 3543; x_wconf 82' lang='lat' dir='ltr'><strong><em>Omnes</em></strong></span> <span class='ocrx_word' id='word_1_470' title='bbox 2763 3496 2898 3543; x_wconf 89' lang='lat' dir='ltr'><strong><em>certe</em></strong></span> <span class='ocrx_word' id='word_1_471' title='bbox 2957 3488 3373 3545; x_wconf 87' lang='lat' dir='ltr'><strong><em>condenmabunt</em></strong></span> <span class='ocrx_word' id='word_1_472' title='bbox 3422 3500 3571 3545; x_wconf 84' lang='lat' dir='ltr'><strong><em>tuum</em></strong></span> 
     </span>
    </p>
   </div>
   <div class='ocr_carea' id='block_1_35' title="bbox 251 3578 3564 3651">
    <p class='ocr_par' dir='ltr' id='par_1_35' title="bbox 251 3578 3564 3651">
     <span class='ocr_line' id='line_1_35' title="bbox 251 3578 3564 3651; baseline -0.002 -8"><span class='ocrx_word' id='word_1_473' title='bbox 251 3601 491 3643; x_wconf 82' lang='lat' dir='ltr'><strong><em>secessus</em></strong></span> <span class='ocrx_word' id='word_1_474' title='bbox 523 3583 862 3648; x_wconf 85' lang='lat' dir='ltr'><strong><em>desiderium,</em></strong></span> <span class='ocrx_word' id='word_1_475' title='bbox 894 3593 940 3638; x_wconf 90' lang='lat' dir='ltr'><strong><em>et</em></strong></span> <span class='ocrx_word' id='word_1_476' title='bbox 973 3598 1228 3637; x_wconf 85' lang='lat' dir='ltr'><strong><em>recessum</em></strong></span> <span class='ocrx_word' id='word_1_477' title='bbox 1250 3582 1304 3635; x_wconf 91' lang='lat' dir='ltr'><strong><em>iu</em></strong></span> <span class='ocrx_word' id='word_1_478' title='bbox 1329 3581 1682 3637; x_wconf 89' lang='lat' dir='ltr'><strong><em>solitudinem.</em></strong></span> <span class='ocrx_word' id='word_1_479' title='bbox 1716 3580 1923 3635; x_wconf 80' lang='lat' dir='ltr'><strong><em>Annon</em></strong></span> <span class='ocrx_word' id='word_1_480' title='bbox 1950 3590 1997 3634; x_wconf 93' lang='lat' dir='ltr'><strong><em>et</em></strong></span> <span class='ocrx_word' id='word_1_481' title='bbox 2026 3580 2226 3651; x_wconf 89' lang='lat' dir='ltr'><strong><em>pacatis</em></strong></span> <span class='ocrx_word' id='word_1_482' title='bbox 2251 3581 2396 3647; x_wconf 81' lang='lat' dir='ltr'><strong><em>uiris,</em></strong></span> <span class='ocrx_word' id='word_1_483' title='bbox 2433 3582 2509 3636; x_wconf 86' lang='lat' dir='ltr'><strong><em>tui</em></strong></span> <span class='ocrx_word' id='word_1_484' title='bbox 2535 3579 2817 3649; x_wconf 86' lang='lat' dir='ltr'><strong><em>similibus,</em></strong></span> <span class='ocrx_word' id='word_1_485' title='bbox 2852 3580 2907 3636; x_wconf 86' lang='lat' dir='ltr'><strong><em>in</em></strong></span> <span class='ocrx_word' id='word_1_486' title='bbox 2936 3580 3111 3636; x_wconf 84' lang='lat' dir='ltr'><strong><em>media</em></strong></span> <span class='ocrx_word' id='word_1_487' title='bbox 3144 3578 3283 3637; x_wconf 84' lang='lat' dir='ltr'><strong><em>Urbe</em></strong></span> <span class='ocrx_word' id='word_1_488' title='bbox 3307 3596 3564 3650; x_wconf 86' lang='lat' dir='ltr'><strong><em>secessus,</em></strong></span> 
     </span>
    </p>
   </div>
   <div class='ocr_carea' id='block_1_36' title="bbox 251 3670 3576 3745">
    <p class='ocr_par' dir='ltr' id='par_1_36' title="bbox 251 3670 3576 3745">
     <span class='ocr_line' id='line_1_36' title="bbox 251 3670 3576 3745; baseline -0.001 -13"><span class='ocrx_word' id='word_1_489' title='bbox 251 3689 301 3732; x_wconf 90' lang='lat' dir='ltr'><strong><em>et</em></strong></span> <span class='ocrx_word' id='word_1_490' title='bbox 330 3678 390 3732; x_wconf 85' lang='lat' dir='ltr'><strong><em>in</em></strong></span> <span class='ocrx_word' id='word_1_491' title='bbox 437 3676 546 3741; x_wconf 77' lang='lat' dir='ltr'><strong><em>fori</em></strong></span> <span class='ocrx_word' id='word_1_492' title='bbox 573 3677 792 3745; x_wconf 89' lang='lat' dir='ltr'><strong><em>strepitu</em></strong></span> <span class='ocrx_word' id='word_1_493' title='bbox 819 3671 1090 3728; x_wconf 82' lang='lat' dir='ltr'><strong><em>solitudo?</em></strong></span> <span class='ocrx_word' id='word_1_494' title='bbox 1118 3671 1275 3726; x_wconf 89' lang='lat' dir='ltr'><strong><em>Itane</em></strong></span> <span class='ocrx_word' id='word_1_495' title='bbox 1319 3687 1528 3726; x_wconf 89' lang='lat' dir='ltr'><strong><em>manum</em></strong></span> <span class='ocrx_word' id='word_1_496' title='bbox 1557 3687 1589 3724; x_wconf 92' lang='lat' dir='ltr'><strong><em>a</em></strong></span> <span class='ocrx_word' id='word_1_497' title='bbox 1618 3670 1842 3738; x_wconf 85' lang='lat' dir='ltr'><strong><em>calamo,</em></strong></span> <span class='ocrx_word' id='word_1_498' title='bbox 1873 3671 2108 3725; x_wconf 88' lang='lat' dir='ltr'><strong><em>animum</em></strong></span> <span class='ocrx_word' id='word_1_499' title='bbox 2134 3688 2165 3725; x_wconf 92' lang='lat' dir='ltr'><strong><em>a</em></strong></span> <span class='ocrx_word' id='word_1_500' title='bbox 2194 3672 2383 3726; x_wconf 89' lang='lat' dir='ltr'><strong><em>studiis</em></strong></span> <span class='ocrx_word' id='word_1_501' title='bbox 2410 3674 2584 3728; x_wconf 80' lang='lat' dir='ltr'><strong><em>media</em></strong></span> <span class='ocrx_word' id='word_1_502' title='bbox 2626 3682 2781 3729; x_wconf 75' lang='lat' dir='ltr'><strong><em>tetate</em></strong></span> <span class='ocrx_word' id='word_1_503' title='bbox 2828 3675 3092 3729; x_wconf 84' lang='lat' dir='ltr'><strong><em>retrahere</em></strong></span> <span class='ocrx_word' id='word_1_504' title='bbox 3137 3673 3332 3741; x_wconf 88' lang='lat' dir='ltr'><strong><em>decuit,</em></strong></span> <span class='ocrx_word' id='word_1_505' title='bbox 3367 3683 3415 3730; x_wconf 90' lang='lat' dir='ltr'><strong><em>et</em></strong></span> <span class='ocrx_word' id='word_1_506' title='bbox 3445 3675 3576 3730; x_wconf 81' lang='lat' dir='ltr'><strong><em>soli-</em></strong></span> 
     </span>
    </p>
   </div>
   <div class='ocr_carea' id='block_1_37' title="bbox 265 3761 3571 3838">
    <p class='ocr_par' dir='ltr' id='par_1_37' title="bbox 265 3761 3571 3838">
     <span class='ocr_line' id='line_1_37' title="bbox 265 3761 3571 3838; baseline -0.001 -15"><span class='ocrx_word' id='word_1_507' title='bbox 265 3769 420 3823; x_wconf 60' lang='lat' dir='ltr'><strong><em>twice</em></strong></span> <span class='ocrx_word' id='word_1_508' title='bbox 458 3766 661 3838; x_wconf 89' lang='lat' dir='ltr'><strong><em>placuit</em></strong></span> <span class='ocrx_word' id='word_1_509' title='bbox 710 3764 921 3819; x_wconf 84' lang='lat' dir='ltr'><strong><em>studere</em></strong></span> <span class='ocrx_word' id='word_1_510' title='bbox 965 3764 1161 3836; x_wconf 87' lang='lat' dir='ltr'><strong><em>quieti?</em></strong></span> <span class='ocrx_word' id='word_1_511' title='bbox 1206 3761 1358 3829; x_wconf 83' lang='lat' dir='ltr'><strong><em>Care,</em></strong></span> <span class='ocrx_word' id='word_1_512' title='bbox 1406 3761 1484 3815; x_wconf 78' lang='lat' dir='ltr'><strong><em>vir</em></strong></span> <span class='ocrx_word' id='word_1_513' title='bbox 1529 3761 1742 3833; x_wconf 87' lang='lat' dir='ltr'><strong><em>optime,</em></strong></span> <span class='ocrx_word' id='word_1_514' title='bbox 1791 3776 1854 3815; x_wconf 87' lang='lat' dir='ltr'><strong><em>ne</em></strong></span> <span class='ocrx_word' id='word_1_515' title='bbox 1892 3761 2149 3817; x_wconf 88' lang='lat' dir='ltr'><strong><em>talentum</em></strong></span> <span class='ocrx_word' id='word_1_516' title='bbox 2186 3763 2381 3818; x_wconf 90' lang='lat' dir='ltr'><strong><em>dicaris</em></strong></span> <span class='ocrx_word' id='word_1_517' title='bbox 2411 3762 2750 3829; x_wconf 84' lang='lat' dir='ltr'><strong><em>abscondere,</em></strong></span> <span class='ocrx_word' id='word_1_518' title='bbox 2784 3774 2831 3819; x_wconf 91' lang='lat' dir='ltr'><strong><em>et</em></strong></span> <span class='ocrx_word' id='word_1_519' title='bbox 2862 3764 3028 3818; x_wconf 88' lang='lat' dir='ltr'><strong><em>durus</em></strong></span> <span class='ocrx_word' id='word_1_520' title='bbox 3058 3764 3150 3819; x_wconf 89' lang='lat' dir='ltr'><strong><em>tibi</em></strong></span> <span class='ocrx_word' id='word_1_521' title='bbox 3189 3765 3333 3820; x_wconf 89' lang='lat' dir='ltr'><strong><em>dicat</em></strong></span> <span class='ocrx_word' id='word_1_522' title='bbox 3359 3774 3571 3821; x_wconf 64' lang='lat' dir='ltr'><strong><em>exactor</em></strong></span> 
     </span>
    </p>
   </div>
   <div class='ocr_carea' id='block_1_38' title="bbox 263 3852 3575 3931">
    <p class='ocr_par' dir='ltr' id='par_1_38' title="bbox 263 3852 3575 3931">
     <span class='ocr_line' id='line_1_38' title="bbox 263 3852 3575 3931; baseline -0.001 -16"><span class='ocrx_word' id='word_1_523' title='bbox 263 3861 567 3931; x_wconf 82' lang='lat' dir='ltr'><strong><em>aportuisse</em></strong></span> <span class='ocrx_word' id='word_1_524' title='bbox 611 3869 656 3914; x_wconf 88' lang='lat' dir='ltr'><strong><em>et</em></strong></span> <span class='ocrx_word' id='word_1_525' title='bbox 695 3857 937 3912; x_wconf 85' lang='lat' dir='ltr'><strong><em>debuisse</em></strong></span> <span class='ocrx_word' id='word_1_526' title='bbox 965 3866 1012 3911; x_wconf 92' lang='lat' dir='ltr'><strong><em>te</em></strong></span> <span class='ocrx_word' id='word_1_527' title='bbox 1039 3857 1091 3909; x_wconf 89' lang='lat' dir='ltr'><strong><em>in</em></strong></span> <span class='ocrx_word' id='word_1_528' title='bbox 1120 3855 1300 3910; x_wconf 89' lang='lat' dir='ltr'><strong><em>eodem</em></strong></span> <span class='ocrx_word' id='word_1_529' title='bbox 1329 3855 1579 3926; x_wconf 87' lang='lat' dir='ltr'><strong><em>negotiari</em></strong></span> <span class='ocrx_word' id='word_1_530' title='bbox 1629 3854 1647 3928; x_wconf 96' lang='lat'>(</span> <span class='ocrx_word' id='word_1_531' title='bbox 1673 3852 1864 3909; x_wconf 80' lang='lat' dir='ltr'><strong><em>Matth.</em></strong></span> <span class='ocrx_word' id='word_1_532' title='bbox 1894 3870 1997 3909; x_wconf 76' lang='lat' dir='ltr'><strong><em>xxv</em></strong></span> <span class='ocrx_word' id='word_1_533' title='bbox 2024 3855 2065 3920; x_wconf 85' lang='lat'><strong><em>),</em></strong></span> <span class='ocrx_word' id='word_1_534' title='bbox 2113 3871 2215 3910; x_wconf 89' lang='lat' dir='ltr'><strong><em>non</em></strong></span> <span class='ocrx_word' id='word_1_535' title='bbox 2242 3857 2297 3911; x_wconf 89' lang='lat' dir='ltr'><strong><em>in</em></strong></span> <span class='ocrx_word' id='word_1_536' title='bbox 2326 3858 2586 3914; x_wconf 88' lang='lat' dir='ltr'><strong><em>umbrosis</em></strong></span> <span class='ocrx_word' id='word_1_537' title='bbox 2608 3856 2834 3914; x_wconf 81' lang='lat' dir='ltr'><strong><em>vallibus</em></strong></span> <span class='ocrx_word' id='word_1_538' title='bbox 2869 3858 3073 3929; x_wconf 79' lang='lat' dir='ltr'><strong><em>feriari.</em></strong></span> <span class='ocrx_word' id='word_1_539' title='bbox 3109 3856 3216 3914; x_wconf 89' lang='lat' dir='ltr'><strong><em>Sed</em></strong></span> <span class='ocrx_word' id='word_1_540' title='bbox 3240 3873 3345 3928; x_wconf 90' lang='lat' dir='ltr'><strong><em>quo</em></strong></span> <span class='ocrx_word' id='word_1_541' title='bbox 3374 3858 3575 3929; x_wconf 70' lang='lat' dir='ltr'><strong><em>pergo?</em></strong></span> 
     </span>
    </p>
   </div>
   <div class='ocr_carea' id='block_1_39' title="bbox 258 3945 3571 4020">
    <p class='ocr_par' dir='ltr' id='par_1_39' title="bbox 258 3945 3571 4020">
     <span class='ocr_line' id='line_1_39' title="bbox 258 3945 3571 4020; baseline -0.002 -10"><span class='ocrx_word' id='word_1_542' title='bbox 258 3956 421 4010; x_wconf 86' lang='lat' dir='ltr'><strong><em>timeo</em></strong></span> <span class='ocrx_word' id='word_1_543' title='bbox 462 3964 608 4006; x_wconf 86' lang='lat' dir='ltr'><strong><em>tuam</em></strong></span> <span class='ocrx_word' id='word_1_544' title='bbox 650 3953 889 4018; x_wconf 83' lang='lat' dir='ltr'><strong><em>pietatem</em></strong></span> <span class='ocrx_word' id='word_1_545' title='bbox 919 3947 1201 4017; x_wconf 75' lang='lat' dir='ltr'><strong><em>o/Tcndere,</em></strong></span> <span class='ocrx_word' id='word_1_546' title='bbox 1234 3956 1283 4002; x_wconf 92' lang='lat' dir='ltr'><strong><em>et</em></strong></span> <span class='ocrx_word' id='word_1_547' title='bbox 1321 3947 1499 4002; x_wconf 71' lang='lat' dir='ltr'><strong><em>seaculi</em></strong></span> <span class='ocrx_word' id='word_1_548' title='bbox 1542 3946 1718 4001; x_wconf 87' lang='lat' dir='ltr'><strong><em>turbas</em></strong></span> <span class='ocrx_word' id='word_1_549' title='bbox 1749 3945 2099 4000; x_wconf 86' lang='lat' dir='ltr'><strong><em>declinantem</em></strong></span> <span class='ocrx_word' id='word_1_550' title='bbox 2144 3948 2199 3998; x_wconf 91' lang='lat' dir='ltr'><strong><em>in</em></strong></span> <span class='ocrx_word' id='word_1_551' title='bbox 2227 3962 2429 4001; x_wconf 89' lang='lat' dir='ltr'><strong><em>summa</em></strong></span> <span class='ocrx_word' id='word_1_552' title='bbox 2455 3949 2832 4019; x_wconf 82' lang='lat' dir='ltr'><strong><em>tranquillitate</em></strong></span> <span class='ocrx_word' id='word_1_553' title='bbox 2861 3955 3088 4005; x_wconf 89' lang='lat' dir='ltr'><strong><em>turbare.</em></strong></span> <span class='ocrx_word' id='word_1_554' title='bbox 3127 3947 3315 4020; x_wconf 84' lang='lat' dir='ltr'><strong><em>Perge,</em></strong></span> <span class='ocrx_word' id='word_1_555' title='bbox 3344 3950 3424 4004; x_wconf 72' lang='lat' dir='ltr'><strong><em>vir</em></strong></span> <span class='ocrx_word' id='word_1_556' title='bbox 3446 3947 3571 4017; x_wconf 88' lang='lat' dir='ltr'><strong><em>Dei,</em></strong></span> 
     </span>
    </p>
   </div>
   <div class='ocr_carea' id='block_1_40' title="bbox 256 4035 3577 4112">
    <p class='ocr_par' dir='ltr' id='par_1_40' title="bbox 256 4035 3577 4112">
     <span class='ocr_line' id='line_1_40' title="bbox 256 4035 3577 4112; baseline -0 -12"><span class='ocrx_word' id='word_1_557' title='bbox 256 4047 418 4101; x_wconf 86' lang='lat' dir='ltr'><strong><em>stude</em></strong></span> <span class='ocrx_word' id='word_1_558' title='bbox 457 4045 567 4109; x_wconf 87' lang='lat' dir='ltr'><strong><em>tibi,</em></strong></span> <span class='ocrx_word' id='word_1_559' title='bbox 598 4053 668 4111; x_wconf 88' lang='lat' dir='ltr'><strong><em>et,</em></strong></span> <span class='ocrx_word' id='word_1_560' title='bbox 699 4043 742 4097; x_wconf 92' lang='lat' dir='ltr'><strong><em>si</em></strong></span> <span class='ocrx_word' id='word_1_561' title='bbox 771 4043 906 4108; x_wconf 87' lang='lat' dir='ltr'><strong><em>licet,</em></strong></span> <span class='ocrx_word' id='word_1_562' title='bbox 938 4041 1085 4094; x_wconf 87' lang='lat' dir='ltr'><strong><em>stude</em></strong></span> <span class='ocrx_word' id='word_1_563' title='bbox 1115 4039 1372 4094; x_wconf 89' lang='lat' dir='ltr'><strong><em>omnibus.</em></strong></span> <span class='ocrx_word' id='word_1_564' title='bbox 1409 4037 1589 4106; x_wconf 85' lang='lat' dir='ltr'><strong><em>Pater,</em></strong></span> <span class='ocrx_word' id='word_1_565' title='bbox 1620 4045 1665 4089; x_wconf 89' lang='lat' dir='ltr'><strong><em>et</em></strong></span> <span class='ocrx_word' id='word_1_566' title='bbox 1694 4037 1746 4089; x_wconf 87' lang='lat' dir='ltr'><strong><em>in</em></strong></span> <span class='ocrx_word' id='word_1_567' title='bbox 1782 4035 1877 4089; x_wconf 88' lang='lat' dir='ltr'><strong><em>Dei</em></strong></span> <span class='ocrx_word' id='word_1_568' title='bbox 1905 4037 2176 4099; x_wconf 87' lang='lat' dir='ltr'><strong><em>honorem,</em></strong></span> <span class='ocrx_word' id='word_1_569' title='bbox 2208 4042 2254 4087; x_wconf 90' lang='lat' dir='ltr'><strong><em>et</em></strong></span> <span class='ocrx_word' id='word_1_570' title='bbox 2285 4036 2338 4089; x_wconf 91' lang='lat' dir='ltr'><strong><em>in</em></strong></span> <span class='ocrx_word' id='word_1_571' title='bbox 2384 4036 2575 4090; x_wconf 88' lang='lat' dir='ltr'><strong><em>bonum</em></strong></span> <span class='ocrx_word' id='word_1_572' title='bbox 2618 4048 2855 4093; x_wconf 89' lang='lat' dir='ltr'><strong><em>nostrum</em></strong></span> <span class='ocrx_word' id='word_1_573' title='bbox 2883 4040 3065 4096; x_wconf 89' lang='lat' dir='ltr'><strong><em>scribe.</em></strong></span> <span class='ocrx_word' id='word_1_574' title='bbox 3107 4039 3254 4107; x_wconf 84' lang='lat' dir='ltr'><strong><em>Vale,</em></strong></span> <span class='ocrx_word' id='word_1_575' title='bbox 3296 4058 3325 4097; x_wconf 92' lang='lat' dir='ltr'><strong><em>e</em></strong></span> <span class='ocrx_word' id='word_1_576' title='bbox 3364 4042 3577 4112; x_wconf 84' lang='lat' dir='ltr'><strong><em>regione</em></strong></span> 
     </span>
    </p>
   </div>
   <div class='ocr_carea' id='block_1_41' title="bbox 262 4123 2171 4197">
    <p class='ocr_par' dir='ltr' id='par_1_41' title="bbox 262 4123 2171 4197">
     <span class='ocr_line' id='line_1_41' title="bbox 262 4123 2171 4197; baseline -0.008 -1"><span class='ocrx_word' id='word_1_577' title='bbox 262 4138 664 4196; x_wconf 80' lang='lat' dir='ltr'><strong><em>Transtiberino</em></strong></span> <span class='ocrx_word' id='word_1_578' title='bbox 695 4138 762 4191; x_wconf 87' lang='lat' dir='ltr'><strong><em>ad</em></strong></span> <span class='ocrx_word' id='word_1_579' title='bbox 790 4135 857 4189; x_wconf 93' lang='lat' dir='ltr'><strong><em>D.</em></strong></span> <span class='ocrx_word' id='word_1_580' title='bbox 890 4132 1039 4188; x_wconf 84' lang='lat' dir='ltr'><strong><em>Petri</em></strong></span> <span class='ocrx_word' id='word_1_581' title='bbox 1064 4135 1117 4187; x_wconf 90' lang='lat' dir='ltr'><strong><em>in</em></strong></span> <span class='ocrx_word' id='word_1_582' title='bbox 1153 4130 1335 4187; x_wconf 78' lang='lat' dir='ltr'><strong><em>Monte</em></strong></span> <span class='ocrx_word' id='word_1_583' title='bbox 1355 4130 1552 4197; x_wconf 82' lang='lat' dir='ltr'><strong><em>Aureo,</em></strong></span> <span class='ocrx_word' id='word_1_584' title='bbox 1589 4127 1655 4183; x_wconf 74' lang='grc'><strong><em>16</em></strong></span> <span class='ocrx_word' id='word_1_585' title='bbox 1676 4126 1783 4183; x_wconf 79' lang='lat' dir='ltr'><strong><em>Ital.</em></strong></span> <span class='ocrx_word' id='word_1_586' title='bbox 1816 4123 1974 4180; x_wconf 78' lang='lat' dir='ltr'><strong><em>Febr.</em></strong></span> <span class='ocrx_word' id='word_1_587' title='bbox 2013 4124 2171 4181; x_wconf 72' lang='lat'><strong><em>1625.</em></strong></span> 
     </span>
    </p>
   </div>
   <div class='ocr_carea' id='block_1_42' title="bbox 627 4214 3169 4290">
    <p class='ocr_par' dir='ltr' id='par_1_42' title="bbox 627 4214 3169 4290">
     <span class='ocr_line' id='line_1_42' title="bbox 627 4214 3169 4290; baseline -0.004 -6"><span class='ocrx_word' id='word_1_588' title='bbox 627 4226 730 4284; x_wconf 85' lang='lat' dir='ltr'><strong><em>Tui</em></strong></span> <span class='ocrx_word' id='word_1_589' title='bbox 761 4225 1204 4290; x_wconf 75' lang='lat' dir='ltr'><strong><em>aniantissinius,</em></strong></span> <span class='ocrx_word' id='word_1_590' title='bbox 2377 4274 2380 4278; x_wconf 31' lang='grc' dir='ltr'>λ</span> <span class='ocrx_word' id='word_1_591' title='bbox 2460 4214 2559 4273; x_wconf 77' lang='lat' dir='ltr'><strong><em>Fit.</em></strong></span> <span class='ocrx_word' id='word_1_592' title='bbox 2602 4217 2778 4274; x_wconf 62' lang='lat' dir='ltr'><strong><em>Lucas</em></strong></span> <span class='ocrx_word' id='word_1_593' title='bbox 2816 4216 3169 4274; x_wconf 73' lang='lat' dir='ltr'><strong><em>WADDINGUS.</em></strong></span> 
     </span>
    </p>
   </div>
   <div class='ocr_carea' id='block_1_43' title="bbox 258 4329 3572 4391">
    <p class='ocr_par' dir='ltr' id='par_1_43' title="bbox 258 4329 3572 4391">
     <span class='ocr_line' id='line_1_43' title="bbox 258 4329 3572 4391; baseline -0.003 -10"><span class='ocrx_word' id='word_1_594' title='bbox 258 4329 3572 4391; x_wconf 46' lang='grc' dir='ltr'>Μ</span> 
     </span>
    </p>
   </div>
   <div class='ocr_carea' id='block_1_44' title="bbox 1192 4443 2675 4596">
    <p class='ocr_par' dir='ltr' id='par_1_44' title="bbox 1192 4443 2675 4596">
     <span class='ocr_line' id='line_1_44' title="bbox 1192 4443 2675 4596; baseline 0.01 -16"><span class='ocrx_word' id='word_1_595' title='bbox 1192 4443 2081 4580; x_wconf 80' lang='lat' dir='ltr'><strong><em>AUCTORIS</em></strong></span> <span class='ocrx_word' id='word_1_596' title='bbox 2168 4444 2675 4596; x_wconf 73' lang='lat' dir='ltr'><strong>VITA;</strong></span> 
     </span>
    </p>
   </div>
   <div class='ocr_carea' id='block_1_45' title="bbox 1268 4654 2567 4739">
    <p class='ocr_par' dir='ltr' id='par_1_45' title="bbox 1268 4654 2567 4739">
     <span class='ocr_line' id='line_1_45' title="bbox 1268 4654 2567 4739; baseline -0.001 -18"><span class='ocrx_word' id='word_1_597' title='bbox 1268 4660 1367 4721; x_wconf 82' lang='lat' dir='ltr'><strong><em>Ex</em></strong></span> <span class='ocrx_word' id='word_1_598' title='bbox 1394 4657 1555 4733; x_wconf 85' lang='lat' dir='ltr'><strong><em>suis,</em></strong></span> <span class='ocrx_word' id='word_1_599' title='bbox 1586 4661 1649 4719; x_wconf 85' lang='lat' dir='ltr'><strong><em>et</em></strong></span> <span class='ocrx_word' id='word_1_600' title='bbox 1676 4654 1957 4716; x_wconf 86' lang='lat' dir='ltr'><strong><em>aliorum</em></strong></span> <span class='ocrx_word' id='word_1_601' title='bbox 1989 4654 2243 4735; x_wconf 87' lang='lat' dir='ltr'><strong><em>scriptis</em></strong></span> <span class='ocrx_word' id='word_1_602' title='bbox 2272 4655 2567 4739; x_wconf 87' lang='lat' dir='ltr'><strong><em>collecta,</em></strong></span> 
     </span>
    </p>
   </div>
   <div class='ocr_carea' id='block_1_46' title="bbox 955 4815 2887 4914">
    <p class='ocr_par' dir='ltr' id='par_1_46' title="bbox 955 4815 2887 4914">
     <span class='ocr_line' id='line_1_46' title="bbox 955 4815 2887 4914; baseline -0.005 -12"><span class='ocrx_word' id='word_1_603' title='bbox 955 4830 1197 4914; x_wconf 49' lang='lat' dir='ltr'><strong>PER,</strong></span> <span class='ocrx_word' id='word_1_604' title='bbox 1242 4828 1426 4899; x_wconf 81' lang='lat' dir='ltr'><strong><em>FB.</em></strong></span> <span class='ocrx_word' id='word_1_605' title='bbox 1506 4815 2205 4895; x_wconf 84' lang='lat' dir='ltr'><strong><em>FBANCISCUM</em></strong></span> <span class='ocrx_word' id='word_1_606' title='bbox 2281 4819 2887 4894; x_wconf 83' lang='lat' dir='ltr'><strong><em>BIVABIUM.</em></strong></span> 
     </span>
    </p>
   </div>
   <div class='ocr_carea' id='block_1_47' title="bbox 364 5059 2528 5155">
    <p class='ocr_par' dir='ltr' id='par_1_47' title="bbox 364 5059 2528 5155">
     <span class='ocr_line' id='line_1_47' title="bbox 364 5059 2528 5155; baseline -0.01 -12"><span class='ocrx_word' id='word_1_607' title='bbox 364 5086 621 5155; x_wconf 56' lang='lat' dir='ltr'><strong><em>Barcino,</em></strong></span> <span class='ocrx_word' id='word_1_608' title='bbox 651 5079 1036 5151; x_wconf 78' lang='lat' dir='ltr'><strong><em>Hispaniarum</em></strong></span> <span class='ocrx_word' id='word_1_609' title='bbox 1060 5075 1196 5133; x_wconf 88' lang='lat' dir='ltr'><strong><em>urbs</em></strong></span> <span class='ocrx_word' id='word_1_610' title='bbox 1224 5070 1453 5128; x_wconf 84' lang='lat' dir='ltr'><strong><em>illustris</em></strong></span> <span class='ocrx_word' id='word_1_611' title='bbox 1471 5111 1487 5136; x_wconf 89' lang='lat'><strong><em>,</em></strong></span> <span class='ocrx_word' id='word_1_612' title='bbox 1511 5062 1664 5121; x_wconf 71' lang='grc' dir='ltr'><strong><em>ι)ωηί</em></strong></span> <span class='ocrx_word' id='word_1_613' title='bbox 1695 5059 1905 5117; x_wconf 83' lang='lat' dir='ltr'><strong><em>Hamil-</em></strong></span> <span class='ocrx_word' id='word_1_614' title='bbox 1934 5064 1984 5126; x_wconf 78' lang='grc' dir='ltr'>Α</span> <span class='ocrx_word' id='word_1_615' title='bbox 2012 5061 2199 5120; x_wconf 85' lang='lat' dir='ltr'><strong><em>tu&#39;diue</em></strong></span> <span class='ocrx_word' id='word_1_616' title='bbox 2226 5063 2528 5131; x_wconf 80' lang='lat' dir='ltr'><strong><em>ﬂorentes:</em></strong></span> 
     </span>
    </p>
   </div>
   <div class='ocr_carea' id='block_1_48' title="bbox 272 5157 3333 5256">
    <p class='ocr_par' dir='ltr' id='par_1_48' title="bbox 272 5157 3333 5256">
     <span class='ocr_line' id='line_1_48' title="bbox 272 5157 3333 5256; baseline 0.008 -26"><span class='ocrx_word' id='word_1_617' title='bbox 272 5183 439 5243; x_wconf 73' lang='lat' dir='ltr'><strong><em>caris</em></strong></span> <span class='ocrx_word' id='word_1_618' title='bbox 463 5225 482 5251; x_wconf 84' lang='grc'><strong>,</strong></span> <span class='ocrx_word' id='word_1_619' title='bbox 533 5175 729 5235; x_wconf 69' lang='lat' dir='ltr'><strong><em>fratris</em></strong></span> <span class='ocrx_word' id='word_1_620' title='bbox 779 5160 1124 5241; x_wconf 76' lang='lat' dir='ltr'><strong><em>Hannibalis,</em></strong></span> <span class='ocrx_word' id='word_1_621' title='bbox 1157 5165 1470 5224; x_wconf 83' lang='lat' dir='ltr'><strong><em>conditione</em></strong></span> <span class='ocrx_word' id='word_1_622' title='bbox 1506 5157 1793 5256; x_wconf 35' lang='lat' dir='ltr'><strong><em>gloriam-7v</em></strong></span> <span class='ocrx_word' id='word_1_623' title='bbox 1854 5162 1914 5256; x_wconf 53' lang='lat' dir='ltr'><strong><em>“f</em></strong></span> <span class='ocrx_word' id='word_1_624' title='bbox 2294 5200 2359 5254; x_wconf 85' lang='lat' dir='ltr'><strong><em>Et</em></strong></span> <span class='ocrx_word' id='word_1_625' title='bbox 2373 5201 2695 5252; x_wconf 85' lang='lat' dir='ltr'><strong><em>Barcinonum</em></strong></span> <span class='ocrx_word' id='word_1_626' title='bbox 2716 5210 2934 5250; x_wconf 80' lang='lat' dir='ltr'><strong><em>amoenas</em></strong></span> <span class='ocrx_word' id='word_1_627' title='bbox 2950 5190 3333 5256; x_wconf 71' lang='lat' dir='ltr'><strong><em>sedes&#39;ditium.</em></strong></span> 
     </span>
    </p>
   </div>
   <div class='ocr_carea' id='block_1_49' title="bbox 273 5243 3299 5352">
    <p class='ocr_par' dir='ltr' id='par_1_49' title="bbox 273 5243 3299 5352">
     <span class='ocr_line' id='line_1_49' title="bbox 273 5243 3299 5352; baseline -0.016 -17"><span class='ocrx_word' id='word_1_628' title='bbox 273 5243 613 5352; x_wconf 70' lang='lat' dir='ltr'><strong><em>gravissimi</em></strong></span> <span class='ocrx_word' id='word_1_629' title='bbox 642 5272 852 5342; x_wconf 87' lang='lat' dir='ltr'><strong><em>quique</em></strong></span> <span class='ocrx_word' id='word_1_630' title='bbox 880 5273 1135 5321; x_wconf 82' lang='lat' dir='ltr'><strong><em>auctores</em></strong></span> <span class='ocrx_word' id='word_1_631' title='bbox 1164 5258 1420 5333; x_wconf 89' lang='lat' dir='ltr'><strong><em>produnt,</em></strong></span> <span class='ocrx_word' id='word_1_632' title='bbox 1455 5262 1509 5308; x_wconf 87' lang='lat' dir='ltr'><strong><em>et</em></strong></span> <span class='ocrx_word' id='word_1_633' title='bbox 1541 5248 1814 5352; x_wconf 79' lang='lat' dir='ltr'><strong><em>Ausonius</em></strong></span> <span class='ocrx_word' id='word_1_634' title='bbox 1843 5243 1909 5301; x_wconf 88' lang='lat' dir='ltr'><strong><em>ad</em></strong></span> <span class='ocrx_word' id='word_1_635' title='bbox 2287 5243 2743 5328; x_wconf 47' lang='lat' dir='ltr'><strong><em>ﬁgﬁ&#39;bmiﬁjﬁg</em></strong></span> <span class='ocrx_word' id='word_1_636' title='bbox 2746 5243 3055 5351; x_wconf 50' lang='lat' dir='ltr'><strong><em>’{glf;i,},,1,:us</em></strong></span> <span class='ocrx_word' id='word_1_637' title='bbox 3055 5243 3299 5352; x_wconf 41' lang='lat' dir='ltr'><strong><em>fama.</em></strong></span> 
     </span>
    </p>
   </div>
   <div class='ocr_carea' id='block_1_50' title="bbox 282 5341 3500 5431">
    <p class='ocr_par' dir='ltr' id='par_1_50' title="bbox 282 5341 3500 5431">
     <span class='ocr_line' id='line_1_50' title="bbox 282 5341 3500 5431; baseline -0.025 0"><span class='ocrx_word' id='word_1_638' title='bbox 282 5341 597 5431; x_wconf 55' lang='grc' dir='ltr'><strong><em>ᾖπηῑὶιιυηι</em></strong></span> <span class='ocrx_word' id='word_1_639' title='bbox 632 5363 886 5421; x_wconf 82' lang='lat' dir='ltr'><strong><em>scribens</em></strong></span> <span class='ocrx_word' id='word_1_640' title='bbox 927 5356 1163 5431; x_wconf 83' lang='lat' dir='ltr'><strong><em>cecinit,</em></strong></span> <span class='ocrx_word' id='word_1_641' title='bbox 1211 5351 1299 5409; x_wconf 78' lang='lat' dir='ltr'><strong><em>Me</em></strong></span> <span class='ocrx_word' id='word_1_642' title='bbox 1341 5349 1577 5411; x_wconf 85' lang='lat' dir='ltr'><strong><em>Punica,</em></strong></span> <span class='ocrx_word' id='word_1_643' title='bbox 1619 5343 1910 5413; x_wconf 87' lang='lat' dir='ltr'><strong><em>inquiens,</em></strong></span> <span class='ocrx_word' id='word_1_644' title='bbox 2919 5342 3025 5411; x_wconf 55' lang='grc' dir='ltr'><strong><em>με,</em></strong></span> <span class='ocrx_word' id='word_1_645' title='bbox 3049 5342 3224 5397; x_wconf 52' lang='lat' dir='ltr'><strong><em>FW“</em></strong></span> <span class='ocrx_word' id='word_1_646' title='bbox 3243 5341 3500 5406; x_wconf 46' lang='lat' dir='ltr'><strong><em>Am.)</em></strong></span> 
     </span>
    </p>
   </div>
   <div class='ocr_carea' id='block_1_51' title="bbox 277 5431 1917 5529">
    <p class='ocr_par' dir='ltr' id='par_1_51' title="bbox 277 5431 1917 5529">
     <span class='ocr_line' id='line_1_51' title="bbox 277 5431 1917 5529; baseline -0.025 -2"><span class='ocrx_word' id='word_1_647' title='bbox 277 5467 445 5526; x_wconf 74' lang='lat' dir='ltr'><strong><em>(cedit</em></strong></span> <span class='ocrx_word' id='word_1_648' title='bbox 470 5461 709 5517; x_wconf 86' lang='lat' dir='ltr'><strong><em>Barcino</em></strong></span> <span class='ocrx_word' id='word_1_649' title='bbox 728 5456 952 5529; x_wconf 78' lang='lat' dir='ltr'><strong><em>(Auson.</em></strong></span> <span class='ocrx_word' id='word_1_650' title='bbox 985 5453 1148 5522; x_wconf 59' lang='lat' dir='ltr'><strong><em>epist.</em></strong></span> <span class='ocrx_word' id='word_1_651' title='bbox 1174 5448 1270 5515; x_wconf 63' lang='grc' dir='ltr'><strong><em>ΞΛ)</em></strong></span> <span class='ocrx_word' id='word_1_652' title='bbox 1297 5462 1310 5507; x_wconf 90' lang='grc'>;</span> <span class='ocrx_word' id='word_1_653' title='bbox 1337 5456 1502 5512; x_wconf 84' lang='lat' dir='ltr'><strong><em>super</em></strong></span> <span class='ocrx_word' id='word_1_654' title='bbox 1523 5431 1917 5529; x_wconf 75' lang='lat' dir='ltr'><strong><em>Mediterranei</em></strong></span> 
     </span>
    </p>
   </div>
   <div class='ocr_carea' id='block_1_52' title="bbox 280 5526 1922 5621">
    <p class='ocr_par' dir='ltr' id='par_1_52' title="bbox 280 5526 1922 5621">
     <span class='ocr_line' id='line_1_52' title="bbox 280 5526 1922 5621; baseline -0.022 -5"><span class='ocrx_word' id='word_1_655' title='bbox 280 5559 473 5621; x_wconf 78' lang='lat' dir='ltr'><strong><em>maris</em></strong></span> <span class='ocrx_word' id='word_1_656' title='bbox 509 5567 670 5609; x_wconf 80' lang='lat' dir='ltr'><strong><em>oram</em></strong></span> <span class='ocrx_word' id='word_1_657' title='bbox 708 5526 1071 5613; x_wconf 75' lang='lat' dir='ltr'><strong><em>orientalem,</em></strong></span> <span class='ocrx_word' id='word_1_658' title='bbox 1104 5542 1205 5614; x_wconf 63' lang='lat' dir='ltr'><strong><em>ipsi</em></strong></span> <span class='ocrx_word' id='word_1_659' title='bbox 1237 5537 1586 5594; x_wconf 71' lang='lat' dir='ltr'><strong><em>dominatum</em></strong></span> <span class='ocrx_word' id='word_1_660' title='bbox 1626 5529 1787 5621; x_wconf 77' lang='lat' dir='ltr'><strong><em>sedes</em></strong></span> <span class='ocrx_word' id='word_1_661' title='bbox 1826 5526 1922 5621; x_wconf 69' lang='lat' dir='ltr'><strong><em>Ita-</em></strong></span> 
     </span>
    </p>
   </div>
   <div class='ocr_carea' id='block_1_53' title="bbox 280 5617 1921 5719">
    <p class='ocr_par' dir='ltr' id='par_1_53' title="bbox 280 5617 1921 5719">
     <span class='ocr_line' id='line_1_53' title="bbox 280 5617 1921 5719; baseline -0.023 -8"><span class='ocrx_word' id='word_1_662' title='bbox 280 5617 429 5719; x_wconf 62' lang='lat' dir='ltr'><strong><em>bet,</em></strong></span> <span class='ocrx_word' id='word_1_663' title='bbox 460 5659 573 5713; x_wconf 79' lang='lat' dir='ltr'><strong><em>non</em></strong></span> <span class='ocrx_word' id='word_1_664' title='bbox 605 5642 790 5699; x_wconf 83' lang='lat' dir='ltr'><strong><em>minus</em></strong></span> <span class='ocrx_word' id='word_1_665' title='bbox 818 5637 1162 5699; x_wconf 62' lang='lat' dir='ltr'><strong><em>urbanitate,</em></strong></span> <span class='ocrx_word' id='word_1_666' title='bbox 1197 5643 1361 5702; x_wconf 68' lang='lat' dir='ltr'><strong><em>quiam</em></strong></span> <span class='ocrx_word' id='word_1_667' title='bbox 1391 5622 1632 5688; x_wconf 85' lang='lat' dir='ltr'><strong><em>divitiis,</em></strong></span> <span class='ocrx_word' id='word_1_668' title='bbox 1676 5629 1731 5677; x_wconf 88' lang='lat' dir='ltr'><strong><em>ct</em></strong></span> <span class='ocrx_word' id='word_1_669' title='bbox 1763 5617 1921 5676; x_wconf 63' lang='lat' dir='ltr'><strong><em>(orti-</em></strong></span> 
     </span>
    </p>
   </div>
   <div class='ocr_carea' id='block_1_54' title="bbox 2026 5487 3648 5572">
    <p class='ocr_par' dir='ltr' id='par_1_54' title="bbox 2026 5487 3648 5572">
     <span class='ocr_line' id='line_1_54' title="bbox 2026 5487 3648 5572; baseline -0.014 -5"><span class='ocrx_word' id='word_1_670' title='bbox 2026 5509 2193 5567; x_wconf 82' lang='lat' dir='ltr'><strong><em>Multo</em></strong></span> <span class='ocrx_word' id='word_1_671' title='bbox 2223 5502 2491 5561; x_wconf 86' lang='lat' dir='ltr'><strong><em>illustrior</em></strong></span> <span class='ocrx_word' id='word_1_672' title='bbox 2523 5513 2842 5572; x_wconf 73' lang='lat' dir='ltr'><strong><em>magnorum</em></strong></span> <span class='ocrx_word' id='word_1_673' title='bbox 2874 5489 3174 5565; x_wconf 82' lang='lat' dir='ltr'><strong><em>splendore</em></strong></span> <span class='ocrx_word' id='word_1_674' title='bbox 3203 5490 3404 5547; x_wconf 88' lang='lat' dir='ltr'><strong><em>civium</em></strong></span> <span class='ocrx_word' id='word_1_675' title='bbox 3440 5487 3648 5546; x_wconf 78' lang='lat' dir='ltr'><strong><em>reddi-</em></strong></span> 
     </span>
    </p>
   </div>
   <div class='ocr_carea' id='block_1_55' title="bbox 2030 5578 3652 5670">
    <p class='ocr_par' dir='ltr' id='par_1_55' title="bbox 2030 5578 3652 5670">
     <span class='ocr_line' id='line_1_55' title="bbox 2030 5578 3652 5670; baseline -0.013 -10"><span class='ocrx_word' id='word_1_676' title='bbox 2030 5614 2118 5661; x_wconf 87' lang='lat' dir='ltr'><strong><em>tur</em></strong></span> <span class='ocrx_word' id='word_1_677' title='bbox 2158 5618 2171 5653; x_wconf 93' lang='lat'><strong>:</strong></span> <span class='ocrx_word' id='word_1_678' title='bbox 2220 5595 2445 5670; x_wconf 84' lang='lat' dir='ltr'><strong><em>protulit</em></strong></span> <span class='ocrx_word' id='word_1_679' title='bbox 2490 5606 2727 5665; x_wconf 87' lang='lat' dir='ltr'><strong><em>namque</em></strong></span> <span class='ocrx_word' id='word_1_680' title='bbox 2772 5599 2885 5647; x_wconf 86' lang='lat' dir='ltr'><strong><em>tum</em></strong></span> <span class='ocrx_word' id='word_1_681' title='bbox 2932 5585 2993 5642; x_wconf 87' lang='lat' dir='ltr'><strong><em>S.</em></strong></span> <span class='ocrx_word' id='word_1_682' title='bbox 3044 5582 3318 5656; x_wconf 76' lang='lat' dir='ltr'><strong><em>virginem</em></strong></span> <span class='ocrx_word' id='word_1_683' title='bbox 3359 5578 3652 5639; x_wconf 71' lang='lat' dir='ltr'><strong><em>Eulaliatn</em></strong></span> 
     </span>
    </p>
   </div>
  </div>
