3978 6292
457 263 528 332 ts
1373 249 1672 312 FLM’IUS
1710 238 1959 306 LUCIUS
1997 228 2285 298 arma
2321 188 2876 332 annosowcus;
3603 311 3647 332 Δ
3687 212 3757 280 t6

450 365 734 424 nobilitate
769 366 823 418 et
866 354 1130 430 martyrio
1174 351 1527 422 conspicuam
1575 363 1588 401 :

453 459 673 517 Lmdam
719 469 907 512 sacros
948 451 1230 521 coniuges,
1281 459 1343 498 ac
1385 441 1472 497 sui
1518 447 1743 495 senatus
1792 434 2051 498 vertices,

454 570 580 612 cum
610 551 753 617 ﬁliis,
783 559 837 605 et
867 563 934 604 Lv
954 544 1122 601 sociis
1148 537 1504 610 martyribus,
1538 531 1802 605 prmsules
1828 528 2051 594 multos,

453 646 744 703 sanctitate
784 638 1113 712 spectabiles
1155 629 1514 703 martyriique
1555 627 1738 680 laurea
1774 621 2051 690 insignes,

451 737 738 796 Etherium
776 733 833 790 S.
874 730 1062 788 Jacobi
1095 724 1423 796 discipulum
1463 739 1476 776 :
1507 720 1852 786 Severosque
1878 713 2050 778 duos,

453 840 511 888 et
532 829 812 900 egregium
833 822 1039 880 Christi
1069 821 1438 876 confessorem
1470 810 1862 875 Theodosium,
1887 807 2055 862 Ethe-

451 922 518 977 rii
550 899 962 980 successorem;
999 923 1058 968 ut
1091 910 1313 966 interim
1352 908 1541 963 sileam
1583 903 1640 960 S.
1679 899 2052 970 Cucuphatem

449 1024 789 1085 martyrem,
842 1021 1002 1080 quem
1038 1005 1220 1060 Africa
1261 1001 1504 1072 quidem.
1531 995 1735 1052 mundo
1783 993 2050 1065 protulit,

449 1106 551 1164 sed
585 1104 855 1160 Barcinou
886 1098 1108 1156 Christo
1139 1094 1413 1157 reddidit;
1445 1100 1500 1146 et
1527 1089 1664 1144 alios
1689 1088 1890 1144 multos
1917 1100 2052 1156 quo-

452 1214 574 1254 rum
609 1195 828 1252 nomina
859 1201 988 1248 sunt
1023 1191 1077 1245 in
1113 1189 1252 1244 libro
1289 1185 1437 1240 vitm.
1474 1183 1568 1237 llis
1601 1179 1871 1236 sideribus
1899 1178 2052 1233 velut

449 1294 503 1348 in
557 1291 902 1346 ﬁrmamento
950 1284 1121 1340 nobili
1171 1277 1636 1342 consistentibus,
1687 1273 1874 1329 addita
1923 1279 2052 1327 sunt

353 1381 394 1409 ⁸
447 1384 741 1442 Barcinoni
766 1383 833 1437 ad
855 1382 1112 1437 decorem
1135 1377 1244 1432 duo
1267 1374 1394 1440 alia,
1421 1381 1746 1427 czeterorum
1772 1365 2048 1429 concives,

446 1489 604 1551 pater
624 1493 686 1533 ac
715 1476 861 1530 ﬁlius
886 1492 899 1528 :
930 1472 1218 1535 Pacianus,
1247 1467 1487 1536 inquam,
1513 1474 1567 1516 et
1601 1462 1818 1516 Dexter.
1851 1456 2048 1524 Quidni

449 1589 547 1630 eos
573 1573 752 1628 sidera
779 1568 1029 1628 dixerim,
1053 1578 1189 1634 quos
1214 1561 1397 1616 claros
1421 1556 1667 1613 doctrina
1697 1562 1751 1609 et
1781 1550 2048 1622 dignitate

448 1675 682 1723 testatur
718 1664 1112 1732 Hieronymus,
1149 1665 1204 1712 et
1234 1665 1416 1709 tamen
1449 1649 1650 1706 Danieli
1679 1647 1885 1703 dictum
1911 1644 2044 1699 fuit:

1637 344 1938 407 Philetum,
1986 353 2051 393 ac
2078 340 2124 397 A
2153 334 2338 400 ciens,
2373 327 2598 401 speciali
2631 325 2788 382 titulo
2816 321 3145 378 Ciceronem
3180 319 3342 373 vocat
3369 325 3564 370 suum:
3601 311 3758 379 Quod

2159 427 2359 490 Cicero,
2377 423 2586 504 inquit,
2619 434 2760 487 tuus,
2785 419 2875 490 qui
2903 418 2954 470 in
2980 431 3100 470 arce
3128 411 3265 468 stetit
3294 407 3619 480 eloquentiaz,
3653 421 3761 460 non

2157 530 2230 575 est
2253 497 2424 590 facere
2439 515 2750 585 dedignatus
2769 511 2825 564 in
2845 509 3028 578 Bruto,
3055 514 3321 560 oratorum
3342 499 3550 555 Latina
3566 497 3763 570 lingua

2157 621 2334 667 texens
2384 607 2702 679 catalogum,
2747 611 2803 659 et
2838 615 2977 660 onus
3019 599 3201 669 ipsum
3236 593 3381 665 quod
3427 590 3761 662 Hieronymo

2157 703 2414 776 imposuit
2441 696 2850 769 adhucjuvenis
2879 705 3186 767 provocans
3215 689 3399 757 illum,
3421 697 3503 752 ut,
3526 684 3592 740 ad
3622 683 3762 739 Sue-

2157 799 2294 856 tonii
2321 793 2659 863 exemplum,
2687 792 2871 848 claros
2901 789 3028 844 ﬁdei
3054 784 3385 841 Christiana:
3406 790 3672 844 oratores,
3700 784 3760 832 et

2157 894 2400 966 insignes
2433 886 2697 946 Ecclesia:
2732 885 2997 941 Doctores
3022 879 3177 937 brevi
3209 875 3459 945 catalogo
3489 871 3760 942 astringe-

2064 993 2068 1001 “
2155 998 2260 1054 ret,
2293 996 2342 1041 et
2374 984 2516 1057 quod
2540 981 2631 1058 ille
2664 981 2719 1035 in
2757 975 3121 1034 enumerandis
3160 971 3430 1045 gentilium
3465 968 3759 1023 litterarum

2153 1083 2276 1138 viris
2302 1078 2599 1136 illustribus
2622 1077 2837 1148 fecerat,
2861 1073 2972 1143 ipse
2992 1071 3052 1148 in
3071 1067 3260 1123 nostris
3281 1069 3475 1136 faceret
3498 1077 3516 1115 :
3539 1069 3596 1118 et
3609 1074 3760 1131 pra:-

2154 1189 2282 1232 sens
2329 1171 2642 1228 Cltronicon
2685 1143 3054 1237 eloquentiam
3099 1157 3338 1216 hominis
3384 1170 3508 1210 cum
3553 1153 3759 1224 pietate

2155 1268 2504 1339 coniunctam
2537 1262 2744 1319 clamat
2775 1279 2790 1317 :
2824 1273 2950 1315 nam
2973 1257 3048 1312 ita
3080 1251 3337 1309 humanis
3357 1246 3588 1304 vacabat
3611 1244 3759 1300 litte-

2152 1338 2343 1423 ris.rut
2370 1356 2760 1414 ecclesiasticae
2789 1348 3044 1407 historia:
3065 1342 3257 1403 sedulo
3284 1338 3640 1397 incumberet.

2225 1453 2498 1510 Caeterum
2530 1445 2916 1504 adolescentia:
2947 1450 3121 1497 metas
3159 1433 3402 1493 nondum
3435 1429 3709 1489 excedens
3733 1469 3752 1496 ,

2153 1543 2517 1605 sacramentis
2541 1540 2868 1599 militaribus
2891 1535 3235 1605 implicatur;
3259 1527 3406 1601 quod
3432 1537 3604 1597 genus
3629 1521 3755 1576 vita:

2154 1658 2218 1699 eo
2252 1639 2558 1712 prmsertim
2603 1646 2852 1704 tempore
2888 1629 3152 1688 nobilium
3191 1625 3434 1682 virorum
3474 1618 3603 1674 ﬁliis
3635 1623 3754 1672 toto

451 1709 671 1723 ,νυυιιυιυι
719 1709 831 1718 --.νη
853 1709 946 1732 vu-J
963 1709 1078 1714 "__._
1100 1709 1112 1722 ,
1158 1709 1172 1712 Ὗ
1192 1709 1199 1710 κ
2254 1709 2264 1712 1

451 1761 557 1829 Qui
576 1758 644 1812 ad
661 1756 926 1829 justitiam
957 1750 1200 1806 erudiunt
1233 1753 1442 1809 multas,
1477 1743 1626 1814 quasi
1655 1739 1820 1795 stella:
1849 1739 1902 1792 in
1925 1754 2044 1809 per-
2076 1720 2126 1781 Β
2156 1734 2384 1789 Roman.
2414 1729 2644 1800 imperio
2668 1727 2892 1782 charum
2916 1731 3057 1789 erat,
3089 1729 3147 1776 et
3172 1715 3449 1790 pracipue
3477 1712 3530 1767 in
3558 1709 3756 1780 Hispa-

2455 1823 2468 1829 -
2826 1817 2878 1829 ιιι
2938 1815 2954 1829 1
3069 1814 3084 1829 I
3109 1813 3146 1829 ‘,
3211 1810 3361 1829 I----_
3406 1799 3751 1829 ’,ι-ΑΑᾹΑΩειιῼ

446 1863 628 1918 peluas
646 1848 956 1904 wlei'ttitates
975 1846 997 1898 ε)
1014 1844 1090 1898 De
1107 1839 1347 1896 Paciano
1369 1837 1762 1906 Hieronymus:
1785 1831 2048 1886 Pacianus

449 1941 744 1998 Barcilona:
775 1940 1070 2009 episwpus,
1105 1934 1367 1997 castitate,
1412 1929 1619 1999 inquit,
1653 1936 1702 1981 et
1731 1925 2046 1996 eloquentia,

449 2046 498 2092 et
545 2045 650 2088 tam
689 2034 822 2097 rita,
859 2046 1015 2102 quam
1062 2041 1295 2081 sermone
1337 2023 1554 2085 clarus;
1595 2029 1649 2075 et
1694 2019 1762 2074 de
1807 2019 2042 2084 Dextro,

450 2129 648 2184 Dexter
672 2124 915 2188 Paciani,
949 2122 1014 2176 de
1043 2135 1142 2190 quo
1166 2132 1325 2189 supra
1349 2115 1478 2179 dixi,
1511 2112 1672 2181 ﬁlius,
1704 2110 1882 2165 clarus
1907 2108 2048 2181 apud

446 2217 732 2284 steculum,
767 2226 813 2272 et
843 2213 1034 2270 Christi
1073 2210 1194 2282 ﬁdei
1237 2208 1463 2262 deditus.
1496 2205 1639 2262 Sane
1681 2203 1739 2259 S.
1781 2201 2048 2256 l‘acianus

452 2326 576 2368 cum
601 2308 838 2365 nondum
858 2312 1008 2362 esset
1024 2302 1313 2373 episcopus
1331 2314 1398 2354 ex
1416 2297 1654 2368 legitima
1674 2309 1844 2350 uxore
1860 2307 2047 2348 susce-

447 2403 595 2476 pisse
631 2402 891 2456 Dextrum
914 2439 928 2461 ,
967 2395 1098 2452 illud
1131 2390 1436 2456 convincit,
1467 2388 1609 2460 quod
1641 2388 1784 2442 inter
1815 2395 2048 2442 creteras

448 2485 615 2548 animi
645 2506 710 2546 ac
739 2487 986 2558 corporis
1017 2485 1172 2540 dotes
1203 2481 1429 2538 castitas
1459 2480 1580 2548 ejus
1609 2477 1874 2549 singulari
1908 2492 2050 2546 pra:-

452 2586 614 2640 eonio
653 2598 681 2636 a
722 2581 1057 2651 Hieronymo
1094 2573 1532 2632 commendatur.
1583 2571 1852 2626 Pacianus
1897 2567 2046 2642 (ait)

451 2680 689 2732 castitate
719 2685 766 2730 et
789 2672 1080 2742 eloquentia
1104 2670 1298 2735 clarus,
1331 2665 1476 2737 quod
1507 2665 1574 2721 de
1606 2665 1845 2729 mazclto,
1877 2677 2048 2732 quan-

451 2783 798 2840 tumcumque
827 2768 1146 2838 pwnitcnte,
1183 2761 1290 2816 dici
1332 2777 1439 2815 non
1466 2766 1668 2829 pOSSel.
1696 2755 2049 2812 Nobilitatem

450 2861 668 2934 generis
699 2861 790 2916 illa
822 2860 1062 2916 indicant
1093 2855 1261 2912 verba
1295 2852 1608 2923 Hieronymi
1645 2869 1657 2904 :
1691 2849 1877 2906 Clarus
1907 2849 2049 2922 apud

450 2953 740 3019 sarculum,
785 2951 1091 3022 prmsertim
1140 2947 1330 3003 Dextri
1378 2945 1567 3001 laudes
1612 2942 1790 2998 adhuc
1833 2941 2049 3013 juvenis

453 3043 868 3109 concerncntia,
900 3057 968 3095 eo
1001 3040 1255 3094 videlicet
1289 3038 1432 3092 dicta
1462 3047 1730 3108 tempore,
1763 3052 1870 3106 quo
1897 3036 2048 3105 vige-

2153 1831 2281 1897 nia,
2325 1823 2471 1898 quod
2498 1799 2774 1894 magnum
2825 1815 2957 1873 illud
3002 1813 3154 1870 orbis
3195 1810 3364 1866 decus
3406 1799 3752 1861 Theodosius

2151 1923 2358 1988 senior,
2385 1933 2514 1974 vere
2536 1918 2588 1972 in
2611 1893 2822 1970 cunctis
2842 1910 3085 1982 Magnus.
3113 1903 3242 1960 inde
3261 1901 3330 1956 ad
3359 1895 3573 1969 imperii
3599 1893 3752 1949 lasti-

2150 2016 2296 2087 gium
2340 2022 2471 2067 tunc
2510 2004 2985 2068 evectus.l‘uerat',
3027 2012 3172 2054 anno
3201 1991 3407 2051 Christi
3449 2002 3747 2047 cccuxtx.

2151 2107 2266 2165 Sub
2305 2114 2457 2160 tanto
2491 2103 2656 2174 igitur
2687 2097 2933 2170 principe
2970 2093 3175 2148 Dexter
3202 2087 3454 2144 militiam
3493 2090 3747 2146 secutus,

2150 2211 2204 2258 et
2233 2199 2445 2255 nobiles
2465 2172 2532 2251 ini
2546 2209 2607 2250 ea
2632 2192 2836 2248 faciens
2861 2197 3184 2260 progressus
3207 2177 3535 2236 militaribus
3554 2172 3753 2246 grada-

2153 2292 2246 2350 tim
2293 2288 2594 2346 honoribus
2629 2281 2916 2340 sublimari
2950 2297 2965 2336 :
2999 2289 3054 2334 et
3090 2277 3162 2332 ita
3203 2272 3420 2330 tandem
3456 2269 3523 2324 ad
3553 2267 3753 2339 praele-

2150 2396 2356 2444 cturam
2386 2379 2630 2455 prtetorii
2667 2375 2960 2434 Orientalis
3001 2369 3257 2442 Imperii,
3291 2364 3436 2438 quod
3475 2375 3746 2418 summum

2153 2487 2272 2536 erat
2303 2475 2572 2538 munium,
2602 2468 2977 2528 conscendere
3003 2462 3223 2520 meruit.
3247 2459 3435 2514 Annos
3458 2463 3614 2510 natus
3637 2468 3746 2509 non

2152 2570 2390 2643 amplius
2421 2582 2552 2624 svnt
2591 2563 2906 2620 Theodosio
2954 2559 3146 2629 imper.
3191 2549 3491 2610 adltmsissc
3529 2563 3629 2617 par
3664 2553 3751 2602 est

2153 2637 2380 2717 credere
2401 2702 2415 2726 ,
2449 2654 2667 2730 quando
2696 2671 2729 2708 ι
2763 2650 2974 2722 imperii
3003 2646 3165 2703 simul
3195 2659 3316 2701 cum
3347 2637 3588 2696 Arcadio
3636 2637 3749 2694 ﬁlio

2153 2751 2404 2820 Caesare,
2436 2761 2493 2806 ct
2521 2745 2908 2803 Valentiniano
2934 2741 3201 2811 Augusto,
3235 2734 3530 2803 Maximum
3558 2744 3751 2802 tyran-

2154 2860 2285 2900 num
2318 2841 2689 2898 dcbellaturus
2716 2837 2771 2892 in
2799 2833 3007 2891 Italiam
3039 2827 3362 2887 descendit:
3391 2825 3750 2896 sequentique

2153 2951 2274 2992 cum
2301 2933 2507 2989 eisdem
2542 2930 2766 2984 Romam
2796 2927 3136 2997 ingressum;
3165 2929 3221 2976 et
3243 2918 3368 2975 inde
3388 2917 3443 2974 iu
3470 2915 3746 2972 Orientem

2155 3028 2482 3100 profectum.
2529 3024 2734 3080 Verum
2777 3020 3059 3076 enimvero
3100 3017 3172 3072 ita
3215 3015 3378 3071 rebus
3424 3010 3749 3069 militaribus

453 3138 652 3192 simum
689 3133 908 3189 tertium
947 3129 1144 3199 agebat
1183 3141 1383 3181 annum
1405 3169 1418 3193 ,
1455 3137 1515 3180 ut
1550 3143 1680 3180 mox
1720 3103 2048 3180 videbimus.
2077 3113 2126 3174 C
2159 3125 2404 3178 addictus
2435 3130 2586 3186 erat,
2624 3128 2685 3172 ut
2715 3113 2915 3171 litteris
2946 3109 3274 3183 quandoque
3301 3122 3401 3179 pro
3427 3103 3749 3177 opportuni-

455 3227 594 3283 Erat
630 3226 794 3280 etiam
836 3222 1100 3292 sanguine
1146 3219 1470 3288 conjunctus
1508 3217 1674 3272 Paulo
1701 3217 1932 3284 Orosio,
1967 3218 2050 3273 vel

453 3321 576 3390 ipso
605 3318 808 3374 Dextro
836 3315 1039 3370 fatente
1068 3312 1134 3366 ad
1160 3325 1364 3365 annum
1397 3307 1610 3364 Domini
1641 3307 1746 3363 417
1773 3327 1785 3361 :
1821 3305 2048 3378 Paulus,

455 3412 663 3484 inquit,
705 3410 960 3475 Orosius,
997 3404 1088 3464 Fl.
1126 3404 1298 3458 Orosii
1327 3403 1500 3471 ﬁlius,
1535 3404 2054 3475 consanguineusque

455 3503 684 3561 Paciani
705 3501 868 3574 patris
890 3501 1013 3565 mei,
1036 3498 1260 3565 civisque
1284 3493 1706 3549 Tarraconensis.
1732 3494 2050 3549 Orosiorum

454 3609 633 3655 autem
656 3612 792 3668 gens
815 3593 1103 3650 nobilitate
1125 3589 1353 3660 insignis
1371 3587 1490 3653 luit,
1515 3599 1701 3657 utp0te
1724 3602 1843 3656 quae
1866 3587 2052 3641 Roma:

457 3694 516 3748 in
545 3691 769 3749 basilica
807 3689 866 3745 S.
907 3687 1126 3744 Eusebii
1154 3683 1431 3754 prepriam
1473 3683 1809 3753 sepulturam
1843 3679 2047 3735 habuit.

456 3785 569 3842 Nec
591 3784 769 3840 solum
794 3781 1107 3836 Tarracone
1129 3786 1185 3834 et
1213 3777 1419 3840 Romae,
1445 3775 1541 3830 sed
1565 3775 1729 3830 etiam
1755 3783 1863 3828 tota
1895 3774 2052 3829 Lusi-

461 3878 608 3932 tania
638 3874 884 3939 illustris,
911 3881 969 3927 et
996 3881 1109 3925 toto
1139 3870 1274 3924 orbe
1303 3868 1600 3937 conspicua
1625 3866 1836 3922 reddita
1860 3876 1962 3930 est,
1997 3875 2055 3920 ut

458 3969 730 4025 Maximus
744 3966 1266 4033 Cwsaraugttstanus
1283 3961 1574 4031 episcopus
1593 3958 1781 4013 scribit
1797 3956 1864 4012 ad
1882 3971 2055 4013 annos

458 4061 676 4116 Domini
712 4059 812 4114 471
859 4067 914 4113 et
961 4057 1087 4112 60:2.
1141 4055 1314 4110 Porro
1357 4054 1622 4108 Pacianus
1667 4061 1840 4122 pater,
1885 4067 2054 4107 uxore

461 4155 772 4219 destitutus,
807 4151 889 4207 vel
924 4149 1106 4204 forsan
1143 4147 1308 4217 (quod
1335 4147 1427 4202 illa
1458 4146 1776 4218 frequenter
1803 4145 2056 4202 ferebant

463 4245 733 4317 tempora)
769 4244 838 4300 ab
879 4259 941 4298 ea
986 4252 1308 4314 separatus,
1353 4235 1704 4310 redditusque
1749 4239 2050 4308 Ecclesiae,

464 4341 629 4397 verbo
658 4352 710 4396 et
737 4338 990 4409 exemplo
1011 4353 1140 4393 oves
1167 4337 1270 4392 sibi
1292 4336 1614 4391 commissas
1635 4334 1862 4389 mirilice
1883 4333 2052 4403 pavit,

397 4462 402 4469 υ
456 4443 512 4492 et
533 4449 562 4489 a
584 4434 835 4503 luporum
863 4433 1138 4484 furentum
1162 4426 1386 4481 incursu
1411 4424 1792 4493 (Novatianos,
1819 4431 1875 4478 et
1894 4422 2055 4477 Aria-

461 4540 561 4582 nos
590 4521 808 4594 loquor)
837 4536 944 4575 non
969 4523 1146 4573 solum
1172 4517 1362 4585 verbo,
1391 4515 1487 4570 sed
1511 4516 1673 4570 etiam
1703 4513 1923 4583 scriptis
1953 4514 2048 4571 de-
2079 4499 2135 4561 D

461 4619 667 4686 fendit,
706 4629 938 4688 quorum
974 4612 1154 4666 adhuc
1199 4624 1321 4664 cum
1355 4609 1601 4663 doctrina
1643 4608 1905 4663 miramur
1933 4608 2050 4664 elo-

457 4712 769 4782 quentiam,
813 4702 1068 4760 nimirum
1111 4702 1167 4755 in
1209 4699 1461 4771 Epistolis
1495 4701 1563 4753 ad
1610 4700 2054 4774 Symp/torianum

461 4805 602 4862 datis
622 4805 676 4856 in
700 4795 955 4869 pararuesi
972 4793 1036 4847 de
1059 4793 1382 4863 paenitentia,
1410 4799 1466 4847 et
1486 4793 1747 4861 opusculo
1773 4792 1836 4846 de
1867 4791 2054 4865 Bapti-

461 4911 606 4960 smo;
629 4889 1080 4955 sanctitatemque
1102 4899 1426 4940 veneramur
1448 4900 1568 4940 cum
1592 4883 1833 4940 Romana
1856 4897 1910 4942 et
1933 4889 2055 4944 uni—

463 4984 665 5046 versali
720 4977 1006 5043 Ecclesia,
1062 4991 1184 5048 quae
1238 4992 1433 5032 nomen
1487 4978 1654 5047 ipsius
1698 4979 1752 5035 in
1800 4984 2052 5056 catalogo

462 5087 779 5138 sanctorum
811 5071 940 5140 legit
977 5069 1045 5124 ad
1084 5068 1228 5124 diem
1258 5070 1291 5124 9
1323 5070 1520 5124 Martii.
1554 5070 1722 5128 Natus
1754 5083 1839 5130 est
1871 5087 2051 5133 autem

462 5175 548 5232 ΕΙ.
595 5167 792 5225 Lucius
831 5163 1032 5218 Dexter
1076 5175 1221 5215 anno
1261 5175 1290 5214 a
1337 5161 1500 5216 natali
1544 5162 1760 5219 Domini
1803 5166 1952 5232 568,
1997 5179 2054 5223 ut

463 5266 722 5333 colligere
745 5258 874 5313 licet
896 5272 962 5312 ex
987 5270 1052 5311 eo
1073 5253 1215 5324 quod
1243 5253 1308 5308 ad
1331 5255 1535 5311 calcem
1559 5254 1814 5314 Chronici
1838 5259 2048 5327 scribit,

461 5377 545 5430 se,
573 5369 716 5412 anno
735 5351 934 5408 Christi
959 5349 1086 5413 440,
1118 5347 1294 5403 anatis
1325 5349 1502 5419 egisse
1532 5363 1644 5405 sua:
1667 5367 1833 5406 usu.

533 5449 640 5508 Sed
681 5460 814 5518 quos
844 5457 949 5498 non
987 5439 1265 5512 proiectus
1294 5440 1493 5496 Dexter
1524 5440 1735 5498 faceret
1767 5443 1870 5499 sub
1903 5453 2054 5504 tanto

461 5539 731 5618 parente?
761 5535 819 5591 In
849 5532 1264 5589 humanioribus
1296 5533 1428 5588 littei
1446 5532 1490 5588 is
1514 5533 1858 5602 iuventutem
1887 5553 2052 5594 exer-

462 5635 642 5692 cuisse
670 5673 686 5700 ,
743 5630 1108 5699 Hieronymus
1151 5625 1205 5679 in
1255 5624 1482 5695 prologo
1541 5626 1663 5682 libri
1710 5626 2049 5699 Scriptorum

456 5723 954 5794 ecclesiasticorum
988 5719 1318 5784 manifestat,
1351 5716 1477 5772 dum
1506 5717 1572 5773 ad
1597 5718 1744 5777 illum
1770 5723 1935 5779 verba
1965 5721 2049 5780 fa-

2157 3226 2266 3272 tate
2307 3221 2558 3277 vacaret;
2603 3210 2657 3265 in
2706 3204 2946 3263 Orientis
2995 3213 3175 3260 autem
3220 3200 3560 3272 profectione
3599 3196 3751 3252 viros

2155 3311 2504 3368 doctissimos
2525 3348 2539 3372 ,
2573 3302 3064 3370 sanctissimosque
3101 3295 3406 3362 consuluit,
3439 3291 3751 3361 audivitque

2155 3420 2261 3476 quo
2286 3399 2550 3471 temporis
2569 3393 3036 3464 C0nstantinopoli
3059 3390 3293 3447 ﬂorebat
3311 3390 3553 3445 Joannes
3573 3383 3753 3454 Chry-

2154 3475 2450 3559 sostomus,
2480 3491 2533 3545 in
2557 3490 2740 3562 Cypro
2765 3483 3123 3557 Epiphanius,
3147 3481 3514 3537 Neocmsarea:
3537 3475 3753 3545 Grego-

2154 3593 2316 3657 rius,
2382 3585 2617 3659 Cyrillus
2678 3580 3122 3653 Hierosolymis,
3191 3576 3413 3633 Edessa:
3481 3575 3536 3629 in
3590 3570 3752 3645 Syria

2156 3683 2432 3754 Ephrem,
2482 3679 2625 3734 Nisa:
2670 3676 2970 3748 Gregorius
3014 3673 3178 3740 alter,
3219 3668 3407 3726 Basilii
3452 3666 3639 3732 frater,
3691 3673 3752 3719 ut

2156 3776 2526 3848 Sophronium
2559 3784 2613 3828 et
2641 3771 2780 3826 alios
2801 3778 3125 3840 prmtercam
3151 3783 3164 3818 :
3195 3779 3306 3836 pra:
3332 3760 3547 3818 cancris
3571 3767 3751 3814 tamen

2158 3870 2492 3940 Hieronymo
2532 3879 2703 3935 usque
2745 3863 2810 3916 ad
2853 3857 3119 3915 amicitias
3142 3870 3275 3912 usus
3309 3865 3430 3920 est;
3459 3855 3537 3911 uti
3569 3868 3635 3909 ex
3666 3865 3754 3909 se-

2156 3961 2331 4018 cunda
2372 3959 2546 4030 ipsius
2577 3958 2646 4012 ad
2683 3955 2940 4010 Ruﬁnum
2981 3949 3245 4021 Apologia
3275 3948 3474 4018 liquet,
3509 3945 3636 4001 dum
3666 3943 3753 4000 in-

2156 4057 2272 4127 quit
2298 4072 2310 4108 :
2339 4051 2468 4108 Cum
2491 4050 2684 4106 Dexter
2706 4049 2904 4104 amicus
2926 4062 3067 4101 meus
3083 4044 3172 4115 qui
3197 4045 3558 4115 pra'fecturant
3579 4037 3751 4092 admi-

2157 4148 2392 4202 nistravit
2422 4144 2682 4216 pm’torii,
2724 4151 2834 4198 etc.
2871 4139 2951 4196 Ad
2982 4139 3089 4194 hoc
3127 4150 3258 4192 vero
3300 4148 3585 4190 necessum
3621 4130 3750 4196 fuit,

2157 4257 2269 4296 non
2297 4239 2468 4294 semel
2491 4246 2585 4293 aut
2608 4237 2807 4291 iterum
2832 4250 2957 4290 cum
2980 4229 3293 4293 convenire,
3321 4225 3417 4282 sed
3441 4226 3754 4296 frequenter

2157 4331 2411 4386 familiari
2452 4331 2622 4400 ipsius
2652 4330 2704 4383 in
2740 4323 3123 4382 Bethlemitico
3151 4334 3374 4377 secessu
3398 4360 3413 4384 ,
3456 4317 3559 4373 lrui
3585 4315 3756 4371 collo-

2158 4427 2320 4498 quia,
2350 4437 2406 4482 et
2445 4425 2730 4479 absentem
2761 4421 3040 4476 multoties
3072 4432 3168 4488 per
3207 4415 3417 4470 litteras
3440 4410 3507 4467 ad
3537 4409 3754 4466 diversa

2160 4519 2340 4578 studia
2364 4534 2686 4592 provocare.
2712 4516 2986 4572 llabemns
3013 4512 3134 4583 ejus
3157 4511 3232 4567 rei
3259 4507 3445 4564 nobile
3465 4520 3756 4578 argumen-

2162 4625 2314 4683 tum,
2373 4615 2572 4670 librum
2621 4612 2691 4667 de
2743 4608 3115 4677 Scriptoribus
3161 4598 3567 4660 ecclesiasticis.
3619 4596 3754 4652 Cum

2161 4708 2305 4764 enim
2338 4715 2450 4774 tot,
2493 4705 2792 4773 taliumque
2829 4701 3125 4755 Doctorum
3161 4693 3384 4765 scriptis
3411 4690 3756 4748 Christianus

2161 4801 2315 4858 orbis
2343 4797 2447 4853 sibi
2477 4813 2539 4852 eo
2571 4795 2773 4851 sarculo
2793 4792 3148 4849 vehementer
3166 4785 3424 4844 illustrari
3447 4783 3750 4847 videretur,

2163 4895 2217 4950 in
2263 4907 2491 4963 quorum
2533 4887 2942 4959 comparatione
2977 4882 3261 4954 gentilium
3304 4877 3748 4950 philosophorum

2160 5001 2224 5040 ac
2255 4984 2537 5039 rhetorum
2567 4979 2844 5036 subtilitas
2869 4983 2927 5031 et
2959 4971 3273 5042 eloquentia
3303 4969 3537 5024 v.luerat
3556 5007 3573 5033 ,
3603 4965 3756 5021 dole-

2161 5075 2251 5132 hat
2279 5072 2528 5138 nimium,
2551 5068 2880 5125 Christianis
2901 5063 3135 5136 gentiles
3160 5061 3364 5133 passim
3393 5058 3752 5115 rusticitatem

2161 5169 2442 5240 objiecre;
2476 5164 2655 5220 nullos
2679 5159 2984 5217 Ecclesiam
3009 5153 3370 5229 philosophos
3387 5193 3403 5220 ,
3437 5157 3531 5205 aut
3558 5149 3753 5206 rheto-

2161 5279 2270 5327 res,
2297 5259 2478 5316 nullos
2506 5257 2770 5311 Doctores
2800 5251 3080 5318 habuisse,
3109 5257 3301 5318 utpote
3327 5259 3358 5298 a
3385 5242 3603 5300 rustica:
3623 5241 3757 5296 sim-

2161 5355 2418 5428 plicitatis
2464 5346 2778 5406 hominibus
2835 5343 3154 5407 fundatam,
3205 5355 3302 5396 seu
3351 5353 3382 5393 a
3431 5334 3754 5409 quibusdam

2155 5446 2526 5524 piscatoribus
2549 5439 2823 5513 praecipue
2845 5439 3115 5495 edoctam.
3144 5435 3283 5490 Hine
3315 5435 3518 5490 Dexter
3539 5430 3607 5487 de
3627 5429 3755 5486 Hie-

2157 5537 2372 5610 ronymi
2401 5531 2707 5591 sul’ﬁcentia
2736 5528 3041 5593 conﬁdens,
3070 5524 3163 5596 qui
3189 5540 3330 5598 pene
3351 5538 3542 5580 omnes
3570 5530 3758 5577 aucto-

2158 5648 2246 5689 res
2278 5631 2392 5684 sive
2413 5622 2842 5689 ecclesiasticos,
2876 5619 2992 5673 sive
3021 5617 3302 5688 profanos,
3327 5616 3547 5674 Grmeos
3576 5623 3632 5671 ct
3653 5614 3758 5670 La-

2156 5724 2304 5780 tinos
2323 5721 2548 5794 legerat,
2575 5722 2781 5767 tantum
2806 5709 2854 5765 ci
2879 5721 3015 5782 Opus
3039 5708 3290 5782 imponit,
3316 5722 3496 5782 operte
3520 5707 3754 5782 pretium
