3978 6278
188 293 247 350 t'l
1518 281 1858 341 AUCTORIS
1898 280 2079 338 VITA.
3412 286 3482 344 ιε

182 402 342 474 ipsum
362 397 623 454 iacturum
649 396 966 474 afﬁrmans,
994 395 1040 452 si
1067 395 1361 452 Doctorum
1387 396 1651 464 omnium,
1677 396 1768 468 qui
1796 400 1846 461 Α
1871 397 2061 468 quanti
2089 404 2138 452 et
2167 396 2344 467 quales
2367 398 2464 452 viri
2495 415 2606 453 eam
2636 399 2990 470 fundaverinl,
3023 399 3397 467 exstruxerint,
3432 414 3484 461 et

185 495 282 550 vita
310 501 361 550 et
387 492 605 562 scriptis
628 490 942 548 Ecclesium
969 490 1062 546 Dei
1097 491 1488 560 illustrassent,
1518 491 1762 554 nomina,
1872 489 2192 556 ornat-crint,
2221 500 2268 544 et
2300 491 2539 546 desinant
2570 493 2724 562 fidem
2767 502 2998 547 nostram
3026 493 3234 549 rustic-te
3276 501 3477 560 tantum

184 585 652 644 etlucubrationcs
677 629 696 655 ,
743 598 900 640 more
927 583 1192 654 catalogi,
1224 583 1292 638 ad
1326 599 1488 638 unum
1518 582 1766 639 brevius-
1867 583 2222 656 simplicitatis
2286 601 2503 658 arguere
2532 625 2549 651 ,
2618 603 2866 658 suamque
2931 589 3100 657 potius
3157 588 3478 660 imperitiam

181 679 345 735 culum
389 678 643 733 volumen
691 675 1085 732 encomiastice
1133 677 1423 733 reduceret
1459 694 1477 733 :
1533 687 1591 731 ut
1638 691 1761 732 cum
1869 687 2171 749 agnoscant.
2200 677 2471 732 Hactenus
2500 678 2864 751 Hieronymus
2901 681 3120 736 Dextro.

178 773 390 846 gentiles
426 773 715 828 rhetorum
755 785 821 828 ac
863 780 1152 842 poetarum
1195 787 1414 826 suorum
1455 771 1762 843 camlogum
1939 772 2150 841 Agebat
2179 788 2246 828 eo
2287 782 2537 843 tempore
2575 774 2775 829 Dexter
2815 790 3015 829 annum
3047 777 3224 832 aetatis
3251 793 3384 832 xxttt
3417 786 3473 833 et

181 865 324 922 nobis
353 865 684 935 objicerent,
713 879 876 935 quem
905 863 1196 920 Suetonius
1219 865 1594 935 Tranquillus,
1621 865 1764 919 libro
1869 865 2004 922 licet
2027 866 2414 922 adolescentiae
2443 874 2617 922 metas
2660 883 2768 923 non
2801 870 3153 935 excessisset,
3184 870 3366 925 animo
3399 879 3479 924 ta-

178 959 238 1015 de
254 959 533 1014 illustribus
551 957 925 1014 Grammaticis
945 958 1094 1014 edito
1114 958 1464 1026 confecerat,
1488 958 1761 1014 Catholici
1867 974 1991 1014 men
2035 974 2206 1014 canus
2251 974 2438 1017 senem
2490 959 2687 1014 studiis
2738 975 2851 1030 prae
2891 975 2951 1016 se
2982 961 3222 1027 ferebat;
3253 961 3394 1017 unde
3421 972 3476 1018 et

178 1065 381 1106 suorum
405 1050 724 1121 catalogum
748 1064 1003 1120 promere
1026 1057 1275 1121 possent,
1297 1061 1351 1105 et
1375 1049 1604 1121 gentiles
1625 1065 1762 1120 quos
1865 1062 2110 1123 coeperat
2149 1053 2462 1110 Chronicon
2515 1067 2672 1108 suum
2724 1053 2979 1108 Historiae
3027 1053 3361 1109 omnimodae
3413 1054 3468 1109 in

182 1143 332 1197 inscia
354 1151 604 1197 vetustas
634 1141 1014 1208 venerabatur,
1041 1141 1335 1211 imperitia:
1362 1149 1418 1196 et
1439 1140 1778 1212 ignorantizc-
1863 1145 2095 1216 gratiam
2118 1145 2364 1216 ejusdem
2386 1145 2703 1218 Hieronymi
2731 1155 2951 1213 texere;
2975 1161 3085 1218 quo
3115 1147 3374 1202 nimirum
3403 1146 3470 1200 ad

175 1237 505 1308 redarguere.
537 1235 586 1292 0
616 1235 837 1307 dignam
866 1235 1172 1291 Christiani
1205 1245 1260 1290 et
1289 1235 1438 1291 docti
1472 1235 1571 1290 \iri
1608 1236 1759 1307 cogi-
1863 1238 2175 1309 catalogum
2212 1239 2546 1309 scriptorum
2571 1238 2923 1307 ordiendum,
2953 1240 3129 1310 ipsum
3158 1239 3419 1294 excitaret
3451 1258 3464 1292 :

178 1329 416 1384 tationem
446 1330 460 1382 !
507 1343 543 1384 ο
571 1329 819 1383 animum
855 1327 1129 1383 nobilem!
1162 1326 1300 1395 Quid
1333 1327 1532 1383 mirum
1574 1327 1619 1382 si
1652 1342 1758 1384 non
1866 1331 2080 1386 tametsi
2114 1331 2274 1385 rebus
2297 1330 2528 1396 militiae,
2560 1339 2614 1385 et
2644 1330 3030 1400 imperatorum
3057 1329 3283 1386 servitio
3305 1329 3468 1401 longo

174 1425 326 1479 solum
345 1425 527 1479 clarus
540 1424 688 1494 apud
704 1423 980 1490 seculum,
1003 1423 1102 1478 sed
1124 1423 1314 1492 etiam,
1335 1424 1478 1494 quod
1505 1425 1558 1478 in
1581 1428 1759 1479 s’aecu-
1866 1431 2111 1493 tempore
2149 1422 2410 1488 intentus,
2455 1423 2773 1493 ingentique
2817 1431 3238 1479 memoratarum
3279 1438 3462 1478 rerum

174 1514 262 1570 lari
283 1515 500 1570 homine
529 1530 721 1570 rarum
755 1524 860 1582 est,
887 1513 1084 1569 Christi
1114 1514 1238 1582 ﬁdei
1257 1515 1486 1576 deditus.
1509 1515 1758 1570 dicatur?
1861 1516 2128 1572 varietate
2157 1515 2433 1583 detentus,
2465 1516 2627 1572 finem
2653 1516 2754 1585 ipsi
2781 1517 2884 1572 nisi
2913 1526 3035 1588 post
3067 1515 3268 1571 multos
3293 1531 3470 1572 annos

174 1610 301 1668 Sane
342 1609 484 1680 quod
538 1609 844 1664 Doctorum
886 1607 1147 1663 Ecclesia:
1196 1608 1443 1679 catalogo
1491 1607 1754 1672 fruamur,
1863 1624 1970 1664 non
2007 1609 2237 1664 valuerit
2279 1609 2560 1680 imponere
2593 1626 2605 1662 :
2637 1609 2856 1680 quando
2887 1610 3096 1664 scilicet
3136 1609 3290 1665 senio
3331 1624 3466 1665 con-

173 1698 356 1755 Dextro
381 1715 433 1754 v.
473 1715 527 1755 c.
570 1699 838 1755 debemus
872 1716 885 1752 :
917 1713 1039 1754 nam
1071 1699 1188 1768 ejus
1215 1699 1432 1754 hortatu
1469 1698 1527 1754 S.
1565 1698 1756 1754 Hicro-
1864 1703 2056 1769 fectus,
2089 1704 2330 1774 quietem
2366 1703 2512 1757 domi
2539 1718 2672 1769 sua),
2723 1704 2925 1758 exteris
2967 1703 3188 1772 rejectis
3237 1704 3460 1768 muniis,

171 1807 348 1862 nymus
389 1791 731 1862 provinciam
777 1805 898 1846 eam
946 1791 1216 1862 suscepit;
1265 1791 1425 1861 cujus
1463 1790 1754 1848 deﬁciente
1784 1778 1832 1839 Β
1861 1794 2221 1866 phil050phia:
2261 1793 2584 1849 Christianae
2630 1793 2950 1849 exercendae
2978 1794 3148 1865 gratia
3177 1793 3453 1865 quaesivit.

168 1885 578 1953 lucubratione,
637 1886 956 1941 innumeros
1005 1884 1353 1956 antiquorum
1415 1886 1745 1955 Doctorum,

166 1994 378 2049 quorum
408 1977 578 2033 modo
605 1992 790 2049 opera:
822 1992 929 2032 non
962 1986 1205 2041 exstant,
1235 1992 1526 2033 necessum
1561 1978 1752 2036 fuisset

165 2071 413 2142 ignorare.
444 2074 717 2128 Annuens
743 2071 910 2143 igitur
939 2071 1129 2128 Dextri
1157 2070 1446 2127 desideriis
1477 2073 1749 2146 llierouy-

167 2179 276 2219 tuus
305 2180 410 2221 non
437 2165 622 2219 solum
654 2164 963 2235 catalogum
991 2163 1234 2233 cupitum
1265 2161 1534 2228 confecit,
1568 2165 1663 2220 sed
1695 2175 1751 2221 et

171 2259 350 2314 librum
373 2259 559 2330 ipsum
584 2259 795 2314 Dextro
817 2255 1036 2322 dicavit,
1061 2265 1116 2311 et
1135 2257 1423 2328 epistolam
1448 2255 1589 2312 libro
1612 2273 1747 2328 prte-

167 2351 350 2424 posuit,
373 2351 675 2408 videlicet:

645 2457 984 2501 BIBBONYIUS
1021 2457 1253 2498 DBXTBO.

221 2535 482 2608 Hortaris,
519 2535 742 2605 Dexter,
774 2545 831 2591 ut
883 2534 1250 2608 Tranquillum
1300 2550 1548 2604 sequens,
1579 2539 1742 2591 eccleo

160 2631 377 2687 siusticos
405 2632 709 2701 Scriptores
740 2631 796 2685 in
826 2629 1067 2686 ordinem
1106 2630 1380 2701 digeram;
1409 2642 1457 2684 et
1495 2631 1636 2700 quod
1659 2630 1750 2685 ille

162 2723 208 2776 in
233 2724 603 2780 enumerandis
642 2724 912 2797 gentilium
954 2723 1248 2778 litterarum
1287 2724 1410 2778 viris
1436 2725 1558 2795 fecit
1596 2723 1750 2779 illus-

163 2817 334 2889 tribus,
378 2834 470 2889 eyo
496 2819 560 2872 in
609 2816 802 2872 nostris
830 2815 1022 2888 faciam
1050 2832 1070 2872 :
1095 2816 1152 2870 id
1183 2825 1280 2883 est,
1330 2826 1386 2870 ut
1433 2833 1466 2870 a
1507 2817 1749 2888 passione

163 2905 337 2964 Christi
379 2927 543 2983 usque
573 2909 646 2964 ad
683 2911 941 2964 decimum
976 2917 1219 2980 quartum
1253 2908 1530 2964 Theodosii
1559 2911 1745 2982 imper.

161 3017 340 3056 unum
366 3019 545 3058 omnes
571 3001 663 3075 qui
689 3003 757 3056 de
808 3001 1098 3073 Scripturis
1129 3001 1320 3056 sanctis
1353 3004 1615 3056 memoria:
1648 3000 1750 3055 ali-

159 3096 269 3164 quid
316 3097 692 3168 prodiderunt,
742 3095 834 3150 tibi
888 3095 1106 3150 breuiter
1154 3111 1430 3166 exponam.
1489 3093 1747 3149 Fecerunt

158 3155 348 3256 quidem
385 3188 483 3243 hoc
512 3189 655 3242 idem
676 3155 839 3259 vapud
881 3184 1088 3241 Grccos
1118 3155 1440 3257 Hermippus
1471 3183 1743 3257 Peripate-
1771 3155 1817 3218 ϐ

158 3278 291 3342 ticus,
309 3279 605 3352 Antigonus
627 3277 920 3350 Carystius,
945 3278 1167 3349 Satyrus
1187 3278 1370 3332 doctus
1397 3277 1497 3343 vir,
1526 3288 1572 3332 et
1593 3277 1747 3349 longe

161 3371 373 3424 omnium
402 3371 742 3426 doctissimus
777 3370 1119 3425 Aristoxenus
1152 3367 1390 3424 Musicus
1420 3384 1440 3424 :
1469 3369 1613 3440 apud
1643 3367 1747 3421 La-

159 3461 278 3516 tinos
301 3471 469 3517 autem
488 3461 687 3529 Varro,
713 3462 932 3528 Santra,
964 3460 1165 3534 Nepos,
1192 3460 1457 3533 Hyginus,
1480 3471 1551 3527 et,
1573 3459 1642 3513 ad
1653 3476 1746 3514 cu-

151 3556 232 3626 jus
251 3571 337 3611 nos
352 3557 657 3627 exemplum
682 3556 758 3611 vis
782 3573 894 3626 pro:
911 3571 1095 3620 ocare,
1112 3553 1475 3625 Tranquillus.
1509 3554 1616 3610 Sed
1641 3570 1744 3608 non

163 3663 280 3716 utea,
307 3660 356 3703 et
392 3651 612 3704 illorum
642 3649 829 3704 similis
853 3657 930 3704 est
959 3647 1187 3703 conditio
1217 3664 1232 3701 .'
1264 3645 1351 3700 illi
1393 3647 1530 3700 enim
1553 3655 1746 3701 ueteres

162 3740 402 3808 historias,
433 3742 756 3812 annalesque
802 3742 1138 3810 replicantes,
1183 3749 1458 3811 potuerunt
1497 3739 1646 3810 quasi
1683 3738 1747 3794 de

160 3833 336 3905 ingenti
384 3845 541 3906 prato
592 3850 806 3906 parvam
837 3833 1075 3904 apusculi
1120 3833 1202 3887 sui
1247 3849 1493 3886 coronam
1525 3843 1696 3887 texere
1724 3848 1743 3887 :

159 3942 238 3998 ego
263 3928 385 3998 quid
429 3937 643 3983 acturus
685 3944 824 3993 sum,
851 3927 943 3998 qui
984 3925 1190 3982 nullum
1233 3927 1479 3998 precium
1503 3942 1740 3998 sequens,

159 4021 420 4088 pessimum
445 4023 528 4093 (ut
567 4019 778 4091 dicitur)
811 4022 1120 4095 magistrum
1162 4021 1515 4092 memetipsum
1546 4021 1746 4075 habeo?

161 4110 478 4184 Quamquam
506 4112 766 4168 Eusebius
781 4111 1047 4184 Pamphili
1075 4114 1130 4166 in
1161 4113 1334 4168 decem
1364 4111 1745 4167 Ecclesiastica:

160 4201 374 4261 historic
419 4205 596 4272 libris,
645 4207 876 4262 maximo
924 4205 1071 4259 nobis
1119 4205 1419 4278 adjumento
1459 4205 1616 4276 fuerit
1650 4211 1746 4258 :et

157 4297 466 4368 singulorum
493 4299 556 4353 de
582 4299 773 4370 quibus
801 4299 1049 4365 scripturi
1065 4315 1241 4353 sumus
1263 4299 1547 4362 uolumina,
1571 4306 1746 4352 anates

160 4399 414 4445 auctorum
460 4407 678 4446 suorum
721 4407 862 4460 stupe
905 4399 1180 4446 testantur.
1237 4391 1428 4461 Itaque
1467 4390 1745 4444 Dominum

157 4477 316 4536 Iesum
341 4481 614 4540 Christum
655 4499 866 4557 precor,
910 4494 965 4538 ut
1003 4483 1142 4555 quod
1170 4481 1349 4538 Cicero
1387 4494 1530 4550 tuus,
1556 4484 1647 4555 qui
1689 4485 1744 4538 in

162 4587 267 4629 arce
293 4574 545 4632 Romana:
571 4577 709 4631 stetit
745 4577 1055 4647 eloquentia:
1105 4594 1210 4632 non
1257 4587 1330 4632 est
1373 4577 1544 4648 facere
1590 4575 1740 4630 dedi-

159 4675 329 4735 gnatus
354 4668 410 4722 in
434 4667 626 4737 Bruto,
656 4678 920 4723 oratorum
953 4667 1156 4725 Latina:
1185 4669 1379 4741 linguae
1405 4679 1580 4724 texens
1610 4679 1746 4724 cata-

163 4754 344 4828 logum,
370 4763 427 4815 id
471 4778 568 4833 ego
609 4763 664 4816 in
706 4763 953 4818 Ecclesia
985 4761 1130 4818 illius
1174 4764 1511 4836 scriptoribus
1539 4780 1746 4819 enume-

162 4853 348 4920 rundis,
371 4854 532 4927 digne
554 4853 916 4910 cohortatione
953 4866 1041 4911 tua
1077 4856 1343 4926 impleam.
1378 4856 1440 4913 Si
1459 4859 1550 4927 qui
1573 4867 1745 4912 autem

164 4938 220 4994 de
245 4942 321 4996 his
358 4948 448 5011 qui
481 4962 643 5017 usque
672 4947 828 5001 hodie
856 4948 1172 5019 scriptitarit,
1201 4967 1234 5002 a
1258 4965 1339 5004 me
1378 4950 1432 5004 in
1476 4950 1572 5004 hoc
1602 4949 1748 5005 volu-

162 5035 284 5090 mine
318 5039 652 5109 pratermissi
691 5050 835 5108 sunt,
867 5041 966 5095 sibi
1004 5042 1190 5114 magis,
1219 5058 1376 5114 quam
1417 5042 1544 5098 mihi
1569 5042 1751 5098 debent

162 5126 399 5198 imputare
431 5149 448 5187 :
477 5150 640 5204 neque
668 5134 805 5188 enim
823 5132 1046 5190 celantes
1066 5137 1260 5208 scripta
1281 5152 1399 5204 sua,
1432 5136 1498 5189 de
1517 5135 1599 5192 his
1632 5153 1749 5208 qua:

163 5236 255 5276 non
279 5224 378 5296 legi
398 5241 552 5280 nosse
577 5225 763 5294 potui;
791 5235 838 5280 et
872 5227 1011 5296 quod
1041 5227 1160 5282 aliis
1191 5227 1417 5298 forsitan
1446 5229 1513 5281 sit
1549 5237 1748 5294 notum,

164 5317 278 5372 mihi
301 5320 356 5372 in
385 5321 482 5375 hoc
512 5331 772 5375 terrarum
797 5319 993 5393 angulo
1017 5323 1172 5393 fuerit
1198 5324 1452 5396 ignotum.
1472 5321 1619 5378 Certe
1634 5339 1750 5376 cum

163 5410 355 5481 scriptis
400 5411 507 5468 suis
550 5412 858 5478 claruerint,
888 5429 994 5467 non
1024 5430 1338 5486 magnopere
1368 5415 1532 5469 nostri
1559 5415 1754 5470 silentii

164 5501 423 5573 dispendio
450 5505 814 5576 suspirabunt.
861 5505 1077 5566 Discant
1107 5524 1232 5578 ergo
1273 5507 1474 5573 Celsus,
1501 5506 1751 5579 Porphy-

163 5597 284 5665 rius,
307 5596 576 5671 Julianus,
598 5599 774 5654 rabidi
800 5600 1046 5656 adversus
1061 5597 1330 5655 Christum
1357 5617 1530 5667 canes,
1554 5600 1757 5655 discant

168 5703 333 5743 eorum
373 5701 677 5760 sectatores,
711 5693 804 5764 qui
847 5701 1032 5764 putant
1063 5692 1362 5748 Ecclesium
1386 5692 1560 5747 nullos
1588 5691 1760 5764 philo-

169 5781 388 5853 sophos,
448 5793 495 5842 et
555 5786 891 5859 eloquentes,
944 5784 1122 5843 nullos
1183 5784 1423 5843 habuisse
1474 5781 1759 5854 Doctores;

1856 1888 1990 1944 Inde
2021 1888 2224 1943 factum
2255 1897 2360 1952 est,
2394 1896 2454 1942 ut
2478 1887 2844 1959 Hieronymus
2865 1888 2986 1958 ejus
3015 1887 3136 1943 libri
3159 1889 3212 1943 iu
3234 1903 3336 1944 suo
3366 1903 3458 1944 ca-

1859 1984 2040 2055 talogo
2076 1983 2409 2047 meminerit,
2443 1998 2603 2053 quem
2637 1998 2780 2038 anno
2808 1983 3019 2037 Domini
3051 1983 3159 2039 595
3185 1983 3450 2050 confecit,

1854 2085 1909 2133 et
1938 2076 2290 2139 nihilominus
2317 2076 2563 2130 ultimam
2595 2090 2812 2130 manum
2843 2074 3164 2145 imposuerit
3185 2090 3284 2131 suo
3314 2075 3458 2130 Dex-

1855 2178 1938 2226 ter
1967 2185 2112 2224 anno
2142 2168 2359 2224 Domini
2384 2167 2491 2223 430
2522 2177 2642 2238 post
2672 2169 2988 2240 Hieronymi
3017 2177 3273 2234 mortem,
3305 2176 3364 2222 ut
3390 2183 3457 2224 ex

1852 2260 2085 2332 prologo
2115 2261 2306 2331 liquet.
2338 2259 2677 2329 Quamquam
2720 2259 2770 2314 id
2802 2275 3017 2330 quoque
3045 2259 3329 2330 probabile
3361 2258 3463 2315 ad-

1852 2353 2071 2410 modum
2100 2353 2194 2418 sit,
2227 2367 2334 2407 non
2362 2367 2429 2408 eo
2450 2366 2618 2413 anno.
2639 2366 2748 2421 quo
2768 2351 3050 2422 catalogus
3075 2366 3104 2405 a
3127 2350 3464 2423 Hieronymo

1856 2444 2167 2500 elaboratus
2217 2442 2342 2510 fuit,
2392 2442 2582 2498 Dextri
2634 2442 2920 2497 historiam
2971 2443 3026 2496 in
3075 2457 3141 2497 eo
3195 2443 3459 2497 insertam

1852 2535 2042 2601 fuisse,
2071 2537 2165 2592 sed
2199 2544 2322 2606 post
2361 2534 2568 2606 aliquot
2599 2548 2805 2601 annos,
2847 2532 3068 2605 quando
3099 2532 3356 2589 videlicet
3383 2533 3452 2588 ad

1851 2628 1973 2698 ejus
1999 2627 2245 2682 notitiam
2275 2627 2526 2697 pervenit
2559 2625 2742 2680 Dextri
2774 2625 3107 2689 lucubratio,
3136 2632 3192 2680 et
3237 2623 3454 2679 dedica-

1853 2720 2018 2777 tionis
2043 2721 2422 2793 propositum;
2456 2717 2912 2791 quemadmodum
2946 2728 3003 2773 et
3027 2717 3164 2772 alios
3193 2717 3452 2788 paulatim

1852 2813 2154 2869 inseruisse
2195 2828 2453 2870 successu
2490 2813 2773 2884 temporis,
2807 2810 2909 2895 sibi
2951 2818 3078 2865 ante
3117 2810 3446 2880 incognitas,

1852 2921 1951 2962 suo
1979 2905 2102 2962 loco
2123 2906 2322 2962 dicturi
2357 2923 2566 2963 sumus.

1921 2996 2313 3054 Crebrescente
2339 2997 2457 3068 ejus
2482 2997 2644 3064 fama,
2694 2997 2908 3053 tandem
2942 2996 3052 3066 :ab‘
3082 2996 3316 3054 Arcadio
3362 2999 3458 3069 qui

1851 3089 2091 3147 Orientis
2131 3091 2416 3161 imperium
2447 3105 2476 3145 a
2507 3091 2814 3146 Theodosio
2845 3099 3068 3160 parente
3102 3091 3453 3147 haereditario

1845 3182 1970 3254 jure
2021 3191 2373 3255 susceperat,
2425 3184 2492 3239 ad
2524 3183 2903 3256 praefecturam
2958 3185 3197 3256 praetorii
3249 3185 3453 3240 Dexter

1849 3283 2071 3332 erectus
2101 3284 2205 3342 est,
2236 3275 2326 3330 cui
2359 3275 2510 3331 nulla
2543 3286 2665 3332 erat
2694 3286 2807 3332 toto
2849 3277 3078 3347 imperio
3109 3276 3345 3348 dignitas
3374 3292 3455 3332 ze-

1847 3367 2042 3440 qnalis,
2076 3377 2267 3440 utpote
2295 3371 2438 3426 unde
2468 3369 2668 3424 multos
2712 3368 2780 3424 ad
2806 3385 3066 3424 coronam
3110 3371 3324 3441 imperii
3355 3385 3455 3425 vo-

1847 3470 1998 3517 catos
2046 3477 2117 3518 ex
2166 3461 2407 3519 historiis
2460 3466 2684 3520 scimus.
2713 3463 2834 3532 Quo
2880 3479 3023 3520 anno
3074 3463 3452 3535 praefecturam

1848 3554 2089 3624 praetorii
2131 3555 2332 3613 Dexter
2376 3557 2603 3628 praecise
2652 3557 2833 3614 inierit
2886 3572 2993 3612 non
3047 3566 3294 3624 constat;
3347 3557 3456 3615 hoc

1849 3662 2011 3702 unum
2035 3654 2216 3704 tamen
2243 3648 2430 3720 liquet,
2455 3664 2600 3705 anno
2627 3647 2829 3706 Christi
2847 3648 3056 3704 Domini
3074 3647 3209 3717 403,
3236 3664 3344 3720 Quo
3365 3649 3449 3703 vi-

1847 3739 2047 3797 delicet
2081 3741 2138 3798 S.
2194 3743 2556 3814 Hieronymus
2596 3743 2892 3800 secundam
2925 3743 2992 3798 ad
3019 3742 3272 3799 Ruﬁnum
3304 3742 3455 3800 dedit

1847 3834 2189 3906 Apologiam,
2217 3835 2593 3905 praefecturam
2627 3836 2740 3907 jam
2781 3851 2936 3893 suam
2969 3837 3294 3906 explevisse,
3323 3851 3448 3892 cum

1847 3936 2025 3982 tamen
2065 3943 2210 3982 anno
2240 3928 2333 3983 illo
2361 3929 2467 3985 595
2496 3945 2604 4000 quo
2633 3929 2936 4001 catalogum
2969 3930 3294 4000 scriptorum
3326 3944 3451 4000 per-

1847 4019 1994 4086 fecit,
2028 4019 2272 4074 nondum
2303 4019 2370 4073 ad
2393 4035 2512 4075 eam
2543 4021 2918 4076 ascendisset:
2947 4021 3001 4075 in
3031 4021 3279 4091 catalogo
3301 4023 3446 4077 enim

1845 4111 1937 4168 illo
1964 4126 2075 4165 non
2105 4127 2170 4165 eo
2203 4110 2360 4165 titulo
2389 4127 2418 4165 a
2449 4111 2782 4184 Hieronymo
2827 4112 3152 4180 honoratur,
3183 4115 3278 4170 sed
3308 4115 3444 4170 sim-

1847 4201 1970 4273 plici
1991 4217 2121 4258 usus
2149 4211 2233 4258 est
2254 4202 2474 4258 nomine
2502 4219 2516 4256 :
2547 4201 2894 4274 Hieronymus
2920 4203 3140 4260 Dextro.
3177 4205 3442 4272 Hortaris,

1844 4293 2056 4350 Dexter.
2103 4294 2162 4350 In
2195 4293 2452 4367 Apologia
2482 4310 2634 4360 vero,
2677 4296 2810 4349 Ante
2851 4295 3188 4365 decennium,
3233 4298 3444 4369 inquit,

1845 4404 1962 4443 cum
1989 4387 2180 4444 Dexter
2200 4388 2395 4442 amicus
2422 4405 2586 4456 meus,
2617 4390 2702 4459 qui
2724 4388 3086 4459 prtefecturam
3110 4390 3450 4446 administra-

1846 4484 1916 4538 rit
1945 4485 2196 4555 praetorii,
2228 4500 2306 4538 me
2335 4491 2584 4556 rogasset,
2618 4491 2673 4536 ut
2711 4491 2984 4536 auctorum
3026 4491 3214 4538 nostrte
3239 4483 3452 4556 religio-

1849 4577 1929 4630 nis
1957 4577 2005 4632 ei
2051 4577 2273 4630 iudicem
2305 4585 2546 4630 texerem.
2587 4575 2888 4647 Trigesimo
2917 4573 3091 4648 (reor)
3129 4576 3305 4632 {etatis
3333 4590 3448 4632 sua:

1847 4683 1991 4723 anno
2021 4668 2261 4739 praetorii
2293 4667 2580 4738 praefectus
2605 4665 2778 4723 factus
2801 4665 2900 4721 fuit
2929 4683 2944 4723 :
2976 4674 3031 4722 et
3060 4667 3130 4723 33
3151 4667 3263 4738 jam
3304 4682 3448 4738 prte-

1847 4760 2058 4817 fcctura
2101 4759 2422 4830 perfunctus
2466 4766 2752 4830 tantopere
2780 4759 3166 4832 Hieronymum
3199 4759 3450 4817 familiari

1848 4852 2120 4924 colloquio
2149 4861 2204 4909 et
2223 4851 2444 4923 scriptis
2469 4863 2827 4922 convenerat,
2860 4861 2923 4908 ut
2953 4854 3021 4909 ab
3048 4853 3168 4925 ipso
3195 4855 3352 4910 amici
3383 4855 3450 4911 ti-

1849 4949 2019 5004 tulum
2047 4947 2328 5004 meruerit.

1922 5040 2105 5096 Rebus
2145 5039 2386 5112 praetorii
2430 5040 2660 5097 feliciter
2703 5041 3114 5108 administratis,
3162 5049 3217 5098 et
3267 5044 3451 5099 multis

1851 5134 2007 5188 annis
2038 5135 2091 5188 in
2121 5133 2343 5189 servitio
2387 5134 2752 5205 Augustorum
2802 5136 3045 5207 Arcadii,
3093 5145 3149 5193 et
3197 5135 3447 5205 Honorii,

1851 5240 1916 5280 ac
1938 5225 2175 5295 junioris
2197 5224 2488 5282 Theodosii
2509 5227 2795 5293 confectis,
2828 5228 3043 5284 tandem
3072 5227 3142 5284 de
3167 5243 3356 5284 eorum
3389 5229 3455 5284 li-

1852 5318 2029 5374 centia
2056 5316 2364 5391 infpatriam
2394 5320 2718 5388 revertitur;
2745 5321 2836 5376 ubi
2861 5330 3040 5378 tamen
3069 5322 3253 5392 quiete
3267 5331 3453 5393 optata

1857 5427 1965 5467 non
1991 5410 2087 5466 diu
2115 5413 2274 5483 potiri
2302 5412 2484 5469 datum
2516 5411 2636 5481 fuit,
2671 5428 2794 5468 nam
2821 5414 2888 5470 ad
2911 5414 3150 5486 regimen
3177 5415 3456 5472 Toletana:

1863 5503 2015 5560 urbis
2035 5513 2373 5574 assumptus,
2402 5503 2652 5559 nonnihil
2674 5504 2854 5561 studia
2883 5515 3058 5578 empta
3087 5506 3454 5564 intermittere

1860 5607 2086 5655 coactus
2115 5606 2218 5654 est.
2249 5597 2322 5653 At
2348 5611 2449 5653 nec
2489 5598 2568 5654 sic
2596 5600 2820 5654 omnino
2861 5599 2930 5654 ab
2956 5599 3068 5656 illis
3094 5600 3322 5667 destitit,
3359 5597 3456 5654 sed

1862 5705 1964 5762 pro
1984 5688 2250 5760 temporis
2271 5689 2698 5760 opportunitate,
2725 5691 2946 5763 antiqua
2967 5690 3143 5747 Toleti
3159 5688 3452 5746 Tabularia

1867 5769 2096 5838 scrutari
2127 5779 2270 5851 (qua:
2303 5779 2407 5837 sibi
2438 5781 2730 5838 admodum
2769 5781 3007 5853 proficua
3035 5779 3203 5838 fuisse
3233 5776 3455 5846 fatetur)
