3978 6306
237 290 305 355 at
922 293 1229 354 seuera
1272 276 1603 351 vrirt-znutt
1639 272 2062 353 resit‘itoxts
2100 294 2190 352 or.
2232 292 2342 355 l-‘L.
2384 278 2448 355 ι..
2474 262 2796 355 omne.
3060 300 3076 309 ο
3437 280 3513 359 '2‘:

275 410 340 468 ΙΙ.
362 406 600 489 [arruns
625 455 640 479 ,
675 410 1519 489 episeopnsCmsaraugnstanns
1538 456 1562 489 ι
1584 409 1770 467 Dextri
1833 413 1884 473 Α
1913 413 2140 468 maxima
2168 416 2520 485 quorumdam
2547 414 2798 470 librorum
2824 417 3065 489 penuria.
3094 413 3240 471 Inter
3266 410 3517 472 barloras

435 484 799 540 Continuator
824 525 840 549 ,
878 484 1012 539 obiit
1039 499 1184 539 anno
1214 482 1431 540 Domini
1461 482 1587 539 bili.

306 602 485 657 Exstat
527 600 646 668 ejus
694 598 935 667 epistola
977 597 1045 652 ad
1091 597 1424 669 Argebatum
1472 598 1804 669 episcopum

242 693 680 752 Portueallensem
709 734 724 756 ,
763 689 1018 746 videlicet
1045 708 1059 742 :
1406 762 1409 769 Ι

302 789 479 847 Sancto
502 799 549 843 et
570 788 851 842 venerabili
870 787 1084 842 domino
1106 782 1365 859 Argebato
1385 783 1497 856 [ΑΙ.
1516 785 1642 857 Argi
1648 783 1804 861 auito]

239 883 455 954 episcopo
480 880 867 937 Portucallensi
890 922 907 947 ,
955 877 1030 934 Η.
1063 877 1331 934 Maximus
1365 880 1583 933 salutem
1610 877 1662 932 in
1699 878 1806 932 Do-

240 976 384 1029 atina.

296 1067 414 1124 Cum
439 1082 661 1122 essemus
694 1066 750 1121 in
775 1066 900 1121 urbe
934 1066 1080 1137 regia
1115 1064 1186 1119 ad
1227 1068 1505 1121 concilium
1534 1067 1730 1121 evocati
1771 1082 1806 1119 a

235 1159 422 1213 domino
459 1167 631 1212 nostra
673 1156 903 1232 glorioso
939 1174 1060 1229 rege
1106 1155 1196 1212 Fl.
1239 1155 1621 1222 Gundentaro,
1667 1173 1807 1228 stupe

233 1251 353 1304 inter
378 1266 467 1304 nos
493 1250 827 1305 convenimus
848 1265 868 1314 ;
914 1266 1129 1318 cumque
1154 1267 1326 1305 sermo
1356 1250 1548 1305 multus
1574 1260 1712 1306 esset
1743 1251 1807 1305 de

236 1343 429 1398 historia
460 1359 639 1416 regum
658 1386 674 1407 ,
708 1360 864 1411 quam
890 1360 991 1397 non
1023 1343 1186 1397 multo
1208 1352 1329 1398 ante
1354 1344 1407 1398 in
1438 1345 1605 1399 lucrm
1632 1343 1807 1400 edide-

234 1453 349 1500 rant,
378 1445 494 1490 tunc
516 1436 584 1490 ad
613 1436 837 1491 relatum
879 1447 1113 1491 nostrum
1146 1436 1366 1492 deduxit
1389 1440 1641 1492 sanctitas
1671 1449 1762 1492 tua
1784 1478 1801 1506 ,

230 1544 278 1582 se
309 1527 432 1582 velle
462 1526 653 1583 habere
689 1529 1130 1584 continuationem
1166 1529 1480 1584 omnimoda:
1510 1527 1764 1585 Histt‘itl’
1784 1571 1801 1598 ,

232 1635 373 1690 quam
408 1623 525 1691 fecit
550 1618 778 1676 Flauius
803 1620 867 1677 L.
902 1620 1090 1677 Dexter
1113 1664 1129 1689 ,
1173 1623 1314 1687 quod
1347 1623 1477 1678 satis
1517 1622 1803 1678 verecunde

233 1715 286 1765 ab
305 1712 582 1767 humilitate
601 1723 788 1768 nostra
814 1715 1091 1786 ﬂagitasti.
1123 1713 1188 1768 Et
1215 1730 1336 1769 cum
1364 1726 1420 1768 tu
1441 1755 1457 1780 ,
1498 1730 1596 1784 pro
1627 1725 1719 1768 tua
1748 1716 1801 1768 in

1909 507 2044 560 enim
2074 504 2393 562 Sarracenos
2423 524 2527 562 non
2552 511 2780 580 suppetit
2809 509 2962 581 copia
2988 526 3157 563 rerum
3190 511 3512 565 necessaria-

1906 612 2023 650 rum
2050 638 2065 662 ,
2120 597 2312 651 nedum
2351 608 2408 651 ut
2448 597 2684 653 habeatis
2728 599 2979 654 bonorum
3006 600 3255 655 librorum
3281 602 3508 671 capiant.

1909 685 2070 743 Dolui
2110 688 2319 754 quidem
2363 688 2524 742 vicem
2566 696 2749 754 tuam,
2799 691 2939 761 quod
2982 691 3056 744 ita
3106 690 3309 745 duriter
3348 684 3507 745 uitam

1908 781 2121 851 exigas;
2161 782 2252 837 sed
2280 780 2477 837 soletur
2504 790 2552 835 te
2578 782 2630 836 in
2662 784 2819 836 tantis
2848 784 3106 855 angustiis
3128 828 3143 851 ,
3192 785 3333 855 quod
3358 780 3507 840 ’sicn‘t

1906 873 2071 930 bonus
2101 882 2280 939 pasttr
2308 875 2486 930 ovibus
2527 875 2629 931 tuis
2674 892 2726 930 es
2759 875 2947 931 solatio
2992 886 3038 932 et
3086 876 3305 932 auxilio.
3347 877 3507 933 Chro-

1909 972 2063 1026 nicon
2091 972 2228 1042 quod
2254 973 2415 1045 petis,
2448 973 2500 1025 in
2532 971 2627 1027 hac
2653 970 2963 1027 bibliotheca
2988 973 3194 1041 reperi,
3223 973 3275 1026 in
3304 983 3503 1027 vetusta

1910 1061 2204 1119 membrana
2226 1064 2577 1135 descriptum;
2608 1065 2882 1137 adjt'cique
2910 1075 2962 1118 ut
2987 1065 3170 1135 jussus
3198 1082 3311 1119 sum
3341 1082 3506 1119 anno-

1907 1174 2026 1211 rum
2054 1158 2236 1212 seriem
2266 1158 2335 1211 ad
2365 1159 2473 1212 hate
2503 1175 2662 1230 usque
2688 1169 2921 1229 tempora
2948 1202 2962 1225 ,
3002 1158 3058 1212 id
3095 1169 3168 1212 est
3194 1199 3210 1221 ,
3252 1157 3322 1210 ad
3345 1174 3506 1212 trram

1905 1245 2034 1302 960.
2063 1246 2132 1303 Et
2158 1247 2398 1318 gratulor
2422 1248 2573 1315 mihi,
2602 1249 2739 1318 quod
2764 1265 2881 1303 cum
2907 1248 3113 1312 Toleto,
3146 1248 3233 1303 ubi
3262 1250 3356 1303 sub
3377 1266 3504 1303 san-

1905 1341 2137 1396 ctissimo
2166 1343 2389 1412 prtrsnle
2410 1340 2665 1397 Tolt'tano
2686 1340 2880 1397 Bonito
2908 1344 3259 1397 subdiaconus
3291 1344 3369 1414 fui
3392 1383 3406 1405 ,
3448 1345 3501 1396 in

1898 1432 2123 1489 'ltaliam
2162 1434 2519 1506 proﬁciscerer
2547 1477 2563 1501 ,
2610 1435 2814 1505 aliquos
2856 1437 3092 1492 historia:
3122 1437 3279 1491 libros
3307 1453 3505 1491 metum

1904 1529 2190 1600 asportari,
2223 1529 2278 1583 in
2308 1530 2490 1600 quibus
2519 1530 2702 1585 ordine
2723 1540 2832 1585 erat
2856 1534 3014 1586 series
3050 1532 3267 1586 collecta
3308 1533 3417 1585 ntnl
3443 1550 3502 1584 o-

1903 1639 2019 1677 rum
2045 1609 2409 1693 episcoporum
2434 1664 2449 1689 ,
2485 1640 2615 1694 quos
2650 1633 2698 1678 et
2735 1625 2787 1678 in
2820 1621 2919 1678 hac
2947 1624 3257 1679 bibliotheca
3292 1624 3500 1693 reperi,

1903 1714 2052 1780 iussu
2079 1756 2093 1778 ,
2143 1724 2198 1767 ut
2244 1713 2399 1768 credo
2422 1759 2436 1783 ,
2482 1712 2666 1770 Sancti
2697 1712 2877 1769 Caroli
2923 1714 3101 1788 Magni
3132 1704 3205 1769 ex
3234 1714 3503 1786 Hispania

228 1821 299 1859 tne
318 1802 665 1859 benevolentia
686 1845 707 1875 ,
738 1814 788 1858 et
958 1806 1011 1861 in
1037 1814 1087 1860 te
1115 1778 1453 1861 observantia
1471 1778 1597 1860 mihi
1618 1778 1875 1875 jubere'ID
1904 1778 2099 1863 allatas
2125 1826 2145 1875 ;
2191 1823 2320 1881 quos
2368 1809 2388 1880 (
2411 1778 2465 1863 ut
2501 1806 2695 1881 aiunt)
2742 1808 2821 1863 illi
2862 1778 3117 1864 obtulgrat
3144 1778 3501 1863 sanctissimus

224 1895 461 1962 potuisses
478 1936 493 1959 ,
533 1894 730 1950 usaluit
758 1911 790 1949 a
818 1911 901 1950 me
924 1898 1178 1951 sanctitas
1202 1905 1294 1951 tua
1323 1896 1562 1967 precibus
1590 1906 1803 1952 conten-

222 1987 331 2043 dere
353 2028 370 2053 ,
395 1990 535 2060 quod
561 1989 717 2061 quasi
752 2004 849 2063 pro
868 1990 992 2060 jure
1023 2007 1121 2046 suo
1166 2000 1338 2062 posset
1381 1989 1638 2062 imperare
1662 2031 1678 2057 ,
1723 1990 1803 2046 rel

220 2080 379 2151 potius
407 2083 614 2157 exigere
636 2082 786 2154 quod
813 2084 1038 2157 juberet.
1073 2082 1366 2154 Sequemur
1394 2085 1646 2139 rationem
1672 2093 1803 2140 tem-

204 2182 385 2243 porum
410 2189 553 2231 more
575 2185 765 2229 nostro
784 2191 875 2242 per
894 2192 1029 2230 u'ras
1050 2173 1296 2243 Ctesaris,
1325 2185 1374 2230 et
1396 2192 1562 2231 annos
1583 2174 1799 2242 Christi,

216 2267 540 2338 magistrum
564 2282 735 2323 annos
761 2266 940 2337 Urbis,
964 2266 1276 2333 Consulum,
1309 2278 1402 2323 aut
1428 2267 1796 2340 Augustorum.

219 2355 418 2411 Utinam
440 2368 547 2413 tam
568 2360 851 2432 diligenter
872 2361 1081 2430 fecerim
1102 2361 1377 2430 imperata,
1406 2376 1561 2430 quam
1584 2369 1799 2416 conatus

215 2462 317 2501 mn
571 2451 835 2509 libenter!
862 2450 1105 2508 Produxi
1141 2469 1366 2525 namque
1394 2468 1577 2515 rerum
1611 2468 1802 2508 narra-

217 2540 386 2594 tionem
414 2542 478 2597 ab
501 2560 612 2598 tera
638 2542 865 2599 Ctesaris
890 2543 998 2599 469
1022 2586 1038 2611 ,
1066 2544 1140 2597 ad
1162 2561 1324 2599 teram
1348 2542 1455 2599 650
1472 2587 1488 2609 ,
1519 2545 1573 2598 id
1608 2552 1706 2611 est,
1736 2544 1800 2598 ab

214 2649 339 2689 anno
364 2632 561 2690 Christi
590 2636 694 2692 451
728 2654 891 2708 usque
915 2639 986 2692 ad
1009 2654 1206 2692 annum
1229 2638 1425 2693 Christi
1450 2636 1557 2694 612
1581 2678 1598 2707 ,
1639 2637 1799 2708 paulo

212 2740 317 2800 post
342 2742 558 2786 mortem
585 2730 678 2787 ΓΙ.
703 2730 1046 2786 Gundemari.

277 2822 331 2877 In
367 2821 651 2880 Chronico
673 2838 807 2909 vero
836 2824 902 2880 ad
935 2840 1132 2879 annum
1160 2814 1379 2880 Domini
1422 2821 1530 2880 ιιι
1574 2816 1687 2894 egit
1730 2808 1799 2880 de

202 2908 392 2969 Dextri
420 2924 614 2971 inerte.
647 2908 910 2971 Dedimus
941 2915 1057 2987 ejus
1086 2915 1247 2972 verba
1278 2917 1332 2971 ιιι
1358 2916 1478 2971 Vita
1519 2915 1795 2973 Auctoris.

280 3028 513 3099 lineas,
549 3030 1406 3161 episcopuBCassartggﬁustattus,
1425 3032 1556 3088 Vixit
1582 3016 1726 3087 anno

861 3121 1026 3159 ιΙΙηΙηΙ
1168 3144 1181 3156 ο

861 3121 1026 3159 ιιιιιιιιι
1056 3121 1181 3159 δυυ.

1905 1898 2204 1969 Elipandus
2241 1900 2656 1972 archiepiscopus
2683 1899 2965 1957 Toletanus
2990 1948 3004 1970 ,
3038 1913 3311 1975 postquam
3333 1900 3502 1970 {illum

1902 1990 2090 2046 erroris
2135 1990 2216 2047 sui
2258 1991 2322 2046 de
2364 1991 2651 2061 Adeptione
2677 1990 2870 2048 Christi
2896 1993 3151 2065 paenituit.
3194 1986 3326 2047 Γετὶ
3362 1993 3502 2063 quod

1890 2083 2122 2156 'jussisti,
2157 2083 2450 2138 beatissime
2481 2092 2660 2153 pater;
2689 2101 2756 2137 an
2780 2090 2895 2137 rato
2917 2096 3133 2138 cona'us
3155 2083 3498 2155 respondcrit,

1905 2190 1958 2234 tu
1994 2176 2187 2232 videbis
2216 2177 2302 2246 qui
2321 2175 2556 2249 jussisti.
2592 2174 2724 2231 Vale
2744 2220 2757 2243 ,
2800 2187 2847 2232 et
2866 2192 3069 2232 servum
3098 2186 3245 2230 tuum
3270 2174 3499 2230 exsulem

1901 2270 2048 2325 exsul
2074 2267 2182 2322 Deo
2212 2268 2516 2322 commenda
2528 2307 2542 2320 .

1973 2366 2049 2424 Ne
2081 2370 2201 2440 quis
2230 2369 2282 2423 in
2311 2371 2409 2425 bac
2433 2371 2663 2442 epistola
2692 2364 2955 2435 oﬂ'endat,
2988 2362 3498 2430 animadverterim,

1900 2459 2194 2515 Auctorem
2240 2477 2405 2516 aeram
2452 2478 2575 2516 cum
2624 2452 2768 2515 anno
2814 2457 3148 2513 contundere
3182 2499 3195 2519 ,
3251 2473 3347 2511 seu
3398 2448 3499 2525 prb

1884 2541 2096 2608 eodem
2147 2567 2406 2618 sumere,
2457 2563 2517 2608 ut
2564 2542 2762 2607 multos
2805 2552 2887 2606 sui
2933 2553 3031 2605 teri
3077 2549 3273 2604 fecisse
3306 2534 3504 2617 probat

1902 2644 2137 2700 Morales
2167 2644 2219 2698 in
2246 2644 2511 2714 Antiquit.
2547 2644 2777 2699 Constat
2803 2659 2869 2700 ex
2891 2628 2957 2696 eo
2986 2639 3126 2710 quod
3153 2632 3499 2693 Etllllt‘ﬁﬂtltiS

1903 2734 2167 2804 protraxit
2202 2734 2577 2805 Antipodosim
2627 2749 2781 2789 suam
2810 2736 2875 2787 ad
2906 2747 3105 2787 annum
3135 2727 3336 2785 Christi
3366 2728 3498 2795 960,

1902 2835 2148 2897 tempore
2180 2826 2489 2882 scitistnatis
2537 2825 2734 2880 Leonis
2766 2834 2819 2879 et
2848 2822 3148 2882 Benedicti.
3184 2821 3358 2875 Porro
3390 2819 3496 2874 Bo—

1902 2919 2046 2974 nitus
2070 2918 2373 2975 Toletanus
2398 2964 2412 2988 ,
2456 2919 2611 2987 cujus
2648 2916 2817 2972 fuisse
2859 2913 3226 2971 subdiaconus
3257 2910 3492 2977 dicitur,

1901 3010 2004 3065 fuit
2032 3010 2150 3080 ejus
2179 3012 2416 3065 numinis
2446 3010 2502 3065 in
2534 3009 2662 3065 sede
2683 3008 2943 3064 'l‘ttletana
2968 3004 3180 3073 tertitis,
3204 3005 3295 3076 qni
3316 3048 3329 3067 ,
3355 3010 3496 3061 teste

1898 3103 2122 3160 Juliano
2149 3103 2201 3158 itt
2224 3100 2457 3170 Cbron.,
2487 3100 2692 3158 electus
2726 3099 2827 3155 fuit
2857 3113 3001 3153 anno
3032 3090 3245 3152 Domini
3270 3098 3395 3152 9&6.

275 3194 498 3254 Exstant
527 3197 845 3254 additiones
877 3198 1045 3281 ipsius
1074 3198 1143 3253 ad
1166 3186 1441 3281 Cbrt);tica
1470 3180 1654 3254 Dextri
1683 3238 1698 3261 ,
1741 3206 1797 3255 et

1906 3219 2057 3292 litigo
2097 3218 2521 3292 Pot-tugallensis
2559 3218 2873 3292 episcopus,
2906 3216 3047 3292 alter
3069 3198 3143 3292 es
3180 3214 3497 3292 auctoritate

213 3288 450 3355 Maximi,
492 3291 591 3347 ubi
622 3292 766 3347 inter
791 3276 989 3347 catt-era
1018 3291 1083 3347 de
1119 3272 1368 3360 tempore
1392 3305 1491 3346 suo
1522 3289 1753 3361 loquens
1776 3331 1794 3359 ,

209 3396 308 3452 quo
334 3382 593 3440 nimirum
629 3387 889 3455 Hispania
933 3382 1035 3442 sub
1073 3387 1205 3456 jugo
1234 3386 1660 3442 Sarracenorum
1702 3400 1796 3457 ge-

209 3475 397 3545 mebat,
425 3478 504 3531 ait
530 3497 546 3533 :
579 3479 756 3535 Sacra:
784 3479 1073 3546 Scriptura?
1099 3480 1314 3535 Arabico
1340 3478 1604 3533 translata!
1626 3498 1656 3531 a
1677 3497 1797 3552 pre-

204 3566 410 3638 sbgteris
437 3566 713 3626 catholicis
745 3572 1022 3640 habentur,
1048 3581 1097 3627 et
1127 3590 1239 3626 cum
1271 3571 1484 3627 scholiis
1515 3568 1796 3655 circumfe-

205 3669 424 3718 runtur:
480 3664 751 3735 prcecipue
805 3664 1012 3719 Novum
1060 3664 1480 3732 Testamentum,
1547 3661 1797 3739 Epistolat

207 3748 378 3808 Pauli.
417 3756 777 3829 Apocalypsis
808 3756 869 3812 S.
892 3750 1120 3811 Joannis
1142 3798 1157 3824 ,
1195 3769 1241 3833 et
1273 3757 1400 3812 liber
1428 3760 1491 3813 de
1531 3756 1655 3811 Vitis
1690 3754 1797 3811 Pa-

204 3837 354 3908 lrttm,
382 3859 427 3900 et
446 3840 678 3902 historia
701 3847 894 3902 Latina
921 3846 1010 3902 Εἰ.
1039 3846 1189 3902 Lucii
1213 3846 1418 3913 Dextri,
1444 3845 1522 3901 Μ.
1553 3846 1792 3911 Maximi,

201 3944 245 3988 et
269 3932 488 3991 aliorum
516 3980 530 4002 ,
576 3949 624 3992 et
663 3934 959 3992 Chronicon
991 3936 1225 4017 Eusebii,
1260 3947 1306 3993 et
1337 3938 1456 3992 libri
1488 3938 1551 3992 de
1577 3936 1792 3992 Civitatc

196 4024 294 4082 ‘Dei
323 4030 384 4085 S.
414 4032 697 4105 Augustini
723 4073 737 4096 ,
781 4014 1049 4105 propterea
1079 4014 1216 4102 quod
1237 4032 1358 4102 jam
1397 4031 1576 4103 lingua
1603 4030 1793 4085 Latina

201 4124 539 4179 eranescebat.
588 4124 728 4180 Vide
762 4142 869 4193 ιιιιυ
899 4124 1108 4179 honore
1137 4123 1319 4178 ltabila
1351 4122 1446 4178 fuit
1476 4121 1791 4179 omnitnoda

200 4211 377 4269 Dexu-i
408 4214 646 4272 llistoria
680 4219 788 4271 illis
816 4216 1152 4286 temporibus
1184 4216 1236 4270 in
1271 4216 1549 4287 Hispania.

201 4328 579 4397 Euruuxous,
602 4331 976 4395 subdiaconus
1005 4330 1235 4400 ptimum
1261 4330 1574 4397 Toletanus,
1594 4328 1792 4385 deinde

438 4403 755 4459 'l'ttiuensis
790 4402 1054 4458 diaconus
1078 4445 1092 4470 ,
1128 4401 1262 4457 vixit
1289 4419 1379 4456 an.
1414 4402 1540 4457 960.

261 4492 455 4551 Exstat
481 4492 603 4567 ejus
633 4496 867 4565 epistola
902 4511 1001 4566 pro
1031 4484 1419 4551 continuandis
1460 4484 1643 4550 Dextri
1671 4536 1686 4561 ,
1738 4502 1793 4547 et

1977 3286 2766 3363 ItistoriteA'Compostellanm,
2826 3286 2962 3344 vixit
3015 3288 3082 3342 ad
3135 3303 3336 3342 annum
3386 3287 3497 3341 Do-

1971 3364 2103 3418 mini
2139 3358 2292 3417 “00.

1954 3472 2027 3533 'ln
2056 3480 2245 3535 codice
2277 3487 2589 3549 pervetusto
2621 3493 2723 3534 ms.
2757 3476 2810 3533 in
2838 3475 3180 3542 membrana,
3208 3472 3495 3532 characte-

1898 3568 2046 3627 ribns
2078 3571 2327 3627 Gotlticis
2357 3582 2605 3635 exarata,
2630 3572 2721 3643 qui
2752 3579 2935 3627 exstat
2962 3569 3015 3625 in
3046 3566 3211 3639 regali
3234 3565 3492 3623 coenobio

1897 3665 2111 3721 Stnctze
2147 3664 2339 3719 Crucis
2378 3660 2861 3731 tionintbricensis,
2895 3662 2961 3717 ad
3004 3663 3210 3716 calcem
3247 3658 3494 3715 historian

1898 3758 2137 3828 Sam'piri
2191 3758 2563 3813 Asturicensis
2616 3758 2882 3828 episcopi,
2940 3757 3213 3825 reperitur
3260 3752 3494 3824 epistola

1900 3844 2140 3919 llttgonis
2169 3846 2413 3919 episcopi
2445 3849 2874 3919 Portugallensis
2906 3848 2973 3904 ad
3015 3846 3328 3903 Mauritinm
3361 3845 3496 3901 Bra-

1895 3959 2175 3999 carensem
2208 3942 2686 4013 archiepiscopum
2712 3943 2940 4012 scripta,
2964 3958 3066 4012 qua
3097 3939 3390 4010 reSpondet
3421 3938 3491 3993 ad

1898 4035 2386 4105 interrogationem
2420 4030 2523 4087 sibi
2561 4033 2631 4086 ab
2658 4049 2723 4089 eo
2756 4032 2950 4087 laetam
2982 4050 2995 4085 :
3027 4030 3328 4085 l‘uissentne
3356 4026 3493 4083 olim

1894 4126 1950 4181 in
2002 4142 2063 4181 ea
2114 4126 2244 4179 sedc
2300 4125 2464 4191 aliqui
2516 4126 2797 4192 apostolici
2838 4122 2996 4194 legati
3049 4118 3143 4194 per
3186 4122 3495 4178 universam

1896 4216 2252 4286 Hispaniam?
2289 4216 2342 4269 In
2384 4230 2446 4270 ea
2487 4213 2651 4268 refert
2682 4214 2748 4267 ad
2785 4213 3010 4267 verbum
3049 4212 3377 4269 sententiam
3418 4227 3492 4289 ex

1894 4310 2171 4367 Chronico
2212 4309 2398 4364 Dextri
2436 4307 2690 4378 petitam;
2722 4321 2842 4376 qua:
2872 4306 3144 4374 reperitur
3180 4306 3248 4358 ad
3287 4318 3490 4358 annum

1898 4403 2113 4458 Domini
2151 4402 2245 4469 9i,
2280 4401 2585 4470 asscritque
2629 4399 2886 4454 Dextrum
2926 4411 3063 4466 Opus
3106 4412 3263 4449 suunt
3294 4394 3492 4451 Oresio

1897 4495 2202 4563 dedicasse,
2234 4506 2290 4550 ιιι
2316 4495 2509 4558 codex,
2536 4510 2693 4565 quem
2721 4492 3065 4565 proferimus,
3092 4487 3276 4544 habet.
3307 4487 3495 4544 Placet

196 4580 419 4642 Maximi
468 4585 762 4642 Chronicis
787 4628 801 4651 ,
860 4586 1014 4656 cujus
1060 4588 1119 4663 in
1166 4584 1504 4642 Bibliotheca
1552 4583 1787 4654 Ιιίειηιιιτι
1814 4566 1870 4635 ’1)
1896 4599 2078 4645 autem
2104 4598 2268 4644 totam
2293 4588 2424 4644 dare
2450 4587 2761 4658 epistolam,
2791 4585 2934 4656 quod
2962 4583 3145 4640 multis
3173 4582 3305 4637 locis
3334 4580 3490 4636 nobis

182 4664 397 4731 '“thentio
440 4668 549 4742 iit,
601 4686 659 4731 ei
712 4676 1017 4731 admittitur
1064 4676 1096 4732 it
1145 4676 1205 4732 P.
1250 4674 1505 4733 Gabricle
1549 4674 1794 4745 Vasquez

200 4754 325 4822 tom.
354 4769 395 4834 l,
427 4768 485 4825 itt
509 4786 565 4825 ιιι
595 4780 651 4841 p.
685 4760 749 4824 Ι).
772 4762 1030 4837 Tltomzr,
1063 4770 1318 4825 videlicet
1345 4787 1359 4823 :

284 4882 661 4959 Sancto_Patri
696 4854 1027 4959 ltegimunilo
1057 4885 1295 4956 episcopo
1322 4882 1657 4959 Iliberritano
1682 4925 1699 4950 ,

468 4954 817 5009 Euthrandus
845 4955 1047 5009 inutilis
1076 4954 1251 5010 seruus
1281 4954 1527 5009 salutem.

264 5026 637 5103 (iratissimum
691 5042 791 5120 fuit
821 5090 837 5115 ,
888 5047 1183 5102 beatissime
1228 5047 1413 5115 Pater,
1469 5066 1532 5103 ac
1587 5048 1796 5103 .lomine

194 5140 418 5194 multum
439 5126 729 5196 venerdnde
752 5183 768 5208 ,
810 5141 948 5212 quod
975 5126 1314 5211 Antipodosis
1347 5152 1525 5197 nostra
1549 5186 1564 5211 ,
1608 5142 1661 5195 in
1692 5157 1797 5213 qua

195 5245 328 5284 nunc
355 5224 590 5287 carmine
615 5273 632 5299 ,
673 5224 997 5298 riun‘c‘prosa
1028 5231 1155 5286 ludo
1182 5274 1197 5298 ,
1244 5233 1455 5287 tandem
1492 5234 1560 5285 ad
1609 5249 1795 5287 manus

192 5329 307 5376 tuas
326 5326 646 5392 percense-it.
699 5323 814 5379 Nec
855 5318 1026 5379 minus
1049 5318 1344 5393 jucundum
1382 5335 1457 5380 est
1494 5327 1632 5396 quod
1667 5326 1796 5380 mihi

181 5413 360 5484 jubes,
391 5425 446 5469 ut
474 5418 529 5471 in
552 5415 839 5473 Fuldensis
862 5408 1162 5473 monasterii
1192 5412 1521 5482 bibliotheca,
1552 5418 1639 5473 ubi
1660 5435 1796 5473 nunc

187 5508 337 5562 exsul
354 5524 673 5573 wuunsror,
686 5508 984 5582 'qtlterérem
1004 5508 1097 5566 tibi
1118 5509 1305 5567 Dextri
1316 5511 1632 5576 Chronicon,
1650 5512 1796 5583 ’quod

188 5596 344 5655 [laxi
348 5619 462 5657 mus
477 5602 686 5659 Casam
695 5613 993 5678 trgustanus
1011 5600 1307 5676 epi'scopits,
1321 5612 1506 5676 rogatu
1517 5604 1798 5676 Argenbati

186 5687 302 5761 [ΔΙ.
326 5692 611 5769 Augiooiti]
637 5697 893 5769 episcopi,
918 5692 1368 5759 contintmoic,let
1393 5698 1699 5751 sioacarem
1727 5698 1795 5751 ad

192 5794 377 5840 nostra
400 5794 636 5862 tempora
659 5789 997 5861 perducerem
1038 5804 1058 5843 :
1099 5784 1226 5845 Min
1252 5788 1401 5845 uitus
1447 5786 1689 5844 laborare
1711 5805 1796 5844 cos

1899 4679 2176 4751 profutura
2207 4680 2297 4735 sit.
2328 4679 2459 4734 tiam
2488 4693 2614 4735 vero
2635 4692 2699 4733 ex
2731 4678 3069 4747 autographa
3097 4674 3260 4729 traxit
3288 4671 3495 4728 doctis-

1897 4771 2072 4826 simus
2101 4772 2205 4837 vir,
2236 4771 2552 4841 amicusque
2581 4780 2767 4825 noster
2794 4767 3005 4839 Gaspar
3032 4766 3263 4822 Albarez
3290 4765 3357 4821 de
3379 4763 3485 4820 Lo-

1898 4864 2054 4932 sada,
2078 4863 2232 4934 cujus
2255 4865 2399 4919 dono
2418 4879 2537 4919 eam
2563 4862 2899 4936 Ulysippone
2915 4862 3133 4917 miSsam
3158 4862 3491 4932 accepimus.

1902 4978 2141 5050 Epistolu
2172 4977 2426 5051 illugonis
2479 4978 2708 5051 episcopi
2748 4956 3167 5051 Portugallensis
3204 4989 3223 5028 :
3245 4973 3492 5051 ‘Domiuo

1972 5067 2086 5106 meo
2130 5045 2381 5104 blanritio
2411 5045 2800 5120 archiepiscopo
2834 5045 3150 5101 Bracarensi
3174 5045 3415 5099 salutem.

1973 5141 2190 5197 Invenio
2223 5141 2284 5198 S.
2324 5140 2541 5196 Petrum
2568 5139 2915 5194 Ratistensem
2945 5138 3108 5208 fuisse
3143 5137 3197 5190 in
3234 5132 3496 5207 Hispania

1900 5235 2152 5290 vicarium
2184 5233 2247 5289 S.
2281 5231 2491 5298 Jacobi,
2532 5233 2657 5287 dum
2688 5233 2744 5286 in
2776 5230 3081 5286 Britannias
3124 5238 3173 5283 et
3207 5228 3343 5282 alias
3371 5246 3496 5300 pro-

1902 5326 2093 5381 vincias
2137 5326 2386 5393 perrexit,
2426 5341 2529 5395 qna
2574 5340 2693 5378 vero
2729 5330 3001 5393 potestate,
3048 5322 3253 5390 penitus
3287 5323 3489 5395 ignoro.

1902 5417 2038 5473 Sunt
2082 5419 2236 5471 etiam
2279 5417 2369 5484 qui
2410 5417 2613 5482 dicunt,
2650 5416 2829 5469 eadem
2872 5415 3129 5485 functum,
3170 5413 3297 5466 dum
3344 5415 3492 5469 vixit.

1903 5508 2086 5581 Hujus
2108 5509 2318 5563 vicaria:
2346 5517 2553 5572 auctor,
2583 5516 2629 5560 et
2658 5505 2871 5560 alterius
2897 5523 2927 5558 a
2955 5505 3018 5560 Β.
3046 5504 3205 5559 Petro
3228 5502 3499 5576 apostolo-

1899 5619 2012 5657 rum
2039 5601 2278 5674 principe
2298 5601 2607 5668 commissae,
2632 5610 2702 5653 est
2724 5599 3037 5655 Caledonius
3067 5597 3400 5653 Bracarensis
3435 5598 3493 5651 in

1908 5696 2030 5750 Vim
2059 5693 2291 5767 ejusdem
2332 5693 2398 5747 Β.
2442 5694 2587 5747 Petri
2625 5692 2778 5766 [SciL
2815 5690 3194 5761 Bracarensis],
3231 5706 3346 5759 qua!
3378 5704 3495 5742 cum

1901 5788 2023 5843 aliis
2051 5796 2351 5843 sanctorum
2377 5784 2735 5856 Hispantirum
2756 5784 2907 5855 actis,
2930 5785 3287 5854 inpervetusto
3314 5776 3494 5833 codice
