3978 6330
416 273 492 331 23
1337 263 1635 326 FLAVIUS
1671 262 1920 324 LUCIUS
1959 263 2057 323 DE:

2180 263 2243 322 ΞΒ
2281 261 2807 323 CHRONOLOGUS.
3666 271 3742 340 ει

426 390 754 444 membraneo
774 385 970 458 scripto
1001 384 1066 442 de
1089 383 1338 440 mandato
1369 384 1621 456 Argioz-iti
1641 383 1902 454 quondam
1931 383 2027 437 hu-
2049 383 2103 446 Α
2131 381 2279 450 ﬁlius
2301 380 2591 451 Hispanias
2607 381 2762 448 adiit,
2777 379 3030 454 urbesque
3047 398 3224 440 omnes
3243 388 3357 457 ejus
3372 382 3589 441 lustrat.
3605 384 3743 455 Qum

420 483 515 553 jus
564 481 702 534 sedis
747 479 904 551 [SciL
949 476 1417 552 Portugatlensis],
1460 478 1715 550 episcopi,
1760 477 1902 548 apud
1949 493 2031 533 me
2135 475 2472 530 concordant
2503 475 2732 531 cumltis
2752 490 2876 547 qua:
2902 476 3107 533 Dexter
3129 477 3319 532 scribit
3349 477 3542 534 eodem
3571 495 3740 536 anno.

431 583 510 627 est
535 589 554 626 :
583 574 657 627 sic
678 573 816 626 enim
843 572 1019 626 habet.

503 664 733 721 Sanctus
772 665 963 720 Petrus
1015 667 1139 721 ciris
1181 666 1542 728 Bracarensis.
1586 665 1678 733 qui
1720 673 1769 720 et
1814 663 2033 720 Samuel

433 762 624 826 dictus,
654 778 687 813 a
710 759 772 816 S.
799 760 1000 816 Iacobo
1020 760 1242 816 Joannis
1266 763 1446 832 fratre,
1471 760 1708 816 Zebedtei
1727 761 1841 830 filio
1861 761 2031 816 susci-

432 860 594 917 tatus,
634 852 688 904 in
733 853 1033 924 episcOpum
1069 852 1444 908 Bracarensem
1485 861 1811 908 consecratus
1848 860 1957 918 est;
1984 859 2032 906 et

433 948 497 1001 ab
526 965 585 1002 eo
611 949 822 1012 missus,
858 948 1038 1002 multis
1061 948 1131 1001 ibi
1155 949 1268 1018 ejus
1294 948 1494 1019 generis
1527 963 1555 1002 e
1584 946 1812 1000 tribubus
1837 947 2034 1018 disper-

437 1040 528 1104 sis,
565 1047 613 1092 et
653 1040 867 1112 gentiles
896 1042 1165 1095 conrertit.
1198 1039 1334 1094 Inde
1366 1042 1632 1112 digressus
1662 1039 1846 1110 Tydte,
1882 1037 2033 1092 [riae-

435 1148 538 1202 que
563 1133 836 1197 praedicat,
861 1143 908 1186 et
937 1149 1029 1203 per
1060 1142 1222 1187 totam
1264 1134 1581 1186 maritimam
1609 1149 1776 1195 oram,
1802 1131 1871 1184 ad
1913 1146 2036 1200 pro-

439 1226 760 1279 montorium
789 1244 952 1296 usque
975 1227 1233 1282 Cinthium
1249 1227 1328 1299 [Id
1353 1238 1436 1282 cst
1464 1227 1735 1281 l’romoat.
1755 1223 1918 1278 Luna'
1938 1238 2033 1280 seu

443 1316 889 1390 tflyssiponenm]
912 1322 1015 1374 sire
1039 1331 1082 1373 et
1111 1319 1386 1391 Ulysseum
1411 1336 1428 1374 :
1450 1320 1772 1388 instituitque
1791 1335 1854 1373 ex
1882 1316 2036 1371 disci-

437 1411 578 1480 pulis
622 1412 700 1464 sui
738 1413 1002 1480 magistri,
1035 1429 1161 1482 quos
1199 1429 1373 1466 secum
1415 1413 1708 1467 adduxerat
1746 1412 2034 1481 episcOpos,

2135 589 2410 646 Hoxoatcs
2431 568 2938 650 Accan-0303:3513
2962 590 3014 645 in
3045 590 3184 645 libro
3205 589 3274 646 de
3294 591 3497 659 Script.
3523 592 3744 649 Ecclcs.

2209 663 2314 715 sub
2356 678 2583 734 numero
2614 663 2741 724 152‘,
2772 662 2839 716 ad
2871 678 3072 717 annum
3117 661 3332 718 Domini
3381 663 3522 734 590,
3554 663 3746 720 ﬂoruit

2210 747 2360 787 anno
2393 733 2606 788 Domini
2632 735 2796 789 “20.

2209 845 2426 912 Dexter,
2456 845 2676 902 Paciani
2697 846 2862 916 ﬁlius,
2890 848 3065 902 clarus
3087 849 3156 902 ad
3176 851 3445 918 swculuns,
3469 860 3516 908 et
3541 851 3740 908 Christi

2137 941 2264 1011 ﬁdei
2293 940 2522 1006 deditus,
2553 943 2716 996 texuit
2755 943 3105 997 omnimodam
3137 943 3449 999 Historiam.

2146 1054 2407 1111 RAPHAEL
2471 1055 2898 1134 Vourenesuvs
2962 1056 3058 1134 lib:
3127 1075 3198 1112 xv
3263 1059 3737 1134 Anthropologim,

2803 1131 2985 1183 littera
3021 1128 3087 1183 D.

2212 1217 2428 1285 Dexter,
2468 1218 2689 1274 Paciani
2720 1222 2962 1292 prresulis
2994 1220 3162 1289 ﬁlius,
3195 1225 3273 1276 vir
3311 1224 3663 1290 clarissimus,
3691 1235 3742 1280 et

2139 1310 2336 1368 Christi
2385 1313 2509 1381 fidei
2557 1315 2799 1379 deditus,
2844 1315 3012 1383 fertur
3048 1316 3400 1370 omnimodam
3446 1317 3745 1374 Historiam

2143 1406 2390 1470 edidisse,
2427 1409 2601 1477 patria
2642 1405 3140 1474 Barcinonmsibus,
3173 1407 3462 1481 Prafectus
3498 1409 3748 1465 Prtetorii

436 1499 768 1569 Portucalle,
800 1501 1033 1566 Eminio,
1068 1502 1430 1568 Conimbrica‘,
1459 1504 1797 1575 Ulysippone,
1821 1511 1869 1556 et
1900 1501 2039 1554 ultra
2144 1498 2423 1553 Theodosii
2445 1500 2727 1570 principis;
2753 1500 2836 1552 cui
2857 1499 3231 1572 Hieronymus,
3257 1504 3348 1573 qui
3370 1502 3480 1558 ha'c
3501 1511 3742 1571 testatur,

440 1591 668 1646 Nerium
698 1597 1114 1664 promontorium
1157 1595 1350 1667 [Hodie
1390 1595 1527 1651 Cabo
1557 1596 1622 1648 de
1664 1593 1821 1647 Finis
1866 1590 2037 1663 terrae]

439 1687 607 1751 alios;
639 1698 687 1741 et
708 1688 780 1740 ad
809 1690 920 1758 ejus
947 1688 1238 1760 exemplum
1263 1705 1365 1742 non
1392 1691 1446 1740 in
1477 1705 1582 1741 una
1610 1697 1811 1741 tantum
1831 1686 2037 1739 civitate

2143 1589 2333 1644 librum
2359 1591 2425 1645 de
2461 1590 2602 1645 Viris
2628 1592 2916 1648 illustribus
2949 1593 3169 1650 dicavit.

2197 1706 2483 1761 CONBADUS
2509 1705 2790 1762 Gssseaus
2811 1707 2864 1761 in
2887 1705 3152 1780 Catalogo
3177 1711 3396 1766 testium
3417 1712 3686 1768 veritatis.

440 1781 878 1851 commorabatur,
912 1783 1002 1834 sed
1043 1783 1151 1834 zelo
1181 1781 1342 1850 ﬁdei,
1376 1782 1753 1834 mediterranea
1776 1819 1792 1845 ,
1826 1779 1961 1831 citra
1989 1785 2034 1832 et
2066 1771 2116 1832 B
2216 1796 2446 1866 pater,
2497 1797 2720 1852 Ραείαηε
2770 1798 2934 1868 ﬁlius,
2976 1771 3148 1855 σιω-ᾖε
3201 1805 3343 1874 apud
3382 1805 3654 1871 malum,
3694 1815 3748 1860 ει

437 1872 583 1926 ultra
625 1871 847 1944 Tagum,
902 1875 1227 1943 papulasque
1281 1872 1377 1926 sibi
1426 1873 1727 1926 commissos
1787 1870 2038 1934 ambiens,

441 1965 758 2036 Egitaniw,
791 1965 1091 2026 Callensiaz,
1123 1964 1387 2027 Emeritw,
1418 1964 1722 2028 Ambratiaa,
1751 1971 1800 2016 et
1829 1965 1883 2015 in
1921 1960 2042 2015 aliis

453 2057 756 2123 Vettonum,
789 2068 836 2112 et
859 2056 1240 2112 Lusitanorum
1269 2058 1482 2111 urbibus
1513 2058 1721 2110 verbum
1753 2055 1849 2108 Dei
1882 2055 2045 2108 disse—

444 2156 613 2209 minat
640 2171 659 2210 .'
688 2163 735 2208 et
773 2162 1038 2208 transacto
1074 2154 1144 2207 ad
1177 2152 1486 2206 Pannonias
1515 2151 1707 2217 Durio,
1750 2151 1805 2203 in
1847 2148 2044 2202 Braca-

2145 1887 2342 1944 Christi
2381 1890 2508 1960 ﬁdei
2542 1891 2774 1956 deditus,
2824 1893 2895 1945 ad
2944 1910 3023 1947 me
3062 1896 3414 1949 omnimodam
3449 1897 3748 1953 Historiam

2149 1983 2336 2047 texuit,
2369 1999 2525 2052 quam
2566 1984 2790 2036 necdum
2829 1985 2954 2056 legi.
3000 1984 3071 2039 D.
3107 1985 3462 2059 Hieronymus
3502 1990 3560 2044 in
3605 1989 3754 2046 Viris

2145 2073 2436 2128 illustribus
2474 2075 2675 2146 Script.
2712 2075 2857 2130 Eccl.
2883 2094 3013 2147 quas
3043 2075 3240 2133 Dextro
3269 2079 3391 2134 huic
3415 2080 3509 2153 (ut
3535 2081 3754 2154 opinor)

2149 2165 2408 2218 inscribit.
2441 2164 2769 2234 Sophronias
2798 2165 3121 2239 Hieronymo
3156 2171 3458 2241 familiaris,
3483 2173 3574 2244 qui
3611 2172 3755 2228 hunc

446 2265 565 2300 ram
609 2246 901 2318 Augustam
948 2247 1127 2300 rediit.
1176 2246 1483 2312 Quindecim
1521 2243 1782 2298 mensibus
1823 2245 1909 2296 vix
1939 2243 2046 2312 fere

2180 2258 2344 2312 ibmm
2372 2257 2552 2313 Grates
2575 2261 2742 2327 vertit,
2762 2261 2958 2315 indicat
2986 2263 3124 2318 hunc
3145 2263 3398 2320 Dextrum
3420 2243 3583 2338 fuisse
3607 2282 3752 2338 prat-

447 2339 640 2409 elapsis
655 2381 670 2404 ,
692 2341 808 2410 ejus
829 2339 1078 2410 magister
1097 2335 1322 2393 Iacobus
1347 2338 1416 2391 ad
1443 2335 1900 2406 Cwsaraugustam
1921 2335 2051 2390 tedi-

449 2428 627 2484 culam
652 2431 932 2495 excitarat,
961 2431 1016 2483 in
1039 2429 1294 2484 honorem
1329 2427 1578 2500 Deiparaz
1615 2427 1868 2498 Virginis,
1906 2443 2050 2482 crea-

450 2528 602 2589 toque
639 2520 767 2573 inibi
815 2519 1104 2575 Athanasio
1145 2521 1404 2587 discessit,
1440 2529 1487 2574 et
1540 2519 1830 2574 Bracaram
1870 2519 2006 2572 venit
2028 2536 2050 2584 ;

450 2613 542 2667 ubi
568 2620 738 2666 sacrat
759 2613 929 2666 eidem
958 2611 1217 2680 Dominw,
1243 2629 1361 2666 cum
1391 2611 1491 2667 Pio
1527 2611 1853 2682 llispalensi,
1882 2620 1930 2665 et
1953 2609 2054 2664 El-

453 2707 600 2778 pidio
629 2707 884 2762 Toletano
912 2708 1189 2779 episcopis,
1226 2717 1273 2760 et
1304 2707 1425 2760 aliis
1456 2722 1520 2761 ex
1545 2706 1726 2777 primis
1753 2707 1866 2776 ejus
1897 2703 2055 2758 disci-

451 2801 595 2873 pulis
623 2802 784 2857 aliam
808 2803 1087 2857 aediculam
1110 2804 1163 2856 in
1184 2803 1408 2872 quadam
1432 2810 1636 2872 crypta,
1663 2816 1822 2871 prope
1845 2800 2051 2868 balnea,

448 2893 613 2964 juxta
642 2894 891 2964 templum
916 2893 978 2948 ab
1010 2893 1280 2965 .Egyptiis
1318 2891 1456 2946 Isidi
1487 2891 1752 2962 quondam
1797 2891 2052 2946 dicatum.

455 2983 527 3039 Et
561 2984 684 3038 inde
724 2983 1002 3057 Brigantio
1040 2987 1212 3040 navim
1239 2984 1628 3051 transcendens,
1669 2986 1723 3038 in
1755 2983 2056 3038 Britannias

459 3077 691 3148 appulit,
741 3077 922 3129 relicto
961 3075 1206 3131 Bracara:
1252 3077 1313 3132 S.
1347 3078 1522 3143 Petro,
1580 3081 1693 3148 ejus
1741 3077 1956 3144 vicario,
2007 3083 2056 3130 et

459 3169 714 3240 primario
744 3170 877 3222 inter
892 3169 1047 3236 alios,
1072 3187 1202 3240 quos
1224 3180 1459 3223 sacrarat
1481 3172 1534 3223 in
1568 3169 1831 3241 Hispania
1859 3172 2055 3239 episco-
2083 3159 2132 3223 C

464 3277 579 3330 pos.
599 3261 896 3330 Hactenus,
913 3269 970 3315 ut
983 3261 1166 3329 credo,
1184 3277 1249 3317 es
1270 3260 1590 3316 Caledonio.
1605 3261 1883 3318 Subinl‘ert
1896 3278 2024 3318 vero
2046 3280 2059 3316 :

535 3352 618 3408 De
662 3355 833 3423 prima
883 3353 1099 3426 Legatia
1149 3355 1218 3407 ad
1267 3353 1559 3423 Hispanias
1613 3371 1646 3407 a
1696 3353 1760 3409 Β.
1804 3355 2064 3410 Clemente

463 3446 644 3512 missa,
668 3446 740 3500 sic
762 3447 959 3500 Dexter
981 3445 1203 3500 Paciaai
1224 3447 1368 3515 ﬁlius
1391 3447 1443 3499 in
1463 3444 1684 3500 historia
1703 3447 1771 3502 ad
1797 3447 2058 3514 Orosium,

467 3553 625 3610 quam
650 3538 703 3591 in
732 3541 914 3593 eodem
943 3540 1118 3592 codice
1148 3537 1460 3616 descriptam
1499 3539 1705 3592 invenio
1729 3554 1750 3594 :
1784 3538 2066 3610 Philippus

471 3638 816 3700 cognomento
847 3628 1183 3693 Philotheus,
1213 3631 1302 3700 qui
1342 3631 1489 3703 prius
1518 3647 1740 3701 corpora
1768 3638 2065 3684 sanctorum

467 3733 760 3793 martyrum
781 3722 994 3778 Gervasi
1017 3734 1064 3778 et
1096 3721 1363 3781 Prothasii
1392 3724 1582 3778 civium
1613 3740 1827 3778 suorum
1858 3723 2066 3778 Medio-

470 3816 762 3870 lanensinm
787 3815 1074 3871 Mediolani
1098 3819 1396 3889 sepelierat,
1420 3835 1793 3890 conversusque
1813 3821 1865 3874 in
1887 3835 2067 3890 campo

472 3909 838 3964 Laminitaneo
859 3926 890 3962 a
915 3910 976 3968 Β.
1004 3909 1174 3965 Paulo
1198 3911 1470 3983 Apostolo,
1493 3912 1643 3966 illum
1664 3920 1870 3967 secutus
1894 3913 2071 3966 adlice-

472 4002 540 4057 sit
569 4000 842 4069 Clementi,
879 4019 910 4055 a
941 4018 1041 4073 quo
1065 4002 1266 4074 legatus
1295 4005 1482 4059 missus
1507 4005 1558 4058 in
1595 4003 1906 4078 Hispanias,
1939 4004 2069 4059 Bar-

473 4096 716 4162 chinone,
749 4097 1180 4164 Ctesaraugnstw,
1220 4097 1500 4167 Valentior,
1537 4099 1725 4168 Toleti,
1758 4099 1994 4171 Hispali,
2024 4110 2069 4156 et

473 4189 531 4242 in
561 4188 738 4244 multis
769 4191 888 4245 aliis
914 4191 1124 4247 urbibus
1156 4193 1426 4264 praedicat.
1465 4195 1566 4248 Au.
1604 4195 1811 4250 Cornel.
1858 4195 2069 4264 Palma,

485 4281 548 4336 V.
579 4283 639 4337 C.
681 4285 783 4338 sive
820 4282 1104 4355 Toletano,
1151 4287 1524 4359 duumviroque
1559 4287 1858 4343 Christiano
1899 4288 2075 4361 [deest

478 4371 558 4428 Μ.
589 4373 894 4448 Marcellus]
929 4377 1167 4432 Toletum
1188 4381 1348 4448 venit,
1376 4380 1543 4449 ibique
1563 4383 1737 4434 sedem
1761 4381 1922 4436 totius
1944 4380 2077 4436 Car-

478 4469 702 4537 petania:
746 4469 962 4539 [melius
994 4469 1294 4541 Hispanin
1331 4472 1636 4539 primariam
1677 4472 1965 4526 constituit.
1995 4471 2075 4528 De

2151 2351 2343 2420 fectum
2369 2353 2635 2423 prtetorio.

2154 2463 2434 2520 Auromvs
2481 2465 2806 2523 Posszvmcs
2845 2470 3314 2548 societatis‘Jesu,
3364 2474 3419 2529 in
3465 2474 3748 2548 Apparatu

2709 2554 2890 2608 sacro,
2927 2541 3106 2598 littera
3136 2544 3199 2601 D.

2227 2627 2431 2685 Eadem
2461 2628 2625 2687 habet
2646 2631 2812 2686 verba
2835 2648 2959 2704 qua:
2985 2634 3282 2692 Gesnerus.

2157 2783 2396 2842 Jouues
2432 2787 2646 2844 Rtocne
2685 2790 2896 2846 ordinis
2926 2792 3198 2850 blinorum
3249 2795 3317 2851 de
3357 2797 3762 2858 Observantia:

2231 2860 2286 2912 in
2314 2859 2653 2930 Compendio
2679 2871 3006 2934 temporum,
3043 2866 3138 2921 lib.
3170 2883 3241 2936 tt,
3268 2884 3391 2941 mp.
3421 2868 3491 2924 24
3511 2912 3526 2936 ,
3556 2873 3666 2928 col.
3700 2876 3757 2930 1.

2236 2968 2448 3039 Dexter,
2469 2971 2621 3042 ﬁlius
2646 2973 2866 3047 ἔξαεὶαηὶ
2882 3023 2896 3047 ,
2925 2977 3214 3033 Historiam
3241 2982 3590 3037 omnimodam
3618 2985 3689 3040 ad

2641 3045 3025 3118 Hieronymum
3048 3053 3281 3122 scripsit.

2267 3157 2466 3213 Cressa
2499 3157 2766 3236 BARQNIUS
2793 3161 2858 3236 ξ.
2892 3161 2956 3216 R.
2989 3164 3051 3218 E.
3075 3162 3406 3236 Cardinalis,
3437 3175 3567 3225 tom.
3592 3185 3648 3224 tv

2625 3232 2924 3288 Annalium
2955 3236 3326 3294 Ecclesiastic.

2239 3337 2421 3407 Agens
2450 3337 2518 3393 de
2540 3337 2599 3393 S.
2632 3337 2868 3395 Paciano
2893 3341 3294 3402 Barcinoncnsi
3339 3348 3630 3420 episcopo,
3689 3352 3764 3407 ad
3817 3357 3836 3368 ‘

2167 3445 2368 3485 annum
2397 3431 2613 3486 Domini
2646 3433 2772 3501 588,
2802 3436 2993 3490 subdit
3023 3454 3037 3490 :
3074 3437 3154 3491 Ad
3181 3444 3334 3511 cujus
3363 3441 3533 3509 ﬁlium
3554 3447 3776 3513 praefec-

2169 3533 2287 3577 tura
2308 3525 2539 3593 pratorii
2566 3525 2893 3598 insignitum,
2922 3529 3060 3583 idem
3089 3529 3480 3602 Hieronymus,
3523 3543 3581 3587 ut
3629 3534 3776 3590 dicc-

2169 3632 2302 3686 mus,
2333 3617 2541 3686 scripsit
2576 3616 2768 3671 librum
2798 3619 2863 3673 de
2889 3619 3245 3692 Scriptoribus
3275 3622 3681 3682 Ecclesiasticis.

2243 3707 2403 3762 Anno
2430 3723 2559 3763 vero
2588 3709 2800 3764 Domini
2829 3711 2962 3766 592:
2991 3713 3098 3768 Sed
3127 3725 3201 3769 est
3233 3716 3455 3787 (inquit)
3483 3726 3540 3771 ut
3563 3717 3779 3774 S.Hie-

2170 3802 2376 3872 ronymi
2405 3800 2796 3858 lucubrationes
2821 3805 3055 3878 singulas
3084 3807 3136 3860 in
3178 3808 3316 3862 hunc
3367 3826 3530 3880 usque
3577 3827 3777 3866 annum

2176 3911 2264 3950 ειν
2299 3894 2580 3950 Theodosii
2603 3898 2928 3968 imperatoris
2953 3901 3143 3966 editas,
3170 3901 3420 3971 perfacile
3466 3920 3771 3973 enumeras,

2173 3989 2219 4042 si
2242 4003 2359 4058 quae
2401 3990 2470 4040 ad
2521 3988 2676 4058 ﬁnem
2718 3988 2872 4043 habet
2917 3992 2968 4045 in
3023 3990 3404 4046 Commentario
3445 3995 3510 4049 de
3568 3995 3773 4051 Eccles.

2176 4081 2530 4153 Scriptoribns
2562 4082 2717 4154 leges.
2748 4083 2976 4150 Scripsit
3008 4085 3158 4139 illum
3179 4071 3248 4140 ad
3279 4084 3536 4141 Dextrum
3563 4105 3609 4142 v.
3637 4087 3773 4143 clar.

2177 4189 2322 4240 quem
2346 4174 2652 4242 pra’fectura
2670 4176 2904 4244 prartorii
2923 4176 3220 4230 decoratum
3233 4178 3394 4249 fuisse
3413 4179 3520 4249 ipse
3542 4179 3695 4232 tradit
3721 4180 3776 4234 in

2176 4263 2432 4337 Apologia
2458 4274 2641 4320 contra
2693 4266 2981 4337 Ruﬁnum,
3031 4268 3158 4322 dum
3206 4271 3280 4322 ait
3335 4285 3354 4324 :
3401 4271 3542 4326 Ante
3595 4286 3776 4326 annos

2178 4355 2346 4411 ferme
2369 4355 2582 4423 decem,
2613 4371 2735 4412 cum
2757 4357 2958 4414 Dexter
2980 4357 3188 4413 amicus
3213 4374 3365 4415 meus
3380 4403 3394 4428 ,
3424 4361 3516 4431 qui
3540 4363 3775 4432 pmice-

2179 4433 2781 4504 turam‘administravit
2804 4451 3066 4520 praetorii,
3099 4466 3187 4506 me
3210 4461 3479 4522 rogasset,
3505 4461 3562 4507 ut
3587 4463 3777 4509 aucto-

478 4559 602 4612 aliis
633 4559 978 4630 legationibus
1008 4560 1169 4613 multa
1199 4560 1334 4613 idem
1356 4559 1571 4629 Dexter,
1595 4570 1644 4616 et
1674 4561 1936 4616 Maximus
1959 4563 2072 4618 Cte-
2104 4553 2157 4614 Ι)
2183 4555 2302 4595 mm
2323 4550 2529 4596 “osum
2551 4541 2836 4612 religionis
2877 4542 2929 4596 εί
2960 4541 3193 4598 ίηάίθθηῖ
3225 4552 3490 4609 “mrem,
3517 4544 3659 4600 Ῐηίθτ
3679 4560 3782 4605 οε*

481 4660 892 4721 saraugustanus
936 4651 1227 4722 episcOpus.
1280 4650 1432 4706 Unde
1477 4653 1649 4706 videat
1696 4653 1962 4712 Serenitas
1987 4672 2075 4712 ve-

484 4744 999 4798 stra.......C:etera
1030 4745 1260 4799 deerant
1299 4746 1355 4798 in
1395 4745 1583 4802 codice
1630 4748 1777 4803 unde
1824 4747 1940 4806 lucc
1973 4765 2078 4807 ex-

484 4836 657 4888 traxit
682 4833 914 4902 Losada,
936 4850 1059 4890 nam
1089 4835 1158 4891 ab
1183 4836 1363 4908 aliquo
1387 4836 1646 4909 plagiario
1676 4841 1837 4913 (proh
1858 4842 2012 4900 dolor
2035 4843 2074 4916 l)

483 4926 553 4980 ad
575 4927 968 4995 cooperiendas
993 4929 1300 4986 vetularum
1335 4932 1510 4997 colus.
1544 4931 1676 4989 folia
1705 4936 1922 4993 circiter
1941 4954 2074 4994 cen-

487 5028 600 5074 tum
629 5019 868 5076 abscissa
901 5031 1086 5090 erant,
1136 5033 1192 5080 ut
1222 5023 1477 5082 foliorum
1510 5028 1744 5099 radices,
1777 5046 1898 5103 quze
1923 5047 2076 5088 man-

485 5122 695 5182 serant,
730 5122 979 5184 patenter
1001 5115 1259 5172 indicant.

489 5223 751 5309 Juusuqs
782 5227 950 5309 Pz-rm
989 5229 1442 5309 archipresbyter
1459 5235 1777 5309 Toletanus.
1809 5239 1862 5294 in
1901 5235 2078 5295 Chro-

673 5304 795 5354 nico
824 5305 890 5355 ad
923 5318 1119 5358 annum
1151 5304 1353 5361 Christi
1381 5307 1472 5374 36,
1507 5308 1689 5365 ﬂoruit
1728 5310 1890 5366 1100.

562 5391 632 5446 Ut
679 5393 893 5447 traditio
945 5405 1185 5452 constans
1231 5409 1305 5454 est
1355 5400 1418 5454 ab
1465 5401 1764 5472 apostolicis
1813 5402 2079 5476 hucusque

487 5482 644 5538 ducta
671 5486 1005 5554 temporibus,
1042 5490 1324 5546 multorum
1360 5493 1513 5547 etiam
1542 5505 1768 5549 veterum
1803 5493 2076 5566 Torquati,

486 5573 856 5646 Ctesiphontis,
884 5580 1165 5650 Honorati,
1193 5583 1456 5650 Melantii,
1491 5587 1693 5654 Dextri,
1724 5586 1803 5641 Μ.
1835 5588 2076 5658 Maximi,

486 5664 705 5737 Isidori,
723 5669 898 5741 Bedte,
920 5676 1246 5746 aliorumque
1263 5679 1585 5743 testimoniis,
1605 5695 1741 5734 anno
1760 5678 1970 5736 Domini
1986 5681 2076 5750 56,

482 5763 608 5819 satis
648 5765 934 5839 honoriﬁca
956 5785 1146 5835 causa,
1172 5770 1236 5826 S.
1269 5768 1500 5826 Iacobus
1538 5773 1804 5841 apostolus
1845 5773 2081 5831 Zebedari

2181 4641 2329 4688 teros
2374 4643 2722 4689 tractatores.
2775 4633 3077 4705 Scripserat
3123 4644 3244 4688 ante
3283 4634 3420 4688 idem
3473 4633 3666 4690 Dexter
3710 4637 3782 4690 ad

2179 4727 2353 4798 ipsum
2373 4727 2739 4799 Hieranynum
2763 4727 3056 4796 historiam,
3090 4745 3248 4799 quam
3277 4730 3388 4801 ipse
3432 4737 3648 4784 testatur
3699 4730 3784 4785 his

2179 4821 2345 4875 verbis
2373 4836 2390 4873 :
2422 4822 2629 4876 Dexter
2658 4821 2878 4876 Paciani
2903 4863 2918 4888 ,
2941 4821 3010 4877 de
3035 4836 3143 4892 quo
3167 4837 3330 4894 supra
3352 4821 3464 4877 dixi
3488 4821 3647 4879 lilius.
3673 4821 3783 4878 Sed

2181 4921 2242 4968 ea
2269 4914 2541 4983 dispendio
2570 4932 2777 4988 quoque
2804 4925 2982 4971 nostro
3012 4917 3192 4988 periit.
3241 4987 3256 4997 .

2257 5010 2414 5062 Anno
2439 5008 2566 5061 item
2601 5006 2817 5062 Domini
2847 5007 2953 5063 395
2976 5049 2991 5074 ,
3027 5017 3158 5062 lom.
3199 5023 3234 5062 ν
3275 5025 3288 5061 :
3324 5007 3432 5066 Sed
3457 5017 3504 5063 et
3549 5007 3785 5066 diximus
3843 4999 3853 5004 ’

2181 5099 2440 5154 Dextrum
2457 5103 2754 5173 pra’fectum
2773 5101 3007 5169 praetorii
3037 5108 3269 5171 tempore
3295 5097 3603 5168 Thebdosii,
3635 5106 3781 5176 ejus-

2183 5195 2302 5248 dem
2327 5209 2528 5265 qnoque
2549 5194 2840 5265 argumenti
2869 5192 3276 5249 lucubrationem
3303 5194 3616 5250 elaborasse.

2264 5310 2594 5365 ABBAHAMUS
2624 5308 2856 5364 Bzovms
2882 5308 3004 5366 ord.
3031 5307 3482 5378 Prmdicatorum,
3516 5315 3653 5364 tom.
3679 5308 3699 5366 i

2615 5379 2871 5435 Historia:
2903 5380 3330 5436 Ecclesiasticze.

2259 5496 2340 5554 Ad
2369 5511 2575 5552 annum
2604 5495 2822 5552 Domini
2856 5496 2925 5551 54
2974 5493 3197 5550 adducit
3234 5495 3399 5552 verba
3452 5495 3682 5566 Dextri,
3713 5497 3785 5556 de

2181 5590 2570 5663 praedicatione
2598 5589 2656 5646 S.
2689 5587 2877 5644 Jacobi
2905 5587 3142 5656 apostoli
3174 5587 3231 5645 in
3275 5589 3536 5662 Hispania
3557 5634 3573 5660 ,
3606 5589 3784 5664 deque

2185 5684 2304 5755 ejus
2331 5681 2644 5754 discipulis:
2675 5694 2802 5736 nam
2817 5681 2930 5749 jam
2956 5677 3026 5734 ad
3050 5693 3249 5738 manus
3274 5681 3443 5755 ipsius
3471 5683 3785 5743 Chronicou

2183 5775 2478 5846 ejusmodi,
2511 5787 2633 5832 cum
2663 5771 2908 5844 sctipsit,
2943 5771 3269 5832 advenerat.
