3978 6312
178 303 235 361 ες
1288 299 1603 357 annostot
1641 300 1897 361 nsxrm
1939 272 2306 366 ambacu.
3370 315 3441 378 26

239 412 475 470 Consulto
530 411 902 468 recentiorum
941 428 1283 473 numerosam
1334 428 1605 475 catervam
1650 435 1742 475 au-
1770 433 1820 495 Α
1848 435 1915 475 ne
1945 420 2161 477 taedium
2190 422 2514 479 Lectoribus
2551 422 2811 481 afferam:
2846 440 3036 483 eorum
3069 434 3251 485 tamen
3303 445 3435 491 non.

184 517 381 573 ctorutn,
414 501 505 575 qui
535 501 729 559 Dextri
761 500 1066 563 Chronicon
1098 521 1495 581 recognoscunt
1524 512 1737 579 omitto,

1847 514 2025 570 nullos
2052 516 2108 571 in
2136 518 2385 588 sequenti
2418 520 2677 592 Apologia
2712 520 2969 577 referam.

179 648 3419 685 mw

384 781 1267 915 CHRONICI
1356 783 2049 914 DEXTRI
2147 785 3179 945 APOLOGIA,

1377 1010 1450 1084 A
1464 1012 1528 1081 1)
1580 1010 2164 1086 LECTOREM
2175 1062 2205 1101 ,

429 1166 572 1246 Qua
600 1165 744 1248 ipso
770 1167 833 1229 in
863 1166 1080 1229 limine
1109 1165 1477 1230 admonitus
1509 1165 1826 1231 inoffenso
1857 1175 2091 1236 cuncta
2125 1175 2533 1253 postmodum
2570 1185 2907 1260 percurrat
2936 1181 3119 1265 pede.

173 1474 195 1546 ς
241 1476 282 1529 l.
336 1474 461 1542 Qua:
486 1482 530 1527 et
562 1482 758 1546 quanta
782 1513 820 1546 ,ν
852 1472 1197 1546 omnimodam
1253 1473 1387 1527 lianc
1442 1473 1729 1529 Historiam

318 1562 609 1616 germanum
640 1543 823 1599 Dextri
852 1544 1012 1614 fetum
1042 1562 1148 1599 esse
1177 1546 1485 1599 convincunt
1515 1546 1541 1599 1’

1836 1484 2115 1545 contenta,
2142 1476 2361 1547 plurimi
2394 1478 2599 1536 habere
2645 1480 2856 1552 (errant
2886 1481 2975 1553 qui
3029 1482 3345 1540 existimant
3385 1486 3437 1542 in

1835 1568 2090 1623 coenobio
2108 1568 2364 1625 Fuldensi
2378 1572 2709 1641 exscriptum
2726 1573 2893 1630 fuisse
2905 1574 3231 1642 codicem,et
3245 1577 3301 1632 in
3316 1578 3436 1647 ejus

223 1662 358 1729 ρλοά
390 1661 515 1717 olim
545 1661 766 1729 scriptis
796 1660 971 1732 Magni
1001 1662 1345 1733 Areopagum
1372 1664 1617 1736 Dionysii
1639 1680 1729 1721 ac.
1764 1673 1814 1733 Β
1839 1659 2017 1714 adhuc
2049 1660 2375 1717 bibliotheca
2408 1679 2730 1732 permanere
2755 1706 2770 1730 ,
2800 1680 2921 1721 cum
2955 1676 3136 1723 tamen
3164 1668 3435 1724 Torralba

165 1754 290 1821 tidit,
318 1770 430 1825 qua:
454 1769 576 1809 cum
608 1753 701 1807 ditt
728 1754 1040 1821 latuissent,
1076 1755 1291 1809 tandem
1343 1755 1559 1811 inventa
1590 1759 1721 1813 etin

162 1849 313 1903 lucem
335 1848 454 1902 data
485 1862 682 1918 magno
710 1845 932 1901 fuerunt
960 1847 1216 1902 Ecclesia:
1238 1848 1524 1903 catholicae
1571 1850 1725 1921 adju-

166 1952 348 2007 mento,
376 1942 428 1996 id
454 1956 672 2013 quoque
703 1940 971 2012 ejusmodi
1004 1941 1063 1996 L.
1092 1941 1275 1996 Dextri
1306 1941 1725 2001 Barciuonensis

158 2034 416 2088 tilzronicis
445 2034 693 2098 accidit;
740 2048 862 2103 quae
910 2032 1129 2103 quidem
1174 2045 1299 2088 ante
1338 2034 1489 2090 mille
1533 2045 1589 2091 et
1628 2038 1728 2092 du-

157 2136 321 2180 centos
349 2141 520 2180 annos
544 2126 771 2196 scripta,
810 2133 931 2195 post
968 2125 1136 2180 multa
1188 2127 1389 2181 smcula
1439 2128 1492 2181 in
1535 2129 1725 2199 vulgus

154 2220 331 2275 emissa
359 2229 507 2283 sunt,
537 2220 744 2290 ingenti
768 2220 933 2275 etiam
964 2234 1089 2274 cum
1118 2219 1296 2274 fructu
1316 2222 1397 2292 (ut
1417 2221 1725 2295 speramus)

155 2311 525 2369 Ecclesiastica:
572 2312 840 2368 historia).
922 2312 1195 2368 Caeterum
1265 2314 1723 2385 quemadmodum

155 2402 250 2458 illis
270 2405 393 2460 olim
420 2406 815 2462 contradicwm
843 2403 942 2459 fuit
970 2421 1001 2460 a
1033 2406 1330 2470 nonnullis,
1356 2408 1499 2477 quod
1527 2419 1726 2479 praeter

152 2499 369 2553 omnium
397 2498 862 2569 exspectationem
889 2499 1134 2569 quaedam
1153 2499 1510 2568 afﬁrmarint;
1542 2503 1613 2557 ita
1634 2519 1727 2573 pa-

153 2589 269 2645 riter
291 2600 345 2646 et
372 2592 429 2646 in
466 2591 548 2646 his
570 2635 585 2661 ,
618 2591 941 2661 quibusdam
968 2593 1213 2662 scrupuli
1254 2595 1360 2648 orti
1390 2604 1517 2650 sunt
1540 2636 1557 2663 ,
1588 2611 1724 2662 quos

155 2698 279 2738 nunc
295 2699 470 2752 eperze
492 2684 727 2755 pretium
758 2685 866 2739 erit
893 2685 1117 2751 sedare;
1154 2701 1222 2740 ne
1247 2684 1428 2741 forsan
1448 2688 1620 2742 lector
1643 2688 1724 2743 eis

158 2776 482 2843 absterritus,
530 2777 691 2831 ﬁdem
724 2791 884 2847 quam
932 2777 1057 2847 jure
1105 2786 1464 2847 promeretur,
1514 2781 1725 2837 auctori

159 2877 291 2922 tanto
312 2869 559 2940 deneget.
594 2868 816 2925 Utinam
845 2878 1026 2924 autem
1075 2870 1277 2925 Dextro
1317 2873 1541 2927 daretur
1587 2873 1726 2929 alter

160 2958 478 3026 Theodorus,
516 2962 661 3033 quali
695 2962 989 3033 Dionysius
1020 2961 1219 3017 fruitus
1246 2972 1360 3027 est.
1391 2963 1606 3020 facilius
1646 2966 1721 3020 si-

1828 1753 2004 1807 solum
2036 1756 2362 1820 asseruerit,
2392 1757 2536 1827 quod
2565 1757 2736 1813 codex
2770 1760 3159 1832 autographus,
3201 1762 3440 1819 Fulden-

1826 1846 1967 1899 sium
1992 1848 2214 1918 fuerat).
2247 1847 2379 1903 Cum
2419 1864 2550 1905 vero
2580 1866 2681 1905 nec
2710 1850 2854 1905 dono
2876 1894 2891 1918 ,
2926 1868 3027 1908 nec
3058 1855 3255 1923 pretio,
3280 1864 3438 1926 pater

1827 1935 2070 1992 Thomas
2095 1938 2415 2010 originalem
2444 1940 2689 1997 codicem
2731 1943 2799 1997 ab
2829 1942 2947 2013 ipso
2975 1954 3305 2015 extorquere
3332 1962 3433 2002 ne-

1827 2028 2027 2099 quiret.
2053 2030 2268 2100 c0piam
2295 2031 2442 2086 illius
2463 2041 2522 2086 ut
2546 2034 2827 2088 minimum
2849 2036 3142 2092 extrahere
3162 2036 3433 2104 obtinuit;

1827 2138 1992 2193 quam
2023 2124 2169 2178 illico
2200 2125 2251 2178 in
2285 2125 2601 2195 Hispaniam
2636 2127 2787 2183 misit
2815 2128 2884 2183 ad
2934 2129 2994 2184 P.
3041 2130 3435 2202 Hieronymum

1828 2216 1896 2273 de
1947 2218 1997 2273 la
2047 2219 2302 2289 Higuera,
2342 2236 2464 2276 cum
2498 2222 2698 2277 litteris
2740 2221 2883 2277 datis
2942 2222 3257 2279 Wormatire
3290 2239 3439 2280 anno

1831 2312 2043 2367 Domini
2075 2315 2235 2369 1594.
2270 2313 2490 2371 Littera:
2522 2316 2654 2385 ipsae
2685 2326 2741 2372 et
2766 2317 2919 2385 cepia
2952 2316 3205 2373 Chronici
3237 2334 3267 2373 e
3297 2317 3434 2374 Ger-

1829 2407 2009 2461 mania
2039 2408 2218 2462 missa:
2247 2449 2262 2474 ,
2311 2424 2339 2461 a
2373 2408 2478 2463 fide
2511 2409 2850 2481 dignissimis
2897 2412 3031 2466 viris
3060 2413 3260 2481 smpius
3302 2412 3434 2467 visa:

1827 2506 1883 2552 et
1907 2498 2063 2553 lectae
2094 2508 2251 2556 sunt:
2281 2509 2335 2554 et
2361 2516 2464 2570 ego
2486 2515 2651 2571 super
2679 2519 2737 2555 re
2770 2501 2871 2557 hac
2903 2503 3131 2557 c0nveni
3163 2502 3338 2557 Toleti
3370 2503 3435 2558 P.

1828 2588 2183 2645 Franciscum
2242 2591 2632 2648 Portocarrero
2676 2594 2922 2663 ejusdem
2978 2594 3272 2650 Societatis
3318 2611 3437 2663 pre-

1826 2681 2125 2752 sbyterum,
2162 2698 2190 2736 a
2220 2698 2330 2753 quo
2360 2684 2564 2751 audivi,
2598 2686 2801 2740 vidisse
2842 2700 2903 2740 se
2950 2699 3014 2739 ac
3072 2686 3267 2756 legisse
3309 2702 3435 2757 pro-

1828 2772 1961 2843 priis
1990 2775 2161 2829 oculis
2192 2774 2502 2831 Cltronicon
2558 2786 2614 2830 et
2654 2776 2943 2847 epistolam
2987 2776 3050 2834 P.
3101 2777 3325 2834 Thomas
3368 2778 3437 2834 de

1828 2864 2115 2932 Torralba,
2165 2873 2601 2939 cognovisseque
2654 2884 2870 2924 manum
2912 2878 2968 2924 et
3010 2870 3434 2940 suscriptionem

1829 2957 2020 3027 ipsius,
2052 2968 2103 3013 et
2138 2960 2419 3029 utriusque
2452 2961 2651 3015 habere
2694 2963 2908 3030 copiam
2940 2961 3084 3030 apud
3115 2977 3176 3017 se
3208 2979 3222 3017 :
3256 2963 3429 3018 idem-

154 3053 350 3121 quidcm
380 3055 519 3124 apud
548 3070 741 3112 omnes
765 3054 977 3111 honore
1004 3057 1200 3111 merito
1247 3057 1579 3123 donaretur;
1628 3058 1722 3114 sed
1752 3056 1798 3119 C
1829 3065 1934 3119 que
1987 3059 2217 3105 tcStatur
2258 3051 2311 3105 in
2363 3052 2584 3122 prologo
2625 3052 2751 3107 libri
2798 3052 2865 3107 de
2905 3052 3026 3107 Vita
3068 3052 3128 3109 S.
3182 3053 3434 3110 lldefonsi

153 3160 208 3198 co
244 3146 586 3202 nihilominus
623 3148 946 3214 deficiente,
980 3151 1024 3205 si
1058 3164 1164 3205 non
1196 3150 1523 3208 auctoritate
1554 3152 1725 3207 eluci-

154 3237 356 3306 daturis,
387 3242 598 3296 ratione
622 3249 804 3296 tamen
830 3240 958 3313 (qua
979 3243 1093 3298 sola
1118 3243 1607 3313 imprmsentiarum
1633 3260 1725 3315 pe.

154 3328 360 3386 riculum
390 3332 572 3388 facere
609 3332 899 3403 volumus)
936 3334 1082 3388 vires
1138 3336 1524 3405 suppeditante
1556 3378 1571 3403 ,
1616 3352 1726 3393 non

156 3420 443 3479 dubitamus
468 3426 577 3480 voti
605 3434 886 3497 compotes
927 3425 1195 3492 evadere;
1255 3428 1423 3483 multa
1474 3430 1618 3484 enim
1673 3439 1729 3485 et

158 3530 333 3586 magna
362 3528 512 3585 sunt,
539 3534 663 3590 quae
693 3519 744 3573 id
776 3520 953 3590 ipsum
998 3521 1324 3576 convincant
1349 3562 1364 3588 ,
1416 3521 1485 3577 de
1531 3523 1729 3593 quibus

152 3621 278 3664 nunc
305 3610 688 3667 disserendum
715 3629 743 3667 a
776 3612 935 3667 nobis
964 3623 1069 3669 est.

218 3701 487 3774 Principio
527 3720 685 3759 nemo
715 3716 800 3760 est
827 3706 919 3773 qui
950 3706 1196 3773 abnuat,
1253 3709 1437 3777 magni
1472 3708 1731 3779 ponderis

155 3810 259 3852 esse
283 3807 539 3868 oportere
566 3798 829 3854 Chroniei
858 3799 1019 3871 hujus
1049 3802 1458 3870 auctoritatem,
1484 3804 1529 3858 si
1558 3803 1731 3859 semel

154 3888 211 3941 de
239 3901 463 3947 auctore
495 3902 739 3961 constet,
778 3908 902 3949 esse
950 3893 1211 3950 Dextrum
1267 3894 1422 3951 illum
1478 3897 1729 3952 nimirum

153 3996 180 4049 q
218 3980 231 4034 i
261 3999 412 4038 suam
441 3985 812 4040 omnimodam
847 3986 1143 4042 Historiam
1168 3988 1499 4059 Hieronymo
1528 4006 1733 4045 nuncu-

158 4075 335 4139 pavit:
370 4090 491 4130 eum
540 4076 809 4147 siquidem
862 4078 1064 4133 Doctor
1108 4080 1484 4136 sanctissimus
1533 4085 1734 4153 smpius

156 4165 493 4222 vehementer
521 4169 727 4239 laudat,
760 4179 815 4225 et
841 4170 1067 4225 multum
1091 4172 1139 4226 ei
1168 4172 1363 4237 defert,
1413 4175 1487 4229 uti
1520 4190 1585 4230 ex
1616 4178 1734 4245 ejus

156 4255 258 4311 Vita
282 4258 450 4330 liquet
473 4262 722 4331 superius
748 4279 777 4316 a
807 4262 965 4317 nobis
988 4273 1229 4319 exarata.
1245 4266 1379 4321 'l‘ota
1397 4267 1559 4337 igitur
1574 4283 1735 4325 causa

154 4364 318 4406 nostra
348 4354 401 4408 in
427 4356 532 4410 hoc
558 4364 909 4421 versatur,ut
930 4356 1303 4423 ostendamus,
1336 4374 1576 4429 pravens
1601 4376 1737 4431 opus

1830 3157 1991 3212 quem
2024 3143 2171 3213 typis
2201 3142 2426 3198 excudit
2460 3143 2661 3199 Malrili
2694 3160 2839 3201 anno
2866 3144 3078 3201 Domini
3104 3145 3265 3203 1616.
3295 3146 3439 3202 Tan-

1830 3244 2007 3292 torum
2057 3236 2223 3305 igitur
2248 3237 2467 3292 testium
2510 3239 2808 3293 auctoritas
2845 3254 3065 3295 omnem
3114 3239 3437 3309 ambiguita-

1830 3336 1938 3383 tem
1993 3329 2156 3396 tollit,
2190 3344 2315 3383 cum
2356 3331 2550 3400 procul
2575 3331 2743 3385 dubio
2784 3332 2896 3389 sint
2932 3333 3079 3387 omni
3106 3332 3437 3403 exceptione

1831 3424 2088 3490 majores,
2118 3430 2302 3490 utpote
2330 3421 2578 3477 doctrina
2613 3423 2880 3494 insignes,
2912 3424 3175 3495 religione
3218 3425 3440 3496 conspi-

1829 3515 1941 3583 cui,
1989 3515 2111 3570 zelo
2158 3514 2405 3570 veritatis
2438 3527 2785 3586 praestantes,
2817 3526 2871 3573 et
2912 3518 3051 3573 tales
3091 3517 3235 3589 quod
3275 3519 3440 3574 rebus

1831 3606 2054 3676 majoris
2076 3608 2365 3673 momenti,
2392 3624 2619 3679 quarum
2645 3609 2780 3664 alias
2802 3618 3022 3665 nutaret
3044 3610 3200 3675 fides,
3225 3611 3438 3681 pondus

1832 3702 2175 3756 auctoritatis
2200 3702 2449 3772 praebere
2472 3702 2742 3757 valerent.
2777 3703 2892 3758 Hoc
2918 3703 3153 3770 accedit,
3176 3703 3320 3774 quod
3352 3718 3441 3761 res

1834 3794 1946 3866 ipsa
1981 3810 2088 3851 non
2122 3795 2262 3849 intra
2291 3795 2534 3867 privatos
2564 3795 2806 3865 parietes
2838 3804 2956 3851 aeta
2986 3804 3070 3851 est
3091 3838 3107 3863 ,
3139 3805 3197 3851 et
3227 3795 3355 3851 inde
3386 3796 3438 3850 in

1833 3890 2008 3945 lucem
2038 3888 2187 3954 data,
2219 3888 2315 3943 sed
2338 3888 2406 3943 ab
2429 3904 2572 3942 anno
2600 3887 2721 3957 ipso
2748 3887 2889 3943 1594
2915 3888 3058 3959 quod
3086 3904 3116 3944 e
3146 3887 3439 3944 Germania

1834 3980 1887 4036 iu
1931 3980 2242 4048 Hispaniam
2301 3980 2620 4033 Cltrouicon
2675 3978 2734 4031 P.
2793 3979 3132 4051 Hieronymo
3184 3979 3444 4045 missum,

1836 4072 2301 4145 praestantissimis
2326 4074 2492 4126 totius
2515 4072 2789 4141 Hispaniae
2814 4075 3075 4141 praelatis,
3100 4073 3439 4142 doctoribus,

1837 4180 1891 4225 et
1919 4168 2257 4240 principibus
2288 4167 2358 4220 ab
2388 4182 2455 4222 co
2481 4168 2943 4221 communicatum
2976 4168 3098 4234 fuit,
3136 4178 3192 4224 et
3236 4185 3332 4240 pro
3361 4170 3443 4225 le-

1836 4262 2028 4334 gitimo
2067 4259 2347 4325 habitum;
2382 4270 2438 4313 ut
2477 4259 2672 4313 mirum
2704 4260 2816 4323 sit,
2862 4259 2914 4313 id
2940 4260 3009 4314 ab
3038 4260 3229 4333 aliquo,
3254 4263 3307 4316 in
3348 4261 3446 4317 du-

1840 4354 1986 4410 bium
2033 4354 2172 4408 verti
2222 4366 2406 4422 posse.
2454 4350 2911 4419 Recognoveiunt
2952 4349 3082 4403 illud
3135 4352 3273 4405 inter
3312 4352 3448 4407 alios

154 4442 435 4513 legitimum
475 4450 677 4504 mentis
724 4463 839 4503 sum
888 4461 1102 4520 panum
1154 4450 1341 4507 fuisse,
1398 4454 1511 4521 Qua
1565 4454 1616 4508 in
1674 4443 2196 4509 reDillustrissimi
2247 4460 2311 4499 ac
2350 4442 2796 4499 reverendissimi
2835 4440 3072 4511 domini,
3124 4440 3190 4497 υ.
3224 4441 3447 4497 Saucius

153 4538 394 4609 quidquid
426 4542 501 4597 de
525 4541 649 4595 aliis
673 4540 767 4607 sit,
799 4541 834 4597 ii
864 4552 1035 4611 certe,
1068 4558 1299 4613 quorum
1359 4545 1625 4600 beneﬁcio
1665 4546 1735 4601 ad

154 4643 333 4684 manus
360 4644 543 4687 nostra
566 4632 839 4688 Chronica
873 4622 974 4688 ista
999 4649 1325 4705 pervenere,
1363 4647 1507 4692 tanta
1532 4639 1738 4708 pollent

154 4725 486 4792 auctoritate,
522 4735 673 4781 tanta
701 4728 956 4783 veritatis
982 4728 1323 4800 sinceritate,
1356 4741 1413 4787 ut
1439 4732 1507 4788 de
1537 4748 1598 4789 re
1623 4735 1737 4802 ipsa

158 4817 323 4873 iullus
373 4822 723 4891 relinquatur
774 4821 927 4876 locus
977 4822 1283 4881 dubitandi.
1330 4827 1392 4880 lli
1441 4837 1568 4882 sunt
1617 4828 1732 4883 RR.

155 4919 321 4975 patres
338 4910 589 4967 Thomas
617 4912 686 4967 de
713 4911 1010 4981 Torralba,
1054 4925 1107 4969 et
1156 4916 1524 4988 Hieronymus
1570 4919 1638 4973 de
1689 4919 1738 4974 la

159 4997 373 5071 liiguera
407 5046 424 5070 ,
502 5005 795 5062 Societatis
845 5005 975 5060 Jesu
1029 5007 1367 5079 presbyteri,
1430 5009 1740 5065 eruditione

156 5096 450 5165 conspicui;
483 5112 516 5152 e
538 5097 743 5168 quibus
769 5097 1029 5163 Thomas,
1055 5098 1186 5153 dum
1220 5101 1275 5155 in
1298 5100 1588 5157 Germania
1621 5119 1742 5159 ver-

158 5194 369 5249 sari-tur,
409 5188 526 5243 Deo
548 5188 796 5258 auspice,
831 5188 1024 5244 incidit
1047 5188 1374 5246 Wormacize
1413 5193 1465 5247 in
1497 5194 1738 5249 codicem

160 5291 514 5344 part'etustum
548 5281 993 5349 membraneum,
1026 5283 1483 5355 manuscriptum,
1535 5287 1587 5339 in
1636 5301 1743 5355 quo

154 5374 456 5429 charactere
480 5372 720 5429 Gothico
767 5383 993 5431 exarata
1042 5386 1200 5432 erant
1252 5377 1522 5434 Chronica
1559 5379 1742 5434 Dextri

154 5472 203 5515 et
226 5463 292 5521 Μ.
320 5466 566 5534 Maximi,
602 5476 892 5538 tantopere
922 5482 953 5522 a
980 5468 1111 5523 viris
1138 5469 1365 5526 eruditis
1414 5470 1741 5527 desiderata.

159 5555 271 5610 Erat
300 5568 428 5613 tunc
460 5558 643 5615 forsan
668 5559 845 5615 codex
872 5560 966 5617 ille
1003 5560 1058 5616 in
1082 5578 1243 5616 manu
1277 5563 1424 5619 docti
1460 5564 1742 5634 cujusdam

154 5647 273 5705 civis
301 5650 755 5718 Wormaciensis,
792 5653 884 5722 qui
915 5652 1152 5724 ingenue
1178 5654 1356 5709 fassus
1387 5656 1505 5719 fuit,
1537 5670 1595 5709 sc
1621 5669 1743 5709 eum

155 5755 182 5795 e
203 5742 459 5799 Fuldensi
486 5744 883 5801 monachorum
912 5745 1273 5802 celeberrima
1306 5746 1634 5803 bibliotheca
1657 5764 1746 5802 ac-

158 5834 373 5909 cepisse,
402 5845 460 5893 et
490 5851 586 5908 pro
614 5837 931 5895 veneranda
963 5838 1303 5910 antiquitatis
1328 5839 1555 5896 historia
1589 5838 1640 5893 in
1677 5854 1745 5896 eo

1843 4539 2030 4594 Davila
2051 4537 2363 4607 Gieuensis,
2389 4536 2741 4607 Seguntinus,
2766 4546 2821 4591 et
2850 4535 3201 4591 Placentinus
3227 4549 3447 4591 succes-

1841 4638 1955 4691 sive
1982 4636 2294 4706 episcopus,
2324 4633 2378 4687 in
2401 4632 2498 4687 lib.
2527 4632 2585 4688 S.
2614 4630 2806 4686 Vitalis
2837 4629 3300 4701 archipresbyteri
3330 4628 3443 4685 To-

1840 4730 2023 4792 letani,
2058 4737 2113 4782 et
2142 4726 2400 4799 martyris
2425 4767 2441 4793 ,
2479 4734 2535 4781 et
2574 4726 2628 4780 in
2668 4741 2834 4795 Opere
2864 4740 2965 4779 suo
2994 4724 3063 4780 de
3094 4724 3447 4780 veneratione

1842 4819 2192 4891 reliquiarum
2230 4836 2243 4873 :
2272 4819 2341 4873 ι).
2375 4818 2701 4874 Bertrandus
2734 4816 2943 4873 Ladron
2985 4819 3048 4871 de
3079 4818 3319 4873 Gucvara
3358 4834 3446 4875 ar-

1843 4915 2224 4985 chiepisc0pus
2251 4914 2737 4985 compostellurLus,
2766 4915 2850 4967 vir
2879 4922 2988 4968 tota
3028 4912 3312 4983 Hispania,
3340 4914 3450 4969 lta-

1845 4930 2224 4985 cutepisc0pus
2251 4930 2605 4983 composteuu
2652 4930 2737 4979 us,
2766 4930 2850 4967 vir
2879 4930 2988 4968 teta
3028 4930 3312 4983 Hispania,
3341 4930 3443 4969 lla-

1845 5007 2026 5078 liaque
2056 5006 2128 5061 ob
2168 5004 2437 5076 insignem
2482 4930 2845 5060 erudkonem
2888 5006 3228 5069 notissimus,
3259 5006 3314 5059 in
3348 5006 3443 5061 lib.

1844 5100 1913 5155 de
1957 5098 2205 5153 Adventu
2254 5097 2314 5153 S.
2359 5096 2546 5153 Jacobi
2579 5114 2592 5150 :
2625 5095 2695 5150 υ.
2735 5095 3054 5173 Prudentius
3086 5096 3151 5151 de
3181 5096 3449 5152 Sandovnt

1845 5192 2134 5262 episcopus
2182 5190 2474 5253 Tudensis,
2517 5197 2573 5243 et
2616 5188 3095 5258 Pampilionensis,
3148 5204 3212 5244 ac
3268 5190 3448 5260 regius

1846 5284 2343 5356 historiographus,
2394 5284 2447 5339 in
2489 5284 2583 5337 lib.
2635 5282 2896 5338 Ecclesiae
2941 5282 3230 5349 Tudensis,
3278 5294 3333 5338 et
3377 5281 3445 5336 ι).

1847 5376 2064 5433 Alexin:
2091 5377 2154 5431 de
2183 5376 2441 5431 Menesses
2486 5375 2932 5448 archiepisc0pus
2972 5376 3355 5441 Bracarensis;
3395 5383 3453 5432 et

1847 5478 1972 5525 ante
1999 5470 2174 5539 ipsum
2206 5469 2267 5523 D.
2298 5468 2636 5538 Augustinus
2656 5468 2726 5523 de
2752 5466 2879 5523 Jesu
2912 5465 3158 5536 ejusdem
3186 5465 3334 5521 sedis
3353 5481 3450 5521 an-

1850 5561 2025 5628 tistes,
2079 5561 2173 5630 qui
2220 5574 2281 5614 ea
2310 5574 2433 5629 quae
2474 5560 2527 5614 in
2575 5558 2661 5613 his
2686 5558 2976 5614 Cbronicis
3014 5557 3080 5613 ad
3106 5556 3447 5626 metrOpolim

1848 5671 2000 5710 suam
2033 5653 2408 5725 spectantibus
2438 5662 2790 5717 annotantnr,
2836 5652 2954 5721 ipse
2993 5652 3047 5706 in
3079 5648 3320 5705 archivis
3358 5663 3447 5702 ar-

1848 5744 2347 5817 chicpiscopalibus
2368 5745 2597 5800 seorsim
2621 5742 2887 5800 asservari
2915 5741 3064 5808 fecit,
3088 5739 3285 5810 quibus
3311 5736 3447 5790 alios

1850 5840 2165 5896 innumeros
2196 5837 2395 5894 addere
2424 5852 2667 5909 possem,
2712 5848 2943 5906 quorum
2972 5830 3233 5902 judicium
3263 5825 3441 5893 magni
