3978 6296
497 325 566 379 27
1413 322 1710 379 FLAHUS
1751 321 1998 379 LUCIUS
2039 319 2321 378 DEXTER
2357 324 2887 382 CIIRONOLOGUS.
3741 321 3810 377 98

507 437 697 510 procul
726 437 890 494 dubio
924 436 1176 510 ponderis
1199 451 1318 492 esse
1361 436 1560 508 publici
1605 437 1846 507 ipsorum
1877 445 2030 490 actus
2061 443 2114 490 et
2141 435 2193 496 Α
2224 436 2390 493 Mora.
2444 439 2507 495 Ut
2543 438 2758 494 iulcriut
2805 440 2996 493 sileam
3036 436 3371 491 Sarracenos
3412 451 3517 490 non
3558 434 3733 489 solum
3765 436 3816 490 in

506 531 707 600 scripta
739 539 1026 586 testantur.

582 621 954 676 Subdubitant
997 619 1352 674 nihilominus
1389 618 1655 685 nonnulli,
1695 632 1762 673 eo
1790 616 1933 687 quod
1972 617 2105 673 nihil

505 714 572 768 de
605 714 690 768 bis
719 713 1009 769 Chrooicis
1041 713 1284 766 auditum
1319 712 1583 766 hactenus
1615 721 1760 765 esset
1805 712 1860 764 in
1909 711 2106 780 llispa-

507 807 619 874 nia,
653 816 707 862 et
731 823 758 860 a
793 807 1015 862 nemine
1043 806 1390 876 antiquorum
1418 804 1741 869 citarentur,
1771 819 1893 860 cum
1928 814 2106 857 tamen

509 900 643 957 inibi
673 902 859 969 potius
885 915 1046 970 quam
1071 899 1123 953 in
1154 898 1472 959 Germania,
1499 898 1694 953 aliisve
1721 899 1963 953 externis
1988 913 2110 968 pro-

505 993 721 1059 vinciis,
758 1001 947 1061 utpote
997 991 1050 1046 iu
1083 1006 1146 1044 ea
1195 992 1418 1059 scripti,
1464 1001 1519 1045 et
1555 991 1855 1054 elaborata,
1903 990 2112 1045 servari

508 1083 849 1146 debuissent,
873 1091 929 1136 et
955 1081 1024 1136 ab
1044 1081 1276 1137 eruditis
1304 1082 1561 1149 Hispanis
1590 1083 1717 1152 legi,
1743 1093 1795 1137 et
1825 1083 2108 1152 publicari.

509 1175 617 1230 Sed
651 1175 851 1230 vellem
903 1189 1026 1245 ego,
1067 1183 1128 1228 ut
1164 1175 1289 1228 aliis
1336 1176 1520 1230 multis
1553 1171 1927 1246 ‘Hispanomm
1973 1179 2112 1231 anti-

512 1282 744 1337 quorum
779 1265 934 1322 libris
964 1267 1082 1321 haec
1113 1267 1231 1336 ipsa
1259 1267 1588 1335 objiccrent,
1617 1270 1705 1337 qui
1736 1277 1889 1323 extra
1922 1269 2116 1335 ilispa-

513 1360 658 1413 uiatn
691 1359 893 1413 inventi
930 1357 1073 1430 typis
1101 1358 1209 1412 dati
1241 1369 1366 1413 Sunt
1407 1359 1460 1412 in
1491 1359 1818 1426 bibliotheca
1859 1359 1974 1414 Vet.
2009 1360 2111 1413 PP.

513 1450 598 1506 Sit
621 1451 675 1506 in
698 1450 1002 1520 exemplum
1032 1450 1350 1507 Chronicon
1383 1451 1559 1515 ldatii,
1583 1453 1726 1522 quod
1759 1455 1825 1503 ali
1847 1453 2115 1522 'lliSpauia

517 1543 773 1611 perierat,
818 1551 874 1598 et
922 1553 1103 1596 tamen
1141 1543 1210 1598 ab
1251 1543 1484 1598 llenrico
1525 1543 1743 1598 Cauisio
1785 1545 2017 1614 primum
2063 1545 2114 1597 iu

519 1635 809 1690 Germania
843 1634 1143 1700 inventum,
1181 1651 1441 1689 excusum
1477 1635 1596 1698 fuit,
1628 1635 1824 1690 deinde
1855 1635 1908 1691 in
1941 1636 2117 1692 Gallia

511 1746 540 1783 a
567 1728 807 1798 Josepbo
834 1729 1139 1797 Scaligero,
1173 1729 1389 1783 demum
1423 1730 1647 1784 Parisiis
1675 1732 1844 1785 multo
1871 1733 2085 1799 locuple

2210 528 2572 594 Christianos,
2601 533 2696 586 sed
2729 533 2781 583 iu
2813 547 3006 584 comm
3041 531 3204 584 etiam
3239 530 3409 583 libros
3441 531 3675 583 movisse
3700 546 3817 597 pcr-

2213 624 2568 687 set-utionem,
2602 624 2743 693 quod
2775 622 2829 674 Β.
2875 622 3129 690 Eulogius
3167 621 3357 676 scribit
3393 621 3447 675 iu
3481 619 3813 686 Memoriali,

2212 731 2320 782 quo
2351 725 2594 784 tempore
2624 716 2791 770 libros
2822 731 3012 770 omnes
3042 714 3288 784 oportuit
3321 713 3410 780 rei
3447 711 3811 776 abscondere,

2215 808 2298 864 rel
2330 807 2476 864 foras
2505 809 2716 862 mittere
2748 829 2762 863 :
2794 818 2847 862 et
2880 806 3104 861 dubium
3139 821 3245 860 non
3278 787 3364 862 est
3389 791 3604 860 inultos
3637 819 3820 874 perse-

2214 899 2453 954 cutiouis
2484 901 2632 953 rabie
2662 902 2914 969 periisse.

2282 993 2465 1062 Longe
2491 993 2654 1047 etiam
2679 1008 2707 1045 a
2726 1008 2854 1046 vero
2870 993 3148 1054 aberraui,
3176 991 3268 1060 qui
3290 991 3625 1058 existimant,
3653 1003 3821 1061 usque

2217 1085 2281 1138 ad
2315 1102 2514 1138 annum
2549 1083 2828 1155 prmfatum
2867 1083 3024 1150 1594,
3064 1100 3171 1154 quo
3198 1084 3260 1140 P.
3299 1084 3563 1140 'l'orralba
3597 1099 3719 1140 cum
3766 1085 3820 1140 in

2217 1177 2502 1243 Hispanias
2535 1176 2700 1240 misit,
2743 1193 3039 1246 numquam
3074 1176 3141 1230 ab
3171 1177 3352 1247 aliquo
3393 1179 3689 1246 cognitum,
3731 1185 3824 1230 aut

2217 1271 2410 1324 lectmn
2448 1270 2616 1324 fuisse
2649 1270 2938 1327 Dextrum:
2977 1269 3194 1334 quando
3221 1270 3438 1338 quidem
3476 1283 3664 1338 regum
3704 1269 3822 1326 Go-

2221 1364 2438 1416 thorum
2467 1363 2803 1430 temporibus
2852 1381 2880 1415 a
2935 1363 3004 1416 Μ.
3060 1361 3294 1416 Maximo
3337 1362 3826 1432 Czesaraugustam

2219 1456 2475 1527 e,.iscopa
2505 1455 2839 1510 Cltrouicum
2889 1456 3062 1525 ipsum
3110 1457 3482 1510 co-itinuatum
3531 1465 3614 1510 cst
3655 1473 3828 1524 usque

2219 1548 2284 1600 ad
2318 1565 2518 1602 annum
2567 1547 2778 1600 Domini
2821 1547 2946 1602 612.
2981 1546 3134 1614 Quod
3176 1549 3219 1599 si
3262 1549 3318 1600 S.
3371 1547 3610 1602 Isidorus
3655 1547 3828 1602 solius

2221 1639 2435 1694 Maximi
2471 1640 2712 1693 meminit
2747 1639 2798 1691 in
2833 1639 2928 1694 lib.
2960 1639 3158 1707 Script.
3193 1639 3404 1692 Eceles.
3437 1653 3534 1693 seu
3568 1638 3820 1694 Virorum

2224 1731 2534 1794 illustrium,
2575 1741 2625 1784 vt
2671 1746 2776 1784 ποτε
2819 1731 3026 1792 Dextri,
3061 1730 3262 1784 idcirco
3312 1729 3430 1795 fuit,
3464 1731 3587 1799 quia
3632 1731 3832 1784 Dexter

513 1821 621 1876 tius
646 1836 674 1874 a
706 1821 767 1876 P.
809 1819 1018 1876 Jacobo
1045 1821 1340 1876 Sirmoudo
1366 1825 1644 1876 societatis
1693 1823 1841 1877 Jesu.
1883 1824 2123 1878 Notarim
2157 1822 2202 1882 B
2232 1836 2345 1879 crat
2371 1825 2481 1894 jam
2522 1825 2697 1880 eidem
2741 1826 2990 1894 catalogo
3028 1839 3055 1878 a
3096 1825 3156 1878 ι).
3197 1825 3526 1896 llierouymo
3569 1825 3828 1892 insertus,

516 1916 695 1969 obiter
727 1916 780 1969 in
812 1914 913 1968 hoc
941 1925 1185 1979 auctore,
1216 1915 1358 1981 quod
1385 1923 1442 1968 ut
1473 1915 1631 1968 lidctu
1661 1916 1834 1970 codici
1865 1932 1964 1969 suo
1994 1934 2122 1971 eon-

515 2006 753 2070 ciliaret,
781 2006 1037 2062 suffit-ere
1060 2007 1310 2072 credidit,
1343 2009 1527 2062 dicere
1556 2025 1570 2063 :
1598 2009 1778 2081 Nuper
1815 2011 1989 2065 Romw
2018 2015 2130 2066 rul—

517 2101 633 2173 gari
673 2111 893 2168 (ceptum
936 2110 1035 2169 est,
1085 2117 1149 2155 ea:
1191 2101 1405 2170 an'iquo
1441 2101 1671 2156 videlicet
1719 2104 1894 2157 codice
1933 2114 2129 2175 nostra,

518 2209 669 2264 quem
711 2195 799 2261 qui
827 2192 1121 2247 Romanun:
1163 2193 1438 2246 editionem
1477 2195 1698 2255 curavit,
1739 2195 1862 2260 quia
1906 2195 2132 2249 Parisiis

522 2302 630 2340 csse
671 2286 931 2351 audierat,
972 2285 1323 2340 Parisiensem
1367 2287 1678 2358 appellavit;
1721 2303 1812 2342 nos
1854 2286 2131 2343 Metenscm

522 2378 698 2449 potius
724 2379 919 2432 dicturi
945 2395 1175 2442 eramus,
1197 2380 1340 2449 quod
1364 2378 1519 2434 Malis
1549 2381 1670 2434 aliut
1698 2382 2013 2448 exscriptum
2046 2397 2133 2435 ar-

520 2471 801 2535 bilrcmnr;
827 2471 949 2526 inde
970 2481 1106 2525 certe
1126 2473 1194 2525 ad
1225 2490 1315 2524 nos
1339 2489 1402 2526 ca:
1422 2475 1732 2527 monasterio
1761 2489 1862 2526 non
1891 2474 2127 2544 ignobili,

521 2581 614 2618 nec
667 2565 884 2618 obscuro
917 2567 1222 2632 pervenerit.
1254 2568 1472 2633 Quanto
1505 2561 1721 2634 majori,
1766 2582 1982 2636 qua-so,
2031 2583 2131 2619 au-

521 2657 769 2712 ctoritate
795 2657 977 2711 Dextri
1000 2655 1311 2712 Chronicon
1331 2658 1612 2726 cvulgatur
1631 2699 1644 2722 ,
1665 2658 1808 2727 quod
1828 2673 1932 2711 non
1951 2659 2128 2712 solum

523 2766 588 2806 ex
615 2751 826 2811 eoche.
866 2749 1019 2816 urbe,
1048 2761 1101 2805 et
1127 2751 1382 2808 coenobio
1412 2767 1518 2805 non
1550 2751 1806 2816 obscuro,
1843 2765 1942 2805 nec
1975 2751 2128 2820 igno-

523 2845 618 2900 bili
646 2846 979 2916 exscriptum
1000 2846 1356 2912 arbitramur,
1380 2847 1474 2901 sed
1499 2846 1568 2901 de
1597 2847 1680 2899 liis
1701 2846 1955 2900 omnibus
1982 2855 2132 2900 certa

525 2936 766 2998 nomina,
799 2946 853 2991 et
896 2938 1154 3006 probatos
1194 2948 1362 2992 testes
1405 2938 1750 3005 praebemus?
1790 2937 1992 2991 Verum
2039 2937 2129 3007 (ad

526 3028 664 3094 rem)
697 3025 839 3095 quod
871 3027 922 3081 iu
949 3027 1207 3095 Hispania
1235 3026 1504 3083 Chronica
1549 3030 1650 3082 ista
1701 3027 1862 3084 modo
1895 3045 2001 3083 non
2046 3043 2132 3084 re-

527 3119 833 3190 periantur,
887 3115 1078 3190 parum
1130 3120 1316 3184 refert,
1371 3137 1494 3177 eum
1541 3122 1910 3179 Sarracenica:
1958 3124 2130 3187 cludis

2233 1919 2497 1972 Maximus
2543 1933 2672 1972 vero
2711 1934 2815 1970 non
2849 1926 2988 1970 crat.
3035 1918 3240 1970 Rursus
3289 1930 3532 1983 tempore
3572 1917 3833 1972 Sarrace-

2231 2009 2362 2062 nicze
2393 2009 2562 2063 cladis
2593 2010 2657 2063 ad
2689 2027 2889 2064 annum
2933 2009 3142 2064 Doiuioi
3177 2010 3282 2064 960
3319 2012 3512 2063 ilt'tnlll
3548 2012 3838 2064 continua-

2235 2112 2344 2158 tutu
2373 2113 2458 2158 est
2486 2108 2552 2154 ab
2586 2103 2902 2155 Eutltrando
2927 2103 3262 2156 subdiacono
3283 2102 3566 2165 Toletano,
3598 2103 3754 2171 cujus
3783 2116 3839 2158 et

2234 2195 2448 2250 Maximi
2482 2195 2739 2264 opuscula
2773 2195 2935 2248 simul
2967 2210 3090 2248 cum
3127 2195 3328 2248 Dextro
3357 2209 3422 2248 ex
3456 2194 3712 2249 Fuldeusi
3744 2211 3839 2248 co-

2230 2285 2349 2341 dice
2377 2286 2650 2354 exscripta
2683 2285 2852 2348 fuere,
2885 2295 2938 2339 et
2967 2286 3124 2338 missa
3161 2285 3214 2339 in
3245 2284 3590 2354 Hispaniam:
3621 2286 3837 2340 lzllltelsi

2235 2378 2583 2434 Eutlirandus
2614 2377 2794 2432 adhuc
2838 2393 3074 2432 exeusus
3117 2394 3220 2430 non
3253 2378 3345 2443 sit,
3388 2379 3510 2448 quia
3540 2380 3604 2431 ad
3641 2394 3839 2434 manus

2234 2472 2299 2526 Β.
2338 2471 2395 2525 Ρ.
2420 2470 2646 2526 Joannis
2674 2470 2942 2524 Caldermi
2972 2470 3369 2540 promulgantis
3409 2472 3840 2542 Cmsarauguste

2233 2575 2452 2625 uetera,
2482 2577 2590 2617 non
2627 2573 2974 2634 pervenerat.
3010 2566 3080 2618 At
3120 2563 3191 2617 de
3223 2561 3306 2616 bis
3333 2576 3487 2632 aeque
3520 2560 3704 2617 forsan
3735 2563 3835 2616 ali-

2231 2660 2352 2726 quis
2383 2658 2559 2711 adhuc
2592 2655 2834 2710 dubitat?
2867 2656 3044 2710 habeo
3074 2657 3334 2710 viciniora
3381 2657 3690 2709 testimonia
3717 2672 3840 2726 quc

2234 2750 2374 2804 idern
2426 2750 2773 2804 tonviucaut.
2824 2748 3189 2802 Conimbricm
3235 2748 3288 2801 in
3335 2745 3662 2802 bibliothecn
3705 2747 3839 2816 regii

2233 2854 2536 2900 Conventus
2576 2844 2633 2901 S.
2678 2841 2874 2898 Crucis
2921 2841 3127 2896 ordinis
3173 2843 3568 2896 Cauonieorum
3619 2849 3838 2911 regula-

2234 2937 2370 2989 riuui
2401 2936 2460 2990 S.
2494 2935 2800 3005 Augustini,
2835 2936 2886 2988 in
2929 2934 3129 2988 Codice
3160 2943 3474 3004 pervetusto
3507 2935 3842 2990 characteri-

2232 3027 2332 3083 bus
2362 3029 2610 3083 Gotltiris
2640 3037 2861 3082 exarata
2886 3026 2937 3080 in
2969 3029 3311 3090 membrana,
3343 3026 3652 3082 Clironieou
3677 3029 3836 3084 Sant-

2234 3120 2335 3189 piri
2369 3121 2732 3176 Asturicensis
2773 3119 3014 3188 episcripi
3048 3120 3384 3185 eoutineute,
3417 3121 3570 3173 adest
3611 3121 3842 3189 epistula

528 3221 772 3281 tempore
794 3221 1130 3280 compertum
1155 3213 1247 3277 sit,
1265 3213 1584 3268 Catholicos
1604 3216 1774 3268 libros
1798 3230 1928 3270 suos
1949 3217 1998 3269 in
2021 3216 2124 3269 alia
2155 3198 2202 3262 C
2235 3213 2474 3285 llugouis
2508 3214 2745 3282 episcopi
2791 3212 2858 3266 de
2892 3212 3088 3278 Portu,
3132 3213 3290 3268 unius
3318 3229 3383 3268 ex
3414 3214 3728 3268 auctoribus
3762 3216 3846 3266 Ιιί-

529 3304 879 3360 transtulisse
910 3303 1052 3372 loca,
1085 3319 1194 3372 quo
1225 3320 1413 3360 secura
1445 3321 1475 3359 a
1506 3306 1786 3362 barbarica
1817 3308 1963 3362 rabie
2001 3307 2128 3362 red-

527 3395 810 3461 derentur,
851 3411 918 3449 eo
961 3411 1095 3451 sane
1123 3396 1286 3451 modo
1313 3414 1420 3467 quo
1463 3397 1531 3454 de
1564 3398 1620 3455 S.
1656 3399 1871 3454 Donato
1901 3399 2129 3471 legimus

526 3489 665 3558 apud
707 3488 1040 3543 llilelonsum
1083 3491 1175 3542 lib.
1209 3489 1278 3545 de
1319 3492 1686 3562 Scriptoribus
1729 3491 1939 3547 Eccles.
1996 3504 2129 3547 tem-

529 3599 662 3654 pore
695 3583 1089 3653 persecutionis
1119 3583 1452 3639 Waudalica:
1483 3587 1536 3640 in
1564 3585 1874 3655 Hispaniam
1907 3587 2126 3641 multam

528 3676 790 3732 librorum
819 3675 1216 3745 supellcCIileni
1242 3678 1460 3748 navigio
1487 3677 1790 3747 impositam
1813 3677 2127 3731 adduxi-se.

527 3767 622 3822 Sic
651 3778 700 3820 et
734 3768 902 3821 codex
947 3779 1133 3823 noster
1161 3769 1226 3823 ad
1266 3769 1580 3825 Germania:
1620 3781 1800 3837 partes
1839 3785 1960 3822 cum
2009 3768 2129 3823 aliis

530 3863 684 3918 libris
716 3863 1006 3917 translatus
1037 3863 1128 3918 fuit
1159 3880 1172 3918 :
1200 3863 1426 3935 ejusque
1460 3863 1534 3917 rei
1568 3863 1729 3924 simul
1761 3877 1880 3914 cum
1909 3862 2028 3932 ipso
2051 3861 2131 3944 iu—

528 3961 749 4008 ventum
777 3964 859 4010 est
887 3955 1230 4024 perspicuum
1264 3954 1660 4016 testiumuiuui,
1685 3953 1919 4020 episola
1938 3953 2132 4008 videli-

528 4058 613 4102 cet
643 4047 944 4102 Eutlirandi
970 4048 1034 4102 ad
1065 4048 1460 4119 Regimundum
1487 4048 1884 4103 Iliberritanmu
1917 4047 2132 4116 episco-

531 4155 680 4209 pum,
712 4140 780 4195 ad
821 4141 976 4209 cujus
1007 4142 1208 4196 calcem
1246 4142 1361 4196 lucc
1405 4143 1590 4196 scribit
1639 4161 1649 4194 :
1683 4141 1934 4197 Gratulor
1980 4143 2129 4207 mihi,

527 4231 665 4301 quod
699 4249 814 4287 cum
851 4231 1058 4296 Toleto,
1110 4235 1194 4287 ubi
1225 4236 1318 4288 sub
1353 4235 1685 4288 sanctissimo
1728 4237 1949 4303 prmule
1984 4235 2135 4290 Tole-

528 4334 649 4378 tano
695 4323 886 4379 Bonito
914 4325 1260 4379 subdiaconus
1293 4327 1391 4394 fui,
1440 4328 1493 4377 in
1529 4324 1740 4377 Italiam
1780 4325 2135 4395 proficiscerer

529 4417 608 4483 (id
646 4416 846 4472 :ICcidit
891 4417 1034 4472 circa
1069 4433 1271 4470 annum
1321 4416 1533 4470 Domini
1565 4415 1694 4479 Mt),
1744 4433 1851 4484 quo
1891 4427 2134 4488 tempore

530 4510 704 4580 major
720 4509 991 4578 Hispania:
1014 4524 1142 4578 pars
1171 4507 1272 4562 sub
1296 4511 1669 4578 Agarcnorum
1697 4508 1819 4577 iugo
1841 4510 2130 4582 cernebat),

2229 3307 2414 3363 storim
2455 3306 2932 3377 Comp'tSIellrtttm,
2979 3308 3190 3376 scripta
3239 3307 3304 3360 ad
3346 3307 3657 3362 Mauricium
3712 3307 3844 3362 Bra-

2233 3414 2519 3456 carensi-m
2573 3400 2913 3467 episcopum,
2967 3400 3018 3452 in
3066 3415 3169 3466 qua
3222 3399 3476 3463 alliimat,
3531 3398 3844 3455 Chronicon

2237 3494 2419 3548 Dextri
2449 3495 2514 3547 ad
2545 3494 2798 3548 0ro~ium
2839 3497 3128 3562 scriptum,
3159 3511 3278 3547 cum
3312 3494 3526 3548 Maximi
3558 3495 3846 3548 eon'inu-t-

2234 3587 2398 3652 tiooc,
2426 3601 2546 3640 esse
2574 3587 2714 3654 apud
2742 3603 2822 3650 se,
2858 3587 2910 3640 in
2939 3586 3130 3642 codice
3159 3603 3258 3640 ms.
3290 3587 3342 3640 in
3373 3587 3686 3640 membrana
3718 3602 3846 3654 pcr-

2233 3689 2442 3732 vetusto
2465 3695 2479 3736 :
2503 3688 2550 3732 ct
2583 3679 2830 3748 q.l:l'd;tln
2855 3679 3015 3734 verba
3043 3679 3112 3734 de
3142 3680 3326 3734 Dextri
3359 3678 3632 3735 Chronico
3663 3679 3847 3733 addu-

2233 3773 2304 3824 cit
2337 3788 2349 3822 :
2381 3772 2450 3825 ait
2483 3773 2746 3841 siquidem
2788 3774 2930 3827 inter
2959 3783 3076 3827 οςιτιι
3103 3788 3158 3826 ra
3192 3791 3203 3826 :
3237 3771 3311 3826 De
3349 3774 3514 3844 prima
3545 3772 3737 3839 legatio
3773 3775 3843 3826 ml

2235 3864 2518 3936 Hispanias
2548 3882 2578 3917 a
2619 3864 2675 3916 Β.
2703 3863 2961 3919 Clemente
2987 3866 3157 3923 inissa.
3189 3865 3262 3918 sic
3296 3862 3504 3929 Dexter,
3537 3861 3753 3917 Pal-iani
3777 3865 3848 3934 [i-

2234 3960 2354 4022 lins,
2379 3959 2432 4012 in
2455 3958 2674 4012 historia
2696 3959 2764 4012 ad
2790 3959 3054 4025 Orosinm,
3077 3960 3126 4011 in
3155 3957 3328 4010 eodem
3351 3956 3543 4010 Codice
3562 3957 3674 4027 (qui
3697 3958 3845 4024 apud

2235 4068 2314 4106 tne
2365 4051 2461 4118 est)
2508 4052 2822 4117 descriptum
2875 4053 3098 4107 invenio.
3163 4050 3439 4122 Philippus
3504 4063 3847 4120 cognomento

2240 4141 2565 4209 Philorlteus,
2598 4145 2688 4214 qui
2710 4146 2848 4211 prius
2873 4159 3088 4213 corpora
3112 4160 3179 4197 ss.
3209 4153 3488 4212 martyrum
3524 4141 3760 4197 Gervns'i
3798 4155 3848 4198 ct

2238 4235 2500 4290 Protltasii
2519 4237 2699 4290 civium
2722 4252 2935 4290 suorum
2955 4235 3434 4299 Mediolani-mium,
3460 4234 3748 4289 Mediolani
3770 4253 3852 4290 rc-

2235 4327 2496 4396 pelierat;
2546 4343 2917 4395 conversusque
2960 4327 3011 4379 in
3055 4341 3238 4392 cantpo
3296 4324 3650 4379 Laminitaneo
3691 4343 3722 4377 a
3778 4325 3847 4381 Β.

2239 4416 2410 4472 Paulo
2430 4419 2684 4490 apostolo,
2717 4416 2868 4470 illum
2894 4427 3094 4470 secutus
3123 4415 3344 4470 adltmsit
3365 4416 3614 4472 Clementi
3639 4433 3656 4470 :
3686 4434 3717 4469 a
3741 4435 3848 4486 quo

2242 4507 2463 4580 Legatus
2494 4514 2680 4563 missus
2716 4509 2770 4560 in
2810 4506 3117 4578 Hispanias,
3163 4508 3534 4572 Barchinonw,
3572 4509 3850 4565 Cwsa'an-

529 4601 734 4670 aliquos
759 4599 991 4652 historia:
1017 4598 1176 4650 libros
1201 4614 1397 4651 mecum
1426 4602 1715 4662 asportavi,
1739 4617 1872 4670 quos
1891 4613 1937 4654 et
1960 4602 2012 4655 in
2039 4601 2136 4657 hac
2163 4585 2215 4646 Ῑ)
2240 4611 2423 4673 gnsilte,
2460 4600 2730 4665 Valentia',
2762 4599 2952 4665 Toleti,
2991 4599 3222 4670 Hispali,
3250 4609 3299 4655 et
3328 4601 3381 4654 in
3411 4599 3586 4654 multis
3613 4602 3732 4655 aliis
3756 4618 3852 4653 ur-

534 4689 842 4744 bibliothecu
887 4690 1050 4758 reperi
1097 4689 1364 4759 (loquitur
1415 4691 1482 4746 de
1533 4690 1812 4760 Fuldensi)
1849 4697 2026 4766 jussu,
2078 4707 2133 4751 ut

535 4781 712 4848 credo,
755 4783 817 4834 S.
847 4780 1023 4835 Caroli
1063 4780 1245 4854 Magni
1273 4798 1337 4836 ex
1366 4782 1626 4855 Hispania
1655 4783 1862 4851 allatas,
1899 4805 2029 4858 quos
2056 4788 2138 4844 illi

535 4871 788 4925 obtulerat
819 4872 1182 4927 sanctissimus
1210 4873 1503 4941 Elipandus
1534 4877 1955 4949 archiepiscopus
1987 4879 2136 4935 Tole-

535 4970 709 5018 Ianus.
737 4961 886 5019 Idem
919 4963 1105 5020 scribit
1131 4963 1378 5020 Juliaﬁus
1410 4967 1551 5023 Petri
1587 4969 1639 5024 in
1677 4971 1902 5038 epistola
1933 4973 2000 5027 ad
2040 4973 2136 5030 ab-

531 5053 714 5108 batem
746 5053 1080 5111 Fuldeosetn
1128 5076 1139 5110 :
1172 5059 1333 5112 Allati
1360 5060 1486 5130 (ait)
1517 5071 1636 5114 sunt
1663 5063 1815 5117 nmlti
1850 5065 1972 5117 hinc
1997 5064 2131 5132 (To-

530 5144 670 5214 leto)
700 5146 769 5198 ad
810 5163 896 5200 vos
927 5147 1074 5211 libri,
1121 5166 1212 5218 per
1253 5149 1628 5207 Gumesindnm
1681 5154 2131 5224 archidiaconum,

531 5247 578 5291 et
626 5235 827 5305 Lupum
865 5237 1143 5310 Figueram
1186 5242 1548 5309 Mozarabum,
1591 5247 1751 5300 cirum
1797 5247 2128 5316 primarium,

527 5337 756 5386 oratores
793 5329 1045 5403 Elipamli
1088 5335 1463 5409 archiepiscopi
1499 5337 1760 5392 Toletani.
1805 5337 1977 5393 Porro
2015 5340 2131 5396 ltrec

529 5423 759 5493 epistola
788 5439 908 5480 cum
957 5427 1226 5482 Chronic.»
1268 5432 1436 5496 ipsius
1464 5431 1663 5487 Juliani
1715 5441 1831 5486 erat
1872 5433 2013 5502 apud
2063 5433 2125 5488 D.

534 5516 829 5572 Antonium
859 5518 1216 5588 Augustinum
1250 5521 1722 5593 archiepiscomuu
1755 5523 2131 5580 Tarraconen-

529 5620 646 5662 sem
671 5624 686 5673 ;
719 5609 831 5678 ipse
861 5627 988 5664 vero
1015 5612 1192 5666 'l‘icini
1222 5628 1342 5665 eam
1373 5624 1678 5682 aet-eperat,
1715 5625 1767 5665 ut
1801 5614 1898 5667 viri
1925 5631 2133 5683 uulgum

528 5701 865 5757 auctoritatis
889 5712 1182 5770 testantur,
1212 5705 1436 5772 ejusque
1463 5714 1517 5759 ct
1540 5705 1792 5762 tibronici
1816 5708 2131 5775 exemplum

552 5794 636 5864 egi
684 5809 787 5866 ego
832 5795 1007 5853 Toleti
1063 5798 1114 5851 in
1165 5795 1492 5852 bibliot.f..rca
1541 5796 1746 5853 domini
1799 5798 2018 5854 comitis
2066 5802 2134 5858 de

2241 4693 2389 4748 bibus
2433 4694 2704 4766 pra-dicat.
2754 4693 2887 4759 ρυω
2930 4707 3061 4748 sane
3093 4694 3252 4746 verba
3297 4702 3514 4747 exstant
3559 4693 3611 4747 in
3655 4693 3853 4752 codice

2246 4787 2430 4844 Dextri
2457 4787 2525 4842 ad
2552 4788 2770 4842 verbum
2797 4801 2941 4840 anno
2976 4786 3185 4840 Domini
3219 4788 3314 4841 91.
3353 4787 3479 4856 Ισὶ]ιιε
3511 4787 3586 4841 rei
3615 4786 3852 4841 authen-

2243 4879 2408 4934 ticum
2453 4878 2651 4948 praebet
2697 4879 3066 4934 testimonium
3113 4878 3166 4932 in
3209 4878 3570 4933 instrumento
3615 4879 3853 4946 publica:

2239 4968 2362 5024 lidei
2382 4967 2593 5036 Gaspar
2622 4970 2851 5025 Albarez
2880 4968 2949 5022 de
2973 4968 3182 5023 Losada
3215 4970 3460 5023 notarius
3486 4969 3849 5037 aposmlicus,

2240 5071 2293 5115 et
2322 5060 2532 5115 archivi
2563 5063 2760 5130 regalis
2798 5059 3161 5129 Portngallim,
3197 5059 3362 5114 'I'orre
3385 5061 3447 5112 de
3477 5059 3674 5113 'I‘ombo
3704 5077 3852 5116 nuu-

2239 5155 2441 5222 cupati,
2471 5154 2824 5218 secretarius,
2857 5166 3018 5222 atque
3048 5152 3320 5222 regiorum
3366 5159 3751 5222 patrouatunm
3799 5156 3854 5209 iu

2236 5243 2426 5298 eodem
2457 5258 2624 5313 regno
2647 5242 2991 5308 reformator,
3017 5246 3120 5299 sub
3140 5245 3287 5300 Datis
3309 5254 3504 5313 quarto
3521 5242 3612 5298 die
3642 5244 3855 5312 Martii,

2235 5335 2362 5388 anui
2396 5334 2556 5400 1622,
2592 5335 2735 5404 quod
2767 5335 3136 5390 testimonium
3168 5336 3367 5404 sacpius
3391 5333 3497 5388 vidi
3523 5343 3580 5390 et
3604 5335 3859 5406 aliquau-

2236 5427 2486 5493 diuame
2516 5443 2599 5478 me
2625 5426 2809 5495 habui,
2835 5427 3064 5481 Romam
3087 5429 3310 5483 missum
3334 5428 3386 5482 in
3409 5427 3650 5484 favorem
3672 5428 3856 5486 Ofﬁcii

2241 5517 2443 5588 prttptit
2479 5519 2536 5572 S.
2569 5518 2860 5583 Liberatus,
2897 5519 3043 5589 quod
3085 5535 3116 5575 a
3145 5535 3426 5575 sacrorum
3473 5523 3675 5576 rituum
3719 5538 3859 5579 con-

2239 5609 2551 5680 gregatione
2601 5613 2871 5666 instanter
2923 5610 3180 5680 exigitis.
3225 5610 3522 5681 Seguutiua
3569 5614 3856 5680 licclesia;

2242 5718 2341 5756 uec
2362 5701 2580 5756 dil'licile
2611 5700 2712 5755 erit
2746 5700 3031 5768 epistolam
3064 5700 3235 5769 ipsam
3268 5702 3630 5758 COllilllbl‘iCiB
3674 5706 3855 5771 adire,

2241 5804 2290 5849 et
2333 5793 2511 5862 legere
2539 5792 2588 5848 iu
2621 5791 2888 5862 originali,
2919 5809 3074 5861 unus
3103 5808 3202 5849 tos
3234 5794 3377 5851 inter
3405 5795 3646 5850 auctoris
3678 5799 3857 5871 elogia
