3978 6294
181 326 232 385 29
1330 329 1650 386 (IllRONlCl
1693 325 1947 384 DEXTRI
1989 324 2357 385 APOLOGIA.

3419 306 3493 380 sb

180 442 571 519 hansumptum
617 448 981 522 protulimus.
1025 445 1233 505 Floruit
1278 460 1411 503 vero
1456 445 1609 518 llugo
1642 436 1781 499 Por-
1811 444 1861 505 Δ
1888 445 2245 500 continentur
2284 446 2500 503 abunde
2547 446 2683 503 satis
2717 462 3033 519 germanam
3089 461 3227 507 esse.
3264 447 3490 503 cont-in.

186 542 351 596 tttensis
378 558 546 599 anno
572 544 603 599 ι
623 542 756 611 Ιοι),
784 536 841 598 ut
868 558 931 598 ex
958 539 1181 597 historia
1204 539 1636 607 CompOsteliana
1660 554 1787 592 eon-

187 635 407 689 riue‘ttur.
442 635 576 689 Neu
612 635 788 691 video
814 634 937 706 quid
967 634 1092 689 lmie
1114 640 1440 704 argumento
1469 618 1785 701 responderi

182 727 521 798 probabiliter
547 735 749 800 queat.

247 819 443 875 Addam
474 819 743 890 ejusdem
773 818 955 875 stt-culi
983 828 1263 873 auctorem
1294 816 1570 873 Iulianum
1602 813 1784 870 archi—

192 912 550 985 presbyterum
583 912 647 969 S.
680 910 851 968 Iusta:
874 909 1176 974 Toletanat,
1209 908 1303 980 qui
1349 907 1524 963 adfuit
1553 920 1783 974 recupe-

193 1004 364 1059 rationi
393 1003 657 1072 ejusdem
686 1003 847 1058 urbis
871 1001 939 1057 ab
965 1000 1194 1057 Allonso
1220 998 1312 1069 Vl,
1344 999 1604 1056 Castelhe
1631 1013 1778 1069 rege,

182 1096 438 1159 'obtentze,
466 1109 628 1149 anno
658 1093 879 1149 Domini
908 1091 1071 1157 1065,
1101 1091 1259 1163 cujus
1284 1090 1596 1147 Chronicon
1626 1105 1658 1144 e
1690 1104 1783 1144 co-

187 1187 289 1244 dice
326 1188 575 1259 qnodam
616 1186 973 1243 bibliothecze
1020 1184 1303 1241 illustriss.
1355 1183 1421 1240 D.
1465 1185 1527 1239 ι).
1556 1174 1780 1239 Anienii

183 1281 457 1351 Augustini
516 1280 859 1351 exscriptum
907 1294 975 1334 ex
1017 1277 1306 1333 Chronicis
1348 1276 1531 1332 Dextri
1571 1283 1628 1331 et
1668 1274 1781 1329 Ma—

183 1376 298 1430 ximi
350 1390 454 1445 pro
497 1373 694 1443 majori
755 1382 908 1444 parte
958 1382 1301 1442 compactum
1347 1381 1457 1439 est,
1487 1379 1548 1425 ut
1590 1368 1645 1423 in
1695 1362 1781 1423 his

176 1466 601 1523 Commentariis
652 1468 857 1534 saepius
912 1464 1261 1535 probabimus
1306 1480 1322 1519 :
1370 1473 1424 1519 et
1467 1461 1778 1533 specialiter

172 1559 408 1632 propriis
436 1574 532 1614 eos
574 1558 830 1629 designat
859 1554 1194 1624 nominibus,
1224 1573 1346 1613 cum
1377 1555 1448 1610 ad
1477 1570 1676 1609 annum
1706 1552 1777 1609 ’56

168 1654 361 1709 scribit
384 1634 683 1709 adventum
716 1651 773 1707 S.
793 1650 979 1707 Jacobi
1012 1652 1063 1705 in
1097 1650 1447 1719 Hispaniam;
1473 1649 1592 1718 ejus
1612 1647 1775 1702 verba

170 1757 330 1803 sunt:
365 1747 435 1803 Ut
479 1747 700 1802 traditio
729 1753 974 1800 constans
996 1755 1067 1798 est
1100 1745 1165 1799 ab
1185 1742 1483 1814 apostolicis
1512 1744 1776 1811 hucusque

1888 547 2036 593 cunt.
2068 537 2177 593 Res
2202 536 2254 592 in
2304 553 2368 594 ea
2394 548 2668 596 contenta:
2698 540 3069 598 sinceritatem
3101 549 3155 597 et
3185 539 3485 611 antiquita-

1890 638 1999 685 tem
2056 630 2298 686 auctoris
2337 629 2627 698 redolent,
2672 620 2942 702 gravitate
2989 643 3041 687 et
3092 631 3486 705 perspicuitate

1888 724 2064 793 plena:
2095 734 2246 789 sunt,
2306 724 2436 779 nihil
2468 740 2574 780 non
2607 724 2827 797 dignum
2862 727 3125 783 memoria
3150 767 3166 789 .
3202 726 3332 781 nihil
3367 725 3488 780 vul-

1885 832 2035 886 gare.
2091 816 2373 872 rarissima
2404 817 2592 883 multa,
2619 826 2680 875 et
2725 815 2994 875 hactenus
3035 819 3310 885 inaudita;
3361 830 3485 889 quae

1885 912 2071 967 omnia
2121 913 2362 968 auctoris
2408 913 2650 967 nondum
2703 912 2939 985 evnlgati
2968 918 3283 984 argumenta
3316 921 3482 968 sunt:

1884 1004 2058 1077 stylus
2091 1003 2379 1076 purissima
2411 1004 2729 1076 eloquentia
2757 1020 2854 1074 pro
2902 1015 3066 1074 captu
3098 1003 3338 1059 materiae
3372 1006 3487 1072 ple-

1885 1112 2010 1163 nus,
2046 1105 2105 1151 ut
2151 1097 2382 1151 decebat
2413 1096 2511 1151 :evi
2556 1096 2997 1166 eloquentissimi
3032 1095 3333 1151 Palatinum
3382 1094 3485 1153 Ito-

1884 1190 2112 1255 minetn,
2152 1200 2204 1244 et
2234 1190 2406 1245 civem
2440 1189 2701 1257 nobilem,
2730 1189 3210 1260 Romanorumque
3244 1191 3484 1259 impera-

1883 1292 2067 1338 torum
2096 1280 2148 1337 in
2173 1280 2497 1352 prtefectura
2524 1282 2763 1353 prartorii
2808 1281 3153 1348 ministrum,
3185 1279 3249 1336 D.
3282 1282 3481 1335 Hiero-

1883 1372 2031 1444 nymi
2105 1372 2467 1441 familiarem,
2529 1383 2579 1429 et
2629 1373 2897 1446 przeelare
2946 1374 3014 1427 ab
3056 1388 3123 1429 eo
3178 1370 3479 1429 laudatum.

1882 1466 2113 1537 indeque
2172 1479 2552 1539 argumentum
2606 1467 2659 1521 in
2709 1466 2953 1522 favorem
3001 1465 3071 1521 Μ.
3132 1464 3375 1530 Maximi,
3429 1472 3486 1521 et

1882 1560 2206 1627 Euthraudi,
2236 1577 2300 1616 ac
2326 1559 2528 1617 Juliani
2567 1559 2782 1615 desumi
2831 1568 3037 1628 potest,
3095 1574 3203 1629 quo
3254 1559 3397 1613 enim
3446 1573 3478 1613 a

1879 1663 2147 1711 \‘6lllslzlle
2189 1654 2310 1726 plus
2345 1653 2686 1721 defecerunt,
2722 1670 2787 1708 eo
2828 1654 3035 1724 pariter
3064 1668 3225 1722 passu
3272 1652 3481 1722 puritas

1878 1763 1942 1803 ac
1990 1746 2252 1817 splendor
2282 1746 2462 1803 Latini
2518 1745 2793 1802 idiomatis
2848 1746 2899 1800 in
2952 1745 3272 1809 eistleficit;
3306 1746 3479 1801 multo

166 1841 324 1894 ducta
349 1838 691 1908 temporibus,
723 1835 1009 1892 multorum
1038 1837 1191 1889 etiam
1212 1843 1459 1895 veterum,
1496 1832 1761 1903 Torquati,
1800 1840 1846 1902 Β
1872 1843 2015 1897 enim
2048 1840 2117 1894 ab
2147 1839 2453 1910 eloquentia
2486 1838 2671 1894 Dextri
2722 1838 2885 1893 distat
2917 1834 3203 1900 Maximus,
3232 1846 3289 1893 et
3310 1836 3478 1906 paulo

161 1931 489 2001 Ctesifoutis,
524 1929 810 1994 Honorati,
866 1927 1126 1995 Melautii,
1173 1924 1376 1995 Dextri,
1420 1924 1498 1980 Μ.
1524 1924 1768 1988 Maaimi,

164 2023 396 2087 Isidori,
430 2023 607 2089 Beda,
637 2023 967 2099 aliorumque
1007 2020 1335 2084 les-'imoniis,
1371 2036 1511 2073 anno
1561 2017 1773 2071 Domini

160 2118 253 2182 36,
284 2117 416 2172 satis
445 2114 739 2185 honoriﬁca
763 2110 944 2181 causa,
976 2112 1038 2169 S.
1065 2110 1296 2167 Iacobus
1322 2114 1589 2183 apostolus
1613 2108 1775 2165 lebe-

164 2212 265 2266 dci
295 2212 446 2282 ﬁlius
470 2210 765 2288 Hispanias
817 2208 967 2263 adiit.
1020 2204 1287 2263 Auctores
1339 2216 1467 2261 ante
1515 2205 1770 2259 Dextrum

164 2307 395 2367 relatos,
426 2306 497 2360 ab
524 2307 643 2373 ipso
672 2302 874 2359 Dextro
904 2302 1094 2372 precul
1137 2300 1303 2356 dubio
1353 2298 1643 2363 tnutuavit,
1678 2296 1770 2368 qui

170 2395 685 2466 cujusque‘Operum
712 2394 986 2450 meminit.

240 2488 311 2543 Et
365 2497 425 2542 ut
470 2488 692 2557 propius
734 2486 1098 2552 accedamus,
1146 2483 1257 2539 Viri
1314 2480 1422 2537 fide
1460 2478 1769 2552 dignissimi

176 2570 509 2646 asseverant,
532 2578 936 2635 Chronicormn
962 2578 1147 2633 Dextri
1175 2573 1490 2643 exemplum
1514 2585 1643 2628 ante
1670 2578 1771 2626 an-

180 2672 399 2727 n05200
408 2673 570 2728 fuisse
599 2672 743 2740 apud
767 2670 831 2726 D.
861 2670 1083 2726 Petrqu
1099 2667 1640 2724 Pet-haGienensem
1673 2681 1771 2719 an-

186 2766 421 2831 tistitem,
454 2766 607 2835 cujus
633 2765 785 2819 dono
810 2762 949 2818 illud
977 2763 1065 2816 diu
1091 2761 1384 2829 posst-dere
1406 2744 1473 2814 ii.
1492 2759 1557 2813 ll.
1588 2767 1771 2828 patres

187 2855 580 2927 llierouytniani
638 2857 963 2911 monasterii
1029 2854 1223 2923 Cyssa:
1292 2854 1475 2923 prope
1512 2849 1769 2907 Toletum

193 2949 547 3014 cousiStcntis,
603 2948 658 3003 in
685 2946 1234 3019 eoque‘con‘sntisse,
1291 2956 1574 3014 quouSquc
1626 2943 1772 2998 inter

190 3037 326 3093 illius
350 3042 558 3097 codices
585 3040 814 3097 librario
841 3039 1056 3094 cuidam
1103 3036 1381 3093 venditum
1433 3034 1572 3098 fuit,
1606 3051 1634 3088 a
1664 3049 1771 3104 quo

190 3132 393 3188 tandem
415 3136 591 3204 pretio
617 3133 812 3190 decem
846 3132 1171 3187 dueatorum
1205 3129 1338 3187 emit
1379 3128 1559 3199 ipsum
1607 3126 1772 3183 Joan-

1876 1933 2057 1988 adhuc
2079 1936 2317 2003 amplius
2344 1933 2550 1997 cancri,
2583 1946 2691 2001 quo
2723 1940 2917 1986 tenore
2934 1939 3138 1985 eertum
3164 1940 3248 1984 est
3272 1929 3476 1984 δειμίιῑῑ

1874 2025 2241 2097 eloquentiam
2274 2025 2519 2080 Latinam
2548 2022 2844 2087 defecisse,
2874 2031 2955 2086 ut,
2990 2021 3207 2077 collatis
3239 2022 3386 2076 inter
3414 2034 3474 2076 se

1872 2119 2192 2173 auctoribus
2233 2118 2514 2187 utriusque
2543 2116 2749 2182 saeculi,
2788 2115 2965 2187 quivis
3002 2113 3158 2170 farilc
3183 2113 3471 2184 jndicabit.

1873 2212 2025 2278 Quod
2056 2212 2101 2266 si
2154 2211 2421 2280 ejusmodi
2468 2210 2736 2268 Chronica
2791 2208 3131 2265 diversorum
3191 2216 3475 2262 auctorum

1873 2302 2052 2374 spuria
2090 2313 2277 2359 essent
2320 2315 2373 2358 et
2398 2303 2703 2374 supposita.
2737 2312 2791 2357 et
2820 2301 2889 2357 ab
2916 2315 3023 2355 uno
3046 2300 3230 2372 aliquo
3260 2309 3475 2353 vetera-

1875 2413 1991 2459 tore
2029 2397 2280 2465 conficta,
2334 2398 2451 2455 ﬁeri
2504 2388 2757 2469 tthuitet
2787 2406 2864 2462 ut,
2898 2397 3227 2467 quandoque
3273 2395 3479 2450 suimet

1874 2492 2101 2559 oblitus,
2153 2490 2354 2563 gradus
2382 2492 2530 2561 ipsos
2567 2488 2898 2559 eloquentize
2944 2488 3159 2542 divisim
3204 2486 3475 2557 pra'dictis

1872 2587 2184 2644 auctoribus
2239 2584 2478 2647 debitos,
2524 2600 2634 2639 non
2673 2583 2959 2639 misceret:
3011 2592 3064 2637 et
3117 2582 3163 2636 si
3211 2580 3385 2656 (quod
3420 2584 3474 2636 in

1875 2679 2059 2735 Dextri
2086 2677 2361 2735 Chronico
2398 2676 2825 2747 comprobatur)
2855 2675 3161 2746 eloquentia
3211 2666 3473 2753 pra-ditiis

1873 2781 2011 2837 erat,
2046 2769 2383 2839 impossibile
2414 2768 2631 2837 fuisset,
2665 2778 2780 2824 toto
2808 2768 3047 2831 Maximi,
3082 2779 3136 2823 et
3167 2766 3472 2824 Euthrandi

1873 2858 2148 2919 Chronico
2202 2861 2571 2930 persoveranti
2606 2859 2899 2915 tenacitate
2929 2858 3131 2913 sensim
3178 2858 3248 2912 ab
3272 2874 3334 2913 ea
3370 2858 3471 2914 de-

1874 2956 2060 3012 litere.
2126 2954 2291 3010 Multa
2339 2970 2557 3025 quoque
2604 2953 2656 3009 in
2704 2951 2959 3021 prmsenli
3009 2949 3240 3006 Historia
3290 2948 3475 3007 Dextri

1876 3048 2209 3112 referuntur,
2237 3063 2359 3117 qua:
2406 3044 2628 3101 aliunde
2655 3045 2782 3099 sciti
2815 3045 3201 3113 nequiVernnt,
3234 3055 3291 3099 nt
3311 3044 3474 3099 Com-

1874 3141 2176 3197 mentarios
2226 3149 2446 3196 nostros
2488 3140 2717 3195 intuenti
2752 3139 3037 3209 perspicue
3065 3135 3474 3195 demonstrabi-

195 3239 286 3279 ues
311 3226 375 3281 de
401 3226 634 3299 Vergara
676 3220 1321 3292 ‘l‘olelztnUS'cauOUiCHS.
1349 3226 1438 3296 qui
1491 3233 1618 3279 θυῖε
1663 3238 1769 3277 "0"
1794 3227 1843 3289 C
1880 3246 1994 3300 tur;
2046 3251 2189 3290 nunc
2220 3234 2327 3289 duo
2353 3249 2447 3288 aut
2472 3234 2573 3289 tria
2607 3232 2823 3290 illorum
2861 3228 2915 3290 in
2942 3235 3255 3304 exemplum
3295 3235 3472 3291 addu-

200 3318 384 3373 multns
402 3322 581 3376 'amtos
609 3329 857 3375 mortuus
879 3316 991 3375 est:
1031 3318 1172 3374 liber
1196 3334 1330 3373 vero
1354 3318 1408 3371 in
1435 3317 1554 3388 ejus
1597 3328 1772 3371 moi-te

192 3407 442 3480 disperiil.
468 3412 540 3467 lta
562 3430 788 3484 pronus
811 3423 1197 3468 asseveranter
1218 3411 1489 3467 affirmant
1518 3408 1578 3465 P.
1609 3410 1772 3465 Porto

191 3500 427 3572 (intrent,
459 3519 513 3561 et
543 3509 880 3563 vet-botellus
914 3505 1045 3561 mihi
1072 3504 1240 3569 facto,
1266 3518 1315 3560 et
1346 3506 1552 3574 scripto
1582 3502 1772 3559 inVita

191 3594 247 3650 S.
287 3597 551 3666 lldt-fonsi,
578 3598 993 3672 Al-lscolanusfi'n
1035 3598 1231 3677 histor.
1265 3596 1530 3655 Valentite
1579 3596 1677 3677 lib.
1710 3612 1770 3664 tr,

192 3704 304 3757 cap.
328 3693 377 3761 l,
408 3695 529 3750 nec.
560 3696 618 3760 l,
655 3694 867 3750 LOSsdu
895 3694 957 3759 ‘jn
999 3675 1270 3748 relatione
1305 3690 1590 3763 praedicta,
1626 3675 1773 3745 Car-

193 3782 335 3838 rillus
373 3789 420 3839 in
453 3786 587 3841 Vita:
615 3786 672 3842 S.
707 3786 911 3843 Valerii
941 3787 1248 3858 Cmsaraug.
1274 3785 1541 3855 episcopi,
1573 3795 1622 3839 et
1655 3782 1768 3838 alii.

259 3873 313 3928 Et
346 3877 465 3947 quid
511 3879 730 3934 moror?
773 3876 1034 3933 Dominus
1069 3875 1393 3934 Laurentius
1442 3874 1509 3945 de
1563 3873 1769 3929 Padilla

190 3966 588 4025 archidiaconus
620 3971 690 4026 de
720 3970 935 4037 Reuda,
983 3978 1041 4024 et
1071 3968 1255 4024 Caroli
1287 3967 1324 4023 γ
1358 3968 1489 4037 imp.
1515 3965 1772 4021 historio-

188 4062 441 4130 graphus.
472 4063 653 4119 Dextri
685 4063 963 4119 Chronico
985 4063 1037 4117 in
1070 4063 1251 4118 multis
1307 4060 1441 4115 locis
1464 4060 1647 4130 operis
1686 4058 1768 4112 sui

190 4153 258 4208 de
289 4156 487 4211 Sanctis
538 4156 811 4226 Hispania:
853 4170 985 4209 usus
1011 4162 1097 4209 est
1136 4146 1429 4225 (idemque
1478 4128 1767 4205 dicendum

191 4246 427 4301 existimo
455 4247 518 4304 de
545 4246 900 4304 Feminando
944 4243 1171 4301 Perezio
1192 4240 1494 4308 Guzmano,
1523 4239 1574 4296 in
1604 4240 1772 4296 Vale-

189 4336 268 4391 rio
285 4355 377 4394 suo
394 4332 788 4412 historiarum),
824 4336 1284 4408 quandoquidem
1315 4333 1610 4390 multorum
1630 4334 1770 4387 'sau-

185 4426 383 4486 ciorum
416 4434 681 4496 meminit,
725 4447 962 4503 quorum
1009 4428 1240 4502 putrium
1284 4431 1471 4483 Solum
1503 4443 1531 4481 a
1567 4427 1768 4482 Dextro

186 4536 448 4582 ntutuassc
496 4523 855 4597 perspicuum
908 4516 1031 4589 est,
1084 4520 1237 4577 verbi
1292 4533 1492 4575 causa:
1532 4519 1767 4575 Sanetos

1876 3346 2005 3385 cere
2056 3329 2191 3385 Satis
2242 3324 2334 3385 sit.
2394 3329 2558 3384 Anno
2594 3318 2821 3383 ’ΒΟ-ιιιιί
2866 3328 2934 3383 57
2984 3326 3054 3383 de
3102 3329 3378 3383 nonnullis
3407 3329 3469 3383 S.

1874 3421 2063 3477 Jacobi
2090 3422 2320 3491 apostoli
2343 3420 2626 3487 discipulis
2653 3420 2921 3474 asseritur
2939 3418 3154 3474 Iliberri
3176 3419 3474 3489 subjudice

1874 3514 2061 3577 Aloto,
2094 3515 2319 3569 Neronis
2355 3514 2631 3581 ιιιὶιιὶμιιο,
2670 3510 2899 3566 ﬂammis
2923 3522 3143 3567 exustos
3174 3510 3339 3566 flilSse
3375 3528 3471 3577 pro

1876 3605 2222 3663 confessione
2262 3605 2497 3660 nominis
2523 3604 2724 3659 Christi
2756 3605 2907 3668 Jestl,
2950 3604 3189 3674 loquitur
3247 3620 3376 3658 vero
3402 3603 3472 3659 de

1875 3700 1976 3756 SS.
2008 3696 2229 3755 Cn'cilio
2250 3744 2265 3770 ,
2308 3696 2665 3769 Ctesiphonte
2687 3742 2701 3765 ,
2763 3695 2900 3751 lscio
2940 3707 2994 3750 et
3040 3694 3165 3751 aliis
3194 3711 3210 3753 ζ
3242 3711 3469 3765 quorum

1878 3794 2120 3863 martyrii
2149 3791 2323 3846 forma
2343 3833 2357 3856 ,
2391 3790 2668 3851 videlicet.
2698 3789 2840 3859 quod
2870 3804 2968 3859 per
2999 3788 3175 3860 ignem
3214 3803 3471 3841 consum-

1876 3884 2003 3940 tnati
2027 3883 2245 3946 fuerint,
2276 3882 2527 3937 omnibus
2558 3882 2743 3953 ignota
2761 3891 2898 3947 erat,
2923 3881 3221 3952 quinintnto
3247 3888 3302 3935 et
3323 3895 3468 3934 mar-

1879 3976 2072 4046 tyrium
2106 3976 2284 4043 ipsum
2315 3975 2416 4029 sub
2441 3974 2573 4038 lite;
2606 3990 2732 4026 nam
2762 3989 2791 4027 a
2815 3972 3188 4028 vetustissimo
3226 3979 3470 4033 tempore

1875 4069 1953 4122 uti
1984 4068 2265 4135 pontiﬁces
2307 4064 2656 4118 confessores
2683 4065 3067 4126 credebantur,
3118 4073 3173 4117 et
3217 4061 3466 4117 celebra-

1872 4160 2090 4215 bantur.
2144 4157 2301 4212 Dices
2334 4157 2517 4209 forsan
2551 4155 2601 4208 id
2636 4172 2700 4209 ex
2737 4155 3003 4223 plumbeis
3033 4154 3247 4210 laminis
3282 4154 3467 4211 Sancti

1872 4254 2071 4311 Montis
2095 4250 2514 4313 Gratntatensis,
2564 4247 2851 4319 qnteidem
2900 4257 3250 4311 amoverant,
3295 4248 3468 4318 accipi

1871 4346 2135 4419 potuisse.
2190 4342 2297 4399 Sed
2331 4340 2465 4396 nihil
2495 4341 2708 4406 minus;
2770 4339 2898 4409 quin
2928 4337 3126 4407 potius.
3162 4336 3255 4391 Dei
3290 4339 3471 4404 provic

1872 4437 2055 4493 tientia
2089 4435 2283 4491 factum
2326 4442 2433 4499 est,
2492 4440 2552 4488 ut
2579 4432 2731 4503 prius
2756 4429 2959 4486 Dexter
3005 4447 3034 4484 c
3090 4426 3375 4484 Germania
3412 4424 3466 4483 in

1874 4528 2191 4599 Hispaniam
2233 4524 2612 4585 descenderet.
2665 4538 2829 4593 quam
2876 4521 3059 4578 Sancti
3106 4517 3301 4574 Montis
3349 4518 3470 4574 the-

181 4629 465 4688 marlyres,
519 4616 847 4684 Honorium,
901 4614 1267 4687 Eutychium.
1325 4623 1380 4669 et
1429 4610 1765 4683 Stephanmn
1799 4614 1849 4681 ι)
1874 4635 2064 4675 saurus
2091 4618 2448 4683 inveniretur,
2475 4627 2532 4672 et
2571 4615 2925 4682 effoderetur,
2956 4613 3157 4668 Dexter
3193 4609 3460 4680 siquidem

175 4704 318 4763 Asta:
367 4710 419 4765 in
451 4708 709 4781 lliSpania
742 4724 842 4780 pro
891 4706 1012 4764 fidei
1054 4705 1367 4763 testimonio
1403 4702 1762 4771 occubuisse,

176 4818 330 4860 nemo
359 4818 551 4877 prater
581 4806 845 4862 Dextrum
874 4803 1209 4867 afiirmarat;
1263 4801 1313 4855 id
1345 4809 1527 4855 tamen
1556 4797 1762 4853 Padilla

175 4895 423 4966 affirmat,
452 4916 482 4954 a
536 4914 647 4972 quo
672 4897 929 4962 Morales,
965 4905 1019 4949 et
1037 4894 1224 4951 eteteri
1255 4892 1506 4950 moderui
1535 4906 1762 4961 accepe-

178 5001 317 5056 rimi,
344 5008 477 5065 quos
506 4990 781 5049 Barouiu's
806 4990 978 5048 refert
999 4984 1176 5047 dieSl
1210 4986 1554 5045 Novembris.
1597 4988 1762 5044 Simi-

174 5079 297 5137 liter
319 5086 599 5141 tlicendunt
630 5086 701 5141 de
726 5083 797 5159 S.‘
824 5083 957 5138 Fide
989 5083 1199 5155 virgine
1230 5083 1469 5154 Agenni,
1505 5082 1558 5136 itt
1588 5070 1761 5138 Ga'lia

174 5170 344 5243 passa,
375 5172 531 5250 quam
564 5189 762 5235 omnes
803 5177 1011 5235 Gallam
1041 5189 1167 5232 ante
1199 5176 1461 5232 Patlillam
1490 5176 1765 5231 existima-

174 5264 327 5335 baut;
358 5283 410 5327 et
451 5264 784 5342 ignorabaitt
828 5271 1030 5324 sociam
1084 5264 1340 5325 habitis-re
1392 5272 1445 5325 in
1493 5287 1664 5339 :tgmtc
1709 5276 1765 5323 et

174 5348 776 5430 corrttta’S.'Saliitiaitt,
836 5354 1132 5433 llispan'am
1188 5362 1400 5433 pariter
1459 5361 1760 5429 \irgincttt;

172 5462 446 5532 utrunque
474 5444 676 5515 tamen
711 5473 739 5512 a
772 5445 983 5511 Dextro
1029 5467 1312 5526 acceptum
1360 5452 1477 5512 fuit.
1521 5455 1666 5511 idem
1697 5454 1764 5510 de

171 5543 289 5602 aliis
308 5548 503 5605 sanctis
533 5548 842 5616 repet-iter.

233 5637 336 5695 Sed
363 5642 552 5699 demus
580 5639 761 5713 gratis
811 5630 931 5691 huic
977 5638 1158 5692 omnia
1218 5638 1544 5693 omnimodze
1576 5637 1762 5693 [listo-

168 5728 256 5784 ria:
277 5730 452 5791 Dextri
482 5731 879 5791 auctoritatem
911 5728 1248 5786 stabilientia
1277 5731 1468 5785 deesse
1492 5730 1643 5785 nobis
1679 5749 1764 5785 ar-

165 5837 433 5898 gumenta;
468 5826 720 5886 llisttiria
770 5821 1133 5881 nihilominus
1178 5826 1293 5895 ipsa
1340 5832 1396 5880 et
1444 5838 1565 5894 quae
1612 5823 1663 5879 in
1697 5839 1762 5881 ea

1871 4719 2097 4766 venerat
2119 4724 2261 4763 anno
2284 4705 2485 4763 Christi
2510 4704 2725 4760 Domini
2746 4703 2903 4773 l59l,
2930 4713 2987 4759 ut
3011 4700 3293 4756 manifeSte
3315 4715 3467 4755 com-

1869 4804 2131 4875 probatur
2183 4818 2251 4857 εχ
2293 4799 2490 4856 litteris
2539 4798 2601 4854 P.
2631 4798 2935 4876 Torralba',
2980 4806 3036 4852 et
3088 4812 3156 4851 ex
3213 4794 3467 4850 omnibus

1867 4911 1987 4967 qua:
2032 4908 2175 4950 nunc
2196 4901 2424 4948 exstant
2454 4889 2711 4945 Cltronici
2753 4888 2945 4959 copiis,
2978 4901 3151 4957 eoque
3176 4887 3297 4958 ipso
3325 4901 3468 4941 anno

1868 4989 2109 5058 evulgari
2141 4985 2344 5053 erepit:
2392 4994 2448 5038 at
2481 4998 2614 5038 vero
2641 4982 2855 5037 lamina:
2885 4980 3289 5037 Gt-annateuses
3318 4996 3463 5035 anno

1870 5081 2114 5152 sequenti
2146 5080 2285 5137 1595
2314 5088 2548 5150 repertte
2583 5088 2733 5141 sunt,
2756 5092 2878 5145 qum
2904 5090 2933 5129 a
2960 5085 3203 5142 tempore
3232 5072 3466 5129 Neronis

1868 5175 2175 5239 latuerant;
2215 5173 2387 5228 altera
2419 5169 2638 5242 quidem
2692 5169 2782 5224 die
2810 5167 2882 5222 2?.
2905 5166 3080 5223 Martii
3138 5167 3255 5222 lure
3285 5166 3462 5221 conti-

1868 5282 2005 5322 nens
2036 5264 2201 5323 verba
2250 5283 2263 5319 ε
2311 5265 2464 5319 Anno
2493 5279 2532 5318 ιι
2564 5261 2791 5318 Neronis
2830 5262 2956 5330 imp.
2985 5256 3168 5333 Martii
3207 5257 3467 5324 kalendis,

1869 5377 2051 5432 passus
2080 5360 2181 5429 fuit
2209 5359 2519 5430 martyrium
2547 5357 2601 5410 in
2626 5356 2721 5410 Itoc
2745 5354 2860 5410 loco
2890 5351 3245 5425 lllipulitauo,
3278 5352 3468 5405 electus

1874 5456 1943 5504 ad
1973 5451 2113 5505 [tunc
2142 5450 2380 5519 eiii-ctum
2412 5449 2470 5505 S.
2506 5446 2698 5513 Isct'us,
2754 5445 2976 5517 apostoli
3002 5442 3188 5497 Jacobi
3232 5443 3467 5515 discipu-

1869 5544 1970 5609 lus,
2000 5559 2118 5596 cum
2145 5543 2253 5596 suis
2282 5541 2554 5606 discipulis
2579 5539 2803 5605 Turillo,
2835 5534 3461 5602 Panmmtio,’dlaronio,

1872 5633 2109 5689 Ccntulio
2150 5649 2240 5703 per
2293 5633 2517 5685 medium
2561 5632 2755 5705 ignem,
2808 5631 2863 5685 in
2920 5646 3020 5695 quo
3069 5626 3167 5681 vivi
3208 5624 3459 5678 combusti

1870 5724 2102 5797 fuerunt,
2135 5731 2379 5777 retentant
2422 5725 2572 5776 vitam
2605 5722 2890 5791 petentibus
2919 5720 3237 5781 tramittere;
3284 5724 3343 5768 ut
3381 5715 3458 5767 la-

1868 5824 2015 5897 pides
2044 5824 2096 5877 in
2126 5819 2320 5878 calcem
2342 5822 2573 5877 conversi
2604 5821 2833 5891 fuerint:
2884 5830 3103 5887 quorum
3130 5809 3363 5882 pulveres
3387 5806 3451 5874 in
