3978 6292
417 278 428 284 '
503 272 568 331 5|
1429 269 1726 331 FLAVIUS
1763 270 2013 330 LUClUS
2053 271 2341 332 DEXTER
2377 276 2912 343 CHRONOLOGL'S.
3732 296 3798 354 δῇ

505 391 664 464 hujus
683 390 818 446 sacri
841 391 1029 446 montis
1059 389 1286 445 carentis
1308 392 1515 464 jacent.
1559 388 1765 446 Eodem
1798 404 1986 446 mense
2022 405 2109 447 re-
2134 391 2190 454 Δ
2214 391 2368 462 bere,
2401 407 2455 452 et
2486 399 2692 471 absque
2722 402 2936 460 mendis
2979 412 3036 460 et
3078 407 3278 464 erratis
3315 409 3446 467 illud
3475 409 3607 470 dare
3645 411 3698 468 in
3726 413 3802 472 ln—

510 493 667 556 perta
696 490 783 538 est
830 480 933 538 alia
986 496 1133 537 :enca
1184 482 1393 550 tabula,
1437 481 1556 539 haec
1575 483 1865 538 continens
1907 482 2109 538 verba:

511 571 712 644 Corpus
764 582 936 628 astant
967 572 1031 630 S.
1060 572 1336 628 Mesitonis
1377 574 1644 646 martyris.
1680 571 1882 629 Passus
1910 585 1985 630 est
2016 574 2113 630 sub

511 664 744 722 Neronis
770 666 898 736 imp.
932 675 1223 738 potentatu.
1273 665 1495 721 Decima
1523 665 1726 737 Aprilis
1756 667 1958 737 reperti
1988 676 2116 723 sunt

507 762 763 834 pulveres
783 761 924 816 sacri
957 760 1016 819 S.
1039 759 1429 831 Ctesiphonis,
1459 774 1583 814 cum
1616 759 1867 830 plumbea
1893 760 2108 828 tabella,

508 862 563 908 et
603 851 693 908 die
728 853 801 909 50
844 851 1117 922 ejusdem,
1149 850 1422 922 reliquias
1451 851 1511 908 S.
1544 850 1772 929 Cacilii,
1810 867 1939 910 cum
1990 869 2110 908 sua.

507 943 645 1002 lira
691 945 857 1017 igitur
885 945 979 1001 Dei
1010 943 1351 1017 providentia
1381 944 1598 1013 accidit,
1640 956 1701 1000 ut
1729 945 1929 1003 Dexter
1971 961 2116 1016 prsc-

509 1039 725 1094 veniret
757 1037 1062 1092 tabularum
1094 1037 1316 1093 illarum
1357 1052 1421 1093 ac
1453 1053 1732 1094 sacrarum
1753 1039 2112 1110 reliquiarum

510 1130 912 1198 inventionem,
944 1144 1053 1200 quo
1103 1131 1360 1185 nimirum
1389 1130 1625 1186 invicem
1655 1144 1780 1186 sese
1821 1131 2102 1186 conﬁrma-

510 1235 676 1293 rent,
731 1233 788 1282 et
817 1225 1017 1280 Dexter
1043 1223 1304 1281 thesauro
1337 1224 1651 1295 lllipulitani
1708 1226 1907 1280 montis
1948 1225 2112 1281 ﬁdem

507 1319 732 1386 faceret,
766 1326 827 1374 et
845 1331 989 1373 nunc
1017 1316 1134 1388 ipse
1158 1326 1348 1373 mutuo
1382 1317 1453 1372 ab
1476 1317 1668 1373 eodem
1693 1319 1990 1390 acciperet.

580 1411 661 1468 Ad
691 1410 809 1468 hac
835 1427 980 1466 anno
1010 1411 1222 1465 Domini
1254 1411 1313 1464 Ἠ
1352 1410 1460 1480 agit
1485 1418 1674 1464 auctor
1697 1410 1764 1465 de
1798 1425 2021 1466 accessu
2051 1409 2108 1467 S.

508 1505 749 1562 Onesimi
781 1505 849 1558 ad
882 1504 1172 1574 Hispanias
1212 1517 1334 1557 cum
1365 1503 1423 1560 8.
1469 1502 1741 1575 Polyxena
1771 1504 2028 1574 Hispana,
2061 1513 2117 1559 et

508 1597 567 1654 S.
604 1598 739 1652 Sara
782 1597 900 1666 ejus
937 1596 1110 1662 socia,
1141 1593 1423 1666 discipulis
1466 1594 1520 1649 in
1551 1594 1756 1649 Achaia
1787 1593 1846 1650 S.
1880 1594 2115 1650 Audrea:

515 1690 749 1763 apostoli
775 1708 789 1749 :
814 1690 959 1761 quod
985 1699 1164 1744 tamen
1194 1704 1222 1742 a
1249 1689 1466 1745 nemine
1495 1690 1704 1760 integre
1731 1690 1997 1760 scriptum
2030 1705 2115 1746 rc-

2217 487 2373 544 cem?
2413 489 2545 559 Quis
2571 507 2661 548 res
2691 496 3041 567 notissimas,
3070 509 3128 556 et
3157 502 3388 572 patriam
3418 505 3655 562 auctoris
3679 521 3802 564 con-

2216 591 2512 637 cernentes
2576 585 2904 643 omitteret?
2968 589 3102 658 Quis
3166 593 3415 664 quedam
3474 597 3796 668 replicaret,

2216 673 2465 744 quaedam
2508 677 2828 737 detruncata
2862 683 3234 756 relinqueret?
3262 687 3397 757 Quis
3423 691 3644 746 nomina
3684 707 3803 761 pro-

2217 768 2335 836 pria
2366 765 2610 824 virorum
2632 787 2664 826 a
2698 773 2897 830 Dextro
2927 786 3182 833 notorum
3206 779 3477 835 subdubia
3501 782 3802 839 nomencla-

2219 865 2339 912 tura
2370 857 2642 916 donaret?
2673 864 2731 919 In
2775 866 2862 922 bis
2903 877 3084 925 tamen
3125 872 3383 929 omnibus
3411 873 3584 930 codex
3623 885 3803 934 noster

2217 952 2406 1008 multis
2427 967 2600 1011 scatet
2621 960 2834 1016 mendis
2854 970 2911 1017 et
2929 962 3250 1021 defectibus.
3279 966 3446 1022 Multa
3467 968 3627 1024 aliter
3646 985 3801 1040 quam

2216 1059 2247 1098 a
2277 1049 2675 1106 recentioribus
2705 1053 3089 1111 existimantur
3106 1058 3194 1114 hic
3218 1059 3419 1131 scripta
3440 1072 3587 1127 sunt,
3618 1070 3804 1118 tamet-

2215 1139 2262 1194 si
2293 1141 2428 1196 nihil
2453 1155 2650 1213 pr'cter
2678 1150 2966 1216 rationem,
2998 1150 3134 1207 nihil
3166 1162 3318 1209 tanto
3342 1166 3570 1211 auctore
3591 1165 3647 1213 ct
3671 1157 3805 1214 auti-

2216 1235 2424 1306 quitate
2469 1238 2786 1310 indignum,
2825 1243 2968 1312 quod
3009 1262 3076 1300 ex
3131 1247 3385 1319 professo
3421 1252 3802 1308 commentaria

2219 1336 2405 1383 nostra
2440 1343 2806 1404 propugnant.
2838 1335 2946 1392 Sed
2974 1338 3172 1395 demus
3195 1350 3502 1398 erratorum
3539 1346 3803 1416 exempla,

2216 1435 2337 1489 qua:
2366 1431 2448 1488 tu,
2481 1423 2673 1492 lector,
2705 1442 2914 1496 quaso,
2949 1429 3184 1502 iudices,
3214 1449 3284 1488 an
3315 1433 3387 1489 ab
3413 1435 3595 1507 aliquo
3622 1449 3807 1494 necto-

2215 1513 2332 1567 rico
2364 1515 2492 1586 tingi
2525 1520 2824 1586 potuerint.
2855 1521 2972 1589 Qua
2996 1524 3049 1580 in
3073 1541 3134 1581 re
3158 1541 3266 1581 non
3289 1529 3575 1585 minimum
3601 1530 3800 1588 deferri

2216 1603 2374 1661 debet
2406 1606 2471 1662 R.
2507 1607 2568 1663 Ρ.
2612 1608 2937 1681 Calderoni,
2968 1616 3097 1672 dum
3143 1619 3395 1675 omnibus
3442 1620 3556 1676 suis
3596 1633 3802 1681 scatens

2218 1701 2452 1766 utendis,
2474 1701 2783 1761 Chronicou
2817 1708 2963 1764 istud
2987 1708 3041 1764 in
3067 1710 3243 1767 lucem
3275 1712 3455 1774 dedit;
3484 1715 3688 1770 nullum
3729 1717 3803 1772 si-

511 1786 740 1857 peritur,
769 1792 829 1840 ut
851 1783 1058 1838 Dextro
1088 1781 1249 1836 tribui
1288 1789 1492 1852 posset.
1533 1781 1651 1836 Non
1682 1782 1977 1837 dillitetnur
1999 1797 2112 1838 me-
2140 1784 2191 1844 B
2216 1795 2432 1865 quidem
2461 1797 2638 1868 majus
2665 1800 3037 1858 ιεειίωοηίυιιι
3065 1805 3118 1860 in
3143 1805 3328 1862 Dextri
3353 1808 3590 1864 morem
3614 1809 3805 1867 adduci

508 1876 787 1947 nologium
808 1874 1121 1931 Graecorum
1147 1872 1214 1927 ad
1229 1872 1300 1927 25
1310 1873 1586 1942 Septemb.
1603 1872 1903 1946 secundum
1930 1881 2111 1929 trans-

509 1969 771 2027 lationem
822 1966 1116 2022 cardinalis
1149 1963 1352 2034 Sirleti,
1403 1979 1569 2035 agere
1612 1965 1680 2020 de
1731 1965 1789 2020 S.
1835 1965 2108 2053 Polyxena

509 2063 571 2119 8.
613 2061 847 2117 Andreas
874 2059 1159 2130 discipula,
1194 2074 1315 2129 qua:
1358 2073 1481 2113 cum
1511 2057 1754 2115 Rebecca
1797 2060 2007 2131 virgine
2055 2061 2110 2116 in

510 2153 828 2224 Hispaniam
859 2166 1083 2208 reversa
1109 2161 1217 2219 est,
1247 2160 1304 2207 et
1328 2151 1382 2206 in
1411 2161 1568 2206 textu
1593 2151 1714 2222 ipso
1740 2151 1930 2208 Cra-eo
1951 2153 2112 2225 origi-

510 2246 619 2302 nali
663 2246 843 2317 agitur
885 2243 1048 2299 etiam
1081 2244 1152 2300 de
1196 2257 1423 2299 accessu
1462 2243 1521 2299 8.
1555 2243 1794 2298 Onesimi
1830 2259 1953 2300 cum
1993 2247 2108 2314 eis,

507 2337 652 2409 quod
677 2337 909 2394 Sirletns
933 2338 1121 2404 tacuit,
1156 2346 1343 2392 ut'suo
1371 2336 1498 2392 loco
1524 2347 1776 2391 notamus
1807 2355 1821 2392 :
1849 2347 2109 2394 cieterum

510 2430 639 2486 inde
664 2429 860 2485 deduci
899 2443 1006 2484 non
1057 2430 1236 2498 potuit
1282 2427 1543 2498 quidquid
1591 2427 1793 2484 Dexter
1819 2430 1939 2502 .boc
1989 2432 2111 2488 loco

511 2530 823 2586 asseverat;
863 2521 910 2576 si
951 2523 1094 2575 enim
1128 2519 1254 2575 inde
1293 2518 1660 2576 deduceretur
1690 2521 1996 2590 hujusmodi
2028 2524 2112 2578 hio

513 2615 710 2679 storia,
738 2612 880 2667 haud
911 2612 1134 2667 dubium
1166 2619 1445 2666 veterator
1473 2612 1760 2681 scriberet,
1789 2613 2108 2672 Onesimum

507 2721 633 2762 cum
665 2705 932 2768 Rebecca,
984 2715 1037 2760 et
1072 2705 1346 2776 Polyxena
1379 2704 1434 2758 in
1483 2703 1769 2775 Hispanias
1816 2705 2008 2776 ivisse,
2052 2719 2112 2766 ut

501 2800 707 2858 ibidem
737 2801 1005 2858 asseritnr
1031 2815 1062 2854 a
1093 2799 1334 2864 Crmcis;
1365 2814 1510 2853 nunc
1547 2810 1732 2855 autem
1761 2803 1908 2857 socia
1951 2802 2112 2874 Poly-

509 2908 664 2948 xena:
691 2908 797 2948 non
825 2893 1027 2950 dicitur
1051 2891 1326 2957 Rebecca,
1350 2891 1445 2948 sed
1469 2893 1601 2946 Sara
1629 2911 1644 2948 :
1670 2910 1835 2964 quare
1863 2896 2110 2967 cogimur

511 2983 792 3040 afﬁrmare
819 3000 1087 3040 canonem
1141 2986 1301 3040 istum
1350 2985 1598 3040 historia:
1647 2989 1890 3044 auctoris
1933 2991 2108 3046 nostri

511 3092 623 3135 non
648 3091 771 3131 esse
801 3091 992 3132 recens
1017 3091 1049 3132 e
1073 3076 1389 3132 Grzecorum
1416 3079 1746 3152 menologio,
1777 3091 1871 3138 aut
1890 3083 2108 3141 aliunde

507 3167 851 3229 suﬂnratum.
884 3167 979 3223 sed
1006 3167 1073 3222 ab
1101 3182 1168 3222 eo
1191 3169 1600 3236 concinnatum,
1623 3171 1715 3242 qui
1739 3175 2106 3246 menologium
2134 3173 2182 3238 C

506 3258 685 3331 ipsum
741 3259 1096 3330 praecederet,
1143 3268 1199 3315 et
1241 3277 1308 3316 ex
1350 3260 1628 3330 historiis,
1671 3278 1736 3320 ac
1785 3264 2109 3326 testimoniis

506 3352 902 3409 vetustioribus
931 3353 1229 3423 acceperit.

585 3445 794 3502 Rursus
822 3445 891 3502 ad
918 3461 1120 3501 annum
1145 3446 1359 3503 Domini
1387 3447 1493 3503 235
1516 3450 1692 3520 agitur
1709 3450 1778 3506 de
1808 3452 1990 3510 Felice
2012 3454 2108 3512 illo

509 3537 818 3602 notissimo,
871 3538 964 3607 qui
997 3538 1049 3592 in
1100 3553 1263 3593 causa
1297 3539 1547 3595 Basilidis
1591 3544 1959 3600 Asturicensis
1989 3547 2105 3617 epi-

507 3632 683 3702 scopi,
712 3641 765 3687 et
788 3631 1050 3686 Martialis
1070 3632 1425 3688 Emeriti'nsis
1454 3634 1674 3705 scripsit
1694 3636 1760 3690 ad
1791 3637 1851 3692 S.
1881 3637 2108 3710 Cypria-

509 3739 671 3788 num;
711 3724 828 3794 ejus
861 3738 988 3779 vero
1021 3725 1282 3780 memoria
1318 3726 1362 3779 si
1397 3742 1428 3779 a
1457 3728 1724 3782 moderno
1766 3729 2107 3786 scriberetur

507 3826 752 3883 auctore,
781 3828 838 3873 ut
865 3819 1092 3890 antiquo
1119 3818 1411 3886 tribuatur,
1443 3820 1666 3876 dubium
1697 3837 1804 3877 non
1831 3832 1934 3890 est,
1975 3823 2103 3895 quin

511 3923 634 3966 cum
662 3912 936 3966 communi
963 3911 1302 3981 Scriptorum
1333 3913 1552 3983 placito,
1589 3929 1656 3968 ne
1678 3913 1730 3968 in
1759 3931 1818 3970 re
1849 3915 2107 3974 videlicet

513 4001 796 4058 manifesta
825 4017 856 4066 _a
891 4017 1020 4056 vero
1055 4002 1319 4070 deviaret,
1359 4013 1608 4059 vocasset
1645 4006 1844 4076 ipsum,
1882 4009 2103 4079 episco-

512 4108 639 4164 pum
667 4093 1206 4166 Czesaraugustanum
1235 4112 1249 4160 ;
1295 4095 1610 4168 Cyprianus
1636 4099 1836 4154 etenim
1869 4099 1942 4156 de
1985 4101 2105 4173 ipso

513 4185 685 4256 inquit
711 4203 726 4242 :
750 4186 816 4241 Et
846 4198 898 4240 ut
925 4186 1062 4242 alius
1083 4187 1236 4243 Felix
1257 4191 1321 4244 tle
1341 4189 1736 4263 Cwsaraugustu
1761 4193 1884 4262 ﬁdei
1910 4194 2100 4264 cultor,

510 4289 558 4333 et
587 4281 826 4351 defensor
853 4285 1104 4351 ueritatis,
1138 4284 1322 4337 litteris
1353 4286 1460 4338 suis
1485 4285 1766 4355 signiﬁcat.
1798 4286 1954 4342 Nunc
1977 4303 2106 4343 vero

507 4383 695 4430 auctor
758 4384 941 4431 noster
1005 4392 1112 4431 nm
1185 4385 1343 4431 vocat
1392 4393 1516 4432 eum
1577 4379 1941 4448 episcopum,
2008 4382 2104 4437 sed

513 4468 913 4537 presbyterum,
957 4481 1057 4520 nec
1085 4465 1153 4520 de
1184 4467 1621 4537 Caesaraugusta,
1657 4468 1752 4522 sed
1784 4469 1851 4523 de
1902 4469 2106 4527 Vallata

2214 1899 2446 1961 poterat,
2478 1892 2683 1948 nullum
2715 1904 2920 1950 tantam
2957 1906 3282 1954 vetustatem
3329 1900 3611 1971 probaret,
3643 1918 3802 1974 quam

2212 1982 2383 2037 codex
2420 1983 2537 2053 ipse
2585 1984 2734 2041 nullo
2775 1987 2967 2044 labore
3014 1998 3072 2045 et
3115 1992 3458 2048 correctione
3504 1994 3802 2064 expolitus.

2213 2073 2507 2131 Sumamus
2535 2094 2680 2134 nunc
2711 2078 2839 2136 inde
2877 2091 3219 2152 argumenta.
3267 2084 3428 2139 Anno
3473 2084 3685 2142 Domini
3733 2087 3804 2144 δι

2213 2169 2384 2226 codex
2410 2171 2488 2226 sic
2523 2171 2792 2231 habebat:
2824 2172 3007 2230 Floret
3026 2193 3126 2248 per
3150 2178 3208 2232 id
3237 2188 3439 2249 tempus
3460 2181 3511 2235 in
3541 2180 3806 2254 Hispania

2215 2264 2274 2320 C.
2320 2265 2522 2335 Oppius
2563 2267 2623 2322 C.
2668 2266 2739 2324 Ρ.
2781 2268 2841 2324 C.
2869 2279 3020 2340 pater
3059 2273 3315 2340 centurio,
3365 2274 3459 2344 qui
3507 2276 3805 2330 morientem

2215 2356 2476 2413 Christum
2502 2360 2752 2430 pradicet
2786 2360 3166 2435 Hierosolymis
3189 2381 3299 2419 esse
3333 2363 3383 2419 F
3382 2365 3534 2419 ilium
3565 2364 3685 2430 Dei,
3711 2365 3804 2421 ubi

2213 2451 2320 2506 illa:
2360 2460 2526 2519 noue,
2557 2449 2619 2506 C.
2655 2451 2857 2524 Oppius
2890 2453 2952 2509 C.
2985 2453 3053 2509 F.
3089 2456 3150 2511 ϐ.
3177 2467 3324 2528 pater
3360 2459 3615 2526 centurio,
3643 2468 3700 2514 ut
3719 2459 3808 2528 ja-

2212 2551 2358 2610 ceut,
2396 2542 2604 2598 nullum
2635 2559 2855 2600 sensum
2886 2546 3118 2604 reddere
3149 2560 3402 2620 possunt,
3438 2566 3560 2606 nam
3598 2551 3662 2607 C.
3689 2551 3800 2621 0p-

2214 2634 2333 2706 pius
2359 2649 2466 2690 non
2496 2634 2596 2690 fuit
2615 2635 2734 2692 Caii
2766 2636 2931 2703 ﬁlius,
2961 2655 3061 2694 nec
3083 2649 3238 2710 pater
3257 2643 3541 2708 centurio;
3571 2641 3668 2699 sed
3690 2642 3800 2700 fuit

2213 2727 2461 2784 centurio
2490 2728 2635 2785 lilius
2665 2729 2900 2786 Cornelii
2935 2733 3143 2803 pariter
3162 2736 3538 2792 centurionis:
3565 2744 3615 2794 et
3648 2745 3804 2808 pater

2211 2822 2462 2877 centurio
2493 2836 2599 2877 non
2634 2823 2953 2893 praedicavit
2996 2824 3273 2883 Christum
3325 2831 3668 2898 morientem,
3703 2832 3804 2888 sed

2212 2915 2327 2982 ipse
2349 2909 2411 2968 C.
2443 2913 2669 2984 Oppius.
2701 2913 2886 2982 Quare
2915 2919 3226 2974 necessario
3246 2920 3326 2975 sic
3352 2921 3515 2976 verba
3550 2922 3638 2976 illa
3667 2922 3800 2978 red-

2210 3003 2384 3060 denda
2406 3016 2572 3061 sunt:
2595 3004 2655 3061 C.
2680 3005 2884 3076 Oppius
2903 3019 3038 3063 cent.
3061 3009 3128 3065 Ρ.
3149 3010 3309 3067 Corn.
3335 3013 3528 3081 pariter
3547 3015 3806 3072 centurio:

2211 3107 2270 3152 ut
2294 3098 2365 3151 sit
2392 3112 2622 3164 sensus;
2653 3097 2810 3154 Caius
2850 3098 3052 3172 Oppius
3096 3104 3356 3171 centurio,
3399 3105 3538 3176 ﬁlius
3574 3103 3812 3164 Cornelii

2211 3192 2403 3259 pariter
2425 3193 2763 3258 centurionis,
2793 3195 2884 3265 qui
2904 3197 3205 3252 morientem
3233 3196 3500 3254 Christum
3527 3201 3800 3270 practical,

2211 3291 2321 3337 etc.
2350 3282 2515 3353 quue
2540 3285 2854 3340 necessario
2897 3287 3233 3344 credendum
3281 3289 3387 3343 alia
3423 3290 3606 3345 Dextri
3651 3291 3807 3346 testi-

2211 3375 2390 3428 monia
2423 3375 2776 3430 convincunt.
2809 3377 3024 3449 Ergone
3053 3379 3122 3435 de
3151 3379 3419 3436 industria
3456 3389 3668 3451 poterat
3694 3389 3805 3439 tam

2211 3467 2439 3536 turpiter
2477 3467 2628 3524 locus
2664 3468 2767 3524 iste
2797 3469 3122 3542 depravari?
3156 3473 3318 3529 Certe
3357 3474 3556 3530 multos
3597 3475 3810 3530 exscri-

2213 3569 2394 3629 plores
2415 3563 2658 3630 oportuit
2679 3577 3012 3620 concurrere
3036 3565 3104 3620 ad
3129 3573 3331 3621 tantam
3359 3566 3806 3638 deturpatiouem

2209 3649 2575 3720 conﬂandam,
2609 3668 2640 3708 e
2668 3655 2868 3722 quibus
2895 3657 3236 3712 recentiores
3266 3658 3626 3730 ignorantiam
3658 3674 3808 3730 prte-

2209 3742 2516 3797 cedentium
2544 3743 2596 3799 in
2622 3744 2778 3815 pejus
2798 3755 3224 3803 commutareut.

2282 3835 2521 3891 Accedat
2542 3835 2685 3891 aliud
2707 3839 3016 3910 exemplum
3041 3842 3211 3898 multo
3238 3841 3416 3898 adhuc
3438 3842 3808 3900 manifestius.

2211 3925 2368 3980 Anno
2395 3925 2601 3983 Christi
2627 3928 2732 3984 300
2763 3929 2833 3984 ita
2859 3930 3174 4002 legebamus
3201 3933 3254 3988 in
3275 3933 3464 3989 codice
3495 3934 3683 3991 Dextri
3707 3936 3806 4004 qui

2209 4025 2390 4072 exstat
2420 4036 2432 4069 :
2468 4018 2625 4074 Seori
2646 4020 2697 4073 in
2724 4019 3004 4075 Cantabria
3023 4023 3085 4079 S.
3111 4023 3347 4080 Contolla
3371 4026 3495 4080 civis
3519 4025 3800 4097 Toletana,

2211 4111 2435 4166 consulis
2465 4110 2614 4166 Lucii
2646 4113 2876 4184 Ragonis
2908 4115 3181 4179 Quintiani
3200 4116 3338 4187 filia.
3361 4117 3422 4173 C.

2283 4200 2517 4259 Catanite
2537 4221 2692 4277 passa
2716 4216 2796 4260 est
2822 4207 2916 4261 sub
2945 4209 3100 4277 huius
3123 4218 3271 4279 patre
3297 4208 3362 4264 L.
3396 4209 3678 4276 Quintiano
3706 4212 3813 4281 {or-

2210 4294 2413 4350 tissima
2444 4300 2586 4371 uirgo
2625 4298 2686 4355 S.
2719 4298 2949 4372 Agat/ta,
2986 4319 3143 4370 passa
3172 4319 3292 4357 cum
3319 4302 3528 4359 Helena
3551 4304 3728 4373 vidua,
3756 4308 3810 4362 iu

2211 4389 2561 4456 persecutione
2605 4389 2932 4446 Diocletiani.
2958 4392 3104 4448 Nihil
3136 4396 3239 4450 hoc
3280 4395 3398 4450 loco
3429 4395 3807 4467 depravatius:

2211 4479 2290 4533 sic
2319 4481 2462 4536 enim
2489 4483 2658 4537 lectus
2689 4484 2861 4539 multa
2884 4487 3118 4543 absurda
3145 4489 3562 4558 complectitur;
3603 4490 3804 4546 videli-

513 4558 761 4624 uihicua,
805 4557 946 4626 quod
982 4566 1133 4612 certe
1175 4557 1278 4610 nisi
1307 4559 1374 4612 ab
1400 4559 1777 4640 antiquissimo
1802 4552 1965 4616 scribi
1995 4580 2104 4620 non
2133 4563 2186 4624 D
2210 4579 2316 4638 cet,
2334 4571 2474 4642 quod
2497 4585 2681 4630 sancta
2708 4577 2914 4646 Agatba
2934 4593 3092 4648 passa
3114 4579 3185 4635 sit
3206 4580 3258 4635 in
3275 4552 3666 4652 persecutione
3689 4582 3814 4639 Dio-

519 4651 716 4720 potuit,
750 4664 875 4704 nam
923 4648 1172 4704 moderni
1203 4663 1392 4704 omnes
1415 4650 1765 4708 concorditer
1786 4655 2017 4725 primum
2044 4658 2107 4714 il-

519 4741 609 4798 lud
631 4749 967 4796 asseverant.
1013 4739 1085 4796 Ut
1122 4751 1300 4796 autem
1332 4757 1432 4797 suo
1469 4744 1590 4800 loco
1616 4746 1899 4815 perSpicue
1923 4757 2109 4804 Osten-

517 4832 709 4888 demus
749 4831 855 4902 (ad
886 4849 1013 4887 ann.
1047 4833 1260 4888 Domini
1303 4832 1467 4904 255),
1506 4836 1659 4892 Felix
1700 4837 1794 4894 ille
1826 4842 2108 4913 presbyter

518 4923 620 4979 fuit
652 4923 879 4979 Vallutze
902 4924 1052 4982 Urbii
1075 4943 1156 4981 ua:
1181 4927 1232 4980 iu
1259 4926 1520 4998 Vaccaeis,
1548 4947 1654 4985 non
1682 4931 1836 5004 longe
1858 4935 1926 4989 ab
1951 4939 2110 4992 Astu-

519 5017 718 5074 riccnsi
751 5019 904 5084 urbe,
936 5021 1091 5090 cujus
1123 5020 1381 5077 Ecclesia:
1411 5038 1630 5078 causam
1672 5025 1725 5080 in
1762 5027 1874 5083 suis
1917 5029 2110 5086 litteris

517 5111 658 5183 apud
691 5123 938 5168 sauctmn
969 5111 1298 5184 Cyprianum
1327 5117 1437 5188 egit
1464 5137 1480 5174 ι
1503 5128 1558 5172 et
1583 5120 1731 5174 omni
1760 5120 2112 5178 fundamento

520 5205 838 5260 destituitur
899 5206 1128 5261 assertio
1189 5209 1539 5280 episcopatus
1594 5212 2109 5285 Caesaraugustam;

517 5300 664 5373 quod
694 5301 856 5356 dante
888 5300 1000 5357 Deo
1029 5305 1496 5372 persuadebimus.

592 5395 833 5466 ldipsum
857 5412 922 5451 ex
944 5398 1164 5464 erratis,
1195 5398 1518 5468 defectibus,
1563 5408 1615 5456 ct
1645 5402 2108 5472 superﬂuitatibus

521 5488 684 5560 hujus
725 5489 933 5548 codicis
962 5492 1244 5549 evidenter
1274 5495 1520 5551 convinci
1562 5505 1763 5566 potest.
1797 5497 1930 5566 Quis
1960 5501 2105 5556 enim

515 5585 584 5640 de
625 5598 764 5639 novo
791 5583 1100 5642 Chronicou
1149 5589 1423 5655 scribens,
1455 5601 1510 5644 ut
1555 5589 1874 5647 doctissimo
1902 5596 2110 5650 auctori

515 5684 869 5746 supponeret,
915 5692 1022 5732 non
1066 5689 1307 5745 curaret,
1352 5695 1418 5736 ea
1463 5695 1585 5750 qua:
1631 5683 1996 5738 communiter
2028 5700 2110 5742 rc-

523 5776 674 5838 .ri-pta
718 5778 844 5825 sunt
876 5785 985 5826 non
1017 5768 1268 5840 alterare,
1301 5770 1434 5827 nihil
1469 5771 1785 5830 incredibile
1826 5773 1899 5831 illi
1931 5776 2104 5833 ascri-

2213 4665 2455 4730 cletiaui,
2491 4682 2612 4736 quae
2643 4675 2823 4723 tamen
2852 4669 2954 4723 sub
2975 4669 3142 4726 Decio
3167 4683 3294 4727 ante
3316 4672 3386 4727 50
3407 4688 3580 4730 annos
3603 4683 3810 4748 marty-

2213 4756 2295 4810 rio
2315 4767 2569 4812 coronata
2594 4758 2794 4815 luerat:
2817 4769 2871 4816 et
2890 4761 3035 4832 quod
3061 4772 3245 4818 sancta
3276 4763 3474 4820 Helena
3503 4765 3662 4819 vidua
3699 4782 3810 4823 non

2215 4849 2270 4904 in
2301 4849 2578 4921 llispania,
2603 4852 2695 4908 sed
2719 4852 2959 4910 Catania:
2978 4871 3132 4926 passa
3157 4855 3249 4924 sit,
3273 4857 3528 4928 sociaque
3556 4857 3615 4912 in
3637 4873 3813 4929 agone

2213 4939 2378 4996 luerit
2418 4951 2622 5000 sancta:
2648 4944 2899 5016 Agathze,
2929 4963 3050 5017 qua:
3096 4957 3301 5016 tamen,
3345 4957 3406 5004 ut
3445 4963 3638 5004 omnes
3677 4949 3815 5006 scri—

2216 5041 2403 5103 ptores
2445 5035 2794 5092 concorditer
2843 5038 3102 5104 fatentur,
3133 5039 3284 5096 socia
3313 5040 3412 5095 luit
3451 5039 3512 5096 8.
3541 5040 3812 5098 Centollze

2214 5125 2467 5198 Hispana:
2499 5129 2759 5199 virginis;
2798 5132 2939 5201 quod
2969 5133 3132 5188 etiam
3164 5133 3220 5188 in
3252 5133 3496 5190 Romano
3534 5143 3813 5207 martyru-

2214 5220 2364 5291 logio
2390 5222 2657 5277 asseritur
2685 5222 2775 5278 die
2797 5224 2863 5278 l5
2890 5226 3118 5296 Augusti
3149 5244 3162 5281 :
3191 5233 3248 5281 et
3277 5225 3422 5296 quod
3465 5225 3524 5283 8.
3561 5224 3812 5282 Centolla

2220 5313 2483 5383 martyrio
2516 5324 2773 5369 coronata
2820 5330 2931 5372 non
2959 5319 3031 5374 sit
3060 5335 3073 5371 :
3104 5317 3370 5374 ntdemus
3400 5317 3642 5373 litteram
3664 5317 3812 5374 illam

2214 5403 2275 5459 C.
2311 5404 2364 5459 in
2397 5404 2504 5461 line
2534 5406 2733 5477 prioris
2755 5407 3020 5464 clausula:
3052 5410 3262 5465 nullum
3295 5409 3528 5466 reddere
3555 5423 3810 5466 sensum:

2214 5505 2270 5554 et
2296 5507 2476 5551 tamen
2507 5498 2576 5552 ita
2597 5499 2699 5570 legi
2724 5499 2910 5566 debet,
2941 5511 3002 5555 ut
3031 5517 3099 5556 ex
3128 5511 3356 5572 utraque
3383 5515 3487 5555 una
3517 5500 3693 5556 solum
3719 5515 3815 5570 pe-

2216 5588 2404 5645 riodus
2429 5592 2817 5658 constituatur,
2843 5589 2978 5647 etC.
3013 5607 3121 5647 non
3145 5594 3220 5648 sit
3241 5593 3444 5659 littera,
3472 5591 3567 5648 sed
3595 5593 3812 5662 signum

2215 5680 2583 5753 parenthesis,
2614 5699 2725 5754 qua
2753 5691 2924 5737 totum
2969 5683 3126 5752 illud,
3159 5682 3392 5742 Catania:
3419 5699 3578 5757 Passa
3611 5693 3688 5739 est
3718 5683 3815 5739 sub

2214 5775 2375 5846 hujus
2398 5785 2544 5848 patre
2570 5774 2632 5832 L.
2661 5773 2948 5843 Quintiano
2978 5777 3261 5848 fortissima
3299 5777 3440 5850 virgo
3471 5775 3534 5833 S.
3580 5774 3811 5848 Agathe,
