3978 6318
165 255 210 324 tt
1274 261 1595 326 CllRONtCl
1635 251 1894 325 nexrnt
1935 261 2304 330 arctoam.
3365 270 3438 342 at

174 381 477 439 claudendum
524 391 648 452 est;
684 391 742 441 et
780 385 860 440 sic
889 382 1090 440 Helena
1119 396 1241 440 eum
1271 383 1517 441 Centolla
1546 385 1723 456 jungi-
1751 385 1806 448 Α
1829 387 2168 448 dicaturum?
2208 395 2370 463 unde,
2413 411 2623 467 quaeso,
2666 405 2760 454 aut
2802 413 2972 471 quare
3015 401 3242 459 Orosius
3288 402 3338 460 ei
3380 405 3434 461 in

178 485 251 544 tur,
270 485 313 532 et
333 486 581 549 utraque
609 477 880 549 martyrio
904 486 1158 534 coronata
1183 477 1453 532 asseritur
1479 477 1582 532 sub
1603 475 1732 532 Dio-

179 572 378 642 cletiano,
410 589 527 629 non
561 589 706 629 vero
732 586 918 628 sancta
950 572 1182 644 Agatho,
1215 575 1268 628 in
1294 573 1435 628 hunc
1467 573 1684 628 modum
1711 591 1725 628 :

178 665 284 722 Stati
305 667 350 719 in
372 664 672 720 Cantabria
695 665 758 722 S.
776 663 1034 735 Centolfu,
1060 666 1184 720 civis
1206 664 1482 733 Tole’tana,
1498 665 1729 720 consulis

174 757 218 815 ι.
256 759 479 831 [lagonis
522 759 804 826 Quintiani
842 757 956 828 ﬁlia
1004 757 1276 830 (Colonia:
1317 775 1471 830 passa
1515 767 1591 813 est
1634 757 1726 812 sub

169 849 286 922 hujus
311 863 456 924 patre
486 850 551 907 L.
601 852 891 917 Quintiano
935 851 1225 924 fortissima
1256 852 1397 923 t'irgo
1436 861 1618 906 sancta
1659 852 1728 905 A-

163 946 284 1018 gat/ta
303 947 343 1012 l,
369 963 532 1018 passa
560 963 679 1000 cum
696 945 905 1000 Helena
934 946 1112 1010 vidua,
1131 945 1183 999 in
1209 945 1567 1016 persecutione
1597 941 1727 999 Dio-

161 1040 356 1093 cletiani.
387 1037 561 1110 Cujus
581 1053 780 1096 sensus
812 1037 988 1094 facilis
1010 1048 1092 1094 est
1115 1047 1168 1094 et
1193 1038 1532 1108 perspicuus.
1556 1035 1723 1094 Certe

160 1140 306 1187 tantus
335 1147 499 1189 error
523 1133 795 1188 committi
818 1149 923 1188 non
955 1133 1130 1202 potuit
1156 1130 1259 1187 nisi
1288 1132 1357 1186 ab
1379 1131 1726 1200 ignarissimo

151 1227 458 1293 amanuensi,
512 1228 602 1281 vel
649 1225 1058 1282 immoderatius
1099 1224 1169 1280 de
1219 1240 1278 1280 se
1327 1232 1719 1294 praesumente;

149 1322 222 1391 qui
239 1321 359 1376 dum
383 1321 594 1376 vicinas
643 1321 941 1377 sententias
967 1320 1035 1375 ab
1057 1319 1284 1389 alicujus
1313 1318 1466 1373 urbis
1504 1315 1725 1372 nomine

147 1412 360 1480 incipere
392 1412 729 1480 observavit,
776 1411 1007 1467 credidit
1036 1411 1202 1466 etiam
1245 1425 1274 1464 a
1318 1408 1540 1464 Catania
1592 1423 1728 1462 sen-

147 1505 348 1560 tentiam
380 1505 645 1575 incipere,
677 1514 733 1559 et
762 1504 902 1560 sicut
927 1503 1160 1574 legebat,
1193 1491 1490 1556 Tarracone
1518 1517 1722 1556 coronat

142 1608 424 1651 sanctorum
455 1607 766 1668 martyrum.
803 1595 1113 1670 Carthagine
1144 1595 1204 1650 S.
1241 1592 1516 1650 Concessa.
1554 1592 1620 1648 In
1649 1594 1723 1648 ci-

141 1693 277 1746 vitate
301 1691 536 1747 Saliensi
566 1689 629 1746 S.
665 1689 971 1746 Marcellus.
1004 1689 1156 1746 Seari
1180 1689 1242 1745 S.
1267 1687 1533 1754 Centolfa;
1557 1697 1611 1743 et
1638 1687 1718 1742 iu-

1835 495 2074 541 mentem
2102 488 2333 556 veniret,
2367 501 2422 546 et
2452 492 2863 566 Hieronymum,
2897 498 2982 553 cui
3014 497 3318 554 Cbronicon
3348 499 3431 555 di-

1833 587 2012 632 catum
2053 577 2264 648 legebat
2304 580 2469 652 (apud
2515 585 2690 654 ipsum
2735 587 2830 642 lib.
2879 587 2948 644 de
2984 588 3159 659 Scrip.
3191 590 3428 663 Eccles.)

1834 669 2124 725 retineret?
2152 681 2207 726 et
2247 686 2481 742 quonam
2514 686 2672 744 pacto
2707 676 3016 734 Chronicon
3047 681 3187 736 ultra
3225 697 3428 737 annum

1834 762 1902 818 Η
1946 764 2157 835 imperii
2187 765 2479 822 Theodosii
2509 769 2768 842 principis
2797 773 3145 845 produceret,
3188 792 3313 833 cum
3345 778 3427 835 le-

1833 866 1986 928 geret
2024 858 2165 928 apud
2205 860 2456 917 eumdem
2490 862 2883 937 Hieronymum
2927 868 3122 924 librum
3151 871 3219 927 de
3249 871 3434 943 Serip-

1835 959 1938 1006 tor.
1969 950 2231 1022 scriptum
2275 969 2305 1008 a
2350 969 2411 1009 se
2461 955 2526 1010 l4
2562 955 2854 1014 Theodosii
2903 962 3084 1016 anno?
3117 978 3261 1019 nunc
3301 979 3434 1021 vero

1834 1041 2018 1098 Dextri
2048 1042 2356 1101 Chronieou
2392 1047 2591 1103 multos
2617 1048 2742 1104 inde
2766 1066 2936 1107 annos
2969 1053 3212 1124 excedit,
3244 1055 3297 1110 id
3327 1064 3433 1123 est,

1832 1134 1901 1190 ab
1940 1151 2085 1192 anno
2109 1137 2308 1194 Christi
2354 1139 2480 1208 593,
2520 1140 2612 1210 qui
2657 1141 2758 1198 fuit
2790 1142 2878 1199 ﬂ.
2922 1144 3234 1217 Theodosii,
3263 1162 3433 1219 usque

1829 1228 1898 1282 ad
1928 1229 1994 1283 15
2021 1229 2309 1286 Theodosii
2343 1229 2580 1288 iunioris
2619 1237 2979 1303 consulatum,
3012 1245 3067 1292 ct
3093 1237 3294 1293 Christi
3324 1237 3432 1294 Do-

1829 1321 1958 1377 mini
2002 1323 2131 1378 450.
2178 1322 2350 1380 Nemo
2391 1337 2539 1381 certe
2578 1342 2608 1381 a
2638 1326 2949 1400 Hieronymi
2972 1329 3304 1397 testimonio,
3347 1330 3434 1386 vel

1827 1411 1991 1466 latum
2024 1429 2255 1483 unguem
2280 1413 2608 1485 discederet,
2642 1432 2763 1472 cum
2794 1417 2922 1473 nihil
2959 1419 3070 1476 fere
3107 1420 3260 1475 aliud
3292 1420 3434 1492 apud

1826 1503 2070 1574 vulgatos
2119 1514 2365 1560 auctores.
2413 1508 2481 1564 de
2521 1506 2724 1565 Dextro
2761 1512 3020 1583 scriptum
3076 1514 3430 1584 reperiretur,

1826 1595 1968 1666 quod
2000 1597 2154 1666 sequi
2183 1599 2333 1667 quasi
2372 1600 2596 1656 etnleste
2636 1602 2784 1658 sidus
2813 1615 3109 1674 oporteret.
3139 1605 3272 1661 Cum
3302 1621 3433 1678 ergo

1829 1687 1984 1743 valde
2021 1687 2091 1744 ab
2135 1704 2301 1760 scopo
2341 1694 2640 1762 preposito,
2669 1711 2829 1766 quem
2873 1697 3074 1769 absque
3104 1699 3267 1754 dubio
3289 1702 3436 1770 quis-

140 1798 345 1838 numera
380 1783 730 1852 hujnsmodi;
777 1783 851 1838 ita
898 1799 1114 1854 quoque
1164 1781 1394 1838 credidit
1426 1780 1714 1836 dicendum
1752 1787 1798 1849 Β
1825 1795 1930 1849 que
1975 1782 2246 1837 recentior
2283 1795 2641 1854 sequeretur,
2696 1788 2853 1859 longe
2905 1803 3094 1846 auctor
3147 1793 3432 1862 discedat,

139 1870 309 1940 fuisse,
339 1874 577 1930 Catanic
602 1892 757 1945 passa
794 1883 866 1929 est
915 1875 978 1931 S.
1010 1875 1254 1947 Agatha:
1288 1890 1395 1930 non
1425 1875 1717 1930 advertens

142 1971 527 2039 praecedentem
551 1969 880 2025 sententiam
912 1968 1246 2023 dimidiatam
1276 1967 1529 2037 relinqui.

202 2059 424 2132 Insuper
467 2061 536 2116 ad
581 2077 782 2117 annum
827 2059 932 2115 429
955 2060 1249 2115 Toletanus
1279 2061 1511 2115 antistes
1535 2057 1719 2115 vocari

140 2151 317 2209 dicitur
351 2152 639 2222 Martinus,
669 2155 752 2211 vel
785 2151 1143 2226 Maiorianus,
1199 2163 1251 2208 et
1280 2169 1422 2208 anno
1443 2152 1551 2208 450
1585 2169 1720 2224 pon-

143 2245 261 2302 tifex
303 2247 821 2318 Casaraugttstauus
860 2257 1084 2304 vocatur
1137 2245 1371 2302 Valerius
1395 2287 1410 2313 ,
1443 2247 1529 2301 vel
1568 2245 1723 2301 Vale-

145 2341 304 2395 rianus
322 2357 340 2406 ;
371 2342 424 2396 in
469 2359 576 2412 quo
635 2357 767 2396 sane
799 2340 966 2412 (quod
999 2340 1064 2395 ad
1096 2340 1196 2395 alia
1228 2356 1442 2411 quoque
1486 2339 1601 2396 loca
1633 2355 1724 2394 os-

149 2435 396 2488 mndimus
434 2434 488 2488 in
531 2432 974 2504 Commentariis)
1000 2435 1231 2488 varietas
1259 2432 1510 2488 lectionis
1540 2448 1605 2488 ex
1631 2434 1725 2488 de-

149 2528 438 2596 pravatioue
468 2530 879 2584 amanuensium
910 2537 1029 2582 orta
1055 2569 1071 2596 ,
1131 2529 1184 2582 in
1217 2537 1423 2582 textum
1476 2528 1717 2584 immissa

147 2631 250 2686 est;
280 2621 534 2692 quosdam
566 2621 708 2678 enim
760 2620 1048 2678 lectionem
1093 2635 1274 2677 veram
1314 2622 1624 2691 ignorantes
1650 2621 1718 2677 ad

145 2716 418 2784 marginem
443 2731 626 2781 unam,
660 2724 716 2770 et
756 2714 808 2769 in
839 2724 986 2770 textu
1013 2715 1240 2769 alteram
1283 2725 1596 2779 anuolasse,
1630 2729 1717 2770 res

146 2802 250 2872 ipsa
279 2807 569 2872 convincit,
599 2807 675 2861 uti
721 2807 774 2862 in
805 2806 1056 2861 omnibus
1089 2806 1327 2875 antiquis
1363 2805 1717 2876 scriptoribus

143 2892 251 2951 fieri
290 2899 682 2969 conspicimus:
715 2898 849 2952 alias
891 2899 1032 2953 enim
1065 2911 1298 2968 quonam
1341 2907 1497 2967 pacto
1524 2907 1713 2952 auctor

145 2989 223 3043 sui
254 2991 468 3057 szeculi,
497 3001 551 3047 et
591 2993 782 3063 patria:
835 2991 1277 3062 prmclarissimos
1329 2991 1600 3048 antistites
1649 3006 1716 3046 ex

146 3083 358 3138 nomine
397 3083 581 3139 saltem
612 3101 720 3140 non
752 3084 1138 3155 cognosceret?
1168 3095 1258 3138 aut
1290 3084 1412 3154 quis
1446 3089 1716 3139 recentior

1823 1886 2163 1944 consequens
2196 1883 2301 1942 est,
2335 1887 2391 1930 ut
2425 1877 2741 1935 recentioris
2765 1896 2887 1937 esse
2915 1881 3226 1953 figmentum
3257 1886 3432 1941 omni-

1825 1963 2001 2019 modis
2047 1963 2386 2035 iniieiemur,
2427 1976 2483 2024 et
2525 1984 2624 2026 suo
2652 1972 2856 2028 auctori
2885 1988 3144 2044 germano
3178 1977 3399 2032 restitna

1826 2071 1945 2111 mus
1967 2072 2124 2127 opus.

1904 2149 2097 2205 Mirum
2125 2160 2208 2206 est
2233 2163 2494 2224 quantum
2521 2154 2802 2212 hominum
2833 2158 3044 2228 ingenia
3073 2159 3215 2215 inter
3241 2176 3298 2218 se
3321 2161 3436 2218 dis-

1824 2241 2064 2306 sideant;
2108 2259 2232 2299 nam
2270 2261 2339 2302 ex
2382 2247 2571 2302 iisdem
2614 2249 2846 2305 ﬂoribus
2877 2251 3097 2321 quidam
3131 2253 3262 2322 mel,
3312 2253 3434 2324 qui-

1824 2334 1947 2390 dam
1986 2353 2121 2393 vero
2152 2337 2219 2392 fel
2258 2350 2311 2395 et
2357 2356 2630 2398 venenum
2668 2343 2927 2414 eliciunt,
2965 2347 3424 2417 quemadmodum

1824 2430 2017 2501 apibus
2046 2442 2097 2486 ct
2130 2433 2310 2503 vespis
2337 2435 2534 2490 accidit
2561 2455 2573 2490 :
2605 2445 2660 2490 et
2687 2436 2919 2506 idipsum
2951 2439 3112 2494 nobis
3142 2440 3428 2509 objiciunt,

1823 2537 1930 2594 quo
1955 2539 2048 2580 eos
2073 2524 2416 2581 infestamus.
2448 2527 2574 2581 lude
2599 2529 2760 2598 igitur
2788 2530 3084 2600 improbari
3109 2532 3429 2588 existimant

1822 2614 2080 2672 Cltr0nici
2112 2617 2273 2690 hujus
2301 2619 2707 2684 auctoritatem,
2735 2623 2879 2692 quod
2925 2622 2993 2677 ad
3029 2623 3419 2696 Hieronymum

1822 2709 2084 2780 scriptum
2118 2725 2222 2765 non
2254 2710 2342 2778 sit,
2376 2712 2518 2780 quod
2555 2712 2739 2768 multis
2765 2723 2973 2770 scateat
3009 2715 3245 2782 mendis,
3277 2717 3421 2786 quod

1820 2803 2069 2874 quaedam
2095 2816 2292 2874 praeter
2313 2807 2554 2860 omnium
2586 2807 2833 2862 notitiam
2874 2819 2926 2863 et
2959 2810 3420 2878 exspectationem

1821 2896 2100 2950 contineat
2140 2914 2151 2949 :
2198 2899 2350 2968 quasi
2391 2913 2520 2952 vero
2560 2913 2666 2953 non
2710 2899 2884 2955 multo
2928 2900 3100 2971 magis
3148 2903 3264 2956 haec
3307 2902 3422 2973 ipsa

1821 2987 2197 3057 antiquitatem
2231 2998 2282 3043 et
2311 2991 2726 3059 germanitatem
2759 2991 3000 3046 auctoris
3044 2995 3370 3050 convincunt
3403 3013 3417 3049 :

1825 3087 1880 3134 ut
1900 3079 2059 3134 modo
2080 3080 2515 3150 expendcbamus
2536 3097 2556 3147 ;
2578 3098 2700 3138 nam
2722 3085 2767 3140 si
2791 3084 2845 3140 in
2859 3095 3079 3141 auctore
3094 3088 3244 3144 mille
3258 3097 3312 3143 et
3329 3088 3428 3144 du-

139 3175 218 3230 eui
249 3175 365 3231 data
388 3188 524 3232 esset
554 3177 786 3247 liugendi
817 3186 1078 3248 potestas,
1103 3177 1154 3231 id
1187 3175 1390 3232 Destro
1411 3176 1711 3231 tribueret?
1740 3169 1784 3231 C
1817 3180 2007 3226 ecutos
2036 3188 2210 3226 annos
2236 3174 2567 3242 excedente,
2605 3175 2760 3245 cujus
2796 3192 2934 3246 opus
2967 3186 3046 3233 tot
3081 3180 3296 3236 sarculis
3330 3180 3429 3236 de-

140 3269 236 3322 nisi
260 3269 433 3325 forsan
465 3272 746 3339 insaniret,
771 3280 826 3327 et
854 3272 1010 3327 vellet
1037 3271 1276 3326 omnium
1297 3270 1501 3341 judicia
1522 3280 1710 3327 contra

135 3373 192 3414 se
222 3363 507 3419 concitare.

202 3453 400 3511 Adhtec
427 3456 740 3514 incredibile
766 3465 872 3524 est,
904 3456 961 3514 S.
990 3456 1332 3513 Vincentium
1378 3465 1670 3528 martyrem
1697 3495 1711 3522 ,

135 3561 190 3609 et
216 3553 274 3610 S.
309 3554 560 3610 Eulaliam
592 3555 1049 3610 Barcinoneusem
1090 3556 1264 3609 omitti
1296 3554 1534 3623 potuisse
1568 3566 1598 3605 a
1622 3567 1709 3607 re-

136 3648 389 3716 centiore,
418 3649 507 3721 qui
539 3649 702 3704 vellet
741 3649 940 3705 Dextro
968 3663 1103 3721 opus
1146 3662 1338 3704 recens
1375 3648 1664 3722 imponere
1694 3661 1710 3710 ;

137 3754 257 3794 nam
281 3739 559 3797 Vincentio
589 3741 876 3810 illustrior,
921 3752 976 3796 et
1024 3742 1205 3796 notior
1259 3756 1326 3796 ex
1384 3737 1715 3809 martyribus

137 3829 309 3887 nullus
338 3845 470 3902 erat,
495 3843 550 3890 et
576 3833 780 3889 Eulalia
810 3849 878 3890 ex
908 3834 1040 3888 urbe
1067 3832 1238 3903 ipsius
1265 3831 1452 3887 Dextri
1481 3829 1580 3885 fuit
1612 3846 1627 3885 :
1657 3835 1717 3883 ut

137 3919 267 3977 alios
304 3941 371 3980 ex
412 3925 709 3982 notioribus
742 3925 992 3996 Hispanis
1021 3926 1266 3980 omittam
1287 3967 1302 3993 ,
1336 3924 1427 3996 qui
1458 3939 1487 3979 a
1527 3920 1716 3978 codice

135 4013 346 4071 absunt.
399 4016 564 4074 Nemo
603 4028 755 4075 certe
797 4035 945 4074 sana:
973 4018 1190 4087 mentis,
1212 4017 1305 4088 qui
1329 4017 1715 4088 exquisitiorcs

137 4117 404 4180 martyres
430 4109 659 4166 intexuit
685 4109 1024 4182 vulgatiores
1046 4111 1333 4166 abnueret.
1370 4109 1446 4164 Ex
1465 4124 1572 4181 quo
1603 4123 1712 4162 ma~

136 4197 392 4255 nifestum
418 4201 475 4256 fit
518 4202 619 4259 hos
658 4218 766 4260 non
806 4218 931 4260 esse
987 4203 1272 4273 scriptoris
1313 4200 1582 4267 defectus,
1617 4199 1712 4256 sed

136 4293 525 4363 exscriptorum
554 4314 566 4350 :
599 4297 688 4368 qui
722 4297 774 4352 in
798 4311 966 4367 opere
998 4295 1264 4351 moderno
1287 4293 1466 4349 locum
1513 4293 1716 4349 habere

140 4397 244 4439 non
275 4387 533 4458 possunt,
562 4391 656 4445 sed
688 4389 744 4444 in
767 4388 1176 4458 antiquissimo;
1223 4391 1277 4442 in
1321 4403 1430 4459 quo
1459 4388 1713 4442 nimirum

138 4473 428 4552 dnmlongo
443 4491 747 4553 temporum
772 4481 1008 4537 decursu
1039 4497 1068 4536 a
1097 4482 1262 4537 variis
1288 4489 1713 4551 transsumptum

1821 3263 2060 3333 litucrat,
2093 3267 2224 3320 nihil
2255 3283 2362 3322 non
2396 3270 2617 3339 vulgare
2647 3271 3009 3341 reperiretur:
3034 3274 3080 3328 si
3104 3273 3276 3329 codex
3309 3279 3426 3344 ejus

1821 3357 2009 3412 nullibi
2061 3361 2354 3415 mendosus
2410 3373 2578 3432 esset,
2630 3380 2964 3436 nusquamve
3014 3367 3427 3425 difficultatibus

1819 3450 2110 3522 implicitus
2139 3495 2155 3520 ,
2203 3455 2324 3523 quis
2363 3471 2467 3509 non
2512 3454 2581 3510 dc
2637 3457 2756 3526 ejus
2801 3468 3072 3515 vetustate
3126 3461 3430 3518 diflitlerelf

1823 3564 2026 3616 ergone
2053 3558 2162 3603 tam
2191 3549 2362 3618 iners,
2404 3559 2462 3605 et
2495 3551 2726 3622 ignavus
2751 3552 2964 3620 fuisset,
3000 3564 3058 3609 ut
3085 3554 3219 3609 nihil
3260 3570 3428 3625 pecu-

1821 3641 1952 3698 liare
1981 3652 2285 3710 assereret;
2318 3652 2424 3699 tam
2456 3660 2644 3715 purus,
2672 3655 2731 3702 ut
2754 3646 2832 3712 ab
2859 3647 3288 3718 exscriptorihus
3309 3663 3426 3704 ma-

1821 3735 1993 3791 culari
2021 3751 2130 3790 non
2165 3745 2380 3806 posset;
2413 3737 2556 3807 qttod
2587 3752 2688 3794 nec
2716 3738 2845 3809 ipsis
2893 3740 3064 3795 sacris
3097 3739 3256 3795 libris
3295 3755 3428 3796 eon-

1820 3843 2032 3884 cessum
2082 3827 2222 3883 fuit?
2268 3829 2374 3884 Alii
2427 3827 2804 3885 verisimiliora
2852 3841 3174 3902 opponunt,
3224 3831 3428 3903 quibus

1821 3937 1963 3978 nunc
1996 3937 2178 3993 operat
2209 3921 2439 3993 pretium
2469 3932 2553 3978 est
2581 3922 2918 3980 satisfacere.

1824 4038 1852 4109 §
1898 4037 1962 4094 ll.
2010 4037 2165 4093 Nihil
2203 4054 2314 4092 esse
2357 4040 2496 4108 quod
2540 4037 2700 4111 hujus
2755 4037 3000 4095 (Πιωηὶσὶ
3065 4043 3428 4100 auctoritatem

2405 4125 2649 4163 enervare
2678 4120 2853 4180 queat.

1900 4205 2031 4274 Qua:
2055 4203 2315 4260 hactenus
2343 4201 2604 4257 adversus
2629 4203 3044 4273 germanitatem
3069 4205 3228 4277 hujus
3251 4207 3424 4268 Chro—

1822 4298 1927 4354 nici
1959 4297 2027 4352 ab
2049 4297 2166 4366 ejus
2191 4293 2584 4352 detractoribus
2610 4295 2831 4350 inventa
2861 4306 3008 4362 sunt,
3036 4302 3248 4354 tametsi
3277 4301 3424 4356 varia

1821 4398 1875 4447 et
1902 4390 2088 4458 multa,
2132 4390 2284 4459 juxta
2321 4387 2657 4459 ingeniorum
2703 4387 3105 4458 diversitatem,
3139 4404 3427 4461 possumus

1825 4500 1923 4541 nos
1942 4483 2206 4540 claritatis
2226 4482 2418 4552 gratia,
2435 4481 2500 4535 ad
2527 4481 2626 4537 tria
2650 4482 2912 4538 reducere
2933 4482 3104 4553 capita
3122 4500 3135 4536 :
3155 4485 3206 4538 t'
3227 4481 3430 4554 Ohjici-

139 4574 239 4631 est,
281 4572 429 4627 multi
457 4574 692 4645 novique
736 4573 792 4629 in
840 4573 961 4629 dies
986 4573 1250 4644 defectus,
1280 4589 1377 4629 seu
1422 4573 1718 4641 oblivione,
1748 4557 1798 4618 Ῑ)
1827 4587 1907 4632 tur
1932 4577 2195 4647 quodnon
2217 4573 2605 4644 corrcspondet
2652 4572 2972 4641 conditioni,
2993 4584 3047 4630 ct
3075 4574 3425 4646 qualitatibus

139 4676 234 4718 seu
267 4666 538 4724 celeritate
565 4667 1006 4736 amanuensium,
1042 4670 1269 4725 admissi
1306 4671 1473 4726 fuere.
1529 4668 1722 4724 Nullus

142 4755 532 4816 notissimorum
577 4773 886 4834 martyrum
911 4761 1107 4833 (utpar
1136 4773 1220 4818 est
1245 4763 1498 4835 credere)
1525 4778 1554 4817 a
1586 4764 1722 4817 Dex-

141 4857 224 4905 tro
237 4858 624 4924 prtctermissus
636 4865 740 4924 est,
757 4855 854 4910 sed
873 4855 1520 4928 oscitantialibrariorum
1542 4858 1716 4925 multi,

141 4948 577 5012 quemadmodum
613 4947 940 5006 eorumdem
975 4948 1106 5004 vitio
1139 4949 1276 5006 verti
1322 4950 1520 5006 debent
1553 4960 1723 5006 trans-

143 5035 424 5101 positiones
446 5083 460 5108 ,
505 5050 561 5097 et
597 5040 991 5113 replicationes
1030 5042 1389 5112 quarumdam
1422 5044 1720 5098 sententia-

144 5140 276 5197 tum,
316 5133 382 5190 de
429 5135 624 5206 quibus
670 5136 790 5206 jam
857 5133 1127 5202 diximus;
1194 5137 1281 5192 cui
1340 5137 1485 5193 enim
1544 5138 1720 5194 semel

146 5221 348 5281 omissa:
370 5225 606 5284 fuissent
650 5238 708 5284 et
741 5225 958 5282 restitui
1000 5227 1287 5297 deberent,
1305 5246 1493 5286 errore
1519 5229 1720 5287 factum

143 5321 302 5380 est,ut
320 5333 432 5391 quae
445 5321 595 5393 prius
612 5320 668 5376 in
695 5319 948 5390 margine
965 5321 1223 5376 restitutae
1235 5321 1466 5390 fuerant,
1494 5331 1726 5393 postmo-

138 5405 253 5467 dum
279 5415 339 5471 ab
355 5416 454 5474 alio
467 5417 822 5488 exscriptore
843 5413 964 5470 loco
989 5413 1227 5472 indebito
1248 5416 1574 5474 intermixta:
1594 5419 1726 5474 sint.

201 5505 371 5568 Redeo
411 5514 474 5569 ad
515 5515 698 5586 ipsam
751 5508 1154 5579 przefationem,
1201 5526 1298 5567 seu
1337 5513 1724 5569 dcdicatoriam

127 5600 410 5675 epistolam,
444 5624 570 5681 qua:
597 5606 671 5662 ad
708 5603 942 5660 Paulum
972 5602 1224 5661 Orosium
1262 5605 1464 5675 scripta
1509 5607 1725 5677 legitur.

120 5690 238 5762 Quis
261 5709 366 5757 tam
392 5703 590 5769 hebes,
620 5709 684 5756 ut
718 5713 835 5753 non
866 5697 1067 5766 videat,
1100 5713 1222 5753 cum
1251 5697 1344 5769 qui
1368 5699 1536 5753 vellet
1561 5700 1730 5755 Chro-

113 5789 258 5853 nieon
286 5797 468 5858 Dextri
502 5798 747 5875 ﬁngere,
781 5788 848 5848 Ι).
880 5791 1215 5869 Hieronymo
1237 5807 1375 5868 opus
1407 5792 1732 5854 omnimodis

1824 4668 2082 4724 auctoris.
2129 4668 2187 4722 2°
2220 4664 2373 4736 Qttod
2416 4680 2515 4722 nec
2546 4666 2702 4722 titulo
2739 4681 2768 4718 a
2801 4665 2999 4721 Dextro
3020 4667 3122 4736 ipsi
3146 4665 3427 4738 apposito;

1823 4763 1881 4819 δ’
1908 4761 2060 4832 Quod
2085 4760 2306 4816 historia
2331 4761 2446 4830 ipsa
2483 4760 2536 4815 in
2568 4776 2626 4816 se
2653 4760 2896 4831 congerit
2923 4759 3089 4816 multa
3120 4769 3271 4816 tanto
3297 4774 3426 4816 auc-

1824 4863 1940 4911 tore
1966 4855 2201 4925 indigna,
2227 4861 2281 4908 et
2303 4852 2559 4908 nonnulla
2582 4866 2769 4908 eorum
2792 4853 3102 4908 suutmulto
3127 4853 3427 4910 recentiora

1826 4947 1943 5018 ipso
1969 4957 2193 5002 auctore
2219 4963 2232 4999 :
2261 4956 2313 5001 et
2335 4960 2401 5001 ex
2435 4944 2520 4999 his
2544 4945 2793 5000 omnibus
2814 4946 3055 5013 Spurium
3091 4956 3148 5002 et
3176 4947 3428 5017 supposi-

1833 5050 1942 5095 tam
1963 5040 2148 5096 volunt
2170 5037 2437 5095 convinci.
2463 5036 2571 5094 Sed
2591 5047 2843 5106 caveant,
2879 5054 3086 5110 quaeso,
3109 5054 3177 5095 ne
3200 5039 3269 5096 de
3291 5039 3424 5110 ipsis

1835 5132 1963 5188 illud
1986 5131 2138 5189 Judzn
2161 5132 2389 5203 ap0stoli
2419 5131 2524 5186 dici
2557 5140 2715 5202 queat
2741 5146 2756 5188 :
2785 5129 2858 5184 Hi
2887 5141 3062 5186 autem
3092 5149 3425 5204 quaecumque

1833 5222 2033 5294 quidem
2065 5223 2329 5296 ignorant,
2357 5221 2750 5294 blasp/temant;
2782 5238 3117 5294 quascumque
3131 5233 3301 5278 autent
3322 5241 3423 5280 na—

1835 5315 2106 5382 turaliter,
2149 5326 2409 5386 tamquam
2452 5324 2594 5368 muta
2647 5313 2897 5369 animalia
2945 5326 3138 5370 norunt
3170 5359 3186 5385 ,
3237 5319 3290 5372 in
3343 5319 3426 5373 Itis

1833 5418 2255 5481 corrumpuntur.
2288 5407 2382 5462 Va:
2401 5407 2530 5463 illis.
2563 5405 2674 5462 Nec
2699 5409 2918 5474 tnirum,
2951 5422 3074 5464 eum
3103 5411 3215 5466 sint
3242 5409 3424 5467 Nubes

1829 5503 1940 5557 sine
1977 5518 2134 5573 aqua,
2167 5517 2283 5572 qua:
2320 5519 2352 5554 α
2380 5501 2542 5555 ventis
2580 5502 3036 5571 circumferuntur,
3085 5514 3272 5575 utpote
3301 5521 3423 5575 qua:

1831 5597 2220 5652 exterminium
2251 5593 2548 5660 minantur,
2582 5603 2635 5648 et
2667 5595 2973 5660 interitum,
3003 5597 3096 5653 sed
3127 5608 3250 5668 post
3278 5599 3424 5654 toni-

1833 5699 1952 5747 trna
1993 5698 2050 5746 et
2094 5688 2336 5758 fulgura,
2391 5687 2442 5740 iu
2491 5696 2686 5744 ventos
2710 5690 3080 5757 resolvuntur,
3123 5699 3179 5745 et
3220 5692 3421 5746 ﬂatus:

1835 5783 2059 5843 Arbores
2085 5781 2432 5853 autumnum,
2475 5782 2837 5857 infructuosa,
2870 5783 2944 5839 bis
2978 5786 3212 5856 mortua,
3247 5783 3421 5841 eradi-
