3978 6302
520 202 587 259 53
1420 188 1719 249 FLAVIUS
1760 187 2008 247 LUCIUS
2049 186 2332 247 DEXTER
2370 187 2899 247 CHRONOLOGUS.
3751 192 3819 250 3O

512 274 669 389 icata',
724 319 979 387 nimirum
1021 312 1145 383 quia
1196 310 1405 367 fructus
1447 320 1704 379 pomposa
1751 304 2111 360 frondositate
2217 304 2270 359 in
2302 319 2501 359 annum
2555 301 2771 358 Domini
2803 301 2935 371 415,
2979 317 3009 355 a
3039 316 3148 373 quo
3187 316 3359 374 usque
3400 299 3469 355 ad
3497 299 3817 373 Hieronymi

519 413 818 486 promissos
857 410 964 467 non
991 406 1300 465 dederunt:
1347 401 1565 457 Fluctus
1591 401 1688 473 feri
1717 401 1899 465 maris,
1928 401 2111 466 dispu-

520 515 720 563 manm
758 522 882 561 suas
906 501 1268 573 confusiones;
1295 496 1422 553 dum
1450 493 1707 548 videlicet
1733 498 2111 561 tempestatem

522 616 550 656 a
581 602 739 672 longe
772 597 1105 654 minitantes.
1139 591 1193 649 in
1222 605 1472 664 spumam
1502 587 1668 651 illico,
1699 586 1750 639 io
1782 585 1985 641 littoris
2020 598 2112 638 ac-

522 709 703 759 cessu,
727 691 985 747 deficiunt
1004 704 1127 743 cum
1155 701 1262 741 non
1289 682 1509 737 minima
1533 678 1614 734 sui
1642 677 2000 734 confusione:
2028 676 2118 729 Si-

522 788 647 842 dera
669 783 921 851 errantia,
955 780 1140 854 quibus
1171 774 1400 847 procella
1441 772 1770 828 tenebrarum
1798 777 1998 825 servata
2042 776 2117 822 est

522 880 576 934 in
603 887 880 941 wternum,
906 873 1032 945 quia
1062 886 1183 926 cum
1214 869 1279 923 ad
1301 865 1569 938 justitiam
1595 870 1651 918 et
1676 862 1963 918 veritatem
1991 874 2119 930 pos-

524 977 648 1026 sunt
679 972 903 1031 multos,
934 965 1085 1020 velut
1114 961 1236 1017 stell
1255 978 1283 1014 υ
1318 962 1461 1023 lixce,
1503 957 1555 1011 in
1584 962 1874 1026 perpetuas
1903 951 2124 1007 aeterni-

529 1070 669 1118 tates
698 1060 935 1124 erudire,
964 1068 1017 1112 et
1041 1058 1154 1110 suis
1174 1052 1414 1110 dominis
1441 1059 1497 1107 et
1516 1048 1832 1105 auctoribus
1861 1047 2121 1116 Opuscula

530 1168 759 1226 qumque
803 1152 1080 1211 tribuere;
1130 1157 1393 1215 perpetuo
1422 1150 1799 1207 tempestatem
1830 1139 2003 1193 instar
2037 1154 2125 1193 er-

531 1248 765 1303 rantium
795 1243 1034 1301 siderum
1059 1239 1371 1302 concitant;
1402 1245 1452 1291 et
1482 1246 1661 1289 tamen
1687 1232 1820 1301 ipsis
1845 1231 1980 1286 solis
2002 1245 2126 1299 pro-

531 1341 667 1397 cella
690 1336 1038 1393 tenebrarum
1058 1340 1270 1388 servata
1287 1338 1392 1393 est,
1422 1328 1639 1383 caeteris
1659 1324 1713 1381 in
1736 1324 1855 1380 luce
1870 1333 1927 1380 et
1944 1321 2127 1393 quiete

535 1429 1002 1503 permaneatibus.
1052 1428 1126 1482 De
1156 1426 1222 1481 iis
1254 1424 1499 1496 profecto
1534 1420 1667 1476 illud
1700 1416 2015 1489 Hieronymi
2059 1414 2125 1470 ad

536 1527 964 1583 calumniatores
1010 1522 1094 1577 sui
1146 1517 1400 1576 Chronici
1452 1516 1638 1572 dicere
1689 1528 1955 1585 possem:
2005 1509 2128 1565 Non

534 1621 719 1692 ignoro
750 1617 939 1671 multos
969 1620 1082 1685 fore
1100 1611 1213 1683 qui,
1240 1611 1393 1664 solita
1424 1606 1639 1662 libidine
1678 1602 1985 1660 detrahendi
2013 1620 2128 1657 om-

2221 410 2450 454 mortem
2493 413 2601 453 non
2630 398 2923 452 interfuere
2954 405 3032 451 tot
3058 396 3221 464 anni,
3254 406 3312 451 ut
3344 394 3593 450 mirabile
3625 393 3815 461 fuerit,

2217 491 2411 547 librum
2445 491 2498 546 in
2529 489 2781 561 Hispania
2816 488 3111 560 scriptum,
3137 488 3202 543 ad
3231 487 3615 561 Hieronymum
3644 487 3698 541 in
3722 486 3821 543 Be-

2218 583 2420 640 thleem
2460 592 2885 639 commorantem
2936 581 3064 636 dum
3108 579 3285 635 adhuc
3324 581 3562 648 viveret,
3613 574 3821 635 remitti

2225 694 2333 733 non
2378 677 2652 749 potuisse;
2699 673 3001 745 praesertim
3046 674 3154 729 illis
3197 671 3530 730 calamitosis
3562 672 3821 743 tempori-

2220 769 2354 834 bus,
2400 768 2598 838 quibus
2635 777 2775 822 totus
2820 764 2937 824 fere
2974 764 3146 827 orbis.
3198 765 3396 820 nedum
3443 763 3819 833 Hispaniarum

2223 879 2410 934 regna,
2430 861 2741 918 incursione
2755 857 3496 928 Alanorum,Wandalorum,
3517 856 3818 913 Sucvorum

2224 966 2278 1012 et
2297 956 2596 1012 Gothorum
2619 955 2671 1009 in
2696 955 2926 1009 maxima
2948 964 3104 1010 erant
3132 951 3471 1008 confusione.
3496 952 3604 1009 Sed
3631 951 3821 1008 demus

2223 1050 2293 1107 de
2318 1049 2627 1106 Theodosio
2663 1048 2854 1119 Magno
2884 1059 2935 1102 et
2965 1047 3192 1104 Seniore
3219 1046 3363 1118 loqui
3393 1046 3780 1119 Hieronymum
3803 1084 3819 1109 ,

2227 1151 2283 1200 et
2326 1157 2452 1197 vere
2500 1142 2695 1197 lihrttm
2735 1157 2893 1196 suum
2939 1142 3008 1197 de
3034 1139 3238 1210 Script.
3278 1156 3421 1193 anno
3450 1138 3665 1194 Domini
3694 1137 3821 1206 595,

2227 1233 2554 1307 perfecisse;
2603 1232 2726 1302 quis
2755 1244 2932 1287 tamen
2965 1247 3072 1287 non
3103 1230 3313 1298 videat,
3368 1237 3492 1301 post
3513 1228 3820 1284 absolutum

2229 1327 2399 1382 sentel
2424 1326 2727 1397 catalogum
2758 1324 3094 1394 Scriptorum
3130 1324 3656 1389 Ecclesiasticorum,
3688 1323 3839 1379 alios

2231 1418 2464 1474 decursu
2514 1417 2775 1488 temporis
2824 1414 3124 1480 addidisse,
3179 1417 3268 1485 qui
3320 1415 3385 1470 ad
3426 1414 3545 1485 ejus
3576 1413 3825 1470 nmitiam

2231 1500 2472 1587 nondum
2517 1509 2822 1565 venerant?
2857 1519 2912 1565 et
2933 1518 3082 1564 certe
3117 1507 3329 1579 aliquos
3364 1508 3415 1561 iu
3446 1506 3587 1572 dies,
3617 1505 3827 1577 reliquo

2233 1602 2358 1658 vita:
2401 1617 2515 1657 sua:
2558 1591 2821 1669 tempore,
2872 1611 2999 1657 ante
3035 1598 3257 1657 minime
3287 1606 3464 1665 notos,
3512 1598 3821 1671 agnovisse,

536 1712 684 1766 nibus
721 1706 885 1781 (quod
912 1708 1070 1760 uitare
1113 1720 1215 1757 non
1244 1710 1430 1776 potest,
1467 1700 1568 1754 nisi
1608 1698 1700 1769 qui
1741 1695 1952 1751 omnino
1994 1694 2130 1749 nihil
2161 1703 2207 1764 Β
2233 1706 2287 1752 et
2313 1694 2544 1761 aliorum
2571 1695 2662 1767 qtti
2704 1701 2825 1766 post
2858 1710 3059 1749 annum
3093 1694 3243 1749 illutn
3278 1694 3683 1749 lueuhrationes
3707 1709 3831 1749 suas

533 1801 754 1872 scribit),
788 1788 906 1853 huic
935 1797 1191 1853 uolumini
1220 1794 1485 1868 geminum
1515 1792 1719 1846 dentem
1744 1790 1967 1863 inﬁgunt
1990 1803 2009 1842 :
2036 1805 2126 1841 ca-

534 1894 933 1949 luntniabuntur
974 1899 1228 1957 tempora,
1279 1892 1576 1939 concertent
1625 1881 1874 1943 ordinem,
1923 1896 2005 1933 res
2046 1896 2132 1932 ar-

537 1994 712 2058 guont,
742 1983 973 2055 syllabas
993 1978 1347 2045 t-entilabunt;
1374 1989 1420 2033 et
1445 1976 1584 2042 quod
1614 1975 1850 2029 accidere
1873 1972 2135 2045 plerisque

536 2082 689 2146 solet,
722 2079 1093 2153 negligentiam
1138 2074 1469 2129 librariorum
1498 2072 1567 2126 ad
1610 2079 1842 2125 auctores
1887 2075 2129 2141 referent.

543 2175 686 2241 Quos
708 2190 824 2227 cum
854 2187 1056 2244 possem
1087 2187 1199 2224 meo
1219 2172 1343 2241 jure
1371 2177 1709 2233 repercutere,
1738 2174 1792 2219 ut
1821 2165 1866 2218 si
1895 2161 2135 2232 displicet

540 2283 643 2321 non
688 2264 900 2337 legant;
931 2263 1071 2318 malo
1105 2272 1278 2317 tamen
1320 2260 1533 2314 breviter
1571 2259 1803 2331 placatos
1852 2256 2131 2322 dimittere,

541 2373 732 2416 eorum
759 2358 1099 2426 objectiones
1126 2370 1221 2425 per
1241 2354 1422 2427 Capita
1451 2353 1661 2421 singula
1688 2350 2060 2406 dissolveudo.

616 2451 798 2505 Primo
828 2448 1111 2519 objicitur,
1135 2463 1271 2518 opus
1303 2462 1409 2501 non
1437 2444 1873 2512 correspondere
1897 2442 2133 2507 auctori,

540 2561 663 2602 nam
707 2546 962 2599 Dextrum
1008 2540 1251 2611 oportuit
1294 2537 1608 2595 Chronicon
1636 2553 1792 2592 suum
1835 2536 2135 2592 absolvisse

539 2649 665 2695 ante
688 2635 985 2694 Theodosii
1030 2649 1257 2700 animm,
1313 2648 1408 2689 seu
1458 2633 1564 2688 595
1613 2647 1644 2686 a
1694 2640 1823 2686 nato
1872 2629 2135 2696 Domino,

543 2742 727 2804 utpote
754 2746 875 2786 cum
906 2729 1078 2799 ipsius
1109 2725 1421 2782 meminerit
1465 2724 1529 2781 Ι).
1565 2724 1926 2796 Hieronymus
1954 2724 2006 2778 in
2040 2722 2135 2777 lib.

540 2826 609 2881 de
642 2826 907 2896 Scriptor.
944 2823 1155 2879 Eccles.
1202 2836 1269 2876 eo
1311 2834 1458 2875 anno
1486 2819 1790 2882 elaborato,
1820 2827 1879 2872 ut
1923 2833 1989 2871 ex
2021 2818 2137 2886 ipso

541 2924 808 2972 constat:
862 2924 917 2970 et
959 2924 1142 2969 tamen
1192 2912 1364 2968 codex
1418 2927 1559 2966 nunc
1614 2910 1901 2980 evulgatus
1965 2924 2138 2979 usque

541 3007 609 3062 ad
662 3022 861 3061 annum
890 3003 1047 3059 Dom.
1079 3004 1182 3060 4⁸50
1212 3003 1495 3058 historiam
1528 3000 1837 3072 protrahit;
1885 3000 2054 3056 immo
2084 3000 2134 3053 in

2234 1789 2649 1858 evulgaverunt,
2677 1790 2877 1859 scripta
2903 1797 2960 1842 et
2984 1786 3202 1842 nomina
3224 1787 3324 1841 sibi
3348 1785 3678 1842 succedente
3701 1797 3835 1840 tem-

2237 1899 2369 1953 pore
2388 1892 2535 1949 uota,
2558 1882 2745 1949 negari
2771 1899 2875 1939 non
2897 1892 3094 1952 potest.
3116 1882 3235 1948 Quo
3264 1880 3432 1935 semel
3464 1881 3612 1949 dato,
3646 1880 3837 1935 simili-

2237 1982 2321 2030 ter
2344 1976 2493 2029 fateri
2519 1981 2758 2043 oportet,
2782 1982 3033 2029 auctores
3057 1958 3248 2028 recens
3269 1969 3541 2036 inventos,
3562 1987 3661 2027 seu
3678 1960 3837 2026 evul-

2235 2081 2390 2137 gazos
2421 2067 2672 2138 catalogo
2708 2082 2806 2120 suo
2845 2065 3193 2134 adjunxisse,
3220 2079 3340 2118 cum
3385 2062 3451 2117 ad
3483 2062 3613 2118 illud
3645 2062 3837 2119 eadem

2235 2162 2376 2216 ratio
2419 2173 2661 2230 cogeret,
2705 2177 2827 2232 qua:
2853 2161 2920 2215 ad
2951 2159 3295 2214 scribendum
3329 2157 3634 2229 catalogttm
3666 2160 3839 2214 movit

2240 2252 2647 2327 Hieronymum.
2677 2252 2830 2322 Quod
2859 2267 3038 2308 autem
3069 2252 3332 2325 quosdam
3363 2261 3618 2307 auctores
3644 2250 3713 2305 de
3742 2266 3842 2306 no-

2240 2364 2304 2401 vo
2329 2348 2499 2418 priori
2521 2348 2764 2418 catalogo
2791 2345 3083 2414 addiderit,
3113 2346 3371 2419 exemplo
3398 2328 3688 2401 manifesto
3709 2359 3847 2399 con-

2236 2440 2470 2497 vincitur
2512 2440 2568 2495 iu
2618 2452 2806 2496 saneto
2854 2438 3117 2510 Gregorio
3162 2437 3527 2506 lliberritano,
3577 2437 3668 2506 qui
3710 2452 3845 2493 sane

2240 2534 2417 2590 eidem
2468 2530 2710 2588 insertus
2752 2533 3043 2602 reperitur,
3091 2539 3147 2587 et
3175 2538 3355 2586 t-tmen
3381 2539 3504 2603 post
3531 2528 3845 2595 duodecim,

2242 2639 2293 2683 ut
2322 2630 2624 2692 minimum,
2648 2642 2819 2682 anuos
2835 2625 3031 2680 librum
3054 2641 3208 2681 suum
3238 2625 3306 2681 de
3325 2622 3461 2680 Fide
3478 2633 3666 2680 contra
3689 2621 3849 2679 Aria-

2242 2736 2341 2779 nos
2377 2721 2627 2791 scripsit,
2670 2729 2857 2793 utpote
2893 2736 3050 2791 quem
3091 2719 3354 2775 dicaverit
3379 2717 3545 2775 Galla:
3589 2716 3848 2772 Placidia:

2241 2815 2501 2887 Augusta:
2542 2814 2699 2869 uxori
2724 2815 2957 2885 primum
2981 2808 3235 2882 Ataulphi
3262 2811 3562 2870 Gothorum
3591 2811 3761 2882 regis,
3792 2819 3850 2868 et

2240 2908 2588 2981 postmodum
2638 2905 2939 2962 Constantii
2971 2904 3237 2975 Caesaris,
3285 2922 3349 2962 ex
3378 2921 3485 2976 quo
3510 2903 3851 2961 Valentinia-

2244 3016 2370 3056 num
2411 3000 2692 3057 Juniorem
2739 2998 2950 3069 peperit
2984 2998 3234 3068 imperio,
3282 3012 3426 3053 anno
3465 2996 3683 3051 Domini
3711 2997 3846 3052 419.

542 3096 694 3156 calce
738 3096 909 3166 ipsius
967 3094 1168 3148 dicitur
1199 3090 1434 3163 scriptus
1481 3109 1607 3148 ann.
1653 3092 1799 3168 440,
1843 3091 2134 3162 incipiente
2163 3095 2220 3159 ο·
2239 3095 2373 3162 Quis
2417 3104 2600 3149 autem
2644 3101 2954 3148 monstrare
3000 3093 3198 3163 poterit
3229 3089 3520 3148 identidem
3556 3089 3610 3144 in
3644 3087 3852 3147 Dextro

544 3192 785 3250 auctoris
826 3196 987 3246 :clate
1018 3187 1319 3258 decrepita.
1370 3187 1596 3257 Insuper
1628 3186 1945 3242 incredibile
1988 3185 2139 3243 vide-

544 3296 653 3351 tur,
680 3285 886 3341 idcirco
924 3280 1122 3337 Urosio
1150 3281 1412 3342 dicatum,
1444 3281 1567 3350 quia
1601 3279 1666 3334 ad
1715 3295 1906 3335 manus
1948 3278 2139 3334 Hiero--

547 3380 695 3453 nymi
732 3375 1012 3446 ttervcnire
1044 3391 1147 3429 non
1182 3374 1373 3442 potuit,
1403 3372 1546 3444 quod
1578 3372 1762 3428 forsan
1790 3371 2136 3439 desumptum

545 3472 643 3528 fttit
672 3487 743 3526 cx
779 3470 873 3525 illo
899 3468 1066 3539 ipsius
1096 3468 1152 3521 S.
1207 3465 1476 3533 Doctoris,
1515 3463 1704 3520 Fertur
1748 3465 1816 3520 ad
1856 3481 1936 3521 me
1966 3466 2137 3520 omni-

545 3563 751 3618 modam
796 3558 1089 3614 Historiam
1142 3558 1404 3620 texuisse,
1437 3574 1592 3629 quam
1638 3555 1860 3612 necdum
1902 3557 2052 3630 legi:
2086 3566 2142 3614 et

543 3664 723 3711 tamen
769 3652 839 3707 ab
868 3664 1011 3705 anno
1061 3648 1165 3707 595
1195 3664 1306 3720 quo
1352 3648 1715 3721 Hieronymus
1763 3650 1814 3704 id
1865 3646 2023 3712 dixit.
2067 3650 2138 3705 27

543 3745 721 3801 adhuc
749 3743 1055 3812 supervixit
1086 3755 1258 3796 annos
1290 3741 1310 3814 (
1340 3757 1437 3797 seu
1465 3743 1628 3796 etiam
1662 3741 1843 3811 plures
1882 3739 2137 3813 aliquot),

542 3852 663 3894 eum
708 3835 910 3891 obiecit
961 3850 1106 3888 anno
1137 3833 1351 3888 Domini
1381 3831 1511 3896 49.0.
1568 3843 1627 3887 ut
1676 3834 1987 3888 communis
2037 3831 2143 3889 fert

544 3930 753 4001 Opinio,
786 3929 869 3985 vel
900 3928 1029 3996 426,
1057 3937 1113 3982 ut
1146 3927 1247 3981 hoc
1275 3926 1327 3982 in
1371 3927 1574 3982 Dextro
1606 3936 1978 3982 asseveratur.
2008 3925 2143 3994 Quis

544 4038 681 4080 vero
708 4022 920 4087 credat,
976 4033 1053 4076 tot
1083 4035 1353 4076 annorum
1401 4021 1578 4091 spatio
1619 4019 1803 4075 Dextri
1846 4018 2142 4077 Historiam

543 4117 611 4172 ad
644 4130 837 4170 manus
869 4113 1186 4193 Hieronymi
1218 4129 1323 4169 non
1355 4112 1706 4182 pervenisse?
1736 4110 1966 4168 Accedit
1994 4113 2142 4183 quod

543 4208 807 4263 asseri'tur
838 4207 1039 4262 Dexter
1085 4204 1377 4275 praefectus
1409 4203 1577 4259 fuisse
1618 4205 1899 4274 przutorio,
1934 4205 1987 4259 itt
2035 4221 2144 4274 quo

544 4308 724 4358 tamen
767 4298 966 4373 (aiunt)
1015 4292 1360 4353 duo'Dextt-i
1406 4294 1817 4352 confunduntur
1859 4292 1955 4349 :is
1995 4294 2139 4347 cnim

541 4395 630 4467 qui
657 4394 854 4449 librum
884 4393 1128 4461 scripsit,
1160 4404 1228 4444 eo
1257 4403 1483 4443 munere
1517 4388 1730 4443 functus
1755 4401 1861 4440 non
1895 4386 2015 4454 fuit,
2045 4384 2142 4441 sed

2243 3202 2349 3241 non
2388 3183 2688 3241 accidisse?
2730 3185 2899 3239 semel
2920 3188 3060 3240 vero
3109 3183 3472 3254 possibilitate
3517 3192 3849 3250 monstrata,

2242 3279 2442 3335 factum
2472 3278 2648 3347 ipsum
2672 3292 2739 3333 es
2772 3277 3020 3349 catalogo
3046 3275 3387 3348 Hieronymi,
3416 3284 3471 3331 et
3495 3290 3637 3329 anno
3666 3273 3854 3346 scrip-

2244 3382 2379 3426 turae
2426 3370 2616 3425 Dextri
2664 3369 3031 3426 convincitur.
3071 3368 3441 3436 Praeterquam
3472 3366 3615 3439 quod
3656 3366 3856 3422 Hiero-

2243 3479 2438 3535 nymus
2461 3477 2569 3516 non
2602 3459 2839 3516 affirmat
2866 3475 2932 3516 ex
2964 3470 3110 3516 certa
3140 3459 3366 3516 scicntia
3399 3459 3663 3514 Dextrum
3692 3457 3762 3513 ad
3793 3474 3856 3514 se

2241 3554 2529 3625 scripsisse
2574 3553 2942 3609 omuimodant
2988 3551 3308 3619 Historiam,
3360 3550 3456 3607 scd
3496 3566 3564 3607 ex
3614 3538 3858 3606 aliorum

2243 3652 2511 3708 relatione
2541 3668 2555 3704 :
2580 3665 2704 3706 nam
2737 3650 2840 3705 ait:
2889 3648 3087 3705 Fertur
3132 3649 3198 3705 ad
3231 3665 3316 3705 me
3343 3648 3714 3705 onmimodam
3758 3632 3861 3704 Hi-

2250 3744 2476 3798 storiam
2529 3726 2789 3811 texuisse,
2839 3756 2998 3811 quam
3035 3741 3265 3797 necdum
3295 3740 3400 3812 legi
3435 3758 3448 3793 :
3479 3738 3642 3796 facile
3669 3749 3856 3797 tamen

2246 3836 2346 3892 fuit
2382 3834 2653 3891 Chronico
2690 3835 2931 3891 nondum
2976 3834 3255 3907 perfecto,
3295 3850 3362 3891 ex
3393 3834 3661 3892 relatione
3698 3850 3861 3892 asse—

2248 3930 2419 3984 rentis
2458 3927 2720 3984 Dextrum
2752 3928 2995 3984 scribere
3034 3929 3088 3984 in
3132 3928 3357 4001 gratiam
3398 3928 3587 3999 ipsius,
3636 3928 3755 3998 ejus
3792 3928 3862 3985 li-

2245 4020 2401 4077 brum
2426 4036 2453 4073 a
2485 4019 2813 4094 Hieronymo
2836 4019 3004 4077 fuisse
3033 4030 3386 4086 annotatum;
3415 4029 3471 4076 et
3495 4020 3861 4077 nihilominus

2249 4129 2356 4168 non
2407 4112 2573 4169 fuisse
2611 4114 2791 4168 statim
2823 4114 3151 4170 omnimodis
3180 4113 3478 4183 perfectum
3499 4154 3514 4177 ,
3555 4130 3656 4169 nec
3687 4113 3739 4168 in
3773 4113 3862 4169 lu-

2246 4220 2363 4261 cem
2400 4206 2624 4260 missum
2657 4205 2725 4261 ab
2750 4216 2994 4272 auctore,
3027 4206 3121 4261 sed
3155 4217 3275 4277 post
3305 4205 3507 4261 multos
3543 4219 3737 4261 annos.

2328 4297 2518 4354 Adhuc
2556 4288 2603 4354 Si
2629 4299 2749 4370 quis
2770 4300 3085 4364 reluctatur,
3116 4315 3220 4353 non
3247 4299 3478 4369 amplius
3500 4297 3855 4366 contendam,

2248 4401 2371 4463 post
2415 4391 2581 4448 semel
2629 4390 2932 4463 perfectum
2988 4392 3315 4464 catalogum,
3364 4390 3627 4448 Dextrum
3683 4391 3864 4450 fuisse

542 4486 629 4545 cui
679 4488 820 4542 liber
864 4485 933 4540 de
963 4483 1170 4552 Script.
1222 4481 1441 4537 Eccles.
1480 4478 1695 4536 dicatus
1741 4487 1857 4547 est;
1906 4489 1961 4535 et
2005 4481 2143 4537 alter
2170 4485 2224 4546 Ι)
2250 4486 2532 4541 insertum.
2570 4484 2676 4541 Sed
2705 4484 2835 4557 quid
2862 4486 2909 4542 si
2941 4485 3140 4542 librum
3170 4502 3329 4542 suum
3364 4485 3566 4542 Dexter
3589 4484 3867 4557 inceperit

544 4581 819 4652 Hispanus
849 4578 971 4637 fuit.
1000 4587 1185 4645 ntpme
1209 4574 1520 4629 Barcinone
1550 4583 1733 4639 natus,
1765 4573 1906 4630 alter
1940 4572 2141 4629 Roma-

546 4690 672 4741 nus,
692 4680 881 4742 utpote
893 4671 957 4725 ad
975 4684 1136 4741 quem
1164 4670 1531 4740 Hieronymus
1556 4669 1611 4723 in
1646 4669 1916 4737 prooemio
1938 4668 2143 4739 inquit:

549 4763 738 4834 Itaque
787 4746 1079 4815 Dominum
1119 4757 1301 4815 Jesutn
1347 4757 1615 4815 Christum
1660 4777 1861 4833 precor,
1909 4769 1965 4816 ut
2009 4763 2148 4831 quod

547 4848 729 4909 Cicero
750 4863 891 4919 tuus,
923 4852 1012 4923 qui
1042 4852 1097 4906 in
1121 4868 1241 4907 arce
1261 4851 1512 4908 Romame
1534 4853 1672 4907 stetit
1692 4854 2021 4925 eioqucntiw,
2044 4871 2145 4910 non

546 4955 621 5003 est
649 4949 820 5021 facere
862 4944 1167 5015 dedignatus
1200 4945 1251 4999 in
1283 4943 1469 5014 Bruto,
1514 4957 1781 5002 oratorum
1812 4946 2012 5004 Latina:
2043 4948 2146 5004 lin-

547 5055 664 5111 gutc
688 5049 865 5093 texens
884 5038 1180 5109 catalognm
1201 5078 1217 5104 ,
1252 5038 1308 5092 id
1336 5055 1431 5113 ego
1455 5039 1509 5094 in
1550 5038 1799 5096 Ecclesia:
1824 5042 1974 5097 illius
2003 5043 2147 5098 Scri-

548 5129 781 5205 ptoribus
813 5131 1168 5185 enumerandis
1187 5131 1345 5201 digne
1364 5134 1721 5189 cohortatione
1751 5143 1839 5189 tua
1880 5135 2140 5208 impleant.

550 5224 631 5280 Eo
659 5222 927 5292 siquidem
952 5221 1157 5279 Dextro
1181 5224 1381 5282 dicitur
1412 5226 1608 5283 Cicero
1631 5242 1784 5297 suus,
1817 5228 1960 5299 quod
1984 5228 2146 5284 ambo
2172 5304 2177 5309 '

554 5315 787 5371 Romani
816 5324 1024 5371 essent.
1214 5386 1245 5394 ρ

626 5412 693 5463 At
717 5409 832 5462 hate
862 5407 1070 5463 facilem
1098 5408 1297 5465 habent
1325 5409 1670 5466 solutionem.
1702 5411 1774 5466 Pl;
1795 5423 1881 5468 cet
1911 5413 2152 5469 nonnul-

556 5500 621 5555 lis
641 5542 654 5565 ,
686 5499 828 5571 quod
857 5498 1214 5573 Hieronymus
1244 5503 1348 5568 ait,
1390 5518 1449 5559 se
1479 5503 1545 5559 υ
1580 5502 1869 5559 Theodosii
1895 5504 2151 5573 principis

555 5606 698 5648 anno
729 5593 922 5649 librum
951 5595 1099 5650 illum
1130 5593 1430 5651 absolvisse
1454 5636 1471 5663 ,
1501 5595 1905 5665 intelligendum
1932 5609 2052 5650 esse
2083 5597 2150 5651 de

552 5683 861 5744 Theodosio
897 5686 1156 5756 Joniorc,
1202 5686 1357 5757 cujus
1385 5699 1561 5742 annus
1602 5687 1818 5759 imperii
1858 5687 1924 5741 M
1963 5685 2153 5743 incidit

2190 4562 2197 4571 ’
2245 4578 2479 4651 juvenis,
2517 4594 2642 4635 cum
2671 4578 2745 4633 22
2774 4578 2967 4651 agebat
2996 4595 3198 4635 annum
3226 4580 3371 4650 (ejus
3398 4579 3579 4635 aetatis
3606 4590 3728 4637 erat
3753 4595 3865 4636 an-

2251 4685 2321 4728 no
2347 4672 2416 4728 14
2442 4672 2734 4728 Theodosii
2762 4672 3055 4747 Senioris),
3087 4684 3142 4730 et
3178 4670 3435 4744 paulatim
3466 4688 3567 4745 pro
3592 4675 3867 4746 temporis

2256 4764 2642 4822 commoditate
2664 4774 2984 4837 prosecutus
3019 4764 3202 4832 fuerit,
3235 4782 3299 4823 ac
3324 4766 3542 4823 tandem
3569 4782 3737 4822 senex
3764 4783 3869 4823 an-

2250 4874 2322 4914 no
2341 4857 2541 4914 Christi
2574 4858 2680 4914 450
2710 4858 3040 4916 absolverit?
3067 4860 3404 4930 Augustinus
3436 4869 3585 4915 certe
3615 4858 3865 4916 Trinita-

2255 4949 2321 5006 tis
2352 4949 2521 5005 libros
2551 4965 2720 5005 senex
2748 4950 3014 5014 absolvit,
3044 4951 3139 5004 sed
3156 4949 3375 5020 juvenis
3404 4949 3570 5020 coepit
3604 4968 3618 5005 :
3649 4961 3705 5006 et
3733 4952 3865 5023 qui-

2253 5039 2378 5096 dam
2419 5056 2484 5096 ex
2513 5040 2909 5096 recentioribus
2952 5040 3006 5094 in
3040 5041 3239 5111 exiguo
3273 5041 3564 5097 admodum
3592 5040 3870 5113 Apboris-

2252 5148 2465 5189 morum
2513 5134 2801 5188 muralium
2854 5132 3125 5190 volumine
3168 5133 3239 5190 50
3282 5137 3621 5205 consumpsit
3660 5148 3866 5191 annos.

2253 5227 2309 5282 Id
2358 5226 2500 5297 quod
2542 5230 2594 5279 in
2633 5226 2833 5280 Dextro
2863 5225 3203 5295 probabilius
3236 5229 3393 5294 facit,
3423 5225 3678 5294 militare,
3712 5227 3868 5297 quod

2254 5317 2498 5391 gerebat,
2525 5330 2742 5384 munus,
2774 5328 2829 5372 et
2851 5318 3067 5388 negotia
3093 5319 3372 5375 saecularia
3396 5317 3593 5391 quibus
3611 5334 3640 5373 a
3663 5317 3872 5389 juven-

2263 5418 2375 5467 tute
2426 5408 2678 5465 addictus
2728 5408 2921 5466 fuerat.
2963 5410 3076 5467 Nec
3099 5402 3245 5467 enim
3285 5412 3579 5485 Scrip'toris
3617 5411 3871 5471 otflcium

2267 5503 2471 5575 primas
2518 5502 2571 5557 in
2619 5500 2828 5556 Dextro
2879 5511 3059 5572 partes
3100 5502 3414 5568 vindicavit,
3458 5504 3549 5560 sed
3584 5505 3774 5560 militia
3810 5517 3875 5563 et

2260 5594 2585 5669 praefectura
2620 5608 2635 5649 :
2682 5593 2876 5661 quibus
2927 5593 3198 5662 prmeipue
3240 5597 3520 5665 intentus,
3574 5600 3873 5657 recreandi

2258 5689 2423 5746 animi
2452 5687 2657 5759 gratia,
2693 5698 2876 5740 rerum
2916 5684 3413 5746 ecclesiasticarum
3454 5690 3651 5748 studiis
3679 5694 3753 5750 ab
3778 5694 3875 5754 in-
