3978 6288
205 185 269 242 5⁷
1310 176 1632 238 CllllONlCl
1671 178 1926 240 [Ειιτιιτ
1968 181 2356 270 ΑιδοιοριΑη
3412 195 3486 256 ³8

204 306 350 356 eunte
366 304 522 352 aetate
541 295 791 360 deditus,
812 292 1195 365 nonniliilqttod
1215 296 1780 365 snpererattemporis,
1812 298 1869 356 Α
1895 298 2197 354 ηειιιεῑιιιοάςι
2229 301 2324 366 sit,
2357 300 2595 356 omnium
2625 301 2864 371 gentium
2905 312 3023 358 acta
3047 300 3249 358 referre
3275 305 3438 361 debet
3466 351 3482 375 ,

211 390 314 444 illis
338 388 694 444 concedebat.
730 387 888 444 [inde
922 388 1149 455 primum
1186 387 1398 457 quidem
1430 401 1460 440 a
1493 389 1556 441 ι).
1590 389 1780 442 lliero-
1889 393 2029 445 unde
2059 407 2159 446 nec
2187 393 2596 462 imperatorum,
2630 409 2728 449 nec
2759 394 3128 449 Romanorum
3161 399 3478 466 pontiﬁcum

204 498 354 555 nymo
375 482 560 538 Clarus
589 481 740 550 apud
786 481 1027 536 saxulum
1057 487 1428 551 nuncupatur,
1476 495 1541 535 ac
1584 480 1783 536 deinde
1887 485 2263 539 successiones
2294 501 2444 541 more
2474 485 2728 541 Cbronici
2761 485 3040 551 describit,
3061 488 3154 542 sed
3183 490 3481 544 tumultua-

201 576 380 632 Cltristi
423 575 548 640 ﬁdei
588 575 836 640 deditus;
868 575 1164 645 qttinimmo
1188 586 1241 630 et
1286 575 1401 643 ipse
1433 574 1500 628 ad
1528 573 1780 630 Orosinm
1883 576 1986 640 rie,
2020 586 2073 631 et
2101 576 2434 646 conjunctim
2457 577 2525 632 de
2549 579 2629 632 eis
2660 578 2921 632 meminit.
2953 578 3105 644 Quod
3139 581 3181 634 si
3217 595 3282 635 eo
3312 582 3474 636 etiam

197 669 391 734 scribit,
426 679 485 722 ut
510 683 575 724 ea
605 666 778 724 studia
810 676 1233 726 consummaret,
1282 666 1334 720 in
1367 667 1560 731 qttilius
1586 667 1779 720 bonam
1883 665 2082 721 dicitur
2103 667 2436 732 omnimodo,
2461 667 2602 734 quod
2637 685 2722 722 res
2755 671 3034 723 universas
3056 713 3069 732 ,
3110 687 3226 738 qua-
3250 674 3318 724 ab
3343 673 3476 727 orbe

200 761 314 816 rite
330 775 440 816 sum
469 768 680 830 partem
711 769 1068 829 transegerat,
1089 758 1308 813 domum
1339 757 1594 824 rediisse,
1622 757 1783 812 ta-dio
1885 758 2108 813 condito
2129 760 2194 814 ad
2226 774 2321 814 sua
2351 775 2522 830 usque
2545 768 2792 829 tempora
2815 760 3478 834 accideruntcomplecta-

199 855 424 908 tnuniutn
475 851 814 921 publicorum
857 850 1142 914 allectum,
1191 851 1375 920 ibique
1413 849 1780 904 omnimodam
1885 859 2008 915 tttr;
2037 863 2086 904 ut
2119 851 2281 906 etiam
2314 853 2371 906 in
2403 854 2624 922 prologo
2655 854 2810 920 hujus
2839 855 3099 908 asseritttr
3128 857 3332 909 Dexter
3359 870 3482 925 per-

198 945 479 1000 Historiam
527 943 844 1013 perfecisse,
894 955 1063 1013 usque
1089 941 1156 995 ad
1185 955 1385 995 annum
1420 939 1620 996 Christi
1651 940 1780 1008 430,
1885 941 2102 1007 fecisse,
2133 960 2366 1014 quonam
2401 956 2557 1014 pacto
2595 945 2902 1001 CltrOnicon
2945 949 3254 1016 evulgatnm
3288 951 3478 1021 incipit

197 1048 246 1092 et
281 1053 392 1091 eam
439 1037 772 1105 Hieronymo
801 1034 1035 1090 dicasse.
1075 1033 1212 1089 Cum
1242 1050 1374 1103 ergo
1418 1045 1544 1089 ante
1587 1035 1784 1104 prtedi-
1885 1051 1914 1090 a
1946 1036 2238 1093 Nativitate
2263 1038 2558 1095 Salvatoris
2582 1039 2606 1094 ἲ
2632 1039 2676 1094 ﬂ
2702 1055 2749 1095 tc
2775 1041 2981 1096 accedit
3010 1042 3154 1112 quod
3196 1058 3304 1097 non
3334 1060 3442 1099 uno
3464 1087 3479 1109 ,

196 1141 329 1188 ctum
357 1147 559 1186 annum
589 1131 719 1195 595,
759 1146 853 1184 sca
888 1129 953 1184 M
985 1128 1274 1184 Theodosii
1301 1128 1579 1200 principis,
1613 1129 1783 1184 (lbro-
1885 1129 2185 1200 eodemque
2215 1131 2406 1195 modo,
2438 1141 2728 1200 antequam
2758 1133 3072 1198 cuderetur,
3105 1137 3477 1190 communica-

198 1225 344 1279 aicon
382 1238 544 1278 suum
594 1224 646 1276 in
694 1222 986 1290 iuventute
1033 1222 1314 1290 ctepisset,
1367 1234 1424 1275 ιιι
1457 1221 1784 1293 llicrooymo
1888 1221 2047 1277 batur
2074 1222 2143 1277 ab
2174 1223 2580 1278 inventoribus:
2611 1240 2734 1279 nam
2766 1226 2904 1295 apud
2939 1227 3253 1296 episcOpum
3285 1226 3480 1298 Segor-

197 1317 407 1383 dicaret,
432 1317 592 1373 facile
621 1317 791 1386 potuit
817 1332 884 1372 eo
913 1317 1028 1386 ipso
1052 1331 1194 1370 anno
1224 1316 1364 1372 illius
1392 1332 1421 1371 a
1451 1317 1784 1389 Hieronymo
1887 1314 2128 1371 biensem
2157 1324 2273 1370 erat
2303 1317 2474 1372 multo
2501 1320 2850 1385 contractius,
2871 1318 2998 1374 etin
3022 1318 3344 1390 quibusdam
3367 1321 3477 1376 dis-

201 1412 498 1467 memoriam
546 1410 685 1475 ﬁeri,
727 1411 918 1466 saltem
969 1425 1034 1465 ex
1085 1410 1372 1465 relatione.
1423 1409 1606 1482 Neque
1655 1425 1784 1467 vero
1885 1424 2085 1465 sonans
2122 1409 2190 1465 ab
2217 1423 2438 1465 excuso.

197 1507 309 1575 quis
329 1508 602 1562 existimet
629 1522 736 1560 non
759 1505 927 1558 multo
959 1503 1254 1575 indiguisse
1277 1513 1522 1572 tempore
1553 1505 1618 1558 ad
1642 1506 1785 1573 cjtts-
1959 1503 2176 1559 Parum.
2201 1505 2254 1559 in
2288 1505 2370 1559 his
2401 1504 2689 1560 Chronicis
2741 1505 2869 1578 legit
2901 1548 2912 1570 ,
2971 1508 3060 1578 qui
3114 1506 3484 1562 omnimodam

200 1599 332 1655 modi
371 1598 692 1668 opusenlum
726 1595 1142 1666 perliciendum,
1181 1594 1324 1666 quod
1351 1595 1600 1663 exiguum
1634 1598 1785 1650 \‘olu-
1888 1597 2178 1652 Historiam
2206 1613 2327 1652 esse
2357 1608 2537 1668 negat,
2571 1613 2692 1654 cum
2721 1598 2772 1653 in
2807 1599 2874 1654 iis
2907 1598 3038 1653 nihil
3090 1600 3204 1654 fere
3259 1611 3483 1668 prreter-

204 1695 334 1748 mine
360 1693 459 1759 sit;
488 1707 578 1747 res
609 1693 754 1746 enim
782 1689 835 1742 in
864 1704 930 1744 eo
959 1699 1228 1744 contenta:
1261 1689 1506 1752 multam,
1537 1689 1782 1759 longam-
1813 1687 1864 1748 B
1892 1692 2098 1745 miserit
2125 1698 2350 1752 auctor,
2377 1689 2521 1760 quod
2558 1692 2609 1744 in
2647 1691 2903 1745 universo
2948 1691 3081 1746 orbe
3119 1690 3184 1744 ad
3227 1690 3488 1745 Ecclesia:

203 1802 300 1855 que
337 1795 553 1840 attatctn
602 1784 658 1838 in
699 1791 922 1838 auctore
968 1796 1065 1852 pro
1093 1781 1178 1835 sui
1209 1781 1574 1835 Vt-rlicatione
1601 1796 1787 1850 posce-
1889 1782 2236 1853 splendorem
2258 1792 2510 1852 spectans
2537 1781 2816 1846 acciderit,
2839 1792 2891 1836 et
2919 1791 3184 1853 quotquot
3206 1798 3323 1836 eam
3353 1783 3488 1838 scri-

200 1877 348 1944 bant;
373 1887 427 1929 et
452 1877 788 1932 rusticorum
841 1890 946 1945 εει,
976 1893 1064 1933 res
1095 1877 1462 1946 magnitudine
1499 1876 1786 1931 dumtaxat
1891 1875 2000 1944 ptis
2027 1874 2111 1927 vel
2144 1873 2474 1928 facinoribus
2503 1873 2735 1944 egregiis
2785 1874 3141 1941 illttStrarunt,
3193 1874 3304 1927 suis
3349 1882 3482 1928 tem-

205 1971 481 2034 acstimare,
526 1982 579 2024 et
611 1986 719 2024 non
751 1973 930 2039 potius
955 1971 1158 2036 valore,
1183 1980 1238 2025 et
1259 1971 1476 2024 virtute.
1517 1969 1678 2036 Tute,
1707 1969 1787 2024 le—
1892 1968 2113 2035 poribus
2143 1964 2453 2018 intexncrit.
2480 1963 2633 2032 Quod
2665 1963 2710 2017 si
2741 1963 2894 2033 plura
2927 1965 2994 2018 de
3019 1965 3184 2019 rebus
3212 1964 3487 2033 Hispaniae

195 2070 328 2126 ctor,
358 2063 546 2133 quanti
575 2063 856 2118 habendus
878 2064 1090 2119 libellus
1118 2063 1208 2130 sit,
1238 2079 1301 2118 ex
1335 2061 1568 2118 lectione
1583 2077 1788 2132 cogno-
1889 2059 2126 2130 scripsit,
2153 2057 2282 2112 vitio
2312 2061 2627 2113 vertendum
2671 2074 2778 2113 non
2827 2067 2911 2112 est
2943 2057 3183 2126 Hispano
3235 2058 3444 2114 auctori
3471 2098 3486 2121 ,

196 2165 326 2208 sees.
1890 2156 2008 2224 quis
2039 2155 2182 2208 enim
2213 2152 2485 2207 Chronica
2517 2164 2726 2218 texens,
2752 2152 2806 2206 in
2831 2153 2996 2206 rebus
3023 2153 3208 2221 patria:
3236 2165 3349 2205 suae
3381 2165 3488 2205 non

266 2245 395 2301 Illud
431 2247 654 2302 tandem
691 2249 832 2319 quod
872 2249 941 2304 de
985 2247 1434 2318 multiplicatione
1463 2248 1785 2304 Dextrorum
1890 2248 2108 2316 scripsit
2132 2246 2375 2313 uberius,
2407 2245 2458 2299 in
2491 2246 2683 2298 alien-.o
2719 2259 2853 2298 vero
2897 2243 3271 2298 contractius?
3316 2243 3487 2302 Euse-

197 2337 466 2404 asseritur,
485 2346 657 2408 gratis
675 2341 896 2395 omnino
917 2340 1120 2395 dictum
1141 2350 1244 2407 est,
1263 2349 1316 2395 et
1337 2339 1454 2394 sine
1476 2339 1792 2394 fundamen-
1894 2341 2011 2394 bins
2038 2323 2394 2394 Ctesaricnsis
2425 2339 2647 2394 Gnaeus
2677 2339 2942 2408 scriptor,
2979 2338 3186 2407 primtts
3218 2335 3492 2391 Ecclesia-

199 2439 266 2494 to,
308 2444 424 2484 cum
459 2445 562 2486 nec
602 2431 656 2485 in
691 2432 929 2497 nomine,
981 2448 1081 2488 nec
1121 2433 1170 2485 in
1204 2442 1467 2501 tempore,
1524 2447 1625 2488 nec
1649 2432 1698 2485 iti
1733 2445 1790 2487 te
1892 2431 2010 2484 stici
2044 2431 2298 2484 Cbronici
2328 2440 2538 2491 auctor,
2574 2429 2644 2482 de
2669 2428 2876 2484 Graecis
2901 2429 3067 2483 rebus
3091 2428 3362 2492 multa,de
3391 2428 3494 2481 La-

197 2522 292 2576 alia
321 2523 598 2578 discordia
629 2525 704 2578 sit
732 2543 747 2579 :
780 2524 922 2594 quod
963 2541 1009 2580 Cl
1035 2524 1108 2580 im
1136 2525 1494 2594 Hieronymus
1525 2525 1784 2580 Dextrum
1895 2523 2022 2576 tinis
2055 2538 2222 2592 pauca
2257 2522 2500 2579 mzavit:
2528 2521 2666 2575 adeo
2697 2529 2759 2575 ut
2779 2521 3137 2591 IlierOnymus
3160 2535 3282 2574 cum
3314 2521 3490 2588 ipsum

197 2615 837 2684 alloquens,Ciceronem
860 2617 1068 2671 vocarit
1094 2632 1273 2681 suum,
1296 2632 1401 2670 non
1432 2617 1497 2669 ad
1531 2618 1787 2686 patriam,
1895 2618 2183 2672 Latiuttate
2204 2615 2446 2681 donavit,
2479 2615 2645 2670 multa
2681 2615 2995 2670 Latinorum
3029 2615 3339 2676 miscuerit,
3375 2614 3492 2670 lucc

197 2708 283 2763 scd
310 2709 374 2763 ad
400 2711 799 2778 protessimem
845 2709 1192 2779 eloquentisc,
1239 2707 1294 2762 in
1326 2723 1430 2777 qua
1464 2707 1666 2763 Dexter
1686 2724 1791 2763 ex-
1895 2713 1948 2765 in
1974 2713 2196 2782 prolapso
2227 2709 2470 2765 scribens
2498 2725 2514 2764 :
2545 2709 2828 2764 Sciendum
2853 2708 2987 2761 enim
3008 2715 3103 2773 est,
3136 2723 3214 2760 me
3243 2704 3496 2786 etglnter-

203 2801 442 2875 cellebat,
470 2815 520 2856 et
553 2817 715 2872 quem
761 2819 869 2870 pra)
899 2801 1133 2862 caeteris,
1169 2812 1226 2855 ιιι
1256 2815 1322 2854 cx
1345 2815 1509 2867 apere
1539 2809 1786 2868 apparet,
1895 2808 2074 2874 ννιιιὶε,
2107 2815 2152 2859 et
2184 2805 2470 2875 Scriptoris
2499 2819 2562 2858 ea:
2601 2813 2746 2873 parte
2792 2802 2969 2873 ofﬁcio
3028 2817 3179 2854 usum
3207 2846 3220 2868 ,
3280 2801 3401 2872 quia
3449 2809 3495 2854 et

204 2874 517 2957 imitabatur,
562 2906 872 2963 respectum
930 2894 1122 2958 liabet;
1154 2893 1297 2962 quod
1346 2895 1477 2947 satis
1519 2893 1784 2955 innititur,
1895 2899 2074 2954 (ἔνατα
2099 2874 2398 2967 ﬁdelissime
2427 2896 2672 2966 expressi,
2701 2903 2750 2947 et
2777 2893 3027 2948 nonnulla
3055 2909 3171 2963 qua:
3188 2894 3316 2946 mihi
3339 2895 3496 2946 inter.

202 3000 314 3038 l‘llm
343 2985 643 3055 subiungit,
671 2984 852 3040 Cicero
874 2995 1012 3053 ιιηιι,
1037 2985 1124 3054 qui
1146 2985 1198 3038 ira
1227 2999 1346 3037 arci
1377 2984 1628 3038 Romam?
1653 2985 1791 3038 item
1897 2995 2055 3046 missa
2081 2991 2408 3054 uidebantur,
2439 2988 2606 3056 adjrri
2624 3031 2636 3054 ,
2658 2989 2711 3040 in
2744 2985 2985 3040 Romana
3014 2987 3299 3057 pra'sertim
3335 2986 3499 3040 Itisto-

200 3079 510 3151 eloquentia».
547 3081 705 3147 Quod
738 3094 870 3134 vero
897 3097 1016 3133 cum
1048 3079 1115 3133 de
1141 3089 1369 3134 aut-tore
1395 3077 1653 3133 Cbronici
1680 3077 1791 3148 egit
1815 3075 1863 3140 C
1895 3086 1994 3151 ria,
2026 3099 2180 3154 quam
2215 3081 2463 3136 Eusebius
2492 3082 2754 3152 ejusmodi
2774 3081 3015 3134 conditor
3043 3078 3194 3146 libri,
3244 3096 3345 3134 non
3393 3088 3496 3135 tam

203 3186 297 3236 non
333 3175 620 3227 vocaverit
646 3187 776 3226 cum.
819 3170 1133 3241 praelectum
1173 3169 1450 3240 praetorio,
1502 3185 1607 3224 non
1637 3171 1788 3224 sulli-
1892 3179 2180 3248 ignorasse,
2210 3183 2384 3245 utpote
2412 3175 2677 3239 eruditus;
2702 3190 2854 3241 quant
2905 3184 2958 3227 ut
2993 3171 3176 3227 Grates
3221 3173 3452 3229 scribens
3481 3220 3494 3243 ,

202 3265 283 3330 cit,
332 3277 388 3319 ιιι
412 3280 736 3324 asseramns
767 3265 936 3320 alium
977 3267 1046 3318 ab
1083 3265 1202 3332 ipso
1230 3264 1542 3334 pra-lectum
1590 3265 1786 3328 fuisse;
1892 3289 2076 3339 parum
2099 3271 2206 3324 suis
2229 3267 2518 3322 necessaria
2548 3269 2913 3340 perstrinxisse
2938 3267 3060 3320 mihi
3093 3268 3315 3320 ridetur.
3352 3268 3498 3321 Con-

202 3372 314 3411 nam
342 3359 502 3413 etiam
541 3373 666 3414 cum
697 3358 745 3412 ei
777 3356 978 3412 diezivit
1011 3356 1332 3426 opusculum
1361 3356 1428 3411 de
1461 3356 1657 3426 Scr'pt.
1691 3357 1790 3411 Ec-
1892 3363 2122 3418 tinnavit
2150 3376 2368 3431 quoque
2391 3360 2701 3415 Cltronicon
2753 3359 2925 3429 ipsum
2968 3358 3328 3430 Hieronymus
3358 3376 3385 3411 a
3413 3360 3486 3415 20

203 3450 346 3516 ιιιρεη
375 3468 478 3506 non
505 3451 765 3520 apposuit
790 3449 951 3505 olltcii
981 3451 1217 3516 titulum,
1251 3449 1344 3504 sed
1368 3449 1686 3518 simpliciter
1711 3449 1791 3503 di-
1893 3453 2230 3510 Constantini
2257 3465 2401 3508 anno
2428 3465 2602 3522 usque
2648 3449 2713 3504 ad
2764 3449 3106 3504 consulatum
3155 3449 3398 3505 Valentis
3429 3449 3496 3505 Vl

207 3543 305 3597 sit:
332 3540 694 3613 Hieronymus
732 3542 945 3596 Dextra.
991 3540 1264 3603 Hortaris,
1298 3539 1509 3604 Dexter,
1537 3551 1589 3594 ιιι
1622 3539 1788 3594 Tmn-
1895 3557 1946 3602 et
1979 3543 2337 3600 Valentiniani
2370 3544 2587 3605 iterum,
2619 3541 2714 3598 sed
2751 3550 2919 3596 totum
2958 3556 3098 3611 pene
3138 3541 3205 3596 de
3252 3539 3497 3596 Romana

204 3635 409 3703 quillum
438 3652 698 3704 sequens;
723 3635 772 3690 id
805 3651 835 3689 a
858 3635 1133 3690 nonnullis
1159 3635 1350 3689 iecisse
1372 3634 1631 3700 creditur,
1662 3633 1792 3690 dum
1897 3637 2145 3705 hietoria,
2179 3638 2323 3691 velut
2351 3643 2544 3691 auctor
2586 3633 2864 3689 Romanus
2922 3637 3164 3704 scripsit.
3221 3635 3493 3705 Hierony-

203 3728 346 3794 dixit,
382 3731 531 3800 quod
569 3738 689 3783 erat
717 3725 907 3782 Clarus
946 3727 1089 3796 apud
1131 3727 1382 3781 steculnm
1414 3741 1432 3780 :
1462 3736 1522 3781 ιιι
1554 3741 1653 3797 ego
1683 3729 1795 3782 cxi-
1897 3741 2040 3786 mum
2069 3729 2241 3786 secuti
2271 3727 2476 3783 suntin
2511 3727 2923 3783 continuatione
2961 3727 3218 3784 Cbronici
3265 3728 3500 3800 Prosper

205 3823 375 3885 stimo,
419 3822 550 3888 quia
607 3818 846 3874 nondum
887 3834 954 3873 eo
987 3818 1160 3873 fuerat
1196 3817 1379 3873 ollicio
1407 3818 1796 3874 coltoncstatus
1899 3821 2276 3894 Aquitanicns,
2308 3830 2362 3876 et
2395 3819 2583 3874 Victor
2607 3818 3050 3890 'l‘unnensis,qtti
3073 3819 3139 3875 de
3163 3821 3324 3875 rebus
3355 3820 3499 3876 Alri-
3574 3831 3590 3838 ‘

203 3928 228 3964 ιι
259 3913 519 3983 principe,
568 3912 666 3968 sed
708 3914 758 3966 in
789 3912 915 3966 aliis
941 3909 1149 3982 militia:
1188 3909 1381 3964 ofﬁciis
1419 3909 1792 3969 exercebatur.
1896 3930 1976 3971 ca:
2006 3926 2097 3969 aut
2126 3913 2464 3980 Aquitanizc,
2497 3913 2550 3966 in
2585 3912 2782 3982 quibus
2814 3912 2924 3966 nati
2959 3919 3050 3968 aut
3076 3913 3286 3968 educati
3324 3921 3500 3980 erant,

207 4005 326 4061 Post
344 4006 677 4062 decennium
707 4013 889 4060 autem
920 4019 1044 4060 cum
1077 4003 1370 4072 secundam
1397 4003 1665 4058 adversus
1691 4003 1797 4060 llu-
1899 4009 2147 4078 paginam
2177 4006 2560 4073 impleverunt.
2593 4003 2737 4056 Idem
2766 4018 2980 4071 quoque
3028 4003 3343 4058 auctoribus
3383 4004 3505 4060 Ilis-

208 4099 367 4153 linum
396 4100 720 4169 Apologiam
752 4099 1082 4168 composuit,
1132 4098 1347 4165 titulum
1384 4100 1618 4154 nominis
1643 4099 1797 4166 adje-
1899 4098 2055 4168 panis
2085 4094 2344 4164 contigit:
2370 4093 2568 4146 Idalius
2602 4092 2954 4149 Lamacensis
2993 4092 3304 4150 Cltronicon
3340 4097 3508 4152 Eusc-

207 4191 293 4256 cit,
337 4190 590 4263 inquiens
623 4207 639 4247 :
667 4193 800 4244 Ante
827 4205 995 4243 annos
1035 4191 1194 4259 ferme
1223 4191 1418 4254 decem,
1457 4206 1576 4242 cum
1610 4190 1802 4245 Dexter
1903 4191 1975 4246 bii
2002 4188 2335 4245 continuavit
2368 4187 2419 4240 in
2452 4199 2520 4240 eo
2551 4184 2671 4239 loco
2706 4189 2756 4239 in
2782 4201 2892 4256 quo
2917 4189 2980 4243 ο.
3016 4187 3382 4260 Hieronymus
3408 4190 3506 4246 de-

203 4283 394 4338 amicus
421 4301 592 4351 meus,
617 4283 707 4354 qui
735 4282 1097 4353 prtefecturam
1125 4282 1507 4338 administravit
1535 4283 1796 4353 prtziorii,
1901 4287 2031 4340 siit:
2063 4293 2117 4340 et
2160 4294 2340 4337 tamen
2388 4288 2498 4336 tam
2542 4279 2708 4333 multa
2736 4279 2804 4332 de
2835 4279 2996 4332 rebus
3054 4279 3506 4345 Hispaniensibus

205 4391 279 4428 me
319 4385 577 4448 rogasset,
623 4384 679 4428 ιιι
718 4385 992 4428 auctorum
1037 4387 1229 4430 nostra:
1270 4374 1535 4444 religionis
1580 4375 1800 4428 indicem
1907 4377 2148 4449 scripsit,
2177 4374 2320 4446 quod
2353 4374 2420 4428 de
2449 4387 2514 4425 eo
2541 4371 2598 4428 S.
2645 4369 2884 4425 Isidorus
2917 4369 3117 4425 dixerit
3147 4371 3242 4425 lib.
3270 4373 3336 4425 de
3366 4373 3508 4429 Viris

205 4476 448 4535 texerrm;
481 4467 737 4522 videlicet
759 4465 885 4536 quia
905 4467 1016 4536 jam
1051 4482 1116 4522 eo
1141 4465 1324 4521 ollicio
1351 4467 1566 4520 functus
1589 4467 1762 4522 fuerat
1787 4484 1800 4521 :
1831 4458 1886 4521 D
1912 4475 2136 4540 illustr.,
2155 4485 2272 4540 cap.
2301 4467 2362 4524 l2
2393 4486 2403 4520 :
2435 4464 2643 4520 Idalius
2666 4464 3193 4538 provincinolatiw
3213 4467 3508 4539 episwpus,

205 4562 659 4628 quemadmodum
697 4559 858 4614 etiam
881 4574 910 4613 a
933 4558 1243 4628 Suplu‘OItit)
1272 4560 1460 4615 titulus
1486 4561 1688 4616 nomini
1711 4561 1805 4617 ad-
1911 4575 2119 4620 secutus
2142 4561 2455 4619 Chronicam
2483 4559 2693 4614 Eusebii
2724 4559 3057 4614 Ctesaricnsis
3089 4559 3317 4633 episwpi
3350 4605 3363 4626 ,
3422 4577 3512 4616 seu

200 4649 410 4719 junctus
439 4662 552 4718 est,
597 4667 720 4706 cum
749 4652 942 4706 librum
973 4651 1041 4706 de
1068 4650 1268 4719 Script.
1303 4652 1356 4707 in
1396 4653 1645 4708 Cra-cum
1679 4669 1803 4711 ver-
1915 4657 2224 4729 Hieronymi
2252 4655 2556 4726 presbyteri,
2589 4654 2657 4707 ab
2686 4669 2826 4708 anno
2857 4669 2874 4707 ι
2919 4651 3205 4708 Theodosii
3256 4654 3508 4727 Augusti,

207 4754 357 4812 teret,
410 4757 472 4800 ut
515 4744 779 4798 Erasmus
819 4744 869 4797 in
898 4745 1040 4798 uotis
1067 4743 1343 4810 advertit;
1391 4747 1534 4801 unde
1563 4756 1803 4817 postnto-
1912 4767 2072 4822 usque
2096 4751 2149 4802 in
2176 4763 2374 4802 annum
2399 4747 2599 4817 imperii
2627 4745 2818 4799 Leonis
2857 4743 3006 4798 VIII
3053 4747 3382 4817 subjunctam
3429 4763 3508 4800 se-

207 4833 324 4890 dum
357 4836 558 4891 iterum
593 4849 624 4890 e
649 4834 845 4891 Grzcco
872 4835 1161 4891 Latinitate
1189 4837 1422 4892 donatus
1447 4847 1552 4903 est,
1597 4849 1646 4894 et
1679 4854 1802 4896 eum
1912 4844 2088 4915 quitur
2111 4840 2383 4894 historiam
2429 4853 2449 4890 :
2491 4837 2544 4890 in
2581 4853 2683 4907 qua
2730 4837 2896 4907 magis
2922 4835 3262 4891 barbararum
3284 4838 3513 4906 gentium

212 4927 636 4983 nominetitulus
663 4936 996 4996 perseverat,
1029 4928 1112 4983 bis
1142 4931 1342 4996 verbis,
1373 4929 1686 5002 Hieronymi
1709 4936 1817 5002 cpi.
1923 4937 2056 4993 bella
2110 4933 2342 4989 crudelia
2390 4939 2599 4993 narrat,
2644 4945 2762 5000 qua:
2814 4931 3116 5001 premebant
3181 4929 3510 5002 Hispaniam.

208 5020 333 5074 stola
359 5021 429 5074 ad
453 5020 713 5074 Dextrum
734 5020 980 5090 prattorio
1008 5023 1329 5092 pt'tefertum,
1365 5039 1392 5078 e
1419 5023 1604 5078 Latina
1637 5027 1817 5098 lingua
1921 5030 2060 5098 Quid
2092 5027 2161 5082 de
2190 5027 2400 5080 Joanne
2424 5020 2722 5077 Viclarensi
2751 5021 2949 5083 dicam,
2979 5032 3163 5089 postea
3195 5021 3514 5077 Gerunden-

216 5111 264 5164 in
295 5109 538 5166 Gratum
572 5114 851 5167 translata.
895 5111 1000 5168 Sed
1033 5113 1101 5166 ad
1142 5112 1248 5166 alia
1281 5123 1636 5172 transeamus.
1921 5125 1964 5179 si
1998 5120 2257 5187 episcopo
2280 5155 2297 5182 ,
2327 5112 2419 5184 qui
2451 5125 2771 5182 proslierum
2821 5120 2876 5165 et
2926 5109 3202 5166 Victorem
3262 5111 3514 5180 prarfatos

274 5203 456 5261 Codex
490 5203 748 5260 Cbronici
775 5203 1006 5273 evulgati
1043 5205 1339 5277 (inquiunt)
1359 5222 1464 5262 non
1493 5224 1816 5280 correspon-
1921 5212 2241 5271 continuare
2273 5204 2538 5275 promittit
2567 5245 2578 5264 ,
2613 5210 2666 5256 et
2687 5201 2949 5272 quidquid
2983 5202 3324 5271 postmodum
3375 5204 3513 5256 scri-

210 5292 296 5349 det
320 5297 479 5350 titulo
504 5298 651 5351 illius
679 5295 825 5367 quod
856 5295 1050 5351 dexter
1087 5298 1436 5366 composuit;
1492 5300 1623 5356 illud
1667 5305 1814 5362 enim
1923 5308 2021 5369 bit,
2049 5304 2114 5357 ad
2145 5299 2524 5368 HiSpaniarutn
2556 5294 2764 5351 Go:ltos
2810 5309 2967 5364 reges
3010 5304 3264 5365 spectat,
3318 5295 3515 5351 Liuba-

213 5397 343 5455 erat,
378 5389 709 5446 OJHIImOdtU
735 5388 1018 5462 Historiw,
1045 5398 1104 5444 ut
1126 5406 1191 5446 ex
1242 5390 1579 5464 Hieronymo
1609 5395 1814 5467 liquet;
1920 5413 2068 5465 num,
2104 5389 2501 5462 Leovigildttm,
2536 5396 2589 5441 cl
2629 5386 3000 5451 liccztredum;
3033 5397 3086 5444 et
3128 5388 3399 5458 prtccipne
3447 5387 3513 5441 ad

210 5477 308 5535 ¹¹⁰ε
329 5497 466 5538 τοῖο
491 5499 597 5538 υοη
643 5481 1216 5548 conlinelﬂistoriam
1264 5484 1670 5557 OrmnimOdam,
1717 5491 1820 5546 sed
1921 5487 2292 5558 Leovig‘ldum
2327 5527 2343 5552 ,
2404 5482 2559 5552 Cujus
2611 5497 2746 5552 pene
2799 5488 2990 5535 cuncta
3043 5491 3192 5551 gesta
3249 5482 3515 5536 brevitate

210 5576 474 5648 praecipue
501 5593 688 5634 rerum
713 5577 1128 5650 llispanicarum
1160 5595 1173 5632 :
1214 5592 1385 5649 quare
1435 5580 1662 5638 alterius
1713 5598 1813 5640 cu-
1921 5580 2315 5649 Cbronologica
2347 5573 2704 5646 perstringit?
2733 5572 2837 5628 Sed
2868 5582 2922 5629 et
2952 5573 3296 5630 Marcellinus
3330 5585 3516 5629 comes

205 5663 386 5737 jusvis
404 5685 523 5730 esse
547 5680 788 5744 oportet,
821 5686 986 5745 quam
1009 5670 1216 5741 Dextri,
1239 5669 1401 5742 cujus
1417 5671 1676 5743 Historia,
1697 5689 1821 5734 cum
1925 5672 2241 5732 Cbronicon
2270 5667 2584 5740 Hieronymi
2617 5667 3050 5735 continuaturus,
3085 5666 3377 5724 Orientalis
3409 5664 3517 5717 lm-
