3978 6338
419 262 489 327 39
1314 247 1611 317 remus
1651 253 1900 313 Lucms
1941 227 2231 308 os‘xree
2268 243 2802 305 cnnoxowcus.

3645 220 3723 290 to

416 385 552 456 perii
579 380 834 439 historias
857 377 1049 449 majori
1077 393 1145 436 ex
1177 387 1330 448 parte
1355 418 1369 442 ,
1402 385 1460 430 ut
1496 384 1624 444 pote
1675 370 2013 443 lllyriciauus
2041 373 2088 431 Α
2117 382 2232 422 sem
2289 375 2592 421 extractum
2650 362 2833 419 Dextri
2893 359 3303 432 reperiebatur,
3348 358 3726 430 magnitudine

419 477 802 550 prosequitur;
825 475 970 546 quod
1002 473 1102 528 fuit
1133 473 1184 527 in
1213 487 1378 526 causa
1403 479 1463 524 ut
1494 469 1548 524 in
1581 465 1850 538 prooemio
1872 464 2019 518 dice-

429 579 513 625 ret
539 587 552 624 :
588 567 702 640 Ego
727 584 844 622 rem
875 566 1094 637 simplici
1117 565 1389 618 dumtaxat
1415 560 1818 630 computatione,
1838 556 2024 610 Orien-

423 654 527 715 tafe
550 669 754 714 tantum
782 668 990 713 secutus
1021 656 1331 728 Imperium.
1363 653 1587 723 lndigne
1623 653 1786 722 igitur
1821 653 2022 705 Dextro

420 753 698 821 obiicitur,
732 751 878 823 quod
909 752 964 806 in
987 750 1153 806 rebus
1182 765 1299 805 sua:
1330 751 1521 818 patria:
1548 745 1875 801 annotandis
1897 758 2023 813 spe-

423 847 546 902 ciali
580 846 883 901 intentione
904 859 966 901 se
993 841 1289 908 diﬂ'uderit,
1321 855 1445 897 cum
1492 840 1707 896 cmteris
1755 838 1895 894 idem
1949 837 2026 891 fac

423 937 853 996 cientibus'vitio
885 952 994 993 non
1024 947 1288 994 vertatur.
1334 934 1649 1002 Quinimmo
1691 932 1907 1004 plurimi
1949 932 2027 987 fa-

422 1033 677 1090 ciendum
711 1041 900 1099 esset,
925 1041 979 1088 et
1019 1048 1126 1088 non
1157 1031 1349 1087 leviter
1403 1030 1510 1085 illis
1556 1029 1700 1084 laudi
1749 1028 1982 1084 dandum
2011 1067 2026 1092 ,

427 1126 573 1199 quod
604 1125 972 1197 unusquisque
1001 1140 1181 1180 rerum
1212 1139 1433 1179 suarum
1463 1123 1708 1179 notitiam
1734 1123 2028 1193 specialem

432 1218 588 1275 nobis
611 1218 894 1284 donarint;
931 1229 989 1273 et
1017 1218 1160 1288 quod
1193 1218 1246 1272 in
1285 1218 1363 1272 iis
1393 1231 1452 1272 se
1501 1215 1823 1271 diffuderint
1854 1256 1869 1281 ,
1907 1229 2030 1285 qua:

430 1313 604 1384 magis
633 1321 912 1383 comperta
941 1311 1218 1367 habebant
1243 1352 1260 1376 ,
1311 1319 1368 1365 ct
1406 1310 1460 1365 in
1488 1309 1686 1379 quibus
1708 1310 1887 1364 minus
1915 1318 2034 1364 erat

431 1406 650 1464 errandi
677 1406 1000 1478 periculum,
1043 1405 1315 1475 simulque
1349 1419 1460 1459 rem
1487 1405 1604 1458 suis
1633 1404 1801 1474 magis
1822 1413 2030 1474 gratam

435 1511 490 1556 et
523 1501 886 1556 necessariam
920 1500 1253 1570 prtestabant
1280 1540 1294 1564 ,
1327 1509 1385 1552 ut
1424 1498 1788 1569 Hieronymus
1825 1499 1894 1551 de
1927 1496 2035 1550 Eu-

435 1593 589 1649 sebio
609 1593 767 1649 dixit.
803 1592 938 1647 llinc
961 1594 1158 1647 factum
1191 1599 1294 1658 est,
1321 1600 1378 1644 ut
1418 1590 1598 1661 (quod
1630 1592 1682 1643 in
1711 1589 1900 1644 codice
1931 1589 2033 1642 isto

434 1685 706 1759 videmus)
742 1686 947 1742 Dexter
970 1687 1213 1740 omnium
1247 1681 1871 1743 fereBarcinonensium
1915 1681 2037 1751 epi-

2128 460 2442 526 volnminis,
2468 457 2900 528 etquarumdam
2949 470 3130 510 rerum
3167 454 3434 510 relatione
3471 452 3730 507 nonnihil

2125 552 2452 622 discrepans
2477 551 2546 605 ab
2575 566 2640 605 en
2668 551 2814 620 quod
2841 551 3269 618 (Ttesaraugusta:
3293 559 3554 602 excusum
3583 542 3687 598 fuit
3710 559 3728 609 ;

2124 645 2563 716 quandoquidem
2594 645 2909 714 priusquam
2937 641 3235 697 cuderetur
3256 681 3273 703 ,
3324 655 3432 694 non
3473 637 3732 692 omnibus

2127 749 2300 806 totus,
2332 747 2389 794 et
2439 738 2651 807 integer
2698 734 2868 791 codex
2908 732 3447 797 communicabatur,
3488 730 3582 786 sed
3629 745 3735 798 per

2128 844 2332 904 partes,
2357 832 2513 902 juxta
2539 831 2779 901 cujusvis
2807 831 3142 885 voluntatem
3172 840 3228 884 et
3252 825 3596 883 devotionem
3622 840 3638 890 ;
3674 834 3733 879 et

2129 925 2377 980 nonnulli
2407 940 2508 995 pro
2539 924 2692 979 libito
2716 938 2814 979 suo
2843 923 3156 978 Chronicou
3178 919 3552 986 dimidiabant,
3584 917 3734 990 quod

2130 1033 2236 1073 non
2286 1019 2467 1073 omnia
2525 1019 2578 1072 in
2622 1033 2690 1074 eo
2748 1030 3008 1073 contenta
3056 1017 3124 1072 ad
3172 1031 3291 1073 rem
3341 1030 3495 1070 suam
3550 1013 3734 1068 facere

2131 1110 2377 1166 viderant
2409 1127 2423 1163 :
2458 1120 2514 1164 ct
2543 1108 2645 1164 hoc
2674 1123 2835 1180 pacto
2856 1126 2962 1165 non
2996 1123 3199 1180 paucos
3234 1121 3453 1164 errores
3483 1105 3738 1161 involve-

2131 1202 2283 1270 bant,
2305 1202 2398 1273 qui
2423 1201 2628 1257 Dextro
2648 1202 2717 1256 ab
2735 1202 2856 1256 aliis
2883 1202 3242 1272 imputantur.
3267 1200 3471 1254 Horum
3499 1199 3736 1253 alterum

2132 1295 2236 1350 fuit
2263 1303 2578 1351 extractum
2602 1295 2735 1349 illud
2767 1310 2796 1347 a
2837 1295 3184 1364 Segorbicnsi
3221 1295 3480 1362 episcopo
3522 1291 3740 1361 exscri-

2134 1400 2282 1460 ptum
2316 1405 2332 1444 :
2376 1390 2429 1444 in
2469 1405 2580 1459 quo
2609 1389 2964 1444 vehementer
3013 1387 3337 1458 quibusdam
3383 1383 3733 1454 displicebat,

2133 1484 2277 1555 quod
2309 1485 2365 1539 S.
2400 1483 2692 1538 Pacianum
2744 1481 2930 1538 Dextri
2973 1492 3255 1553 parentem
3286 1479 3617 1535 successisse
3648 1476 3742 1532 di-

2135 1585 2282 1632 ceret
2324 1575 2382 1632 S.
2417 1574 2622 1632 Severo
2649 1577 2909 1646 episcopo
2939 1573 3355 1635 Barcinonensi,
3388 1582 3444 1628 et
3478 1571 3736 1643 martyri,

2135 1671 2226 1735 qui
2270 1679 2448 1724 tamen
2499 1685 2642 1724 anno
2699 1669 2916 1723 Domini
2966 1670 3074 1724 285
3129 1669 3284 1723 initio
3343 1667 3746 1738 persecutionis

439 1795 730 1851 scoparum
756 1781 953 1836 seriem
981 1789 1300 1850 prosecutus
1337 1778 1410 1832 sit
1435 1819 1450 1844 ,
1482 1786 1671 1848 utpote
1698 1792 1834 1847 quos
1863 1778 2034 1847 magis

2149 1760 2456 1816 Diocletiani
2481 1774 2775 1815 coronatus
2799 1769 2884 1815 est
2909 1777 2924 1815 :
2947 1760 3212 1815 Pacianus
3242 1774 3373 1815 vero
3403 1758 3586 1813 floruit
3614 1765 3743 1828 post

438 1883 602 1930 notos
628 1872 889 1937 habebat,
923 1873 1114 1942 patria:
1140 1885 1254 1925 sua:
1280 1869 1556 1925 antistites
1582 1913 1594 1931 ,
1621 1877 1678 1924 et
1706 1869 1819 1923 suis
1842 1884 2034 1924 eorum

440 1968 675 2037 propriis
701 1965 861 2020 annis
889 1963 1140 2019 meminit
1165 2004 1180 2027 ,
1211 1961 1264 2017 id
1296 1972 1379 2017 est
1400 2003 1416 2028 ,
1445 1962 1504 2018 S.
1542 1961 1760 2017 Eusebii
1789 1962 2036 2031 discipuli

438 2056 498 2114 S.
527 2056 714 2112 Jacobi
743 2055 1000 2124 apostoli,
1033 2063 1081 2110 et
1115 2052 1264 2109 sedis
1292 2054 1438 2108 illius
1467 2054 1750 2114 erectoris,
1776 2053 1835 2108 S.
1862 2053 2039 2109 Theo-

438 2149 600 2216 dosii,
625 2147 748 2204 Atili
783 2147 1042 2211 Victoris,
1071 2145 1224 2200 Lucii
1251 2189 1266 2210 ,
1295 2145 1468 2200 Fultte
1492 2185 1508 2208 ,
1541 2147 1820 2215 utriusque
1851 2146 2039 2201 Severi

442 2241 718 2313 martyris,
747 2240 912 2306 Aviti,
946 2237 1300 2304 Madetnarii,
1328 2236 1388 2293 S.
1426 2236 1676 2303 Paciani,
1717 2237 1943 2307 Emitte,
1987 2248 2041 2294 et

441 2337 748 2409 Lampadii,
770 2340 862 2408 qui
893 2353 992 2392 suo
1027 2337 1258 2393 ﬂorebat
1280 2347 1527 2408 tempore
1562 2353 1574 2389 :
1621 2352 1746 2392 cum
1775 2345 1958 2390 tamen
1986 2334 2040 2389 in

443 2431 566 2486 aliis
590 2430 813 2487 sedibus
845 2431 1071 2487 minime
1099 2430 1148 2485 id
1180 2431 1435 2486 observet
1459 2446 1472 2482 :
1504 2443 1609 2484 una
1635 2438 1860 2498 excepta
1885 2427 2044 2481 Tole-

443 2533 591 2590 tana,
624 2525 778 2593 cujus
809 2536 1032 2594 propter
1060 2523 1326 2594 primatus
1371 2521 1790 2593 prmrogativam
1831 2519 2043 2590 episco-

443 2632 543 2690 pos
563 2633 753 2673 omnes
783 2627 1090 2674 enumerat.
1131 2616 1188 2672 ln
1228 2617 1372 2673 serie
1409 2617 1798 2680 Romanorum,
1829 2613 2044 2684 pontili-

443 2726 592 2776 cum,
617 2722 672 2766 et
702 2711 1096 2780 imperatorum
1121 2711 1405 2782 signanter
1431 2712 1557 2782 (hoc
1586 2725 1801 2781 quoque
1830 2709 1877 2762 ei
1901 2707 2042 2777 obji-

445 2805 738 2874 ciebatur)
792 2803 865 2859 ita
921 2819 981 2859 se
1007 2804 1146 2874 gerit
1181 2844 1196 2869 ,
1252 2812 1313 2858 ut
1361 2818 1468 2858 non
1519 2817 1708 2857 omnes
1741 2801 1847 2855 illis
1890 2800 2047 2854 annis

445 2895 707 2963 ascribat,
739 2896 936 2966 quibus
960 2895 1098 2951 inire
1129 2902 1416 2965 coeperunt
1437 2892 1732 2964 dignitates
1767 2907 1917 2958 suas,
1950 2890 2045 2946 sed

449 2986 742 3042 multorum
783 2987 944 3041 simul
995 2988 1378 3042 successiones
1428 2985 1710 3056 assignet,
1758 2983 2043 3054 inquiens,

450 3079 685 3151 Angusto
707 3075 962 3145 Tiberius,
991 3077 1199 3131 Tiberio
1231 3077 1411 3146 Caius,
1437 3075 1563 3131 Caio
1587 3077 1859 3140 Claudius,
1891 3074 2047 3129 Clau-

2138 1861 2357 1907 centum
2391 1867 2584 1916 annos,
2613 1853 2823 1908 scilicet
2847 1867 2992 1907 anno
3021 1850 3131 1908 384
3155 1868 3173 1911 ς
3196 1849 3343 1923 quod
3369 1853 3414 1906 si
3437 1865 3624 1906 verum
3649 1864 3741 1905 es-

2139 1957 2244 2013 set,
2273 1946 2444 2014 aiunt,
2482 1947 2585 2001 iste
2629 1960 2801 2001 novus
2848 1945 3057 2000 Dexter
3099 1945 3392 2014 ipsummet
3436 1943 3744 2014 genitorem

2139 2056 2295 2097 suum
2329 2057 2435 2096 non
2463 2052 2805 2111 agnosceret.
2851 2040 2958 2098 Sed
2991 2039 3284 2096 manifesta
3307 2039 3746 2111 :equivocatione

2143 2137 2395 2192 laborant
2423 2138 2480 2192 S.
2513 2135 2741 2203 Severi;
2776 2136 2894 2206 ejus
2937 2139 3138 2192 etenim
3186 2137 3424 2192 nominis
3453 2135 3562 2192 duo
3593 2135 3746 2192 luere

2142 2230 2577 2286 Barcinoneuses
2599 2231 2867 2300 episcOpi,
2913 2231 3075 2285 ambo
3117 2230 3408 2302 martyres,
3444 2229 3540 2284 sed
3574 2230 3665 2284 ille
3710 2246 3742 2284 a

2138 2327 2457 2397 gentilibus,
2491 2327 2591 2380 sub
2623 2326 2957 2380 Diocletiano
2999 2340 3146 2380 anno
3191 2326 3405 2381 Domini
3451 2324 3562 2379 283
3593 2365 3610 2388 ,
3657 2323 3750 2378 hic

2141 2437 2278 2476 vero
2307 2423 2376 2476 ab
2409 2421 2624 2476 Arianis
2653 2437 2843 2491 passus
2889 2421 2988 2476 fuit
3015 2435 3163 2476 anno
3188 2421 3318 2487 552,
3348 2429 3403 2475 et
3456 2421 3745 2490 utriusque

2145 2514 2393 2569 meminit
2425 2517 2539 2584 ipse
2564 2515 2762 2569 Dexter
2795 2532 2808 2568 :
2843 2515 2998 2584 cujus
3033 2523 3189 2584 pater
3219 2516 3361 2570 hunc
3385 2513 3748 2583 posteriorem

2145 2616 2369 2662 secutus
2394 2615 2478 2660 est
2507 2607 2557 2660 in
2589 2607 2751 2675 Sene,
2784 2615 2840 2663 ct
2869 2607 3054 2662 forsan
3090 2621 3197 2662 non
3237 2605 3568 2662 immediate.
3617 2605 3754 2660 Mul-

2149 2702 2218 2755 tis
2275 2700 2634 2755 nihilominus
2681 2701 3192 2757 inconvenientilus
3240 2700 3554 2768 suhjacebat
3599 2707 3752 2754 trun-

2146 2803 2268 2848 cata
2304 2793 2394 2846 illa
2426 2793 2631 2848 codicis
2671 2792 2857 2848 Dextri
2907 2793 3288 2862 transumptio,
3320 2807 3439 2862 qua:
3485 2792 3538 2846 in
3588 2806 3754 2846 excu-

2149 2887 2302 2943 sione
2328 2887 2522 2958 integri
2555 2885 2808 2942 (Ilironici
2840 2898 3216 2941 cessaverunt.

2221 2982 2303 3037 Ad
2331 2983 2553 3037 tertium
2605 2981 2946 3051 objectorum
2980 2991 3144 3052 caput
3165 2981 3495 3036 reducuntur
3531 2995 3591 3036 ea
3623 2995 3748 3052 qua:

2154 3074 2439 3130 historiam
2469 3074 2641 3145 ipsam
2661 3083 3018 3140 concernunt,
3054 3075 3222 3128 multa
3249 3071 3512 3144 siquidem
3543 3070 3747 3142 (aiunt)

450 3170 539 3224 dio
572 3167 716 3223 Nero
738 3168 968 3223 succedit
998 3183 1015 3220 :
1047 3183 1166 3232 seu,
1196 3169 1248 3222 in
1277 3168 1400 3222 sede
1427 3167 1570 3222 Petri
1598 3168 1827 3221 succedit
1848 3166 2050 3236 Zeplte-
2078 3143 2124 3205 Ο
2156 3185 2186 3223 a
2227 3170 2456 3224 veritate
2483 3143 2662 3225 aliena
2692 3170 2745 3224 in
2773 3185 2834 3225 ea
2861 3181 2986 3224 sunt
3007 3211 3023 3237 ,
3069 3186 3175 3225 non
3233 3183 3400 3239 pauca
3442 3167 3748 3224 incredibi-

449 3262 568 3318 rino
599 3260 859 3328 Calixtus,
891 3258 1096 3316 Calixlo
1123 3271 1293 3314 autem
1324 3259 1598 3328 Urbanus,
1644 3259 1854 3314 Urbano
1905 3258 2052 3312 Pan-

451 3358 654 3426 tianus,
702 3355 756 3411 id
787 3366 966 3410 tamen
999 3353 1067 3409 ad
1119 3353 1250 3411 illud
1295 3368 1467 3424 usque
1516 3365 1725 3423 tempus
1769 3352 1932 3418 fecit,
1987 3366 2054 3408 ne

452 3458 634 3507 actum
662 3459 876 3520 ageret,
907 3463 1017 3519 quo
1041 3446 1284 3513 Eusebii,
1319 3457 1374 3500 et
1402 3445 1715 3517 Hieronymi
1745 3443 2052 3511 Chronicon

456 3542 734 3615 pertingit,
762 3541 813 3596 id
841 3550 948 3607 est,
972 3539 1042 3594 ad
1062 3554 1266 3593 annum
1293 3537 1508 3591 Domini
1541 3537 1650 3592 580
1668 3577 1684 3602 ,
1713 3536 1868 3605 'quod
1906 3536 2056 3591 vide-

453 3635 583 3691 licet
611 3633 681 3688 ab
709 3633 809 3700 eis,
841 3632 956 3688 suis
977 3631 1114 3687 locis
1143 3638 1323 3686 actum
1349 3629 1400 3684 id
1433 3629 1640 3693 fuerat;
1684 3629 1735 3682 iu
1770 3631 2053 3698 sequenti-

454 3730 556 3786 bus
568 3738 750 3786 autem
767 3727 1042 3799 sigillatim
1061 3728 1446 3797 imperatorum
1462 3732 1516 3780 et
1537 3724 1848 3796 pontilicum
1895 3723 2053 3780 Rom.

457 3821 592 3879 locis
617 3820 818 3878 debitis
841 3819 1108 3883 meminit.
1141 3829 1202 3874 ut
1228 3818 1279 3874 in
1309 3819 1496 3876 codice
1523 3816 1708 3874 videre
1735 3824 1840 3872 est.

531 3913 700 3982 Quale
742 3919 924 3968 autem
972 3919 1349 3982 argumentum
1397 3909 1522 3964 illud
1579 3917 1699 3974 est,
1751 3906 2054 3963 Chionic0n

459 4005 599 4062 istud
626 4005 769 4077 quod
799 4011 978 4061 exstat
1006 4002 1196 4074 incipit
1218 4017 1247 4057 a
1273 4000 1489 4058 Christo
1513 4001 1762 4068 Domino,
1782 4009 1961 4054 etnon
1988 3998 2058 4052 ab

459 4098 594 4155 orbe
623 4096 843 4153 condito
872 4137 887 4163 ,
935 4111 1066 4167 ergo
1118 4111 1226 4150 non
1252 4105 1334 4151 est
1386 4093 1712 4149 omnimodae
1763 4092 2055 4148 Historias?

461 4189 613 4263 quasi
636 4205 704 4246 ex
754 4187 970 4246 defectu
1015 4188 1255 4256 codicis,
1300 4187 1390 4258 qui
1435 4185 1774 4242 dimidiatum
1819 4185 2055 4242 auctoris

463 4299 601 4355 Opus
627 4283 906 4338 dumtaxat
927 4280 1184 4350 habebat,
1212 4279 1454 4336 defectus
1480 4280 1718 4334 auctoris
1747 4279 1898 4349 argui
1931 4293 2058 4348 pos-

461 4387 562 4431 set.
589 4376 733 4432 Sane
759 4375 804 4431 si
827 4375 1166 4446 suppositum
1193 4379 1364 4438 esset,
1388 4380 1444 4426 et
1468 4371 1538 4426 de
1563 4372 1724 4426 rebus
1744 4382 1872 4424 ante
1895 4369 2058 4424 Chri-

457 4476 601 4522 stum
643 4475 827 4521 natum
859 4465 996 4521 nihil
1037 4463 1282 4520 scribere
1311 4461 1512 4516 libebat
1547 4501 1562 4527 ,
1613 4475 1951 4532 nequaquam
2001 4462 2055 4516 in

462 4560 683 4632 prologo
705 4559 978 4615 diceretur
1001 4557 1202 4611 Dexter
1229 4553 1296 4608 ab
1318 4553 1450 4608 orbe
1504 4553 1727 4608 condito
1776 4568 1944 4623 usque
1987 4553 2054 4609 ad

463 4668 558 4708 sua
581 4664 825 4723 tempora
848 4647 1131 4703 historiam
1156 4644 1422 4711 texuisSe,
1453 4645 1546 4699 sed
1570 4649 1748 4715 potius
1771 4645 2056 4714 scripsisse

459 4743 740 4798 hister-iam
768 4757 798 4795 a
831 4748 962 4794 nato
992 4736 1256 4801 Domino;
1289 4749 1410 4790 nam
1436 4735 1502 4790 ad
1525 4735 1654 4791 illud
1677 4738 2054 4804 asscrendum,

463 4832 776 4904 llieroiiymi
804 4840 898 4886 aut
921 4829 1152 4884 alterius
1192 4827 1477 4898 scriptoris
1517 4828 1737 4884 minime
1768 4845 1869 4885 nos
1897 4845 2055 4901 coge-

461 4927 552 4983 bit
577 4925 906 4992 auctoritas;
935 4922 1110 4980 solum
1142 4921 1409 4993 siquidem
1434 4923 1509 4978 ait
1531 4925 1640 4992 ille,
1667 4920 1858 4980 Fertur
1886 4926 1954 4978 ad
1978 4943 2056 4980 me

461 5017 812 5075 omnimodo»:
841 5015 1132 5071 Historiam
1163 5015 1405 5071 texuisse.
1437 5014 1570 5072 Cum
1587 5018 1834 5073 autemid
1857 5017 1908 5072 in
1927 5034 2054 5088 pro-

462 5111 586 5182 logo
614 5116 918 5175 asseratur,
943 5116 999 5164 et
1028 5109 1080 5162 in
1123 5107 1228 5163 isto
1252 5107 1442 5164 codice
1493 5108 1691 5165 veteris
1723 5108 2055 5165 Tesnamenti

464 5205 691 5264 hstoria
721 5199 1266 5269 deliciat,manifeste
1312 5201 1556 5257 innuitur
1603 5203 1838 5273 priorem
1877 5202 2050 5258 Chro-

463 5297 571 5353 nici
604 5305 813 5366 partem
847 5294 914 5350 ab
945 5293 1078 5349 orbe
1102 5292 1324 5349 condito
1368 5308 1542 5364 usque
1581 5295 1646 5349 ad
1677 5292 1920 5349 Natalem
1953 5295 2053 5350 Do-

462 5390 595 5446 mini
649 5387 934 5444 historiam
984 5387 1354 5443 continentem
1387 5430 1402 5455 ,
1438 5386 1508 5442 ab
1537 5387 1874 5458 exscriptore
1906 5387 2052 5443 illius

461 5482 719 5538 omissam
775 5479 974 5550 fuisse,
1008 5495 1129 5552 quae
1176 5492 1359 5535 tamen
1406 5479 1460 5534 in
1510 5479 1768 5550 Origiuali
1812 5481 2052 5535 auctoris

460 5583 581 5632 erat
625 5593 636 5628 :
681 5583 775 5629 aut
805 5573 987 5630 forsan
1033 5574 1085 5630 in
1114 5573 1222 5631 alio
1245 5573 1523 5630 volumine
1555 5574 1881 5643 transcripta
1911 5574 2005 5627 fuit
2031 5616 2046 5640 ,

460 5684 581 5741 quae
616 5668 873 5726 hactenus
903 5668 1154 5725 notitiam
1189 5676 1432 5724 nostram
1467 5665 1671 5737 effugit.
1697 5666 1805 5722 Nec
1831 5682 2051 5722 movere

461 5779 780 5840 quemquam
811 5765 1006 5834 debet,
1033 5761 1178 5838 quod
1209 5761 1348 5836 apud
1382 5761 1693 5834 episcopum
1725 5759 2050 5834 Segnrbien-

2158 3264 2248 3331 lia,
2281 3275 2335 3318 et
2364 3264 2500 3318 ultra
2530 3280 2746 3319 omnem
2779 3267 3073 3320 humanam
3102 3263 3284 3318 fidem.
3311 3261 3521 3330 Quibus
3550 3276 3651 3332 ego
3683 3261 3750 3316 il-

2156 3356 2247 3412 Iud
2269 3357 2535 3427 imprimis
2558 3358 2892 3428 respondere
2916 3373 3160 3429 possem,
3183 3355 3331 3427 quod
3352 3353 3750 3410 detractoribus

2157 3451 2449 3506 Eusebiani
2480 3449 2734 3506 Chronici
2765 3451 3152 3523 Hieronymus,
3182 3446 3454 3503 Dictorum
3479 3446 3634 3518 ﬁdem
3655 3462 3750 3501 suo

2156 3547 2358 3600 auctori
2385 3547 2688 3620 assignent,
2722 3556 2774 3601 et
2818 3555 3084 3616 praetcrea
3141 3558 3246 3599 non
3292 3555 3415 3598 esse
3466 3552 3749 3596 auctorem

2157 3637 2326 3708 hunc,
2352 3649 2406 3694 et
2437 3653 2574 3710 opus
2603 3638 2658 3692 in
2695 3638 2958 3709 Catalogo
2997 3635 3396 3692 Canonicarum
3439 3632 3748 3704 Scriptura-

2157 3748 2274 3786 rum
2328 3741 2609 3800 receptum
2637 3773 2651 3796 ,
2708 3737 2766 3785 et
2805 3730 3011 3785 idcirco
3061 3729 3256 3782 mirum
3292 3741 3398 3781 non
3425 3740 3544 3781 esse
3574 3726 3618 3779 si
3650 3722 3753 3778 ali-

2157 3823 2371 3894 quando
2396 3839 2425 3877 a
2453 3825 2682 3878 veritate
2731 3820 2953 3877 deficiat
2980 3837 2994 3886 ;
3045 3834 3148 3876 nec
3195 3817 3520 3874 modernum
3550 3832 3564 3882 ;
3598 3824 3655 3871 ut
3684 3829 3747 3870 ea

2159 3917 2271 3972 sola
2295 3916 2586 3984 scriberet,
2627 3931 2748 3988 quae
2793 3915 2959 3971 modo
3007 3914 3154 3970 inter
3200 3914 3448 3983 vulgatos
3501 3919 3752 3965 auctores

2160 4019 2375 4081 recepta
2410 4019 2532 4065 sunt
2562 4028 2576 4063 :
2601 4011 2732 4080 quin
2768 4008 2949 4080 potius
2996 4023 3062 4064 ex
3089 4024 3156 4064 co
3181 4006 3478 4077 antiquitas
3509 4002 3752 4059 auctoris

2158 4102 2449 4158 manifeste
2489 4102 2855 4169 convincitur,
2910 4099 3055 4171 quod
3083 4099 3330 4170 qumdam
3382 4097 3538 4152 aliter
3587 4109 3750 4167 quam

2159 4209 2302 4249 nunc
2327 4193 2622 4250 credantur
2659 4193 2883 4248 scribat.
2913 4191 2989 4247 Ex
3017 4207 3084 4247 eo
3123 4191 3288 4262 igitur
3312 4189 3456 4261 quod
3501 4188 3555 4243 in
3609 4201 3751 4241 non-

2159 4287 2323 4341 nullis
2355 4286 2496 4341 forte
2533 4285 2784 4353 deficiat,
2845 4299 2950 4339 non
3002 4294 3152 4340 recte
3201 4282 3454 4346 infertur,
3508 4279 3672 4334 alium
3720 4293 3754 4334 a

2163 4379 2364 4434 Dextro
2393 4377 2646 4433 Chronici
2673 4377 2834 4446 hujus
2875 4385 3154 4432 auctorem
3204 4373 3373 4430 fuisse
3402 4418 3416 4443 ,
3473 4370 3568 4427 sed
3593 4368 3752 4426 duin-

2162 4481 2331 4539 taxat,
2358 4487 2464 4528 non
2489 4487 2614 4528 esse
2641 4471 2836 4526 librum
2881 4469 3219 4526 Canonicum
3247 4507 3262 4533 ,
3306 4477 3368 4522 ut
3413 4465 3548 4520 dixi.
3611 4463 3754 4520 Vere

2165 4573 2347 4620 tamen
2378 4565 2511 4620 nihil
2562 4563 2905 4628 incredibile,
2957 4560 3092 4616 nihil
3147 4558 3512 4632 improbabile
3563 4565 3754 4612 au:tor

2160 4659 2375 4725 asserit,
2409 4667 2902 4728 quantumcumque
2929 4653 3148 4723 quidam
3193 4651 3554 4708 vociferantes
3604 4649 3755 4705 relu-

2159 4760 2423 4805 cteutur:
2459 4750 2627 4803 multa
2665 4748 2810 4803 enim
2857 4745 3165 4816 objiciunt,
3227 4744 3341 4800 sive
3387 4745 3455 4800 de
3502 4741 3749 4813 epistolis

2157 4843 2368 4911 Jacobi,
2392 4851 2447 4897 et
2473 4841 2624 4897 Pauli
2651 4839 2718 4895 ad
2751 4839 3027 4904 llebrteos,
3058 4852 3179 4908 qua:
3205 4837 3269 4892 ad
3301 4836 3565 4906 llispanos
3593 4835 3753 4889 dum-

2164 4943 2317 4990 taxat
2348 4936 2399 4988 in
2431 4935 2535 4988 hoc
2561 4932 2752 4989 codice
2778 4936 2998 5001 scripta:
3030 4929 3316 4995 dicuntur,
3349 4938 3405 4984 et
3445 4928 3536 4981 illa
3582 4941 3611 4979 a
3659 4926 3752 4983 Jac

2159 5029 2297 5084 cnbo
2323 5026 2602 5094 Zebedaei,
2633 5037 2831 5097 prater
2851 5040 3196 5081 communem
3232 5025 3523 5080 Doctorum
3559 5020 3750 5078 existi-

2160 5120 2451 5175 mationem
2489 5135 2500 5170 :
2525 5118 2638 5173 sive
2663 5117 2732 5172 de
2763 5115 3190 5172 Centurionibus
3216 5113 3564 5184 Evangelicis
3585 5157 3600 5181 ,
3657 5112 3747 5183 qui

2159 5213 2212 5267 in
2246 5212 2499 5281 Hispania
2543 5210 2653 5265 nali
2688 5209 3042 5266 referuntur:
3078 5211 3192 5265 sive
3243 5209 3312 5265 de
3363 5206 3748 5278 prmdicationc

2158 5314 2215 5364 et
2267 5305 2553 5376 discipulis
2609 5302 2855 5372 ejusdem
2903 5305 2960 5359 S.
2992 5303 3225 5360 Jacobi:
3259 5307 3376 5360 sive
3424 5303 3491 5358 de
3545 5301 3746 5358 Judaeis

2161 5398 2413 5468 Hispanis
2440 5395 2662 5452 tninimc
2693 5399 2743 5451 in
2772 5396 2975 5453 Christi
3001 5405 3232 5452 mortem
3281 5410 3562 5452 assensum
3613 5409 3750 5465 pra:-

2158 5488 2603 5545 bentibuszsive
2659 5487 2894 5560 denique
2950 5488 3018 5544 de
3047 5487 3172 5543 aliis
3231 5487 3504 5543 sexcentis
3561 5486 3745 5554 rebus,

2159 5598 2280 5655 qua:
2329 5592 2425 5638 aut
2479 5580 2630 5636 falsa:
2659 5625 2672 5649 ,
2724 5593 2815 5636 aut
2872 5579 3224 5636 incredibiles
3272 5587 3596 5650 reputantur
3625 5595 3639 5634 :
3672 5581 3751 5635 eis
3829 5613 3834 5620 ι

2157 5688 2286 5730 vero
2329 5674 2395 5728 ad
2424 5675 2643 5744 plenum
2667 5671 2952 5744 speciatim
2980 5672 3294 5732 satisfacere
3316 5673 3380 5728 ad
3405 5673 3754 5728 Commenta-

2161 5766 2273 5824 rios
2302 5773 2518 5821 nostros
2549 5765 2804 5838 pertinet,
2837 5763 2925 5820 ubi
2958 5763 3384 5841 uniuscujusque
3406 5765 3598 5824 asserti
3631 5765 3751 5824 fuit.
