3978 6288
164 280 225 339 ιι

160 489 288 545 rium
317 489 542 562 faciunt,
580 495 969 554 retunduntur.

223 580 429 638 Instant
457 584 822 645 nihilominus
847 589 1180 660 adversarii,
1241 597 1488 665 quaedam
1541 599 1595 654 in
1653 599 1740 658 bis

159 674 428 731 Chronicis
469 680 707 748 reperiri
744 681 945 737 Dextro
980 687 1283 743 recentiora
1311 730 1327 755 ,
1385 700 1446 744 ut
1480 692 1627 760 quod
1669 693 1738 750 de

158 766 286 823 festo
315 768 676 826 immaculata:
704 771 1092 845 Conceptionis
1115 781 1446 838 mentionem
1478 783 1641 840 faciat
1667 786 1734 842 ad

159 878 343 917 annum
375 863 594 921 Domini
616 867 744 933 308,
779 884 902 926 cum
938 881 1118 929 tamen
1154 875 1313 945 lippis
1343 885 1400 932 et
1423 880 1734 936 tonsoribus

155 963 367 1019 constet,
400 966 528 1012 ante
557 973 762 1014 annum
795 961 937 1018 “00
980 980 1244 1036 nusquam
1289 971 1529 1040 gentium
1587 972 1737 1042 ejus-

156 1045 286 1100 modi
314 1046 663 1106 festivitatem
708 1053 1038 1111 celebratam
1081 1057 1289 1115 fuisse:
1325 1071 1381 1117 et
1409 1065 1553 1133 quod
1599 1065 1734 1122 inibi

155 1133 212 1188 de
237 1137 420 1194 ordine
461 1141 865 1212 Augustiniano
907 1148 1168 1203 memoria
1215 1148 1336 1214 fiat,
1383 1167 1505 1210 cum
1552 1164 1730 1212 tamen

153 1245 305 1298 usque
333 1232 399 1288 ad
427 1233 639 1290 dictum
669 1237 784 1293 fere
813 1241 1070 1296 saeculum
1125 1258 1227 1298 nec
1268 1260 1464 1302 nomen
1496 1247 1728 1315 ordinis,

153 1321 328 1376 nedum
357 1325 742 1396 Augustiniani
773 1329 825 1384 in
856 1346 955 1386 usu
989 1331 1176 1388 fuerit.
1230 1334 1451 1392 Addunt
1511 1339 1728 1395 tandem

153 1415 437 1473 inventuris
465 1420 717 1476 moderni
741 1423 1018 1494 ingenium
1045 1425 1099 1480 in
1140 1442 1206 1482 eo
1239 1443 1346 1483 non
1371 1445 1562 1500 parum
1607 1433 1730 1487 clu-

93 1541 106 1554 .
151 1521 279 1570 cere,
305 1511 444 1579 quod
491 1527 618 1568 cum
666 1515 966 1571 multorum
1016 1529 1316 1590 martyrum
1369 1524 1593 1579 nomina
1641 1525 1728 1580 his

149 1600 406 1658 Chronicis
458 1606 794 1677 ingesserit,
843 1609 910 1666 de
964 1610 1229 1668 industria
1281 1615 1404 1671 illos
1447 1618 1729 1675 dumtaxat

151 1691 344 1748 admisit
371 1697 458 1765 qui
490 1697 548 1752 in
581 1700 858 1756 veteribus
885 1702 1148 1758 Ecclesiae
1178 1705 1385 1762 tabulis
1445 1709 1568 1764 sine
1623 1727 1724 1765 no-

149 1786 275 1841 mine
295 1788 436 1843 urbis
463 1800 559 1844 aut
590 1793 888 1860 provinciae
915 1799 1233 1853 referuntur
1264 1817 1275 1851 :
1309 1814 1517 1870 eosque
1553 1804 1720 1859 certis
1752 1805 1800 1866 B

147 1878 388 1949 Hispania:
412 1884 644 1941 urbibus
671 1889 1103 1946 accommodavit
1135 1909 1150 1946 :
1185 1901 1240 1948 et
1274 1896 1720 1967 nonnullos'quo-

145 1987 234 2043 que
256 1976 343 2043 qui
363 1977 697 2050 Carthagine
723 1995 959 2038 coronas
982 1995 1335 2056 acceperunt,
1372 2004 1437 2043 ex
1467 1989 1720 2045 Africana

142 2066 198 2120 ad
225 2067 503 2137 Hispanam
559 2073 824 2130 traduxit.

200 2158 448 2218 Neutrum
480 2174 666 2221 tamen
695 2169 1078 2238 argumentum
1107 2173 1385 2229 convincit
1411 2175 1714 2244 intentum;

141 2255 263 2321 quod
299 2255 438 2311 enim
473 2259 737 2313 nonnulla
771 2261 825 2314 in
855 2260 940 2316 his
980 2265 1324 2333 reperiantur
1366 2269 1598 2324 fortasse
1629 2284 1716 2325 re-

139 2347 375 2414 centiora,
411 2364 576 2419 quam
629 2351 826 2408 Dexter
853 2354 958 2422 sit,
1013 2370 1119 2410 non
1149 2357 1299 2413 illico
1346 2369 1514 2414 totum
1575 2377 1713 2432 Optls

140 2440 481 2512 apocryphum
516 2458 647 2500 esse
677 2447 1050 2514 convincitur;
1096 2463 1222 2505 cum
1251 2451 1396 2506 enim
1442 2468 1539 2523 per
1567 2455 1714 2510 mul-

143 2539 208 2584 tas
229 2531 564 2590 diversorum
590 2537 921 2592 saeculorum
954 2555 1146 2597 manus
1171 2551 1402 2598 tractum
1457 2547 1558 2613 sit,
1594 2548 1712 2603 fieri

140 2635 226 2677 non
255 2635 445 2694 potest,
480 2631 622 2698 quin
653 2630 725 2686 ab
747 2631 932 2703 aliquo
962 2633 1027 2689 ad
1069 2637 1368 2706 marginem
1392 2639 1633 2695 additum
1661 2642 1711 2697 ei

141 2712 296 2783 fuerit,
325 2719 548 2790 majoris
589 2721 976 2792 explicationis
1027 2726 1235 2794 gratia;
1285 2729 1430 2799 quod
1467 2741 1712 2801 postmo-

137 2805 244 2862 dum
293 2810 344 2864 in
388 2821 594 2867 textum
656 2815 833 2882 ipsum
874 2816 943 2869 ab
985 2818 1106 2872 aliis
1136 2818 1413 2875 inductum
1463 2823 1708 2879 nonnihil

141 2901 440 2958 confusionis
483 2906 710 2975 pariat:
744 2921 1069 2978 quamquam
1110 2911 1160 2965 id
1211 2927 1432 2984 quoque
1462 2929 1492 2968 a
1525 2916 1710 2972 multis

138 3000 268 3045 retro
287 2995 432 3048 annis
447 2995 697 3052 additum
719 3011 843 3053 esse
873 2999 943 3054 ab
972 2999 1317 3068 Eutbrando,
1343 3005 1430 3059 vel
1460 3006 1702 3075 Juliano,

135 3090 182 3136 ut
205 3085 490 3156 minimum,
521 3089 780 3160 aliquove
822 3092 1081 3162 perducto
1122 3093 1378 3152 Fuldensi
1409 3099 1704 3166 monacho,

141 3174 245 3233 inde
263 3181 545 3247 suadetur,
577 3183 721 3252 quod
756 3185 813 3240 P.
850 3184 1145 3257 Torralba,
1175 3197 1234 3244 et
1268 3189 1330 3245 P.
1356 3190 1593 3261 Higuera
1627 3202 1707 3249 te-

135 3272 237 3325 stati
259 3285 399 3340 sunt,
422 3277 829 3348 autographum
857 3294 919 3334 ea
947 3283 1154 3348 omnia,
1187 3293 1245 3338 ut
1282 3284 1501 3354 jacent,
1537 3286 1708 3343 habe-

134 3376 204 3428 re;
229 3367 310 3435 qui
338 3383 400 3421 eo
429 3371 740 3438 praesertim
771 3373 1024 3428 audiendi
1049 3385 1174 3431 sunt
1203 3376 1257 3432 in
1289 3376 1425 3443 hoc,
1447 3381 1591 3450 quod
1623 3382 1706 3436 ni-

133 3451 194 3508 hil
216 3455 391 3514 horum
410 3476 538 3531 quae
559 3462 742 3517 addita
763 3461 1134 3536 suspiCantur,
1184 3469 1364 3525 ordini
1393 3487 1493 3526 suo
1543 3476 1704 3538 proli-

133 3560 267 3604 cuurn
305 3554 676 3625 conspiciatur
715 3571 731 3610 :
776 3572 883 3611 non
926 3558 1071 3614 enim
1123 3560 1224 3630 ipsi
1273 3564 1562 3634 Augustini
1607 3574 1700 3620 aut

135 3636 374 3698 Benedicti
395 3644 705 3717 disciplinis
734 3648 931 3705 subditi
955 3661 1106 3722 sunt,
1133 3652 1231 3708 sed
1260 3653 1331 3710 de
1358 3670 1418 3711 re
1447 3655 1564 3726 ipsa
1586 3658 1703 3713 suis

135 3729 249 3787 locis
273 3734 440 3793 fusius
465 3737 746 3809 agendum
778 3741 936 3798 nobis
963 3753 1070 3798 est.
1103 3744 1259 3812 Quod
1287 3762 1423 3804 vero
1452 3749 1521 3804 de
1559 3749 1702 3806 festo

136 3821 459 3886 immaculata:
516 3831 911 3905 Conceptionis
969 3839 1259 3909 asseritur,
1319 3841 1480 3912 longe
1531 3843 1697 3899 alium

135 3912 276 3973 habet
295 3937 538 3992 sensum,
572 3942 736 3995 quam
759 3928 922 3999 vulgo
951 3939 1195 4001 putatur,
1226 3934 1486 3990 nimirum
1515 3937 1572 3993 S.
1605 3939 1699 3993 Ja-

135 4009 308 4065 cobum
329 4017 631 4083 apostolum
659 4020 714 4073 in
747 4020 1024 4092 Hispaniis
1049 4022 1252 4079 festum
1300 4024 1698 4086 lncarnationis

134 4097 406 4160 Dominiere
432 4107 891 4183 instituisse,qu:e
922 4123 979 4169 et
1015 4114 1404 4189 Conceptionis
1450 4121 1696 4193 Deiparze

133 4195 305 4250 merito
331 4212 694 4274 nuncupatur,
725 4220 838 4277 qua
866 4206 1122 4264 videlicet
1150 4210 1318 4266 Deum
1346 4221 1400 4268 et
1420 4212 1693 4272 hominem

132 4284 375 4348 Christum
403 4296 573 4352 castis
595 4301 856 4371 concepit
882 4301 1187 4360 visceribus
1219 4323 1230 4359 :
1262 4322 1370 4362 non
1416 4324 1546 4365 vero
1589 4327 1695 4380 qua

134 4381 260 4453 virgo
285 4386 391 4451 ipsa
418 4403 684 4460 concepta
716 4392 843 4449 fuit.
871 4395 1154 4454 Movemur
1170 4411 1348 4456 autem
1373 4401 1441 4457 ad
1469 4402 1522 4458 id
1545 4418 1698 4460 asse-

134 4476 348 4545 rendum,
381 4489 495 4537 tum
554 4497 622 4538 ex
672 4498 760 4552 eo,
791 4485 935 4556 quod
991 4490 1094 4544 etsi
1140 4494 1462 4563 mysterium
1511 4495 1690 4565 ipsum

136 4573 542 4629 Pmservationis
584 4574 648 4628 D.
694 4575 930 4649 Virginis
969 4580 1038 4636 ab
1091 4583 1345 4654 originali
1401 4588 1692 4659 contagio,
1723 4583 1777 4644 D

133 4656 191 4712 ab
209 4659 326 4731 ipsis
343 4679 418 4720 ss.
451 4669 755 4738 apostolis,
779 4671 1208 4746 doctoribusque
1255 4680 1536 4737 veteribus
1571 4656 1698 4738 for-

134 4763 210 4806 san
237 4757 468 4826 agnitum
492 4761 588 4830 sit,
621 4771 682 4817 ut
709 4765 934 4833 speciali
961 4782 1128 4837 opere
1150 4769 1217 4823 de
1242 4768 1489 4827 Patribus
1529 4773 1700 4829 vindi-

133 4847 240 4900 catis
261 4851 629 4920 probavimus,
657 4865 900 4914 attamen
941 4875 1206 4930 nusquam
1259 4864 1328 4919 de
1381 4880 1448 4921 eo
1495 4865 1696 4923 festum

135 4937 302 4998 factum
326 4944 424 5001 fuit
452 4962 626 5019 usque
651 4950 719 5005 ad
757 4961 1001 5023 tempora
1053 4955 1112 5012 S.
1139 4957 1388 5014 Anselmi
1412 4975 1427 5015 :
1453 4959 1540 5016 hic
1563 4976 1697 5017 vero

133 5045 224 5086 non
251 5043 350 5092 tam
378 5039 447 5095 de
476 5042 747 5112 mysterio
769 5042 1159 5116 Conceptionis
1180 5092 1194 5116 ,
1229 5065 1390 5120 quam
1439 5051 1507 5107 de
1554 5052 1697 5110 festo

134 5122 295 5190 agitur.
331 5126 468 5184 Tum
506 5131 710 5188 deinde
754 5135 1010 5204 quoniam
1057 5136 1446 5210 Conceptionis
1496 5158 1698 5202 nomen

133 5228 276 5288 usque
306 5223 372 5279 ad
409 5225 562 5282 Scoti
594 5227 872 5284 Dunensis
913 5236 1158 5300 tempora
1207 5235 1381 5290 solam
1421 5239 1695 5294 carnalem

132 5316 475 5376 generantium
505 5319 788 5390 copulam,
812 5330 1017 5395 etquae
1042 5325 1096 5381 in
1117 5341 1181 5382 ea
1207 5338 1476 5398 geruntur
1519 5332 1694 5403 signi-

134 5398 290 5462 ﬁcavit
316 5409 392 5474 (id
419 5413 567 5483 quod
599 5415 864 5486 praedicto
899 5418 954 5472 in
985 5433 1150 5488 opere
1173 5424 1460 5480 manifeste
1489 5398 1694 5497 proba-

135 5499 225 5548 tnm
243 5513 270 5552 a
293 5502 446 5558 nobis
466 5503 576 5578 est)
610 5524 625 5560 :
655 5521 820 5563 nemo
841 5520 1026 5566 autem
1061 5514 1406 5585 antiquorum
1429 5517 1695 5587 ejusmodi

133 5593 510 5660 conceptionem
543 5599 772 5668 virginis
796 5616 921 5671 quae
972 5618 1038 5658 ex
1090 5615 1380 5675 parentum
1431 5611 1694 5666 commix-

134 5678 253 5737 tione
279 5684 398 5751 fuit,
417 5692 627 5747 vocavit
651 5693 1081 5763 immaculatam,
1103 5699 1197 5754 sed
1226 5699 1398 5770 ipsam
1431 5701 1695 5773 virginem

138 5770 310 5847 incjus
352 5781 702 5842 animatione.
729 5785 869 5844 Tum
914 5789 1151 5863 denique
1195 5793 1452 5866 quoniam
1498 5770 1694 5854 festum

380 5876 655 5942 Panos.
739 5881 988 5948 XXXI.

1735 3191 1780 3256 C

1285 291 1604 360 CHRONICI
1642 298 1904 362 DEXTRI
1938 304 2304 372 APOLOGIA.

163 396 398 453 damenta
418 396 622 458 diffuse
645 401 778 459 satis
807 401 1174 477 explicantur,
1200 416 1254 465 et
1279 425 1401 481 qua:
1429 414 1485 470 in
1515 427 1736 472 contra-
1766 420 1818 480 Α
1844 426 2226 494 apostolicum,
2256 431 2416 502 quale
2443 443 2527 492 est

3371 339 3443 398 62

2548 433 2704 504 illud,
2750 439 2818 497 de
2843 457 2950 514 quo
2977 459 3043 502 eo
3086 445 3192 507 loci
3232 449 3442 515 Dextro

1848 531 2030 571 sermo
2062 527 2169 586 est,
2203 537 2310 576 non
2337 523 2438 580 fuit
2469 527 2538 584 de
2561 529 2930 602 Conceptione
2969 540 3185 612 passiva
3234 545 3438 617 ipsius,

1843 610 1938 666 sed
1969 612 2039 669 de
2059 615 2261 676 activa.
2292 619 2459 675 Multa
2489 624 2596 678 alia
2626 639 2793 696 super
2815 629 3003 687 eadem
3032 650 3091 688 re
3112 610 3353 696 dicemus
3380 610 3433 698 ill

1841 703 2257 766 Commentariis
2287 713 2353 766 ad
2382 729 2504 768 eum
2529 716 2736 785 locum,
2767 736 2890 790 qua:
2922 732 2977 779 tu
3018 730 3272 788 consulas
3298 775 3314 801 ,
3361 735 3431 791 ad

1839 811 2040 855 annum
2079 801 2294 859 Domini
2328 807 2453 873 308,
2490 823 2783 868 comment.
2819 817 2870 870 l.

1909 891 2089 949 Gratis
2117 896 2282 952 etiam
2313 900 2538 956 omnino
2563 905 2848 973 asseritur,
2872 907 2941 964 de
2972 910 3238 970 industria
3264 917 3315 972 in
3348 918 3432 976 his

1835 980 2125 1040 Chronicis
2172 986 2521 1046 intermixtos
2571 993 2742 1052 fuisse
2786 1009 3055 1072 quotquOt
3105 1021 3173 1060 ex
3227 1012 3432 1066 sanctis

1837 1074 2167 1148 Manyribus
2202 1082 2405 1153 absque
2435 1086 2670 1143 civitatis
2695 1093 2883 1159 patria:
2910 1097 3129 1153 nomine
3153 1099 3206 1154 in
3229 1111 3430 1173 marty-

1835 1169 2044 1240 rologio
2063 1171 2222 1228 Rom.
2245 1179 2624 1248 reperiuntur;
2649 1186 3088 1258 quandoquidem
3122 1196 3290 1250 multo
3313 1169 3432 1262 plu-

1835 1275 1924 1315 res
1948 1263 1999 1316 in
2033 1265 2239 1322 eisdem
2271 1271 2466 1327 tabulis
2483 1286 2719 1338 exstant.
2744 1278 2810 1334 de
2831 1282 3028 1350 quibus
3061 1284 3111 1340 in
3139 1285 3240 1343 hoc
3261 1303 3430 1360 opere

1833 1354 1979 1409 nulla
2011 1356 2069 1410 fit
2099 1361 2329 1430 mentio,
2355 1373 2413 1418 ut
2449 1365 2606 1423 facile
2631 1370 2810 1440 quivis
2841 1373 3242 1447 deprehendet,
3275 1383 3319 1436 si
3345 1383 3427 1438 le-

1831 1452 2253 1521 gatcatalogum
2287 1467 2598 1516 sanctorum
2633 1464 2722 1532 qui
2766 1469 3090 1536 supponitur
3142 1471 3307 1529 indici
3346 1485 3428 1530 to-

1830 1543 2165 1613 pographico
2195 1547 2350 1602 Rom.
2382 1555 2781 1627 martyrologii,
2809 1560 2914 1615 snb
2963 1561 3141 1629 titulo,
3193 1565 3426 1623 Nomina

1833 1644 2154 1706 sanctorum,
2184 1657 2403 1708 quorum
2433 1645 2576 1702 locus
2607 1665 2637 1700 a
2668 1652 3040 1725 martyrologio
3063 1674 3167 1712 non
3214 1660 3424 1716 indica-

1830 1737 1916 1782 tur
1939 1746 1958 1783 :
1983 1739 2038 1786 et
2067 1748 2162 1788 eos
2195 1735 2439 1791 conferat
2470 1755 2592 1818 cum
2619 1744 2822 1798 sanctis
2851 1747 2940 1813 qui
2975 1748 3025 1802 in
3061 1749 3146 1803 his
3193 1752 3425 1809 Chroni-

1829 1821 1907 1876 cis
1925 1824 2298 1882 continentur.
2338 1827 2405 1884 Et
2428 1833 2548 1900 quis
2577 1834 2800 1900 credat,
2829 1838 3067 1907 aliquem
3111 1841 3180 1898 de
3223 1859 3424 1916 appro-

1829 1915 2074 1983 priandis
2129 1933 2244 1973 sua:
2293 1923 2484 1991 patria:
2532 1927 2733 1981 sanctis
2765 1929 2966 1985 nullius
3020 1932 3098 1998 (ut
3123 1934 3198 1989 ita
3218 1936 3421 2011 dicam)

1825 2006 2100 2076 dioecesis,
2130 2022 2236 2067 tam
2266 2016 2486 2070 anxium
2516 2027 2570 2073 et
2598 2020 2892 2078 sollicitum
2929 2024 3131 2093 fuisse;
3156 2045 3316 2100 quem
3346 2042 3424 2086 ta-

1823 2116 1948 2156 men
2000 2114 2216 2160 constat
2268 2107 2320 2162 in
2391 2115 2784 2169 enumerandis
2834 2117 3066 2187 vulgatis
3110 2121 3424 2180 defecisse?

1822 2193 2097 2264 Profecto,
2155 2199 2200 2253 si
2243 2200 2364 2269 quis
2416 2202 2520 2258 huc
2579 2222 2696 2260 mvo
2747 2207 3056 2266 Chronicon
3109 2228 3422 2284 supponere

1821 2287 2026 2346 Dextro
2053 2291 2345 2358 quivissa,
2381 2295 2536 2364 prius
2561 2296 2617 2352 in
2644 2315 2809 2356 unum
2858 2305 3116 2374 qumsitos
3148 2307 3420 2379 Hispania:

1819 2383 2104 2454 evulgatos
2134 2397 2356 2442 sanctos
2389 2390 2654 2462 Martyres
2684 2395 2736 2448 in
2762 2395 2847 2451 his
2891 2398 3230 2469 inservisset,
3255 2419 3417 2475 quam

1818 2475 2026 2530 alienos
2046 2487 2100 2530 et
2130 2477 2345 2548 ignotos
2374 2483 2720 2552 perquireret
2751 2504 2766 2541 :
2795 2490 2940 2558 quod
2992 2500 3170 2548 tamen
3202 2505 3420 2551 constat

1819 2564 2021 2622 factum
2055 2585 2161 2624 non
2191 2586 2334 2627 esse.
2368 2573 2478 2629 Sed
2508 2591 2638 2632 vero
2663 2577 2828 2649 (quod
2872 2581 2927 2636 in
2977 2582 3078 2640 hac
3123 2601 3180 2641 re
3226 2590 3420 2656 prmci-

1817 2672 1983 2728 puum
2013 2662 2118 2730 est)
2150 2663 2306 2718 multi
2330 2664 2545 2722 illorum
2574 2684 2804 2739 quorum
2841 2672 2927 2728 hic
2953 2673 3012 2729 fit
3041 2679 3265 2746 mentio,
3291 2691 3416 2737 ante

1815 2766 2018 2807 annum
2053 2754 2266 2810 Domini
2313 2757 2488 2826 1584,
2525 2777 2632 2832 quo
2658 2763 2908 2835 Gregorii
2933 2767 3052 2823 Xlll
3091 2771 3248 2838 jussu
3299 2775 3412 2830 Ro-

1815 2860 2040 2900 manum
2077 2851 2534 2922 martyrolugium
2578 2859 2920 2927 recognitum
2962 2872 3016 2916 et
3048 2873 3263 2920 auctum
3303 2879 3407 2933 est,

1814 2951 1924 2992 non
1957 2937 2176 2994 fuerant
2205 2941 2256 2996 in
2280 2943 2399 3011 ejus
2434 2945 2667 3009 tabulis;
2707 2964 2803 3004 eos
2843 2959 3021 3008 tamen
3071 2968 3411 3016 correctores

1812 3044 1844 3084 e
1871 3029 2186 3086 Graecorum
2213 3036 2524 3108 menologio
2552 3049 2892 3111 mutuarunt,
2914 3047 3004 3102 ubi
3025 3051 3188 3105 etiam
3206 3053 3416 3126 absque

1813 3121 1962 3177 urbis
1995 3126 2228 3193 propriae
2255 3128 2478 3183 nomine
2507 3134 2887 3201 reperiuntur.
2921 3137 3054 3195 lude
3088 3151 3266 3198 tamen
3299 3161 3410 3202 non

1813 3211 1934 3269 leve
1959 3227 2343 3285 argumentum
2391 3219 2698 3278 desumitur
2740 3227 2794 3280 in
2837 3226 3082 3287 favorem
3124 3238 3413 3305 praesentis

1815 3307 2021 3376 aperis.
2050 3307 2265 3364 Etenim
2297 3311 2344 3366 si
2375 3315 2551 3370 sancti
2582 3316 2664 3371 illi
2693 3319 2782 3388 qui
2819 3320 2888 3376 de
2918 3322 3111 3381 Grmco
3160 3331 3408 3386 menolo-

1808 3398 1901 3468 gio
1933 3400 1986 3454 in
2014 3399 2267 3457 Latinum
2303 3408 2755 3478 martyrologium
2789 3415 3037 3470 translati
3056 3429 3207 3483 sunt,
3230 3420 3408 3478 Graeci

1808 3486 2071 3561 fuissent,
2100 3492 2235 3548 etin
2265 3493 2506 3552 Orientis
2530 3499 2760 3557 urbibus
2792 3507 3078 3574 coronati,
3113 3509 3257 3567 haud
3306 3513 3410 3569 du-

1808 3581 1958 3637 bium
1991 3585 2122 3654 quin
2147 3587 2364 3642 nomina
2396 3589 2640 3649 civitatis
2673 3597 3098 3672 uniuscujusque
3137 3618 3168 3658 a
3196 3604 3407 3664 Grmcis

1807 3676 2268 3746 designarentur;
2299 3683 2440 3750 quod
2474 3692 2656 3742 tamen
2690 3703 2814 3744 cum
2857 3706 2966 3747 non
3014 3694 3143 3763 fiat,
3176 3697 3408 3756 creden-

1806 3765 1934 3821 tium
1959 3776 2047 3823 est
2072 3769 2138 3825 ad
2169 3786 2358 3828 eorum
2393 3776 2640 3833 notitiam
2684 3795 2747 3836 ea
2780 3797 2889 3838 non
2937 3790 3262 3853 pervenisse
3284 3836 3299 3859 ,
3347 3804 3405 3850 et

1803 3873 1898 3913 eos
1924 3872 2196 3934 martyres
2228 3863 2280 3919 in
2323 3870 2715 3928 remotissimis
2750 3874 3026 3947 (respectu
3058 3881 3402 3957 Graecorum)

1802 3952 2118 4023 regionibus
2140 3971 2374 4012 coronas
2400 3963 2736 4032 suscepisse.
2783 3966 2920 4034 Quae
2972 3979 3158 4027 autem
3187 3989 3216 4029 a
3247 3974 3401 4032 Grae-

1801 4044 1882 4098 cis
1913 4047 2264 4111 reutotiores,
2299 4063 2509 4117 quzeso,
2542 4068 2704 4122 quam
2733 4055 3008 4126 Hispania:
3036 4063 3240 4120 urbes?
3271 4067 3402 4123 Pro-

1801 4134 2034 4190 babilius
2058 4137 2228 4191 multo
2260 4146 2366 4205 est,
2419 4140 2645 4196 Graecos
2703 4145 2853 4214 ipsos
2895 4164 2927 4204 e
2975 4165 3241 4211 converso
3288 4175 3399 4216 non

1804 4226 2030 4283 aliunde
2081 4228 2134 4283 in
2180 4229 2372 4286 borum
2415 4244 2722 4306 martyrum
2775 4241 3025 4297 notitiam
3077 4245 3399 4316 devenisse.

1799 4335 1963 4390 quam
1987 4337 2054 4378 ex
2077 4322 2264 4378 Dextri
2283 4324 2569 4381 Chronicis
2595 4345 2608 4381 :
2630 4329 2698 4385 ab
2723 4330 2910 4403 eisque
2932 4334 3150 4394 illorum
3176 4345 3397 4400 nomina

1800 4422 2105 4481 mutnasse,
2160 4425 2217 4470 et
2255 4417 2308 4470 in
2347 4419 2460 4472 suis
2513 4419 2735 4478 Tabulis
2789 4424 3181 4487 Ecclesiasticis
3233 4448 3394 4505 repo-

1799 4506 2006 4572 suisse;
2047 4507 2260 4562 urbium
2288 4523 2418 4566 vcro
2450 4511 2503 4566 in
2525 4513 2722 4582 quibus
2761 4531 2792 4572 a
2831 4517 3034 4576 Dextro
3061 4525 3206 4592 passi
3247 4527 3392 4584 refe-

1800 4607 2016 4665 runtur,
2043 4601 2260 4656 nomina
2284 4603 2613 4674 neglexisse,
2647 4609 2765 4666 sive
2812 4613 2957 4683 quod
3009 4614 3238 4676 barbara
3286 4622 3394 4678 sibi

1803 4691 2154 4762 videbantur,
2195 4695 2390 4764 quales
2436 4707 2590 4754 certe
2631 4701 2830 4770 priscis
2866 4709 3199 4777 temporibus
3233 4722 3395 4770 erant

1803 4783 2218 4856 Hispanicarum
2266 4787 2546 4844 civitatum
2588 4795 3045 4863 nomenclaturre;
3088 4801 3205 4858 sive
3247 4805 3393 4876 quod

1802 4892 1999 4948 parum
2040 4879 2172 4950 ipsis
2215 4881 2538 4950 proficiebat
2586 4883 2802 4942 illarum
2848 4889 3060 4946 urbium
3111 4896 3254 4952 scire
3300 4907 3396 4954 aut

1802 4972 2014 5026 nescire
2044 4974 2299 5039 nomina;
2324 4990 2480 5045 quas,
2514 4985 2708 5046 utpote
2748 4983 3147 5042 remotissimas
3171 5005 3240 5044 ex
3271 4992 3390 5048 solo

1801 5065 2026 5120 nomine
2083 5079 2420 5135 cognoscere
2479 5076 2750 5136 poterant.
2804 5071 3062 5130 Videmus
3108 5088 3291 5137 autem
3336 5084 3393 5139 in

1801 5157 2135 5228 martyribus
2166 5159 2280 5212 suis
2321 5158 2744 5228 diligentissime
2781 5163 3138 5240 observasse,
3187 5183 3247 5229 ut
3286 5191 3390 5232 no-

1801 5251 1945 5305 mina
1979 5251 2259 5320 regionum
2280 5259 2336 5306 et
2360 5251 2578 5307 urbium
2607 5269 2746 5325 quas
2778 5259 3130 5327 passionibus
3158 5267 3272 5322 suis
3295 5284 3388 5327 no-

1802 5340 2108 5411 bilitarunt,
2135 5343 2190 5397 in
2218 5344 2533 5415 menologio
2576 5356 2922 5404 notarentur.

1876 5435 1985 5490 Sed
2015 5437 2364 5506 quamobrem
2394 5437 2689 5510 (requires)
2741 5440 2788 5495 si
2833 5443 2886 5497 in
2913 5442 3205 5506 Occidente
3249 5453 3396 5519 passi

1807 5527 1981 5593 fuere,
2007 5527 2248 5597 ipsorum
2284 5530 2500 5583 nomina
2522 5570 2538 5597 ,
2566 5539 2620 5585 et
2651 5532 2860 5588 urbium
2889 5539 3152 5608 sanguine
3179 5556 3278 5596 suo
3304 5559 3398 5598 ru-

1810 5619 2129 5674 bricatarum
2160 5663 2176 5688 ,
2216 5620 2270 5674 in
2318 5620 2522 5676 Latinis
2563 5627 2965 5698 martyrologiis
3002 5647 3110 5686 nun
3157 5635 3400 5702 reperie-

1807 5709 2003 5765 bamur
2024 5721 2308 5782 antequam
2335 5728 2362 5765 a
2397 5709 2712 5770 Graecorum
2753 5721 2951 5776 tabulis
2982 5725 3192 5793 quaesiti
3222 5734 3278 5779 et
3305 5741 3397 5780 ac~

1807 5802 1952 5876 cepti
1996 5802 2233 5861 fuerint?
2285 5802 2344 5862 lu
2385 5814 2639 5878 promptu
2692 5819 2776 5866 est
2822 5825 3040 5869 causam
3095 5815 3393 5885 assignare,

2924 5906 2964 5966 2
