3978 6284
515 261 588 318 43
1425 253 1722 313 FLAVIUS
1758 251 2006 310 LUCIL’S
2047 251 2333 309 DEXTER
2372 253 2903 314 CHBONOLOGUS.
3740 256 3810 314 ιι

518 377 775 434 nimirum
821 375 1010 433 Dextri
1049 373 1286 430 latebras
1306 414 1321 440 ,
1346 372 1502 442 cujus
1540 387 1683 442 opus
1731 384 1844 424 non
1893 368 2024 422 satis
2063 367 2115 422 in
2145 368 2194 431 Α
2225 365 2253 440 §
2281 367 2369 425 lll.
2431 369 2637 448 Quanto
2665 374 2838 448 studio
2867 373 3240 430 elaborandum
3270 374 3367 448 fuit
3396 373 3725 442 elucidatori,
3751 383 3806 426 ut

519 470 714 538 vulgus
743 469 927 524 datum
975 475 1112 533 erat,
1143 463 1359 537 quando
1395 463 1556 520 Beda:
1575 503 1591 529 ,
1615 460 1882 527 Usuardi,
1909 468 1965 514 et
1989 459 2118 516 reli-

519 577 749 634 quorum
784 557 1401 634 martyrologia,quibus
1437 569 1582 610 nunc
1611 553 1859 616 fruimur,
1881 551 2120 607 edeban-

523 663 610 711 tur
642 671 657 710 :
690 654 830 709 unde
853 651 985 708 nihil
1013 652 1081 708 ab
1111 667 1178 706 eo
1209 650 1328 721 ipso
1358 657 1608 703 mutuare
1638 647 1941 703 valuerunt.
1965 645 2120 712 Quod

521 762 652 802 vero
683 761 842 802 nemo
871 744 1284 800 Neotericorum
1315 753 1344 794 a
1371 739 1578 795 Grrecis
1611 737 1698 794 vel
1724 737 1953 809 vulgatis
1979 737 2123 792 Lati-

520 840 604 896 nis
633 837 1037 910 martyroIOgiis
1065 843 1284 890 sanctos
1317 834 1384 888 de
1414 833 1614 903 quibus
1656 833 1706 886 in
1732 831 1815 886 his
1836 829 2122 886 Chronicis

522 931 731 988 mentio
754 929 1019 994 habetur,
1060 926 1364 996 acceperit,
1395 940 1466 980 ex
1499 939 1564 979 eo
1595 924 1728 979 satis
1756 923 2121 986 convincitur,

523 1023 666 1093 quod
684 1021 737 1074 in
763 1021 848 1074 his
871 1019 1155 1075 nonnullos
1171 1025 1460 1089 martyrum
1483 1015 1712 1087 reperiri
1733 1014 2119 1086 conspicimus,

523 1113 724 1183 quibus
757 1114 915 1181 longe
945 1112 1066 1165 aliae
1096 1111 1256 1166 urbes
1288 1110 1666 1181 designantur,
1707 1124 1868 1179 quam
1905 1109 1957 1162 in
1989 1107 2118 1162 illis.

523 1206 687 1262 Verbi
711 1207 905 1276 gratia,
937 1213 1160 1259 sanctus
1191 1205 1299 1259 Aza
1328 1219 1449 1258 eum
1481 1201 1646 1257 sociis
1673 1202 1937 1273 martyrio
1966 1214 2124 1256 coro-

524 1307 684 1354 natus
724 1299 924 1354 dicitur
963 1312 992 1350 a
1034 1295 1273 1360 Graecis,
1302 1304 1356 1350 et
1393 1293 1599 1350 Latinis
1640 1293 1693 1347 iu
1736 1293 1942 1348 Isauria
1980 1292 2122 1348 Asia:

522 1391 827 1464 provincia,
873 1407 903 1443 a
953 1389 1158 1444 Dextro
1189 1395 1368 1443 autem
1410 1387 1464 1440 in
1503 1385 1800 1442 Callaecia:
1835 1400 2023 1440 rursus
2063 1384 2121 1440 S.

524 1483 800 1539 Antonina
843 1497 964 1536 cum
1009 1480 1323 1536 Alexandro
1357 1478 1527 1533 milite
1568 1478 1712 1549 passi
1752 1477 2062 1534 referuntur
2093 1492 2122 1532 a

523 1575 729 1631 Graecis
771 1583 827 1629 ct
871 1572 1029 1628 Rern.
1084 1573 1477 1644 martyrologio
1523 1570 2039 1641 Constantinopoli,
2092 1585 2122 1623 a

522 1669 724 1724 Dextro
754 1683 881 1723 vero
905 1665 1199 1723 Olcadibus
1226 1667 1278 1720 in
1305 1666 1624 1735 Carpetania
1649 1682 1664 1730 ;
1698 1664 1884 1721 Sancti
1907 1680 2125 1736 quoque

522 1761 772 1829 Qniricus
800 1769 855 1816 et
883 1759 1048 1816 Julita
1079 1760 1324 1814 coronati
1355 1759 1422 1813 ab
1449 1760 1571 1814 aliis
1596 1761 1848 1829 leguntur
1879 1759 2035 1813 Tarsi
2067 1760 2118 1812 in
2155 1751 2200 1812 Β

522 1851 733 1911 Cilicia.
766 1867 794 1904 a
822 1851 1016 1905 dextro
1047 1859 1228 1904 tamen
1270 1849 1518 1916 llippone
1550 1850 1604 1902 iu
1655 1849 1982 1917 Carpetania
2018 1866 2031 1899 :
2067 1858 2124 1904 ut

521 1944 740 1998 interim
768 1941 836 1997 de
862 1943 984 1996 aliis
1013 1951 1241 2008 taceam,
1265 1958 1494 2013 quorum
1524 1941 1691 1997 urbes
1716 1957 1746 1996 a
1771 1940 1975 1998 Grazcis
2005 1943 2127 2011 qui-

523 2034 650 2091 dem
682 2035 906 2090 silentio
941 2034 1236 2100 involutas,
1271 2050 1335 2089 ex
1364 2035 1498 2090 actis
1530 2045 1708 2090 tamen
1733 2047 1784 2090 et
1811 2034 2121 2090 vetustissi-

524 2128 627 2181 mis
655 2127 1023 2180 monumentis
1051 2141 1158 2180 non
1188 2125 1326 2179 alias
1353 2140 1510 2194 quam
1541 2125 1839 2194 assignatas
1863 2141 1892 2178 a
1917 2124 2126 2180 Dextro

527 2218 807 2273 mnltoties
841 2220 891 2272 in
935 2217 1019 2272 his
1048 2217 1469 2273 Commentariis
1513 2218 1959 2288 comprobamus.
1993 2218 2126 2283 Quis

522 2322 702 2366 autem
731 2323 837 2365 tam
869 2325 1062 2366 excors
1091 2321 1258 2376 esset,
1292 2319 1348 2364 ut
1379 2312 1542 2365 urbes
1578 2322 1877 2381 martyrum
1905 2309 2127 2364 notissi-

523 2418 640 2460 mas
683 2412 933 2458 recenter
977 2412 1213 2460 mutaret
1252 2403 1276 2457 ’ἰ
1335 2402 1445 2458 Sed
1498 2403 1663 2458 redeo
1717 2401 2123 2472 Carthaginem.

526 2496 689 2551 Certe
716 2496 991 2567 Carthago
1036 2495 1325 2564 Hispanica
1358 2511 1466 2551 non
1497 2509 1604 2551 tam
1629 2496 1885 2566 ignobilis
1917 2495 2036 2559 fuit,
2072 2503 2128 2550 ut

523 2585 889 2641 Romanorum
916 2596 971 2642 et
1001 2586 1302 2643 Cethorum
1347 2589 1682 2658 temporibus
1709 2589 1801 2642 toti
1835 2588 2128 2658 provinciae

527 2677 945 2748 Carthaginensi
996 2694 1192 2734 nomen
1227 2695 1334 2734 non
1361 2679 1610 2734 dederit:
1643 2689 1698 2736 et
1727 2681 1780 2734 in
1813 2679 2127 2750 antiquissi-

534 2771 638 2826 mis
662 2771 908 2827 conciliis
935 2813 949 2839 ,
985 2773 1284 2842 praesertim
1319 2771 1621 2839 Toletanis,
1653 2781 1702 2828 et
1743 2771 2125 2828 Braccarensi-

529 2865 660 2929 bus,
694 2862 958 2934 frequens
997 2864 1065 2918 de
1110 2863 1530 2934 Carthaginensi
1591 2866 1871 2935 provincia
1928 2867 2127 2921 mentio

527 2954 607 3020 lit,
638 2969 757 3024 qua:
787 2955 915 3008 olim
937 2954 1257 3010 Toletanam
1289 2971 1509 3028 quoqtte
1538 2965 1592 3012 et
1623 2957 1981 3026 Carpetanam
2025 2958 2126 3014 sub

521 3059 582 3099 se
607 3043 1094 3114 complectebatur.
1119 3046 1239 3112 Quo
1273 3062 1380 3100 uno
1423 3049 1571 3113 dato,
1592 3049 1887 3104 verisimile
1918 3059 2002 3104 est
2029 3049 2129 3105 ali-

525 3146 658 3206 quot
702 3152 895 3191 eorum
941 3149 1242 3210 martyrum
1284 3139 1376 3207 qui
1409 3140 1461 3193 in
1503 3141 1888 3196 ecclesiasticis
1927 3143 2124 3198 tabulis
2151 3132 2196 3194 C

527 3231 858 3302 Carthagine
889 3234 1134 3288 coronati
1162 3233 1438 3305 leguntur,
1471 3235 1524 3288 in
1552 3237 1894 3306 lliSpaniensi
1925 3252 2126 3314 marty-

522 3325 606 3378 rio
629 3323 857 3380 all‘ectos
887 3324 1076 3392 fuisse,
1112 3336 1167 3383 et
1207 3342 1313 3382 non
1350 3342 1540 3384 omnes
1589 3330 1640 3384 in
1700 3329 1972 3387 Africana.
2024 3333 2124 3402 Qui

526 3418 671 3473 enim
711 3417 830 3473 fieri
874 3421 1081 3488 potuit,
1132 3431 1189 3474 ut
1231 3435 1353 3476 cum
1389 3433 1500 3478 tota
1542 3423 1797 3495 llispania
1855 3425 2124 3483 innumeri

527 3512 960 3568 Christianorum
989 3515 1363 3586 agonizariut,
1395 3517 1468 3573 ita
1501 3529 1559 3574 ut
1595 3535 1787 3575 omnes
1813 3521 1930 3590 ejus
1963 3522 2126 3578 urbes

527 3612 584 3659 et
606 3605 800 3676 oppida
842 3607 1106 3680 Sanguine
1150 3609 1486 3664 sacraverint
1536 3626 1673 3678 suo,
1703 3612 1818 3668 sola
1854 3614 2126 3686 Carthago

529 3697 774 3752 omnium
813 3714 965 3768 'pene
1019 3699 1356 3755 nobilissima
1416 3699 1566 3755 nullo
1615 3712 1853 3775 martyre
1900 3704 2121 3774 gloriari

527 3790 738 3860 possit?
774 3791 1020 3848 Revolve
1051 3790 1339 3862 diligenter
1365 3791 1596 3848 Romani
1629 3796 2001 3868 martyrologii
2031 3814 2120 3852 se-

530 3882 667 3936 riem
696 3884 1030 3950 universam,
1064 3892 1119 3938 et
1167 3883 1311 3939 inter
1359 3896 1628 3956 martyres
1662 3886 1971 3943 innumeros
1993 3886 2124 3944 Car-

529 3972 746 4043 thagine
770 3989 959 4044 passos
982 4017 996 4040 ,
1029 3975 1234 4030 nullum
1269 3979 1511 4044 reperies
1538 3976 1606 4033 de
1633 3995 1737 4044 quo
1767 3979 2121 4046 specilicatim

530 4064 739 4120 dicatur
763 4065 908 4135 quod
934 4065 986 4121 in
1011 4066 1269 4137 llispania
1298 4083 1491 4140 passus
1513 4069 1604 4125 sit.
1640 4069 1710 4125 Et
1739 4081 1942 4143 tamen,
1977 4083 2032 4128 ut
2055 4072 2124 4129 de

533 4157 757 4228 reliquis
787 4160 1231 4229 persecutionum
1257 4162 1309 4215 in
1347 4161 1605 4231 Hispania
1630 4164 2120 4221 ministrisintcrim

528 4248 753 4318 sileam,
783 4262 1119 4322 compertum
1160 4262 1280 4320 est,
1308 4253 1536 4310 Galbam
1569 4256 1898 4326 Carthagine
1932 4257 2124 4328 Hispa-

533 4343 649 4398 nica
694 4336 1054 4400 acclamatum
1106 4345 1282 4400 fuisse
1313 4347 1380 4400 ad
1410 4347 1696 4415 imperium
1729 4360 1918 4402 contra
1948 4350 2120 4406 Nero-

536 4451 683 4502 nem,
711 4453 833 4492 cum
868 4439 1016 4505 prius
1057 4438 1402 4491 severissime
1436 4439 1488 4492 in
1516 4438 1854 4497 Christianos
1883 4444 2126 4500 animad-

528 4528 958 4593 vertisset,adeo
985 4536 1043 4580 ut
1067 4528 1383 4581 incolumua
1404 4527 1602 4582 Neroni
1622 4541 1800 4585 erecta
1829 4547 2122 4602 assereret,
2154 4513 2208 4576 D

537 4619 590 4674 id
616 4623 814 4676 factum
857 4619 917 4672 ob
949 4619 1265 4688 provinciam
1305 4619 1617 4687 latronibus,
1652 4631 1699 4674 et
1734 4624 1798 4678 iis
1818 4627 1908 4696 qui
1945 4645 2126 4685 noram

528 4719 703 4787 generi
723 4717 952 4769 humano
982 4717 1397 4786 superstitionem
1427 4720 1785 4791 iuculcabanl,
1819 4739 2120 4799 purgatam.

532 4815 728 4870 Multos
750 4813 978 4882 proinde
999 4830 1186 4869 eorum
1211 4817 1302 4887 qui
1332 4818 1660 4891 Carthagine
1691 4823 2004 4884 referuntur
2032 4847 2124 4889 oc-

527 4914 646 4975 cisi,
680 4915 730 4967 in
763 4914 1020 4984 Hispania
1055 4929 1350 4974 coronatos
1390 4921 1616 4980 credere
1645 4939 1903 4996 oportet:
1951 4935 2028 4989 uti
2062 4934 2118 4992 in

527 5015 901 5082 Dextro‘nunc
931 5015 1253 5076 videbimus.
1280 5021 1351 5075 Ex
1371 5021 1455 5078 his
1489 5041 1616 5079 vero
1641 5043 1759 5098 qua:
1787 5031 1902 5088 fuse
1931 5034 2122 5092 admo-

524 5119 652 5174 dum
675 5135 704 5173 a
729 5119 884 5174 nobis
911 5127 1138 5176 tractata
1153 5132 1295 5190 sunt,
1332 5125 1462 5181 illud
1497 5129 1713 5186 tandem
1739 5133 1928 5193 inferri
1961 5154 2123 5209 opor-

524 5225 624 5283 tet,
657 5219 901 5274 codicem
930 5217 1072 5275 bunc
1093 5236 1252 5291 quem
1281 5224 1742 5297 interpretandum
1773 5240 2116 5310 suscipimus,

521 5332 838 5388 germanum
879 5321 1064 5377 Dextri
1090 5321 1512 5384 Barcinonensls
1541 5329 1705 5387 letum
1734 5349 1875 5403 esse,
1897 5349 1952 5394 et
1985 5341 2117 5399 nihil

518 5434 708 5476 eorum
737 5434 858 5491 que
887 5421 938 5476 in
961 5423 1135 5492 ipsum
1159 5425 1359 5494 jactata
1379 5440 1507 5486 sunt
1526 5433 1818 5503 quidquam
1853 5445 2112 5499 momenti

516 5520 740 5578 habere.
771 5521 948 5588 Quare
971 5538 1060 5589 ne,
1084 5541 1290 5595 quaeso,
1317 5527 1510 5585 Lector
1528 5533 1779 5604 candide,
1809 5539 1892 5593 vel
1918 5541 2112 5600 leviter

514 5621 734 5680 hmsites
755 5624 807 5680 in
835 5624 949 5696 ejus
977 5623 1227 5698 lectione,
1251 5627 1346 5686 sed
1370 5645 1493 5688 eam
1514 5633 1784 5694 inoﬂenso
1817 5640 1954 5711 pede
1983 5658 2107 5715 per-

511 5737 536 5772 ρ
547 5738 685 5780 urre.

2433 440 2515 496 his
2544 457 2659 511 quae
2684 443 2879 500 Dexter
2909 449 3149 515 asseruit,
3175 440 3385 518 alférret
3408 448 3593 503 lucem.

2289 564 2424 620 Cum
2476 566 2706 636 primum
2754 568 2813 623 L.
2875 570 3066 627 Dextri
3108 570 3428 628 Chronieon
3485 569 3812 626 omnimodae

2223 658 2476 714 Historiae
2508 661 2573 716 ad
2606 676 2801 716 manus
2831 665 3086 733 pervenit
3117 681 3265 722 meas
3296 665 3549 737 (candide
3569 663 3809 736 Lector),

2225 750 2689 810 inaestimabilium
2737 756 3049 812 divitiarum
3106 760 3426 828 thesaurum
3460 760 3513 814 in
3544 775 3612 814 eo
3648 760 3814 814 latere

2224 844 2694 912 animadvertens,
2720 847 2774 902 in
2806 862 2925 902 eam
2949 857 3171 904 erectus
3210 864 3362 920 spem
3393 848 3490 915 fui,
3518 859 3577 904 ut
3603 849 3646 903 si
3676 850 3816 905 vires

2225 951 2436 1004 omnes,
2467 953 2532 992 ac
2573 939 2752 994 studia
2797 939 2851 995 in
2886 941 3058 1010 ipsum
3115 942 3426 998 eﬂ'odiendo
3464 941 3813 1013 applicarem,

2226 1043 2334 1084 non
2364 1031 2586 1085 omnino
2628 1047 2656 1084 a
2696 1031 2896 1086 laboris
2926 1034 3180 1089 mercede
3227 1034 3521 1090 frustratus
3555 1034 3816 1090 abscede-

2226 1137 2362 1177 rem.
2391 1122 2628 1192 Agebam
2658 1138 2723 1178 eo
2750 1125 3012 1194 temporis
3035 1125 3256 1193 Matriti,
3283 1127 3424 1197 regis
3440 1125 3700 1181 Catholici
3722 1141 3817 1180 cu-

2230 1216 2326 1270 ria:
2369 1227 2423 1270 et
2473 1215 2662 1284 patria:
2703 1232 2858 1280 metu,
2896 1217 2985 1273 ubi
3020 1220 3149 1273 mihi
3197 1234 3516 1289 magnorum
3551 1219 3816 1284 virorum,

2226 1307 2535 1364 eruditione
2565 1309 2891 1378 insignium,
2925 1311 3330 1382 multarumque
3361 1312 3819 1367 bibliothecarum

2227 1401 2381 1468 copia
2413 1401 2553 1456 haud
2584 1402 2805 1456 difficile
2829 1402 2972 1458 facta
3014 1405 3132 1468 fuit,
3166 1412 3290 1459 cuiu
3317 1405 3535 1474 quibus,
3569 1413 3625 1460 et
3647 1418 3678 1458 a
3704 1403 3823 1473 qui-

2230 1495 2329 1547 bus
2354 1501 2644 1550 conatuum
2687 1511 2934 1552 meorum
2970 1499 3178 1566 pondus
3207 1498 3426 1567 levigari
3459 1512 3616 1567 posse
3649 1495 3824 1552 conﬁ-

2227 1584 2438 1641 derem.
2494 1586 2601 1644 Sed
2639 1603 2764 1642 cum
2813 1590 2865 1643 in
2899 1589 3090 1646 limine
3121 1592 3303 1662 operis
3348 1589 3523 1645 adhuc
3552 1603 3820 1655 versarer,

2231 1693 2351 1747 qua:
2381 1694 2489 1733 non
2527 1678 2894 1747 difficultates,
2923 1697 3043 1751 qua:
3081 1697 3189 1738 non
3225 1681 3481 1736 chimerre
3508 1680 3824 1750 superanda;

2229 1787 2351 1827 sese
2372 1773 2501 1827 mihi
2525 1774 3106 1830 obtulereinteessum
3135 1775 3249 1840 fuit,
3276 1785 3368 1829 aut
3396 1774 3667 1830 defessum
3699 1788 3823 1828 sue-

2227 1865 2521 1931 cumbere,
2554 1877 2648 1921 aut
2675 1884 2770 1936 pro
2808 1868 2957 1923 virili
2991 1884 3084 1924 eas
3127 1878 3512 1939 superaturum
3542 1869 3825 1924 dimicare.

2228 1956 2324 2011 Vis
2350 1959 2494 2013 scire
2523 1967 2656 2028 quot
2689 1969 2741 2014 et
2777 1961 2936 2030 quae?
2969 1961 3219 2018 Varietas
3246 1977 3424 2016 rerum
3455 1961 3510 2015 in
3543 1961 3627 2014 his
3651 1960 3828 2015 Chro-

2228 2049 2374 2106 nicis
2411 2062 2789 2104 contentarum
2825 2054 3231 2123 ingentissima,
3256 2053 3324 2108 ad
3356 2067 3491 2123 quas
3513 2052 3830 2108 enodandas

2230 2144 2521 2210 Oportebat
2547 2159 2765 2198 omnem
2791 2144 3131 2213 antiquitatis
3159 2145 3462 2211 historiam,
3485 2145 3601 2200 sive
3632 2144 3828 2200 huma-

2232 2251 2357 2290 nam
2389 2278 2404 2302 ,
2433 2236 2550 2290 sive
2581 2235 2817 2291 divinam
2850 2237 3126 2303 evolvere,
3159 2249 3215 2293 et
3245 2238 3315 2294 de
3344 2237 3655 2293 auctoribus
3687 2239 3832 2306 ipsa-

2231 2343 2372 2393 rum,
2401 2328 2677 2399 rebusque
2708 2329 2840 2398 ipsis
2870 2328 3040 2401 (inter
3077 2345 3136 2384 se
3158 2331 3390 2400 primum
3431 2329 3664 2400 collatis)
3684 2329 3836 2398 judi-

2231 2421 2372 2476 cium
2425 2419 2602 2487 ferre;
2655 2421 2777 2490 quis
2819 2423 2871 2475 in
2909 2422 3207 2491 quihusve,
3241 2438 3350 2491 prae
3393 2422 3606 2477 caeteris
3646 2423 3832 2492 potius

2232 2512 2565 2578 audiendus;
2589 2529 2710 2582 qua:
2740 2513 3150 2581 verisimiliora,
3176 2529 3298 2585 quae
3322 2513 3626 2570 abnuenda.
3657 2513 3715 2567 in
3745 2513 3833 2568 his

2179 2650 2182 2652 η
2229 2621 2363 2662 vero
2408 2606 2728 2662 consulendi
2777 2616 2936 2662 erant
2971 2605 3197 2671 Livius,
3232 2607 3557 2673 Suetonius,
3592 2617 3831 2674 uterque

2231 2697 2458 2761 Plinius,
2493 2698 2840 2764 Plutarchus,
2874 2698 2994 2762 Dio,
3029 2698 3248 2754 Tacitus
3269 2739 3284 2766 ,
3313 2698 3691 2760 Philostratus,
3720 2696 3830 2752 Ca-

2235 2789 2500 2861 pitolinus
2522 2831 2538 2853 ,
2572 2790 2948 2860 Lampridius,
2986 2791 3284 2862 Eutropius
3306 2832 3320 2856 ,
3351 2791 3685 2858 Trebellius,
3728 2790 3836 2844 Vo-

2237 2885 2450 2952 piscus,
2477 2882 2770 2951 Martialis,
2796 2893 3028 2954 uterque
3057 2884 3263 2941 Seneca
3282 2924 3298 2949 ,
3327 2882 3518 2948 Silius,
3548 2882 3829 2950 Lucanus,

2231 2975 2547 3044 Iuvenalis,
2563 2985 2621 3032 et
2647 2977 2739 3032 alii
2766 2977 3020 3034 humanm
3042 2978 3288 3034 historia:
3310 2976 3667 3048 professores,
3689 2992 3836 3046 quos

2235 3072 2454 3140 longum
2507 3081 2655 3126 esset
2691 3085 2982 3127 recensere
3025 3088 3038 3124 :
3096 3087 3205 3142 quo
3235 3071 3454 3125 tandem
3483 3070 3650 3133 vitas,
3679 3080 3831 3138 acta,

2230 3164 2633 3228 successiones,
2657 3172 2709 3218 et
2731 3163 3206 3234 chronograpbias
3231 3163 3594 3239 [tomauomm
3626 3160 3837 3229 princi-

2230 3261 2456 3326 pum,et
2476 3253 2838 3310 Barbararum
2869 3257 3114 3326 gentium
3144 3270 3268 3311 cum
3302 3255 3438 3326 ipsis
3466 3253 3829 3324 pugnantium

2229 3347 2295 3400 ad
2325 3346 2511 3402 Dextri
2542 3349 2745 3417 scripta
2779 3349 3174 3405 conferremus.
3210 3350 3416 3405 Praeter
3445 3348 3559 3404 haec
3587 3363 3618 3403 e
3655 3351 3833 3404 veteri

2231 3441 2581 3496 Te~tamento
2612 3442 2778 3496 multa
2803 3458 2870 3498 ex
2901 3443 3150 3512 professo
3177 3443 3455 3498 tractanda
3478 3449 3674 3506 erant;
3706 3442 3836 3498 sive

2229 3535 2298 3591 de
2329 3536 2482 3593 libris
2513 3537 2726 3608 Regum
2751 3548 2806 3594 et
2836 3537 3317 3610 Paralipomenon,
3351 3540 3467 3593 sive
3493 3536 3564 3592 de
3592 3537 3833 3604 praedic-

2233 3630 2472 3685 tionibus
2504 3633 2900 3703 prophetarum
2923 3651 2936 3686 :
2958 3633 3372 3689 Testamentum
3389 3644 3569 3687 autem
3597 3646 3830 3697 novum,

2228 3738 2329 3792 pro
2358 3724 2479 3793 ejus
2509 3723 2859 3796 chronologia
2876 3725 3225 3792 elucidanda,
3245 3735 3416 3780 totum
3436 3722 3831 3790 evolvendum;

2232 3813 2522 3885 Evangelia
2543 3857 2559 3880 ,
2590 3815 2725 3871 Aeta
2758 3817 3088 3885 apostolica,
3133 3818 3584 3887 Apostolorum":
3623 3817 3838 3885 episto-

2233 3909 2359 3964 tola:
2393 3917 2448 3965 et
2477 3911 2715 3981 scripta;
2748 3911 2884 3966 nihil
2915 3913 3118 3968 etenim
3165 3926 3273 3967 non
3305 3920 3509 3965 tactum
3545 3925 3575 3964 a
3627 3909 3836 3965 Dextro

2231 4004 2350 4058 fuit.
2395 4003 2501 4060 Sed
2545 4015 2599 4060 et
2639 4020 2831 4060 omnes
2862 4006 3192 4078 (presertim
3234 4003 3596 4075 antiquiores)
3639 4001 3836 4060 Patres

2227 4095 2416 4151 audire
2443 4099 2755 4168 oportebat,
2789 4099 2902 4154 sive
2922 4115 3022 4170 pro
3050 4115 3213 4154 sensu
3245 4114 3376 4153 vero
3397 4111 3676 4152 sacrarum
3701 4111 3826 4153 sen-

2233 4189 2525 4243 tentiarum
2561 4188 2866 4246 hauriendo
2885 4232 2900 4257 ,
2923 4194 3039 4246 sive
3064 4208 3159 4260 pro
3193 4192 3275 4245 his
3299 4202 3421 4260 qua:
3448 4191 3513 4242 ad
3541 4188 3833 4246 historiam

2232 4279 2656 4336 ecclesiasticam
2679 4291 2931 4352 spectant
2956 4302 2971 4339 :
2993 4283 3330 4339 Clementem
3347 4282 3470 4338 dico
3493 4281 3836 4350 Rmuanum,

2229 4368 2516 4439 lgnatium,
2546 4373 2883 4444 Dionysium,
2916 4373 3203 4440 Irenaeum,
3227 4374 3561 4430 Clementem
3593 4373 3834 4428 alterum

2241 4461 2690 4531 Alexandrinum,
2719 4467 3036 4533 Eusebium,
3061 4467 3376 4537 Origeuem,
3401 4464 3832 4535 Tertulliauum,

2963 4558 3285 4629 Gregoriqu
3322 4557 3717 4614 Nazianzenum
3776 4569 3839 4620 et

2235 4643 2562 4716 Nyssenum,
2587 4645 3068 4720 Chrysostomum,
3096 4651 3478 4721 Epiphaniam,
3505 4649 3830 4720 Pacianum,

2231 4733 2565 4803 Juvencum,
2600 4741 2985 4807 Ambrosium,
3022 4741 3310 4797 Paulinum
3332 4781 3347 4805 ,
3395 4739 3832 4811 Hieronymum,

2229 4831 2611 4901 Augustinum,
2642 4845 2698 4888 et
2737 4843 3005 4902 creteros,
3047 4851 3279 4907 quorum
3328 4835 3532 4903 scripta
3582 4841 3834 4890 exstant.

2231 4923 2371 4991 Quid
2429 4925 2496 4982 de
2541 4928 2786 4983 conciliis
2824 4929 3024 4994 dicam,
3061 4947 3180 5000 qua:
3209 4929 3394 4986 omnia
3430 4944 3526 4998 pro
3552 4943 3833 4985 annorum

2228 5018 2636 5086 supputatione,
2657 5030 2712 5074 et
2745 5035 2841 5089 pro
2866 5024 3098 5078 veritate
3113 5020 3449 5077 enucleauda
3475 5022 3713 5090 graviter
3745 5021 3834 5078 le-

2227 5122 2355 5178 gere
2389 5111 2688 5167 necessitas
2734 5115 2921 5182 operis
2975 5116 3234 5184 assumpti
3264 5114 3524 5185 cogebat?
3577 5113 3716 5180 Quid
3762 5117 3836 5171 de

2225 5211 2534 5260 sanctorum
2567 5216 2867 5278 martyrum
2895 5211 3070 5276 actis,
3097 5227 3331 5282 quorum
3365 5225 3476 5265 non
3511 5210 3694 5264 omnia
3723 5225 3835 5266 ne-

2225 5297 2464 5351 cessaria
2499 5299 2552 5353 in
2573 5297 2947 5368 Lippomanis,
2972 5301 3170 5370 Suriis,
3191 5303 3534 5369 Mombritiis,
3561 5301 3830 5373 Lipelois,

2230 5385 2472 5443 Velseris
2493 5429 2509 5456 ,
2541 5389 2746 5447 llara‘is
2766 5433 2780 5457 ,
2809 5391 3090 5450 Sanctoris
3111 5440 3126 5463 ,
3156 5396 3414 5467 Villagis,
3448 5395 3737 5467 Trugillis,
3773 5405 3842 5454 et

2227 5479 2536 5546 hujusmodi
2577 5487 2806 5554 reperiri
2847 5487 3131 5544 videbam?
3165 5489 3286 5547 Non
3316 5491 3494 5545 omnia
3524 5490 3704 5546 adhuc
3726 5506 3836 5548 no-

2222 5572 2368 5628 mina
2383 5576 2797 5645 suppeditabant
2809 5583 3211 5654 marterIOgia,
3232 5582 3500 5655 imprimis
3515 5583 3831 5642 Romanum

2222 5661 2360 5732 (sive
2385 5667 2666 5736 antiquum
2696 5685 2726 5723 a
2761 5670 3048 5728 ltosvveido
3077 5673 3314 5745 editum,
3349 5676 3467 5732 sive
3495 5678 3826 5735 moderuum

2215 5769 2246 5808 a
2275 5756 2425 5814 card.
2443 5757 2675 5816 Barouio
2699 5759 3083 5836 illustratum),
3108 5766 3306 5826 deinde
3336 5767 3516 5841 Bede,
3539 5767 3826 5829 Nothelm-
