4004 6184
182 246 249 302 ιδ
1279 238 1597 298 CHRONlCl
1639 238 1901 298 DEXTRI
1941 239 2310 299 APOLOGIA.
3386 245 3457 303 46

173 361 262 423 ri,
295 359 562 426 Rabbani,
603 357 870 427 Usuardi,
908 360 1153 428 Adonis,
1195 361 1434 426 Molani,
1473 362 1749 427 Galesitti,
1778 367 1828 425 Α
1858 363 2014 419 ﬂocci
2077 364 2312 434 pendat,
2369 361 2462 432 qui
2510 364 2731 421 ofﬁcers
2791 362 3176 437 quoquomodo
3228 381 3451 438 queam.

185 452 448 508 Maurolici
473 462 528 508 et
550 453 833 509 similium.
867 453 1187 510 Gratcorum
1215 454 1518 524 menologia
1550 471 1579 507 a
1602 454 1755 509 card.

187 545 368 600 Sirleto
398 554 670 602 contracta
703 555 891 614 erant;
923 546 991 601 ad
1035 547 1185 617 ipsos
1219 545 1443 602 Graecos
1467 546 1643 604 fontes
1665 563 1754 603 re-

183 654 387 693 currere
416 656 428 693 :
459 654 652 709 parum
693 639 797 696 hoc
818 679 835 707 ,
858 640 925 694 ad
964 640 1337 696 vetustissima
1374 655 1603 710 quaeque
1643 655 1760 694 ma-

185 733 442 803 nuscripts
485 741 800 788 sanctorum
839 742 1141 805 martyrum
1168 743 1322 799 acta;
1369 734 1437 787 ad
1491 733 1758 789 breviaria

182 840 376 896 quoque
395 825 612 896 antiqua
630 825 976 881 diversarum
993 825 1363 881 Ecclesiarum
1387 825 1757 881 necessarium

183 926 306 974 erat.
354 917 558 974 Rursus
607 932 707 989 pro
753 919 1112 988 chronologia
1149 932 1418 974 annorum
1465 919 1760 989 unicuique

181 1014 445 1070 sententia
473 1013 541 1068 ad
573 1015 875 1084 marginem
905 1013 1311 1083 assignatorum
1334 1053 1352 1080 ,
1377 1013 1606 1069 multum
1641 1024 1759 1070 erat

182 1105 299 1161 mihi
327 1105 529 1162 laboris
558 1105 981 1171 assumendum;
1005 1120 1072 1160 eo
1093 1106 1182 1161 vel
1210 1105 1466 1171 maxime,
1482 1105 1624 1176 quod
1649 1122 1756 1161 non

181 1200 345 1255 semel
374 1200 443 1254 ab
469 1200 705 1255 aliorum
735 1201 1124 1270 supputatione
1161 1200 1433 1256 dissidere
1459 1199 1756 1256 videretur.

244 1291 387 1360 Quod
441 1293 486 1348 si
544 1291 666 1348 htec
710 1292 892 1348 forsan
925 1302 1164 1349 monstra
1197 1296 1443 1364 superari
1503 1304 1753 1365 possent,

185 1398 406 1457 quatuor
457 1387 858 1442 antecedebant
911 1387 980 1442 de
1052 1403 1224 1455 novo,
1283 1403 1404 1458 quae
1459 1390 1758 1446 Atlantteos

180 1477 420 1533 httmeros
445 1479 513 1533 ad
545 1488 926 1550 onus_tatttum
966 1481 1400 1550 supportandum
1425 1482 1752 1552 exigebant:

183 1571 228 1625 l'
249 1570 460 1627 Novitas
492 1573 787 1628 multarum
817 1574 1235 1639 sententiarum,
1263 1591 1385 1644 quae
1417 1579 1634 1646 penitus
1660 1592 1759 1631 au-

178 1664 308 1721 ditus
357 1676 577 1722 nostros
611 1666 916 1738 effugerant
947 1684 960 1721 :
991 1667 1147 1724 verbi
1170 1682 1355 1734 causa,
1387 1670 1530 1740 quod
1561 1683 1755 1728 centu-

1863 457 2050 512 Dextri
2106 457 2419 511 Chronicon
2473 457 2529 511 hi
2581 457 2682 512 soli
2734 459 3164 529 parvipeuduut,
3219 461 3309 530 qui
3341 462 3453 516 suis

1859 550 2209 622 opinionibus
2248 567 2448 609 nocere
2467 554 2805 623 existimant,
2833 555 2984 609 multi
3017 571 3048 612 e
3076 570 3342 613 converso
3387 573 3455 614 eo

1859 645 2140 702 dumtaxat
2173 646 2602 717 magnifaciunt,
2629 648 2772 718 quod
2813 648 3060 704 nonnihil
3109 666 3204 719 pro
3234 651 3348 708 suis
3374 651 3455 708 la-

1857 753 1986 794 cere
2014 739 2298 806 videatur;
2334 740 2515 796 neutri
2552 756 2652 812 pro
2677 741 2905 797 veritate
2942 741 3204 798 Chronici
3243 756 3458 800 certan-

1858 840 1964 898 tes,
2012 831 2108 887 sed
2147 831 2317 888 trahit
2355 848 2450 889 sua
2493 849 2768 904 quemque
2806 835 3082 892 voluntas.
3117 835 3299 894 Semel
3324 854 3456 895 vero

1860 925 2032 995 ipsius
2054 927 2356 982 sententias
2398 926 2778 982 abominantes
2802 967 2816 993 ,
2849 927 3050 985 multas
3079 931 3455 1000 cogitaverunt

1859 1018 2362 1083 contradictiones,
2408 1035 2530 1092 qute
2561 1021 2665 1076 sibi
2704 1037 2810 1077 non
2860 1021 3043 1078 minus
3081 1024 3135 1078 in
3173 1033 3456 1081 auctorem

1859 1129 2022 1184 quam
2051 1114 2107 1168 in
2138 1130 2274 1183 opus
2303 1115 2516 1172 irruere
2550 1115 2820 1186 videntur,
2858 1125 2915 1173 et
2943 1115 3186 1187 ipsorum
3214 1120 3456 1174 auctori-

1865 1215 2029 1262 tatem
2052 1221 2341 1263 euervare.
2427 1274 2433 1280 _

1931 1297 2087 1367 Quis,
2122 1314 2273 1370 rogo,
2306 1307 2386 1355 tot
2435 1309 2698 1370 pertaesus
2743 1300 3118 1370 difﬁcultates,
3146 1318 3253 1358 non
3282 1303 3459 1361 hare-

1859 1403 1979 1462 ret,
2013 1407 2120 1447 non
2165 1392 2477 1460 diffideret,
2510 1409 2618 1448 non
2661 1393 3000 1450 desisteret?
3051 1411 3138 1451 me
3168 1412 3298 1452 vero
3348 1413 3457 1454 non

1856 1483 2032 1540 solum
2058 1499 2166 1539 non
2200 1483 2392 1555 pedem
2421 1485 2724 1553 retrahere,
2756 1496 2847 1542 aut
2875 1485 3196 1557 desperare,
3231 1490 3328 1545 sed
3356 1506 3452 1546 ne-

1859 1592 1964 1647 que
1995 1577 2208 1633 hatrere
2230 1577 2450 1649 quidem
2487 1579 2602 1634 haec
2631 1587 2878 1635 monstra
2924 1579 3204 1647 fecerunt;
3235 1582 3457 1638 addide-

1858 1671 2190 1740 runt'potius
2220 1671 2465 1726 currenti
2511 1671 2774 1738 calcaria;
2807 1682 2861 1727 et
2890 1671 2956 1726 ad
3002 1688 3191 1728 eorum
3223 1689 3459 1744 conspe-

178 1757 342 1812 riunes
391 1757 694 1828 evangelici
748 1758 977 1814 fuissent
1027 1758 1288 1828 Hispani;
1338 1763 1482 1832 quod
1525 1763 1755 1832 epistola
1785 1761 1832 1822 Β
1861 1773 2006 1816 ctum
2061 1763 2296 1832 majores
2327 1765 2473 1820 vires
2525 1766 2874 1836 animumque
2921 1783 3018 1836 pro
3065 1767 3254 1824 labore
3307 1778 3456 1824 tanto

176 1847 310 1902 Pauli
336 1851 402 1903 ad
432 1851 717 1918 Hebraeos,
753 1852 820 1906 ad
855 1852 1122 1922 Hispanos
1148 1869 1180 1908 e
1218 1853 1501 1911 Judaismo
1521 1870 1752 1913 convcr-

172 1958 254 1997 sos
277 1945 468 2013 scripta
495 1945 682 1999 fuisset
705 1961 720 2012 ;
750 1946 891 2015 quod
921 1947 1183 2015 Ophiriua
1207 1948 1358 2018 regio
1383 1959 1529 2003 esset
1555 1949 1608 2004 itt
1635 1949 1754 2006 His-

173 2035 346 2102 pania;
375 2045 428 2091 et
452 2037 622 2090 multa
657 2037 710 2090 id
741 2053 1068 2108 genus,quae
1093 2039 1248 2095 facile
1270 2041 1322 2094 in
1349 2051 1607 2096 contextu
1635 2043 1750 2098 cui-

170 2131 240 2184 vis
267 2142 578 2188 occurrent.
603 2132 662 2186 2°
687 2132 912 2189 Urbium
952 2134 1368 2203 Hispaniearnm
1399 2137 1750 2208 geographia,

168 2239 275 2293 quae
294 2227 595 2281 secundum
625 2227 1069 2283 nomenclatores
1098 2230 1370 2300 antiquas,
1426 2247 1534 2285 non
1572 2232 1749 2287 solum

165 2332 250 2372 eas
293 2320 567 2389 cognitas,
609 2321 706 2375 sed
738 2321 902 2376 etiam
935 2322 1000 2376 ad
1048 2336 1188 2377 nova
1235 2323 1463 2378 collatas
1488 2325 1749 2380 vocabula

165 2408 272 2464 sine
318 2411 684 2483 discrepantia
731 2413 984 2483 requirit.
1027 2413 1184 2470 Nulla
1227 2424 1407 2470 autem
1449 2416 1598 2470 orbis
1632 2417 1752 2472 uni-

167 2502 296 2558 versi
336 2504 487 2574 regio
531 2507 697 2561 toties
745 2508 973 2560 mutavit
1013 2507 1228 2562 urbium
1265 2523 1484 2563 suarum
1530 2510 1747 2565 nomina

164 2596 364 2662 quities
392 2597 693 2667 Hispania;
739 2612 864 2652 eum
899 2598 1041 2652 nulla
1077 2600 1234 2654 toties
1260 2599 1628 2657 Barbarorum
1663 2604 1746 2658 in-

163 2692 463 2757 cursiones,
517 2707 586 2747 ac
646 2692 886 2747 dominia
941 2708 1200 2763 perpessa
1231 2693 1435 2750 fuerit:
1483 2711 1604 2750 nam
1641 2698 1745 2766 pri-

163 2795 297 2834 mum
353 2782 516 2853 (quod
565 2783 827 2854 sciamus)
880 2786 1103 2840 subacta
1155 2786 1253 2841 fuit
1283 2802 1313 2842 a
1359 2787 1744 2856 Pbmnicibus,

164 2871 352 2930 deinde
377 2893 404 2927 a
437 2877 638 2939 Ptenis,
688 2891 878 2932 rursus
929 2894 956 2930 a
987 2877 1251 2955 Romanis
1273 2922 1287 2948 ,
1321 2881 1553 2937 subinde
1579 2899 1608 2936 a
1640 2882 1748 2938 Go-

167 2965 288 3025 this,
318 2969 534 3023 demum
568 2985 595 3022 a
624 2970 842 3038 Mauris,
871 2986 1101 3039 quorum
1143 2973 1376 3042 quilibet
1404 2977 1486 3029 sui
1519 2975 1746 3030 idioma—

163 3058 462 3117 tisnrbibes
489 3065 708 3119 nomina
740 3065 810 3118 im
822 3067 1112 3134 pmtebant.
1145 3068 1202 3120 3°
1229 3067 1341 3123 Nec
1373 3068 1599 3124 minoris
1629 3082 1746 3126 erat

1857 1853 2142 1909 fortiorem
2185 1855 2544 1918 indui,otiutn
2576 1871 2738 1911 omne
2775 1859 2957 1926 respui
2981 1897 2995 1921 ,
3025 1874 3309 1929 quousque
3339 1873 3453 1916 tan-

1856 1948 1978 2004 dem
2005 1948 2188 2004 Dextri
2217 1947 2528 2004 Chronicon
2553 1949 2886 2005 elucidarem
2904 1966 2919 2014 ;
2940 1958 3092 2006 ratus
3114 1967 3223 2008 non
3255 1954 3307 2007 in
3328 1954 3454 2008 liis-

1855 2042 2029 2112 pztnia:
2061 2041 2382 2108 dumtaxat,
2417 2043 2512 2098 sed
2541 2056 2596 2099 et
2633 2044 2900 2100 universae
2943 2042 3150 2100 Christi
3194 2046 3455 2103 Ecclesia:

1855 2145 1963 2190 non
1991 2135 2448 2190 contemnendam
2487 2135 2714 2206 gloriam
2758 2135 2987 2201 cedere;
3020 2151 3141 2192 cum
3176 2138 3345 2194 multa
3396 2139 3450 2194 itt
3523 2185 3526 2188 .

1853 2227 2229 2283 ecclesiastica
2261 2227 2484 2282 historia
2515 2236 2893 2296 controversa,
2922 2230 3107 2285 Dextri
3137 2229 3452 2288 testimonio

1853 2319 2175 2385 fulciantur,
2205 2330 2257 2374 et
2286 2335 2390 2376 non
2425 2335 2596 2391 pauca
2617 2335 2648 2376 a
2675 2324 2892 2378 csrteris
2922 2325 3288 2393 praetermissa
3315 2339 3445 2395 sup-

1855 2416 2186 2486 plementum
2235 2429 2329 2486 per
2369 2431 2493 2471 eum
2523 2417 2811 2486 accipiant.
2866 2421 3044 2487 Atque
3075 2433 3144 2475 ea
3187 2419 3255 2474 de
3284 2435 3448 2475 causa

1852 2507 2118 2578 quidquid
2173 2508 2226 2562 itt
2284 2507 2540 2576 Hispania
2595 2506 2814 2562 ltaliave
2859 2517 2953 2562 aut
2991 2507 3168 2564 Gallia
3217 2509 3285 2563 ad
3327 2525 3443 2565 rem

1853 2616 2028 2654 meam
2061 2602 2242 2655 facere
2267 2599 2572 2665 crederem,
2605 2599 2936 2667 conquisivi,
2966 2599 3084 2655 sive
3112 2617 3233 2670 qua:
3256 2602 3326 2657 ad
3349 2601 3449 2657 hu-

1851 2691 2128 2747 maniores
2159 2691 2370 2746 litteras
2403 2691 2546 2762 apud
2581 2690 2837 2759 profanos
2858 2734 2872 2758 ,
2907 2691 3022 2747 sive
3061 2706 3183 2764 quae
3222 2694 3287 2747 ad
3317 2694 3447 2750 soli-

1850 2784 2036 2839 diores
2066 2795 2122 2839 et
2148 2782 2362 2837 divinas
2385 2783 2527 2852 apud
2557 2793 2777 2837 sanctos
2808 2784 2998 2838 Patres
3027 2793 3083 2839 et
3110 2785 3446 2840 ecclesiasti-

1849 2893 1944 2933 cos
1995 2877 2269 2941 doctores,
2324 2877 2587 2942 concilia,
2623 2878 3032 2947 martyroiogia,
3086 2879 3441 2944 sanctoralia,

1850 2968 2031 3024 facere
2072 2969 2426 3026 existimarim
2466 2984 2615 3023 :noo
2671 2969 2882 3035 labori,
2934 2985 3044 3024 non
3083 2971 3286 3040 quieti,
3339 2987 3445 3026 non

1849 3065 2088 3130 sumptui
2139 3077 2403 3131 parcens;
2449 3061 2500 3116 id
2551 3078 2658 3130 pne
2704 3061 2877 3117 oculis
2931 3076 3151 3133 semper
3204 3062 3442 3131 habens,

161 3155 404 3220 ponderis
429 3158 829 3225 cxseriptorum
852 3170 1030 3212 errata
1063 3174 1325 3228 superare
1352 3203 1363 3218 .
1403 3162 1604 3230 quibus
1637 3173 1747 3218 ter-
1773 3143 1816 3205 (ἶ
1854 3155 2028 3210 futiles
2055 3155 2227 3222 ἱρευε,
2256 3155 2299 3208 Si
2329 3155 2612 3219 darentur.
2637 3153 2809 3218 adire.
2843 3166 2896 3209 ei
2921 3155 3252 3212 vetustiores
3275 3157 3446 3212 inter-

165 3245 229 3300 tio
251 3263 462 3319 quoque
495 3265 659 3304 versu
689 3253 1133 3307 scatebatcodex
1160 3269 1175 3318 ;
1208 3269 1442 3322 quorum
1484 3256 1744 3310 nonnulla

159 3345 471 3397 sententiam
499 3341 678 3412 ipsam
721 3343 1225 3412 interrumpebant,
1261 3361 1669 3416 nonnumquam
1691 3355 1746 3403 et

159 3437 597 3504 corrumpebant.-
657 3435 1038 3492 Clausularum
1099 3439 1610 3509 transmutationes,
1647 3440 1748 3496 du-

161 3527 486 3596 plicationes,
511 3530 948 3598 decurtationes,
976 3530 1100 3600 quis
1121 3533 1448 3588 enumerat?
1473 3533 1527 3588 in
1550 3533 1747 3604 quibus

168 3621 291 3676 mihi
317 3622 481 3677 modo
511 3622 661 3692 quod
681 3624 811 3677 olim
845 3623 908 3677 D.
945 3623 1280 3692 Hieronymo
1301 3621 1609 3679 Chronicon
1642 3626 1747 3680 Eu-

161 3716 321 3779 sehii,
349 3732 415 3770 eo
447 3716 722 3783 temporis
766 3718 941 3770 mttlto
981 3717 1276 3782 recentius,
1316 3732 1478 3786 quant
1509 3733 1651 3772 nunc
1677 3719 1750 3772 sit

167 3804 339 3863 Dextri
382 3810 698 3877 evolventi,
755 3818 811 3861 ut
863 3809 1157 3863 Latinitate
1190 3807 1438 3875 donaret,
1484 3807 1748 3864 866idl>68

161 3903 443 3971 comperio,
471 3905 544 3957 ita
577 3913 777 3958 meum
806 3917 872 3957 eu
903 3902 1106 3972 possim
1149 3902 1334 3956 dicere
1360 3920 1372 3956 :
1397 3903 1482 3956 Ad
1513 3918 1744 3957 conmm-

159 4007 272 4044 nrm
315 3994 708 4064 difﬁcultatem,
735 4009 890 4063 quam
926 3996 981 4047 in
1012 3995 1155 4048 omni
1184 3994 1609 4066 interpretatione
1643 3994 1749 4067 (di-

157 4101 270 4140 cant
301 4103 402 4159 ego
428 4087 802 4159 espmitione)
841 4089 1041 4143 causali
1079 4103 1290 4156 sumus,
1322 4088 1420 4143 hoc
1448 4088 1596 4143 nobis
1628 4103 1746 4159 pra-

159 4181 321 4247 prt'um
364 4185 560 4237 accedit
594 4199 614 4237 :
654 4184 794 4252 quod
844 4182 1061 4236 historia
1090 4179 1366 4250 multiplex
1402 4191 1510 4243 est,
1558 4179 1750 4234 habens

158 4271 364 4349 barbara
385 4279 628 4341 nomina,
646 4277 1054 4347 resincognitas,
1082 4291 1320 4330 numeros
1339 4273 1743 4341 inexplicabiles,

158 4369 368 4436 tirgalas
399 4373 557 4424 rebus
591 4371 786 4437 pariter
809 4386 870 4422 ac
896 4369 1124 4424 numeris
1151 4370 1492 4435 internatas;
1525 4379 1582 4422 ut
1624 4384 1750 4440 pene

155 4459 396 4528 diﬁciliu
419 4464 490 4516 sit
516 4461 728 4532 legendi
756 4461 992 4514 ordinem
1012 4460 1230 4528 ducere,
1265 4477 1418 4531 quant
1456 4460 1524 4515 ad
1566 4460 1746 4514 lectio-

1851 3263 2044 3318 rogare
2091 3247 2333 3313 codices,
2376 3258 2428 3301 et
2475 3262 2650 3314 neque
2682 3247 2808 3302 odio
2835 3288 2850 3313 ,
2890 3264 3067 3318 neque
3096 3263 3286 3304 amore
3327 3265 3448 3304 mo-

1850 3341 1986 3407 veri,
2047 3353 2154 3410 quo
2205 3337 2417 3393 facilius
2463 3341 2749 3394 veritatem
2805 3343 3019 3410 assequi
3082 3356 3321 3410 possem.
3384 3343 3443 3399 in

1853 3433 2108 3502 Hispania
2136 3430 2339 3502 regiam
2369 3431 2678 3487 Excurialis
2709 3431 3094 3488 bibliothecam
3135 3433 3305 3502 adivi,
3337 3433 3448 3490 Τυ-

1850 3525 2090 3581 letanam
2132 3523 2331 3580 deinde
2373 3523 2596 3581 Sancta
2624 3524 2879 3581 Primatis
2927 3526 3221 3592 Ecclesiae;
3252 3542 3441 3583 emno-

1847 3619 2066 3676 biorum
2108 3632 2239 3674 vero
2287 3617 2631 3674 diversorum
2681 3618 2789 3674 mei
2817 3617 3029 3675 ordinis
3059 3619 3292 3684 multas;
3334 3619 3444 3675 Nu-

1847 3716 2128 3770 calensem
2170 3713 2461 3782 praecipue,
2505 3711 2850 3780 Toletattant,
2883 3711 3162 3785 Spineam,
3205 3714 3442 3769 Horten-

1848 3822 1986 3876 sem,
2037 3806 2432 3864 Saintantinam
2456 3849 2471 3873 ,
2523 3803 2992 3875 Complutensem,
3025 3814 3080 3862 et
3124 3806 3288 3873 alias,
3324 3821 3446 3875 quas

1847 3910 2161 3956 sanctorum
2194 3899 2558 3968 Hispanorum
2589 3908 2708 3952 acta
2752 3898 2803 3951 iu
2855 3898 3026 3952 variis
3058 3895 3441 3967 manuscriptis

1850 3996 2248 4049 ministrarum.
2320 3988 2522 4044 Matriti
2593 3989 3004 4045 Breviariorutn
3051 3990 3437 4060 antiquorum,

1849 4100 1970 4156 quae
2001 4084 2130 4139 olim
2168 4085 2221 4137 iu
2253 4080 2487 4136 diversis
2507 4079 2770 4135 Ecclesiis
2791 4089 2948 4137 erant
2975 4083 3027 4136 in
3059 4097 3184 4150 usu,
3221 4099 3322 4152 pro
3343 4098 3441 4138 sua

1851 4180 1904 4235 in
1961 4193 2048 4233 me
2101 4176 2482 4231 benevolentia
2531 4174 2741 4242 copiam
2795 4173 2919 4229 fecit
2963 4175 3192 4231 illuStris
3220 4177 3439 4232 admod.

1852 4273 2108 4341 magister
2138 4269 2356 4339 Egidius
2395 4266 2710 4324 Gundisalvi
2762 4266 2948 4322 Davila
2978 4269 3156 4338 regius
3189 4267 3443 4324 Castelhe

1852 4361 2343 4433 historiographns,
2368 4360 2671 4431 praesertim
2703 4359 3046 4421 Salmantini.
3077 4357 3440 4429 Concitensis,

1855 4457 2125 4512 Paleutint
2147 4494 2163 4522 ,
2194 4454 2586 4518 Asturicensis,
2639 4463 2692 4508 et
2725 4453 2970 4508 Toletani
3013 4453 3306 4509 secundum
3338 4453 3447 4508 Ro-

160 4554 230 4605 nis
257 4556 494 4609 notitiam
528 4522 815 4624 pervenire.
843 4555 900 4609 4⁸
930 4554 1280 4609 Accedebant
1305 4554 1542 4625 denique
1569 4553 1749 4608 diver—
1776 4522 1828 4584 Β
1856 4565 2064 4606 manam
2093 4547 2546 4609 consuetudinem
2601 4561 2631 4600 a
2681 4546 2899 4602 Silicaeo
2929 4545 3208 4600 cardinale
3257 4545 3447 4601 excusi

154 4662 326 4702 sorum
360 4650 655 4704 hominum
687 4647 758 4702 de
803 4648 1167 4716 germanitate
1208 4647 1368 4716 hujus
1394 4647 1577 4716 operis
1601 4646 1748 4701 varie

155 4739 494 4795 sentientium
555 4739 789 4794 adversa
838 4737 1066 4807 judicia,
1097 4753 1220 4793 cum
1254 4755 1362 4792 non
1393 4752 1583 4793 omnes
1628 4753 1750 4807 ger-

155 4845 360 4886 ntautn
399 4832 582 4888 fetum
638 4831 930 4886 crederent
969 4831 1198 4898 Dextri,
1251 4832 1346 4887 sed
1376 4832 1745 4901 suppositum;

154 4922 264 4976 sive
293 4926 344 4978 in
372 4927 615 4995 gratiam
668 4926 1030 4979 immaculatae
1062 4925 1436 4994 conceptionis
1469 4923 1745 4992 Dciparaz,

149 5015 282 5083 quod
336 5017 645 5087 aliquando
692 5018 937 5072 nonnihil
991 5017 1061 5072 de
1102 5033 1163 5071 ea
1223 5016 1408 5072 dicere
1459 5016 1742 5078 credatur;

153 5110 254 5160 sive
283 5123 386 5175 pro
416 5107 696 5164 elevanda
727 5109 939 5165 ordinis
967 5111 1318 5165 eremitarum
1351 5108 1408 5162 S.
1436 5109 1742 5180 Augustini,

151 5201 468 5270 antiquitate
498 5200 874 5268 compositum
901 5241 916 5266 ,
944 5203 1088 5273 quod
1119 5217 1526 5272 nonnumquam
1559 5216 1746 5257 mona-

152 5290 363 5348 chorum
406 5295 711 5367 Augustini
745 5294 1090 5360 meminerit;
1143 5295 1434 5366 similequc
1462 5295 1529 5350 de
1579 5294 1753 5349 conti-

152 5385 396 5442 nuatione
440 5386 521 5441 bl.
567 5385 783 5441 Maximi
813 5386 985 5442 fertur
1012 5385 1302 5454 judicium,
1328 5386 1474 5456 quod
1497 5384 1754 5440 nimirum

154 5480 310 5556 multa
332 5480 404 5534 de
437 5479 659 5534 eisdem
680 5480 952 5547 eremitis,
983 5490 1038 5535 et
1075 5479 1145 5534 de
1176 5478 1543 5534 Benedictinis
1577 5492 1764 5532 mona-

149 5569 255 5623 chis
286 5572 338 5626 in
365 5587 432 5628 ea
473 5573 746 5643 legamus.
776 5573 852 5627 Ita
896 5589 1027 5628 sane
1057 5572 1204 5642 apud
1230 5572 1489 5627 mortales
1537 5588 1637 5625 usu
1680 5587 1765 5626 rc-

153 5675 382 5734 ceptum,
422 5675 486 5719 ut
521 5665 754 5735 quisque
790 5667 1007 5720 illorum
1050 5664 1440 5720 auctoritatem
1479 5664 1688 5726 elevet,
1715 5671 1768 5716 et

153 5767 482 5830 ειοεςετει.
545 5759 635 5828 qui
691 5759 854 5814 rebus
898 5758 1014 5814 suis
1063 5756 1363 5829 prodesse,
1418 5771 1605 5812 eorum
1641 5769 1770 5812 vero

1852 4646 2003 4714 (nam
2040 4643 2308 4698 vetustius
2353 4639 2652 4696 secundum
2697 4639 2948 4694 ordinem
2976 4639 3033 4695 S.
3079 4639 3294 4704 isidori,
3326 4638 3446 4694 Μο-

1849 4736 2037 4791 ιαωόε
2083 4733 2247 4803 vulgo
2279 4741 2644 4802 nuncupatum
2671 4775 2686 4800 ,
2723 4747 2847 4788 cum
2877 4731 3078 4797 Toleti,
3112 4742 3223 4787 tum
3256 4732 3444 4788 Romae

1854 4837 2042 4886 nactus
2095 4827 2266 4895 sum).
2300 4826 2424 4880 Haec
2450 4824 2697 4894 profecto
2728 4826 2950 4879 multam
2983 4824 3116 4879 miiti
3151 4841 3247 4894 pro
3278 4839 3446 4895 opere

1853 4918 2198 4986 instruendo,
2229 4927 2283 4973 et
2307 4916 2558 4972 ornando
2581 4915 2976 4984 supellectilem
3005 4917 3446 4987 suppeditarunt.

1855 5013 1935 5069 Ad
1959 5011 2163 5068 Urbem
2194 5024 2316 5064 cum
2339 5007 2572 5073 accessi,
2596 5005 2978 5063 bibliodtecant
3004 5009 3316 5065 Vaticanam
3341 5025 3451 5064 non

1857 5105 2025 5162 semel
2056 5103 2232 5168 adivi,
2279 5098 2507 5170 Collegii
2551 5100 2782 5155 Romani
2833 5102 3156 5171 smpissime,
3200 5101 3458 5158 illustris-

1859 5197 1985 5253 simi
2035 5211 2100 5252 ac
2140 5192 2576 5250 reverendissimi
2635 5191 2844 5247 domini
2889 5195 2996 5249 mei
3047 5194 3343 5250 cardinalis
3385 5195 3453 5249 de

1861 5292 2060 5358 Treio,
2102 5303 2226 5360 quae
2268 5302 2366 5359 pro
2411 5285 2636 5353 eximia,
2691 5285 3093 5358 omnigenaque
3147 5288 3457 5345 eruditione

1867 5385 2000 5439 tanti
2032 5381 2302 5454 principis
2331 5377 2756 5448 locupletissima
2784 5386 2888 5443 est,
2921 5379 3146 5434 multam
3171 5380 3344 5436 lucem
3375 5391 3460 5438 at-

1869 5477 2007 5532 tulit.
2063 5474 2323 5530 Aniciana
2352 5471 2672 5540 Gregoriani
2719 5469 2989 5542 Collegii,
3035 5487 3134 5543 pro
3181 5473 3464 5530 monachis

1870 5568 2106 5624 universi
2136 5564 2346 5621 ordinis
2387 5564 2445 5621 S.
2472 5563 2651 5618 Patris
2684 5563 3005 5632 Benedicti,
3046 5581 3237 5621 recens
3265 5569 3462 5633 creeti,

1873 5675 1899 5714 a
1931 5662 1996 5716 Β.
2028 5660 2087 5715 P.
2120 5668 2172 5714 et
2197 5657 2373 5712 amico
2395 5654 2720 5712 charissimo
2738 5655 2802 5713 D.
2823 5657 3176 5711 Constantino
3203 5655 3466 5711 Caietano

1874 5753 1986 5810 suis
2008 5750 2223 5809 abunde
2247 5750 2471 5807 laudato
2494 5749 2714 5821 scriptis
2731 5749 2862 5805 satis
2882 5747 3088 5819 adjuvit
3114 5766 3126 5802 :
3159 5748 3474 5817 profuitque
