3978 6290
518 288 591 349 t7
1056 267 1073 309 '

1442 278 1741 341 FLAVIUS
1784 276 2036 339 LUCIUS
2073 274 2359 338 DEXTER
2393 273 2922 337 CllRONOLOGUS.
3746 272 3815 330 ιε

526 412 935 475 nonnumquam
966 396 1202 454 invisere
1232 393 1667 451 Vailicellensem
1694 435 1709 462 ,
1744 392 1895 448 card.
1950 392 2119 447 Baro-
2146 394 2196 455 Α
2224 390 2694 463 patrocinantibus
2736 390 2986 460 ingentes
3022 379 3521 442 misericordiarum
3554 381 3656 439 Dei
3700 381 3817 440 the-

530 496 611 552 nii
650 494 843 554 studiis
893 493 1239 549 illustratum.
1272 490 1337 545 Et
1377 498 1434 543 ut
1476 489 1610 543 alias
1641 485 1893 542 brevitati
1924 500 2121 541 consu-

528 592 672 659 lens,
705 590 947 647 omittam
967 629 983 656 ,
1007 599 1339 660 magnopere
1365 583 1597 641 contulit
1621 584 1679 639 S.
1714 581 1859 637 Petri
1887 581 1940 637 in
1971 581 2121 635 Mon-

526 693 584 742 te
608 685 788 741 Aureo
808 680 1172 749 bibliotheca,
1204 681 1257 734 in
1286 693 1390 750 qua
1424 677 1577 733 velut
1606 675 1659 731 in
1690 675 1853 731 domo
1880 672 2117 745 propria,

526 775 864 848 benignitate
890 775 1133 829 auctoris
1160 770 1353 842 ipsius,
1384 768 1629 841 quotidie
1660 767 1774 823 fere
1797 766 1968 823 labori
1998 778 2123 821 meo

526 866 913 925 incumbebam
940 906 956 932 ,
987 863 1244 930 consilio,
1292 871 1349 918 et
1387 860 1594 932 judicio
1631 859 1851 928 adjutus
1874 856 1944 911 Β.
1974 856 2119 911 adm.

524 961 707 1019 Patris
734 961 895 1016 Luca:
922 956 1218 1028 Waddingi
1240 1001 1255 1025 ,
1288 955 1472 1012 Sacrae
1496 953 1810 1024 Theologiae
1840 951 2124 1023 praelecto-

529 1056 631 1125 ris,
684 1068 748 1109 ac
788 1051 954 1108 totius
985 1048 1257 1120 seraphici
1288 1047 1497 1104 ordinis
1538 1042 2121 1114 archichronographi,

529 1147 688 1217 cujus
717 1143 1047 1201 bibliotheca
1078 1144 1192 1213 ipsa
1219 1151 1325 1207 est,
1354 1148 1411 1197 et
1438 1140 1608 1194 multa
1637 1137 1897 1207 variaque
1934 1149 2121 1206 opera,

534 1255 655 1312 quae
684 1238 881 1311 partim
928 1237 1074 1292 edita
1099 1277 1114 1299 ,
1159 1235 1354 1305 partim
1406 1232 1725 1304 quantocius
1758 1230 1968 1287 edenda
2009 1243 2124 1298 pra:

532 1332 786 1389 manibus
822 1330 1005 1395 habet,
1035 1329 1311 1400 ingentem
1345 1326 1427 1381 illi
1459 1326 1767 1397 parturiunt
1802 1322 2031 1395 gloriam
2071 1328 2127 1376 et

534 1426 825 1482 honorem.
856 1423 927 1479 Et
957 1422 1076 1478 haec
1122 1421 1304 1476 omnia
1336 1435 1434 1491 pro
1465 1419 1748 1485 varietate,
1782 1414 2122 1486 antiquitate,

533 1526 592 1576 et
621 1518 861 1574 novitate
884 1515 1129 1571 historia:
1158 1513 1346 1569 Dextri
1376 1510 1717 1577 elucidanda,
1744 1516 1803 1566 et
1828 1523 1927 1580 pro
1955 1505 2123 1562 chro-

533 1610 735 1683 noligia
759 1607 1045 1680 :equanda,
1075 1607 1328 1661 evolvere
1351 1620 1457 1659 non
1486 1603 1749 1658 dubitavi.

603 1700 948 1772 Geographia
984 1698 1275 1769 llispanica
1306 1696 1538 1767 petenda
1588 1693 1689 1749 fuit
1725 1692 1795 1748 ab
1832 1690 2126 1748 Ambrosio

2225 497 2416 538 sauros
2460 496 2709 538 reserare
2751 478 2970 536 dabitur
3013 476 3193 546 nobis,
3230 476 3403 531 multo
3448 490 3611 547 quam
3656 484 3815 532 antea

2226 576 2573 648 locupletius.

2298 670 2354 725 ln
2400 670 2655 726 lectionis
2690 682 2827 725 vero
2867 675 3048 724 textus
3074 664 3260 722 Dextri
3296 663 3678 722 emendatione
3709 678 3818 719 non

2228 761 2409 817 minus
2438 760 2834 816 elaborandum
2865 758 3026 814 nobis
3057 757 3181 826 fuit,
3221 771 3288 813 eo
3317 757 3644 828 prtesertim,
3675 754 3817 825 quod

2225 852 2402 910 codex
2435 853 2550 927 ipse
2570 851 2851 923 originalis
2871 850 3083 907 mendis
3108 838 3524 922 quamplurimis
3549 847 3815 919 scatebat,

2227 955 2281 1000 et
2309 958 2672 1000 amanuenses
2701 943 2793 1015 qui
2833 942 2960 999 inde
2987 957 3115 999 suos
3153 948 3539 1006 extraxerant,
3583 939 3819 996 servatis

2228 1038 2358 1105 illis,
2389 1038 2725 1094 admiserant
2755 1052 2915 1104 nova,
2947 1036 3091 1092 unde
3117 1036 3343 1093 difﬁcile
3375 1035 3545 1105 potuit
3576 1034 3821 1106 pristina:

2228 1129 2451 1200 puritati
2480 1130 2695 1185 restitui
2721 1145 2735 1183 :
2763 1129 2934 1185 multa
2966 1140 3149 1184 tamen
3178 1143 3300 1200 quae
3329 1126 3679 1199 postmodum
3724 1125 3823 1181 ad-

2228 1225 2399 1278 mixta
2430 1232 2577 1290 sunt,
2613 1223 2736 1278 aliis
2764 1223 2937 1293 copiis
2969 1222 3183 1279 collatis
3213 1223 3452 1288 resecui;
3484 1230 3538 1279 et
3565 1222 3675 1277 alia
3698 1236 3821 1293 qum

2229 1329 2297 1371 ex
2328 1315 2564 1370 lectione
2593 1316 2732 1385 ipsa,
2762 1314 2998 1371 evidenti
3029 1319 3369 1373 correctione
3395 1315 3638 1385 indigere
3671 1314 3824 1385 judi-

2228 1415 2346 1464 cata
2380 1416 2526 1475 sunt,
2558 1418 2616 1462 et
2654 1422 2900 1463 errorem
2938 1423 3046 1464 non
3075 1408 3338 1475 auctoris,
3373 1409 3468 1464 sed
3509 1408 3821 1479 exscripto-

2229 1501 2306 1558 ris
2333 1502 2620 1556 manifeste
2648 1505 2972 1573 arguebant,
3009 1503 3319 1559 emendavi.
3354 1503 3601 1574 Exempli
3630 1517 3820 1571 causa,

2231 1610 2375 1651 anno
2417 1593 2630 1649 Domini
2674 1594 2783 1651 500
2811 1606 2929 1651 erat
2977 1596 3061 1652 bis
3111 1596 3311 1665 scripta
3358 1596 3583 1651 totidem
3637 1596 3823 1651 verbis

2229 1690 2502 1745 sententia
2544 1686 2638 1743 illa
2678 1705 2690 1741 :
2729 1688 3141 1745 Mellariaurbe
3192 1688 3469 1760 Hispania:
3513 1689 3567 1742 in
3597 1688 3820 1757 Baetica,

530 1797 763 1857 Moralio
785 1839 801 1865 ,
830 1794 1096 1851 Floriano
1138 1792 1206 1848 de
1256 1793 1496 1862 Ocampo
1516 1832 1532 1858 ,
1575 1786 1882 1852 Resendio,
1926 1785 2124 1851 Nonio,
2155 1791 2206 1851 Β
2232 1782 2293 1838 S.
2322 1781 2539 1839 Firmus
2565 1794 2780 1856 martyr,
2811 1794 2944 1851 etc.,
2969 1798 3142 1854 usque
3171 1783 3236 1837 ad
3268 1797 3367 1839 sex
3401 1797 3626 1849 versus;
3652 1797 3826 1854 quare

537 1890 821 1959 Quevedo,
851 1887 1114 1955 Mariana,
1146 1885 1354 1951 Zurita,
1395 1883 1561 1949 Goes,
1591 1882 1820 1947 Blanca,
1854 1877 2129 1935 Beuthero

534 1989 593 2038 et
617 1981 739 2035 aliis
769 1978 889 2049 ejus
919 1976 1226 2049 argumenti
1258 1974 1602 2039 auctoribus;
1649 1971 1929 2042 multoque
1972 1983 2130 2025 exac-

535 2072 646 2128 tius
673 2087 704 2127 a
732 2070 1057 2135 Ptolomaeo,
1080 2067 1380 2132 Antonino,
1402 2065 1729 2134 Pomponio,
1757 2063 1957 2128 Plinio,
1980 2061 2131 2118 Stra-

536 2164 701 2231 bone,
734 2161 987 2232 Appiano
1016 2159 1412 2223 Alexandrino,
1443 2157 1666 2225 Solino,
1698 2165 1753 2212 et
1782 2159 1864 2212 eis
1906 2152 2131 2226 aequali-

535 2257 672 2323 bus;
705 2268 807 2310 nec
834 2251 1124 2309 omittendi
1152 2250 1308 2306 fuere
1337 2249 1599 2313 Ortelius,
1634 2249 1925 2317 Mercator,
1954 2246 2129 2302 Villa-

535 2362 702 2413 nova,
733 2344 1007 2411 Moletius,
1040 2343 1261 2409 Millius,
1291 2341 1683 2407 Nebrissensis,
1720 2341 1958 2407 Taraﬂ‘a,
2002 2338 2131 2395 Clu-

532 2440 669 2506 sius,
704 2446 759 2494 et
788 2436 1126 2493 diversorum
1158 2450 1451 2504 regnorum
1482 2434 1649 2489 varia:
1675 2433 1940 2502 historiae,
1975 2432 2053 2488 uti
2073 2433 2131 2488 in

536 2531 687 2587 hisce
714 2527 1125 2586 commentariis
1163 2527 1543 2599 experimento
1591 2526 1751 2582 facile
1802 2526 2130 2597 comproba-

528 2623 699 2680 bitur.
730 2622 875 2679 Sane
902 2621 1066 2677 rebus
1100 2620 1293 2689 patria
1320 2634 1435 2676 suae
1467 2627 1676 2674 tantam
1712 2628 1910 2674 auctor
1942 2626 2131 2673 noster

532 2715 712 2773 lucem
741 2714 917 2782 affert,
970 2713 1312 2785 singulorum
1363 2720 1662 2784 martyrum
1710 2710 1874 2766 urbes
1914 2709 2134 2781 proprio

536 2816 733 2862 notans
780 2806 1004 2861 nomine
1043 2821 1056 2858 :
1100 2805 1414 2870 Doctorum,
1467 2812 1525 2858 et
1572 2803 1988 2873 episcoporum,
2038 2800 2133 2871 qui

538 2899 735 2969 priscis
761 2898 870 2953 illis
901 2898 1238 2968 temporibus
1266 2907 1377 2953 tota
1426 2897 1685 2968 HiSpania
1711 2896 1949 2952 ﬂoruere
1980 2894 2135 2950 illus-

534 2999 647 3047 tres
676 2990 932 3060 ingerens
960 2990 1274 3056 memorias,
1306 3004 1335 3043 a
1367 2989 1564 3060 quibus
1594 2989 1830 3060 denique
1862 2986 2133 3045 catholica

536 3082 674 3137 ﬁdes
705 3078 880 3148 initia,
928 3094 1253 3150 progressus
1292 3091 1349 3135 et
1392 3090 1683 3151 augmenta
1720 3082 1959 3152 ceperit,
2010 3094 2134 3151 qua:

2232 1874 2404 1929 semel
2452 1874 2734 1931 dumtaxat
2771 1874 2935 1930 scribi
2983 1874 3193 1931 debuit.
3251 1874 3478 1944 Insuper
3527 1890 3672 1929 anno
3716 1874 3827 1930 Do-

2233 1969 2364 2024 mini
2397 1969 2489 2035 86,
2528 1981 2646 2024 erat
2690 1971 3004 2041 intermixta
3036 1970 3299 2025 memoria
3338 1969 3400 2026 S.
3428 1968 3665 2025 Narcissi
3696 1969 3831 2025 Bra-

2233 2062 2478 2117 carensis
2500 2062 2762 2134 episcopi,
2799 2061 3073 2118 Gerunda:
3102 2062 3303 2130 occisi,
3345 2063 3436 2131 qui
3485 2072 3666 2119 tamen
3710 2062 3833 2131 ipso

2234 2154 2441 2209 Dextro
2472 2163 2611 2210 teste
2658 2163 2782 2224 post
2828 2153 2936 2211 20f)
2984 2153 3098 2211 fere
3137 2168 3312 2210 annos
3345 2162 3571 2210 necatus
3614 2154 3746 2220 fuit;
3778 2166 3835 2212 et

2234 2246 2302 2301 de
2331 2246 2449 2317 ejus
2477 2248 2741 2319 martyrio
2770 2246 2962 2302 scribit
2987 2246 3057 2301 ad
3085 2262 3217 2302 ann.
3248 2246 3375 2313 277,
3398 2247 3540 2302 unde
3561 2249 3833 2304 memoria

2234 2342 2326 2398 illa
2365 2344 2520 2413 prior
2563 2342 2796 2414 expungi
2838 2342 3045 2398 debuit.
3094 2344 3250 2398 Anno
3294 2343 3399 2399 llo
3446 2342 3714 2414 agebatur
3762 2342 3834 2399 de

2235 2433 2540 2507 Porphyrio
2592 2435 2955 2505 philosopho,
3026 2444 3082 2489 et
3130 2435 3491 2505 scriptoribus
3535 2448 3663 2490 eum
3720 2434 3834 2489 im-

2238 2524 2629 2595 pugnantibus,
2683 2540 2805 2581 cum
2866 2536 3047 2580 tamen
3104 2523 3158 2580 id
3209 2526 3337 2581 anni
3388 2525 3495 2583 ’510
3547 2524 3834 2596 proprium

2235 2625 2405 2682 esset,
2436 2626 2492 2673 et
2516 2618 2615 2687 ipsi
2646 2617 2955 2673 necessario
2988 2616 3407 2673 restituendum.
3439 2616 3668 2671 Nomina
3704 2631 3840 2688 pro-

2236 2709 2351 2779 pria
2377 2708 2591 2764 urbium
2624 2718 2679 2766 et
2702 2724 3086 2780 personarum,
3119 2710 3163 2763 si
3194 2724 3313 2779 qua:
3340 2708 3541 2765 alicubi
3568 2717 3836 2780 corrupta

2236 2809 2412 2863 erant,
2458 2814 2523 2855 ex
2554 2799 2678 2855 aliis
2706 2800 2949 2870 ejusdem
2987 2801 3231 2855 auctoris
3278 2800 3637 2865 testimoniis,
3678 2810 3737 2856 et
3766 2815 3839 2856 ex

2237 2882 2469 2948 lectione
2500 2893 2845 2964 antiquorum
2869 2892 2961 2963 qui
2992 2894 3060 2948 de
3088 2893 3157 2948 iis
3191 2902 3452 2961 tractant,
3497 2894 3698 2963 corrigi
3733 2893 3837 2950 de-

2238 2985 2405 3041 buere
2434 3004 2446 3041 :
2476 2986 2580 3041 alia
2613 2999 2743 3041 vero
2771 3002 2835 3040 ex
2866 2985 3318 3041 antecedentibus
3346 2995 3401 3040 et
3434 2986 3839 3054 consequenti-

2238 3081 2341 3134 bus
2370 3078 2530 3134 facile
2556 3077 2659 3133 fuit
2685 3077 3013 3145 emendare;
3046 3088 3100 3134 et
3148 3077 3498 3133 nihilominus
3522 3076 3706 3132 adhuc
3732 3091 3840 3132 suo

539 3173 705 3229 nrbes
748 3172 1153 3245 przecipuorum
1188 3181 1494 3244 martyrum
1536 3175 1800 3245 sanguine
1844 3174 2135 3229 rubricata:
2162 3177 2208 3241 (ζ
2242 3171 2411 3226 nitori
2451 3172 2647 3226 Dexter
2667 3172 2879 3226 restitui
2906 3186 3015 3225 non
3040 3170 3234 3237 valuit,
3263 3185 3330 3226 eo
3374 3169 3645 3241 prtecipue
3682 3170 3839 3240 quod

539 3262 795 3333 fuerunt,
846 3277 1037 3335 quasve
1068 3262 1320 3319 conciliis
1350 3276 1667 3333 magnorum
1714 3264 1938 3319 Patrum
1969 3261 2133 3318 coho-

541 3366 802 3425 nestatte;
834 3357 926 3428 qui
967 3370 1214 3425 errores,
1246 3364 1303 3412 et
1341 3355 1545 3413 abusus
1572 3356 1625 3413 in
1672 3357 1741 3412 iis
1778 3355 2049 3423 damnati,
2084 3366 2138 3412 et

539 3451 801 3508 eliminati
827 3467 841 3506 :
868 3460 929 3506 ut
952 3450 1079 3520 jure
1102 3449 1309 3520 optimo
1338 3449 1561 3522 Hispani
1590 3464 1786 3510 omnes
1830 3458 1983 3505 tanto
2008 3464 2138 3505 auc-

538 3543 644 3599 tori
669 3540 1001 3615 plaudentes
1022 3554 1333 3612 assurgere,
1365 3547 1421 3596 et
1452 3539 1605 3610 (Deo
1641 3538 1770 3611 Opt.
1813 3540 1957 3595 Max.
2012 3554 2138 3611 gra-

537 3636 733 3690 tiarum
765 3634 1007 3705 primum
1048 3632 1360 3689 actionibus
1398 3632 1705 3688 decantatis
1752 3647 1852 3704 pro
1876 3631 2135 3687 Chronici

541 3726 852 3784 istiusmodi
879 3724 1238 3798 inventione)
1271 3727 1324 3779 in
1354 3725 1474 3797 ejus
1499 3738 1788 3780 occursum
1818 3724 1952 3780 illud
1983 3726 2136 3780 Cice-

542 3819 699 3876 ronis
730 3819 832 3875 sibi
879 3832 1160 3875 assumere
1187 3827 1409 3889 queant,
1440 3817 1537 3873 lib.
1570 3833 1588 3871 ι
1619 3817 1786 3873 Acad.
1828 3828 2023 3888 quaest.
2068 3818 2136 3873 de

542 3912 614 3969 Μ.
646 3913 890 3968 Varrone
925 3929 936 3965 :
969 3911 1082 3967 Nos
1126 3913 1180 3966 in
1224 3913 1416 3968 nostris
1462 3911 1675 3967 urbibus
1722 3913 2131 3984 peregrinantes,

536 4014 867 4077 errantesque
895 4013 1157 4076 tamquam
1183 4005 1432 4076 hospites,
1474 4008 1553 4061 tui
1587 4005 1710 4061 libri
1744 4008 1895 4075 quasi
1919 4007 2134 4062 domum

540 4097 901 4153 reduxerunt:
930 4106 986 4151 ut
1016 4113 1278 4168 possemus
1308 4097 1626 4168 aliquando,
1664 4097 1755 4169 qui
1796 4106 1846 4153 et
1881 4098 1967 4152 ubi
1994 4115 2123 4153 esse«

539 4207 678 4260 mus,
706 4207 1005 4265 agnoscere.
1056 4191 1134 4246 Tu
1176 4201 1378 4247 aztatem
1425 4193 1631 4263 patrita,
1676 4202 1731 4245 tu
1760 4190 2135 4261 descriptiones

536 4293 859 4356 temporum;
890 4293 946 4338 tu
975 4300 1243 4339 sacrorum
1261 4286 1413 4355 jura,
1449 4294 1503 4337 tu
1532 4283 1897 4349 sacerdotum;
1942 4290 1997 4337 tu
2038 4284 2135 4337 do-

535 4376 818 4444 mesticam,
852 4384 907 4429 tu
930 4373 1172 4428 bellicam
1188 4374 1555 4443 disciplinam;
1572 4381 1627 4425 tu
1642 4373 1817 4426 sedem
1837 4374 2131 4442 regionum,

532 4475 590 4521 tu
621 4466 893 4531 locorum;
933 4474 989 4519 tu
1035 4466 1265 4519 omnium
1303 4464 1633 4529 diuinarum,
1683 4464 2131 4535 humanarumque

2245 3263 2402 3318 nobis
2442 3273 2656 3317 constet
2680 3262 2938 3318 nonnulla
2970 3263 3022 3317 in
3053 3278 3119 3318 eo
3149 3263 3239 3333 qui
3261 3272 3461 3329 exstat,
3503 3261 3839 3330 desiderari,

2238 3373 2361 3430 quae
2392 3356 2680 3412 manifesto
2706 3368 3023 3428 argumento
3045 3355 3215 3428 liquet
3238 3372 3270 3412 a
3304 3358 3501 3413 Dextro
3529 3356 3713 3411 omitti
3740 3372 3845 3413 ne-

2239 3453 2506 3522 quivisse.
2530 3450 2663 3517 Quis
2691 3450 2894 3507 etenim
2923 3450 3028 3507 sibi
3057 3450 3412 3521 persuadeat,
3452 3449 3509 3506 S.
3554 3449 3843 3505 Vincentii

2240 3545 2445 3602 Levita:
2496 3545 2973 3616 Caesaraugustam
3028 3545 3457 3601 illustrissimum
3512 3554 3631 3600 tcto
3694 3544 3845 3601 orbe

2241 3640 2559 3711 martyrium
2584 3656 2611 3693 a
2644 3640 2844 3696 Dextro
2869 3640 3090 3696 silentio
3113 3640 3449 3695 involutum?
3470 3639 3602 3707 Quis
3627 3651 3843 3698 sanctzc

2238 3734 2490 3805 virginis,
2526 3749 2590 3788 ac
2618 3734 2871 3806 Martyris
2900 3733 3136 3790 Eulaliae
3164 3734 3607 3801 Barcinonensis,
3639 3736 3845 3805 patria:

2237 3827 2408 3896 ipsius
2442 3828 2629 3883 Dextri
2655 3827 3001 3896 protectricis
3031 3828 3348 3883 memoriam
3383 3828 3452 3883 ab
3480 3827 3565 3883 his
3609 3828 3842 3899 scriptis

2238 3918 2607 3974 eliminatam?
2637 3918 2768 3988 Quis
2812 3919 3127 3975 Marcellum
3159 3920 3526 3991 legionensem
3556 3924 3845 3978 centurio-

2239 4026 2385 4077 nem,
2415 4022 2471 4067 et
2502 4011 2569 4067 12
2589 4011 2707 4083 ejus
2736 4010 2874 4068 ﬁlios
2905 4020 3021 4068 tota
3051 4013 3307 4084 Hispania
3350 4013 3690 4081 notissimos,
3721 4031 3842 4072 non

2239 4102 2497 4157 habuisse
2542 4101 2594 4157 in
2645 4102 2729 4158 his
2757 4103 3052 4159 (Ihronicis
3098 4106 3275 4160 locum
3315 4105 3661 4177 suspicetur?
3693 4121 3845 4177 pra:-

2239 4198 2431 4252 sertim
2481 4210 2605 4250 cum
2650 4196 2790 4266 apud
2840 4195 3014 4252 Clem.
3066 4198 3418 4254 Prudentium
3472 4199 3661 4270 legerit
3712 4200 3842 4270 ipse

2240 4289 2499 4361 hymnum
2543 4289 2597 4343 in
2644 4288 2859 4345 laudem
2906 4289 3004 4347 SS.
3054 4290 3361 4359 Emitherii,
3418 4298 3477 4347 et
3517 4289 3841 4349 Chelidonii

2238 4390 2541 4451 martyrum
2611 4379 3187 4451 Calagurritanorum,
3272 4384 3505 4439 filiorum
3580 4382 3839 4452 eiusdem

2238 4468 2295 4524 S.
2350 4469 2594 4525 Marcelli
2628 4487 2642 4524 :
2686 4480 2743 4525 ut
2772 4472 2987 4527 interim
3020 4477 3089 4529 de
3120 4474 3244 4530 aliis
3287 4474 3561 4529 nonnullis
3593 4483 3837 4544 taceam,

533 4573 712 4612 rerum
739 4558 970 4620 nomina,
1004 4556 1207 4626 ofﬁcia,
1256 4571 1442 4608 causas
1487 4554 1759 4624 aperuisti.
1804 4556 1882 4612 Ita
1910 4572 2133 4627 prorsus
2159 4558 2215 4620 D
2240 4569 2299 4616 ut
2328 4560 2482 4616 Zoilo
2510 4576 2634 4617 cum
2664 4564 2827 4620 sociis
2867 4564 2959 4631 i9,
3005 4564 3267 4622 GerOntio
3313 4566 3512 4623 Italicae
3540 4567 3837 4640 episcopo,

530 4650 693 4705 nobis
738 4647 925 4704 Dextri
982 4647 1251 4703 beneﬁcio
1301 4647 1569 4703 accidisse
1612 4658 1956 4719 compertum
2002 4661 2131 4709 est:

533 4738 699 4793 nrbes
724 4737 869 4793 enim
911 4745 967 4793 et
1015 4737 1217 4807 oppida
1268 4736 1542 4808 Hispania:
1571 4739 1726 4809 quasi
1783 4741 2029 4813 hospites
2079 4754 2136 4801 et

530 4828 803 4899 peregrini
835 4828 1237 4897 incolebamus,
1263 4829 1391 4899 quid
1429 4830 1556 4885 olim
1585 4831 1798 4904 insigne
1836 4836 1893 4891 in
1927 4836 2008 4891 eis
2037 4852 2129 4894 ac-

525 4919 725 4976 ciderit
756 4920 1108 4991 ignorantes;
1140 4935 1276 4992 quos
1306 4935 1670 4991 praecessores
1702 4923 1832 4981 inibi
1864 4926 2126 4998 insignes,

532 5026 675 5085 quos
707 5022 1003 5085 martyres,
1035 5028 1172 5084 quos
1203 5014 1495 5081 antistites,
1529 5031 1666 5087 quos
1704 5017 1960 5077 doctores
1989 5021 2130 5089 pris-

525 5106 609 5162 cis
640 5105 977 5176 temporibns
1025 5121 1105 5161 ea:
1140 5106 1306 5163 urbes
1354 5109 1708 5180 pepererint,
1744 5125 1844 5167 nos
1876 5112 2124 5167 latebat:

525 5213 670 5253 nunc
696 5213 829 5253 vero
856 5199 1117 5256 tutelares
1139 5217 1388 5273 magnos,
1424 5214 1685 5274 patronos
1712 5205 1967 5273 eximios,
1992 5222 2123 5262 con-

524 5289 677 5344 cives
706 5288 943 5359 nobiles,
975 5290 1163 5348 dulces
1190 5294 1409 5364 fratres,
1447 5296 1649 5353 Dextro
1670 5296 1832 5367 duce,
1864 5298 2121 5371 deinceps

518 5394 901 5455 agnoscamus,
924 5385 1323 5457 reverebimur,
1358 5388 1872 5461 solemnizabimus,
1912 5402 1966 5451 et
1988 5392 2122 5461 ipsis

2238 4653 2440 4710 Evasio
2465 4656 2794 4724 Cassalensi,
2830 4658 3195 4730 Hermogene,
3228 4668 3284 4714 et
3314 4659 3542 4721 Donato.
3576 4659 3734 4731 Lupo
3783 4675 3843 4718 et

2236 4750 2481 4815 Aurelia,
2518 4751 2749 4823 Cyriaco
2775 4760 2830 4807 et
2867 4751 3057 4819 Paula,
3083 4753 3342 4809 Sandalio
3381 4754 3750 4820 Cordubensi,
3784 4768 3844 4811 et

2236 4842 2508 4898 Dalmatio
2536 4842 2901 4914 Gerundensi,
2949 4862 3178 4916 quorum
3224 4848 3469 4903 nonnulli
3522 4847 3705 4904 forsan
3768 4852 3844 4905 ad

2234 4934 2354 5005 ejus
2388 4935 2636 4990 notitiam
2669 4952 2776 4991 non
2807 4952 3134 5007 pervenere.
3162 4940 3230 4995 Et
3258 4939 3386 5010 quid
3418 4940 3559 4995 ultra
3604 4956 3847 5012 progre-

2230 5026 2456 5081 dimur?
2480 5024 2643 5081 Certe
2662 5025 2919 5084 ‘laborcm
2943 5030 3013 5103 _in
3053 5030 3135 5084 his
3164 5032 3447 5088 Chronicis
3488 5031 3845 5091 illustrandis

2232 5132 2262 5171 a
2294 5117 2455 5172 nobis
2487 5116 2810 5187 prmstitum,
2843 5130 2897 5174 et
2923 5122 3240 5178 eorumdem
3276 5124 3651 5181 incredibilem
3675 5128 3845 5182 utili-

2231 5218 2433 5276 tatem,
2486 5210 2719 5265 lcctione
2763 5211 2876 5266 sola
2922 5212 3158 5270 lectores
3198 5216 3302 5271 mei
3349 5226 3607 5285 poterunt
3633 5218 3848 5288 depre-

2228 5302 2495 5357 hendere.
2530 5302 2757 5372 Legant,
2796 5320 3018 5375 qumso,
3069 5316 3125 5361 et
3174 5325 3371 5378 magno
3420 5310 3683 5367 Ecclesia:
3735 5314 3844 5371 Dei

2228 5393 2393 5461 bono,
2426 5394 2689 5450 Dextrum
2718 5396 2769 5451 in
2804 5398 2997 5468 vulgus
3023 5398 3175 5455 exire
3200 5411 3557 5473 cognoscant.

1875 5657 2456 5701 *ς’-Ἥ
