4004 6184
170 162 232 222 55
1198 163 1428 224 FLAVI!
1467 163 1648 224 LUCll
1686 163 1945 223 DEXTRI
1981 168 2394 230 CHRONICON.

3379 180 3448 236 54

1369 303 1626 362 BlVARll
1664 302 2232 369 COMMENTARIUS.
2255 315 2258 318 ’

171 418 562 499 aﬂegtusdotnl
594 419 814 499 tandem
842 433 954 499 sate
983 420 1125 499 apud
1157 420 1430 499 Barcinan
1447 437 1534 478 em
1565 435 1624 477 se
1662 435 1748 478 re-
1779 422 1828 482 Δ
1857 423 2172 499 sulfuratus
2189 427 2389 499 (neque
2421 431 2566 484 enim
2611 429 2822 499 Fnldae,
2847 432 2944 489 sed
2989 433 3308 491 Wormatize
3361 451 3449 491 re-

172 493 325 562 cepit,
358 491 445 545 tibi
481 493 645 547 linem
689 493 864 548 eidem
897 493 1153 563 imposuit
1183 507 1355 549 senex
1378 493 1490 563 jam
1527 502 1584 549 et
1621 508 1754 548 cou-

177 563 319 620 fecta-
348 565 544 618 artatis.

234 635 347 702 Quo
389 634 511 688 loco
545 633 678 689 illud
713 634 1016 690 monuerim
1051 634 1310 701 lectores,
1335 635 1534 702 triplici
1569 651 1635 689 ex
1663 649 1754 690 ca-

173 705 275 773 pite
301 706 823 780 gravitatemhnjus
852 705 1110 764 Ctironici
1155 707 1208 763 in
1241 709 1494 780 praesenti
1521 707 1753 780 epistola

169 776 572 848 commendari;
605 777 650 832 si
690 778 834 832 enim
872 789 1154 834 auctorem
1197 776 1580 848 respiciamus,
1613 793 1752 844 pra:-

171 847 334 902 fectus
373 851 635 917 praetorio
673 859 758 902 cst
792 848 1085 903 Orientalis
1115 849 1351 915 imperii,
1381 860 1433 903 et
1474 849 1750 904 secundas

171 929 340 988 partes
369 930 482 980 post
517 918 798 976 Ctesarem
832 920 1020 973 habuit
1043 935 1058 974 :
1081 929 1137 974 et
1163 919 1233 973 de
1263 929 1413 974 tanto
1439 919 1560 974 viro
1603 935 1743 987 pra:-

170 989 481 1044 sumentlum
502 1000 609 1055 est,
637 991 775 1044 nihil
800 991 901 1045 sub
921 1005 1022 1045 suo
1048 989 1270 1045 nomine
1300 994 1350 1045 in
1381 991 1558 1045 lucem
1583 991 1749 1046 edere

169 1059 396 1124 duxisse,
422 1062 569 1132 quod
618 1077 803 1132 rerum
832 1071 926 1115 aut
965 1061 1124 1117 valde
1178 1061 1459 1132 probabile
1501 1077 1608 1118 non
1640 1062 1743 1127 sit;

171 1146 261 1187 nec
300 1133 439 1186 enim
477 1131 703 1197 fabulis,
734 1143 825 1188 aut
862 1132 1018 1203 nugis
1047 1147 1272 1188 vacasse
1299 1133 1604 1186 credendus
1637 1142 1742 1202 est,

170 1212 256 1256 aut
282 1214 472 1269 sponte
513 1203 767 1272 decipere
792 1205 1054 1269 voluisse,
1085 1205 1216 1271 quin
1261 1203 1442 1272 potius
1473 1203 1604 1257 nihil
1639 1221 1743 1258 non

171 1289 373 1344 purum,
396 1275 528 1327 nihil
555 1289 662 1329 non
687 1275 1068 1344 undecumque
1092 1275 1380 1344 probatum
1405 1285 1460 1328 et
1486 1283 1746 1332 Constans

172 1359 262 1399 suo
281 1347 428 1414 operi
458 1346 781 1401 intexuisse.
809 1345 864 1400 Si
902 1354 1115 1413 tempus
1154 1361 1262 1411 quo
1300 1353 1612 1400 contextum
1661 1358 1744 1400 est

171 1425 527 1484 exspectetur,
558 1417 906 1486 purissimum
937 1426 989 1472 et
1028 1416 1506 1472 delmcatissimum
1531 1432 1598 1471 ex
1627 1418 1742 1471 suis

173 1486 407 1540 manibus
441 1488 711 1556 prodiisse
737 1487 1098 1558 judicandum
1127 1497 1231 1552 est,
1255 1497 1310 1542 ttt
1338 1499 1463 1557 pote
1489 1503 1595 1542 non
1634 1505 1741 1542 uno

171 1558 431 1613 velaltero
460 1573 608 1613 anno
639 1559 1001 1621 elaboratum,
1029 1559 1121 1612 sed
1169 1569 1227 1613 ut
1273 1561 1558 1613 minimum
1611 1561 1740 1614 totis

171 1627 504 1699 quadraginta
559 1633 753 1693 annis;
795 1630 1232 1699 quandoquidem
1281 1631 1324 1684 si
1373 1630 1738 1696 Hieronymus

173 1698 412 1753 Dextrum
465 1716 569 1755 suo
613 1698 870 1770 (‘atalogu
915 1699 1148 1755 inseruit
1185 1715 1329 1754 anno
1365 1699 1566 1756 Christi
1606 1701 1730 1767 595,

171 1785 416 1843 quocum
449 1771 672 1843 hortatu
705 1787 803 1826 suo
828 1772 893 1826 ad
941 1772 1103 1826 linem
1134 1771 1386 1843 perduxit
1419 1771 1511 1842 (de
1543 1787 1646 1840 quo
1682 1773 1733 1825 iii

171 1840 410 1916 apologia
442 1846 573 1897 satis
602 1842 890 1916 diximus),
918 1843 972 1897 lit
994 1853 1051 1897 ut
1081 1840 1174 1910 per
1201 1843 1404 1913 aliquot
1423 1840 1732 1916 annosante

175 1911 268 1968 393
291 1923 428 1967 esset
451 1924 716 1984 ereptum.
752 1922 810 1968 ut
840 1911 984 1968 illius
1006 1915 1184 1968 saltim
1215 1911 1574 1968 ex’relatione
1597 1913 1731 1968 ami-

169 1997 336 2056 eorum
373 1983 742 2056 Hieronymus
784 1986 1056 2040 habuisset
1091 1983 1360 2056 notitiam.
1387 1983 1519 2056 Cum
1549 1995 1728 2040 autent

167 2052 224 2127 ad
251 2071 412 2108 annos
450 2052 668 2127 Domini
699 2055 807 2110 45η
847 2057 1167 2124 perductum
1204 2055 1296 2127 sit,
1327 2055 1469 2126 quod
1512 2072 1575 2110 ex
1611 2057 1730 2127 ipso

170 2123 342 2192 liquet,
371 2138 422 2180 et
445 2126 652 2182 Dexter
691 2128 744 2180 in
785 2123 884 2182 hac
927 2128 1155 2195 epistola
1195 2123 1414 2192 fatetur,
1443 2123 1726 2181 necessum

169 2207 257 2260 est,
285 2211 334 2250 ut
373 2207 494 2264 post
530 2198 1007 2266 quadragesimum
1054 2200 1121 2251 ab
1148 2199 1372 2253 exordio
1413 2198 1574 2252 linem
1628 2214 1721 2253 ac.

167 2269 377 2336 eriserit.
404 2268 475 2325 L‘t
505 2281 562 2323 ut
588 2269 679 2330 sit,
713 2270 762 2324 id
790 2269 1140 2324 nihilominus
1172 2270 1412 2324 aucturis
1438 2269 1618 2323 verbis
1644 2281 1727 2323 est

168 2341 510 2406 manifestum,
539 2357 664 2394 cum
688 2340 870 2394 dit-at:
907 2339 1189 2409 Totamque
1223 2357 1303 2394 me
1324 2340 1550 2394 converti
1569 2339 1639 2392 ad
1669 2357 1729 2394 ca

167 2411 341 2482 r_tudia,
366 2412 416 2464 in
447 2413 637 2480 quibus
677 2411 858 2465 bonam
905 2429 1032 2466 mea:
1074 2423 1188 2465 tuta?
1229 2419 1428 2482 partem
1482 2413 1724 2480 transegi.

171 2478 328 2536 Tanto
353 2478 534 2552 itaque
582 2495 825 2552 tempore
851 2484 1060 2538 distulit
1087 2484 1212 2537 huic
1230 2478 1506 2554 opusculo
1537 2478 1728 2554 supre-

169 2567 293 2603 mani
323 2570 536 2607 manum
576 2555 878 2621 imponere,
905 2564 961 2607 ttt
992 2555 1057 2609 de
1088 2554 1300 2608 eunetis
1347 2553 1562 2607 tandem
1603 2553 1744 2608 Cer-

166 2621 259 2676 tior
279 2622 444 2690 ﬁeret,
472 2633 527 2680 rt
560 2625 694 2679 nihil
728 2627 1076 2680 immaturum
1119 2641 1186 2680 ex
1217 2640 1312 2678 sua
1346 2624 1566 2678 oflictua
1599 2641 1725 2690 pro-

166 2694 312 2748 diret.
343 2694 565 2752 Domum
599 2698 631 2749 ii
661 2697 853 2766 quibus
875 2697 1178 2751 Chronicon
1223 2695 1400 2764 ipsum
1447 2710 1722 2764 nuncupa-

168 2774 264 2817 tum
301 2777 402 2830 est,
429 2767 816 2836 Hieronymus,
850 2778 905 2822 et
951 2768 1198 2829 Orosius,
1231 2766 1409 2836 magni
1443 2766 1572 2821 illud
1604 2782 1725 2820 esse

168 2837 428 2904 momenti,
455 2848 510 2893 et
536 2856 644 2893 non
682 2841 922 2907 vulgaris
965 2839 1321 2900 auctoritatis,
1351 2838 1720 2894 convincunt:

166 2910 354 2974 quippe
409 2926 526 2962 cum
576 2912 736 2964 tantis
780 2909 1097 2965 doctoribus
1147 2909 1383 2964 dandum
1425 2925 1530 2963 non
1581 2918 1726 2964 esset

164 2976 422 3052 quidpiam
454 2996 515 3035 ea
564 2980 914 3045 deStitutum;
948 2996 1174 3052 quorum
1207 2981 1506 3052 praesertim
1535 2981 1587 3033 in
1621 2978 1724 3038 hoc

164 3049 422 3104 scribendi
461 3067 666 3119 genere
700 3049 1028 3120 priscipuu'm
1057 3061 1172 3107 erat
1217 3051 1483 3120 judicium
1513 3060 1566 3105 et
1596 3065 1724 3105 cen-

163 3136 309 3196 sura,
333 3139 450 3176 nam
485 3123 851 3196 Hieronymus
893 3123 1075 3196 itidem
1105 3122 1416 3196 Chrotticnn
1445 3123 1724 3174 lltunimo-

1862 504 2048 571 pertus
2079 497 2208 568 est),
2242 500 2408 568 priori
2449 509 2603 571 parte
2646 497 2898 559 Chronici
2929 506 3183 571 carebat;
3213 521 3336 560 cum
3367 515 3450 561 ta-

1859 581 1983 651 men
2018 568 2156 651 hane
2183 568 2967 651 epistolamnuncupatoriam,
2997 592 3116 646 qua:
3139 568 3448 651 necessario

1855 642 2155 712 t0ti_operi
2207 642 2529 710 prteligenda
2590 653 2729 705 erat,
2777 642 3124 712 haberetieo
3180 648 3439 703 νὶιιριίοιιι

1857 708 1998 790 quod
2033 708 2480 790 amanuensishit
2525 715 2775 790 apparet)
2801 708 3217 790 contentusl'uit
3265 719 3438 788 ltistq-

1855 783 1936 851 ria
1967 797 1993 833 a
2028 790 2154 836 nato
2200 783 2453 850 Domino,
2476 792 2531 840 et
2567 785 2855 851 epistolam
2890 789 3010 842 loco
3042 788 3348 842 submotant
3385 783 3437 845 ei

1854 849 2045 924 aflixit.
2081 852 2270 908 Porro.
2294 849 2445 924 quod
2483 856 2559 908 ait
2601 849 2825 918 Dexter,
2849 873 2908 910 se.
2953 859 3224 913 deducere
3253 862 3439 913 (lmni-

1855 923 2072 987 modam
2108 924 2393 978 historiam
2423 925 2490 980 ad
2523 941 2721 980 annum
2758 929 2965 982 Domini
2998 930 3103 984 450
3145 938 3200 982 et
3241 945 3441 982 consu-

1855 991 2020 1063 latum
2051 1010 2145 1049 xm
2173 995 2462 1050 Theodosii
2485 995 2747 1063 .lunioris,
2766 1000 2976 1054 veritati
3004 1000 3292 1053 subnixum
3317 1015 3438 1055 esse

1852 1062 2509 1137 liquet,quandoquidem
2537 1062 2752 1123 constat
2775 1085 2838 1126 ex
2870 1069 3048 1124 Fastis
3071 1071 3355 1137 tluuphrii,
3382 1084 3436 1124 et

1851 1134 2156 1210 Annalibus
2203 1134 2496 1210 cardinalis
2531 1139 2780 1210 _Baronii
2833 1151 2962 1194 tom.
3026 1141 3062 1192 V
3119 1134 3435 1210 praediolum

1848 1205 2199 1261 consulatum
2235 1209 2284 1261 in
2321 1209 2492 1277 ipsum
2515 1208 2623 1264 450
2651 1226 2852 1265 annum
2897 1205 3131 1265 Domini
3154 1211 3431 1274 incidisse,

1847 1285 1902 1332 et
1949 1277 2090 1340 quod
2145 1281 2193 1332 in
2239 1293 2304 1334 eo
2352 1281 2619 1348 Collegam
2672 1282 2926 1337 habuerit
2968 1281 3430 1346 Valentinianum,

1849 1348 2280 1424 ῑρτιίῃῐηξοιλὶθιιξ
2310 1350 2614 1424 juniorem;
2642 1368 2750 1424 quo
2780 1354 3031 1406 nimirum
3071 1354 3313 1422 synodus
3335 1369 3431 1424 ge-

1846 1419 2050 1474 neralis
2082 1419 2353 1488 Ephesina
2387 1419 2983 1480 adversusNesmriuin
3017 1419 3286 1478 celebrata
3322 1419 3425 1485 est,

1847 1498 1903 1543 et
1933 1506 2167 1564 magnus
2199 1491 2842 1564 AureliusVAuguStinns
2887 1493 3049 1548 vitam
3089 1510 3208 1548 cum
3257 1508 3434 1550 morte

1843 1562 2216 1633 commutavit.
2245 1562 2409 1633 Cujus
2436 1562 2618 1619 obitus
2649 1579 2769 1619 cum
2800 1565 2997 1620 Dexter
3027 1579 3133 1620 non
3164 1567 3430 1620 memine-

1843 1630 1936 1697 rit,
1990 1647 2090 1706 par
2127 1643 2228 1706 est
2275 1630 2524 1706 credere,
2573 1636 2715 1706 quod
2763 1634 3073 1690 Chronicon
3129 1636 3424 1690 absolverit

1841 1712 1965 1757 ante
1993 1702 2064 1758 28
2109 1704 2337 1777 Augusti
2369 1702 2612 1774 ejusdem
2654 1709 2804 1770 anni,
2833 1722 2938 1777 qua
2986 1707 3050 1760 D.
3085 1706 3426 1774 Augustinus

1844 1784 2087 1848 mortuus
2135 1784 2236 1829 est.
2270 1775 2548 1848 Supplevit
2599 1775 2869 1848 defectum
2911 1777 3029 1848 ejus
3069 1779 3422 1831 continuatoi-

1841 1843 1912 1918 Μ.
1941 1843 2224 1918 Maximus,
2268 1843 2578 1902 Chronicon
2617 1861 2776 1902 suum
2830 1843 3092 1918 incipiens
3131 1863 3161 1902 a
3194 1850 3424 1903 transitu

1833 1916 2142 1975 Augustini.

1905 1985 2099 2041 Sancto
2139 1989 2434 2060 presbytero
2476 1987 2799 2060 Hieronymo
2828 2029 2841 2051 ,
2869 1998 2993 2060 etc.
3062 1988 3256 2060 Liquet
3287 1987 3413 2055 hoc,

1832 2058 2146 2112 testimonio
2169 2058 2340 2129 ipsius
2361 2058 2696 2132 Hieronymi,
2722 2060 2862 2114 libro
2884 2061 2951 2114 de
2974 2059 3171 2182 Script.
3207 2059 3416 2114 Ecch-s.

1832 2129 1932 2182 insi
1984 2128 2186 2182 Dextro
2212 2172 2226 2182 .
2281 2131 2434 2182 cuius
2465 2131 2840 2182 cohortatione
2883 2129 3058 2182 factus
3111 2134 3307 2182 'tierat.
3339 2129 3416 2182 di-

1832 2129 1932 2195 ipsi
1984 2128 2226 2195 Dextro,
2281 2131 2434 2195 cujus
2465 2128 2840 2186 cohortatione
2883 2129 3058 2185 factus
3096 2128 3268 2184 fuerat
3293 2173 3307 2194 ,
3339 2129 3421 2185 di-

1831 2207 1954 2272 cato
1979 2215 1994 2263 ;
2024 2199 2218 2255 Dexter
2243 2200 2364 2272 (ait)
2397 2199 2639 2272 Paciani.
2675 2203 2738 2255 de
2763 2218 2862 2272 quo
2894 2219 3054 2269 supra
3079 2201 3213 2261 dixi,
3249 2201 3414 2268 ﬁlius,

1829 2271 2005 2324 clarus
2031 2274 2173 2343 apud
2202 2274 2452 2343 stccttlum
2471 2318 2484 2340 ,
2518 2285 2564 2326 et
2594 2271 2784 2327 Christi
2816 2272 2939 2342 ﬁdei
2982 2272 3187 2326 deditus
3207 2313 3220 2334 ,
3255 2275 3420 2343 fertur

1831 2357 1899 2395 an
1921 2357 1994 2396 att:
2027 2341 2387 2396 Omnimodam
2418 2343 2694 2397 historiam
2725 2341 2974 2408 texuisse,
3017 2360 3169 2411 quam
3198 2341 3416 2396 necdum

1831 2413 1952 2480 legi.
2016 2413 2068 2466 Id
2111 2429 2244 2467 vero
2281 2430 2348 2466 ex
2384 2415 2648 2470 relatione
2681 2415 2907 2468 aliorum
2936 2415 3200 2475 asseruit,
3233 2431 3353 2466 nam
3384 2429 3414 2468 a

1833 2484 2097 2552 principio
2150 2485 2576 2539 lucubrationcm
2625 2501 2776 2540 suam
2839 2486 3037 2538 Dexter
3085 2485 3415 2554 Hieronymo

1830 2554 2244 2623 nuncupandam
2291 2556 2630 2619 ordiehatur,
2678 2570 2786 2623 quo
2833 2555 3089 2610 nimirum
3135 2555 3271 2608 libro
3310 2554 3411 2606 sibi

1823 2626 1936 2696 jam
1967 2627 2036 2679 ab
2061 2631 2178 2696 ipso
2206 2629 2386 2680 dicato
2418 2627 2777 2682 satisfaceret.
2827 2626 3094 2681 (Steterunt
3121 2640 3244 2677 cum
3277 2639 3412 2693 opus

1827 2695 2059 2750 absolvit
2085 2738 2098 2755 .
2147 2708 2201 2751 et
2250 2697 2525 2754 Bethleem
2577 2697 2764 2763 misit,
2805 2697 2915 2767 jam
2952 2697 3162 2751 obierat
3193 2697 3247 2749 in
3282 2711 3411 2765 pace

1828 2779 2051 2823 sanctus
2076 2767 2300 2822 Doctor.

1903 2836 2018 2892 Tibi
2069 2840 2264 2892 homini
2313 2837 2554 2906 Hispano
2601 2837 2910 2904 Laltetano,
2949 2846 3056 2893 etc.
3125 2836 3409 2892 Consonat

1832 2908 1983 2977 llugo
2007 2911 2298 2980 epi~copus
2332 2910 2788 2980 Portugallensis,
2828 2908 2882 2963 in
2909 2909 3136 2978 epistola
3165 2908 3230 2962 atl
3261 2908 3408 2961 Mau-

1829 2980 2020 3051 ricium
2072 2979 2499 3051 Bracarensem,
2550 2996 2710 3051 quam
2764 2982 2908 3034 inter
2957 2981 3131 3048 elogia
3171 2981 3406 3032 aucturis

1827 3049 2094 3120 dedimus.
2165 3050 2314 3105 Bono
2357 3049 2788 3106 nostro—factum
2838 3060 2960 3117 puta
3015 3051 3156 3120 quod
3207 3051 3402 3104 iterum

1827 3119 2026 3175 Dexter
2078 3121 2273 3176 librum
2317 3121 2579 3176 dicaverit
2607 3162 2621 3182 ,
2674 3137 2796 3175 nam
2828 3132 2885 3176 ut
2916 3122 2966 3176 id
2998 3122 3194 3176 faceret
3220 3121 3410 3175 multis

164 3190 235 3263 dm,
263 3190 491 3247 historim
520 3185 838 3262 scrips'erat,
865 3209 912 3250 cl
947 3194 1173 3249 Orosius
1205 3194 1542 3247 Hormestatn
1567 3207 1719 3246 suam
1747 3185 1793 3248 C
1827 3191 1966 3246 locis
1998 3185 2171 3257 auxit,
2207 3193 2662 3263 locupletaritque
2690 3197 2866 3262 ipsum
2894 3209 2909 3256 ;
2937 3204 2991 3248 et
3019 3194 3088 3246 ita
3119 3203 3298 3255 aucto,
3326 3192 3405 3263 lo-

163 3258 537 3334 Cltronolngico
567 3258 680 3321 fere
711 3281 860 3322 more
887 3265 955 3321 de
985 3265 1201 3321 hortatu
1233 3265 1406 3320 sancti
1429 3263 1716 3334 Augustini

164 3333 467 3396 vulgaverat.

229 3402 380 3460 Porro
406 3407 792 3474 Unurimodam,
825 3416 930 3462 etc.
950 3407 1080 3462 Jttre
1107 3405 1487 3462 Omnimodam
1515 3421 1717 3461 nuncu-

161 3484 240 3546 pat
260 3476 308 3532 in
331 3495 428 3546 qua
463 3481 747 3543 profanam
791 3480 950 3536 simul
989 3489 1042 3532 et
1083 3478 1508 3534 ecclesiasticam
1551 3477 1718 3533 histo-

163 3545 281 3622 riam
310 3545 522 3612 miscet;
554 3553 756 3605 etenim
798 3558 1095 3622 martyrum
1139 3549 1472 3622 triumphos,
1499 3549 1716 3619 cpisco-

164 3618 336 3682 palium
379 3622 586 3676 sedium
636 3618 1004 3687 fundationes,
1037 3622 1412 3675 successiones
1443 3618 1716 3674 Romano-

163 3705 262 3764 rum
287 3691 972 3764 antistitum,etsynodales
993 3702 1311 3748 conventus:
1329 3691 1712 3764 imperatorum

164 3759 304 3813 etiam
352 3767 574 3828 seriem,
606 3759 773 3828 bella,
817 3763 1133 3827 seditiones,
1167 3764 1448 3828 tumultus,
1485 3763 1714 3816 transla-

163 3831 315 3885 tiones
344 3835 710 3888 dominiorum
734 3875 748 3896 ,
791 3836 936 3888 viros
965 3835 1244 3903 utriusque
1273 3842 1446 3887 Status
1477 3833 1707 3897 nobiles,

162 3906 541 3974 scunotabiles,
579 3914 636 3962 t-t
666 3905 874 3960 inﬁnita
901 3905 951 3958 id
983 3908 1196 3974 generis
1227 3906 1516 3974 diligenter
1549 3904 1711 3958 simul

162 3987 219 4051 ac
245 3972 557 4051 brevissime
572 3979 841 4051 depinxit,
876 3972 1086 4051 tametsi
1115 3972 1412 4051 uberiorlet
1442 3975 1712 4051 profusior

159 4044 227 4118 sit
251 4044 305 4118 in
331 4045 484 4100 rebus
512 4044 792 4118 Hispanis,
827 4047 1130 4117 praesertim
1158 4046 1541 4118 ecclesiasticis
1581 4061 1713 4118 enof

161 4111 357 4190 dandis,
391 4129 573 4190 utpote
605 4111 743 4186 quas
774 4111 988 4190 cancris
1010 4119 1252 4190 exactius
1275 4116 1507 4172 callchat
1526 4131 1540 4180 ;
1562 4116 1706 4190 quod

160 4192 205 4235 et
248 4186 328 4238 alii
358 4185 470 4252 eius
516 4185 738 4259 generis
782 4189 1075 4258 scriptores
1127 4188 1404 4250 fecerunt;
1439 4195 1499 4241 ut
1528 4185 1710 4242 ridere

161 4265 231 4308 cst
271 4259 404 4323 apud
438 4260 875 4329 Eusebium,qui
923 4259 992 4313 dc
1039 4259 1242 4315 Latinis
1294 4273 1460 4327 pauca
1513 4259 1706 4326 tetigit,

161 4340 262 4397 cum
294 4333 342 4382 in
371 4331 576 4386 Gut-cis
603 4335 808 4385 multus
833 4330 1020 4393 fuerit,
1043 4340 1098 4385 et
1128 4330 1499 4385 Marcellinum
1537 4329 1628 4397 qtti
1676 4343 1707 4382 a

160 4396 298 4452 rebus
323 4401 683 4457 Ot'cidcntalis
727 4403 936 4470 imperii
988 4401 1105 4456 fere
1147 4400 1430 4461 abstinuit,
1476 4396 1620 4455 totus
1654 4399 1706 4454 in

160 4474 457 4544 annotandis
533 4473 917 4544 progressibus
967 4471 1511 4544 Qi-ietttalistcujus
1589 4479 1708 4544 erat

161 4537 382 4635 laluminis
401 4537 732 4635 occupatus;
760 4542 1230 4635 \fiqtpr-Tune‘nsis
1261 4537 1705 4635 plricanat't'riel‘e
1735 4575 1788 4635 D

164 4608 412 4668 historiam
446 4608 668 4670 secutus
707 4608 814 4680 est,
845 4614 1043 4670 ldatins
1073 4623 1124 4668 et
1164 4613 1487 4670 Viclarensis
1520 4611 1709 4680 llispa-

160 4694 290 4756 nam;
316 4698 366 4740 et
392 4685 608 4741 tandem
633 4687 999 4756 unusquisque
1037 4700 1220 4740 amore
1256 4684 1441 4754 patrite
1471 4683 1712 4756 nonnihil

161 4749 344 4826 innxius
383 4757 626 4822 ducitur,
672 4749 834 4826 quant
873 4749 1191 4812 eieterarum
1239 4749 1540 4826 regionum.
1595 4755 1710 4820 Qua

159 4820 218 4878 de
236 4820 288 4909 fe
306 4830 526 4909 consule
553 4820 675 4909 qua:
692 4820 739 4899 ’ᾗ
764 4829 800 4883 2
827 4820 1658 4909 Αροιρεὶωῇιιξοιει.ξυιξιιᾳθιιίειιυιξ.

221 4896 287 4976 ᾼὺ
316 4901 432 4976 orbe
461 4895 828 4976 condito,_etc.
932 4895 1078 4976 viris
1094 4895 1573 4976 lide_diguis_simis
1604 4895 1712 4950 To-

161 4960 241 5039 leti
266 4970 501 5025 existens
533 4960 744 5038 accepi,
768 4970 1010 5039 codicem
1049 4969 1254 5034 Dextri,
1275 4960 1367 5039 q'ui
1407 4969 1461 5024 in
1497 4981 1712 5022 monas-

163 5036 278 5112 I_erio
304 5036 720 5112 (Iydtemultos
748 5055 921 5112 annos
951 5038 1069 5102 fuit,
1103 5036 1374 5112 quemque
1417 5039 1712 5096 canonicus

162 5103 430 5166 Toletarius
462 5111 705 5182 Vergara
740 5110 964 5165 fortuito
993 5103 1137 5180 apud
1185 5103 1463 5166 librarium
1513 5124 1718 5166 merca-

165 5182 312 5252 torem
344 5182 628 5236 inventum
651 5192 881 5248 emerat,
912 5191 1194 5252 utramque
1227 5181 1482 5236 Chronici
1507 5191 1716 5252 partem

164 5243 414 5320 habuisse,
451 5268 554 5308 nec
599 5255 778 5308 solum
810 5269 839 5306 a
868 5243 1006 5307 'nato
1053 5243 1304 5316 Domino,
1329 5255 1422 5308 sed
1461 5243 1622 5307 etiam
1655 5251 1722 5306 ab

161 5319 272 5395 grite
298 5319 518 5378 condito
552 5324 618 5378 ad
651 5340 823 5395 usque
856 5324 1037 5378 Dextri
1092 5334 1334 5393 tempora
1380 5324 1724 5395 complexum

162 5385 307 5461 fuisse
336 5409 351 5446 :
379 5407 436 5448 et
469 5397 616 5452 hunc
648 5385 856 5461 pridem
891 5397 952 5449 D.
987 5395 1132 5450 Petri
1159 5385 1353 5450 Peclue
1398 5385 1726 5450 Giennensis

163 5459 376 5531 gpiscotii
411 5466 607 5531 fuisse,
640 5459 692 5518 et
726 5467 790 5519 ad
819 5482 974 5520 usum
1003 5465 1067 5519 D.
1099 5465 1372 5521 Laurentii
1404 5466 1471 5521 de
1497 5465 1725 5529 Padillai

161 5527 376 5590 CacSari-i
419 5527 847 5606 historiographi
882 5553 896 5590 :
927 5537 1021 5590 sed
1069 5537 1242 5591 codex
1299 5537 1390 5591 ille
1442 5527 1725 5606 dispendio

163 5616 360 5676 quoque
387 5618 576 5662 nostro
599 5608 852 5676 deperiit.
883 5606 1063 5662 Codex
1099 5608 1410 5672 Fuldensis,
1441 5610 1596 5675 cujus
1628 5621 1725 5662 co-

164 5675 232 5738 Pia
267 5678 522 5744 fruimur,
549 5688 604 5734 et
632 5675 749 5750 ipse
788 5694 1002 5750 quoque
1034 5695 1064 5733 a
1118 5678 1375 5736 Fuldensi
1404 5679 1723 5735 bibliotheca

1827 3264 2214 3334 cupletatoque
2264 3263 2422 3317 nobis
2460 3262 2643 3318 datum
2695 3275 2777 3318 est
2808 3263 2933 3318 lt'ui.
2993 3264 3107 3329 Qua
3141 3264 3192 3316 iu
3225 3278 3284 3316 re
3309 3262 3405 3316 de-

1823 3335 2074 3388 cennium
2125 3335 2270 3388 aliud
2313 3334 2515 3390 Auctor
2563 3335 2939 3403 consumpsit,
2984 3345 3040 3388 ut
3071 3350 3136 3389 ex
3169 3334 3252 3386 his
3280 3348 3403 3402 qua:

1822 3406 1886 3458 ad
1915 3405 2116 3460 calt-cm
2149 3407 2398 3476 legimus,
2429 3417 2616 3476 aperte
2643 3407 2921 3474 colligitur
2945 3421 2961 3460 :
2989 3405 3115 3460 Cum
3141 3404 3249 3476 hau-
3273 3406 3405 3456 scri-

1822 3475 1986 3529 berem
2035 3475 2273 3531 currebat
2319 3475 2484 3531 annus
2528 3475 2720 3531 Christi
2749 3475 2885 3538 “0.
2919 3487 3070 3542 etc.;
3106 3475 3301 3544 quibus
3335 3475 3405 3528 li-

1820 3547 1986 3614 quido
2011 3557 2252 3615 constat,
2285 3547 2396 3603 lucc
2425 3549 2584 3603 verba
2614 3549 2811 3616 scripta
2841 3549 3007 3602 fuisse
3045 3550 3096 3600 in
3129 3547 3400 3616 revisione

1818 3617 2023 3688 eperis,
2052 3634 2174 3674 cum
2203 3634 2320 3674 eam
2352 3620 2544 3673 iterum
2575 3615 2771 3672 dicavit
2805 3619 2973 3673 Paulo
3000 3615 3397 3688 Ot-OsioaQuid

1819 3703 1952 3744 vero
1990 3691 2039 3743 in
2072 3705 2234 3744 causa
2284 3689 2441 3744 fuerit
2472 3733 2486 3756 ,
2539 3699 2594 3744 ttt
2643 3691 2778 3744 nihil
2818 3702 3095 3761 gestorum
3135 3687 3403 3742 addiderit

1816 3774 1960 3814 anno
1988 3762 2122 3825 450,
2170 3761 2237 3814 ad
2270 3777 2428 3831 quem
2462 3762 2691 3830 primttm
2719 3762 3000 3816 historiam
3034 3769 3397 3831 protraxerat,

1815 3840 1873 3884 et
1905 3833 2259 3896 locupletatio
2290 3829 2393 3886 non
2423 3829 2475 3886 in
2510 3833 2688 3895 annis,
2721 3832 2816 3887 sed
2846 3834 2898 3886 in
2926 3833 3087 3887 rebus
3118 3831 3257 3885 facta
3286 3829 3403 3883 lue-

1816 3903 1885 3956 rit
1909 3943 1922 3962 .
1956 3903 2280 3972 explicatum
2329 3919 2358 3956 a
2402 3904 2557 3957 nobis
2593 3911 2678 3956 est
2715 3904 2768 3956 in
2798 3903 3056 3971 Apologia
3085 3901 3114 3972 ς
3143 3900 3400 3972 ἎρονΓο

1817 3971 2148 4026 Laltrtanum
2181 3981 2339 4026 vocat
2382 3973 2665 4037 Orosittm,
2709 3973 2851 4035 quod
2881 3971 3118 4028 Tarraco
3156 3971 3223 4024 ad
3251 3981 3399 4023 rete-

1817 4058 1930 4096 rem
1960 4042 2310 4095 Lalaetaniam
2342 4051 2612 4110 spectaret
2638 4059 2652 4106 ;
2681 4041 2905 4097 Orosius
2934 4057 3062 4096 vero
3091 4052 3232 4096 esset
3265 4041 3399 4096 Tar-

1815 4112 2179 4166 raconensis:
2225 4127 2549 4181 quamquam
2598 4111 2847 4166 nonnihil
2893 4114 3031 4166 inter
3069 4127 3130 4166 se
3179 4111 3403 4167 dilierre

1813 4181 2163 4238 Laltetaniam
2177 4193 2225 4238 et
2248 4197 2402 4247 agros
2420 4181 2877 4244 Tarraconenses,
2890 4197 2953 4235 ex
2971 4183 3245 4238 veteribus
3265 4181 3403 4234 scia-

1814 4269 1954 4320 mus,
1981 4269 2101 4307 nam
2135 4253 2337 4308 Plinius
2365 4253 2454 4306 lih.
2475 4269 2558 4307 xtv
2575 4253 2774 4308 llistor.
2794 4251 3035 4308 Natural.
3057 4251 3226 4318 cap.6
3246 4252 3311 4304 de
3326 4251 3406 4304 vi-

1813 4327 1894 4380 nis
1911 4325 2178 4393 Hispania:
2195 4326 2465 4396 disserens
2483 4341 2498 4381 :
2514 4323 2912 4396 Hispaniarum,
2931 4324 3024 4386 ait,
3041 4321 3306 4396 Lala'taua
3320 4337 3404 4396 co-

1810 4399 1895 4468 pia
1921 4391 2269 4464 nobilitantur,
2287 4393 2543 4468 elegantia
2557 4391 2669 4449 vero
2686 4393 3091 4468 Tarraconensja
3105 4409 3126 4468 _,'
3137 4391 3405 4468 etclaritts

1815 4462 1908 4521 lib.
1937 4483 1993 4522 tu
2021 4482 2138 4534 cap.
2169 4468 2203 4522 5
2228 4462 2438 4537 {Regio
2461 4466 2778 4529 Cossetania,
2801 4468 2995 4537 ﬂgtnten
3020 4464 3165 4537 Sub_i.
3189 4462 3401 4517 Colonia

1817 4538 2075 4595 Tarraco.
2110 4534 2418 4607 Scipionum
2457 4553 2620 4603 opus,
2660 4539 2788 4591 sicut
2812 4534 3401 4608 CarthagoAPaznorum.

1825 4609 1982 4678 Regio
2011 4605 2310 4679 Ilergetum,
2345 4609 2595 4676 Oppidum
2627 4609 2824 4674 Subur,
2847 4605 3042 4679 ﬂumen
3071 4605 3406 4679 Rubricatunt

1817 4698 1848 4752 α
1877 4696 1976 4750 quo
2003 4678 2278 4752 Latictaui.
2327 4679 2396 4736 Et
2418 4679 2697 4752 pblartialis
2730 4679 2824 4737 lib.
2849 4678 2872 4732 ⁷ι
2912 4681 3301 4752 epigrammate
3344 4678 3406 4728 de

1816 4748 1966 4806 Locis
2011 4750 2317 4821 Hispaniae,
2363 4749 2430 4804 ad
2479 4750 2776 4807 Lucianum
2823 4748 3056 4806 amieuin
3105 4749 3171 4804 ad
3214 4748 3408 4818 lliSpa—

1818 4825 1934 4878 nias
1962 4831 2320 4880 revertentem
2353 4821 2450 4888 ait,

2160 4933 2338 4998 Aprica
2364 4932 2880 4998 repet_es_Tarraconis
2901 4931 3065 4984 littora
3082 4972 3098 4998 ,

2221 4994 2473 5058 Tuamque
2498 4994 2826 5045 Laletaniam.

1820 5107 2104 5167 Consentit
2127 5107 2472 5176 Ptolemrcus,
2496 5107 2591 5178 qui
2622 5111 2674 5162 in
2708 5107 2888 5164 tabula
2917 5107 3155 5165 secunda
3179 5107 3410 5179 Europa:

1823 5197 1944 5252 cap.
1986 5180 2038 5252 κϐ
2077 5179 2449 5252 Tarraconem
2493 5182 2564 5252 in
2612 5180 2962 5246 Cossetanis,
3013 5179 3414 5252 Barcltin0ti_em

1826 5249 1956 5307 vero
1983 5251 2036 5305 in
2066 5251 2356 5306 Lalaetanis
2381 5251 2562 5320 punit;
2600 5266 2708 5318 quo
2735 5260 2979 5313 auctore,
3011 5251 3271 5320 quidquid
3304 5249 3418 5304 Ru-

1829 5325 2093 5378 briCatum
2127 5321 2328 5377 [lumen
2370 5322 2525 5392 alluit
2561 5321 2748 5390 (vulgo
2787 5321 2989 5376 dicitur
3019 5321 3294 5392 Lobregat)
3321 5321 3425 5378 La-

1828 5395 2054 5451 laetauia
2099 5393 2409 5448 dicebatur.
2456 5391 2610 5450 Unde
2654 5401 2708 5446 et
2743 5392 3114 5447 Catalauniam
3143 5392 3247 5446 dici
3277 5391 3420 5448 non-

1837 5465 1971 5520 nulli
2003 5473 2209 5530 putant,
2241 5479 2271 5517 e
2302 5464 2498 5532 quibus
2525 5463 2800 5535 Tarapha,
2834 5462 3206 5520 Nebrissensis
3234 5471 3291 5519 et
3316 5464 3428 5520 Ca-

1838 5537 1987 5593 rolus
2012 5535 2318 5605 Stephanus
2339 5545 2483 5589 sunt.

1914 5604 2262 5661 Historiarum
2289 5607 2556 5675 scriptori,
2586 5615 2691 5662 etc.
2726 5608 2942 5664 Teritur
2968 5604 3210 5660 omnium
3243 5606 3433 5659 mani-

1843 5681 1945 5735 bus
1975 5692 2184 5734 summa
2215 5691 2336 5732 cum
2370 5678 2527 5735 laude
2555 5679 2705 5736 Pauli
2735 5679 2914 5737 Orosii
2947 5675 3169 5733 historia
3198 5712 3213 5739 ,
3261 5690 3434 5742 quam
