3978 6326
200 236 246 291 57
1269 240 1498 299 FLAVI!
1536 236 1717 300 LUCll
1755 236 2016 298 DEXTRI
2053 235 2466 300 CHRONICON.
3443 236 3516 298 b8

193 350 414 414 A.C.‘l.

986 359 1183 416 Tribus
1212 359 1543 430 pastoribus,
1573 357 1663 428 qui
1688 354 1909 411 fuerunt
1933 357 2137 423 sancti,
2168 359 2400 429 primum
2427 358 2752 416 ostenditur.

353 448 419 504 2.
943 499 946 502 .
1064 451 1200 509 Tres
1225 451 1370 508 soles
1396 457 1765 522 apparuerunt
1794 446 1850 502 in
1872 446 2151 518 Hispaniis
2177 450 2232 506 in
2266 467 2432 508 unum
2455 453 2687 510 collecti.

3188 356 3256 414 Δ.
3285 355 3354 413 R.
3385 351 3514 411 75%.

3388 446 3518 506 755.

1434 584 1693 642 BIVARII
1729 580 2304 644 COMMENTARIUS.

215 705 331 762 tlisse
365 706 424 761 in
457 720 682 762 annum
715 706 872 762 urbis
917 704 1041 762 75l.
1069 703 1166 760 Ille
1194 718 1326 760 vero
1361 718 1506 759 anno
1532 702 1797 776 sequenti,
1828 701 1884 760 Α
1977 701 2034 755 2.
2092 700 2276 776 Tribus
2320 706 2630 776 pastoribus,
2677 717 2783 764 etc.
2829 708 2946 765 Duo
2984 709 3070 766 hic
3127 709 3326 764 Dexter
3367 708 3516 765 afﬁr-

221 780 384 845 idest,
411 779 563 843 752;
612 777 720 835 sed
761 776 1031 846 ejusmodi
1054 791 1321 831 annorum
1367 775 1680 846 suppuratio
1711 790 1820 833 non

230 855 282 909 ita
306 863 570 908 constans
600 860 693 905 est
725 845 873 920 apud
903 864 1118 911 omnes,
1163 857 1229 920 Aut
1278 846 1420 920 inde
1440 845 1655 920 aliquid
1682 850 1822 905 certi

223 924 473 980 deducere
500 917 828 982 valeamus;
857 936 980 976 cum
1003 921 1142 974 inter
1161 917 1312 988 ipsos
1334 917 1600 972 Ethnicos
1626 933 1822 988 magna

222 996 280 1051 sit
316 994 500 1050 adhuc
540 993 610 1048 Iis
656 993 731 1047 de
773 989 1118 1058 assignaudis
1161 987 1320 1043 annis
1359 990 1595 1044 condita:
1637 987 1816 1046 Urbis.

222 1067 484 1122 Ausonius
533 1063 705 1136 (quod
737 1063 858 1136 ipse
904 1060 1378 1136 Baronius__notat)
1418 1075 1515 1128 per
1542 1059 1731 1129 viginti
1764 1071 1824 1118 ut

219 1139 497 1193 minimum
543 1132 732 1190 annos
761 1133 1035 1203 discrepat
1086 1149 1115 1185 a
1165 1132 1438 1188 Varrone:
1483 1147 1651 1202 quare
1695 1149 1822 1199 pru-

219 1212 405 1265 denter
456 1209 722 1263 admonet
768 1206 909 1272 ipse,
964 1204 1106 1258 haud
1161 1212 1299 1269 tuto,
1349 1213 1405 1258 et
1459 1213 1611 1257 certo
1659 1219 1819 1272 posse

218 1280 557 1336 Christianos
589 1293 622 1332 a
669 1275 906 1331 condita:
945 1275 1099 1331 urbis
1138 1285 1384 1342 tempore
1413 1289 1588 1328 annos
1627 1291 1813 1331 nume-

217 1367 353 1406 rare.
383 1352 557 1406 Miror
590 1359 771 1403 tamen
818 1346 1194 1403 doctissimum
1226 1347 1400 1399 virum
1448 1345 1550 1399 hac
1587 1345 1642 1400 in
1680 1361 1741 1401 re
1785 1362 1815 1402 a

219 1424 539 1491 [trascripta
583 1419 879 1474 Catholica:
907 1433 970 1473 ac
1000 1416 1259 1491 Romanae
1309 1416 1568 1470 Ecclesia:
1614 1432 1819 1491 suppu-

217 1499 427 1548 tatione
449 1489 787 1547 descivisse:
837 1505 958 1543 nam
986 1505 1108 1542 cum
1141 1490 1447 1543 Romanum
1493 1489 1817 1558 martyrolo-

210 1568 355 1628 giuiu
407 1564 500 1618 die
545 1562 618 1616 ‘25
678 1562 938 1616 Deceml).
993 1559 1232 1615 dilucide
1299 1568 1544 1624 promat,
1627 1570 1812 1615 uatum

211 1637 490 1690 Christum
522 1634 586 1686 ab
619 1632 758 1688 Urbe
785 1631 995 1685 condita
1023 1649 1162 1685 anno
1203 1630 1330 1691 75‘2,
1379 1629 1495 1693 ipse
1532 1632 1813 1686 comendit

214 1716 401 1762 natum
433 1704 766 1773 praecedenti
788 1704 914 1758 751.
939 1701 1120 1758 Satius
1139 1703 1311 1757 multo
1334 1700 1522 1754 Dextri
1555 1702 1809 1768 placitum

211 1774 884 1848 st-queniur,rcuitabulag
932 1774 1329 1848 Ecclesiastica:
1374 1782 1714 1848 consoiiaiit,
1755 1782 1811 1828 et

205 1843 307 1904 «ιη’
325 1850 493 1903 etiam
527 1847 760 1902 Orosius
804 1844 1124 1908 subscribit,
1157 1844 1404 1914 ejusdem
1453 1857 1574 1895 eum
1607 1843 1810 1901 Dextro

201 1919 578 1990 antiquitatis.
607 1927 661 1972 et
687 1917 986 1990 gravitatis.
1013 1916 1079 1970 Et
1108 1927 1260 1969 certe
1285 1914 1335 1968 si
1360 1927 1449 1990 res
1478 1914 1544 1990 ad
1575 1930 1809 1990 unguem

202 1984 620 2059 perp'endatur,
684 1987 1382 2059 oppositum“asserentes
1437 1984 1693 2059 laborare
1755 1988 1807 2041 in

199 2054 497 2130 a-quivoco
545 2054 960 2130 convincentur.
1000 2056 1156 2113 Unde
1200 2057 1336 2111 hoc?
1367 2054 1496 2109 Inde
1527 2057 1801 2130 videlicet,

197 2128 347 2196 quod
380 2133 513 2185 anni
560 2131 750 2185 Romze
795 2129 1029 2182 condita:
1061 2143 1169 2183 non
1218 2137 1346 2183 sunt
1384 2128 1710 2195 supputandi
1739 2130 1809 2185 ab

197 2206 361 2258 initio
402 2202 676 2266 Januarii,
716 2200 812 2254 sed
861 2201 929 2252 ab
958 2217 1024 2253 co
1053 2215 1263 2270 mense,
1313 2205 1366 2251 et
1395 2196 1649 2270 die,rquo
1695 2200 1808 2270 ipsa

196 2275 423 2330 condita
465 2274 586 2335 luit,
621 2271 874 2326 videlicet
916 2271 1206 2326 undecimo
1249 2268 1468 2323 kalend.
1520 2269 1665 2333 Maii,
1709 2268 1807 2326 seu

195 2347 261 2400 21
320 2346 414 2399 die
464 2344 673 2412 Aprilis
724 2341 893 2412 (quod
938 2342 1078 2412 idem
1120 2341 1227 2410 est)
1257 2355 1359 2412 qua
1412 2337 1608 2394 festum
1653 2341 1807 2398 Pales

198 2417 498 2471 Pastorum
519 2411 657 2470 Deae
685 2411 957 2467 celebrari
999 2413 1220 2468 solitum
1259 2411 1382 2474 fuit,
1423 2419 1482 2463 ut
1523 2427 1590 2466 ex
1619 2424 1804 2467 vetus-

204 2488 435 2542 tissimis
478 2485 799 2540 auctoribus
847 2483 1160 2553 accipimus.
1194 2482 1421 2537 Ovidius
1461 2481 1555 2538 lib.
1590 2499 1645 2538 tv
1674 2483 1807 2540 Fas-

203 2567 409 2627 torum,
434 2559 506 2612 de
536 2573 601 2611 ea
631 2555 927 2611 festivitate
953 2570 1146 2624 agens,
1180 2553 1354 2608 dixit:

269 2675 278 2681 ’
357 2696 490 2755 Apta
509 2695 620 2743 dies
643 2693 846 2756 legitur,
872 2705 965 2754 qua
990 2693 1165 2742 mamia
1189 2693 1354 2753 signet
1378 2696 1573 2754 aratro;

422 2757 577 2807 Sacra
597 2755 746 2807 Pales
771 2756 962 2818 aderat,
981 2756 1092 2804 inde
1110 2765 1335 2804 movetur
1358 2767 1499 2818 Opus.

279 2908 373 2964 Sic
416 2909 582 2964 etiam
627 2906 812 2962 docuit
854 2906 1144 2977 Dionysius
1194 2906 1648 2962 Halicarnasseus
1693 2926 1706 2963 :
1753 2918 1808 2965 et

210 2978 446 3048 Messala
477 2978 745 3032 Corvinus
785 2978 883 3032 lib.
934 2977 1001 3032 de
1030 2992 1129 3032 sua
1177 2979 1437 3048 progenie
1483 2979 1549 3033 ad
1592 2979 1804 3048 Augus-

214 3061 355 3113 tum,
398 3047 612 3113 Ferunt,
647 3049 747 3112 ait,
786 3049 1054 3103 undecimo
1094 3047 1343 3103 kalendas
1381 3048 1575 3113 Maias,
1611 3047 1806 3104 Romu-

210 3123 318 3174 lum
352 3120 505 3176 Urbis
554 3121 896 3190 fundamenta
914 3119 1122 3189 jecisse.
1171 3121 1274 3174 Pro
1311 3121 1504 3176 eadem
1535 3123 1804 3176 sententia

211 3202 400 3247 auctor
423 3190 803 3260 Clironolugize
833 3192 887 3244 in
921 3191 1210 3246 Historiam
1241 3191 1379 3246 Livii
1415 3193 1466 3245 in
1506 3192 1801 3261 principio,

215 3263 380 3318 refert
417 3263 652 3317 Tullium
676 3303 690 3326 ,
725 3263 1103 3327 Plutarchum,
1147 3275 1197 3316 et
1248 3263 1528 3328 Soliuuiu;
1567 3273 1624 3318 et
1661 3265 1803 3319 idern

215 3335 403 3388 asserit
435 3335 731 3389 Marlauus
779 3334 874 3387 lib.
925 3335 993 3388 de
1039 3333 1262 3404 Origine
1309 3333 1461 3388 urbis
1496 3334 1715 3403 Roma},
1748 3343 1807 3390 et

221 3404 465 3460 Velcurio
492 3406 545 3459 in
570 3405 878 3459 Comment.
907 3406 974 3458 ad
1007 3405 1101 3458 lib.
1134 3421 1171 3459 ιι
1201 3405 1305 3459 Titi
1345 3405 1481 3458 Livii
1508 3423 1520 3458 :
1545 3404 1689 3471 Dies,
1720 3406 1803 3461 in-

1927 782 2072 856 mat,
2097 774 2350 856 videlicet
2393 787 2664 856 pastores,
2687 781 2897 856 quibus
2938 797 3073 849 puer
3105 781 3248 837 Deus
3279 783 3510 856 primum

1925 849 2169 920 omnium
2199 855 2451 920 ostensus
2479 857 2585 917 est,
2625 849 2792 905 fuisse
2821 856 3112 908 sanctitate
3153 849 3510 920 conspicuos;

1925 915 2124 992 deinde
2145 918 2288 986 quod
2309 917 2376 973 ad
2400 915 2684 976 numerum
2711 937 2898 976 eorum
2919 931 3150 992 spectat,
3184 915 3352 978 fuisse
3378 915 3509 985 tres,

1926 1002 2028 1063 nec
2060 986 2267 1056 plures,
2315 1005 2419 1063 nee
2445 995 2752 1063 pauciores.
2799 986 2998 1048 lloruin
3031 986 3180 1063 prius
3223 994 3378 1049 facile
3409 994 3510 1050 sibi

1925 1057 2561 1134 quisque-persuadebit,
2593 1064 2917 1134 praclarum
2948 1075 3002 1120 et
3032 1057 3304 1134 singulare
3346 1065 3512 1120 bene-

1926 1130 2104 1212 licium
2135 1129 2216 1212 ob.
2239 1132 2426 1212 oculos
2455 1129 2699 1212 versans,
2729 1137 2872 1204 quod
2917 1137 3055 1212 ipsis
3076 1129 3309 1212 contulit
3342 1137 3506 1212 Deus,

1922 1200 2371 1282 dumparticipes
2401 1218 2496 1282 eos
2535 1203 2679 1269 fecit.
2728 1200 2838 1275 pra:
2871 1200 3087 1282 cieteris
3116 1208 3279 1282 totius
3324 1200 3508 1282 mundi

1923 1271 2262 1347 hominibus,
2283 1274 2603 1347 gaudiorum
2635 1271 2748 1332 sure
2781 1278 3118 1341 nativitatis;
3158 1279 3313 1347 cujus
3349 1279 3510 1333 nitui-

1919 1351 2125 1417 rttm_et
2166 1344 2266 1409 ipsi
2301 1359 2407 1400 non
2437 1345 2655 1404 fuerunt
2681 1349 2898 1417 ingrati,
2933 1349 3098 1405 immo
3137 1344 3268 1405 vero
3296 1349 3506 1405 reversi

1917 1412 2376 1493 8'0[iﬁ¢avel'unt,
2399 1428 2464 1493 et
2494 1412 2779 1493 laudarunt
2802 1412 2969 1493 Deum
3003 1421 3053 1474 iu
3083 1421 3360 1493 omnibus,
3380 1436 3507 1493 qua:

1917 1483 2223 1546 audierant.
2259 1498 2312 1539 ct
2360 1487 2625 1554 viderant,
2668 1492 2809 1545 sicut
2852 1491 3055 1546 dierum
3095 1502 3179 1546 est
3222 1492 3287 1546 ad
3333 1483 3504 1546 illos:

1917 1556 2133 1624 quando
2179 1555 2248 1611 ab
2282 1560 2479 1630 angelo
2524 1560 2770 1615 claritate
2819 1562 2912 1616 Boi
2963 1563 3265 1630 refulgente
3315 1562 3506 1616 audire

1919 1635 2239 1716 tne-ruerunt
2263 1645 2275 1680 :
2310 1628 2626 1716 Epangelizo
2649 1635 2786 1685 vobis
2808 1628 3341 1716 qattdiumplrtgntlt‘m:
3367 1633 3506 1703 quod

1917 1698 2013 1776 erit
2037 1698 2184 1776 omni
2205 1702 2425 1776 populo1
2444 1698 2564 1776 quia
2593 1714 2742 1776 natus
2773 1698 2846 1757 est
2876 1704 3034 1759 Voltis
3057 1698 3208 1776 hodie
3235 1698 3502 1776 Saluator,

1915 1768 2005 1836 qui
2025 1779 2098 1823 est
2117 1768 2359 1844 Christus
2385 1770 2657 1844 Dominus.
2687 1773 2818 1828 Nam
2843 1777 2985 1844 quod
3005 1775 3320 1844 Specialiter
3346 1774 3506 1830 Vosts

1915 1847 2075 1918 natus
2099 1838 2280 1918 dictus
2310 1853 2412 1903 est.
2450 1841 2591 1918 idem
2615 1845 2828 1898 videtur
2853 1838 2916 1900 ac
2945 1848 2989 1901 si
3020 1838 3243 1915 angelus
3263 1845 3504 1914 apertius

1913 1909 2144 1974 diceret,
2189 1913 2422 1981 primum
2459 1915 2598 1968 inter
2639 1930 2829 1970 omnes
2871 1909 3136 1971 mortale's
3163 1909 3317 1971 vobis
3345 1927 3505 1971 natus

1913 1989 2020 2053 est,
2055 1993 2242 2053 utpote
2268 1999 2430 2053 quem
2461 1989 2697 2050 priorem
2730 1987 2863 2041 estis
2891 1987 3058 2042 visuri
3103 1997 3158 2041 et
3198 1987 3500 2042 adoraturi.

1984 2051 2140 2119 Quod
2183 2051 2376 2108 attinet
2424 2055 2492 2108 ad
2526 2073 2806 2111 numerum
2851 2059 3097 2121 illorum.
3141 2058 3348 2112 diserte
3376 2072 3500 2112 cuin

1925 2121 2124 2196 Dextro
2145 2127 2416 2196 consentit
2446 2125 2612 2190 Beda,
2641 2129 2729 2194 qui
2757 2129 2848 2182 lib.
2873 2129 2940 2184 de
2967 2129 3123 2184 Locis
3138 2127 3352 2184 Sanctis
3376 2143 3498 2196 cap.

1913 2192 1968 2259 8,
2005 2193 2118 2248 haec
2139 2195 2213 2267 ait
2245 2213 2258 2267 ς
2293 2195 2460 2250 Porro
2488 2199 2557 2252 ad
2581 2192 2844 2254 Orientem
2870 2201 2922 2253 in
2949 2198 3299 2266 Turre—Ad",
3325 2199 3380 2252 id
3399 2192 3496 2267 est,

1910 2267 2115 2344 gregis,
2141 2265 2286 2344 mille
2316 2284 2499 2338 passus
2522 2287 2555 2322 a
2584 2272 2790 2344 civitate
2824 2269 3085 2325 Bethleem
3122 2265 3390 2344 segregata
3427 2265 3502 2324 est

1914 2335 2154 2389 Ecclesia
2178 2335 2333 2391 trium
2357 2351 2624 2407 pastorum
2649 2340 2852 2394 Dirimz
2872 2335 3498 2396 nativitatisconsciorttm

1910 2419 2241 2462 monumenta
2268 2411 2568 2476 continens,
2593 2413 2792 2481 quibus
2821 2425 2876 2467 et
2901 2414 3196 2468 ternarium
3223 2424 3276 2466 ct
3301 2412 3500 2467 sancti-

1912 2485 2075 2532 tatem
2105 2488 2378 2545 pastornm
2413 2484 2720 2549 prolitetur,
2756 2483 2808 2537 in
2847 2499 3078 2548 quorum
3109 2483 3363 2537 nimirum
3395 2483 3497 2536 ho-

1910 2562 2097 2622 norem
2130 2549 2370 2622 Ecclesia
2401 2562 2517 2606 erat
2545 2553 2833 2608 aediﬁcata.
2882 2553 3185 2622 Utrumque
3220 2569 3350 2607 vero
3380 2555 3498 2609 sine

1911 2618 2250 2676 haesitatione
2281 2633 2588 2688 asseverat,
2622 2635 2808 2690 utpote
2853 2626 2922 2679 de
2964 2618 3163 2691 quibus
3205 2635 3496 2691 utrumque

1909 2703 1976 2743 eo
2008 2691 2109 2764 loci
2142 2703 2195 2746 et
2243 2694 2536 2761 temporis,
2581 2710 2687 2764 per
2737 2695 3002 2764 majorum
3034 2710 3227 2751 manus
3273 2710 3497 2764 accepta

1911 2760 2132 2835 traditio
2190 2760 2605 2835 pronuntiabat;
2656 2766 2787 2835 Ejus
2823 2760 2967 2822 'sine
3029 2767 3195 2822 dubio
3244 2760 3496 2821 conscius

1913 2833 2108 2909 Dexter
2141 2834 2287 2909 velut
2327 2837 2372 2889 is
2402 2837 2504 2909 qui
2550 2837 2602 2890 in
2642 2833 2868 2892 oriente
2908 2839 3167 2907 prtetorio
3206 2837 3498 2909 praefettus

1909 2901 2101 2977 fuerat,
2136 2916 2240 2977 tres
2266 2905 2369 2960 hoc
2401 2901 2521 2977 loco
2551 2917 2598 2960 ct
2642 2920 2847 2962 sanctos
2875 2901 3118 2977 pastores
3147 2901 3497 2976 ev'augelims

1910 2972 2078 3029 fuisse
2105 2974 2320 3050 scribit,
2352 2972 2926 3050 videbatnrquervahle
2947 2994 3244 3050 congruum
3267 2972 3494 3050 rationi,

1911 3053 1966 3096 ut
1997 3052 2108 3116 tres
2142 3047 2422 3100 dumtaxat
2452 3047 2693 3114 pastores
2724 3049 2957 3106 Verbum
3001 3047 3177 3104 Patris
3199 3091 3215 3114 ,
3258 3048 3492 3116 Spiritus

1908 3115 2084 3170 sancti
2113 3131 2216 3190 ope
2247 3132 2374 3172 caro
2406 3117 2605 3173 factum
2653 3120 2816 3190 primi
2854 3121 3134 3176 hominum
3175 3115 3491 3187 adorarent,

1907 3200 2016 3254 quo
2069 3188 2386 3243 atloratores
2441 3188 2744 3246 existerent
2797 3193 3153 3248 sanctissimae
3214 3192 3494 3247 Trinitatis

1907 3259 2517 3334 niysterii,_sicut_et_iu
2553 3264 2724 3316 tribus
2756 3263 2920 3333 Magis
2960 3262 3300 3334 postmodum
3331 3262 3496 3317 effec-

1909 3335 2020 3403 tuui
2050 3344 2149 3403 suo
2180 3330 2299 3383 loco
2325 3330 2647 3403 videbimus.
2682 3330 2937 3388 Porro'de
2961 3330 3235 3403 pastorum
3267 3349 3494 3388 numero

1909 3400 2128 3454 videndi
2155 3413 2281 3453 sunt
2309 3401 2460 3455 card.
2496 3403 2761 3458 B.|l'“llill§
2795 3420 2940 3458 anno
2962 3400 3181 3459 Domini
3214 3421 3228 3457 t
3259 3413 3314 3458 et
3353 3403 3492 3458 Sua-

222 3477 349 3543 quit,
383 3475 559 3529 Roma:
600 3476 895 3542 natalitius,
928 3494 1028 3541 quo
1065 3478 1218 3530 condi
1253 3486 1414 3543 coepta
1443 3485 1556 3538 est,
1587 3469 1800 3531 habetur
1827 3469 1872 3532 C
1909 3483 2006 3544 ΠΞΖΔ
2044 3484 2182 3544 10111..
2208 3487 2244 3525 Il
2277 3472 2326 3525 Ῐιι
2362 3475 2393 3523 5
2414 3492 2478 3544 Α».
2511 3475 2574 3529 Ι).
2605 3469 2799 3544 ΤΙι.’‹ι.
2830 3477 2920 3539 56.
2955 3476 3094 3544 disp.
3132 3475 3220 3539 14.
3262 3483 3398 3530 sect.
3432 3476 3489 3530 2.

153 3559 158 3564 ’
223 3547 286 3598 ad
313 3563 350 3602 ιι
375 3546 454 3602 Ιιαί
483 3547 681 3604 Maias.
702 3547 950 3618 Denique
970 3547 1284 3616 Propertius
1315 3548 1408 3601 lib.
1449 3563 1498 3600 tv
1533 3547 1652 3603 hate
1690 3548 1800 3603 ait:

371 3680 670 3745 Urbiifestus
693 3690 820 3745 erat,
841 3682 1019 3745 dixere
1041 3682 1212 3732 Palilia
1245 3681 1422 3745 Patres
1444 3697 1456 3741 :

459 3791 464 3794 .
488 3743 583 3794 Hic
605 3747 791 3809 primus
809 3743 957 3809 erepit
979 3744 1220 3794 Moenibus
1245 3757 1356 3794 esse
1381 3743 1508 3793 dles.

296 3892 423 3950 lline
461 3895 538 3960 lit,
586 3904 648 3950 ut
691 3896 1011 3951 consulatus
1049 3894 1260 3949 Lentuli
1309 3903 1363 3947 et
1399 3893 1640 3947 Messala:
1679 3911 1803 3963 par-

229 3970 331 4016 lem
378 3967 532 4021 fuerit
569 3968 884 4034 complexus
934 3967 1057 4019 anui
1104 3965 1262 4020 Urbis
1292 3966 1524 4019 condita:
1565 3965 1688 4030 751,
1747 3975 1803 4021 et

239 4048 430 4098 partem
473 4039 630 4091 etiam
673 4038 798 4090 anni
830 4039 954 4091 7.32.
1003 4035 1228 4104 Quando
1269 4038 1415 4089 enim
1455 4038 1800 4091 consulatum

237 4105 309 4156 illi
328 4108 549 4160 inierunt
567 4109 655 4162 die
682 4125 698 4163 t
725 4109 987 4168 Januarii,
1007 4111 1259 4161 currebat
1280 4123 1454 4161 annus
1481 4107 1638 4162 Urbis
1671 4109 1798 4171 7Iil;

233 4176 326 4250 sed
357 4192 382 4230 a
417 4179 501 4232 die
539 4180 594 4233 il
632 4183 806 4250 April.
851 4180 1018 4246 cmpit
1061 4193 1241 4250 annus
1280 4178 1349 4232 ab
1388 4177 1532 4233 Urbe
1580 4179 1800 4250 etutdita

231 4247 332 4300 7.52
369 4264 384 4304 :
428 4265 586 4318 quare
629 4247 753 4304 cum
796 4250 1044 4303 Christus
1096 4249 1359 4303 Dominus
1407 4256 1564 4303 natus
1613 4248 1798 4316 fuerit,

232 4333 330 4371 non
359 4320 481 4386 ipsis
517 4319 762 4375 kalendis
807 4320 1068 4381 Januarii.
1103 4321 1258 4373 initio
1298 4322 1616 4374 consulatus
1663 4335 1802 4389 pra:-

228 4391 498 4456 t|;ctorum,
544 4393 640 4446 sed
677 4392 742 4446 ad
785 4397 946 4446 linem
981 4393 1106 4444 anui
1154 4393 1204 4444 id
1245 4403 1351 4449 est.
1383 4391 1456 4445 25
1486 4391 1802 4447 Decembris

230 4463 324 4509 sltll
347 4462 542 4516 eisdem
570 4462 908 4525 consulibus,
943 4477 1225 4517 necessum
1257 4472 1342 4516 est
1379 4473 1437 4516 ut
1467 4478 1798 4529 asseramus,

231 4529 280 4581 id
307 4533 556 4588 accidisse
587 4549 733 4588 anno
776 4532 962 4588 Roma:
994 4532 1119 4597 752,
1165 4543 1225 4587 ut
1273 4535 1470 4588 Dexter
1499 4546 1796 4588 asseverat.

233 4601 285 4651 i-Lt
319 4614 485 4658 tamen
530 4620 623 4672 per
665 4605 766 4659 hoc
804 4620 908 4658 non
940 4605 1144 4659 recedit
1173 4620 1202 4658 a
1247 4605 1634 4674 supputatione
1667 4603 1801 4658 Var-

231 4674 370 4726 ronis
419 4675 609 4730 aientis
664 4676 1006 4730 consulatum
1073 4675 1290 4730 Lettluli
1344 4685 1399 4730 et
1447 4675 1692 4730 Mchake
1746 4676 1798 4730 in

226 4756 413 4821 annum
444 4745 600 4821 Urbis
630 4747 727 4803 75!
759 4747 1012 4821 incidisse
1028 4747 1125 4821 ;__id
1158 4747 1302 4821 enim
1319 4746 1397 4821 de
1428 4747 1656 4821 exordio
1681 4745 1802 4815 ejus

228 4815 610 4887 intelligendum
650 4827 756 4883 est,
793 4832 902 4872 non
935 4817 1001 4874 de
1033 4819 1162 4885 line,
1195 4817 1281 4873 cui
1309 4818 1422 4887 jam
1459 4819 1671 4872 luxerat
1704 4835 1794 4871 uo-

230 4898 321 4938 vus
349 4885 497 4942 Urbis
524 4904 724 4944 annus.

294 4955 396 5012 Hoc
419 4961 585 5014 semel
617 4960 899 5015 matittisse
930 4959 1186 5023 Sufficiat,
1220 4975 1321 5015 nec
1348 4960 1623 5030 oportebit
1650 4959 1805 5013 dein-

224 5040 344 5105 ceps
369 5029 642 5085 immorari
682 5034 736 5086 iti
769 5033 1152 5105 supputatione
1179 5029 1448 5105 annorum
1482 5030 1642 5105 Urlus
1670 5047 1802 5105 εᾳιιέ

221 5097 382 5176 ditas}
414 5105 630 5176 cognito
662 5097 933 5176 siquidem
965 5104 1131 5176 semel
1162 5104 1305 5176 quod
1349 5104 1550 5176 natalis
1583 5102 1799 5176 Domitii

223 5170 455 5227 inciderit
481 5170 532 5228 iit
564 5170 773 5229 annum
802 5171 926 5238 752,
964 5172 1118 5227 facile
1149 5170 1320 5227 cuivis
1349 5189 1492 5226 anno
1518 5171 1801 5228 Dominico

222 5251 338 5313 suus
368 5259 430 5298 ex
456 5251 626 5301 latere
657 5245 996 5312 restiondens
1023 5244 1187 5302 Urbis
1212 5260 1386 5298 annus
1407 5245 1797 5313 assignabitur,

219 5309 405 5369 additis
449 5317 706 5372 nimirum
744 5309 906 5370 annis
945 5315 1130 5369 Roma:
1173 5317 1263 5384 qui
1307 5309 1547 5370 uataleui
1586 5313 1797 5369 Domini

218 5395 612 5451 praeesserunt,
645 5387 716 5442 ad
745 5399 920 5440 annos
944 5386 1271 5451 Dominicos,
1307 5388 1376 5440 tle
1404 5386 1601 5455 quibus
1631 5386 1795 5439 luerit

213 5458 449 5520 quzestio:
473 5460 624 5515 verbi
648 5461 853 5529 gratia,
878 5457 1243 5529 sirqugrratur,
1269 5459 1392 5528 quis
1413 5472 1587 5511 annus
1610 5456 1795 5510 Romae

211 5529 518 5594 respondeat
547 5527 696 5585 anno
727 5528 939 5584 Christi
981 5527 1130 5583 120?
1170 5529 1458 5584 dicendum
1490 5529 1632 5595 quml
1665 5530 1794 5591 871,

209 5595 291 5662 qui
320 5600 575 5657 coalescit
605 5617 681 5657 ex
717 5601 872 5655 dicto
908 5599 1012 5656 lio
1046 5599 1258 5654 Domini
1279 5641 1294 5662 ,
1323 5611 1377 5655 et
1407 5614 1471 5653 ex
1503 5600 1597 5654 ’751
1635 5598 1795 5654 Urbis

201 5669 284 5730 qui
316 5683 712 5737 pra-cesserunt
742 5672 868 5743 ejus
897 5671 1150 5727 natalem-
1186 5671 1252 5727 Et
1279 5672 1421 5728 idem
1450 5671 1552 5728 erit
1572 5669 1640 5728 de
1669 5669 1792 5726 reli-

200 5751 330 5808 (ιρις.
969 5790 1040 5817 η

1827 4856 1884 4916 1)

1980 3541 2046 3595 Α.
2073 3542 2136 3596 C.
2160 3542 2311 3615 2.—
2337 3548 2389 3598 1.
2409 3542 2537 3598 Tres
2558 3546 2710 3612 soles,
2741 3541 2847 3613 etc.
2885 3541 3081 3601 'l‘rinos
3111 3549 3258 3602 soles
3287 3544 3491 3615 saepius

1906 3615 2108 3688 antiqui
2136 3613 2422 3688 viderunt;
2454 3617 2761 3688 quinquies,
2786 3629 2840 3671 nt
2865 3618 3169 3680 minimum,
3197 3617 3264 3670 de
3286 3613 3485 3686 quibus

1907 3683 2228 3757 Pliniuslib.
2261 3700 2296 3757 ιι
2323 3687 2460 3740 llist.
2485 3683 2614 3742 Nat.
2630 3703 2730 3757 cap
2769 3688 2831 3743 51
2861 3688 3090 3742 afﬁrmat
3119 3683 3491 3742 incidissesub

1905 3756 2222 3827 Consulibus
2252 3755 2347 3826 Sp.
2389 3755 2725 3825 Postlitiiiiio,
2752 3769 2807 3812 et
2837 3765 2897 3825 υ.
2935 3760 3104 3814 Mulio
3135 3778 3146 3812 :
3176 3761 3240 3826 ρ.
3273 3759 3486 3827 Martio,

1907 3837 1960 3880 et
1987 3826 2056 3880 Μ.
2103 3827 2194 3880 Pot
2214 3832 2288 3881 tio
2319 3844 2332 3882 :
2368 3828 2435 3880 31.
2467 3830 2728 3896 Autoitio,
2763 3840 2817 3882 et
2848 3833 2905 3884 l'.
2936 3830 3258 3886 Dolabella:
3291 3829 3359 3883 Μ.
3390 3826 3495 3882 Le-

1909 3898 2054 3964 pitlo.
2085 3907 2140 3952 et
2167 3897 2227 3952 L.
2264 3899 2464 3952 Planco
2495 3918 2505 3952 :
2537 3901 2734 3968 quibus
2765 3902 2947 3953 subdit
2969 3911 3182 3956 sextam
3211 3901 3334 3953 tritti
3358 3899 3493 3954 solis

1906 3969 2321 4034 apparitimu'm,
2357 3969 2426 4022 Et
2448 3983 2646 4034 nostra,
2672 3973 2768 4030 ait.
2799 3983 2925 4024 (etas
2957 3973 3081 4025 vidit
3111 3969 3241 4024 Divo
3267 3969 3491 4025 Claudio

1905 4040 2156 4107 principe,
2189 4044 2458 4092 consulatu
2489 4045 2620 4108 ejus,
2658 4041 2897 4094 Cornelio
2929 4041 3095 4110 Orﬁto
3117 4043 3334 4110 collega.
3367 4041 3493 4095 lltec

1909 4112 2089 4181 uitii-ia
2132 4112 2316 4162 incidit
2365 4110 2422 4181 in
2449 4126 2648 4181 anitum
2675 4111 2895 4181 Domini
2933 4111 3026 4175 52,
3074 4111 3166 4181 qui
3204 4113 3489 4166 Claudium

1906 4189 1964 4251 et
1980 4178 2208 4251 Orfitum
2240 4180 2492 4232 Consules
2524 4179 2728 4233 habuit.
2763 4183 2894 4248 Quae
2921 4178 3101 4236 autem
3129 4181 3386 4251 Lepidum
3430 4191 3487 4235 et

1909 4248 2182 4302 Plancium
2212 4251 2350 4303 vidit
2369 4252 2652 4313 consules,
2679 4252 2890 4305 initium
2919 4248 3312 4306 'l'riumviratus
3334 4268 3494 4304 orna-

1909 4322 2008 4382 vit,
2051 4321 2270 4389 quando
2300 4321 2554 4373 videlicet
2593 4323 2774 4375 Cll-sar
2812 4324 2914 4374 sibi
2952 4323 3197 4390 adjuoxit
3226 4322 3290 4374 Μ.
3329 4322 3494 4388 Lepi-

1906 4393 2054 4452 dum.
2106 4401 2161 4444 et
2216 4391 2286 4444 M.
2347 4393 2642 4446 Antonium
2693 4393 3023 4459 Reipublicae
3073 4393 3491 4446 constituendai.

1905 4462 2145 4531 Contigit
2166 4477 2296 4516 vero
2317 4462 2671 4534 quadraginta
2704 4464 2860 4518 anuis
2890 4474 3015 4517 ante
3044 4461 3247 4534 Christi
3275 4461 3493 4518 Domitii

1906 4533 2166 4598 natalem,
2219 4542 2273 4589 et
2316 4532 2478 4589 Urbis
2519 4532 2753 4590 condita:
2801 4535 2929 4597 712,
2978 4544 3036 4588 ιιι
3084 4533 3138 4588 in
3184 4535 3492 4588 Comment.

1906 4604 2188 4660 Fastorum
2237 4605 2430 4673 probat
2458 4605 2772 4675 Onupltrius
2819 4605 2914 4659 lib.
2959 4621 3018 4660 tt.
3068 4603 3175 4659 Sed
3220 4618 3489 4675 quorsum

1906 4677 2073 4730 hinc?
2111 4676 2325 4732 scilicet
2366 4689 2422 4730 ut
2468 4673 2664 4743 discas,
2703 4677 2930 4732 Plinium
2981 4692 3047 4732 eo
3099 4673 3496 4731 loroiniuime

1904 4750 2082 4817 egisse
2120 4749 2189 4802 de
2218 4749 2308 4802 illa
2341 4748 2466 4802 trini
2509 4749 2641 4803 solis
2671 4749 3085 4818 comparitione,
3119 4762 3241 4817 qua:
3269 4745 3495 4800 Christo

1907 4834 2096 4873 recens
2125 4831 2253 4873 nato
2298 4819 2353 4873 in
2401 4819 2678 4887 Hispaniis
2728 4821 2863 4874 facta
2907 4830 3026 4885 est;
3057 4819 3496 4889 quandoquidem

1907 4890 2153 4959 quaedam
2183 4906 2247 4944 es
2294 4891 2580 4944 recensitis
2615 4889 2684 4945 ab
2712 4905 2778 4944 eo
2809 4891 2968 4960 longe
3010 4888 3136 4945 sunt
3165 4888 3491 4953 anteriores,

1905 4976 2028 5013 cum
2067 4978 2126 5014 ea
2167 4977 2287 5029 qua:
2317 4960 2419 5014 sub
2460 4960 2678 5014 Plancio
2709 4971 2762 5016 et
2805 4959 3010 5031 Lepido
3043 4977 3187 5016 coss.
3233 4960 3495 5031 contigit.

1907 5034 2179 5086 recentior
2208 5032 2278 5084 sit
2320 5031 2716 5098 superioribus,
2755 5041 2811 5085 et
2859 5030 3037 5086 tamen
3069 5048 3164 5100 per
3209 5046 3380 5085 aunOs
3426 5030 3498 5086 40

1905 5103 2196 5157 adventum
2222 5103 2432 5156 Dotniui
2461 5110 2821 5172 pra-cesserit;
2846 5119 2964 5172 qua:
2985 5119 3114 5156 vero
3129 5118 3231 5156 suo
3251 5114 3496 5171 tempore

1905 5173 2124 5237 accidit,
2147 5173 2369 5226 Claudio
2391 5183 2446 5226 et
2462 5173 2636 5227 Orfito
2650 5169 2831 5236 Coss.,
2858 5169 2926 5227 5'2.
2947 5177 3103 5226 anuis
3121 5169 3387 5241 posterior
3403 5174 3495 5231 sit.

1978 5247 2104 5315 Agit
2133 5244 2489 5315 nihilominus
2510 5244 2577 5315 de
2598 5245 2779 5315 tribus
2799 5243 3010 5298 solibus
3035 5244 3178 5314 apud
3207 5244 3498 5312 lliSpanias

1905 5313 2045 5370 visis
2074 5314 2358 5369 Adventus
2397 5313 2611 5370 Domini
2655 5323 2897 5381 tempore
2944 5313 3120 5370 Julius
3170 5315 3496 5383 Obsequens

1903 5385 2004 5441 lib.
2047 5385 2117 5440 de
2162 5385 2432 5452 Prodigiis
2467 5400 2587 5456 cap.
2637 5384 2765 5451 128,
2811 5395 2885 5456 ειν
2912 5384 3435 5456 DuctorIAngelieus
3465 5387 3500 5440 5

1903 5472 2045 5524 par.,
2075 5473 2130 5525 q.
2179 5456 2266 5517 36,
2305 5465 2408 5508 art.
2440 5456 2494 5520 ὃ,
2527 5455 2594 5509 ad
2622 5457 2656 5510 ὃ
2689 5471 2828 5520 are...
2863 5455 3120 5511 Credibile
3163 5455 3260 5521 est,
3297 5457 3492 5526 inquit,

1901 5528 2130 5580 etiamin
2155 5527 2272 5579 aliis
2295 5526 2526 5596 partibus
2549 5529 2729 5580 mundi
2751 5529 2822 5596 (et
2851 5542 2956 5582 non
2976 5529 3152 5582 solum
3178 5529 3229 5582 iii
3251 5530 3498 5588 Oriente.

1901 5597 2190 5670 ubistella
2235 5598 2484 5670 apparuit
2510 5597 2927 5670 rblagisjaliqtta
2971 5600 3166 5653 indicia
3209 5597 3494 5670 nativitatis

1897 5666 2092 5740 Christi
2117 5667 2450 5740 apparuisse;
2472 5669 2608 5723 sicut
2629 5666 2808 5740 Batnae
2825 5666 2980 5740 [luxit
3007 5670 3206 5733 oleum,
3228 5678 3274 5720 et
3292 5669 3344 5721 in
3364 5667 3488 5719 llis—

1898 5739 2052 5811 pania
2076 5739 2410 5812 apparuerint
2437 5749 2537 5796 tres
2573 5739 2705 5798 soles
2735 5740 2988 5814 paulatim
3017 5742 3068 5798 in
3099 5756 3256 5795 totum
3289 5753 3491 5793 coetui-
