3978 6290
536 297 601 356 71
1575 283 1812 345 FLAVII
1849 280 2028 341 LUC"
2069 273 2326 340 DEXTRI
2363 277 2779 339 CHRONICON.

3771 266 3846 326 72

533 409 602 466 Α.
640 406 700 465 C.
744 404 836 464 54.
912 403 1160 464 Christus
1191 403 1452 460 Dominus
1481 409 1673 456 noster
1700 401 1753 453 in
1798 411 2018 453 crucem
2060 405 2236 465 actus,
2266 411 2360 451 vni
2407 396 2627 453 kalend.
2671 392 2897 464 Aprilis,
2929 387 3131 449 invidia
3175 387 3491 449 Judeorum
3536 388 3603 445 Δ.
3628 385 3679 445 R
3708 387 3842 444 785.

998 499 1289 555 cruciﬁxus
1321 511 1420 567 pro
1447 494 1625 551 salute
1657 489 1826 547 totius
1849 487 2065 559 generis
2108 487 2330 544 humani
2363 488 2598 546 libenter
2625 497 2854 546 mortem
2885 485 3116 558 oppetit.

891 591 1034 648 Solis
1055 590 1326 655 defectio;
1351 599 1406 645 et
1439 587 1678 644 tenebrae
1709 593 1882 639 terras
1911 580 2256 648 cooneriunt.

1750 713 2009 773 BIVARII
2048 709 2617 774 COMMENTARIUS.

541 827 679 898 phrii
711 823 905 892 liquet)
942 819 1181 877 Severus
1219 816 1457 874 Cecinna
1497 815 1828 898 gravissima
1865 812 2126 898 Oratione
2152 812 2203 869 A
2232 825 2356 865 eum
2400 813 2716 898 injicerent,
2754 827 2818 894 ac
2867 810 2936 866 de
2985 811 3165 898 medio
3205 810 3499 898 tollerent,
3517 823 3629 894 qua
3673 809 3838 898 Pilatl

532 885 858 957 censuisset,
888 885 966 946 'ne
1004 906 1206 946 uxores
1232 899 1457 944 maritos
1496 885 1547 941 in
1580 888 1912 954 provinciam
1940 885 2123 957 proli-

533 973 805 1024 cisrentes
847 956 1292 1035 comitarentur;
1327 975 1534 1035 verum
1588 958 1722 1035 legis
1781 956 1989 1027 rogatio
2046 962 2129 1035 est

535 1042 709 1103 elusa,
745 1035 1118 1090 intercedente
1158 1033 1378 1087 Valerio
1419 1031 1666 1103 Messala,
1697 1044 1763 1103 ae
1805 1044 1901 1096 pt'l‘
1944 1031 2126 1080 omnia

536 1101 878 1165 commodius
906 1121 1027 1160 esse
1057 1105 1400 1167 ostendente,
1425 1101 1469 1155 si
1504 1101 1611 1154 illae
1635 1101 1856 1154 maritos
1888 1107 2131 1152 assecta-

542 1189 730 1237 rentur
764 1197 778 1232 :
809 1179 953 1248 quod
981 1176 1051 1248 ita
1082 1177 1289 1248 iussum
1325 1173 1444 1227 fuit.

608 1240 877 1306 Caeterum
903 1247 994 1316 qui
1029 1240 1326 1300 subsistere
1370 1243 1567 1314 poterit
1597 1243 1648 1298 id
1693 1241 1836 1312 quod
1865 1240 1932 1296 de
1961 1254 2129 1294 uxore

541 1322 703 1379 Pilati
747 1321 944 1374 Dexter
990 1317 1178 1381 refert,
1212 1317 1544 1370 admonitam
1593 1317 1803 1368 scdicet
1845 1329 1941 1381 per
1986 1327 2129 1365 som-

540 1395 689 1449 nium
721 1393 770 1446 in
795 1389 1070 1445 Christum
1099 1388 1415 1447 credidisse,
1445 1397 1500 1441 et
1529 1386 1756 1440 salutem
1780 1393 2127 1439 consecutam

541 1464 740 1520 fuisse?
773 1459 1057 1528 Quomodo
1102 1475 1201 1530 per
1232 1458 1501 1513 δοηιηίιιηι
1551 1456 1826 1530 admonita
1865 1465 2126 1530 est,__qu:e

541 1551 639 1606 per
667 1524 845 1606 visum
876 1524 1186 1606 fatetur,'s_e
1225 1531 1391 1606 multa
1435 1541 1665 1606 passam.
1701 1527 1868 1606 nuisse
1901 1524 2131 1606 z-Mnlta

541 1596 766 1676 (inquit)
793 1619 948 1676 passa
975 1596 1092 1654 sum
1124 1600 1293 1676 hodie
1328 1617 1418 1676 per
1439 1596 1666 1652 risum?
1702 1597 1875 1676 Quod
1903 1596 1947 1650 si
1980 1609 2129 1676 _p_er-

541 1665 823 1732 ierr'elaet'a
851 1673 945 1727 fuit
970 1687 1065 1740 per
1083 1673 1257 1725 visunt
1282 1686 1310 1722 a
1328 1665 1616 1730 ‘Daemone,
1640 1669 1782 1723 unde
1798 1668 1958 1721 infert
1980 1665 2126 1720 illam

541 1749 593 1804 in
624 1746 898 1801 Christum
926 1741 1254 1797 credidisse?
1279 1741 1451 1808 Quam
1486 1756 1621 1794 vero
1667 1740 1894 1794 salutem
1931 1752 2126 1792 conse-

540 1835 570 1874 c
596 1832 662 1872 .2a
692 1816 808 1872 est?
835 1816 1138 1877 Animaene,
1172 1828 1239 1866 an
1271 1813 1556 1879 corporis!
1582 1811 1736 1876 Quod
1766 1809 1833 1864 ad
1862 1810 2125 1863 visionem

543 1898 756 1954 attinet,
801 1901 906 1940 non
953 1894 1035 1938 est
1081 1883 1223 1952 quod
1256 1898 1597 1946 moveamur,
1644 1897 1738 1950 per
1786 1881 2032 1934 visumne
2059 1896 2126 1932 an

545 1976 643 2031 per
689 1953 958 2014 somnium
999 1953 1306 2031 dicendum
1333 1954 1401 2031 sit
1447 1970 1568 2007 eam
1621 1967 1870 2020 passam;
1921 1958 2127 2031 certum

547 2022 782 2100 namque
811 2037 896 2082 est
923 2035 1082 2100 noctu
1116 2027 1165 2077 id
1198 2025 1482 2100 accidifSS?’
1509 2039 1632 2079 cum
1659 2036 1911 2100 superea
1938 2037 2010 2100 re.
2028 2022 2129 2074 mi-

546 2093 774 2156 Serit'nd
805 2098 1058 2152 maritum
1107 2111 1265 2148 inane
1293 2096 1572 2150 sedentem
1619 2111 1715 2163 pro
1759 2093 2037 2154 tribunali,
2069 2103 2127 2146 ut

547 2173 821 2248 _Chr_istum
843 2168 1146 2248 indicaret.
1170 2167 1325 2222 Unde
1350 2167 1493 2248 quod
1524 2167 1737 2234 vulgata
1781 2164 1946 2248 editio
1994 2163 2122 2245 legit
2152 2187 2200 2248 Β

548 2245 602 2298 itt
634 2235 951 2307 Evangelia,
1000 2236 1174 2291 Hodie
1220 2253 1310 2305 per
1345 2235 1534 2301 visum,
1581 2248 1799 2291 sanctus
1849 2235 2118 2301 Pagninus

547 2317 734 2376 vertit,
767 2309 942 2366 Hodie
967 2310 1020 2362 in
1047 2312 1242 2362 somnis
1267 2324 1287 2361 :
1317 2323 1487 2376 quare
1515 2308 1648 2363 illud
1689 2307 1840 2360 hodie
1870 2307 2010 2376 idem
2039 2315 2123 2360 est

551 2394 712 2454 atque
741 2384 840 2454 hac
882 2389 1050 2443 nocte,
1083 2395 1204 2454 c_ut_n
1238 2375 1449 2454 somnia
1475 2378 1831 2454 cotemporis
1864 2375 2121 2454 frequen-

551 2448 656 2521 tius
701 2453 1038 2521 contingant.
1091 2449 1294 2504 Deinde
1345 2451 1498 2504 multi
1547 2449 1773 2521 (fateor)
1815 2448 2118 2521 credidere,

550 2511 1185 2597 perterrefactvamluisse
1210 2529 1366 2597 nocte
1409 2522 1498 2597 illa
1531 2511 1876 2597 salutiferam
1910 2511 2121 2597 Domini

549 2588 761 2662 necem,
785 2591 1147 2650 antecedente
1176 2608 1204 2645 a
1249 2592 1390 2662 malo
1417 2593 1689 2654 dmmtitie,
1717 2591 1806 2659 qui
1852 2588 1975 2644 facti
2011 2605 2123 2653 pm-

545 2661 768 2724 nitentia
805 2665 1022 2730 ductus,
1055 2663 1275 2718 timebat
1308 2661 1418 2732 jam
1469 2679 1538 2718 ne
1576 2663 1717 2717 forte
1767 2664 1932 2729 ipsius
1975 2675 2122 2715 mors

547 2741 811 2810 majorum
839 2734 1234 2810 sibimalurum
1261 2747 1422 2810 causa
1450 2733 1806 2810 foret,_quam_
1831 2735 1946 2810 ipsa
1969 2733 2074 2810 vit_a
2105 2750 2117 2783 :

545 2800 688 2880 quod
720 2809 863 2880 inter
890 2806 1028 2880 alios
1061 2805 1574 2880 Itabanusmhlaurus
1604 2800 1957 2880 iliisuedocuit
1989 2819 2002 2856 :
2029 2800 2122 2856 In-

549 2873 781 2953 t'elligens
812 2878 1082 2953 Diabolus.
1104 2893 1160 2953 se
1185 2892 1277 2948 per
1303 2873 1565 2953 Christum
1591 2875 1759 2953 spolia
1773 2875 2120 2953 amissurum,

545 2945 776 3018 rult'per
801 2948 1066 3002 mulierem
1096 2945 1331 3002 liberare.
1369 2947 1550 3001 Refert
1589 2945 1988 3018 liaroniusipro
2021 2945 2121 2999 hac

548 3017 821 3077 sententia
866 3019 1046 3072 divum
1081 3018 1338 3087 lgnatium
1383 3020 1436 3071 in
1478 3019 1702 3085 epiStola
1745 3017 1812 3070 ad
1859 3017 2124 3087 Polycar—

551 3107 702 3163 pum,
731 3101 785 3145 et
816 3099 1006 3163 tamen
1038 3103 1210 3157 neque
1240 3087 1306 3163 in
1341 3102 1427 3150 ea,
1459 3104 1634 3163 neque
1661 3088 1714 3142 in
1745 3089 1855 3141 alia
1901 3103 1966 3140 ex
2007 3089 2120 3143 suis

547 3158 820 3234 quippiam
853 3162 954 3234 hac
978 3161 1047 3213 de
1077 3175 1136 3212 re
1167 3158 1308 3210 valui
1337 3160 1594 3226 reperire.

625 3226 821 3288 verum
863 3231 1143 3284 enimvero
1181 3239 1501 3298 praestantes
1539 3227 1855 3291 sanctitate,
1900 3242 1964 3282 ac
1990 3226 2120 3283 doc-

549 3305 689 3360 trina
712 3303 902 3359 Patres
930 3299 1176 3355 arbitrati
1223 3307 1351 3353 sunt
1377 3313 1483 3353 non
1524 3299 1920 3354 cucodzemonis
1949 3299 2123 3366 impo-

546 3386 751 3431 sturam
783 3387 996 3444 passam
1026 3386 1088 3426 ea
1121 3381 1281 3425 nocte
1305 3369 1460 3444 Pilati
1492 3386 1738 3434 osorem,
1765 3370 1862 3444 sed
1893 3368 1988 3422 Dei
2007 3372 2117 3444 _mi-

549 3440 1066 3503 serautis'visionem
1096 3450 1152 3496 et
1188 3442 1651 3507 consolationem,
1693 3455 1795 3509 qua
1832 3441 1900 3494 de
1945 3440 2120 3495 salute

549 3533 645 3573 sua
686 3518 1114 3574 admonebatur,
1145 3522 1200 3566 et
1243 3513 1371 3567 lesu
1418 3509 1624 3566 Christi
1674 3514 1953 3566 divinitate
1986 3528 1999 3566 :
2040 3513 2119 3566 sic

2234 898 2376 937 uxor
2408 885 2575 938 multa
2617 899 2713 952 per
2745 885 2920 936 visum
2954 897 3107 950 passa
3141 883 3265 937 fuit.
3299 882 3456 950 Quod
3485 884 3529 936 si
3562 886 3675 949 jam
3706 885 3839 938 facti

2231 954 2385 1008 illum
2422 955 2750 1021 pmnitebat,
2792 971 2889 1008 cur
2916 953 3224 1008 Iudaeorum
3263 953 3429 1007 corda
3475 967 3582 1008 non
3618 965 3837 1022 tempe-

2232 1028 2388 1078 rabat
2423 1027 2492 1080 ab
2522 1027 2648 1079 odio
2699 1028 2751 1080 in
2797 1026 2972 1095 ipsum
3005 1034 3268 1092 concepto
3297 1024 3438 1095 {seu
3487 1025 3653 1094 (quod
3696 1025 3836 1079 faci-

2234 1095 2336 1150 lius
2389 1096 2694 1166 videbatur)
2751 1094 3010 1152 incitabat
3057 1097 3268 1150 turbam
3309 1094 3527 1149 Christo
3569 1097 3831 1150 devotam

2233 1167 2319 1230 ad;
2348 1169 2710 1230 seditionem,
2744 1183 2846 1237 qua
2878 1170 3138 1222 innocens
3183 1182 3211 1219 a
3259 1176 3432 1220 morte.
3480 1169 3835 1235 eriperetur?

2232 1237 2376 1290 Nihil
2411 1239 2604 1294 horum
2635 1239 2782 1304 let-it,
2815 1254 2935 1292 eum
2963 1247 3138 1291 tamen
3171 1237 3378 1291 nullum
3410 1252 3514 1290 non
3563 1238 3832 1294 movisset

2233 1307 2470 1380 lapidem
2493 1352 2507 1370 .
2539 1313 2657 1380 ejus
2702 1313 2776 1364 rei
2805 1325 2992 1373 causa,
3039 1311 3084 1362 si
3121 1310 3255 1380 facti
3301 1310 3470 1363 scmel
3502 1309 3830 1376 paenitentia

2231 1378 2543 1436 duceretur.
2571 1378 2930 1451 'Quapropter
2961 1381 3085 1434 cum
3119 1379 3325 1433 Dextro
3369 1382 3690 1451 asset-imus,
3737 1381 3831 1436 Pi-

2231 1451 2325 1505 lati
2351 1455 2640 1523 coniugem
2674 1468 2769 1520 per
2797 1450 3068 1506 somnium
3097 1451 3450 1515 admonitam,
3480 1450 3686 1506 Christi
3711 1452 3760 1506 D
3781 1471 3829 1506 )-

2230 1521 2365 1576 mini
2399 1521 2786 1585 innocentiam,
2816 1534 2872 1578 et
2901 1523 3236 1591 majestatem
3264 1537 3618 1591 cognoVisse,
3660 1532 3830 1593 atque

2230 1593 2286 1647 in
2314 1595 2487 1662 ipsum
2520 1594 2837 1648 credidisse.
2861 1594 2998 1661 Quid
3034 1603 3213 1647 autem
3237 1593 3340 1647 sibi
3366 1594 3502 1656 vult,
3534 1595 3680 1664 quod
3714 1611 3827 1650 non

2231 1664 2556 1733 simpliciter
2577 1666 2781 1720 vidisse
2819 1665 3049 1729 dicitur,
3083 1663 3175 1717 sed
3207 1665 3348 1733 quod
3382 1663 3561 1719 multa
3583 1665 3638 1720 in
3671 1681 3826 1721 som-

2230 1735 2315 1788 nis
2342 1751 2593 1807 perpessa
2639 1737 2764 1807 est?
2791 1735 2934 1790 Nihil
2969 1737 3358 1790 consonantius
3386 1737 3626 1791 occurrit
3652 1752 3823 1806 quam

2229 1807 2370 1874 quod
2408 1806 2606 1861 DeXter
2631 1806 2828 1873 refert,
2875 1809 2939 1861 iis
2984 1823 3104 1875 qua!
3150 1821 3304 1875 passa
3353 1817 3437 1862 est
3479 1807 3822 1864 admonitam

2231 1877 2419 1939 luisse,
2456 1889 2512 1931 ut
2551 1878 2607 1932 in
2647 1877 2923 1933 Christum
2951 1877 3238 1932 crederet:
3277 1893 3398 1932 cum
3424 1879 3568 1933 enim
3594 1880 3821 1936 ethnica

2229 1957 2376 2020 esset
2401 1948 2616 2013 mulier,
2665 1965 2764 2004 nec
2802 1947 3007 2018 quavis
3051 1948 3347 2003 admonitio
3393 1949 3702 2020 sufﬁceret,
3761 1961 3822 2007 ut

2236 2019 2503 2090 pra-heret
2537 2021 2727 2086 Iidem;
2759 2035 3055 2090 congruum
3091 2019 3224 2086 fuit,
3255 2029 3312 2074 ut
3349 2023 3622 2076 cruciatus
3654 2019 3818 2077 acer-

2230 2087 2483 2145 bissimos
2514 2103 2810 2160 pateretur,
2843 2087 3124 2161 quousque
3143 2090 3266 2144 data
3291 2092 3344 2144 in
3367 2090 3642 2147 Christum
3679 2094 3816 2161 fide,

2229 2161 2457 2216 salutem
2488 2165 2737 2232 corporis
2767 2163 2928 2216 simul
2958 2173 3011 2218 et
3039 2161 3234 2215 anima:
3264 2177 3558 2218 consecuta
3589 2167 3678 2218 sit.
3704 2165 3819 2221 Ne-

2225 2246 2332 2301 que
2376 2233 2570 2287 mirum
2604 2233 2774 2287 videri
2815 2233 3019 2296 debet,
3064 2233 3220 2287 Pilati
3252 2234 3539 2304 coniugem
3586 2235 3818 2290 Christo

2225 2316 2326 2385 per
2356 2304 2514 2385 ﬁnalem
2547 2304 2864 2385 adlnesisse,
2888 2320 3019 2385 cuni
3041 2304 3182 2385 Luca
3210 2304 3483 2385 referente
3508 2306 3650 2376 (cap.
3687 2308 3814 2385 viii)

2224 2375 2368 2428 inter
2395 2375 2526 2429 alias
2563 2378 2818 2431 mulieres
2845 2391 2963 2444 quae
2989 2376 3058 2430 de
3086 2375 3199 2429 suis
3226 2377 3568 2430 facultatibus
3602 2375 3818 2444 pr.edil

2224 2450 2372 2500 canti
2415 2446 2542 2501 .Iesu
2582 2444 2963 2501 ministrabant
2989 2490 3004 2514 ,
3035 2448 3196 2502 etiam
3225 2445 3434 2502 Joanna
3476 2448 3817 2505 fuerituxor

2223 2515 2423 2571 Chuzte
2453 2518 2820 2586 procuratoris
2853 2519 3097 2573 Herodis.

2295 2587 2536 2663 Denique
2577 2605 2770 2663 nomen
2802 2591 2984 2663 uxoris
3029 2591 3185 2645 Pilati
3233 2591 3490 2663 multum,
3537 2591 3812 2663 anxieque

2225 2661 2545 2730 perquirens
2571 2703 2585 2724 ,
2615 2661 2672 2713 'si
2703 2661 2883 2716 forsan
2913 2661 3052 2716 alius
3084 2673 3279 2730 przeter
3312 2662 3570 2716 Dextrum
3601 2661 3811 2719 Procu-

2225 2728 2329 2800 lant
2370 2733 2683 2795 vocitasset,
2735 2733 2968 2786 tatndetn
3015 2728 3177 2786 incidi
3228 2733 3281 2787 iu
3327 2733 3602 2800 Evangelii
3646 2734 3811 2790 Nico-

2224 2799 2370 2854 demi
2401 2803 2720 2872 clausulam,
2749 2820 2851 2872 qua
2886 2803 2970 2856 his
3001 2805 3180 2856 verbis
3213 2804 3443 2872 idipsum
3476 2799 3811 2870 eomproha-

2225 2879 2312 2946 tur
2343 2890 2355 2927 :
2387 2867 2656 2945 Cogitante
2675 2867 2791 2927 ueto
2815 2873 3131 2946 Pilutoguid
3161 2867 3329 2946 ageret
3367 2875 3434 2928 de
3458 2867 3618 2941 Jesu,
3668 2879 3811 2934 misit

2223 2943 2292 2996 ad
2317 2959 2434 3018 eum
2457 2943 2586 3018 uxor
2600 2948 2731 3018 ejus,
2752 2947 2958 2999 nomine
2990 2943 3240 3013 Precula,
3268 2949 3478 3018 dicens:
3513 2946 3663 3001 Nihil
3686 2950 3805 3017 tibi,

2221 3024 2269 3068 et
2301 3013 2458 3068 Justo
2498 3013 2803 3078 illifntulta
2837 3018 2975 3070 enim
3004 3033 3156 3087 passa
3193 3033 3307 3070 sum
3337 3016 3492 3070 hodie
3515 3017 3568 3070 in
3607 3013 3808 3076 somnis

2222 3097 2430 3156 propter
2472 3102 2606 3141 eum.
2647 3087 3029 3152 Respondentes
3063 3087 3240 3141 Iudici
3262 3131 3276 3152 ,
3310 3091 3548 3142 dixerunt
3582 3087 3766 3144 Pilato
3788 3109 3808 3147 :

2225 3155 2495 3229 Numquid
2526 3175 2626 3211 non
2654 3160 2900 3225 diximus,
2925 3161 3046 3229 quia
3072 3159 3336 3221 maleficus
3361 3160 3478 3213 est?
3508 3158 3640 3229 Ecce
3659 3177 3808 3215 som-

2223 3223 2606 3283 nium'immisit
2635 3235 2702 3282 att
2726 3223 2946 3282 uxorem
2982 3241 3144 3282 tuam.
3179 3232 3304 3285 llaec
3327 3231 3420 3285 ibi.
3452 3230 3564 3284 Non
3593 3223 3811 3287 inficia.

2223 3313 2349 3371 mur
2389 3299 2532 3352 inter
2572 3299 2880 3371 apocrypha
2929 3302 3200 3356 recenseri
3247 3301 3598 3370 Evnngelium
3638 3302 3810 3361 Nico-

2222 3367 2365 3422 demi
2408 3378 2462 3423 et
2493 3367 2756 3440 Josephii
2781 3367 2891 3424 hoc
2917 3387 3045 3426 vero
3080 3387 3185 3426 non
3231 3367 3423 3436 obest;
3453 3374 3581 3436 quin
3627 3374 3678 3429 in
3718 3376 3808 3433 his

2221 3454 2341 3510 qua:
2399 3441 2602 3518 Divinis
2658 3443 3007 3518 dogmatibus
3043 3458 3182 3518 non
3230 3443 3585 3499 adversantur
3635 3447 3808 3518 recipi

2225 3520 2408 3586 queat.
2454 3513 2510 3567 In
2545 3514 2850 3586 hocautetn
2879 3513 3011 3568 nilnl
3043 3514 3644 3586 Mattlneocontrarittm
3679 3513 3809 3586 pro-

549 3587 942 3660 Chysostomus
974 3601 987 3636 :
1013 3573 1135 3637 Non
1157 3581 1366 3660 Pilatus
1387 3583 1643 3660 somnium
1674 3583 1824 3660 videt,
1851 3582 1940 3637 sed
1967 3598 2120 3660 uxor,
2149 3573 2194 3634 C
2226 3573 2323 3660 fuit
2350 3601 2372 3660 ε.
2423 3585 2720 3652 praesertim
2780 3585 2832 3660 in
2874 3587 3100 3660 nomine
3150 3587 3333 3660 uxoris
3383 3585 3539 3660 Pilati
3583 3573 3729 3658 quod
3773 3607 3805 3645 a

549 3653 669 3730 quia
693 3659 863 3730 magis
877 3656 1068 3730 digna;
1092 3655 1167 3707 vel
1180 3655 1299 3722 quia
1320 3653 1452 3730 forte
1471 3654 1932 3730 illenondiaiisset.
1960 3654 2121 3730 Quasi

551 3723 802 3785 (ticeret?
841 3723 1058 3797 Dignior
1083 3733 1201 3779 erat
1224 3723 1366 3779 usOr
1391 3724 1507 3797 ejus
1517 3723 1726 3797 _divinis
1751 3725 2124 3797 illustrationi-

551 3801 674 3860 bus,
705 3811 759 3854 et
778 3794 1036 3853 idco'non
1062 3810 1154 3850 eas
1179 3809 1369 3864 paSs‘tts
1395 3795 1492 3850 l'nit
1517 3795 1742 3862 Pilatus,
1774 3797 1868 3850 sed
1898 3794 2118 3863 conjux.

560 3871 792 3926 Volebat
835 3869 1053 3940 quidem
1101 3866 1244 3921 Deus
1286 3866 1379 3940 illo
1406 3867 1730 3940 testimonio
1769 3868 2121 3940 comprobare

549 3955 701 3996 suam
746 3937 1147 3995 innocentiam:
1189 3938 1329 4006 quod
1373 3939 1416 3991 si
1449 3937 1503 3991 in
1545 3938 1750 3992 somnis
1795 3937 2020 3992 Pilatum
2052 3940 2120 3993 de

550 4029 611 4067 ea
656 4013 993 4070 admoneret.
1045 4009 1214 4063 nollet
1258 4011 1345 4062 ille
1382 4009 1646 4063 visionem
1679 4009 1987 4078 propalare;
2025 4024 2120 4077 per

549 4099 772 4140 uxorem
798 4097 925 4138 vero
952 4080 1201 4136 ell‘ectuut
1225 4089 1327 4144 est,
1357 4089 1414 4133 ut
1443 4081 1495 4133 in
1525 4080 1694 4135 oculis
1722 4083 1888 4135 tutius
1915 4080 2116 4150 pepuli,

551 4155 883 4222 sedenteque
926 4153 1121 4208 marito
1161 4166 1256 4218 pro
1304 4151 1591 4222 tribunali,
1640 4153 2002 4222 testimonium
2049 4154 2119 4206 de

551 4221 855 4281 innocentia
881 4222 1089 4278 Domini
1117 4223 1388 4292 prolatum
1410 4221 1501 4276 sit.
1529 4221 1681 4292 Unde
1697 4221 2118 4292 Chrysostotnus

548 4297 767 4352 subdit:
803 4293 1024 4365 Propter
1046 4291 1143 4347 hoc
1169 4293 1499 4365 dispensatur
1524 4309 1557 4344 a
1589 4291 1721 4365 Deo,
1756 4291 1892 4360 quod
1931 4293 2118 4344 mulier

544 4368 690 4433 vidit,
725 4380 779 4421 ut
807 4363 1142 4434 manifestum
1177 4363 1412 4434 omnibus
1445 4363 1606 4434 ﬁeret.
1645 4363 1876 4434 Hilarius
1902 4377 2120 4430 quoque

548 4431 801 4495 cam—53:
833 4431 1045 4505 Species
1073 4433 1200 4502 (ait)
1227 4432 1280 4485 in
1319 4449 1379 4484 ea
1407 4432 1632 4505 gentium
1670 4431 1828 4505 plebis
1853 4442 1935 4505 est
1955 4471 1969 4496 ,
2006 4449 2120 4501 quia

536 4527 653 4582 1am
668 4509 838 4582 ﬁdelis
859 4501 996 4582 eum,
1013 4517 1240 4582 cumquo
1263 4501 1672 4582 conversab’t‘mir,
1686 4503 2005 4582 iitcmlulum
2027 4520 2120 4582 po-

543 4570 726 4654 pulum
751 4577 817 4631 ad
843 4576 1038 4654 Christi
1069 4574 1222 4654 [idem
1253 4573 1487 4654 adiacet.
1511 4570 1654 4654 .Quia
1679 4572 1790 4641 ipsa
1815 4570 2036 4654 multum
2055 4575 2120 4627 sit

543 4641 698 4716 'passa
721 4665 813 4716 pro
834 4645 1040 4700 Christo
1066 4645 1117 4716 in
1139 4642 1374 4716 eamdem
1391 4641 1606 4716 gloriam
1628 4647 1818 4716 futura:
1839 4645 1948 4714 spei
1969 4643 2116 4696 illuni

543 4711 746 4774 invitat.
763 4719 853 4773 Sic
873 4717 1032 4770 etiam
1057 4713 1386 4767 Ambrosius
1413 4711 1505 4766 lib.
1533 4728 1560 4765 ι
1583 4715 1633 4766 in
1658 4713 1786 4767 Luc.
1803 4711 1921 4781 cap.
1947 4730 2113 4769 xxttt:

545 4789 782 4844 Manebat
812 4801 944 4840 uxor
969 4783 1225 4853 (inquit),
1259 4781 1356 4837 sed
1395 4798 1425 4836 a
1454 4799 1560 4850 quo
1590 4790 1775 4838 mota?
1806 4783 2027 4840 Lucebat
2063 4803 2116 4840 tn

544 4871 689 4914 nocte
709 4859 896 4931 gratia,
931 4853 1476 4931 Divinitaseminebat
1501 4894 1528 4931 ,Α
1549 4870 1640 4931 nec
1674 4858 1748 4908 sic
1783 4874 1826 4931 a_
1859 4856 2116 4930 sacrilega

2225 3652 2476 3709 Matthzeo
2518 3671 2625 3739 non
2655 3655 2997 3739 exprimitur.
3048 3657 3323 3739 liccipitur
3351 3657 3574 3739 proinde
3605 3652 3805 3739 fliacnin

2225 3739 2284 3780 re
2318 3741 2421 3778 non
2470 3727 2644 3781 solum
2677 3742 2704 3780 a
2748 3727 2968 3789 Dextro.
2999 3726 3094 3782 sed
3126 3726 3288 3783 etiam
3325 3741 3353 3780 a
3392 3726 3678 3786 Vincentio
3702 3730 3808 3788 Be-

2224 3795 2469 3868 luacensi
2507 3799 2728 3860 lih.vtt,
2769 3798 2985 3865 Specnli
3025 3797 3152 3852 hist.
3182 3814 3303 3868 cap.
3349 3797 3454 3866 41,
3495 3801 3584 3868 qui
3632 3804 3803 3858 verba

2227 3883 2368 3921 nunc
2400 3867 2592 3933 relata,
2630 3869 2785 3921 nobis
2815 3869 3160 3924 ministravit.
3191 3867 3397 3924 Forsan
3428 3867 3652 3926 Claudia
3683 3874 3804 3930 htec

2229 3937 2637 4010 Procula_Pilati
2671 3954 2826 4004 uxor,
2850 3949 2932 3994 est
2969 3940 3059 3994 illa
3084 3941 3335 4010 Claudia,
3357 3941 3515 4010 cujus
3553 3945 3804 4001 meminit

2228 4009 2427 4084 Paulus
2458 4008 2498 4063 ll
2536 4010 2674 4084 'l‘i_m.
2716 4026 2804 4084 tv:
2835 4010 3082 4084 Salutant
3123 4021 3168 4066 te
3192 4008 3449 4084 Eubulus,
3485 4024 3530 4084 et
3561 4012 3796 4084 Pudens,

2221 4091 2268 4134 et
2288 4079 2468 4141 Linus,
2497 4091 2542 4134 et
2571 4080 2811 4135 Claudia.
2841 4082 3184 4137 Conveniunt
3205 4083 3474 4152 siquidem
3497 4083 3550 4139 in
3583 4101 3670 4150 ea,
3704 4079 3803 4143 uo-

2223 4167 2347 4223 tuen
2373 4194 2388 4214 ,
2419 4162 2472 4206 et
2501 4163 2733 4220 tempus,
2774 4161 2828 4207 et
2869 4154 3078 4223 religio,
3113 4165 3167 4208 et
3197 4153 3378 4208 locus:
3417 4170 3538 4208 nam
3573 4157 3625 4210 in
3660 4160 3798 4216 urbe

2222 4221 2338 4296 haec
2365 4224 2606 4296 Epistula
2630 4228 2828 4296 scripta
2851 4232 2936 4296 est
2959 4221 3092 4289 {ubi
3115 4240 3338 4281 uxorem
3363 4224 3546 4291 Pilati,
3570 4232 3798 4296 quando

2221 4291 2339 4361 ipse
2363 4291 2694 4348 inexsihum
2733 4291 3054 4364 Lugdunum
3083 4307 3234 4350 actus
3255 4304 3360 4358 est,
3385 4291 3680 4354 verisimile
3710 4314 3800 4358 est

2223 4370 2584 4437 permansisse
2615 4383 2627 4417 :
2673 4381 2905 4436 euntque
2943 4369 3014 4420 ob
3043 4367 3416 4437 disparitatem
3459 4371 3646 4425 cultus
3685 4387 3797 4429 non

2221 4433 2388 4488 fuisse
2415 4437 2750 4490 comitatam.

2291 4505 2344 4559 5.
2369 4504 2602 4560 Christus
2632 4505 3064 4568 Dominus..Cutn
3093 4507 3210 4564 haec
3230 4509 3411 4565 omnia
3442 4511 3659 4568 abunde
3689 4524 3801 4572 tcs-

2225 4583 2334 4630 tata
2382 4581 2495 4631 suis
2545 4583 2761 4657 scriptis
2810 4581 2987 4658 sancti
3038 4580 3397 4658 Evangelista:
3450 4581 3795 4658 reliquerint,

2223 4662 2328 4725 t_t_on
2359 4659 2442 4725 est
2463 4663 2564 4725 cur
2591 4652 2942 4725 immorentur
2979 4653 3030 4705 in
3051 4652 3152 4706 eis.
3176 4652 3361 4725 solum
3389 4652 3628 4709 occurrit
3649 4652 3798 4725 quod

2219 4717 2489 4775 Eusebius
2521 4721 2572 4773 in
2601 4720 2879 4775 Chronico
2911 4725 3150 4788 notavit,
3177 4722 3422 4778 ethnicos
3461 4735 3517 4778 et
3544 4717 3797 4785 auctores

2220 4792 2374 4844 istius
2406 4806 2611 4859 magna:
2641 4793 2861 4859 eclipsis
2888 4795 3018 4848 solis
3049 4795 3380 4849 mentionem
3410 4795 3624 4851 fecisse.
3652 4799 3797 4857 Audi

2221 4859 2512 4932 Eusebium
2541 4864 2872 4932 loquentem.
2900 4861 2964 4917 In
2995 4865 3111 4918 aliis
3131 4865 3452 4919 ethnicorum
3479 4882 3795 4924 commenta-

543 4924 797 5015 senten'ti'q
829 4925 1144 5015 te'irnperavit,
1174 4924 1283 5015 Neri:
1304 4925 1558 5015 dissentit
1602 4926 1941 5015 Augustinus
1969 4924 2109 4984 rela-
2135 4953 2191 5015 Ι)
2220 4932 2312 4984 riis
2332 4931 2441 5015 han:
2464 4934 2533 4984 ad
2553 4924 2756 4986 verbum
2779 4935 2972 5015 scripta
2999 4937 3186 5008 reperi.
3221 4937 3378 5015 Solis
3383 4937 3520 5006 facta
3535 4937 3792 5015 deiectio,

543 5013 627 5058 tus
678 5018 706 5055 a
757 4999 820 5054 D.
873 4994 1077 5053 Tuoma
1133 4997 1184 5050 in
1234 4994 1434 5050 Catena
1489 4994 1860 5062 auri-aptium
1909 4999 2100 5065 docet,

541 5086 828 5140 utrumque
853 5069 1144 5140 Aeolijugem
1163 5107 1188 5140 ,_
1207 5068 1576 5140 agentepDeo,
1610 5069 1974 5140 testimoniuttt
2009 5089 2105 5138 pu-

541 5145 646 5200 lice
696 5138 794 5210 pro
839 5138 1057 5194 Christo
1099 5138 1284 5193 tulisse
1331 5155 1343 5190 :
1378 5138 1489 5210 ille
1516 5139 1778 5206 siquidem
1819 5141 2103 5207 clamavit,

543 5206 708 5269 Nihil
737 5212 863 5284 ntali
903 5211 1066 5280 fecit;
1109 5211 1223 5284 ipsa
1251 5225 1402 5275 vero,
1432 5206 1586 5284 Nihil
1612 5212 1702 5284 tibi
1748 5211 1805 5279 et:
1821 5216 1969 5284 justo
2004 5206 2105 5279 illi;

539 5285 684 5357 quod
735 5279 1062 5364 Inltero_ny-mo
1095 5279 1256 5335 etiam
1288 5289 1460 5348 teste,
1507 5281 1631 5356 lidei
1670 5279 1886 5353 gentilis
1925 5286 2106 5354 pOpuli

538 5353 856 5428 praesagium
888 5353 1003 5408 fuit.

611 5421 739 5482 Mihi
760 5426 948 5480 horum
973 5422 1246 5492 placitum,
1271 5422 1412 5494 quod
1441 5431 1497 5478 et
1510 5421 1710 5478 Dexter
1735 5434 1933 5492 tuetur,
1965 5425 2104 5480 mul-

543 5509 597 5552 to
639 5497 808 5567 magis
839 5494 1130 5567 probatur;
1164 5508 1357 5567 nempe
1405 5494 1628 5565 intelligi
1687 5496 1910 5565 nequit,
1963 5497 2106 5567 quod

538 5564 784 5624 diabolus
825 5564 892 5621 eo
934 5564 1055 5634 ipso
1097 5566 1357 5634 temporis
1404 5564 1708 5632 momento,
1738 5564 1844 5634 quo
1874 5564 2103 5622 mortem

535 5639 756 5696 Christo
785 5635 1015 5692 Domino
1045 5635 1388 5706 moliebatur,
1419 5635 1664 5690 eamdem
1705 5645 1986 5706 tantopere
2013 5653 2107 5691 cn-

533 5721 689 5783 peret
714 5706 998 5783 impedire,
1029 5706 1283 5783 terrendo
1307 5705 1770 5783 Pilali‘conjngetn
1796 5723 1812 5773 ;
1844 5705 1905 5760 ea
1937 5708 2106 5783 siqui-

531 5776 654 5844 dem
687 5776 845 5842 nocio
870 5776 1062 5840 ludam
1089 5821 1104 5851 ,
1133 5785 1189 5837 et
1221 5777 1438 5837 ludaeos
1463 5777 1715 5850 impulit,
1745 5789 1803 5834 ut
1831 5792 2020 5837 manus
2049 5779 2104 5838 in

2213 5016 2258 5057 et
2307 5004 2528 5058 tenebra:
2572 5021 2728 5072 super
2759 5004 3300 5078 universamiterram.
3334 5004 3580 5078 Bithynia
3615 5004 3797 5067 terer

2216 5087 2354 5128 n:otu
2384 5091 2664 5149 concussa,
2697 5085 2744 5149 et
2779 5077 2832 5149 in
2857 5078 2985 5149 urbe
3009 5075 3226 5132 Nicazna
3253 5078 3389 5132 tedes
3412 5075 3651 5149 plurima?
3679 5099 3798 5138 cor-

2213 5156 2461 5220 ruer_unl._
2501 5143 2753 5220 adducit
2785 5145 2983 5220 deinde
3035 5143 3422 5220 testimonium'
3453 5151 3791 5220 Phlegontis,

2215 5217 2434 5271 Adriani
2451 5217 2788 5294 imperawtjs
2809 5219 2988 5294 liberti
3011 5231 3062 5274 et
3084 5219 3539 5294 historiographi:
3566 5217 3794 5294 Scripsit

2216 5302 2332 5340 vero
2359 5303 2510 5366 super
2530 5287 2610 5339 his
2638 5297 2690 5366 et
2714 5286 2970 5366 Phlegon,
3002 5291 3092 5366 qui
3113 5286 3526 5366 olqmpiddafum
3554 5286 3794 5366 egregiis“

2216 5365 2522 5430 supputa_tor
2552 5366 2646 5430 est,
2673 5359 2728 5411 in
2753 5359 3109 5415 stv’libro’ita
3149 5359 3324 5416 dicens
3349 5380 3362 5416 :
3394 5359 3792 5430 Quarto'uu'tem

2216 5443 2352 5503 anno
2390 5427 2504 5503 20l_
2535 5427 2984 5503 olympiadis_(qui
3025 5445 3157 5486 sane
3198 5433 3296 5487 fuit
3327 5427 3502 5488 annus
3547 5437 3662 5503 ipse
3705 5454 3791 5493 re-

2210 5498 2539 5566 demptionis
2577 5499 2862 5572 humanm)
2891 5498 3075 5572 magna
3104 5511 3152 5556 et
3176 5504 3426 5558 excellens
3448 5498 3580 5559 inter
3609 5523 3789 5564 omnes

2208 5585 2324 5643 quia
2343 5580 2462 5622 ante
2489 5586 2598 5643 eam
2635 5570 2930 5643 acciderant
2959 5570 3176 5643 defectio
3197 5572 3322 5628 solis
3359 5586 3431 5628 est
3457 5579 3634 5643 facta;
3667 5577 3791 5634 Dies

2209 5642 2339 5715 hora
2367 5650 2513 5694 sexta
2541 5641 2666 5711 (hac
2694 5642 2973 5706 Chrisms,
3007 5641 3060 5695 in
3083 5657 3302 5698 erucem
3332 5641 3709 5715 ascenditiita
3732 5653 3787 5705 in

2207 5710 2525 5764 tenebrosam
2552 5710 2966 5786 noctemjgersus,
2993 5715 3235 5786 ut_stella:
3261 5715 3316 5770 in
3343 5716 3468 5771 caelo
3490 5710 3610 5771 visre
3635 5721 3742 5774 sint
3767 5737 3786 5786 ;

2211 5791 2459 5860 terrthue
2481 5791 2648 5838 motus
2673 5781 2727 5836 in
2747 5779 2993 5854 Bithynia
3021 5781 3074 5838 Ν
3079 5785 3256 5843 icwnte
3274 5787 3414 5844 urbis
3434 5786 3625 5846 multas
3649 5779 3789 5856 (edes
