3978 6284
459 205 530 264 87
1497 203 1727 263 FLAVI!
1764 201 1946 262 LUCll
1985 197 2246 256 DEXTRI
2283 192 2700 254 CHRONICON.
3686 176 3757 237 88

453 319 522 378 Δ.
551 317 614 376 C.
645 318 737 377 54.
815 319 1014 380 Ultima
1044 320 1132 377 die
1159 321 1322 389 Junii,
1351 321 1524 376 sancti
1552 319 1646 376 Dei
1677 317 1945 390 Apostoli,
1993 312 2349 386 quadraginta
2377 317 2434 366 et
2461 317 2584 364 octo
2627 306 2820 363 diebus
2850 306 2971 376 plus
3010 304 3277 370 minusve,
3310 311 3433 373 post
3459 293 3758 356 A.R.785.

886 413 1176 469 adventuum
1214 413 1450 483 Spiritus
1480 412 1674 478 sancti,
1705 409 2035 466 conveniunt
2068 408 2122 462 in
2149 401 2435 462 ctenaculo
2458 402 2609 466 Sion,
2641 415 2761 470 qua:
2788 399 2984 454 domus
3003 406 3124 453 erat
3146 396 3328 452 Maria:
3357 409 3472 449 ma-

892 509 990 563 tris
1036 507 1290 575 Joannis,
1324 515 1690 577 cognomento
1739 503 1934 566 Marci,
1986 517 2048 556 ac
2079 501 2268 555 habito
2298 495 2560 561 consilio,
2593 495 2875 551 sortitione
2917 493 3131 555 divina,
3175 488 3483 560 provincias

891 601 1076 656 mundi
1123 600 1526 671 praedicationis
1555 613 1718 654 causa
1757 597 1902 652 inter
1927 611 1987 650 se
2015 593 2342 664 partiuntur.
2385 588 2726 658 Contigitque
2755 587 2815 643 S.
2858 586 3061 642 Jacobo
3087 582 3337 639 Zebedzei
3369 581 3482 635 filio

894 694 1175 764 llispania,
1204 693 1399 749 Joanni
1426 693 1575 759 Asia,
1605 689 1858 746 Matthazo
1878 687 2178 756 Ethiopia,
2203 685 2426 740 Thoma:
2446 681 2616 748 ludia,
2642 680 2895 751 Philippo
2924 673 3143 752 Sc'ythia
3171 687 3226 734 et
3251 676 3477 741 Galliae;

891 787 1010 853 Quo
1042 795 1288 856 tempore
1316 799 1555 840 canones
1581 784 1838 847 eduntur,
1869 791 1924 837 ct
1945 779 2264 851 apostolicae
2287 775 2701 834 constitutiones
2725 783 3145 846 componuntur,
3177 772 3246 829 ad
3287 773 3484 830 Sacra-

901 887 1206 935 mentorum
1234 887 1289 935 et
1321 879 1488 934 tutius
1517 877 1779 934 Ecclesia:
1801 873 2186 932 oeconomiam.

1700 1049 1958 1108 BIVARll
1997 1044 2566 1109 COMMENTARIUS.

481 1175 650 1240 ipsius
679 1179 950 1243 spectant,
999 1169 1190 1227 scribit
1235 1168 1432 1226 lleleca
1482 1169 1538 1223 in
1579 1166 1955 1223 additiouibus
2009 1162 2078 1218 ad
2104 1165 2157 1224 Α
2182 1163 2470 1243 cunduma
2493 1162 2700 1243 Christi
2725 1173 2901 1243 morte
2925 1163 3199 1243 incidisse:
3228 1159 3336 1216 Sed
3357 1159 3478 1215 haec
3504 1157 3776 1215 sententia

486 1234 745 1302 Dextrum
778 1243 862 1298 his
887 1234 1104 1296 verbis:
2193 1244 2398 1290 tantum
2427 1236 2586 1290 Bcdze
2619 1235 2911 1302 displicuit.
2949 1244 3009 1288 ut
3040 1234 3352 1289 mendacem
3409 1246 3530 1302 eam
3578 1244 3776 1302 vocare

565 1315 678 1370 Nec
704 1316 873 1368 minus
907 1314 1192 1366 celebratur
1217 1311 1461 1364 memoria
1493 1310 1554 1365 S.
1579 1308 1693 1365 Caii
1721 1307 1945 1382 Cornelii
1970 1323 2091 1382 cene
2193 1321 2299 1382 non
2329 1305 2657 1382 dubitaverit
2684 1301 3087 1382 :iConstat,_ait_,_
3113 1305 3251 1382 quod
3287 1301 3628 1382 mendaeium
3657 1301 3782 1382 seei-

492 1388 710 1440 turionis
762 1384 883 1454 (qui
935 1384 1030 1449 fuit
1076 1386 1162 1436 ille
1209 1382 1474 1454 centurio,
1527 1381 1678 1448 cuius
1723 1380 1974 1454 [amulum
2022 1380 2092 1430 ad
2195 1378 2296 1454 psit
2327 1377 2453 1440 ille,
2488 1377 2580 1446 qui
2607 1372 3676 1454 expersonandlelitonis“episcopi.Asiw
3721 1372 3784 1454 li-

491 1450 854 1526 Capharnaum
881 1454 1122 1526 Christus
1147 1450 1368 1520 sanavit)
1400 1469 1416 1504 :
1439 1461 1614 1526 postea
1641 1453 1866 1526 sociatus
1883 1459 2088 1526 apostoe

497 1518 584 1591 lis;
609 1531 720 1580 neci
776 1525 838 1581 S.
867 1524 1120 1589 Stephani
1145 1518 1408 1588 interfiit;
1439 1518 1652 1591 Petrum
1675 1529 1723 1574 et
1762 1518 1994 1591 Paulum
2023 1518 2093 1591 aed

498 1589 791 1664 Hispanias
848 1601 1103 1648 sentientes
1153 1594 1424 1664 comitatus
1471 1603 1563 1646 est.
1617 1590 1877 1664 Tandem_
1899 1589 2090 1664 praedi—

501 1658 624 1722 cans
643 1664 1102 1737 Scepsiniensibus,
1128 1681 1279 1737 prope
1333 1663 1450 1716 dant
1473 1673 1712 1737 mgrtuus
1725 1671 1816 1714 est.
1835 1658 2096 1737 Prtedicat

498 1742 551 1792 in
601 1731 899 1808 Hispania;
935 1734 1084 1808 longe
1121 1731 1227 1808 hie
1253 1734 1385 1808 alius
1435 1752 1467 1786 a
1507 1731 1760 1808 Cornelio
1801 1731 2098 1808 centurione

499 1801 722 1862 cohortis
759 1805 958 1860 Italica:
986 1801 1126 1859 :ltoc
1164 1805 1400 1857 Cornelio
1441 1805 1602 1856 multo
1641 1802 1852 1874 juniore
1887 1801 1974 1874 ille
2000 1817 2100 1874 _se-

503 1881 638 1932 nior.
674 1876 914 1931 Pervenit
958 1889 1131 1928 autem
1176 1891 1335 1939 usque
1370 1875 1437 1925 ad
1467 1871 1782 1936 Adi-ianum,
1825 1872 1908 1923 cui
1943 1871 2100 1923 etiam

508 1951 694 2001 chorus
719 1949 838 2018 fuit,
885 1955 937 1999 ut
964 1943 1109 1999 docet
1139 1943 1331 1998 Dexter
1373 1945 1592 2015 inferius
1622 1944 1690 1995 ad
1724 1959 1921 1996 annum
1948 1940 2101 1994 Chri-

500 2038 525 2072 s
546 2020 582 2073 ti
623 2018 714 2072 66.

575 2091 633 2143 11
652 2128 664 2140 .
683 2088 866 2158 Sancti
885 2087 975 2142 Dti
989 2085 1406 2158 Apostatiﬂaria
1423 2084 2100 2158 fuithactenusDoctorum

518 2159 782 2230 sententia
805 2157 871 2211 de
893 2155 1136 2230 tempore
1155 2157 1436 2211 divisionis
1459 2157 1861 2230 Aposgilorum;
1885 2155 2103 2230 quidam

518 2231 662 2283 cnim
677 2228 864 2282 volunt
883 2226 1075 2285 lactant
1095 2230 1274 2282 statim
1296 2243 1322 2280 a
1344 2229 1593 2296 passione
1611 2226 1847 2283 Domini:
1863 2226 2106 2292 τιυοεάιι-

520 2298 963 2370 cit'l‘lieophanes
978 2303 1030 2356 in
1046 2299 1373 2370 Symphonia
1388 2297 1587 2370 veteris
1597 2307 1649 2370 et
1663 2299 1785 2350 novi
1800 2296 2108 2370 Testamen-

521 2370 585 2441 ti;
601 2381 649 2423 et
669 2367 1557 2441 libenteramplectunturnoanulli
1573 2368 1953 2441 Hispanorum,
1970 2377 2021 2441 ut
2036 2368 2107 2420 ita

527 2440 685 2494 facile
709 2447 962 2496 tueantur
983 2437 1365 2508 profectionem
1397 2439 1460 2492 ῐ).
1484 2438 1672 2493 Jacobi
1692 2439 1744 2492 in
1773 2437 2106 2506 Hispaniam,

525 2512 686 2580 paulo
704 2519 821 2578 post
845 2512 1295 2568 resurrectionem
1315 2509 1528 2563 Domini
1554 2509 1768 2568 factam,
1788 2519 2107 2580 cumtamen

528 2579 654 2634 ante
676 2579 1058 2647 Apostolorum
1082 2590 1404 2636 caelerorum
1429 2580 1750 2633 divisionem
1776 2579 1999 2632 minimc
2021 2593 2109 2633 ac-

525 2650 750 2714 ciderit;
771 2660 825 2704 et
846 2650 897 2704 id
916 2669 1022 2708 non
1045 2653 1274 2706 obscure
1294 2651 1508 2705 videtur
1529 2651 1759 2703 innuere
1777 2649 1838 2703 D.
1853 2648 2109 2703 Clemens

527 2721 688 2775 Rom.
715 2722 766 2774 in
793 2722 952 2790 epist.
982 2726 1004 2778 1
1043 2723 1109 2776 ad
1147 2721 1408 2775 Jacobum
1456 2719 1678 2774 fratrem
1708 2719 1949 2790 Domini.
2005 2718 2110 2790 Alii

531 2791 599 2844 ad
623 2791 769 2844 aliud
797 2802 1097 2850 extremum
1126 2792 1462 2847 declinantes
1484 2789 1840 2855 contendunt,
1875 2803 2016 2843 anno
2045 2789 2110 2844 12

530 2861 600 2915 ab
643 2862 832 2915 eadem
864 2867 1122 2930 passione
1160 2862 1486 2932 perfectam;
1534 2859 1937 2932 idiquodiuter
1961 2871 2113 2915 vetu-

531 2932 801 3003 stissimos
839 2934 1023 2990 docuit
1059 2931 1378 3003 Apellonius
1422 2933 1562 3002 apud
1583 2931 1884 3003 Eusebium
1927 2931 2023 2986 lib.
2081 2946 2112 2985 ν

533 3001 674 3054 ιλιίει.
701 3015 752 3071 (ιζ
784 3002 850 3056 l7
870 3045 885 3069 ,
917 3007 1070 3071 cujus
1092 3000 1153 3059 ea
1176 3015 1298 3058 sunt
1324 3000 1486 3058 verba
1523 3019 1537 3055 :
1569 3002 1638 3056 Se
1661 3000 1942 3054 traditione
1970 3017 2114 3056 acce-

536 3073 692 3142 pisse,
717 3070 1040 3127 Servatorem
1062 3075 1364 3127 mandatum
1383 3075 1490 3125 suis
1515 3071 2021 3142 dedisseiApostolis,
2051 3089 2114 3127 ne

533 3141 603 3193 ad
633 3157 794 3194 annos
819 3142 884 3194 12
915 3142 1292 3213 Hierosolymis
1320 3143 1660 3196 discederent.
1707 3141 1958 3213 Clemens
1990 3142 2116 3197 Ale-

536 3213 838 3265 xandrinus
850 3213 1015 3267 refert
1031 3215 1081 3266 in
1112 3212 1249 3266 hanc
1265 3213 1588 3266 sententiam
1610 3213 1862 3280 praecepti
1888 3212 2115 3267 formam

533 3283 626 3336 lib.
658 3299 709 3336 vr
735 3284 990 3337 Stromat.
1027 3283 1190 3341 :Post
1219 3283 1490 3336 duodecim
1529 3298 1692 3335 annos
1716 3281 2019 3352 egredimini
2063 3285 2118 3336 in

538 3354 822 3418 mundum;
853 3370 916 3407 ne
930 3356 1044 3421 quis
1067 3357 1238 3408 dicat:
1258 3352 1379 3406 Non
1397 3353 1703 3406 audirimus.
1733 3351 1846 3405 Hoc
1874 3351 2116 3420 sequitur

538 3423 683 3476 Beda
729 3425 779 3494 in
811 3424 1194 3494 Martyrologio
1233 3439 1352 3487 suo,
1398 3437 1630 3492 eumque
1654 3422 1819 3478 refert
1843 3421 2117 3479 Usuardus

537 3494 678 3562 apud
705 3493 972 3547 Molanum
996 3495 1084 3551 die
1112 3497 1177 3550 15
1200 3494 1349 3549 Julii.

614 3564 872 3618 Neutrum
906 3565 1096 3618 horum
1129 3575 1275 3620 stare
1316 3573 1496 3634 potest
1521 3579 1641 3619 cum
1687 3563 1944 3622 veritate:
1993 3580 2116 3620 nam

539 3646 727 3687 contra
763 3634 813 3686 id
856 3635 997 3705 quod
1042 3635 1400 3704 Theophanes
1430 3636 1642 3699 asserit,
1693 3651 1752 3690 se
1777 3635 2003 3703 Opponit
2053 3637 2112 3690 Ι).

543 3706 716 3777 Lucas
742 3707 860 3777 Act.
896 3721 969 3771 Vl,
1000 3706 1201 3760 docens
1224 3706 1365 3776 quod
1390 3717 1509 3775 post
1542 3723 1729 3761 necem
1760 3715 2118 3777 pi0tomarty-

543 3776 616 3828 ris
639 3775 900 3842 Stephani
919 3787 1104 3830 exorta
1125 3775 1312 3844 inagna
1332 3777 1384 3829 in
1407 3777 1698 3830 Ecclesium
1719 3775 2113 3846 persecutiOnc,

546 3861 720 3897 omnes
756 3846 986 3918 dispersi
1034 3858 1150 3900 sunt
1195 3857 1382 3918 prwter
1425 3849 1734 3918 Apostolos:
1776 3859 2112 3918 cumautetn

2139 2544 2186 2604 B

2195 1447 2342 1500 brum
2363 1442 2625 1515 exponens
2657 1442 2884 1518 de_obitu
2921 1445 3183 1518 Virginis,
3215 1442 3364 1518 dicit,
3391 1442 3529 1518 quod
3559 1442 3784 1495 secundo

2197 1527 2310 1587 post
2328 1513 2692 1592 Ascensio‘nem
2713 1515 2925 1592 Domini
2945 1513 3104 1592 anno,
3127 1513 3562 1592 apostoluerint
3581 1529 3778 1592 omnes,

2198 1585 2306 1642 toto
2338 1589 2477 1648 orbe.
2508 1587 2578 1640 ad
2622 1589 3014 1658 prwdicandum
3044 1591 3094 1641 in
3123 1585 3274 1642 suam
3316 1585 3547 1658 quisque
3575 1587 3785 1658 provin-

2198 1659 2332 1712 ciam
2371 1654 2723 1725 divisi.Qund
2753 1657 3364 1714 conﬁrmattestimouio
3411 1654 3571 1709 Lucae
3625 1655 3791 1725 Αειοτ

2202 1745 2321 1784 rum
2347 1745 2444 1783 vm
2477 1747 2490 1782 :
2518 1724 2708 1784 omnes
2749 1731 2968 1799 dispersi
3010 1741 3128 1784 sunt
3173 1737 3362 1797 printer
3399 1725 3675 1799 Apostolos
3697 1740 3715 1778 :
3740 1724 3785 1778 si

2200 1801 2345 1854 enim
2369 1800 2610 1869 Apostoli
2635 1801 2686 1853 iu
2704 1800 2792 1854 illa
2817 1796 2988 1868 prima
3013 1796 3388 1869 persecutione
3411 1796 3645 1869 dispersi
3676 1809 3784 1848 non

2202 1867 2438 1936 luerunt,
2483 1869 2705 1925 minime
2735 1867 2863 1940 ergo
2906 1867 3061 1926 divisi
3092 1880 3220 1926 sunt
3249 1869 3318 1924 ab
3367 1867 3637 1940 invicem,
3681 1873 3793 1918 toto

2205 1940 2448 2010 ejusdem
2494 1936 2888 2010 persecutionis
2920 1951 3201 2006 tempore,
3235 1955 3354 2009 quae
3401 1947 3460 1991 ut
3509 1936 3795 2010 minimum

2208 2006 2323 2082 toto
2376 2006 2616 2065 secundo
2661 2028 2802 2066 anno
2849 2023 2970 2082 post
3030 2006 3526 2082 Christi—murteta
3561 2006 3798 2082 duravit.

2206 2081 2360 2157 Adde
2385 2082 2525 2151 quod
2555 2076 2882 2157 przeceptum
2906 2083 3176 2157 habebant
3203 2076 3529 2157 praedicandi
3556 2076 3795 2157 Judzeis,

2208 2149 2519 2222 priusquam
2556 2149 2698 2208 itoto
2733 2149 2882 2209 orbe
2935 2154 3377 2222 dispergerentur
3434 2149 3498 2222 ad
3555 2149 3799 2222 gentium

2209 2217 2676 2278 conversionem:
2717 2240 2884 2293 quare
2951 2217 3191 2294 Oportuit
3245 2219 3631 2294 Hierosolymis
3685 2217 3802 2286 pri-

2209 2309 2377 2364 mum,
2425 2307 2481 2349 et
2517 2290 3002 2350 ceteris'urbibus'
3029 2293 3236 2348 Judaici
3283 2290 3806 2364 popu|i_s_er_io_prz-

2211 2363 2470 2420 dicationi
2502 2365 2790 2420 institisse.
2823 2366 2959 2420 ilinc
2988 2376 3166 2419 ortum
3209 2359 3396 2418 habuit
3447 2359 3591 2414 aliud
3620 2359 3804 2414 Gene-

2213 2435 2398 2489 brardi
2434 2436 2688 2505 placitum
2715 2437 2806 2491 lib.
2839 2438 2872 2490 5
2897 2437 3287 2504 Clironolugia:
3309 2449 3437 2505 ann.
3463 2429 3667 2505 Chris_ti
3697 2429 3798 2496 16,

2217 2501 2538 2561 divisionem
2565 2507 2947 2572 Apostolorum
2977 2501 3272 2574 rejicien'tis
3299 2504 3364 2558 ad
3391 2501 3642 2574 annum]
3677 2510 3802 2569 post

2213 2573 2418 2647 Christi
2447 2588 2696 2631 mortem.
2725 2578 2829 2632 Sed
2859 2593 2957 2631 cur
2979 2579 3156 2647 potius
3188 2578 3558 2647 huncannum
3582 2573 3612 2624 7
3637 2586 3798 2647 quam

2214 2645 2248 2698 5
2281 2646 2364 2700 vel
2395 2646 2428 2700 6
2456 2647 2678 2716 elegerit
2703 2663 2810 2702 non
2837 2642 3098 2703 ostendit.
3130 2646 3296 2717 llujus
3323 2643 3473 2701 dubii
3528 2642 3804 2713 expeditio

2213 2717 2412 2786 pendet
2428 2732 2498 2788 ex
2532 2719 2797 2788 sequenti.

2289 2788 2374 2842 l2.
2420 2783 2624 2842 Ultima
2664 2790 2747 2843 die
2774 2788 2940 2855 Junii,
2970 2797 3076 2845 etc.
3104 2789 3183 2844 De
3211 2786 3298 2842 die
3319 2801 3536 2856 quoque
3558 2798 3666 2850 quo
3685 2783 3804 2839 hinc

2217 2873 2369 2913 sacra
2390 2859 2582 2913 divisio
2603 2861 2756 2915 orbis
2779 2862 3020 2915 universi
3047 2863 3184 2916 inter
3206 2855 3498 2922 Apostolos
3530 2855 3803 2912 celebrata

2214 2930 2306 2994 sit,
2341 2943 2446 2983 non
2473 2930 2650 2984 minor
2678 2941 2761 2984 est
2787 2931 3082 2996 dissensio;
3113 2945 3234 2983 nam
3268 2927 3611 2983 ProcorusS.
3635 2925 3801 2981 Joan-

2216 3001 2301 3054 nis
2332 2998 2629 3072 discipulus
2655 3000 2706 3072 in
2735 3002 2851 3072 ejus
2873 3002 3097 3057 historia
3135 2999 3389 3064 aflirmat,
3414 2999 3569 3072 inter
3603 3008 3803 3072 caetera

2215 3086 2336 3139 quze
2361 3071 2413 3124 in
2447 3067 2546 3125 liae
2573 3067 2834 3128 divisione
2892 3073 3028 3128 facta
3058 3082 3205 3136 sunt,
3239 3074 3468 3140 primam
3496 3068 3666 3122 fuisse
3714 3067 3806 3140 Ja-

2216 3142 2340 3195 cobi
2371 3141 2590 3195 Minoris
2618 3144 2962 3208 electionem,
2985 3153 3041 3198 et
3082 3139 3547 3196 consecrationem
3598 3143 3654 3192 in
3691 3139 3807 3208 cpi-

2218 3211 2982 3284 sc0pumHierosolymorum.
3007 3214 3116 3269 Nec
3131 3214 3348 3276 mirum,
3371 3226 3490 3284 cum
3515 3209 3807 3284 haaeillius

2219 3279 2461 3348 Apostoli
2484 3297 2604 3336 sors
2627 3279 3048 3341 fueritzauctore
3067 3294 3244 3339 autem
3266 3281 3502 3336 Eusebio
3520 3283 3572 3335 in
3593 3279 3802 3334 Chron.

2219 3366 2346 3404 ann.
2380 3350 2472 3416 54,
2504 3364 2716 3408 constat
2741 3355 2798 3410 S.
2832 3355 3092 3410 Jacobum
3144 3361 3516 3408 consecratum
3547 3366 3670 3404 esse
3715 3351 3804 3406 die

2219 3424 2294 3496 37A
2314 3423 2669 3496 Decembris(
2682 3441 2838 3494 quem
2870 3428 3114 3496 sequitur
3131 3425 3385 3480 Rabanus
3405 3424 3454 3476 in
3485 3421 3807 3496 stioMarty-

2218 3494 2426 3562 rologio
2441 3495 2586 3566 apud
2615 3493 2888 3552 canisium
2921 3493 3102 3566 Antiq.
3129 3497 3277 3550 Lect.
3324 3506 3468 3566 tomo
3496 3493 3530 3546 6
3553 3493 3625 3566 )_:
3659 3495 3803 3566 unde

2225 3565 2568 3636 relinquitur,
2611 3575 2669 3619 ut
2696 3567 2811 3633 ipsa
2841 3563 3224 3636 Apestolorum
3251 3565 3445 3620 divisio
3491 3563 3686 3636 eadem
3717 3564 3806 3618 die

2219 3646 2434 3703 peracta
2462 3635 2551 3689 sit.
2571 3636 2688 3702 Quo
2710 3633 3023 3692 tamen-non
3052 3637 3302 3692 obstante
3318 3650 3509 3688 omnes
3533 3633 3648 3688 fere
3677 3650 3807 3688 auc-

2222 3713 2365 3760 tores
2383 3707 2882 3775 Martyrologiorum
2911 3709 3180 3763 affirmant
3209 3706 3528 3762 divisionem
3576 3707 3807 3772 Aposto-

2220 3775 2392 3831 lorum
2420 3780 2471 3831 in
2508 3777 2571 3830 l5
2598 3775 2732 3832 Julii
2751 3780 3043 3847 cecidisse,
3082 3779 3243 3843 Beda,
3299 3777 3439 3844 Ado,
3496 3775 3802 3840 Usuardus.

2219 3855 2272 3918 et
2309 3848 2586 3918 Molanus:
2618 3859 2670 3902 et
2692 3850 3005 3904 Crzecorum
3054 3848 3435 3918 Mennlogium,
3465 3849 3548 3900 his
3577 3847 3761 3901 verbis
3787 3863 3802 3900 :

544 3917 796 3991 martyris
827 3932 971 3991 mors
1001 3919 1066 3971 ad
1098 3914 1304 3972 caluom
1334 3914 1875 3991 anni'redemptionis
1917 3917 2110 3973 huma-
2138 3915 2184 3977 C
2222 3914 2318 3991 Die
2348 3920 2414 3972 15
2439 3917 2571 3991 Julii
2594 3919 2838 3988 festivitas
2858 3923 3082 3975 omnium
3102 3914 3462 3991 Apostolorum
3489 3919 3700 3986 quando
3722 3918 3804 3970 di-

546 4001 628 4038 na:
660 3989 798 4039 facta
831 3985 1010 4054 fuerit,
1043 3998 1098 4044 ct
1129 3999 1255 4042 tunc
1301 3989 1543 4056 Apostoli
1574 3985 1802 4056 dispersi
1834 4005 1939 4042 non
1972 3992 2108 4056 sint,

539 4071 874 4123 consequens
901 4068 1003 4124 est,
1037 4069 1094 4113 ut
1118 4060 1435 4113 corumdem
1483 4061 1679 4114 divisio
1724 4077 1828 4113 non
1860 4061 2114 4114 acciderit

542 4127 721 4199 statim
747 4143 776 4179 a
807 4129 1053 4196 passione
1087 4129 1334 4184 Domini.
1369 4130 1519 4184 Facit
1548 4146 1675 4184 vero
1713 4141 1902 4185 contra
1950 4133 2115 4199 Apol-

541 4197 668 4270 lonii
701 4208 752 4250 et
797 4199 1089 4255 Clementis
1113 4201 1336 4265 dictum,
1360 4201 1502 4270 quod
1534 4199 1594 4252 Ι).
1622 4202 1832 4256 Marcus
1864 4197 2113 4270 Evange-

541 4267 668 4320 lium
694 4284 852 4339 suum
869 4271 1126 4326 clauserit
1153 4267 1470 4332 asserenda,
1492 4273 1635 4339 quod
1653 4286 1776 4324 cum
1799 4272 1883 4324 illa
1911 4267 2116 4324 scribe-

547 4348 648 4403 ret,
677 4337 919 4408 Apostoli
963 4343 1259 4396 secundum
1301 4337 1602 4408 jussionem
1656 4341 1865 4394 Domini
1899 4341 2116 4408 profecti

543 4409 943 4482 pra’dicaverant
958 4412 1166 4482 ubique,
1183 4411 1404 4482 Domino
1421 4420 1749 4482 caopcrante,
1765 4419 1809 4460 et
1833 4426 2117 4464 sermonem

539 4479 874 4548 con/irritante
901 4478 1224 4548 sequentibus
1248 4481 1430 4548 signis.
1455 4478 1674 4548 Certum
1705 4487 1884 4531 autem
1908 4487 1961 4532 et
1987 4493 2116 4532 coa-

536 4558 685 4602 stans
713 4551 948 4620 estapud
969 4547 1159 4620 Omnes
1175 4547 1444 4620 auctures,
1461 4547 1694 4620 Marcum
1724 4548 2113 4620 evangelistam

533 4621 818 4688 scripsisse
839 4615 981 4672 anno
1003 4619 1292 4672 undecimo
1312 4634 1341 4670 a
1364 4619 1618 4686 passione
1637 4615 1834 4672 Christi
1863 4615 2070 4674 Domini
2097 4636 2113 4674 :

538 4687 680 4743 unde
710 4691 823 4744 lieri
854 4706 960 4742 non
994 4690 1170 4757 potuit
1197 4697 1256 4740 ut
1285 4687 1670 4756 Apostolorum
1702 4689 1896 4742 divisio
1926 4690 1978 4743 in
2020 4705 2115 4744 au-

536 4774 666 4831 num
700 4761 766 4810 l‘z
788 4758 1070 4831 sitdilata,
1101 4773 1222 4811 cum
1264 4757 1315 4831 in
1341 4758 1511 4831 2_non
1541 4758 1717 4831 solum
1748 4759 1903 4813 divisi
1960 4776 2114 4831 repe-

533 4827 761 4900 riantur,
818 4830 910 4882 sed
940 4839 996 4883 et
1045 4837 1160 4884 toto
1200 4830 1331 4884 orbe
1374 4829 1604 4898 dispersi
1655 4827 2116 4900 prmdicassefet

535 4899 789 4951 miracula
814 4901 976 4953 multa
1007 4909 1368 4969 perpetrasse.
1398 4901 1628 4955 Accedit
1658 4899 1814 4970 quod
1853 4902 2053 4959 Paulus
2079 4905 2114 4960 '5

533 4982 677 5021 anno
707 4985 735 5020 a
767 4973 1123 5026 conversione
1150 4986 1266 5036 sua,
1299 4972 1443 5025 venit
1468 4972 1896 5042 Hierosolymam
1921 4975 1988 5028 ad
2018 4992 2114 5028 an-

529 5047 831 5094 tecessores
859 5057 985 5095 suos
1009 5041 1297 5116 Apostolos
1318 5044 1418 5116 (aut
1449 5045 1567 5116 ipse
1587 5041 1780 5116 fatetur
1809 5045 1874 5099 ad
1896 5043 2014 5116 Gal.
2043 5048 2109 5116 1),

531 5116 587 5179 et
615 5120 788 5164 tamen
822 5120 944 5165 tunc
972 5128 1076 5166 non
1107 5113 1314 5169 invenit
1342 5115 1438 5179 ibi,
1470 5115 1572 5168 nisi
1598 5115 1813 5170 Petrum
1843 5127 1897 5170 et
1949 5113 2110 5170 Jaco-

531 5178 658 5232 bum
706 5179 1226 5256 [eatremMDominL
1284 5186 1396 5253 Qua
1425 5178 1492 5241 de
1525 5202 1583 5242 re
1611 5187 1836 5242 inferius
1888 5202 2112 5256 agemus

527 5265 669 5302 anno
697 5250 894 5304 Christi
921 5253 1009 5307 58.

604 5319 813 5396 Ut_h;cc
841 5324 1022 5378 forsan
1055 5325 1297 5396 fugerent
1320 5327 1773 5392 inconvenientia,
1805 5326 1896 5381 alii
1917 5335 2102 5381 aucto-

529 5403 616 5465 res
641 5390 711 5444 ab
740 5402 964 5462 utroque
993 5390 1236 5452 extrinnu
1265 5399 1619 5465 declinantes,
1675 5390 1906 5453 mediam
1958 5399 2100 5451 viam

523 5461 837 5528 elegerunt;
885 5465 937 5539 in
969 5471 1162 5533 quibus
1193 5469 1377 5523 Melite
1402 5461 1745 5524 Sardiccusis
1789 5469 2099 5539 episcopus,

521 5544 855 5610 acarnan-ctor
885 5537 1045 5593 libelli
1071 5541 1137 5594 dc
1168 5542 1394 5594 transitu
1425 5539 1682 5606 Virginis,
1711 5540 1802 5610 qui
1848 5537 2024 5592 exstat
2049 5545 2100 5592 in

522 5599 851 5683 lltliliothcca
877 5617 1118 5683 veterum
1150 5611 1390 5683 Patrum,
1425 5599 1704 5683 blel‘itoui's
1730 5599 1962 5664 'nomiuc
2019 5611 2099 5661 in-

513 5678 774 5744 signitus;
803 5678 914 5735 vult
939 5680 1257 5739 divisionem
1281 5681 1662 5750 Apostolorum
1694 5681 1748 5735 iu
1775 5694 1973 5734 annum
2010 5692 2098 5736 se.

2219 3989 2312 4061 uisi
2342 3997 2458 4042 sunt
2583 3991 2815 4054 invicem,
2858 3991 2910 4046 in
2940 4008 3043 4061 qua
3070 3988 3362 4046 festivitate
3401 3993 3806 4061 sermonesha-

2220 4057 2450 4112 buerunt
2495 4057 3025 4129 Chrysostouiusfet
3069 4062 3156 4116 alii
3184 4062 3393 4116 Patres.
3431 4057 3806 4129 Conveniunt

2217 4128 3239 4202 etiam,Petrus’Equilinuscpiscopus,
3290 4132 3383 4186 illo
3410 4128 3524 4195 die;
3559 4139 3614 4183 ει
3659 4130 3803 4202 τινυά

2217 4201 2428 4254 caeteris
2447 4209 2683 4268 prtestat,
2705 4203 2944 4257 Romana
2963 4199 3200 4258 EscleSia
3217 4203 3532 4258 divisionem
3549 4199 3803 4255 eamdem

2217 4271 2604 4342 celebrabatur
2635 4275 2856 4342 antiquo
2910 4273 3186 4328 Breviario
3233 4284 3289 4328 et
3325 4271 3526 4342 Missali
3572 4281 3806 4326 cantans

2219 4338 2538 4414 Epistulam,
2569 4342 2734 4414 Corde
2761 4338 2988 4399 creditur
3033 4345 3100 4397 ad
3112 4345 3395 4414 justitiam,
3448 4341 3610 4414 Rom2
3638 4356 3710 4414 ι,Δ
3749 4351 3806 4414 et

2220 4409 2594 4478 Evangelium,
2625 4413 2816 4469 Euntes
2856 4416 2909 4468 in
2933 4409 3182 4468 mundum
3211 4416 3532 4476 universum,
3563 4410 3802 4466 Matthxi

2219 4479 2512 4554 ultimo,ut
2534 4483 2815 4552 Equilinus
2839 4497 2990 4540 notat
3012 4486 3195 4553 Iib.vt,
3215 4501 3334 4554 cap.
3351 4482 3442 4554 99.
3469 4482 3550 4536 Ab
3573 4491 3804 4554 utroque

2218 4558 2394 4603 autem
2423 4553 2512 4608 die
2531 4570 2635 4608 nou
2659 4555 2940 4611 minimum
2967 4552 3394 4612 videturdistare
3418 4553 3641 4620 Dexter,
3670 4552 3801 4609 dum

2217 4619 2374 4692 docet
2398 4624 2688 4692 contigisse
2733 4627 2821 4682 die
2848 4629 3033 4682 ultima
3059 4629 3224 4683 Junii.
3853 4679 3856 4684 .

2293 4691 2526 4768 Utraque
2550 4691 2733 4768 tamen
2764 4699 2994 4768 quaestio
3022 4697 3094 4754 de
3126 4699 3215 4754 die
3253 4705 3309 4754 et
3335 4711 3480 4752 anno
3515 4694 3804 4753 divisionis

2217 4766 2529 4832 apostolicae
2576 4767 2732 4821 facile
2780 4766 3029 4834 solvitur,
3060 4771 3104 4824 si
3154 4769 3521 4831 advertamus,
3557 4783 3664 4823 non
3695 4783 3805 4823 uno

2216 4835 2952 4910 eodemquediedivisionem
2983 4839 3099 4910 (seu
3112 4839 3473 4906 sortitionem)
3491 4838 3805 4910 Provincia-

2213 4921 2332 4978 runi
2353 4905 2545 4978 factam
2563 4905 3020 4978 interApostolos,
3035 4920 3090 4966 et
3107 4911 3434 4966 exsecutioni
3451 4909 3760 4964 mandatam
3781 4925 3798 4976 ;

2199 4976 2445 5050 primum
2467 4976 2733 5050 siquidem
2759 4976 3049 5035 ultimadie
3073 4981 3220 5037 Junii
3239 4980 3480 5050 ejusdem
3502 4981 3654 5047 anni,
3692 4995 3803 5050 quo

2213 5047 2459 5122 Christus
2485 5065 2581 5116 pro
2591 5049 2756 5122 nobis
2774 5060 3018 5106 mortuus
3031 5059 3136 5120 est,
3150 5047 3458 5122 congregati
3473 5049 3634 5122 simul
3657 5047 3804 5120 Apo-

2214 5117 2358 5191 Stoli,
2394 5133 2515 5173 cum
2553 5119 2622 5172 ab
2651 5120 2841 5174 eodem
2872 5117 3231 5191 accepissent,
3260 5117 3429 5188 'ips'os
3483 5117 3801 5176 universum

2214 5189 2406 5262 orbem
2428 5197 2830 5262 peragraturos,
2850 5201 2904 5246 et
2928 5194 2978 5246 in
3005 5189 3256 5248 erunibus
3283 5201 3550 5247 terrarum
3577 5192 3802 5262 provin-

2215 5260 2316 5312 ciis
2371 5261 2716 5333 Evangelium
2753 5264 3174 5333 przedicaturos,
3207 5265 3274 5318 de
3327 5262 3456 5333 ipsis
3503 5260 3802 5332 pravinciis

2215 5337 2391 5404 sortes
2423 5331 2719 5404 miserunt;
2771 5348 2878 5404 quo
2907 5335 3136 5404 quisque
3161 5331 3373 5389 eorum
3431 5334 3618 5394 sciret,
3651 5333 3800 5404 quod

2206 5401 2681 5472 animarumcnus
2712 5403 2812 5470 ipsi
2835 5401 3194 5466 incumberet.
3247 5419 3309 5460 ac
3361 5420 3457 5472 pro
3486 5401 3686 5458 earum
3712 5418 3802 5457 sa-

2209 5469 2318 5524 lute
2359 5469 2475 5524 sine
2501 5468 2761 5527 dilatione
2792 5485 2846 5528 et
2895 5475 3298 5530 intermissione
3344 5468 3632 5530 Dominum
3671 5487 3802 5529 ora-

2207 5549 2306 5618 ret.
2353 5539 2772 5618 Cagt_crum_no_n
2823 5545 3004 5598 statim
3041 5543 3148 5618 fuit
3177 5545 3511 5618 exsecutiuni
3542 5544 3799 5618 mandaui

2205 5609 3132 5687 ejusmodiprovinciarumsortitio
3158 5631 3328 5687 usque
3373 5615 3441 5671 ad
3475 5617 3797 5687 annum_-7,

2205 5686 2264 5734 ut
2309 5694 2431 5737 mox
2469 5680 2753 5741 dicemus:
2785 5684 3048 5754 siquidem
3091 5680 3256 5754 opus'
3281 5695 3398 5743 erat
3445 5683 3798 5743 conversioni
