3978 6286
483 293 556 352 95

1528 285 1760 346 FLAVI!
1798 284 1981 346 LUCll
2019 283 2281 345 DEXTRI
2317 281 2737 343 CIIRONICON.

3708 279 3783 340 90

483 429 552 487 A.
579 427 641 486 C.
670 429 759 487 55.
817 428 921 487 bus
947 427 1208 485 exoritur.
1241 426 1531 496 Plusquam
1569 423 1882 496 quindecim
1914 421 2061 478 mille
2087 422 2354 493 viri,'qui,
2379 421 2796 492 praedicantibus
2824 419 3121 492 Apostolis,
3160 418 3214 476 in
3235 417 3454 478 Christo
3481 420 3549 478 A.
3571 419 3783 478 R.786.

911 520 1274 585 crediderant,
1305 517 1579 591 fugantur.
1608 514 1718 571 Alii
1745 515 1814 570 ad
1843 513 2051 580 Asiam,
2081 513 2332 571 nonnulli
2357 513 2426 602 ad
2457 513 2727 585 Europam
2757 511 3004 568 veniunt.

835 617 913 672 Ex
945 615 1051 685 jhis
1091 614 1379 685 plusquam
1420 608 1707 684 quingenti
1747 621 1885 665 nave
1930 606 2094 680 Cypri
2141 605 2367 678 educti,
2421 615 2639 677 portum
2685 603 3172 677 Carthaginensem
3227 603 3499 678 Hispania:

913 708 1278 782 perungunt.)

1697 794 1960 852 BlVARll
1996 792 2562 850 COMMENTARIUS.

493 897 805 969 Stephanus
825 895 1019 953 eodem
1037 908 1186 969 anno
1214 891 1535 969 martyrium
1563 903 1753 960 passus
1780 889 1944 969 fuerit
1971 902 2080 969 non
2112 889 2162 951 Α
2191 888 2300 969 rint
2327 886 2488 969 docet
2508 902 2730 969 -οξιιρηη
2763 885 2952 941 dicens
2975 885 3196 969 :‘Etilli
3220 884 3550 969 quidem-qui
3566 886 3786 969 dispersi

491 959 653 1042 longe
677 977 799 1039 post
825 965 1218 1042 Ascensionem
1231 959 1473 1042 Domini
1498 1006 1513 1030 ,
1532 959 1610 1042 ‘ut
1639 959 2082 1042 martyrologium

493 1033 798 1095 Roianum
812 1038 959 1095 canit
985 1036 1052 1092 ad
1071 1037 1211 1091 diem
1229 1035 1299 1090 26
1328 1033 1522 1090 Decem
1532 1033 1606 1091 b..
1641 1033 1731 1101 qui
1757 1033 2091 1095 poteritcon-

493 1111 690 1166 sistere
703 1109 844 1181 quod
868 1109 1065 1181 Dexter
1081 1122 1221 1181 nunc
1239 1106 1467 1181 proicit,
1484 1101 1736 1181 nimirum
1752 1101 2087 1181 Stephanum

497 1196 641 1236 anno
681 1171 752 1236 '55
779 1179 983 1236 Christi
1017 1171 1354 1248 lapidatum?
1390 1174 1659 1248 Caeterum
1702 1171 2090 1248 iacilinegolio

502 1251 896 1317 reSpondcmus
918 1291 934 1317 ,
965 1243 1256 1318 utrumque
1281 1247 1626 1302 verissimum
1655 1257 1809 1318 esse;
1841 1243 2088 1312 quando-

503 1315 722 1392 quidem
747 1323 792 1376 si
821 1315 1070 1392 degiauno
1101 1315 1265 1392 solari
1298 1318 1606 1392 loquamur,
1641 1315 1831 1392 eodem
1865 1328 2090 1392 prorsus

505 1383 648 1447 anno
679 1407 828 1448 mors
871 1389 1072 1446 Christi
1104 1398 1160 1443 et
1181 1383 1438 1454 Stephani
1463 1386 1726 1457 eontigit;
1761 1385 1847 1438 illa
1873 1383 2088 1457 quidem

504 1463 575 1516 25
600 1463 774 1518 Martii
799 1505 812 1525 ,
845 1462 959 1516 Iure
988 1469 1168 1515 autem
1198 1460 1270 1514 ‘26
1303 1455 1640 1514 Decembris}
1674 1455 1968 1524 Loquendo
1996 1470 2091 1508 au-

500 1543 612 1587 tem
643 1534 714 1589 de
737 1534 895 1588 annis
923 1530 1126 1587 ChriSIi
1153 1530 1387 1589 Domini.
1420 1538 1664 1582 mortuus
1695 1527 1810 1595 ipse
1839 1525 1938 1579 fuit
1962 1525 2088 1579 dmn

503 1602 572 1659 54
616 1615 796 1672 ageret
835 1619 946 1657 sua:
976 1603 1151 1656 aztatis
1177 1642 1192 1666 ,
1233 1601 1541 1672 Stephanus
1571 1611 1702 1672 vero
1739 1596 1829 1672 die
1854 1595 2090 1672 seeunda

502 1665 750 1740 anni35,
784 1675 908 1744 quia
938 1673 1025 1728 die
1052 1665 1350 1727 ualli/italis
1379 1667 1707 1738 praecedenti
1733 1667 1882 1722 finito
1911 1665 1981 1722 54
2010 1667 2092 1721 in-

501 1755 718 1801 ceperat
743 1747 830 1801 ‘55.

566 1761 871 1886 giritifgia
901 1814 1215 1888 persecutio,
1246 1823 1353 1867 etc.
1389 1812 1472 1888 De
1493 1808 1890 1888 ea‘lirrcuhahet
1916 1807 2092 1888 Lucas

503 1901 623 1956 cap.
655 1887 687 1941 8
715 1880 836 1942 Act.
871 1880 1087 1939 {Facta
1124 1891 1201 1938 est
1247 1883 1510 1956 autenr_irt
1552 1880 1648 1956 illa
1683 1881 1766 1956 die
1804 1880 2094 1949 persecutio

507 1950 699 2025 magna
728 1957 785 2010 in
821 1955 1053 2010 Ecclesia
1072 1995 1088 2016 ,
1118 1969 1234 2023 qua!
1263 1964 1372 2025 erat
1403 1950 1811 2025 Hierosolymis,
1846 1958 1890 2002 et
1921 1965 2094 2002 omnes

504 2021 728 2098 dispersi
747 2038 864 2080 sunt
890 2043 988 2098 per
1004 2021 1237 2098 regiones
1263 2021 1467 2098 Iudaeae
1493 2029 1540 2075 et
1569 2021 1826 2098 Samaria:
1855 2062 1869 2098 ,
1910 2029 2094 2098 praeter

510 2091 808 2166 Apostolos.
840 2091 992 2165 Quod
1027 2091 1156 2149 vero
1186 2094 1304 2148 dies
1332 2094 1481 2166 illius
1514 2091 1905 2166 persecutionis
1935 2091 2096 2166 fuerit

515 2161 758 2238 martyrii
789 2161 1144 2225 SfStenhani
1173 2210 1188 2231 ,
1220 2165 1598 2238 manifestam,
1630 2161 2094 2238 queinimediate

509 2231 812 2308 subjungit:
837 2238 1154 2294 Curaverunf
1181 2244 1357 2308 autem
1385 2235 1709 2308 Stephanum
1740 2231 1943 2308 (id‘est,
1969 2246 2093 2308 aro-

515 2303 749 2363 maiibtts
769 2311 1046 2364 conditum
1077 2307 1450 2374 sepelierunt)
1481 2303 1579 2357 riri
1606 2303 1856 2366 timorati,
1884 2312 1932 2355 et
1964 2303 2094 2374 fecef

512 2389 634 2432 runt
692 2379 952 2446 planctum
1003 2371 1245 2448 magnum
1297 2371 1451 2448 super
1498 2390 1638 2448 eum.
1699 2374 1897 2448 Verum
1953 2371 2095 2441 quod

513 2444 712 2503 Dexter
732 2460 1016 2505 ermmeret
1038 2444 1319 2517 plusquam
1345 2444 1656 2514 quindecim
1683 2444 2094 2517 tnillefugatos,

514 2519 578 2572 D.
603 2531 783 2574 autem
809 2520 984 2575 Lucas
1009 2513 1296 2574 numerum
1325 2513 1694 2586 dispersorum
1723 2513 1824 2568 hoc
1847 2515 1966 2586 loco
1989 2529 2095 2568 non

513 2591 837 2658 constituat,
871 2591 1063 2646 tnirutn
1092 2605 1215 2644 esse
1248 2605 1353 2642 non
1391 2585 1583 2658 debet,
1617 2601 1738 2640 cum
1771 2601 1836 2639 ex
1867 2585 1949 2637 his
1977 2599 2098 2652 qua:

515 2661 632 2728 ipse
652 2657 872 2716 sanctus
900 2662 1244 2730 Erangelista
1275 2659 1471 2714 ibidem
1495 2657 1685 2723 refert,
1710 2657 1890 2730 colligi
1913 2663 2095 2730 queat.

514 2725 596 2785 Ad
623 2732 849 2800 primam
874 2725 1138 2801 siquidém
1165 2731 1309 2784 Petri
1333 2730 1676 2801 concionem,
1696 2727 1790 2801 die
1815 2725 1934 2796 ipso
1961 2725 2100 2801 Pen-

514 2797 769 2868 tecostes,
796 2797 1030 2858 habitam
1061 2817 1244 2857 coram
1276 2802 1424 2855 omni
1458 2797 1820 2862 multitudine,
1850 2797 2102 2868 apposita:

515 2883 634 2944 sunt
656 2866 876 2944 (inquit)
908 2874 1029 2940 ﬁdei
1056 2875 1109 2926 in
1138 2871 1232 2926 illa
1262 2873 1346 2925 die
1371 2873 1559 2944 animle
1580 2869 1782 2944 circiter
1806 2866 1906 2921 tria
1926 2866 2101 2944 millia

518 2939 770 3014 (Aenii);
806 2939 887 2998 Ad
910 2939 1206 2999 secundam
1237 2958 1400 3013 quam
1434 2942 1683 3011 princeps
1714 2939 2098 3014 Apostolorum

520 3010 739 3082 habuit,
771 3015 1055 3068 occasione
1100 3010 1354 3082 accepta,
1387 3029 1414 3066 a
1439 3010 1658 3068 ’virlute
1693 3021 1748 3064 et
1790 3010 2102 3082 integritate

520 3081 714 3136 claudo
738 3097 1022 3148 concessa,
1057 3082 1210 3136 Multi
1237 3079 1421 3137 eorum
1449 3085 1538 3152 qui
1567 3082 1840 3136 audierant
1868 3079 2100 3146 uerbum,

519 3153 890 3207 crediderunt:
930 3165 978 3208 et
1025 3155 1193 3222 factus
1224 3163 1297 3207 est
1337 3169 1581 3206 numerus
1613 3153 1842 3205 uirorum
1880 3152 2104 3222 quinque

521 3223 688 3296 millie
715 3223 855 3296 (Act.
887 3219 1298 3296 iv)._Sim_ilique
1325 3225 1680 3296 proportione
1707 3236 1813 3275 non
1838 3219 2013 3296 solum
2037 3219 2102 3272 ad

565 3293 966 3349 medicationem
992 3293 1162 3355 Petri,
1193 3295 1289 3349 sed
1321 3294 1484 3349 etiam
1516 3303 1840 3347 cancrorum
1867 3294 2103 3358 Aposto-

547 3378 698 3417 orttm
724 3381 739 3430 ;
771 3380 870 3420 nec
898 3366 964 3419 ad
996 3364 1158 3419 unius
1185 3375 1392 3419 tantum
1425 3363 1670 3417 miraculi
1702 3363 2069 3416 ostensionem
2089 3401 2104 3426 ,

524 3433 620 3490 sed
652 3435 946 3491 tnultorum
975 3437 1251 3504 signarum
1289 3447 1345 3490 et
1375 3434 1765 3504 prodigiorum,
1791 3446 1927 3504 equa:
1957 3433 2104 3504 Apo-

527 3505 650 3560 stoli
679 3503 1068 3574 operabantur,
1101 3503 1399 3576 augebatur
1435 3507 1487 3559 in
1519 3506 1636 3559 dies
1666 3503 1833 3572 magis
1855 3545 1870 3570 ,
1904 3503 2105 3576 magis-

527 3591 634 3644 que
661 3573 922 3630 numerus
956 3573 1217 3632 lideliuui.
1265 3577 1417 3630 Unde
1444 3590 1564 3644 cap.
1603 3590 1634 3628 v
1664 3589 1786 3644 eum
1818 3573 2108 3642 praemisis-

2125 2273 2171 2334 B

2193 964 2403 1028 fuerunt
2435 976 2467 1012 a
2500 957 2831 1012 tribulatione
2853 973 2972 1029 quae
2999 958 3139 1029 facta
3166 957 3467 1029 fueratisub
3489 958 3784 1028 Stephano,

2191 1027 2668 1100 perambulaverunt
2700 1027 2874 1099 usque
2894 1027 3214 1096 Phoenicem,
3244 1039 3290 1082 et
3317 1028 3571 1100 Cyprum,
3589 1027 3648 1083 ret
3677 1031 3786 1084 An-

2192 1099 2461 1154 tiocltiant.
2500 1099 2606 1156 Sed
2641 1109 2694 1154 et
2733 1101 2998 1154 Ananiam
3033 1100 3384 1169 discipulum,
3423 1100 3516 1169 qui
3556 1099 3786 1155 Paulum

2195 1171 2520 1241 baptizavit,
2556 1187 2662 1224 non
2690 1171 2742 1224 in
2769 1169 2954 1225 Judma
2980 1212 2996 1238 ,
3021 1185 3122 1226 nec
3161 1171 3216 1225 in
3246 1170 3488 1226 Samaria
3511 1211 3526 1235 ,
3558 1171 3652 1226 sed
3684 1171 3790 1225 Da-

2193 1241 2391 1308 masci,
2445 1257 2567 1312 quae
2617 1241 2746 1312 urbs
2786 1241 2958 1312 Syria:
2997 1251 3118 1306 est,
3164 1241 3506 1312 constitisse.
3546 1256 3610 1295 es
3656 1242 3788 1309 ipsis

2193 1313 2512 1379 apostolicis
2541 1311 2690 1367 Actis
2715 1310 2974 1366 habemus
2998 1327 3117 1378 cap.
3154 1327 3230 1366 ιι.
3261 1311 3571 1368 Censorium
3598 1325 3786 1367 autem

2194 1382 2389 1439 rationi
2412 1393 2497 1438 est
2520 1382 2770 1448 credere,
2805 1382 3005 1438 multos
3036 1383 3250 1437 illorum
3287 1382 3338 1436 in
3371 1397 3496 1436 suas
3527 1383 3785 1452 regiones

2194 1454 2363 1508 fuisse
2384 1469 2656 1515 reversos,
2688 1463 2744 1507 ut
2771 1453 2886 1507 suis
2905 1453 3220 1509 concivibus
3241 1468 3467 1522 regnum
3495 1453 3588 1506 Dei
3613 1469 3786 1508 cvan-

2193 1525 2522 1594 golizarent;
2552 1540 2672 1577 cum
2704 1523 2923 1593 quidam
2951 1539 3016 1578 ex
3045 1523 3196 1586 Asia,
3223 1523 3440 1592 quidam
3474 1539 3539 1578 ex
3567 1524 3785 1592 EurOpa

2195 1593 2410 1649 oriundi
2443 1604 2648 1660 essent,
2681 1605 2870 1663 utpote
2895 1595 2987 1663 qui
3017 1595 3084 1649 ad
3108 1593 3266 1648 fidem
3289 1595 3540 1648 conversi
3569 1597 3788 1650 fuerant

2194 1682 2221 1719 a
2263 1667 2349 1720 dic
2379 1666 2723 1720 Pcntecostes
2746 1706 2760 1722 .
2805 1665 2855 1717 in
2889 1680 2991 1734 qua
3022 1665 3390 1732 praedicationi
3429 1665 3573 1718 Petri
3611 1666 3785 1721 inter-

2196 1737 2414 1791 fuerunt
2438 1737 2645 1801 Parthi,
2671 1743 2726 1789 et
2747 1735 2906 1801 Medi,
2931 1745 2985 1789 et
3010 1736 3345 1798 Elamitas,et
3364 1736 3454 1804 qui
3473 1734 3792 1792 habitabant

2195 1808 2673 1876 Mesoriotamiam,
2723 1807 3147 1875 Cappadociam,
3201 1807 3462 1869 Pontum,
3511 1816 3565 1861 et
3603 1808 3789 1863 Asiam

2196 1878 2458 1933 Minorem
2488 1882 2635 1945 (qua:
2661 1891 2851 1930 omnes
2884 1877 3135 1947 regiones
3157 1877 3258 1931 sub
3282 1878 3409 1932 Asia
3439 1876 3630 1946 Majori
3658 1893 3793 1933 con-

2197 1951 2478 2016 tinentur),
2498 1957 2554 2003 et
2573 1959 2772 2016 przeter
2799 1947 2897 2001 hos
2925 1949 3085 2002 etiam
3114 1947 3406 2003 adfuerunt
3431 1948 3660 2004 advena:
3681 1949 3794 2003 Ro-

2198 2021 2372 2082 mani;
2405 2033 2512 2088 quo
2541 2019 2763 2072 nomine
2791 2017 2958 2072 Italos
2985 2033 3194 2085 omnes,
3228 2030 3282 2073 et
3313 2034 3408 2073 eos
3434 2020 3522 2088 qui
3547 2019 3791 2076 Romana

2199 2091 2489 2144 utebantur
2520 2090 2700 2158 lingua
2724 2129 2738 2151 ,
2771 2093 3067 2157 praesertim
3101 2090 3369 2159 Hispanos
3397 2090 3752 2158 appellabant
3772 2132 3788 2156 ,

2202 2171 2261 2214 ut
2287 2159 2556 2228 Josephus
2585 2163 2702 2228 ipse
2733 2162 2887 2213 testis
2912 2170 3017 2224 est,
3047 2161 3202 2227 cujus
3227 2160 3392 2215 verba
3427 2160 3596 2214 refert
3623 2162 3794 2216 Baro-

2203 2231 2325 2285 nius
2361 2241 2489 2285 tom.
2528 2246 2544 2284 ι
2581 2229 2647 2284 ad
2679 2245 2807 2283 ann.
2854 2230 2917 2284 D.
2961 2230 3064 2296 72,
3094 2231 3388 2286 videlicet:
3430 2229 3793 2286 Romanorum

2199 2303 2470 2356 clementia
2497 2303 2692 2355 cunctis
2715 2341 2729 2364 ,
2762 2315 2863 2355 non
2896 2302 3163 2372 parvulum
3188 2301 3382 2355 donum
3421 2301 3792 2372 appellationis

2199 2389 2308 2426 sua:
2352 2373 2648 2444 concessit;
2686 2387 2791 2444 non
2831 2370 2999 2426 solum
3043 2370 3463 2444 virisisingulis,
3493 2370 3582 2426 sed
3629 2374 3793 2427 etiam

2201 2443 2441 2513 maximis
2472 2444 2706 2513 gentibus
2742 2443 2796 2513 in
2831 2445 3124 2510 communi;
3156 2443 3386 2509 Hispani
3409 2443 3626 2511 denique
3653 2446 3794 2498 anti-

2199 2515 2355 2584 quiet
2382 2511 2662 2582 Tyrrheni,
2685 2523 2733 2566 et
2755 2511 2960 2581 Sabini,
2991 2513 3215 2567 Romani
3235 2523 3507 2567 vocantur.
3535 2514 3792 2584 Idemque

2203 2585 2368 2638 habet
2405 2585 2738 2654 Augustinus
2773 2585 2824 2635 in
2854 2597 2936 2651 ps.
2971 2599 3105 2638 Lvnt
3140 2602 3152 2638 :
3189 2585 3379 2640 Omnes
3409 2584 3632 2638 Romani
3664 2587 3793 2654 {acti

2201 2664 2342 2720 sunt,
2367 2665 2413 2708 et
2443 2653 2616 2708 omnes
2645 2653 2869 2708 Romani
2899 2655 3166 2709 dicuntur.
3199 2655 3352 2722 Quod
3381 2669 3513 2709 vero
3539 2653 3790 2712 nonnulli

2203 2725 2270 2780 ad
2302 2727 2572 2794 EurOpam
2595 2725 2810 2796 venisse
2831 2723 3100 2790 dicantur,
3129 2741 3237 2780 non
3263 2728 3380 2781 leve
3403 2737 3790 2796 argumentum

2205 2797 2410 2866 praebet
2449 2793 2613 2852 Maria
2655 2796 2743 2849 illa
2779 2793 2997 2850 Salome
3030 2812 3165 2852 uxor
3194 2793 3492 2865 Zebedaii,
3527 2812 3649 2866 quae
3691 2799 3793 2853 hac

2206 2869 2321 2935 ipsa
2347 2870 2726 2936 persecutione
2748 2868 2946 2936 iugata,
2975 2868 3025 2920 in
3050 2867 3255 2922 italiam
3284 2868 3579 2932 concessit,
3605 2876 3663 2922 et
3687 2868 3796 2922 Vc-

2204 2938 2342 2992 rulis
2366 2939 2504 3008 apud
2532 2937 2799 2994 Hernicos
2827 2938 3021 2992 itinere
3050 2939 3288 3008 fatigata,
3317 2939 3368 2991 in
3398 2952 3529 3008 pace
3557 2938 3791 3007 quievit,

2205 3020 2262 3062 ut
2293 3011 2528 3079 produnt
2564 3017 2754 3064 vetera
2784 3018 3136 3064 monumenta
3174 3009 3433 3064 Ecclesia:
3467 3009 3791 3078 Verulanus,

2211 3081 2300 3132 nhi
2346 3079 2462 3150 ejus
2505 3079 2873 3150 venerandum
2918 3094 3117 3148 corpus
3160 3079 3412 3149 religiose
3453 3092 3794 3135 asservatur.

2209 3149 2470 3219 Exemplo
2502 3149 2604 3204 hoc
2632 3151 2803 3204 utitur
2841 3150 3133 3205 cardinalis
3163 3150 3425 3205 Duronius
3463 3150 3514 3204 in
3549 3151 3697 3206 notis
3726 3151 3794 3206 ad

2205 3219 2278 3272 25
2313 3221 2463 3287 Julii,
2495 3232 2553 3274 ut
2583 3220 2819 3291 explicet
2841 3221 2934 3275 illa
2971 3223 3172 3276 verba:
3207 3221 3394 3274 Omnes
3422 3221 3645 3291 dispersi
3671 3230 3797 3276 sunt

2208 3307 2298 3363 per
2337 3295 2569 3363 regiones
2609 3290 2810 3363 ludicre
2851 3300 2900 3346 et
2941 3291 3246 3358 Samariw;
3285 3290 3529 3362 quamvis
3565 3291 3638 3347 de
3677 3293 3800 3363 ipsa

2211 3361 2426 3414 uberius-
2457 3377 2557 3415 nos
2585 3376 2683 3416 suo
2705 3361 2824 3416 loco
2852 3363 3043 3418 dicturi
3069 3365 3257 3418 simus.

2279 3431 2332 3484 4.
2468 3431 2551 3520 Itis
2571 3433 2864 3520 plusquam,
2891 3445 3015 3520 etc.
3033 3434 3317 3520 Maximam
3343 3433 3644 3520 fugatorum
3664 3449 3802 3520 par-

2211 3511 2316 3556 tem
2364 3518 2534 3573 usque
2571 3504 2638 3557 ad
2677 3504 2912 3575 Cyprum
2961 3504 3417 3573 perambulasse,‘
3440 3505 3709 3560 habemus
3731 3520 3799 3560 ex

2211 3575 2520 3646 testimonio
2548 3575 2719 3629 relato
2748 3589 2868 3644 cap.
2899 3590 2957 3628 χι
2987 3577 3170 3631 Actor.
3203 3594 3217 3630 :
3245 3575 3309 3630 Et
3339 3575 3420 3629 illi
3448 3575 3680 3646 quidem,
3711 3576 3802 3644 qui

531 3643 681 3725 Sent,
719 3647 861 3725 quod
892 3663 994 3725 per
1022 3664 1206 3725 manus
1241 3643 1608 3725 Apostolorum
1647 3643 1835 3725 ﬁebant
1861 3646 2032 3725 signa,
2066 3658 2112 3701 et
2141 3651 2186 3714 C
2218 3645 2438 3725 dispersi
2469 3649 2674 3714 fuerant
2709 3663 2751 3725 a_
2782 3647 3114 3725 tribulatione
3135 3686 3152 3713 ,
3193 3663 3318 3725 qua“
3334 3643 3470 3725 facta
3501 3648 3676 3715 [uerat
3703 3643 3802 3725 iub

530 3713 772 3788 prodigia
792 3713 952 3771 multa
975 3718 1028 3771 in
1051 3718 1218 3788 plebe,
1244 3713 1516 3772 subinfert
1540 3713 1734 3788 Lucas,
1761 3713 1932 3788 Magis
1957 3730 2115 3786 auge-

533 3785 1120 3842 batttt‘credcntittm'in
1159 3789 1437 3842 Dominum
1468 3787 1744 3842 multitudo
1767 3785 1987 3838 virorum
2011 3785 2039 3852 ,7
2059 3805 2118 3841 ac

535 3858 851 3912 mulierum:
882 3859 938 3911 in
973 3868 1175 3912 tantum
1209 3870 1264 3912 ut
1295 3861 1526 3914 animose
1551 3868 1597 3912 et
1625 3858 1892 3928 audacter,
1926 3857 1979 3909 in
2006 3859 2119 3928 pla-

535 3937 642 4001 teas
677 3930 918 4001 ejicercnt
947 3930 1200 4001 inﬁrmos,
1237 3940 1286 3983 et
1314 3941 1560 4000 ponerent
1599 3927 1882 4001 inflectulis
1907 3944 1968 4001 ac
2001 3927 2120 3998 gra-

536 3997 769 4062 bulis,'ut
790 3997 1014 4054 veniente
1034 3999 1209 4071 Petro,
1230 3997 1411 4054 saltem
1431 4002 1610 4055 umbra
1630 3998 1772 4052 illius
1792 3997 2118 4071 obumbraret

535 4085 839 4140 quemquam
887 4087 1098 4135 eorum,
1148 4082 1194 4126 et
1247 4073 1588 4126 liberarentur
1623 4071 1687 4124 ab
1730 4070 2120 4138 inﬁrmitatibus

535 4141 663 4194 suis.
703 4143 818 4194 Non
863 4144 1036 4196 solum
1087 4159 1152 4199 ex
1193 4142 1401 4197 civibus
1445 4141 1782 4196 llieruSaIem
1823 4142 2121 4196 credebant

539 4210 712 4276 multi,
745 4212 841 4266 sed
873 4228 939 4268 cx
965 4215 1088 4268 aliis
1113 4213 1333 4267 urbibus
1361 4213 1696 4268 concurrebat
1735 4210 2018 4265 multitudo
2046 4212 2125 4264 vi-

539 4282 772 4335 cinarum
815 4284 1077 4338 civitatum
1118 4284 1451 4339 Hierusalem
1499 4283 1774 4348 o/fcrentes
1814 4297 1980 4348 a’gros
2007 4320 2022 4344 ,
2075 4292 2124 4336 et

540 4362 744 4406 vexatos
768 4371 799 4406 ιι
828 4355 1098 4422 spiritibus
1121 4356 1434 4414 immundis;
1463 4357 1553 4423 qui
1583 4352 1898 4423 curabantur
1927 4367 2120 4423 omnes.

541 4423 671 4490 Quis
698 4421 879 4480 autem
902 4425 1045 4479 dicat
1067 4426 1186 4478 sine
1209 4425 1311 4477 fide
1341 4426 1442 4477 hos
1458 4421 1648 4476 ortincs
1673 4421 2003 4490 accessisse?
2025 4421 2124 4476 De-

543 4489 686 4546 mmn
727 4506 846 4562 post
884 4496 1236 4548 diaconorum
1268 4494 1628 4555 electionem,
1671 4490 1888 4562 Verbum
1916 4489 2126 4544 Domini

541 4563 642 4632 (ait
663 4560 836 4618 Lucas
855 4563 976 4618 Act.
1008 4566 1084 4632 vt)
1110 4565 1386 4632 crescebat,
1414 4573 1462 4615 et
1491 4560 1931 4628 multiplicabatur
1953 4577 2129 4616 nume-

540 4631 632 4688 rus
669 4631 1144 4702 discipulorum’in
1184 4631 1560 4685 Hierusalem:
1599 4632 1761 4684 multa
1805 4632 1939 4702 enim
1977 4632 2127 4687 turba

541 4701 866 4756 sacerdotum
897 4702 1160 4756 obcdiebat
1199 4704 1343 4768 ﬁdei.
1375 4702 1585 4756 Nemini
1618 4704 1782 4771 igitur
1812 4701 2129 4760 incredibile

542 4773 792 4843 videatur
821 4782 1066 4841 tempore
1105 4775 1293 4842 prima:
1326 4775 1754 4842 persecutionis,
1798 4772 1864 4825 ad
1895 4774 2126 4843 quinde-

547 4843 652 4895 cim
679 4841 844 4896 millia
865 4841 1434 4898 virorumasccndissc
1455 4844 1789 4899 credentium
1810 4841 2124 4908 numerum;

543 4926 668 4966 Clllll
701 4927 827 4967 \‘CI'O
857 4930 926 4969 ex
959 4913 1100 4967 Luca
1135 4918 1426 4970 habeamus
1453 4931 1645 4971 omnes
1686 4918 1755 4969 ab
1789 4916 2128 4972 Hierusalem

547 4985 757 5053 fugatos
789 4987 976 5049 fuisse,
1007 4995 1204 5055 prmter
1233 4989 1544 5054 Apostolus,
1582 5002 1686 5040 non
1713 4988 1810 5041 ahs
1839 5003 1897 5042 re
1923 4987 2125 5045 Dexter

546 5057 827 5181 plt‘isq‘uam
858 5056 1163 5126 quindecim
1199 5059 1348 5114 mille
1383 5060 1529 5113 viros
1569 5059 1693 5114 inde
1722 5057 1934 5130 fugatos
1963 5058 2127 5117 fuisse

546 5141 604 5181 re
628 5141 688 5181 cr
715 5166 730 5180 .

543 5135 730 5182 refert.

617 5199 670 5252 5.
715 5196 819 5251 Alii
856 5197 926 5250 ad
965 5197 1162 5252 Asiam.
1196 5197 1464 5255 Cancrum
1511 5215 1634 5255 cum
1671 5218 1737 5258 ex
1778 5217 1940 5258 sacro
1981 5212 2128 5256 textu

547 5267 841 5345 habeamus
858 5285 1048 5325 omnes
1064 5271 1340 5345 dispersos
1355 5273 1526 5345 fuisse
1547 5289 1636 5340 per
1651 5276 1886 5345 regiones
1905 5274 2125 5336 Judtvte,

544 5339 901 5412 etASantarite,
932 5346 1205 5412 quomodo
1230 5342 1390 5397 stabit
1414 5339 1556 5412 quod
1593 5339 1791 5399 [lexler
1821 5345 1990 5399 dixit:
2021 5345 2130 5399 Alii

543 5409 830 5485 ad_Asiam,
875 5409 1113 5485 nonnulli
1141 5413 1210 5466 ad
1249 5409 1512 5485 Europam
1543 5415 1793 5468 veniunt?
1829 5416 2125 5480 Nimirum,

544 5480 672 5554 quia
697 5495 888 5554 einnes
915 5483 1144 5551 primum
1177 5485 1230 5538 in
1257 5480 1458 5538 ludat-ar:
1480 5489 1560 5538 rel
1595 5485 1854 5540 Samaria:
1881 5487 2131 5554 regiones

545 5548 774 5617 profecti
804 5548 950 5616 soni,
982 5562 1041 5606 ut
1063 5555 1234 5609 Lucas
1258 5555 1442 5619 docet,
1475 5557 1598 5609 inde
1627 5571 1758 5610 vero
1786 5548 2033 5610 nonnulli
2064 5556 2130 5609 ad

545 5620 680 5694 alias
700 5620 997 5694 divertisse
1022 5634 1238 5679 constat
1266 5642 1278 5676 :
1313 5641 1436 5678 nam
1465 5637 1587 5694 post
1618 5627 1872 5694 prmdicta
1901 5625 2130 5690 subjun-

545 5688 655 5756 git:
691 5689 859 5761 Igitur
887 5695 1229 5765 quiuispersi
1261 5703 1429 5760 erant,
1465 5688 1848 5765 pertransibant
1879 5688 2134 5764 evangeli-

546 5771 717 5818 suutcs
742 5763 941 5820 verbum
979 5763 1103 5818 Dei.
1127 5767 1246 5831 Quo
1271 5763 1646 5835 autcm'aliqui
1683 5781 1871 5821 eorum
1901 5763 2133 5836 perlige-

2153 5027 2206 5087 D

2222 3715 2519 3788 Stephano,
2555 3716 3037 3784 pet-ambulaverunt
3074 3715 3230 3788 usque
3274 3717 3570 3772 Pliteniccm
3614 3725 3679 3788 et
3695 3715 3806 3787 Cy-

2221 3784 2394 3856 prum.
2440 3786 2549 3842 Nec
2575 3789 2800 3851 mirum,
2839 3804 2960 3842 cum
2989 3784 3188 3842 solidat
3217 3788 3598 3858 Evangelista:
3632 3784 3804 3841 Erant

2221 3867 2390 3931 autem
2427 3859 2640 3931 quidam
2687 3874 2749 3931 re:
2785 3859 2858 3931 eis
2893 3861 2989 3931 viri
3027 3858 3223 3931 Cyprii.
3280 3861 3425 3914 Inter
3451 3859 3586 3931 alios
3614 3867 3802 3913 autent

2222 3927 2459 3997 Cyprum
2511 3929 2679 3982 fuisse
2711 3928 2770 3982 Β.
2801 3927 3113 3983 Barnabatn
3148 3932 3406 3985 habemus
3448 3943 3516 3984 ex
3553 3927 3804 3982 Romano

2223 3998 2614 4068 martyrologio
2643 3999 2730 4052 die
2773 3999 2918 4054 Junii
2951 4001 3040 4054 Η.
3085 3999 3163 4054 Ex
3206 4017 3312 4066 quo
3355 4002 3517 4055 etiam
3545 4043 3559 4064 ,
3608 3999 3696 4053 die
3731 4000 3804 4055 ‘29

2223 4070 2470 4137 sequenti
2501 4079 2838 4138 compertum
2865 4081 2983 4138 cst,
3022 4071 3150 4126 illuc
3177 4088 3299 4126 cum
3328 4072 3608 4141 adfugeret
3633 4113 3647 4128 .
3679 4087 3806 4140 pcr-

2225 4141 2437 4195 venisse
2456 4141 2674 4195 Mariam
2699 4152 2924 4196 matrem
2948 4143 3195 4208 Joannis,
3220 4152 3582 4211 cognomento
3606 4141 3806 4205 Marci,

2224 4211 2379 4278 cujus
2422 4222 2540 4266 erat
2581 4213 2773 4266 domus
2821 4214 3084 4268 cmnaculi
3129 4213 3448 4282 apostolici,
3499 4223 3552 4265 et
3592 4211 3806 4268 ibidem

2225 4283 2518 4355 quievisse.
2565 4283 2834 4338 Caeterum
2867 4300 2933 4355 ei;
2971 4282 3150 4355 Cypro
3190 4285 3364 4339 insula
3403 4288 3457 4338 in
3485 4283 3803 4355 Hispaniam

2225 4353 2580 4420 adnavigassc
2622 4369 2870 4424 magnam
2911 4353 3216 4424 fugatorum
3264 4364 3472 4424 partem
3505 4396 3521 4420 ,
3579 4353 3708 4408 inde
3751 4357 3811 4408 lit

2229 4423 2675 4497 verisimillimum
2701 4423 2887 4495 ,iquod
2912 4423 2986 4480 ab
3009 4427 3138 4497 Asia
3171 4423 3522 4497 per’Cyprum
3553 4425 3812 4494 frequen-

2231 4494 2434 4546 tissima
2466 4505 2611 4567 esset
2633 4494 2904 4567 navigatio
2926 4497 2977 4550 in
3006 4494 3451 4567 Hispanias,’ubi
3481 4506 3810 4551 mercatura:

2228 4563 2548 4638 exercenda:
2594 4563 2810 4636 gratia',
2855 4567 3000 4638 Tyrii
3033 4576 3083 4622 et
3107 4563 3412 4623 'thnices
3441 4583 3547 4621 non
3576 4580 3808 4638 paucas.

2231 4650 2330 4688 nec
2359 4635 2631 4705 minimas,
2667 4640 2733 4691 ad
2767 4635 2916 4692 littus
2947 4639 3111 4692 maris
3149 4638 3505 4694 fundaverant
3531 4637 3808 4702 civitates,

2227 4716 2285 4759 ut
2305 4716 2555 4762 auctores
2577 4719 2700 4762 sunt
2715 4709 2779 4777 Q.
2797 4708 3012 4763 Curtius
3033 4707 3184 4763 Iib.v.
3205 4711 3273 4762 de
3294 4710 3454 4764 rebus
3475 4708 3632 4762 Ales.
3651 4707 3806 4774 ωε,

2228 4777 2424 4861 Strabo
2441 4779 2540 4861 _l_ib.
2562 4779 3012 4861 lliOGqullllpllla‘,
3035 4781 3353 4861 Plutarchus
3373 4784 3433 4861 in
3457 4780 3571 4861 \lita
3594 4777 3812 4861 Scipio-

2230 4851 2334 4921 nis,
2359 4848 2577 4921 Solinus
2600 4851 2692 4904 lib.
2714 4851 2778 4904 de
2801 4848 2989 4921 Mil-ab.
3012 4852 3195 4904 mundi
3217 4865 3339 4921 cap.
3373 4852 3463 4921 54,
3481 4849 3814 4921 Putnponius

2231 4920 2364 4992 Aleia
2385 4961 2399 4980 .
2418 4929 2477 4992 et
2507 4920 2595 4974 alii
2617 4921 2707 4990 qui
2724 4923 2864 4976 inter
2889 4919 3679 4992 Tyriasireferu‘ntCartheiam
3702 4920 3816 4975 Ga-

2230 4990 2632 5054 des,Abdcram
2655 5001 2710 5046 et
2733 4990 2984 5046 Malacain
3002 4991 3053 5045 in
3087 4991 3380 5062 Hispaniis,
3405 5001 3458 5046 et
3484 5006 3552 5046 ex
3577 4990 3814 5046 adverso

2235 5062 2417 5116 littore
2445 5063 2837 5133 Carthaginem
2865 5062 3174 5133 Africanam
3201 5105 3216 5130 ,
3259 5063 3414 5133 cujus
3445 5063 3554 5117 filia
3585 5064 3683 5116 fuit
3711 5062 3813 5117 lli-

2234 5147 2401 5201 spana
2420 5131 2724 5204 Carthago,
2755 5148 2862 5204 quo
2891 5131 3141 5203 discipuli
3165 5131 3550 5204 Apostolorum
3580 5147 3817 5204 conces-

2233 5208 2372 5258 sisse
2399 5201 2673 5258 dicuntur.
2705 5201 2948 5273 Namque
2971 5201 3126 5258 valde
3148 5201 3445 5258 consonum
3479 5201 3677 5259 rationi
3701 5213 3812 5268 est,

2233 5288 2331 5346 eos
2359 5274 2450 5339 qui
2493 5274 2671 5346 fugam
2700 5274 3010 5345 qumrebanl
3034 5315 3049 5339 ,
3082 5290 3274 5330 navem
3306 5276 3635 5331 conduxisse
3657 5315 3673 5340 ,
3704 5290 3815 5346 qua

2233 5344 2287 5398 in
2346 5344 2736 5400 remotissimus
2794 5346 3035 5414 fugerent
3093 5346 3381 5414 regiones,
3432 5344 3818 5416 reperisscque

2233 5416 2463 5482 primum
2494 5429 2680 5469 navem
2717 5425 3034 5471 mercatura:
3063 5416 3430 5472 conducenda:
3458 5416 3816 5482 industriam,

2231 5494 2288 5538 et
2314 5500 2432 5539 eam
2461 5484 2609 5557 ipsos
2630 5487 3034 5552 conscendisse,
3068 5489 3502 5557 proficiscentem
3535 5487 3588 5541 in
3623 5487 3819 5556 Hispa-

2236 5556 2542 5628 niam.7Cui
2591 5557 2837 5622 accedit,
2898 5556 3102 5612 multos
3137 5557 3442 5628 fugatorum
3485 5561 3722 5628 esseab
3753 5574 3816 5612 ea

2235 5627 2517 5692 oriundos,
2543 5636 2602 5682 ut
2627 5643 2751 5682 mox
2781 5629 3155 5693 ostendemus,
3186 5627 3306 5684 cum
3332 5629 3525 5697 quibus
3555 5627 3650 5682 alii
3683 5629 3819 5698 (Eu-

2235 5698 2402 5766 ropzei
2438 5698 2780 5766 prtesertim)
2829 5698 2970 5750 haud
3010 5701 3230 5754 difficile
3259 5699 3454 5752 sociari
3491 5709 3817 5766 potuerunt.

2235 5767 2390 5835 Quod
2437 5779 2616 5825 autem
2665 5767 2752 5838 ad]
2771 5780 2986 5836 portum
3037 5769 3819 5842 Carthagincusemjlispanizn
