3978 6274
207 204 284 265 97
1249 203 1476 265 FLAVI!
1517 206 1697 266 LUCll
1738 207 1995 266 DEXTRI
2033 210 2444 270 CHRONICON.
3421 221 3491 280 98

208 318 278 376 Δ.
308 318 374 377 C.
416 319 500 378 55.
573 315 781 376 Diversi
810 314 917 389 [ΑΙ.
949 314 1164 390 Divisi.]
1191 333 1287 390 per
1307 317 1596 390 Hispanias
1625 330 1854 378 mortem
1880 322 2106 389 Christi,
2136 327 2698 400 resurrectionemque
2725 327 3081 400 denuntiant;
3110 339 3165 390 et
3193 333 3261 392 Δ.
3281 334 3490 395 B.786.

637 411 818 467 Maria:
854 409 1045 478 vitam,
1074 409 1142 466 ad
1169 426 1327 482 quam
1361 411 1616 483 frequens
1639 428 1710 470 ex
1746 415 2001 487 Hispania
2036 415 2198 472 ﬁebat
2227 420 2620 491 peregrinatio;
2654 423 2890 481 maxime
2929 434 3045 496 post
3074 441 3208 484 con-

631 502 938 561 versionem
962 500 1199 560 Cornelii
1227 504 1565 562 centurionis
1597 525 1610 562 :
1645 515 1920 579 tutamque
1957 510 2291 580 provinciam
2322 512 2558 584 undique
2589 513 2835 574 miriﬁcis
2861 527 2917 575 et
2948 519 3204 576 inauditis

625 601 828 658 nuntiis
850 600 1145 672 complent.

561 687 642 749 Ex
669 693 750 748 his
774 691 930 762 primi
960 700 1085 762 post
1129 705 1159 747 a
1207 692 1271 748 Β.
1299 692 1504 751 Jacobu
1542 694 1819 766 eliguntur
1849 696 2066 754 urbium
2109 697 2412 770 pontiﬁces,
2457 708 2513 757 et
2552 708 2799 772 pastores
2839 702 3102 761 :dubium
3140 720 3208 762 an

627 798 816 841 omnes
844 782 1018 841 Judzei
1047 784 1268 841 fuerint.

557 905 776 977 Hispani
804 905 1077 977 praecipue
1104 905 1276 961 Judaei
1319 907 1541 962 mittunt
1569 907 1782 980 legatos
1824 907 1892 964 ad
1923 910 2214 980 Apostolus
2243 919 2300 967 ut
2329 913 2724 984 quamprimum
2767 914 2963 986 aliquis
3002 930 3194 973 eorum

627 996 841 1053 veniret
865 995 934 1052 ad
963 1011 1081 1064 eos,
1111 997 1202 1068 qui
1225 995 1296 1053 de
1325 996 1491 1053 rebus
1517 999 1805 1054 recensitis
1825 998 1894 1055 de
1915 998 2132 1056 Christo
2159 1016 2256 1058 eos
2276 1003 2458 1059 verius
2487 1013 2544 1061 et
2569 1002 2790 1060 uberius
2810 1003 3055 1062 doceret.
3139 1029 3146 1032 -

1406 1135 1668 1193 BIVARII
1704 1135 2272 1196 COMMENTARIUS.

201 1251 586 1328 applicuerint,
611 1253 924 1328 praestantia
947 1251 1296 1328 famosissimi
1325 1252 1447 1323 ejus
1475 1253 1708 1322 emporii
1732 1252 1786 1308 in
1815 1256 1866 1315 Α
1893 1255 2182 1328 sanctitatis
2227 1256 2477 1328 angelica:
2521 1259 2770 1314 sociatur.
2817 1258 2886 1313 Et
2930 1258 3040 1314 hare
3072 1260 3201 1315 talia
3227 1260 3486 1317 excitaue-

199 1339 369 1381 causa
397 1326 527 1392 fuit,
565 1326 708 1393 quod
742 1327 796 1380 in
829 1326 968 1379 hanc
997 1339 1166 1391 usque
1195 1325 1339 1378 diem
1370 1339 1399 1377 a
1425 1335 1786 1379 mercatorum

201 1395 433 1464 navigiis
460 1406 515 1450 et
554 1396 868 1452 triremibus
904 1397 1298 1463 frequentatur.
1330 1394 1631 1463 Descripsit
1659 1395 1789 1449 olim

197 1465 683 1536 Cartliaginensem
705 1476 920 1534 portum
945 1464 1126 1520 Livius
1152 1465 1251 1520 lib.
1280 1479 1332 1518 vt
1358 1465 1512 1534 cujus
1535 1466 1635 1520 ista
1664 1475 1792 1518 sunt

196 1537 407 1609 verba:
439 1536 552 1591 Sita
590 1537 849 1609 Carthago
875 1539 948 1591 sic
976 1547 1100 1609 ests
1126 1537 1268 1589 sinus
1295 1545 1367 1590 est
1407 1538 1587 1601 maris,
1620 1536 1791 1589 media

197 1610 309 1680 fere
332 1606 603 1674 Hispania:
629 1625 743 1672 ora,
775 1606 1000 1661 maxime
1028 1607 1206 1676 Africo
1235 1616 1384 1660 rento
1410 1611 1680 1680 oppositus
1700 1649 1714 1671 ,
1741 1615 1791 1660 et

195 1677 508 1749 quingentos
532 1696 718 1748 passus
746 1680 1028 1733 introrsum
1053 1687 1325 1749 retractus,
1354 1677 1511 1748 paulo
1533 1680 1647 1745 plus
1673 1693 1794 1746 pas-

197 1747 352 1803 sum
380 1747 794 1820 inlatitudinem
817 1759 1016 1819 patens.
1047 1747 1219 1820 Hujus
1240 1749 1293 1800 in
1318 1747 1448 1820 ostio
1470 1748 1613 1801 sinus
1634 1763 1792 1818 parva

197 1820 372 1873 insula
399 1819 599 1892 objecta
624 1821 690 1874 ab
711 1818 824 1874 alto
847 1863 862 1886 ,
893 1829 1104 1892 portum
1120 1818 1185 1892 ab
1207 1818 1443 1892 omnibus
1472 1820 1637 1892 ventis
1664 1833 1796 1892 prte-

199 1900 430 1959 terguant
454 1889 662 1960 'Africo,
691 1901 857 1944 tutum
892 1891 1036 1960 facit.
1070 1889 1147 1943 Ab
1171 1892 1352 1942 intimo
1375 1889 1493 1942 sinu
1519 1889 1791 1960 peninsula

196 1963 436 2033 excurrit
456 1963 476 2033 (
498 1961 730 2016 tumulus
753 1963 797 2016 is
823 1962 1007 2033 ipsein
1033 1976 1134 2031 quo
1164 1961 1375 2033 condita
1397 1960 1547 2033 _urbs
1577 1967 1650 2013 est
1675 1964 1690 2027 )
1727 1960 1791 2013 ab

195 2043 313 2086 ortu
357 2030 483 2087 solis
507 2077 522 2099 ,
571 2042 618 2087 et
642 2051 673 2087 a
705 2032 920 2086 meridie
943 2030 1112 2083 cincta
1143 2031 1308 2094 mari;
1351 2030 1416 2084 ab
1454 2047 1640 2084 occasu
1685 2041 1791 2085 sta-

194 2118 353 2172 gnum
380 2103 604 2174 claudit,
631 2103 849 2174 paulum
881 2111 928 2156 et
955 2103 1023 2155 ad
1053 2103 1464 2174 septentrionem
1480 2101 1677 2174 fusum,
1707 2103 1793 2155 in-

196 2171 352 2227 certae
379 2171 676 2228 altitudinis
700 2216 716 2239 ,
762 2190 980 2244 cumque
1015 2171 1265 2227 ea‘a'stuat
1303 2182 1393 2224 aut
1430 2171 1600 2240 deﬁcit
1625 2189 1788 2239 mare,

197 2245 481 2298 continenti
505 2245 708 2313 urbem,
725 2247 916 2315 jugum
941 2245 1190 2298 ducentos
1214 2245 1320 2313 [ere
1346 2251 1392 2296 et
1415 2244 1791 2315 quinquaginta

195 2331 387 2388 passus
408 2325 609 2388 patens,
638 2317 929 2388 cgnjungit.

263 2383 320 2438 5.
347 2382 514 2440 Divisi
535 2401 627 2452 per
655 2382 962 2456 Hispanias,
989 2393 1092 2440 etc.
1118 2383 1261 2439 Nihil
1277 2382 1593 2439 credibilius
1625 2399 1787 2453 quam

194 2457 336 2524 quod
386 2456 476 2511 hic
529 2457 728 2526 Dexter
767 2460 1006 2526 promit:
1056 2471 1152 2512 eos
1183 2456 1476 2520 nimirum,
1503 2457 1593 2526 qui
1627 2456 1789 2524 lugati

198 2527 264 2581 ad
309 2539 528 2595 portum
575 2525 1056 2598 Cartlia’ginensem
1103 2528 1460 2598 appulerant,
1497 2525 1704 2598 divisos
1736 2528 1789 2581 in

196 2599 377 2667 varias
409 2598 662 2667 regiones
685 2596 980 2667 Hispaniae,
1010 2599 1364 2652 denuntiasse
1386 2596 1641 2665 HiSpanis
1665 2612 1788 2664 qua:

195 2666 265 2723 de
294 2666 502 2724 Christi
532 2669 746 2724 Domini
787 2666 1003 2730 morte.
1040 2669 1441 2722 resurrectione
1468 2712 1481 2734 ,
1512 2667 1783 2734 doctrina,

196 2750 246 2792 et
271 2740 574 2803 miraculis,
603 2739 830 2795 suismet
857 2740 1033 2795 oculis
1056 2739 1302 2793 viderant
1335 2758 1348 2791 :
1380 2739 1644 2792 addentes
1674 2739 1792 2808 ejus

196 2813 624 2866 sacratissimam
654 2811 878 2865 Matrem
905 2855 920 2878 ,
966 2810 1141 2865 adhuc
1187 2812 1237 2862 in
1268 2809 1405 2862 vivis
1446 2824 1606 2878 agere
1636 2850 1648 2871 ,
1683 2826 1792 2877 quo

198 2895 298 2934 eos
327 2882 686 2936 accenderent
721 2880 995 2936 desiderio
1036 2880 1242 2935 visendi
1280 2882 1474 2948 ipsam.
1529 2879 1601 2933 De
1631 2893 1793 2947 pere-

201 2953 509 3017 grinatione
553 2952 915 3022 Hispanorum
962 2951 1028 3006 ad
1073 2952 1134 3006 Β.
1186 2951 1466 3018 Deiparam
1493 2992 1508 3016 ,
1559 2965 1666 3004 non
1707 2959 1794 3006 est

203 3022 357 3092 quod
382 3024 501 3091 quis
528 3024 773 3087 miretur,
807 3037 927 3077 cum
958 3023 1092 3076 nihil
1124 3025 1296 3092 magis
1327 3022 1385 3092 in
1414 3035 1514 3092 usu
1547 3034 1613 3074 co
1649 3028 1786 3075 tem-

202 3091 357 3160 poris
403 3094 563 3148 fuerit
603 3093 744 3164 apud
776 3095 1018 3164 omnium
1049 3091 1328 3164 nationum
1364 3091 1586 3164 ﬁdeles,
1629 3108 1789 3160 quam

200 3178 303 3232 pro
324 3178 428 3219 suo
456 3162 694 3219 maximo
723 3164 846 3218 ﬁdei
877 3163 1072 3219 ardore
1110 3164 1164 3218 in
1196 3163 1534 3217 Palmstinam
1567 3162 1678 3216 iter
1705 3179 1792 3216 ar-

196 3235 382 3303 ripere
406 3275 422 3299 ,
479 3245 536 3290 et
582 3235 700 3290 loca
752 3243 935 3291 sancta
974 3246 1173 3289 nostrae
1203 3234 1594 3301 redemptionis
1624 3248 1792 3288 vene-

197 3305 343 3369 rari;
384 3305 548 3376 idque
570 3321 786 3376 semper
817 3308 870 3361 in
904 3306 1147 3361 Ecclesia
1180 3305 1436 3359 usitatum
1468 3305 1586 3358 fuit.
1634 3305 1788 3372 Quod

196 3377 239 3430 si
310 3377 362 3431 id
415 3377 759 3446 postmodum
806 3385 912 3431 tam
967 3385 1383 3446 perseveranter
1440 3376 1787 3429 observatum

195 3447 325 3513 luit,
362 3445 750 3517 rel’rigesceme
791 3445 1222 3502 etiaiu’lidelium
1254 3445 1550 3506 charitate.
1585 3456 1789 3514 quanto

195 3519 374 3588 magis
402 3527 648 3587 tempore
680 3519 953 3574 nascentis
986 3517 1242 3573 Ecclesia:
1263 3561 1276 3585 ,
1305 3517 1520 3588 quando
1559 3517 1680 3571 lidei
1705 3533 1792 3570 ar-

194 3587 309 3641 dor
350 3590 551 3644 eximie
595 3589 649 3643 in
700 3590 954 3644 cordibus
1003 3588 1436 3643 Christianorum
1486 3587 1784 3656 ﬂagrabat!

194 3659 331 3725 Quis
358 3669 542 3715 autem
567 3673 676 3714 nun
707 3659 885 3714 videat
907 3659 972 3714 ad
996 3675 1115 3714 eam
1143 3658 1629 3728 peregrinationem
1662 3673 1788 3727 per-

197 3731 466 3800 agendam
510 3732 710 3786 mirum
754 3731 806 3785 in
847 3731 1066 3786 modum
1117 3730 1325 3784 animos
1355 3729 1786 3800 Christianorum

197 3799 519 3870 impulisse,
567 3801 922 3870 cupiditatem
962 3803 1172 3857 visendi
1205 3810 1256 3855 et
1286 3799 1628 3866 colloquendi
1663 3815 1786 3856 cum

198 3871 265 3926 Β.
284 3869 516 3942 Ὓίτείιιθ
548 3869 1122 3943 ipsiusRedempturis
1151 3870 1354 3943 Matre?
1374 3869 1482 3943 _Vis
1509 3873 1784 3940 specimen

197 3941 424 4014 aliquod
468 3941 581 3998 tibi
609 3942 883 4014 priebeam
929 3941 1047 4014 ejus
1093 3943 1213 4014 rei?
1256 3941 1483 4014 Proicru
1523 3943 1686 4014 verba
1721 3944 1780 3998 Ι).

1897 1335 2016 1378 runt
2064 1327 2264 1406 uiscera.
2302 1327 2519 1406 nostra,
2553 1342 2598 1406 et
2631 1340 2819 1406 cogunt
2849 1331 2998 1406 valde
3027 1332 3321 1406 desiderare
3343 1350 3490 1406 aspe-

1894 1406 2036 1476 ctum
2068 1397 2223 1476 liuius
2246 1397 2516 1476 (sifas
2547 1397 2928 1476 [qrifcmlcstis
2957 1403 3204 1476 prodigii.
3229 1414 3275 1457 et
3296 1397 3487 1476 sacra-

1895 1469 2089 1538 tissimi
2126 1469 2361 1522 monstri.
2413 1470 2622 1538 Adjecit
2670 1483 2720 1524 et
2769 1469 3060 1527 secundam
3111 1469 3178 1527 de
3207 1475 3398 1529 eadem
3431 1490 3491 1532 re

1894 1536 2184 1616 epistulam
2216 1539 2296 1616 sic
2329 1536 2629 1609 incipiens:
2666 1542 2728 1616 Si
2763 1544 2960 1616 licitum
2987 1553 3061 1596 est
3095 1543 3220 1597 mihi
3247 1548 3390 1616 apud
3419 1556 3490 1611 te,

1893 1608 1963 1685 ad
1989 1605 2376 1685 llierosolgtnte
2394 1605 2562 1685 partes
2603 1615 2718 1666 volo
2747 1615 3060 1685 ascendere;
3092 1625 3141 1668 et
3162 1605 3332 1685 uidere
3359 1605 3493 1685 ﬁde;

1893 1678 1966 1757 les
1996 1687 2202 1757 sanctos
2223 1678 2408 1757 qui_ibi
2437 1690 2589 1757 sunt;
2610 1683 2868 1757 pra'cipnc
2895 1678 3120 1757 Mariam
3142 1678 3490 1757 Jesu,quam

1893 1749 2069 1802 dicunt
2111 1750 2358 1804 universis
2401 1749 2808 1817 admirandam,
2859 1762 2905 1807 et
2944 1755 3145 1808 cunctis
3175 1749 3492 1810 desiderabi-

1893 1819 2011 1871 lem.
2042 1817 2207 1885 Quem
2237 1822 2370 1898 enim
2401 1837 2503 1898 non
2534 1823 2749 1877 delectet
2782 1825 2954 1898 uidere
2992 1841 3104 1877 eam
3131 1865 3147 1890 ,
3189 1834 3242 1898 et
3268 1827 3488 1898 alloqui,

1891 1905 2008 1965 qua:
2033 1906 2222 1965 _ver_um
2265 1891 2430 1965 Deum
2459 1894 2526 1965 de
2547 1909 2601 1947 se
2625 1895 2858 1965 peperit,
2901 1896 2946 1948 si
2978 1905 3171 1949 nostra:
3197 1896 3262 1948 sit
3288 1891 3412 1963 ﬁdei
3441 1907 3487 1951 et

1891 1961 2160 2032 religionis
2182 1962 2428 2037 amicus?
2457 1963 2581 2018 llmc
2609 1961 2998 2037 qnmglgnatius
3027 1969 3186 2020 refert
3205 2006 3220 2029 ,
3251 1961 3492 2037 pcregri-

1893 2037 2011 2105 nari
2041 2033 2307 2097 cugebant
2338 2047 2367 2086 a
2401 2033 2978 2090 remutissiniis’otiam
3021 2033 3314 2105 provinciis
3357 2033 3490 2093 li'dc-

1899 2101 2001 2168 les,
2025 2112 2086 2155 ut
2109 2118 2228 2172 qua:
2261 2119 2408 2177 ,aure
2453 2106 2769 2177 audierant,
2805 2107 2979 2160 oculis
3009 2101 3123 2160 suis
3150 2109 3327 2177 quoad
3363 2125 3485 2172 pus-

1893 2181 2014 2248 sent
2039 2215 2053 2238 ,
2083 2173 2483 2248 conspicerent.
2533 2175 2663 2244 Quis
2691 2185 2870 2232 autem
2917 2177 2963 2230 si
3007 2192 3151 2231 nunc
3168 2173 3407 2248 alloqui,
3431 2188 3491 2235 et

1895 2241 2083 2297 videre
2113 2241 2288 2297 vivant
2331 2241 2588 2313 daretur',
2635 2251 2772 2300 sicut
2807 2257 2936 2301 tunc
2961 2241 3333 2304 beatissimam
3369 2241 3490 2306 Dei-

1893 2327 2102 2382 param,
2138 2315 2402 2383 ejusmodi
2432 2315 2536 2371 iter
2561 2333 2667 2371 non
2696 2318 3024 2373 conﬁceret?

1969 2385 2700 2460 lluc_accetlit,_ingratiam
2729 2389 3204 2458 peregrinationis,
3235 2404 3398 2460 quam
3422 2391 3489 2446 ad

1895 2454 2067 2524 ipsam
2093 2455 2316 2529 ⁸Ιξίδρςιηί
2353 2454 2546 2529 fecisse
2568 2454 3025 2527 dicunturfipsos
3055 2454 3234 2514 rerum
3254 2454 3492 2529 'magna-

1895 2542 2015 2581 rum
2054 2526 2271 2582 videndi
2317 2528 2664 2583 avidissimus
2698 2526 2922 2596 semper
2961 2529 3164 2593 luisse,
3207 2541 3262 2584 et
3311 2526 3384 2585 ea
3421 2533 3490 2588 de

1894 2611 2058 2652 causa
2107 2599 2158 2651 in
2205 2599 2599 2653 remotissimus
2641 2600 2788 2653 orbis
2822 2601 3026 2669 plagas.
3078 2601 3123 2653 si
3153 2613 3291 2668 opus
3317 2612 3482 2667 esset,

1897 2669 2301 2740 peregrinandi.
2351 2669 2464 2736 Qua
2511 2669 2578 2723 de
2629 2685 2686 2724 re
2729 2671 2896 2724 multa
2939 2670 3096 2725 nobis
3144 2671 3494 2740 suppeditant

1897 2739 2145 2810 exempla
2200 2740 2549 2809 antiquorum
2605 2739 2888 2805 historias,
2940 2741 3028 2795 ubi
3071 2755 3170 2810 pro
3199 2739 3492 2796 levioribus

1896 2811 2061 2864 rebus
2091 2809 2142 2864 id
2176 2809 2327 2878 ipsos
2357 2811 2550 2866 fecisse
2582 2811 2832 2880 legimus.
2869 2811 2933 2865 Et
2961 2823 3016 2864 nt
3047 2809 3263 2878 aliquod
3289 2812 3487 2866 aliera-

1897 2895 2047 2952 mus:
2083 2880 2162 2933 Ad
2196 2880 2372 2952 Titum
2401 2881 2602 2935 Livium
2648 2882 2744 2952 (ait
2771 2883 2836 2936 D.
2873 2882 3236 2952 Hieronymus
3261 2886 3327 2936 ad
3351 2883 3494 2937 Pau-

1897 2950 2068 3024 linum
2095 2951 2364 3024 scribens)
2393 2953 2554 3024 lacteo
2592 2950 2896 3023 eloquentia
2917 2955 3059 3024 fonte
3081 2950 3403 3024 manantem,
3429 2955 3496 3008 tle

1896 3020 2094 3075 ultimis
2127 3020 2399 3091 Hispaniw
2429 3023 2638 3090 ﬁnibus,
2666 3020 2927 3092 quosdam
2946 3025 3143 3077 uenisse
3162 3023 3384 3092 nobiles,
3418 3025 3493 3079 le-

1894 3092 2064 3161 gimus
2089 3108 2108 3146 :
2148 3101 2196 3144 et
2233 3109 2358 3162 quos
2405 3095 2473 3145 ad
2521 3094 3006 3164 contemplationem
3047 3097 3126 3148 sui
3169 3093 3339 3148 Roma
3383 3113 3491 3151 non

1895 3172 2125 3235 traxerat
2145 3166 2338 3235 ,_unius
2361 3164 2584 3217 hominis
2615 3168 2758 3232 fama
2783 3166 3043 3233 perduxit.
3078 3165 3274 3218 Audita
3308 3168 3490 3235 magni

1895 3233 2118 3289 Antonii
2166 3233 2304 3287 fama
2329 3274 2344 3296 ,
2384 3235 2586 3288 multus
2607 3238 2770 3289 etiam
2797 3249 2921 3290 eum
2951 3237 3312 3305 llispauorum
3340 3233 3489 3291 visu-

1897 3319 2008 3374 ros,
2043 3306 2440 3359 remutissimas
2477 3305 2801 3360 solitudines
2838 3315 3160 3374 penetrasse
3186 3315 3378 3362 auctor
3404 3316 3492 3362 est

1894 3373 1967 3448 D.
1992 3375 2328 3448 Athanasius
2357 3375 2409 3428 in
2438 3375 2555 3444 ejus
2590 3377 2744 3448 Vita:
2777 3373 3054 3431 Hominem
3081 3378 3190 3430 alio
3214 3393 3343 3448 pene
3366 3378 3488 3433 crbe

1893 3447 2116 3517 celatum
2137 3486 2152 3511 ,
2183 3455 2231 3499 et
2259 3447 2392 3499 inter
2429 3456 2598 3501 tantas
2622 3447 2842 3517 positum
2879 3448 3183 3502 solitudines
3209 3448 3406 3517 Africa:
3434 3458 3484 3502 et

1894 3514 2172 3586 Hispania:
2215 3517 2597 3571 demonstravit.
2624 3514 2630 3516 “
2655 3516 2860 3572 Rursus
2901 3519 3098 3573 mirum
3155 3514 3270 3572 erat
3310 3517 3485 3573 humi-

1895 3601 2016 3641 nem
2067 3603 2233 3658 super
2281 3593 2594 3642 columnam
2638 3589 2922 3658 degentem
2965 3588 3325 3658 conspicere?
3357 3588 3482 3644 illac

1893 3672 2108 3730 quoque
2158 3659 2300 3714 inter
2338 3659 2474 3713 alios
2511 3660 2783 3730 protectos
2806 3659 3071 3730 lliSpanos
3098 3661 3265 3714 tuisse
3293 3660 3480 3714 docuit

1893 3727 2263 3802 Theodoretus
2282 3733 2332 3802 in
2353 3731 2459 3783 vita
2477 3731 2648 3800 ipsius
2659 3727 2930 3802 Simeunis
2947 3731 3178 3802 Stylitm,
3199 3731 3448 3799 inquiens
3467 3745 3482 3787 :

1898 3797 2179 3872 Hominum
2209 3801 2424 3872 pelagus
2451 3797 2679 3869 undique
2705 3797 3122 3872 adventantium,
3144 3810 3191 3855 et
3217 3797 3357 3856 more
3375 3803 3480 3871 ﬂu-

1891 3870 2084 3924 minum
2121 3870 2510 3940 conﬂuentium,
2551 3873 2702 3943 apud
2718 3871 2868 3943 illum
2891 3871 3064 3926 uidere
3084 3879 3191 3943 est,
3217 3887 3321 3926 non
3349 3870 3486 3943 enim

1890 3950 2148 3995 nostrates
2191 3939 2394 3995 tantum
2420 3985 2434 4010 ,
2468 3942 2558 3994 sed
2588 3939 2640 3994 et
2673 3939 2976 4005 Isntaelitaz.
2999 3949 3044 3995 et
3077 3939 3289 4006 Persea,
3317 3951 3362 3996 et
3393 3942 3488 3996 Ito-

199 4007 397 4086 lgn'atii
419 4007 674 4086 martyris
696 4055 712 4081 ,
751 4014 806 4086 in
839 4007 1066 4084 episiola
1097 4010 1161 4067 ad
1184 4013 1501 4086 apostolum
1524 4013 1785 4086 Joannem
1813 4007 1858 4068 C
1889 4027 2005 4086 rum
2033 4012 2241 4086 ﬁnitimi
2266 4007 2535 4086 Armenii,
2560 4021 2608 4063 et
2635 4010 2820 4086 Hiberi
2849 4021 2897 4064 et
2917 4011 3211 4086 Homerios:
3231 4051 3246 4078 ,
3273 4011 3488 4086 etinte-

200 4085 333 4138 hzec
375 4083 640 4154 loquentis
670 4101 684 4141 :
736 4084 874 4140 Sunt
901 4097 947 4139 et
970 4085 1054 4138 hic
1083 4083 1263 4138 multa:
1284 4083 1350 4138 de
1376 4083 1676 4137 mulieribus
1706 4101 1799 4138 no-

199 4155 336 4208 stris
366 4153 588 4210 Mariam
611 4155 746 4210 Jesu
769 4156 941 4210 videre
965 4157 1250 4222 cupientes,
1279 4164 1329 4208 et
1355 4154 1584 4224 quotidie
1602 4171 1633 4206 a
1655 4155 1801 4209 nobis

197 4225 280 4278 ad
305 4242 391 4280 eos
412 4229 706 4281 discurrere
731 4227 974 4291 volentes,
1004 4237 1059 4280 ut
1089 4241 1200 4296 eam
1229 4228 1528 4296 contingant
1547 4236 1610 4279 et
1643 4230 1799 4280 ubera

196 4299 324 4368 ejus
345 4306 588 4365 tractent,
611 4313 728 4368 quia
756 4297 1042 4350 Dominum
1071 4293 1251 4368 Iesum
1274 4293 1549 4368 aluerunt;
1582 4306 1630 4349 et
1660 4313 1801 4368 qua:-

197 4367 328 4441 dam
355 4372 473 4441 ejus
498 4367 774 4424 secretiora
789 4375 1192 4441 percunctentur
1212 4367 1375 4441 ipsum
1401 4367 1624 4441 Mariam
1648 4367 1796 4422 Jesu.

199 4438 302 4492 Est
328 4436 626 4495 et'Salame
651 4436 806 4510 quam
835 4439 1012 4508 diligis
1052 4437 1166 4507 ﬁlia
1191 4478 1206 4502 ,
1249 4436 1631 4507 Hierosolymis
1661 4456 1801 4492 anno

197 4523 252 4563 et
278 4511 507 4581 quinque
528 4509 786 4565 mensibus
808 4509 950 4581 apud
980 4524 1093 4581 eam
1123 4523 1447 4581 commorans
1463 4550 1494 4581 ,γ
1512 4519 1563 4561 et
1591 4511 1803 4579 quidam

197 4583 345 4651 [orte
367 4579 716 4649 notiﬁcacerc,
741 4579 972 4635 eamdem
993 4579 1213 4632 Matrem
1232 4579 1329 4632 Dei
1351 4580 1585 4651 omnium
1608 4581 1802 4648 gratia-

199 4648 325 4704 rum
343 4648 714 4716 abundantem,
737 4661 784 4705 et
813 4652 1040 4704 omnium
1064 4651 1312 4704 virtutum
1339 4649 1505 4719 (more
1547 4648 1801 4720 Virginis)

201 4732 250 4775 et
277 4723 464 4791 gratia
485 4722 799 4792 fecundans;
829 4737 944 4790 qua:
972 4722 1048 4792 (ut
1069 4721 1267 4789 dicunt)
1286 4720 1338 4772 in
1366 4720 1801 4792 persecutionibus

205 4803 256 4845 et
277 4790 646 4862 afﬂictionibus
666 4803 739 4846 est
766 4790 1048 4857 hilaris,'in
1071 4793 1296 4859 pennriis
1311 4802 1356 4844 et
1378 4790 1677 4860 indigentiis
1698 4806 1801 4845 non

205 4865 429 4936 querula
443 4863 854 4936 ;injuriantibus
876 4874 1098 4936 grata,“
1117 4864 1328 4936 molesta
1351 4878 1405 4915 re
1418 4862 1803 4936 ltetatur,rnisc-

210 4935 290 4988 ris
318 4943 364 4988 et
379 4933 590 5004 afﬂictis
611 4933 853 4989 eondolet
881 4933 1102 5003 afﬂicta,
1133 4944 1178 4986 et
1208 4933 1471 4986 subvenire
1500 4948 1600 5004 non
1626 4934 1800 5002 pigre-

209 5006 346 5059 scit:
358 5003 536 5059 contra
551 5007 790 5061 vitiorum
811 5014 978 5058 autem
992 5006 1118 5075 pesti
1123 5005 1259 5075 {eros
1271 5003 1615 5075 conﬂictu_s,in
1630 5019 1803 5075 pugna

208 5077 340 5145 ﬁdei
366 5076 664 5148 disceptans
705 5076 957 5129 enitescit.
993 5073 1214 5148 Nostra:
1232 5089 1386 5148 nocte
1420 5073 1721 5148 religionis,
1753 5083 1803 5128 et

208 5143 524 5218 pernitendo}
547 5159 622 5202 est
651 5148 906 5218 magistra
929 5155 1026 5218 ,'_et
1053 5147 1192 5218 apud
1212 5143 1398 5218 ﬁdeles
1428 5143 1658 5218 omnium
1687 5161 1804 5216 ope-

208 5216 333 5271 rum
365 5219 569 5288 pietatis
607 5216 870 5272 miniitra.
916 5216 1223 5272 Humilibus
1249 5216 1457 5288 quidem
1487 5225 1560 5270 est
1591 5216 1798 5282 devota,

206 5300 258 5342 et
290 5287 483 5344 devotis
526 5290 766 5345 devotius
807 5289 1114 5342 ltumiliatur
1136 5329 1151 5352 ,
1184 5296 1233 5342 et
1260 5287 1447 5340 mirum
1475 5288 1540 5341 ab
1565 5288 1801 5341 omnibus

205 5359 593 5430 magniﬁcatur,
626 5378 748 5415 cum
777 5377 811 5413 a
837 5359 1019 5412 scribis
1041 5369 1087 5413 et
1107 5358 1376 5430 pltaristeis
1402 5359 1448 5411 ei
1471 5359 1792 5412 detrahatur.

1902 4079 2063 4135 riores
2111 4082 2267 4134 etiam
2305 4079 2862 4150 populiconveniunt.
2905 4080 3064 4134 Multi
3093 4082 3245 4136 etiam
3273 4082 3486 4136 illorum

1902 4152 1994 4275 ﬁni.
2016 4151 2249 4232 ultimam
2299 4149 2883 4234 ‘llesperiamoineolunt
2907 4192 2922 4212 ,
2954 4151 3188 4206 uidelicet
3233 4151 3482 4223 Hispani,

1950 4234 2163 4275 ritannt.
2189 4231 2238 4274 et
2268 4219 2408 4275 Galli
2431 4264 2446 4275 .
2491 4236 2578 4275 aut
2614 4236 2666 4272 tn
2695 4222 2862 4273 medio
2892 4221 3076 4274 horum
3098 4230 3250 4275 sunt:
3280 4239 3401 4275 nam
3421 4225 3482 4275 de

1950 4223 2163 4285 ritanni,
2189 4231 2238 4274 et
2268 4219 2446 4286 Galli,
2491 4220 2580 4289 qui
2614 4221 2666 4272 in
2695 4221 2862 4273 medio
2892 4221 3076 4274 horum
3098 4230 3250 4286 sunt;
3280 4219 3401 4276 nam
3421 4225 3488 4278 dc

1904 4291 2068 4347 Italia
2097 4293 2264 4346 dicere
2292 4306 2733 4363 supervacaneum
2759 4301 2853 4363 est.
2874 4291 2995 4363 ,Sed
3019 4292 3088 4363 de
3117 4291 3200 4346 his
3221 4292 3375 4346 satis.

1973 4366 2027 4420 (i.
2071 4363 2157 4418 Ea:
2180 4366 2258 4436 his
2280 4360 2436 4436 primi
2456 4403 2472 4430 ,
2502 4372 2609 4436 etc.
2633 4360 2782 4436 _Cum
2816 4361 3134 4436 lideleshac
3163 4363 3336 4436 prima
3365 4377 3490 4436 per-

1901 4436 2184 4493 secutione
2213 4432 2412 4505 fugati,
2444 4433 2695 4505 primitiae
2731 4432 3084 4505 iuerint‘lidei
3118 4433 3171 4488 in
3203 4432 3485 4505 HiSpania,

1904 4523 2010 4562 nun
2053 4517 2138 4562 est
2180 4503 2404 4560 dubium
2446 4503 2582 4576 quin
2615 4519 2680 4559 ex
2713 4506 2794 4559 eis
2839 4503 2902 4576 1).
2931 4503 3165 4560 Jacobus
3205 4504 3486 4576 apostolos

1902 4577 2146 4648 elegerit,
2179 4578 2388 4648 ipsique
2415 4574 2751 4631 adhmserint
2774 4577 2824 4648 in
2850 4575 3120 4648 Hispaniis
3143 4574 3483 4648 praedicanti.

1902 4645 2036 4704 Nam
2077 4658 2131 4702 et
2177 4645 2464 4717 episcopos
2502 4647 2860 4702 assumendus
2888 4645 2957 4701 es
2983 4645 3379 4717 antiquioribus
3395 4653 3488 4717 _et

1902 4714 2325 4789 probatior-ibus,
2350 4714 2401 4772 in
2441 4717 2897 4789 Ecclesiadocuit
2925 4714 3130 4772 Paulus
3148 4730 3270 4771 cum
3298 4715 3373 4789 ad
3394 4714 3485 4771 Τί-

1903 4786 2181 4860 motheum
2207 4788 2490 4860 scriberet
2525 4804 2538 4841 :
2609 4786 2822 4856 Oportet
2863 4787 2986 4860 (ait)
3023 4789 3319 4860 episcopum
3357 4786 3489 4860 irre-

1902 4859 2307 4932 prehensibilem
2323 4871 2429 4932 esse
2451 4857 2972 4932 :rnon‘neophgtum,’
3013 4857 3078 4912 ne
3113 4859 3165 4913 in
3192 4857 3485 4930 superbiam

1901 4929 2090 5001 elatus,
2105 4930 2168 5001 in
2182 4929 2459 5001 judicium
2477 4929 2671 5001 incidat
2683 4929 2909 5001 diaboli.

1974 5003 2035 5072 7.
2067 4997 2291 5072 Hispani
2305 4999 2564 5072 praecipue
2581 4997 2777 5072 udtei,
2794 5009 2902 5054 etc.
2927 4998 3196 5055 Vivehant
3217 4999 3270 5054 in
3291 4997 3485 5072 Hispa-

1902 5073 1988 5127 nia
2008 5069 2176 5126 Juda‘i
2207 5070 2370 5126 simul
2391 5080 2445 5124 et
2464 5069 2730 5134 Gentiles;
2760 5078 3018 5138 utrosque
3046 5080 3227 5125 autem
3253 5069 3320 5122 ad
3345 5084 3484 5137 pra:-

1902 5143 2226 5198 dicatiunem
2257 5157 2352 5197 seu
2403 5142 2766 5206 narrationem
2799 5141 3098 5206 lugaturum
3131 5141 3198 5194 ab
3230 5140 3485 5193 Hierusa-

1902 5215 2030 5282 lem,
2063 5215 2129 5268 de
2160 5212 2436 5268 miraculis
2463 5221 2518 5266 et
2539 5209 2782 5282 doctrina
2806 5209 3030 5275 Christi,
3065 5224 3341 5282 accensus,
3361 5210 3485 5282 ple-

1903 5280 2025 5339 nius
2050 5284 2262 5339 edoceri
2293 5283 2529 5353 cupiisse
2568 5281 2635 5349 de
2664 5280 2825 5335 rebus
2863 5282 3143 5336 recensitis
3168 5281 3238 5353 de
3267 5281 3484 5353 eodem,

1904 5356 2060 5410 facile
2103 5355 2308 5418 credet,
2337 5351 2429 5425 qui
2459 5366 2618 5423 quam
2659 5354 2843 5425 animo
2883 5353 3138 5425 propensi
3158 5351 3358 5425 iuerint
3382 5352 3486 5425 ipsi

206 5421 472 5504 arma“
489 5421 639 5488 multi
665 5431 783 5504 (qui
811 5430 1022 5504 scilicet
1041 5421 1451 5504 peregrinantes
1473 5430 1598 5483 illnc
1625 5431 1795 5504 ipsam
1823 5426 1879 5487 D
1902 5441 2027 5504 erga
2058 5421 2381 5504 Dominum;
2399 5421 2755 5504 cognoverit;
2788 5421 2982 5476 Narrat
3015 5422 3231 5504 quidem
3258 5421 3486 5504 inferius

207 5501 493 5573 viderant,
542 5516 600 5562 et
636 5499 867 5558 allocuti
900 5499 1130 5572 fuerant)
1169 5499 1334 5553 multa
1360 5505 1593 5572 referunt
1619 5500 1684 5573 de
1703 5517 1795 5573 ea-

205 5579 355 5641 dem;
391 5571 562 5630 tanien
609 5574 858 5630 omnibus
899 5588 991 5640 per
1020 5571 1192 5626 omnia
1227 5588 1330 5624 non
1361 5574 1611 5626 audemus
1637 5571 1793 5640 ﬁdem

200 5649 473 5705 concedere
495 5689 512 5713 ,
564 5663 664 5704 nec
699 5645 796 5699 tibi
821 5644 1044 5714 referre,
1085 5644 1175 5714 sed
1199 5646 1331 5697 sicut
1359 5642 1504 5696 nobis
1524 5660 1554 5694 a
1584 5643 1683 5708 ﬁde
1711 5643 1794 5695 di-

202 5720 312 5796 gnis
328 5732 598 5796 narratur,
631 5722 690 5775 in
719 5713 899 5773 Maria
924 5713 1074 5785 Jcsu,
1105 5713 1349 5771 humana:
1377 5721 1579 5770 natura
1605 5723 1793 5772 natura

1905 5490 2104 5552 Déxter
2129 5512 2270 5551 anno
2313 5498 2404 5566 37,
2449 5490 2668 5558 Iudasos
2693 5492 2960 5564 Hispanos
2988 5494 3077 5566 qui
3095 5490 3484 5566 _Carpe_t_aniam

1903 5569 2210 5642 incolebant
2226 5561 2400 5642 (nunc
2414 5567 2730 5642 Toletanum
2751 5561 2972 5642 regnum
3001 5561 3254 5642 dicimus)
3275 5562 3484 5642 litteras

1901 5641 2203 5707 suscepisse
2232 5629 2282 5691 'a
2337 5629 2841 5707 llierusolymitanis
2891 5629 3255 5707 pontiﬁcibus,
3287 5629 3484 5707 quibus

1901 5703 2182 5769 assensum
2212 5723 2400 5768 corum
2434 5703 2804 5786 postulabant,
2837 5721 3002 5785 super
3047 5703 3244 5761 Christi
3276 5706 3481 5768 morte;
