3978 6300
460 279 560 336 151

1514 271 1750 334 FLAVI!
1785 268 1966 331 LUCII
2006 267 2266 330 DEXTRI
2303 267 2713 328 CHRONICON.

3660 269 3759 327 15%

440 397 532 456 Ἀ.
559 394 739 471 C._4'5.
816 394 1041 468 Sepulto
1067 408 1300 467 corpore
1326 392 1684 451 sacratissimi
1713 390 2000 463 magistri:
2034 389 2340 460 Torquatus
2357 431 2373 458 ,
2405 385 2783 459 Thesiphons,
2804 382 3088 454 Ctecilius,
3115 381 3306 455 lseius,
3335 381 3440 443 See
3467 382 3537 442 Δ.
3557 380 3622 442 R.
3639 383 3754 443 794.

895 490 1126 558 candus,
1158 489 1487 558 lndalecius,
1514 487 1848 560 Euphrasius
1877 485 2104 543 Romam
2135 494 2344 556 petunt.

1707 599 1966 657 BlVARll
2005 555 2580 656 COMMENTARIUS.

475 731 562 802 qui
588 728 783 801 primus
805 724 1036 802 omnium
1057 720 1432 802 Apostolorum
1445 717 1752 802 medicauit
1772 717 1824 771 in
1848 714 2079 802 orisgc-
2107 714 2160 776 Α
2183 713 2402 802 jamjam
2434 712 2769 802 descendere
2787 755 2824 802 ,.
2855 725 2920 794 ac
2949 709 3181 767 Romam
3200 711 3765 802 Apetere‘ppraadietos

481 785 847 857 ἑιαέηιαιιιαε.
878 796 1080 850 lleleca
1104 785 1266 848 etiam
1300 793 1353 845 in
1393 785 1762 844 additionibus
1791 788 1924 852 suis,
1958 785 2076 840 Me.

482 873 668 930 moria.
719 867 930 937 diesque
982 861 1302 937 festus__(ail_)
1338 861 1424 937 ⁸αι)Δ
1455 861 1616 937 ipsius
1650 860 1721 937 _in_
1763 858 2079 937 llispaniam

481 929 742 1010 ingressu,
777 929 857 994 Sf
885 929 1071 990 Jacobi
1109 929 1229 1010 lilii
1244 929 1490 1010 gebedwi
1539 930 1746 985 celebris
1777 929 2076 1010 habebatur.

489 999 637 1066 Vixit
664 1010 752 1063 hic
781 1017 970 1062 auctor
996 999 1142 1060 anno
1166 1004 1272 1060 850
1294 1018 1402 1072 quo
1433 1011 1677 1070 tempore
1707 1009 1827 1072 post
1862 999 2080 1072 Mauro-

491 1099 612 1138 rum
646 1082 698 1134 in
745 1078 998 1150 Hispania
1027 1068 1479 1150 devastationem,
1510 1068 1629 1150 qua
1668 1071 1977 1150 sepulcrum
2015 1068 2078 1150 8ἶ

491 1151 677 1209 Jacobi
697 1153 748 1205 in
773 1140 1103 1204 oblivionem
1127 1148 1442 1211 transierat,
1466 1140 2082 1198 aTheodomirolriensi

497 1225 754 1295 episeopo
786 1221 995 1295 iterum
1013 1225 1440 1295 repertum_est,_
1463 1214 1912 1295 [iracuntibuset
1941 1225 2083 1293 prae-

496 1285 934 1350 nionstrantibus
983 1285 1160 1344 locum
1213 1286 1528 1343 coelestibus
1579 1285 1886 1339 luminariis
1939 1285 2084 1337 circa

500 1379 702 1420 annum
729 1361 934 1418 Chrisd
987 1362 1112 1428 850,
1152 1358 1253 1433 sub
1281 1372 1408 1433 rege
1447 1356 1734 1433 ‘Alplionso
1760 1355 2086 1433 cognomine

497 1437 691 1498 Casto;
724 1432 815 1503 qui
843 1440 1067 1504 accepto
1099 1425 1307 1504 nuntio,
1339 1428 1890 1504 festinan‘ter,magna
1917 1425 2087 1504 animi

499 1497 790 1562 devotione
811 1497 1060 1559 cucurrit
1089 1502 1154 1555 ad
1185 1499 1527 1554 venerandas
1556 1497 1802 1568 Apostoli
1829 1497 2085 1559 exuvias;

500 1577 832 1644 donavitque
867 1574 916 1628 ci
959 1568 1551 1644 triarniilliariaiundi
1599 1581 1817 1644 quaqua
1846 1580 2084 1644 versum.

499 1637 797 1718 Apostolus
821 1659 952 1698 vero
971 1643 1086 1718 regi
1110 1642 1331 1718 Ramiro
1358 1637 1629 1708 Alphonsi
1651 1638 1991 1718 successori,
2010 1637 2091 1690 vi-

499 1707 756 1774 dentibus
805 1714 1015 1769 cunctis
1040 1707 1136 1782 'qui
1189 1707 1440 1782 aderant,
1492 1723 1616 1764 sese
1673 1709 1741 1782 in
1775 1707 2087 1782 praesidium

501 1789 752 1860 prmbuit,
789 1784 1039 1860 inbelle
1063 1778 1151 1860 '_de
1182 1781 1405 1854 Clarijo,
1450 1796 1560 1860 quo
1604 1778 1839 1860 vectigal
1887 1778 2092 1860 infame

501 1849 721 1916 centum
740 1849 1018 1925 'virgiuuin
1059 1849 1362 1925 Sarracen'o
1393 1849 1506 1922 regi
1539 1849 1836 1925 quotannis
1875 1849 2094 1903 solven-

503 1932 710 1986 darum.
742 1921 977 1981 ablatum
1027 1933 1134 1979 est.
1177 1924 1234 1977 In
1273 1923 1428 1991 cujus
1453 1921 1853 1992 ,gratitudinem
1896 1933 1994 1974 rex
2038 1929 2094 1992 et

503 2001 717 2056 nobiles
769 2004 1162 2068 concesserunt
1204 1989 1504 2068 Apostolo:
1532 1991 1916 2068 priviiegium,‘
1945 1989 2092 2068 quod

506 2078 723 2131 \ocant,
757 2067 926 2134 delos
955 2065 1115 2119 Votos
1138 2081 1157 2119 :
1185 2060 1368 2119 datum
1389 2060 1717 2134 Callagurrii
1742 2061 1830 2134 die
1849 2060 1921 2134 29.
1945 2060 2091 2124 Maii,

510 2144 614 2197 lira
648 2139 776 2204 872,
819 2131 910 2207 qui
956 2146 1038 2207 est
1079 2151 1251 2190 annus
1285 2135 1484 2207 Christi
1527 2131 1913 2207 85LADeind‘e
1952 2146 2095 2185 anno

515 2211 677 2275 1645,
710 2202 905 2264 iterum
937 2205 1169 2262 visibilis
1194 2207 1430 2276 armiger
1461 2206 1632 2259 factus
1655 2202 1972 2276 Apostolus,
2004 2217 2100 2256 au-

514 2283 647 2337 xilio
678 2281 780 2335 fuit
804 2278 1152 2334 Ferdinando
1182 2277 1316 2347 regi,
1341 2274 1671 2346 cognomine
1693 2274 1907 2347 Magno,
1936 2286 2102 2347 super

517 2350 980 2408 Connimbricam.
1015 2344 1581 2416 Demum'Alpbonsus
1608 2360 1706 2416 rex
1739 2344 1924 2416 itidem
1957 2344 2104 2413 Mag-

517 2439 618 2478 nus
670 2430 1034 2494 nuncupatus;
1071 2433 1240 2494 nepos
1283 2415 1516 2494 Itamiri.
1547 2415 1804 2484 templum
1837 2415 2103 2494 Apostolo

514 2488 960 2564 augustissimum
1002 2488 1273 2564 condidit;
1325 2489 1394 2564 ad
1431 2488 1588 2564 cujus
1631 2488 2103 2564 consecrationem

518 2556 680 2637 (teste
728 2562 992 2637 Samper
1018 2560 1354 2637 Asturicensi
1381 2556 1660 2637 episcopo,
1694 2557 1816 2626 ejus
1843 2556 2106 2637 temporis

517 2626 762 2704 auctore)
793 2626 1028 2688 Joannes
1049 2633 1187 2701 Papa
1215 2630 1330 2704 Vill
1358 2626 1498 2704 misit
1526 2626 1756 2704 legatum
1778 2626 2107 2704 suumiiay-

519 2699 763 2767 naldum,
797 2719 919 2759 cum
956 2699 1164 2758 Severo
1205 2714 1259 2757 et
1292 2701 1567 2772 Syderico
1583 2699 1731 2772 regis
1761 2699 2104 2772 oratoribus:

520 2794 640 2838 (iure
660 2775 932 2830 dedicatio
961 2775 1232 2828 celebrata
1263 2768 1364 2826 fuit
1393 2773 1480 2826 die
1503 2769 1698 2836 GMaii,
1729 2784 1870 2822 anno
1893 2768 2106 2823 Domini

521 2851 648 2910 865,
685 2845 1158 2906 interessentilius,
1186 2852 1348 2912 atque
1377 2842 1612 2910 diploma
1639 2840 2109 2912 subscribentilius

522 2920 729 2974 Joanne
749 2918 1005 2979 Aucensi,
1039 2915 1325 2969 Vincentio
1354 2913 1701 2982 Legionensi,
1733 2911 1981 2966 Gomello
2007 2911 2110 2966 As-

525 2988 802 3049 turiccnsi,
856 2987 1236 3054 Ermencgildo
1263 2981 1538 3048 Oveteiisi,
1585 2982 1832 3054 Dulcidﬁio
1862 2981 2112 3036 Salman-

527 3057 744 3123 ticensi,
771 3056 976 3110 Nausm
995 3053 1449 3118 Conimbricensi,
1476 3054 1747 3122 At'gitniro
1768 3053 2107 3120 Lamacensi,

530 3126 891 3183 ’l‘heodemiro
936 3126 1180 3194 Viscnsi,
1237 3127 1502 3180 Gmnaldo
1554 3123 2112 3194 PortucnsiLJacobo

528 3198 831 3259 Cauriensi,
885 3193 1173 3266 Argimiro
1207 3196 1543 3266 Bracarensi,
1568 3194 1800 3266 kDidaco
1849 3193 2108 3266 Tudensi,

531 3271 681 3337 Egila
706 3263 987 3332 Auriensi,
1009 3265 1313 3322 Sisenando
1334 3265 1544 3337 lricnsi,
1568 3263 1833 3337 Ricaredo
1859 3264 2112 3330 Lucensi,

533 3335 917 3396 'l‘lieoderindo
937 3337 1290 3396 Britoniensi.
1314 3336 1578 3391 etHeleca
1603 3335 2110 3404 Cirsaraugustano,

532 3412 825 3480 episcopis.
877 3410 954 3464 Ita
999 3409 1240 3480 referunt
1269 3407 1566 3480 Rodericus
1607 3405 1922 3480 ﬁfolgtanus,
1967 3406 2105 3462 llist.

2183 783 2391 855 septem
2422 785 2717 855 discipulos
2757 783 2825 838 ad
2859 784 3032 855 ipsum
3084 783 3303 838 nuntios
3330 785 3580 855 mittere,
3625 792 3684 838 ut
3721 786 3766 840 ci

2184 853 2591 911 translationem
2624 855 2871 924 corporis
2897 855 2956 911 8.
2989 853 3174 910 JaCobi
3198 895 3212 917 ,
3256 865 3310 910 et
3341 869 3434 910 res
3463 854 3765 923 lliSpanica:

2183 927 2552 983 conversionis
2574 925 2640 980 ad
2671 928 2844 993 ipsum
2870 926 3157 980 referrent.
3189 925 3317 980 Sive
3351 940 3481 980 vero
3504 925 3608 995 ipsi
3641 942 3770 994 pra:-

2185 998 2431 1054 veucrint
2457 998 2777 1068 Apostolum
2807 997 3054 1063 Romam,
3088 996 3159 1050 ita
3187 995 3331 1066 quod
3359 996 3485 1050 illuc
3517 1011 3772 1065 pervene-

2184 1073 2294 1125 rint
2343 1084 2488 1124 anuo
2531 1069 2623 1132 43,
2670 1069 2786 1122 sive
2827 1069 3104 1122 subsecuti
3153 1069 3263 1122 sint
3305 1082 3449 1122 anno
3497 1069 3769 1137 sequenti,

2185 1151 2392 1196 certum
2424 1149 2508 1194 est
2535 1154 2600 1194 ex
2631 1138 2714 1193 liis
2759 1153 2881 1205 qua:
2910 1136 3147 1192 diximus
3171 1137 3240 1192 ad
3269 1153 3472 1193 annuat
3504 1136 3598 1201 se;
3630 1149 3683 1192 et
3709 1154 3771 1194 ex

2186 1209 2408 1267 Eusebii
2437 1211 2752 1266 testimonio
2783 1210 2836 1262 in
2870 1209 3164 1275 Chronico,
3195 1209 3254 1264 S.
3299 1209 3521 1264 Petrum
3550 1208 3772 1265 Romam

2187 1282 2486 1338 accessisse
2517 1296 2658 1336 anno
2691 1282 2762 1335 44
2794 1280 3010 1335 Domini
3047 1296 3061 1333 :
3095 1279 3342 1334 fiindavit
3379 1290 3557 1336 autem
3591 1280 3773 1335 sedem

2190 1369 2284 1409 seu
2312 1351 2627 1408 cathedram
2673 1351 2975 1405 Romanam
3018 1351 3105 1404 die
3137 1352 3205 1405 18
3231 1351 3498 1417 Januarii,
3542 1366 3654 1420 quo
3699 1351 3774 1404 fe-

2189 1433 2332 1479 stum
2361 1424 2481 1492 ejus
2509 1422 2835 1477 celebratur.
2870 1422 2989 1489 Quo
3021 1421 3115 1476 ﬁet
3161 1432 3219 1475 ut
3261 1422 3452 1477 eodem
3501 1437 3649 1476 anno
3686 1422 3776 1488 44,

2190 1495 2368 1564 ipsum
2393 1493 2972 1564 t-ont'enerintlioimm,
2997 1503 3050 1547 et
3077 1492 3145 1564 ab
3175 1493 3369 1548 eodem
3399 1492 3666 1563 Apostolo
3693 1508 3779 1547 or-

2191 1563 2364 1620 dinati
2394 1563 2506 1619 sint
2531 1564 2792 1632 episcopi.
2818 1563 2986 1630 Cujus
3013 1563 3134 1634 freti
3158 1565 3484 1619 auctoritate
3506 1565 3558 1619 in
3589 1564 3780 1634 Hispa-

2194 1639 2334 1692 niam
2387 1635 2596 1690 reversi
2651 1646 2808 1702 sunt,
2865 1635 2918 1688 in
2974 1633 3202 1690 urbibus
3257 1635 3470 1688 Bieticae
3525 1633 3781 1689 littoralis

2192 1707 2571 1778 pnedicaturi;
2601 1705 3036 1775 quandoquidem
3065 1715 3278 1778 extera:
3303 1707 3557 1778 regiones
3580 1705 3781 1776 praedi-

2193 1775 2405 1834 catores
2438 1785 2494 1831 et
2523 1778 2810 1847 episcopos
2846 1791 2977 1831 suos
3008 1775 3279 1847 habebant
3306 1793 3321 1831 :
3351 1775 3497 1845 quod
3527 1775 3595 1831 ex
3627 1790 3820 1845 supe-.

2193 1849 2309 1905 rius
2337 1848 2499 1903 dictis
2527 1846 2594 1903 ad
2619 1846 2820 1902 annum
2851 1847 2919 1901 ’56
2937 1857 2992 1902 et
3018 1847 3087 1901 '57
3118 1846 3326 1917 liquido
3356 1855 3589 1903 constat.
3609 1847 3786 1915 Quare

2194 1921 2415 1976 dubium
2456 1933 2564 1974 non
2615 1920 2684 1972 sit
2725 1918 3152 1990 Eysengrenium
3197 1918 3318 1990 sine
3357 1928 3495 1990 teste
3537 1919 3693 1990 loqui
3735 1917 3785 1972 in

2195 1990 2464 2047 Chronico
2494 1988 2918 2060 Spiretisi,'dum
2949 2004 3092 2044 anno
3119 1989 3190 2045 45
3219 1988 3422 2044 Christi
3453 1989 3615 2045 docet
3653 1989 3789 2044 Tor-

2197 2069 2498 2132 quatumct
2521 2063 2699 2116 socios
2729 2061 2912 2114 Roma:
2936 2060 3226 2132 episcopos,
3245 2060 3528 2132 ordinatos
3556 2077 3570 2112 :
3603 2069 3790 2132 etnon

2124 2107 2171 2166 Β
2198 2107 2504 2188 audiendus
2534 2131 2785 2186 similiter
2813 2107 3231 2199 Barodiusfqui
3263 2130 3331 2186 ad
3371 2146 3573 2186 annum
3605 2131 3682 2186 b6
3712 2147 3793 2185 re-

2197 2205 2318 2273 jicit
2349 2203 2486 2258 banc
2515 2203 2939 2265 ordinationem,
2969 2214 3021 2256 et
3045 2201 3098 2256 in
3127 2216 3191 2256 eo
3219 2200 3508 2273 quodcum
3531 2203 3796 2256 concedat

2203 2271 2420 2330 Petrum
2451 2288 2595 2328 anno
2623 2275 2692 2328 44
2723 2273 2946 2327 lloinam
2977 2271 3306 2340 accessisse,
3336 2271 3456 2327 sine
3483 2287 3648 2328 causa
3678 2288 3796 2326 crc-

2203 2346 2441 2402 ctionem
2485 2344 2760 2398 cathedra:
2787 2343 2962 2412 rejicit
3000 2345 3053 2397 in
3098 2360 3299 2399 annum
3339 2353 3658 2414 sequentem
3686 2342 3793 2407 45;

2203 2432 2311 2472 non
2337 2415 2481 2470 enim
2504 2415 2602 2469 fuit
2629 2414 2776 2469 aliud
2806 2414 3082 2470 cathedra:
3103 2415 3330 2478 erectio,
3355 2429 3522 2484 quam
3542 2429 3798 2470 accessus

2205 2487 2323 2558 ejus
2350 2487 2613 2553 Romam,
2649 2501 2771 2541 eum
2801 2485 2973 2558 ipsius
3003 2497 3242 2558 p0testas
3270 2500 3378 2558 non
3400 2485 3797 2558 dependercta

2208 2556 2558 2626 possessione
2582 2557 2759 2622 aliqua
2782 2557 3044 2611 canonice
3063 2557 3402 2626 accipienda.
3430 2556 3486 2610 In
3509 2572 3621 2627 quo
3644 2556 3801 2627 nobis

2206 2628 2566 2697 adstipulatur
2594 2637 2784 2682 auctor
2809 2627 3074 2682 'l‘besauri
3100 2626 3554 2684 Concionatorum
3587 2627 3643 2682 in
3681 2626 3797 2682 Vita

2209 2701 2267 2756 S.
2301 2698 2469 2754 Petri.
2507 2699 2630 2754 Dies
2656 2710 2839 2753 autem
2877 2714 2984 2766 quo
3016 2699 3068 2752 in
3108 2699 3420 2769 Hispaniain
3453 2699 3705 2769 appulsi,
3734 2698 3799 2752 ad

2208 2771 2481 2825 civitatem
2521 2770 2836 2825 Accitanam
2881 2771 3050 2840 (nunc
3094 2768 3328 2839 Cuadim)
3357 2768 3702 2840 pervenere,
3749 2779 3804 2824 ct

2211 2841 2471 2896 miraculo
2504 2841 2716 2895 liberati
2766 2852 2911 2912 sunt,
2942 2842 3156 2895 videtur
3183 2841 3348 2897 fuisse
3379 2841 3444 2896 15
3476 2840 3638 2909 Maii,
3677 2841 3800 2912 quia

2209 2927 2272 2967 ea
2303 2912 2394 2966 die
2423 2913 2683 2966 memoria
2713 2911 2956 2966 omnium
2989 2927 3178 2966 eorum
3208 2913 3538 2975 celebratur,
3566 2911 3705 2967 cum
3726 2923 3804 2967 ta-

2212 2999 2335 3038 men
2379 2999 2486 3038 non
2525 2982 2744 3048 eadem,
2789 2983 2883 3038 sed
2936 2983 3167 3037 diversis
3209 2987 3262 3038 in
3301 2983 3466 3037 vitam
3518 2985 3802 3048 meliorem

2214 3054 2460 3108 translati
2488 3053 2593 3108 sint
2626 3069 2638 3105 :
2674 3055 2926 3108 nimirum
2960 3053 3241 3109 Secundus
3264 3055 3300 3107 ‘2
3321 3054 3466 3120 Maii,
3496 3054 3805 3109 lndalecius

2212 3125 2282 3180 50
2303 3125 2526 3192 Aprilis,
2557 3124 2902 3193 'l‘liesiphous
2923 3126 2948 3180 1
2980 3126 3207 3194 Aprilis,
3232 3125 3478 3180 Cmcilius
3503 3126 3526 3179 1
3565 3125 3807 3180 Februa-

2215 3197 2300 3266 rii,
2322 3196 2509 3250 Isicius
2539 3196 2563 3250 1
2600 3195 2797 3259 Martii,
2817 3207 2923 3252 etc.
2957 3195 3209 3266 Satisque
3238 3197 3288 3250 id
3308 3195 3522 3251 videtur
3549 3197 3807 3258 innuero.

2215 3265 2375 3321 Rom.
2409 3266 2870 3338 Martyrologium,
2904 3266 3029 3321 dum
3053 3265 3176 3322 cum
3207 3267 3684 3338 qtietiiUsttardus
3710 3282 3809 3321 vo-

2214 3346 2366 3392 carat
2397 3337 2534 3390 diem
2563 3336 2771 3391 Natalis
2810 3339 3049 3407 ipsorum
3070 3378 3085 3402 ,
3113 3336 3295 3394 ablato
3330 3336 3515 3392 Natali
3546 3337 3805 3407 nomine,

2216 3408 2360 3471 quod
2391 3407 2535 3462 diem
2563 3409 2752 3463 mortis
2781 3418 2962 3475 sonat,
2991 3409 3165 3464 solum
3181 3419 3361 3476 vocat,
3394 3409 3590 3464 festum
3623 3408 3806 3464 diem:

534 3473 684 3552 H'isp.
718 3473 814 3552 lib.
842 3495 901 3552 v,
931 3495 1051 3550 cap.
1070 3480 1181 3552 _i7;
1211 3478 1386 3534 Lucas
1411 3478 1480 3552 d_c
1508 3475 2027 3552 '_l_‘ude,_S_ampy:ru_s;
2059 3473 2185 3536 etC
2223 3477 2285 3533 lu
2313 3477 2603 3552 Hispania,
2633 3477 2710 3552 ait
2733 3519 2748 3541 ,
2769 3473 3093 3552 sanctorum
3125 3473 3411 3552 Torquati,
3447 3479 3809 3552 Tesiplsontis,

534 3569 602 3607 ex
632 3546 710 3607 eis
742 3546 1122 3611 Moralesflib.
1170 3566 1248 3616 ix,
1277 3564 1398 3620 cap.
1428 3549 1481 3602 7.
1512 3549 1630 3615 Quo
1654 3547 1843 3602 videas
1875 3546 1990 3602 falli
2022 3565 2118 3606 eos

531 3623 625 3692 qui
671 3631 859 3691 putant
901 3621 1302 3677 dedicationem
1341 3623 1520 3692 ista_m,
1568 3621 1920 3692 et_corporis_
1941 3624 2117 3676 sancti

531 3687 586 3747 iii
597 3687 904 3748 ventionem
929 3692 1122 3746 factam
1151 3693 1256 3747 sub
1275 3706 1403 3746 cura
1423 3687 1613 3760 Caroli
1629 3688 1803 3757 Magni
1823 3703 1854 3743 a
1879 3689 2118 3760 Turpino

536 3764 814 3826 Remensi,
841 3773 895 3817 et
921 3762 1042 3817 aliis
1067 3763 1136 3818 60
1164 3762 1433 3834 episcopis
1455 3759 1849 3834 (quod-mirum
1876 3770 1960 3834 e_s_t
1998 3759 2116 3831 pla-

531 3835 710 3889 cuisse
747 3834 982 3889 Baronio
1032 3835 1086 3888 in
1133 3829 1275 3888 notis
1309 3829 1379 3906 ad
1427 3829 1571 3906 diem
1598 3832 1686 3906 25
1725 3829 1853 3906 Julii
1891 3829 2112 3906 Mar'tyr.

533 3906 742 3974 Rom.),
790 3919 912 3960 cum
948 3913 1297 3976 compertum
1340 3905 1414 3976 sit
1448 3903 1704 3976 Carolum
1735 3901 1935 3958 obiisse
1974 3901 2118 3961 aiino

535 3980 662 4039 8M,
698 3978 769 4032 ita
811 3975 1044 4045 sepulcri
1088 3975 1174 4031 sui
1219 3975 1494 4047 epitapbio
1539 3982 1874 4047 attestantei:
1917 3989 2117 4047 corpus

534 4063 668 4102 vero
704 4048 930 4116 apostoli
963 4056 1242 4116 repertum
1270 4045 1377 4102 fuit
1400 4056 1584 4117 postea
1626 4061 1768 4100 anno
1806 4045 1930 4118 850,
1962 4045 2117 4118 cujus

540 4122 618 4172 rei
642 4127 697 4174 et
717 4121 880 4174 totius
910 4117 1151 4173 historia:
1178 4116 1410 4173 exstant
1431 4119 1787 4173 instrumenta
1810 4116 1862 4172 in
1880 4116 2117 4176 arcbivis

539 4190 786 4245 ecclesiae
812 4189 1284 4260 Compostellanze.
1314 4189 1421 4245 Sed
1448 4190 1515 4245 de
1544 4188 1626 4242 bis
1650 4192 1806 4260 satis.

609 4262 750 4315 A.(‘..
769 4260 862 4316 45.
884 4258 1200 4331 -ξδερυιιο
1219 4277 1455 4328 corpore,
1491 4268 1598 4331 etc.
1627 4259 1760 4331 Cum
1791 4260 1848 4331 8.
1883 4258 2118 4331 Jacobus

535 4333 849 4402 martyrium
873 4329 1102 4388 subierit
1130 4331 1218 4386 die
1235 4331 1308 4402 25
1332 4330 1506 4385 Martii
1530 4330 1654 4402 anni
1681 4329 1897 4402 Domini
1921 4329 2016 4402 42,
2062 4343 2117 4386 et

532 4398 730 4473 corpus
765 4405 936 4474 ipsius
966 4414 1128 4458 noctu
1164 4401 1435 4474 sublatum
1458 4415 1487 4452 a
1516 4398 1796 4474 discipulis
1823 4400 1964 4466 apud
1987 4399 2118 4470 Jop-

533 4469 653 4543 peni
686 4469 864 4528 navim
885 4476 1144 4542 ingressis
1163 4482 1371 4543 septem
1399 4471 1686 4543 dumtaxat
1711 4469 1918 4543 dierum
1941 4469 2116 4539 spatio

529 4537 584 4599 in
615 4544 924 4614 Hispaniam
943 4537 1188 4598 delatum
1222 4537 1380 4593 fuerit
1401 4537 1568 4614 (quod
1589 4538 1842 4614 ex__dictis
1862 4537 2115 4614 superius

530 4607 744 4689 liquet},
768 4629 1063 4689 i’iQCCSSUljl
1081 4621 1184 4688 est,
1214 4618 1270 4663 ut
1301 4607 1456 4689 tertia
1477 4607 1564 4689 vel
1575 4607 1618 4689 fit
1639 4609 1726 4663 die
1747 4607 1949 4679 Aprilis
1966 4611 2112 4682 ejus-

530 4678 653 4741 dem
675 4678 803 4740 anui
827 4683 982 4737 lriam
1006 4680 1243 4737 Flaviam
1265 4678 1549 4749 appulerit.
1573 4678 1914 4736 Decertatum
1933 4678 2112 4740 autem

530 4770 614 4812 est
653 4772 774 4811 cum
819 4753 1052 4822 Luparia
1095 4760 1149 4805 et
1177 4750 1391 4824 Regulo
1418 4750 1892 4824 aliquotmenses,
1925 4758 2111 4824 quain

531 4843 593 4881 re
622 4836 677 4881 et
703 4829 755 4880 in
785 4821 1171 4879 convocatione
1201 4821 1395 4889 Elpidii
1423 4863 1438 4887 ,
1466 4821 1645 4877 Basilii
1672 4865 1686 4888 ,
1719 4821 2017 4893 Athanasii,
2048 4845 2112 4885 ac

532 4899 863 4965 reliquorum
914 4893 1338 4966 discipulorum,
1371 4894 1461 4964 qui
1507 4907 1604 4963 per
1628 4895 1912 4966 Hispanias
1956 4899 2111 4956 divisi

531 4976 709 5033 erant,
753 4967 820 5020 ad
852 4965 1039 5021 aitaris
1069 4974 1126 5021 et
1166 4966 1398 5035 sepulcri
1427 4967 1708 5035 apostolici
1732 4965 2116 5027 consecratio-

534 5053 680 5100 nem,
715 5038 984 5107 reliquum
1017 5037 1143 5093 anni
1168 5038 1502 5106 insumptum
1528 5037 1663 5094 fuit:
1695 5056 1818 5096 nam
1843 5049 1898 5096 et
1925 5056 2115 5098 conse-

533 5110 708 5184 cratio
734 5118 795 5184 ut
819 5125 886 5163 ex
916 5109 1201 5184 traditione
1226 5108 1522 5184 habemus,
1548 5112 1773 5184 contigit
1797 5113 1886 5168 die
1917 5113 1984 5167 50
2013 5113 2118 5170 De-

535 5182 798 5256 cembris,
830 5196 948 5256 quo
960 5180 1068 5256 jam
1089 5196 1120 5234 a
1141 5179 1429 5256 Nativjtate
1453 5181 1654 5256 Christi
1679 5179 1924 5256 c'mperat
1942 5199 2117 5242 annus

537 5252 630 5325 43.
651 5251 818 5325 Recte
837 5251 1060 5325 proinde
1093 5252 1252 5325 modo
1277 5250 1478 5306 Dexter
1497 5250 1883 5322 profectionem
1907 5265 2115 5325 septem

534 5321 922 5398 discipulorum
955 5321 1178 5398 Romam
1198 5323 1264 5398 _in
1296 5321 1597 5398 annum,“
1621 5327 1816 5398 rejicit.
1863 5321 2117 5393 Quinimo

535 5394 788 5448 existimo
815 5437 827 5460 ,
871 5394 1153 5470 nonﬂillico
1183 5395 1298 5470 iter
1323 5395 1619 5470 arripuisse
1644 5394 1788 5463 {sed
1828 5409 2112 5470 postquam

536 5479 642 5538 per
673 5479 885 5538 menses
932 5465 1138 5538 aliquot
1181 5464 1523 5538 Evangelica:
1571 5464 1985 5538 praedicationis
2013 5485 2113 5524 nc-

533 5534 695 5608 gotio_
716 5533 852 5608 bene
879 5533 1182 5591 consultum
1212 5533 1416 5608 fuitfet
1443 5533 1702 5594 custodiae
1742 5541 1880 5596 sacri
1920 5555 2114 5608 corpo-

537 5607 632 5660 ris.
667 5604 1073 5680 Placuitautem
1099 5607 1456 5680 priesulibus,
1500 5609 1556 5664 S.
1595 5611 1780 5666 Jacobi
1808 5604 2110 5680 discipulis,

534 5692 656 5731 cum
683 5679 886 5732 scirent
915 5678 1295 5746 Apostolorum
1335 5680 1634 5749 principem
1660 5699 1690 5736 e
1719 5678 1958 5736 carcere
1978 5681 2112 5736 libe-

530 5758 729 5820 ratum,
762 5750 952 5810 relicta
979 5749 1239 5812 Orientali
1271 5749 1510 5809 Ecclesia
1541 5791 1556 5818 ,
1607 5752 1660 5810 in
1702 5751 2109 5813 Occidentalcm

2221 3560 2352 3616 etc.,
2379 3549 2434 3603 in
2461 3566 2522 3605 ea
2548 3549 2812 3620 provincia
2836 3550 3051 3604 diversis
3077 3551 3204 3605 locis
3226 3549 3541 3620 quieverunt.
3572 3549 3700 3605 Non
3728 3557 3814 3606 vi-

2220 3620 2379 3675 detur
2410 3631 2590 3674 autem
2618 3635 2738 3690 qua:
2766 3622 2868 3675 alia
2894 3636 3061 3677 causa
3089 3623 3256 3678 luerit
3283 3621 3440 3692 hujus
3470 3623 3811 3687 festivitatis,

2221 3691 2322 3747 nisi
2351 3694 2618 3764 adventus
2648 3693 2702 3746 in
2743 3692 3052 3764 llispauiam
3074 3734 3089 3764 ,
3123 3701 3180 3764 et
3209 3691 3418 3748 initium
3458 3693 3814 3764 miraculoste

2220 3763 2595 3818 conversionis
2633 3763 2911 3832 gentilium
2952 3763 3021 3818 ad
3066 3763 3246 3819 fidem.
3283 3764 3479 3818 Narrat
3520 3763 3810 3820 historiam

2217 3833 2363 3888 Beda
2405 3834 2458 3887 in
2493 3833 2878 3904 Martyrologio
2901 3835 2967 3888 ad
3010 3835 3152 3890 diem
3191 3835 3258 3890 15
3296 3834 3418 3889 Maii
3463 3835 3545 3890 bis
3574 3836 3809 3890 verbis:

2220 3903 2350 3978 Cum
2375 3905 2452 3978 ad?
2472 3903 2728 3978 ciritatcm
2755 3903 3057 3978 Accitanani
3085 3907 3367 3968 venissent.
3405 3914 3450 3960 et
3482 3913 3697 3978 propter
3723 3906 3810 3961 la-

2220 3974 2393 4029 borem
2438 3977 2925 4047 itincrisntodicum
2971 3977 3318 4047 quiescerent,
3352 3986 3402 4031 et
3442 3974 3599 4031 causa
3643 3979 3812 4032 victus

2217 4047 2419 4120 emendi
2445 4045 2727 4120 discipulos
2748 4047 2801 4100 in
2824 4045 3000 4100 urbem
3020 4047 3312 4120 misissent;
3340 4064 3460 4103 mox
3479 4065 3813 4120 paganorum

2219 4117 2501 4172 multitudo
2521 4157 2537 4185 ,
2569 4117 2656 4186 qui
2697 4127 2817 4170 tunc
2855 4122 2990 4189 forte
3019 4118 3120 4171 diis
3151 4121 3255 4174 suis
3296 4121 3426 4186 [crta
3453 4117 3810 4187 eelr'brobant,

2217 4203 2303 4242 eos
2331 4205 2491 4261 usque
2517 4189 2585 4242 ad
2611 4189 2808 4257 ﬂumen
2848 4198 3116 4261 persecuta
3140 4199 3212 4244 est
3242 4207 3260 4244 :
3286 4190 3338 4243 in
3369 4207 3471 4261 quo
3503 4207 3630 4260 pons
3662 4193 3818 4246 mira:

2217 4259 2590 4331 magnitudinis
2618 4270 2666 4313 et
2696 4259 3018 4330 fortitudinis
3059 4259 3388 4326 exstructus,
3417 4261 3810 4316 transeuntibus

2217 4331 2435 4403 sanctis,
2467 4331 2562 4384 Dei
2590 4339 2739 4394 nutu,
2765 4347 2878 4384 cum
2908 4331 3136 4403 omnium
3165 4332 3546 4403 insequentium
3571 4335 3817 4387 multitu-

2218 4399 2338 4473 dine
2364 4402 2850 4473 fundituscorruit.
2882 4401 2964 4454 Ad
2989 4402 3128 4473 ιμιοιι
3154 4399 3468 4473 miraculum
3505 4404 3680 4459 ca'tcri
3710 4415 3818 4458 ter-

2218 4471 2326 4546 riti,
2359 4481 2405 4526 et
2430 4470 2706 4546 cujusdam
2737 4489 2938 4546 magna:
2961 4470 3229 4528 senatricis
3264 4472 3528 4546 Luparitc,
3560 4491 3680 4542 qua:
3724 4477 3817 4529 di-

2217 4541 2407 4595 vinitus
2454 4541 2714 4613 inspirata
2759 4541 2844 4599 eoi
2891 4543 3105 4615 benigne
3167 4541 3814 4614 snscipiens.credidit,

2212 4617 2506 4739 flagruptum
2535 4616 2719 4682 secuti,
2753 4615 2950 4670 relictis
2983 4617 3171 4687 idolis,
3201 4615 3408 4672 Christo
3436 4615 3660 4672 Domino
3691 4635 3816 4674 cre-

2250 4703 2264 4739 i
2308 4699 2475 4739 erupit.

2250 4699 2475 4743 ruerunt.

2285 4758 2554 4815 Confundi
2589 4758 2923 4815 videbuntur
2957 4759 3117 4816 alicui
3147 4759 3200 4814 in
3234 4760 3336 4816 hac
3363 4759 3609 4826 historia,
3637 4760 3818 4816 mira-

2142 4865 2193 4926 D
2215 4830 2946 4926 ΈῊἮἯΡίΞἿΞίὶῐΡΞΥΞίῗνρθί
2965 4831 3256 4926 (ὶίῖίέἵξξεξὲ
3275 4831 3545 4926 ΞἾΕΞἮΞΞἚ
3569 4832 3817 4926 ΨῙΞἚΪῩ

2216 4917 2338 4970 quae
2381 4901 2437 4956 in
2486 4901 2838 4957 translatione
2870 4902 2929 4957 8.
2975 4902 3161 4958 Jacobi
3205 4903 3258 4958 in
3285 4902 3534 4959 Galltccia
3583 4914 3815 4959 narrata

2215 4982 2380 5040 sunt,
2416 4973 2776 5042 praesentibus
2815 4973 3021 5030 eisdem
3052 4984 3261 5043 septem
3307 4973 3632 5042 discipulis,
3664 4972 3818 5030 Tor-

2217 5054 2381 5112 quato
2408 5054 2464 5099 et
2484 5045 2668 5098 sociis.
2697 5043 2966 5099 Cancrum
3001 5044 3084 5099 bis
3111 5045 3290 5114 pontis
3320 5044 3645 5099 miraculum
3677 5060 3814 5100 sano

2217 5115 2320 5187 etis
2349 5117 2664 5185 contigisse,
2686 5116 2854 5187 semel
2878 5115 2993 5170 lria-
3015 5115 3238 5182 Flaviae,
3263 5116 3458 5170 iterum
3484 5129 3621 5187 vero
3644 5114 3816 5187 Acci,

2217 5185 2502 5240 doctorum
2525 5185 2818 5240 auctoritas
2841 5186 3228 5255 irrefragabilis
3248 5186 3543 5242 convincit.
3568 5185 3817 5256 Luparia

2221 5271 2436 5326 quoque
2465 5258 2718 5328 _Accitana
2745 5257 2986 5312 senatrix
3017 5258 3125 5312 tilia
3153 5267 3272 5314 erat
3297 5258 3522 5312 alterius
3552 5256 3819 5328 Luparias

2222 5329 2420 5395 regula:
2451 5326 2859 5393 Gallaeeiensis,
2910 5339 2965 5382 ut
3010 5343 3136 5383 mox
3174 5327 3242 5382 ad
3285 5343 3485 5383 annum
3527 5329 3598 5384 60
3638 5326 3821 5387 docet

2220 5395 2438 5453 Dexter.
2481 5398 2642 5453 Certe
2690 5397 2850 5454 Beda:
2885 5400 2967 5469 (ut
3005 5400 3338 5456 recentiores
3385 5399 3816 5468 HiSpanicarnm

2215 5483 2396 5543 rerum
2447 5478 2701 5543 auctores
2752 5470 3041 5543 omittam,
3101 5470 3393 5543 Moralem,
3441 5470 3754 5543 Trusillum
3799 5519 3817 5543 ,

2216 5537 2529 5613 Marianum,
2574 5541 2890 5613 Marietam,
2915 5538 3261 5613 Villcgamet
3286 5537 3424 5613 alios
3453 5537 3822 5613 innumeros)

2213 5612 2561 5683 consentiunt
2582 5612 2738 5666 Addo
2766 5613 2817 5683 in
2845 5611 3266 5683 Martyrologio:
3293 5611 3597 5682 Equilinus,
3625 5613 3720 5668 lib.
3756 5611 3817 5683 v,

2212 5694 2264 5752 c.
2305 5681 2370 5752 ὃς
2413 5691 2469 5739 et
2519 5682 2884 5752 manuscripta
2922 5682 3324 5752 vetustissima,
3357 5681 3589 5749 quorum
3633 5681 3821 5743 unum

2212 5749 2318 5822 legi
2357 5753 2411 5812 in
2462 5749 2810 5814 bibliotheca
2851 5751 3168 5812 monasterii
3211 5753 3410 5811 montis
3459 5754 3593 5813 Sion
3647 5767 3822 5814 extra
