3978 6284
571 260 674 320 159

1621 260 1851 319 FLAVI!
1889 260 2071 318 LUC"
2110 260 2367 318 DEXTRI
2404 260 2818 320 CllRONlCON.

3750 261 3844 322 100

1753 394 2012 453 BIVARII
2048 394 2613 455 COMMENTARIUS.

573 513 644 571 48
673 513 761 571 vel
781 511 872 580 49.
901 512 998 570 sed
1029 513 1214 570 forsan
1239 511 1412 568 multo
1437 519 1600 584 antea
1641 528 1655 566 :
1697 527 1765 568 ex
1807 510 1958 566 Actis
1998 509 2170 584 siqni-
2196 509 2254 572 Α
2278 525 2348 566 no
2373 508 2573 584 Christi
2605 511 2679 568 48
2699 512 2782 568 vel
2811 511 2884 568 49
2913 511 2992 584 (id
3015 521 3100 584 est
3121 556 3137 580 ,
3194 521 3318 583 post
3370 527 3550 571 annos
3586 514 3720 584 ita
3773 528 3852 569 sua

577 585 701 640 dem
749 585 1066 656 apostolicis
1101 600 1208 656 non
1241 591 1457 656 constat
1489 583 1558 639 de
1589 593 1833 656 tempore
1859 623 1876 648 ,
1919 582 2170 656 quamvis

575 652 801 711 constet'
816 655 988 711 multo
1011 663 1139 726 ante
1165 655 1409 726 Dionysii
1437 652 1853 726 conversionem
1876 652 2166 726 accidisse:

579 740 758 796 neque
787 726 950 780 etiam
982 740 1048 781 ex
1077 725 1247 781 Paulo
1268 723 1336 782 ad
1357 725 1535 782 Galat.
1568 741 1640 789 u;
1671 725 1739 779 ibi
1762 724 1907 779 enim
1930 739 2039 778 non
2067 723 2162 788 ait,

575 811 636 851 se
661 796 961 868 accessisse
989 797 1056 851 ad
1081 797 1372 852 concilium
1412 807 1539 868 post
1575 810 1749 851 annos
1772 796 1838 850 14
1867 809 1897 848 a
1920 810 2017 868 sua
2043 809 2173 848 con-

571 866 825 938 versione
855 912 872 938 ,
909 868 1004 938 sed
1033 868 1101 922 ad
1124 866 1514 923 conferendum
1551 883 1675 922 cum
1710 867 1984 938 Apostolis
2014 880 2176 920 evan-

576 937 775 1010 gellum
807 935 1314 1010 quodingenlibus
1343 939 1704 1010 praidicabat;
1731 936 1873 1010 quod
1895 935 2175 1010 sinc__c_on-

578 1005 707 1064 cilio
739 1005 911 1077 potuit
942 1005 1089 1064 ﬁeri:
1113 1009 1296 1065 Semel
1326 1005 1510 1064 autem
1535 1009 1684 1074 dato,
1713 1005 1855 1077 quod
1885 1005 2174 1061 concilium

581 1093 691 1134 non
715 1078 878 1134 fuerit
902 1079 1238 1136 celebratum
1265 1095 1409 1133 anno
1431 1081 1503 1136 48
1524 1123 1538 1148 ,
1576 1079 1674 1134 sed
1695 1087 1853 1132 antea
1871 1120 1886 1145 ,
1911 1077 2072 1148 datur
2099 1077 2178 1131 Io-

580 1164 698 1221 cus,
745 1157 804 1204 ut
833 1149 1032 1206 Paulus
1089 1160 1213 1221 post
1266 1147 1561 1206 concilium
1599 1148 1833 1204 Athenis
1879 1147 2179 1221 praedicans

583 1220 903 1305 Dionysium
933 1219 1306 1305 converterit,
1342 1230 1396 1277 et
1427 1223 1482 1305 in
1509 1221 1634 1305 fidei
1663 1221 1875 1305 arcanis
1905 1219 2178 1302 mysteriis

585 1289 880 1374 erudierit;
914 1301 972 1348 et
1000 1293 1219 1350 tandem
1242 1307 1386 1350 anno
1414 1294 1484 1350 48
1509 1291 1578 1348 ad
1603 1291 1764 1346 funus
1805 1289 2041 1360 Virginis
2086 1305 2178 1344 ac-

582 1371 834 1420 cesserit.

659 1433 786 1490 llaec
811 1443 989 1506 tamen
1022 1433 1145 1506 l‘uga
1168 1435 1379 1490 admitti
1404 1435 1621 1504 nequit,
1668 1433 1836 1506 multa
1873 1431 2018 1506 enim
2050 1439 2180 1486 sunt

585 1519 711 1573 qua:
754 1503 1104 1559 convincunt‘
1141 1506 1426 1562 concilium
1472 1503 1580 1560 non
1628 1504 1796 1560 luisse
1845 1503 2180 1558 celebratum

590 1585 716 1647 ante
745 1589 944 1630 annum
970 1577 1059 1630 48.
1095 1577 1336 1631 Primum
1365 1577 1488 1647 quia
1543 1585 1623 1630 tot
1661 1585 1918 1647 tantaque
1966 1573 2180 1644 negotia

588 1645 1018 1716 intercesserunt
1039 1647 1284 1714 usquead
1305 1645 1619 1716 concilium,
1642 1647 1784 1716 quod
1810 1645 1988 1715 ipsum
2013 1659 2182 1716 usque

587 1715 653 1769 ad
678 1731 877 1771 annum
900 1717 972 1772 48
1003 1717 1228 1774 minime
1257 1719 1518 1773 celebrari
1544 1715 1782 1787 potuerit
1816 1733 1829 1768 :
1866 1715 2180 1787 namqneiu

587 1787 771 1858 Actib.
801 1797 977 1857 apost.
1011 1803 1131 1858 cap.
1159 1805 1253 1854 xu,
1288 1799 1408 1858 post
1441 1785 1818 1844 liberationem
1845 1785 2037 1842 Petria
2065 1785 2184 1858 vin-

589 1857 750 1921 culis,
782 1855 849 1913 et'
869 1855 1139 1914 Herodem
1171 1855 1550 1930 consumptum
1579 1876 1606 1912 a
1635 1855 2186 1930 vermibus,7ponitur

589 1929 774 2000 fames
791 1930 1025 1984 celebris
1048 1931 1117 1984 ab
1139 1932 1325 1999 Agabu
1349 1929 1669 2000 prophetam
1704 1970 1719 1996 ,
1773 1943 1903 2000 (luce,
1926 1929 2067 2000 facta
2105 1937 2183 1981 cst

592 1999 686 2090 sub
715 1998 936 2090 Claudii:
972 1998 1227 2090 ‘(Actuii)’.
1262 1998 1830 2090 (Ioiiligitnvcrootesrte
1870 1998 2106 2090 Eusebi?
2129 2009 2185 2053 et
2227 2031 2236 2037 -

595 2069 716 2142 aliis
738 2085 883 2126 anno
909 2070 944 2124 4
971 2067 1204 2136 Claudii,
1235 2074 1326 2142 qui
1359 2067 1460 2128 fuit
1490 2071 1692 2127 Christi
1723 2072 1820 2142 46;
1862 2085 1987 2124 nam
2021 2067 2184 2124 Clau-

597 2140 717 2193 dius
743 2143 1008 2213 successit
1027 2140 1268 2213 Angusto
1299 2143 1366 2198 ad
1393 2144 1558 2198 linem
1587 2144 1712 2197 anni
1733 2140 1852 2213 427,
1902 2155 2009 2213 quo
2043 2148 2184 2194 tem-

595 2225 726 2276 pore
751 2212 947 2268 Paulus
976 2221 1031 2268 et
1061 2211 1337 2269 Barnabas
1363 2215 1512 2269 missi
1537 2223 1664 2268 sunt
1697 2212 1766 2266 ab
1797 2211 2042 2266 Ecclesia
2072 2213 2190 2264 An-.

594 2282 1308 2356 tiochiregﬂierosolymani
1346 2326 1362 2352 ,
1431 2285 1828 2356 collectamget
1883 2281 2186 2337 subsidium

595 2352 812 2408 allaturi
844 2352 1213 2410 habitantibus
1253 2355 1305 2410 in
1355 2355 1542 2412 Iudaea
1577 2353 1835 2410 fratribus
1879 2370 1892 2406 :
1929 2367 2037 2422 quo
2070 2368 2189 2406 mu-

600 2425 974 2497 nereexpleto
995 2425 1090 2497 (ait
1115 2426 1289 2481 Lucas
1310 2441 1431 2494 cap.
1451 2427 1570 2497 xu),
1597 2425 1802 2497 reversi
1832 2424 2043 2497 suntab
2066 2422 2190 2478 llic-

599 2494 889 2568 rosolymis
932 2493 1297 2568 Antiochiam.
1360 2493 1487 2552 limc
1528 2493 1710 2568 igitur
1760 2509 1904 2550 anno
1951 2493 2031 2568 lli
2068 2505 2187 2568 acta

595 2575 744 2619 sunt.
769 2565 968 2622 Narrat
995 2567 1193 2623 deinde
1213 2565 1718 2638 evangelistafcap.
1742 2581 1861 2631 xui,
1892 2565 2032 2634 quod
2060 2565 2188 2620 dum

600 2647 948 2708 morarentur
970 2638 1276 2702 Antiocbrr,
1299 2639 1565 2708 segregati
1592 2646 1718 2692 sunt
1745 2639 1798 2692 in
1820 2651 1957 2706 opus
1973 2646 2191 2703 aposto-

599 2705 743 2780 latus
763 2711 1035 2780 gentium,
1056 2708 1288 2780 jubente
1307 2705 1514 2780 Spiritu
1539 2718 1728 2780 sancto
1747 2724 1773 2780 ;7
1798 2705 2031 2778 etquod
2081 2717 2191 2780 sta-

599 2775 695 2830 tim
731 2775 984 2849 abierunt
1005 2775 1309 2834 Séleuciam
1338 2775 1366 2843 ,⁷
1396 2789 1449 2834 et
1501 2779 1628 2833 inde
1658 2775 2046 2848 navigaverunt
2086 2775 2189 2849 Cy.

601 2861 781 2918 prum,
811 2847 901 2901 ubi
925 2851 1358 2917 praedicaverunt
1395 2849 1716 2906 Salamina}:
1756 2847 1803 2903 ei
1839 2865 1956 2903 cum
1991 2847 2194 2918 peram-

603 2917 1176 2993 bulassentunirersam
1203 2922 1432 2976 insulam
1475 2937 1637 2993 usque
1681 2919 1922 2992 Paphum
1947 2965 1961 2989 ,
1985 2921 2195 2993 Paulus

604 2989 911 3062 excarcavit
955 2990 1197 3062 Elytuam
1235 3008 1481 3062 magum,
1531 2989 1588 3048 et
1620 2989 1890 3047 convertit
1927 2992 1993 3045 ad
2030 2991 2193 3062 fidem

606 3058 857 3132 Sergium
890 3058 1113 3132 Paulum
1147 3058 1544 3132 proconsulem.
1571 3062 1701 3118 Inde
1725 3062 2044 3132 navigarunt
2065 3061 2197 3116 Per-

607 3143 729 3195 gem
778 3128 1225 3198 Pamphiliacfct
1267 3145 1530 3190 venerunt
1557 3128 1900 3188 Antiochiam
1935 3132 2191 3187 Pisidiazz

610 3199 699 3271 ubi
725 3200 908 3256 multis
925 3203 1210 3271 gentilium
1238 3205 1534 3269 conversis,
1567 3205 1633 3258 ad
1667 3203 1882 3259 Iudaeos
1896 3203 2150 3258 dixerunt
2179 3221 2193 3258 :

2277 581 2686 652 conversione),
2716 581 2972 639 comitem
3001 581 3263 640 habuisse
3293 584 3624 649 Barnabam;
3657 583 3854 648 Deinde,

2273 653 2372 727 ait,
2407 663 2522 727 post
2550 669 2718 709 annos
2743 655 2830 716 M,
2855 655 3044 727 iterum
3061 656 3275 727 escendi
3304 655 3728 727 Hierosolymam
3755 673 3854 710 cum

2275 723 2540 798 liarnaba.
2568 727 2636 779 At
2668 739 2734 798 es
2765 739 2893 798 cap.
2922 743 2990 779 xv
3019 726 3142 781 Act.
3171 726 3440 798 habemus
3491 723 3730 798 liquido,
3767 738 3858 780 sta.

2279 796 2372 849 tim
2403 803 2525 864 post
2543 797 2832 850 concilium
2865 797 3188 852 discessisse
3217 798 3285 852 ab
3309 796 3855 852 invicem'Baruabam

2277 876 2332 920 et
2355 866 2578 920 Paulum
2604 883 2617 919 :
2653 865 2823 920 Facta
2847 877 2922 920 est
2952 879 3126 922 autem
3151 870 3440 933 dissensio,
3471 870 3542 923 ita
3575 880 3629 922 ut
3653 870 3860 922 discede-

2277 946 2394 1010 rent
2415 936 2478 990 ab
2499 937 2748 1010 invicem;
2775 948 2820 992 et
2847 936 3121 1010 Barnabas
3141 941 3368 1010 quidem,
3387 949 3655 1005 assumpto
3683 939 3859 1004 llarco,

2280 1008 2542 1080 navigavit
2569 1009 2622 1061 in
2642 1007 2872 1080 Cyprum
2893 1026 2912 1074 ;
2936 1007 3353 1080 Partlus‘autem,
3381 1011 3547 1066 electo
3573 1011 3690 1065 Sila
3711 1053 3726 1077 ,
3757 1027 3860 1080 per-

2283 1077 2584 1133 ambulabat
2626 1079 2837 1149 Syriam
2866 1091 2912 1134 et
2958 1079 3216 1135 Ciliciam.
3259 1081 3480 1136 Minime
3538 1083 3704 1150 igitur
3751 1077 3864 1134 con-

2285 1150 2493 1217 tingere
2520 1154 2696 1218 potuit
2718 1165 2980 1206 ascensus
3014 1152 3106 1206 ille
3136 1153 3284 1207 Pauli
3319 1167 3440 1207 eum
3475 1152 3722 1206 Barnaha
3763 1163 3864 1218 post

2281 1219 2640 1288 apostolicum
2659 1221 2972 1288 concilium,
3002 1223 3097 1278 sed
3122 1232 3366 1293 tempore
3387 1223 3772 1279 celebrationis
3799 1224 3864 1292 ip-

2281 1293 2428 1364 sius;
2457 1300 2940 1364 et_t_:onsequenter
2969 1293 3231 1364 annoi48.
3258 1294 3411 1349 Mitto
3441 1295 3586 1364 quod
3614 1295 3768 1348 verba
3791 1294 3863 1346 illa

2285 1360 2433 1436 Pauli
2463 1359 2581 1436 :‘Et
2605 1359 2802 1436 contuli
2830 1380 2946 1436 cum
2968 1363 3076 1418 illis
3107 1359 3473 1435 Evangelium,
3495 1365 3635 1435 quod
3663 1364 3864 1436 prtrdico

2285 1432 2339 1506 i_n
2372 1431 2606 1506 gentibus
2634 1434 2712 1504 (id
2741 1445 2848 1506 est,
2879 1435 2998 1490 sine
3023 1451 3194 1491 onere
3223 1431 3476 1506 legalium
3497 1431 3518 1500 ,’
3564 1445 3627 1490 ιιι
3663 1431 3723 1506 ἰιι
3767 1445 3863 1488 tota

2286 1501 2528 1576 Epistola
2559 1501 2844 1576 contendit
2883 1506 3175 1576 Apostolus
3227 1501 3606 1561 dEmonstrare
3631 1505 3864 1576 Calatis),

2287 1574 2421 1628 nihil
2448 1574 2593 1648 aliud
2618 1575 2876 1648 denotant
2905 1574 3111 1647 ,qnarn
3141 1578 3287 1648 quod
3319 1578 3609 1633 detulisset
3649 1577 3716 1631 ad
3761 1574 3868 1631 illos

2287 1643 2650 1716 quaestionem
2676 1647 2930 1716 legalium
2969 1643 2983 1701 Ξ
3016 1664 3137 1714 qum
3159 1643 3311 1703 certe
3342 1651 3393 1702 in
3417 1649 3654 1704 concilio
3682 1648 3870 1702 discus-

2287 1730 2346 1768 sa
2380 1725 2486 1770 est.
2506 1715 2673 1788 ΔΜίιιο
2704 1715 2870 1772 etiam
2897 1719 3040 1788 quod
3070 1733 3135 1774 ex
3161 1720 3312 1774 Actis
3348 1736 3416 1774 xv
3446 1720 3641 1788 liquet,
3664 1718 3867 1772 Paulum

2289 1800 2320 1839 a
2343 1785 2577 1858 concilio
2606 1797 2802 1843 iterum
2828 1785 3111 1844 reversum
3145 1785 3531 1846 Antiochiam;
3563 1805 3631 1846 ex
3662 1789 3869 1858 epistola

2291 1872 2418 1931 \_'ero
2446 1856 2742 1931 habemus,
2793 1859 2941 1930 quod
2997 1861 3179 1916 Slatim
3231 1871 3351 1931 post
3404 1856 3753 1916 collationem
3799 1859 3870 1913 sui

2288 1927 2584 2001 Evangelii
2597 1946 2716 1984 cum
2745 1927 3021 2001 Apostolis
3052 1941 3169 1987 erat
3197 1927 3324 1987 inibi
3349 1931 3580 1997 Paulus;
3614 1946 3736 1986 nam
3764 1946 3870 1985 cum

2289 1999 2530 2054 venisset
2559 1999 2752 2056 Petrus
2778 1999 3144 2069 Antiochiam,
3172 2004 3224 2058 in
3253 2003 3443 2059 faciem
3475 2005 3525 2058 ei
3559 2001 3776 2069 restitit,
3794 2017 3872 2055 su-

2291 2085 2386 2137 per
2420 2070 2672 2140 legalium
2705 2072 3076 2129 simulatione.
3116 2074 3182 2130 lJt
3213 2076 3430 2131 tandem
3461 2074 3652 2130 videas
3685 2085 3873 2127 utrum—

2290 2156 2398 2201 que
2422 2141 2794 2198 testimonium
2821 2144 2924 2200 sibi
2952 2144 3186 2201 invicem
3242 2144 3296 2199 in
3356 2145 3616 2200 omnibus
3665 2159 3872 2210 respon-

2290 2211 2450 2287 dere;
2479 2226 2545 2287 _ac
2568 2213 2635 2268 de
2664 2213 2856 2269 eadem
2880 2231 2941 2270 re
2973 2230 3196 2284 prorsus
3219 2231 3382 2287 agere
3435 2234 3448 2270 :
3495 2224 3553 2271 et
3593 2214 3872 2272 concilium

2290 2283 2586 2364 contigisse
2616 2298 2682 2340 eo
2715 2300 2859 2343 anno
2901 2283 3011 2358 quo
3060 2283 3279 2344 Paulus'
3300 2287 3367 2343 ad
3419 2287 3645 2344 Galatas
3684 2301 3721 2342 ιι
3748 2298 3871 2342 con-

2289 2364 2486 2423 signat.
3369 2375 3376 2381 ί

2365 2425 2503 2500 Quid
2537 2425 2702 2500 igitur
2741 2426 2811 2482 ad
2855 2427 3176 2500 Dionysium
3230 2429 3519 2485 dicendum
3573 2438 3874 2500 :_sttperest

2293 2497 2451 2569 nobis
2472 2498 2874 2566 expositionem
2903 2508 2960 2554 et
2990 2497 3250 2569 placitum
3295 2500 3551 2566 amplecti
3611 2498 3869 2563 Hilduini,

2290 2565 2390 2642 viri
2420 2565 2744 2642 doctissimi,
2769 2571 2882 2636 qui,
2898 2565 3123 2638 jubente
3146 2571 3346 2628 Carolo
3361 2572 3577 2642 Magno,
3608 2570 3872 2626 historiam

2295 2639 2538 2712 Dionysii
2565 2639 2792 2712 digessit
2821 2642 3004 2711 (quam
3029 2643 3168 2712 apud
3197 2643 3414 2699 Surium
3445 2639 3713 2698 habemus
3742 2651 3874 2696 tutuo

2307 2707 2392 2780 V).
2425 2707 2718 2786 (ξοιιιθιιξάἰι
2743 2707 2876 2786 vero
2906 2712 2965 2765 Β.
2997 2707 3316 2786 Dionysium
3339 2759 3353 2781 ,
3387 2716 3554 2786 citato
3581 2713 3875 2786 testimonio

2293 2796 2414 2854 cap.
2445 2783 2480 2836 5
2502 2780 2571 2836 de
2595 2781 2762 2837 divin.
2789 2781 2974 2849 Nom.,
2995 2780 3219 2840 minime
3243 2780 3403 2854 agerc
3417 2784 3485 2841 de
3507 2785 3738 2839 transitu
3756 2781 3864 2854 Vir-

2293 2851 2457 2921 ginis,
2488 2868 2588 2906 nec
2609 2867 2860 2909 asserere
2889 2869 2949 2909 se
2995 2865 3050 2910 et
3095 2851 3443 2912 llierotlteum
3485 2856 3538 2912 ei
3581 2853 3874 2915 adstitisse;

2295 2923 2562 2995 sedquod
2600 2924 2888 2992 aliquando
2927 2927 3287 2982 convenerint
3315 2929 3413 2995 ipsi
3443 2927 3555 2982 duo
3582 2941 3708 2981 cum
3739 2925 3878 2980 Petro

2295 3004 2352 3068 et
2381 2993 2582 3068 Jacobo
2608 2995 2839 3068 Alphaei,
2855 3005 2910 3050 et
2929 2997 3048 3052 aliis
3068 2993 3369 3068 discipulis,
3393 2998 3560 3052 visuri
3586 2996 3879 3064 sepulcrum

2301 3064 2537 3138 Domini,
2567 3067 2891 3138 reverentiae
2911 3077 2967 3122 et
2986 3064 3359 3138 gratitudinis,
3390 3083 3453 3124 ac
3482 3069 3787 3124 devotionis
3805 3082 3877 3121 cr-

2297 3152 2391 3210 go.
2418 3137 2537 3202 Quo
2561 3135 2711 3203 dato,
2745 3138 2881 3194 nihil
2913 3135 3068 3196 nobis
3098 3153 3254 3196 nocet
3286 3135 3654 3196 testimonium
3691 3139 3880 3210 ipsius,

2303 3208 2396 3283 qui
2436 3213 2718 3283 transitum
2775 3210 3014 3283 Domina:
3057 3214 3460 3283 investigamus.
3517 3208 3725 3267 Fateor
3748 3209 3885 3283 nobis

613 3268 1050 3349 Vobisnport'ebat
1073 3275 1296 3349 primum
1318 3278 1459 3347 loqui
1482 3268 1685 3349 rerbum
1699 3273 1797 3349 D_ei
1814 3288 1834 3337 ;
1853 3272 2202 3349 sedquoniam
2228 3273 2278 3337 C
2306 3268 2583 3333 adversari
2611 3279 3053 3349 Mctapbrastcm,
3077 3293 3131 3338 et
3146 3268 3559 3349 Dauiascenntn,
3577 3281 3884 3338 Iuvenalem

606 3343 856 3417 repellitis
875 3344 1040 3417 illud,
1065 3343 1406 3400 convertimur
1427 3347 1498 3400 ad
1518 3356 1714 3417 gentes.
1729 3344 1937 3417 Rursus
1960 3343 2199 3400 Iconium

608 3409 736 3487 inde
767 3409 1114 3487 profecti,'ihi
1149 3418 1243 3483 (ait
1273 3417 1448 3472 Lucas
1475 3409 1596 3485 cap.
1633 3417 1742 3486 xiv)
1773 3415 1934 3469 multo
1979 3426 2205 3487 tempore

609 3482 866 3558 demorati
889 3496 1008 3558 sunt
1040 3482 1353 3555 ﬁducialitcr
1395 3489 1448 3542 in
1493 3482 1732 3541 Domino
1758 3497 2008 3558 agentes,
2045 3482 2205 3558 dante

608 3554 759 3630 signa
779 3564 828 3608 et
851 3554 1093 3630 prodigia
1117 3559 1231 3630 ﬁeri
1259 3576 1350 3630 per
1369 3575 1556 3612 manus
1579 3554 2059 3630 eorum,fetc.7$ed
2091 3568 2207 3630 tan-

609 3623 735 3698 dem
779 3623 1128 3682 contumeliis
1163 3628 1235 3684 ibi
1259 3623 1449 3686 'all'ccti
1473 3671 1488 3695 ,
1519 3638 1574 3685 et
1617 3627 1884 3697 lapidibus
1923 3628 2158 3696 impetiti
2190 3675 2204 3698 ,

610 3697 955 3771 confugerunt
976 3699 1043 3751 ad
1068 3701 1299 3755 civitates
1321 3699 1615 3771 Lycaonite.
1650 3700 1890 3771 Lystram
1913 3740 1930 3764 ,
1985 3710 2034 3754 et
2078 3697 2209 3754 Der-

614 3765 731 3842 ben,
765 3765 811 3819 et
835 3768 1120 3842 universam
1148 3771 1200 3825 in
1221 3765 1446 3826 circuitu
1474 3765 1734 3841 regionem
1752 3813 1766 3835 ,
1790 3779 1853 3842 et
1895 3771 1965 3842 ibi
1989 3785 2208 3842 evange-

614 3838 832 3914 listintes
853 3850 1016 3914 erant.
1046 3841 1254 3914 Lystris
1280 3845 1492 3898 sanavit
1524 3838 1723 3897 Paulus
1751 3841 2001 3914 claudum
2051 3857 2081 3897 a
2110 3838 2207 3897 ria-

613 3908 843 3984 t_ivitat_e,
870 3919 929 3984 et
954 3913 1025 3984 ob
1052 3908 1105 3967 id
1127 3929 1156 3967 a
1186 3913 1486 3984 gentilibus
1513 3913 1750 3969 creditus
1777 3911 1988 3984 Jupiter
2015 3923 2131 3978 est,
2156 3922 2212 3968 et

615 3978 892 4055 Darnabas
921 3978 1253 4039 Mercurius:
1287 3986 1386 4042 sed
1431 3986 1646 4041 tandem
1701 3978 1969 4055 lapidatus
2013 3984 2210 4040 Paulus

614 4049 824 4131 Derben
858 4054 1031 4121 petiit;
1051 4071 1298 4131 cumque
1327 4049 1791 4131 cvangelizassen't
1812 4055 1891 4131 ibi
1920 4055 2128 4131 Jesnm,
2160 4064 2215 4112 et

611 4120 935 4200 dncuissent
954 4128 1173 4200 multos,
1206 4120 1412 4184 reversi
1442 4120 1570 4184 sunt
1601 4131 1794 4197 iterum
1812 4126 2082 4200 Lystram,
2101 4120 2215 4182 leo-

614 4197 784 4268 nium,
813 4197 1155 4268 Antiochiam
1188 4200 1431 4266 Pisidiae,
1459 4200 1857 4254 constituentes
1905 4213 2002 4266 per
2029 4199 2216 4268 singu-

612 4262 694 4317 las
723 4265 1374 4341 Ecclesiaspresbyteros
1399 4262 1426 4336 ,’
1463 4278 1520 4328 et
1569 4262 1918 4324 transeuntes
1944 4262 2213 4341 Pisidiam

615 4347 879 4411 venerunt
912 4339 964 4392 in
996 4338 1404 4411 Pamphyliam,
1441 4352 1496 4394 et
1527 4342 1812 4411 loquentes
1846 4338 2068 4411 verbum
2113 4340 2220 4395 Do-

614 4406 745 4458 mini
780 4407 834 4462 in
861 4408 1034 4477 Perge
1055 4406 1458 4466 descenderunt
1490 4412 1542 4464 in
1571 4406 1824 4464 Attalium
1858 4425 1870 4461 :
1895 4419 1948 4463 et
1973 4410 2099 4465 inde
2125 4427 2218 4464 na-

615 4478 935 4548 vigaverunt
966 4481 1310 4534 Antiochiam
1346 4480 1489 4534 unde
1509 4481 1774 4532 exierant.
1798 4479 1928 4534 Post.
1957 4496 2076 4548 qua:
2101 4496 2220 4536 orn-

615 4547 701 4601 nla
734 4548 1043 4623 (aitlarcas
1075 4552 1130 4604 in
1155 4550 1262 4623 line
1285 4566 1428 4623 capt
1458 4548 1574 4623 HA),
1605 4548 1800 4623 Moruti
1852 4547 1983 4603 sunt
2021 4560 2220 4623 tempus

613 4634 715 4671 non
742 4619 1003 4673 modicum
1040 4636 1157 4690 cum
1181 4619 1477 4690 discipulis.
1506 4621 1581 4674 Ac
1600 4621 1818 4674 domum
1857 4631 1972 4675 orta
2002 4633 2085 4676 est
2117 4619 2222 4678 dis-

613 4691 854 4756 ceptatio
882 4691 949 4745 de
983 4689 1270 4758 legalibus,
1295 4689 1348 4744 et
1383 4692 1534 4745 missi
1559 4691 1628 4744 ab
1659 4691 2220 4751 Antiochiailieroso-

615 4758 883 4832 lymasgad
909 4762 1187 4832 apostolos
1225 4760 1424 4815 Paulus
1476 4772 1530 4817 et
1581 4763 1859 4817 Barnabas
1906 4779 2075 4832 super
2121 4764 2223 4820 hac

611 4829 1211 4904 qutcstionez’lielertur
1232 4849 1364 4887 vero
1407 4835 1698 4887 concilium
1740 4834 1790 4885 in
1831 4843 1944 4888 toto
1976 4829 2098 4904 iap.
2155 4853 2221 4891 xv

617 4899 891 4972 sequenti.
923 4900 1062 4956 Vide
1091 4917 1276 4970 quaeso
1307 4918 1507 4972 quanta
1548 4907 1690 4960 inter
1723 4904 1918 4960 lanient
1945 4915 2000 4961 ct
2031 4899 2222 4964 conci-

617 4971 753 5047 liutn
789 4973 1198 5047 intercesserint
1230 4990 1243 5027 :
1273 4971 1431 5047 quam
1466 4976 1680 5045 longam
1710 4977 2042 5032 confecerint
2069 4995 2224 5047 pere-

615 5043 978 5120 g‘ritiationem
1002 5085 1016 5106 ,
1036 5114 1052 5120 _
1072 5046 1342 5120 quomodo
1368 5087 1382 5111 ,
1423 5043 1724 5120 testc'ana
1751 5093 1765 5117 ,
1800 5049 1964 5103 multo
1995 5043 2226 5120 tempore

620 5114 1209 5188 demoratisintlconii
1229 5156 1242 5176 ,
1276 5125 1323 5170 et
1352 5119 1540 5173 morati
1564 5119 1665 5172 sint
1693 5114 1894 5188 tempus
1921 5137 2026 5174 non
2058 5114 2226 5176 modi-

620 5201 743 5239 rum
772 5184 1097 5248 Antiochiae,
1135 5187 1450 5255 priusquam
1482 5190 1778 5245 concilium
1798 5184 2222 5257 celebraretur;

614 5265 674 5312 ιιι
701 5257 896 5327 mirum
933 5257 1006 5311 sit
1029 5257 1144 5312 haec
1177 5259 1361 5312 omnia
1391 5260 1606 5314 duobus
1641 5302 1658 5327 ,
1715 5261 1799 5316 vel
1858 5263 2032 5316 tribus
2062 5265 2222 5320 annis

614 5326 798 5395 perlici
817 5328 1092 5401 potuisse.
1129 5329 1262 5401 Cum
1299 5345 1429 5386 vero
1455 5326 1672 5398 fames,
1730 5349 1852 5401 qua:
1896 5332 2013 5387 h:ec
2041 5337 2220 5390 omnia

614 5399 918 5477 praecessit,
951 5400 1327 5477 annophristi
1359 5401 1432 5456 46
1463 5399 1779 5477 contigerit,
1803 5402 1922 5477 fieri
1950 5406 2107 5477 aliter
2129 5422 2226 5462 ne-

611 5470 906 5592 ἶιὲὶῖῒῖιέιὲἰίἰι
937 5470 1231 5526 concilium
1262 5486 1435 5542 usque
1462 5472 1528 5528 ad
1559 5470 1764 5530 annum
1796 5473 1866 5529 48
1895 5475 1981 5532 vel
2013 5475 2082 5530 l9
2133 5479 2216 5532 di-

637 5547 781 5592 atum
812 5547 904 5592 sit.

703 5609 940 5687 Adhzee,
964 5612 1082 5687 ipsa
1110 5611 1266 5687 Pauli
1299 5612 1365 5687 ad
1391 5614 1574 5687 Galat.
1602 5629 1640 5669 tt
1672 5617 1837 5670 verba
1867 5618 2223 5687 suppeditant

614 5679 1234 5758 nobis'irrelragabileut
1261 5685 1381 5758 ejus
1414 5685 1495 5739 rei
1549 5679 1950 5758 probationem:
1976 5679 2224 5746 'Constat

619 5765 688 5804 ex
713 5752 968 5825 epistola,
1003 5769 1126 5811 cum
1152 5754 1353 5812 l'aulus
1384 5752 1634 5814 ascendit
1655 5758 2093 5830 Hierosolymam
2128 5776 2222 5820 an-

2309 3349 2815 3424 llierOSolyrnorum
2842 3353 3162 3421 antistitem,
3196 3355 3600 3424 Nicephorum.
3640 3353 3886 3424 Glyconi.

2308 3421 2449 3475 inter
2472 3423 2752 3488 antiquos;
2803 3438 2867 3479 ex
2903 3427 3295 3482 recentioribus
3321 3421 3504 3481 autem
3564 3421 3847 3478 Baroiiium
3875 3462 3888 3482 .

2307 3491 2570 3569 annois,
2599 3502 2659 3569 et
2689 3494 2827 3551 alios
2857 3499 2948 3566 qui
2977 3497 3142 3553 verba
3185 3497 3424 3569 Dionysii
3463 3496 3532 3551 de
3573 3495 3890 3551 dormitione

2311 3562 2548 3635 Virginis
2596 3562 3024 3635 interpretantur
3071 3587 3083 3623 :
3131 3562 3534 3623 eorum'tamcn
3587 3576 3892 3622 reverenter

2315 3633 2493 3688 habita
2527 3633 2768 3699 licentia.
2802 3639 2854 3692 in
2883 3653 3035 3693 suam
3067 3641 3570 3710 interpretationem
3585 3638 3782 3710 adduci
3801 3650 3891 3710 non

2314 3719 2602 3785 possumus
2648 3722 2662 3760 :
2705 3721 2807 3785 nec
2835 3711 3071 3785 mirum,
3121 3707 3243 3785 cum
3294 3709 3582 3785 manifeste
3610 3707 3896 3785 defecerint

2317 3778 2449 3854 (uno
2476 3777 2695 3854 dempto
2722 3777 3054 3854 Baronio)in
3080 3782 3272 3854 eodem
3299 3780 3539 3854 Dyonisii
3563 3789 3713 3835 textu
3741 3777 3898 3854 expli-

2312 3847 2509 3920 cando,
2530 3847 2663 3920 dum
2689 3865 2753 3920 ex
2785 3865 2854 3907 eo
2882 3847 3110 3906 credunt
3137 3853 3321 3908 haberi
3345 3847 3507 3907 'inibi
3553 3864 3776 3920 quoque
3813 3847 3897 3902 ad-

2313 3918 2870 3990 fuissegTimothcum
2898 3963 2912 3986 ,
2958 3923 3105 3978 Pauli
3145 3922 3402 3980 dilectum
3441 3918 3770 3990 disci—pulum
3795 3965 3808 3986 ,
3851 3929 3898 3972 ct

2319 3987 2679 4064 [Ephesiorum
2703 3993 3041 4062 episcopum,
3097 3994 3163 4048 ad
3217 3997 3501 4064 ipsumque
3552 3987 3726 4047 libros
3780 4007 3895 4045 suns

2317 4059 3035 4136 Dionysiumnuncupasse,
3059 4065 3202 4136 quod
3230 4059 3629 4136 tameu‘verum
3655 4077 3768 4120 non
3791 4074 3898 4117 esse

2317 4131 2384 4185 ad
2401 4146 2602 4188 annum
2635 4134 2786 4187 Dom.
2814 4131 2939 4199 100,
2966 4131 3260 4193 cuuinient.
3294 4138 3380 4202 ll,
3405 4138 3517 4191 Deo
3547 4135 3689 4190 duce
3716 4175 3734 4198 ,
3764 4149 3901 4188 mou-

2322 4202 2631 4277 strabimus.
2655 4203 2909 4276 Nihilque
2938 4207 3043 4263 illis
3065 4207 3249 4263 favent
3279 4209 3445 4264 verba
3473 4205 3748 4277 Dionysii,
3775 4205 3900 4277 sica

2321 4272 2389 4327 ad
2419 4289 2655 4343 unguem
2691 4272 3110 4347 perpendamus.
3141 4281 3273 4346 Qua:
3305 4296 3366 4334 ex
3399 4293 3539 4334 nova
3572 4272 3798 4333 M'arsilii
3828 4275 3902 4328 in-

2323 4348 2714 4422 terpretatione
2740 4347 2930 4422 ϐιαιᾳο
2975 4352 3150 4406 textui
3196 4351 3448 4422 apprime
3493 4348 3903 4422 respondente.

2324 4414 2440 4468 hare
2471 4428 2634 4493 sntit:
2664 4416 3000 4493 Convenimus
3025 4414 3336 4493 quandoque
3356 4421 3499 4488 apud
3530 4414 3802 4493 pontiﬁces
3828 4433 3907 4468 ηο-

2323 4497 2457 4562 stros
2481 4487 2594 4562 Deo
2621 4491 2800 4558 plenos
2833 4492 2913 4560 (ut
2945 4487 3137 4562 nostri)
3167 4487 3260 4548 nos
3283 4487 3439 4547 simul
3462 4501 3510 4545 et
3531 4487 3646 4560 ipse
3680 4487 3710 4560 ⁷(
3730 4489 3907 4562 Hiero-

2328 4559 2507 4635 theus,
2542 4561 2611 4615 de
2641 4558 2999 4635 quong'ehat)
3021 4558 3271 4635 multique
3299 4563 3466 4617 sancti
3497 4558 3909 4635 fratres'nostri.

2249 4655 2302 4716 Ι)
2327 4632 2707 4716 visuri'corpus
2733 4630 2866 4685 illud
2891 4630 3030 4716 quad
3060 4630 3198 4716 nitas;
3219 4630 3517 4716 principem.
3549 4631 3914 4716 Deumnsuscc-

2332 4707 2424 4775 pit.
2467 4701 2565 4758 Ubi
2594 4701 3145 4776 aderautet'lacobus
3171 4701 3334 4776 frater
3364 4701 3610 4776 Domini,
3629 4712 3677 4758 et
3715 4702 3912 4776 Petrus,

2330 4769 2590 4830 excelsum
2607 4783 2656 4826 et
2694 4775 3071 4847 amplissimum
3116 4769 3472 4847 theologorum
3526 4769 3758 4828 culmen.
3807 4769 3916 4824 Illic

2329 4863 2451 4919 ergo
2475 4851 2588 4915 post
2616 4845 2925 4919 contuimur,
2958 4847 3153 4919 placuit
3184 4857 3238 4902 ut
3265 4845 3546 4919 pontiﬁces
3577 4861 3792 4919 ontnes.
3835 4857 3917 4919 Ριῖο

2330 4911 2520 4972 viribus
2551 4915 2767 4984 quisque
2795 4917 2923 4986 suis,
2954 4911 3154 4986 inﬁnite
3191 4911 3448 4986 polentam
3493 4916 3700 4986 divina:
3723 4911 3918 4969 virtutis

2331 4988 2614 5042 bonitatem
2645 4985 2943 5041 laudarent.
2973 4985 3289 5044 Hierotlieus
3310 4999 3478 5042 autem
3498 4985 3632 5041 alios
3663 4985 3736 5040 ibi
3759 4986 3921 5038 docto-

2331 5075 2411 5114 res
2437 5073 2613 5111 sacros
2640 5056 2724 5135 lat
2756 5056 2916 5128 nosti)
2957 5067 3070 5131 post
3102 5060 3239 5129 ipsos
3275 5060 3596 5135 theologus“,
3637 5055 3922 5135 superarit;

2331 5140 2472 5203 totus
2494 5127 2776 5191 excedens,
2809 5127 2967 5203 ιοιιιε⁷
2995 5127 3143 5184 extra
3182 5147 3236 5203 se
3273 5127 3502 5203 positus.
3541 5127 3925 5203 Si_Diut-ysius

2329 5201 2510 5268 aliqua
2533 5213 2724 5271 eorum
2753 5199 2967 5254 cantica
3005 5217 3128 5271 quae
3161 5202 3230 5256 ibi
3260 5198 3566 5266 composita
3607 5198 3816 5254 fuerint
3845 5212 3922 5249 reo

2328 5272 2566 5337 tulisset,
2597 5268 2780 5324 forsan
2803 5286 2868 5325 ex
2901 5271 3004 5345 eis,
3025 5268 3214 5345 verum
3246 5273 3363 5345 loci
3383 5271 3806 5345 intelligentiam
3837 5281 3918 5345 ca-

2327 5356 2584 5413 peremus
2611 5356 2638 5413 ε,
2658 5349 2901 5413 attamen
2927 5341 3022 5413 fab
3059 5342 3193 5413 ipsis
3221 5341 3760 5413 omnino__-abstinuit
3791 5381 3806 5402 ,
3828 5341 3923 5413 “ait

2325 5411 2596 5480 siqnidem
2625 5409 2854 5465 inferius
2874 5412 2939 5466 ad
2972 5409 3320 5469 Timotheum
3367 5430 3379 5466 :
3439 5411 3635 5467 Verum
3678 5409 3926 5482 qucillic

2327 5482 2538 5556 mystice
2568 5490 2790 5535 tractata
2817 5493 2970 5549 sunt,
2998 5485 3167 5556 missa
3203 5485 3258 5537 in
3297 5484 3576 5555 pra‘senlia
3612 5483 3924 5556 faciamus;

2323 5549 2680 5626 quippe-cuni
2729 5569 2820 5606 nec
2898 5554 3076 5626 multis
3125 5549 3344 5626 exprimi
3387 5549 3638 5626 possent,
3682 5561 3788 5626 ~et_
3839 5549 3927 5602 tibi

2329 5636 2452 5677 nota
2501 5623 2624 5677 sint.
2675 5625 2859 5691 Quare
2918 5625 3053 5680 solis
3097 5623 3395 5694 praedictis
3435 5624 3622 5679 verbis
3680 5623 3936 5694 insistere

2327 5696 2590 5750 debemus
2637 5709 2653 5748 :
2703 5689 3019 5764 inquibus
3081 5689 3258 5751 tamen
3311 5695 3443 5750 nihil
3510 5703 3594 5750 est
3657 5693 3810 5764 quod
3875 5689 3935 5742 ad

2329 5766 2614 5824 transitum
2643 5763 2876 5837 Virginis
2905 5767 3202 5837 conducat,
3232 5776 3285 5824 et
3311 5765 3493 5823 omnia
3523 5765 3590 5822 ad
3618 5763 3932 5836 sepulcrum
