3976 6280
119 229 217 296 185

121 352 188 411 Δ.
206 347 270 410 G.
289 346 382 412 σο.

1112 227 1344 291 FLAVll
1379 226 1565 289 LUC“
1601 227 1859 290 DEXTBI
1895 225 2312 290 CBRONICON.

533 347 924 424 Agathodorus
950 345 1401 417 Tarraconensis,
1447 348 1699 421 Elpidius
1745 348 2062 416 Toletanus,
2113 345 2395 404 zEtherius
2440 343 2889 416 Bareinonensis,
2933 344 3421 424 CapitoA.R.8H.

3317 233 3426 298 186

556 445 852 516 Lucensis,
904 443 1143 514 Ephrem
1173 443 1565 515 Asturigensis,
1616 442 1813 500 Nestor
1855 441 2198 510 Palentinus,
2247 440 2514 498 Arcadius
2543 441 2958 516 Juliobrigensis
2986 458 3000 497 :
3029 441 3132 500 sub

552 540 747 597 eodem
773 538 951 607 judice
981 537 1136 593 bonis
1167 537 1385 608 spoliati
1413 538 1591 596 necati
1623 546 1773 596 sunt.

468 635 724 705 Augusto
753 631 1022 699 Tiberius,
1054 629 1276 686 Tiberio
1301 629 1490 698 Caius,
1516 629 1650 686 Caio
1669 629 1949 698 Claudius,
1976 626 2206 685 Claudio
2233 625 2378 684 Nero
2403 627 2692 686 successit.

470 728 841 785 Terraemotus
871 725 1058 780 Romae
1086 725 1382 781 vehemens
1409 735 1463 782 et
1488 727 1621 782 solis
1650 735 1835 784 secuta
1863 724 2122 782 defectio.

471 821 706 876 Vivebat
729 819 789 877 S.
812 818 1048 891 Luparia
1076 818 1275 874 Baetica
1297 818 1404 874 lilia
1432 818 1782 876 Galaciensis
1817 820 2044 878 alterius
2073 817 2341 890 Luparite.

472 911 713 985 Regulus
743 926 1043 969 conversus
1070 912 1122 967 in
1153 909 1412 968 Callaecia
1437 920 1626 968 sancta
1654 913 1764 984 agit
1788 911 1844 968 in
1875 911 2019 969 luco.

1307 1045 1564 1103 BIVARII
1603 1045 2176 1108 COMMENTARIUS.

135 1167 238 1220 haec
261 1160 731 1238 verba‘Galelinus
760 1162 823 1238 in
844 1177 1003 1238 suum
1043 1161 1487 1238 Martyrologium
1530 1171 1708 1216 trans-
1733 1141 1785 1204 Α
1813 1175 1920 1238 quo
1951 1160 2204 1238 nimirum
2232 1164 2539 1238 securiores
2560 1163 3172 1238 euectiftranqnillitati
3199 1175 3256 1222 et
3276 1183 3406 1237 pro-

138 1239 244 1290 tulit
270 1253 284 1290 :
318 1250 386 1289 τη
420 1235 604 1288 Martii
633 1277 649 1301 ,
684 1230 752 1286 In
780 1232 987 1288 Gracia
1009 1230 1318 1289 sanctorum
1336 1230 1700 1304 episEOporum

134 1317 402 1378 martyrum
448 1304 674 1366 Basilei.
705 1303 1011 1378 Ephraim,
1044 1302 1378 1378 Charitonis,
1439 1302 1700 1378 Eugenii,

133 1375 369 1443 xithErii,
401 1388 454 1431 et
480 1375 805 1441 ceterorum,
855 1378 943 1444 qui
996 1377 1048 1430 in
1089 1375 1406 1430 Chersoneso
1449 1376 1698 1440 cruciati,

133 1451 369 1522 sanguine?
420 1449 642 1522 denique
687 1448 895 1522 pcrfu_so
923 1490 936 1514 ,
975 1449 1186 1522 illustre
1229 1445 1705 1522 ﬁdeiChristiana‘:

133 1518 459 1576 testimonium
489 1518 764 1573 dederunt.
814 1518 1107 1574 Familiare
1146 1529 1230 1573 est
1287 1518 1415 1573 huic
1467 1518 1699 1585 auctori,

135 1592 327 1646 sanctis
353 1605 488 1659 quos
516 1606 547 1644 e
571 1590 780 1646 Graecis
807 1601 1088 1645 mutuatur
1109 1589 1444 1659 prtemittere
1465 1589 1693 1645 verbum

134 1666 181 1716 in
203 1661 430 1728 Graecia;
459 1665 669 1728 putavit
692 1662 838 1716 enim
857 1704 872 1728 ,
906 1661 1122 1731 quoties
1144 1676 1250 1716 nou
1284 1663 1592 1730 assignatur
1621 1662 1702 1714 lo-

133 1749 238 1799 cus,
271 1737 346 1789 vel
376 1735 652 1803 provincia
682 1735 735 1789 in
779 1733 1111 1800 menologio,
1142 1747 1207 1788 eo
1235 1732 1355 1800 ipso
1387 1734 1440 1786 in
1488 1732 1700 1788 Graecia

135 1809 431 1886 martyrium
457 1806 730 1886 accidisse
759 1821 775 1862 :
806 1814 1048 1860 attamen
1079 1820 1200 1858 cum
1229 1804 1700 1886 ipsumnmenolo-

134 1873 336 1944 gium’id
362 1892 467 1931 non
499 1877 723 1936 asserit.
748 1891 1031 1945 perperam
1065 1873 1378 1946 apponitur.
1411 1873 1497 1929 Fit
1527 1875 1700 1943 siqui-

135 1949 239 2001 dem
270 1949 581 2018 plerumque
611 1964 639 1999 a
673 1948 882 2004 Graecis
913 1947 1108 2002 festum
1139 1957 1474 2018 sanctorum,
1505 1947 1699 2011 quibus

134 2033 227 2072 non
256 2017 524 2088 assignant
554 2020 778 2084 urbem;
809 2019 989 2072 ethoc
1032 2017 1335 2088 prmsertim
1386 2017 1438 2071 in
1494 2018 1699 2088 sanctis

135 2090 227 2144 illis
251 2086 532 2158 contingit,
560 2090 654 2158 qui
687 2091 880 2156 majori
908 2086 1196 2143 intervallo
1225 2089 1294 2143 ab
1331 2088 1468 2158 ipsis
1494 2086 1699 2144 Graecis

133 2160 331 2215 distant.
363 2161 520 2229 Quod
549 2177 717 2215 unum
749 2161 1006 2231 (maxime
1037 2175 1151 2229 pra:
1178 2161 1351 2214 oculis
1385 2159 1696 2214 habendum

134 2247 218 2297 pro
240 2233 391 2300 hujus
420 2231 678 2288 Chronici
697 2231 1034 2303 cognitione)
1068 2233 1119 2285 in
1146 2246 1313 2303 causa
1343 2239 1450 2296 est,
1478 2246 1576 2285 cur
1602 2231 1699 2303 ho-

131 2317 234 2357 rum
256 2305 433 2360 decem
465 2302 785 2360 sanctorum
825 2304 1125 2358 antistitum
1155 2302 1315 2357 sedes
1367 2303 1419 2356 in
1453 2302 1698 2357 menolo-

130 2375 209 2445 gio
231 2389 330 2430 non
350 2375 724 2444 assignentur,
769 2389 870 2430 nec
903 2389 1025 2445 qua:
1053 2375 1144 2428 illa
1196 2373 1571 2445 Chersonesus
1600 2375 1694 2443 sit,

130 2444 178 2516 in
202 2459 295 2514 qua
323 2448 586 2516 martyrio
611 2446 810 2500 sublati
855 2444 1005 2511 sunt,
1043 2445 1414 2514 specilicctur.
1479 2444 1691 2516 Etenim

1809 1233 1972 1310 (ectui
2009 1233 2226 1310 amicta:
2280 1235 2539 1310 Ecclesiae
2575 1233 2826 1306 Hispanas
2858 1233 3254 1310 prospicerent.
3279 1233 3403 1296 'Sed

1805 1303 1986 1382 divina
2006 1305 2359 1382 providentia
2389 1308 2586 1364 factum
2617 1303 2721 1382 est,
2750 1321 2806 1364 ut
2830 1303 3032 1366 corona
3063 1325 3160 1363 eos
3191 1321 3394 1382 marty-

1806 1375 2215 1460 rii,.ubiipsam
2241 1378 2312 1434 ad
2349 1386 2564 1450 tempus
2599 1381 2878 1438 declinare
2913 1382 3266 1450 videbantur,
3308 1375 3399 1439 re-

1803 1456 2053 1516 perierit.

1877 1519 2099 1574 Alotum
2117 1519 2356 1593 Neronis
2379 1521 2650 1590 judicem,
2685 1525 2787 1579 sub
2813 1541 2922 1593 quo
2946 1525 3000 1579 hi
3046 1526 3219 1580 sancti
3262 1541 3402 1580 mar-

1805 1599 1958 1658 tyres
1985 1591 2130 1659 passi
2158 1602 2304 1663 sunt.
2343 1595 2648 1663 suspicatus
2669 1611 2788 1651 sum
2832 1591 2996 1652 luisse
3018 1598 3212 1650 Aulum
3239 1597 3390 1652 illum

1803 1674 2168 1734 cognomento
2189 1661 2486 1729 Cecinam',
2525 1679 2853 1734 qumstorem
2905 1669 3118 1723 Bis-lica!
3149 1668 3250 1724 sub
3288 1667 3397 1722 Ne-

1803 1745 1960 1812 rone,
1984 1733 2182 1812 dequo
2203 1733 2617 1812 agithrnelins
2641 1739 2876 1812 Tacitus,
2903 1747 2959 1793 et
2978 1753 3042 1792 ex
3073 1755 3138 1791 eo
3169 1739 3397 1812 Morales

1802 1801 1897 1880 lib.
1923 1817 1976 1858 ιχ
2004 1801 2138 1880 llis‘t.
2171 1801 2300 1880 _ca_'p.
2341 1807 2408 1880 t7
2445 1816 2500 1880 et
2536 1807 2645 1876 20,
2680 1801 2886 1880 quique
2923 1825 3062 1863 unus
3094 1824 3161 1864 ex
3204 1810 3396 1878 primis

1801 1871 1901 1949 fuit
1927 1875 2017 1944 qui
2045 1876 2190 1949 apud
2216 1871 2599 1946 Carthaginem
2631 1871 2840 1935 novam
2868 1926 2882 1949 ,
2931 1881 3160 1936 Galbam
3202 1871 3394 1936 contra

1799 1943 2071 2020 Neronem
2098 1943 2554 2020 inthroniﬁzafnnt.
2599 1953 2784 2007 Facile
2825 1943 3010 2008 autem
3051 1951 3153 2005 fuit
3195 1961 3251 2006 ut
3293 1966 3394 2020 pro

1799 2015 1943 2094 ᾼυιο
1963 2018 2079 2094 sive
2099 2018 2311 2094 dolone
2333 2019 2540 2094 legeret
2559 2027 2682 2094 quis
2710 2023 2956 2089 Alotum,
2983 2036 3079 2094 seu
3101 2015 3388 2094 Aulotum.

1802 2088 2077 2164 Iosephus
2100 2089 2157 2164 in
2182 2089 2304 2164 Yita
2328 2106 2424 2145 sua
2447 2093 2557 2161 agit
2577 2088 2648 2152 de
2673 2095 2907 2160 Alituro,
2931 2088 3026 2164 qui
3050 2092 3152 2147 fuit
3189 2093 3391 2150 Neroni

1799 2157 2037 2224 charus,
2061 2159 2160 2215 sed
2200 2161 2288 2215 hic
2329 2171 2444 2216 erat
2484 2157 2712 2221 'Judrcns
2747 2157 2989 2236 genere,
3027 2173 3084 2219 et
3107 2165 3393 2236 Mimorum

1798 2239 2437 2308 auctor,_non‘_qu:estor
2467 2245 2558 2290 aut
2589 2234 2794 2308 judex',
2829 2253 2930 2292 nec
2965 2234 3179 2308 ostendi
3215 2243 3395 2302 potest

1801 2301 2086 2378 llispanias
2110 2301 2329 2378 adiisse.
2357 2301 2610 2364 Attamen
2641 2301 2827 2378 procul
2851 2307 3018 2378 dubio
3058 2307 3163 2378 luit
3200 2301 3393 2378 Alotus
3467 2367 3474 2374 ,

1798 2372 1939 2447 (sive
1957 2445 1965 2447 _
1983 2373 2232 2440 Haloms)
2255 2375 2395 2430 alter
2417 2391 2479 2430 ex
2504 2372 2840 2447 Spadonihus
2870 2377 3082 2434 Claudii
3125 2375 3384 2447 Caesaris,

1796 2445 1888 2511 qui
1917 2445 1994 2507 ei,
2020 2454 2277 2517 monente
2301 2445 2615 2517 Agrippina.
2659 2465 2928 2504 venenum
2952 2491 2967 2514 ,
3002 2457 3063 2502 ut
3101 2449 3246 2503 Nero
3285 2445 3390 2502 im-

124 2515 173 2606 λη
196 2516 273 2571 his
293 2518 378 2588 qui
410 2515 549 2572 intra
584 2517 877 2600 Gratciarn,
905 2517 989 2598 vel
1021 2517 1072 2571 in
1107 2524 1222 2606 toto
1253 2515 1694 2606 etiam.0.riente
1721 2546 1770 2606 Β
1799 2517 2083 2606 peritarct,
2106 2515 2443 2606 prgpinavit;
2468 2515 3263 2606 cujusmeniinitTacituslib.
3287 2533 3384 2602 aut

126 2586 424 2660 ﬂoruerunt,
451 2604 675 2660 semper
699 2590 1024 2658 exprimitur
1046 2589 1220 2660 sedis,
1253 2595 1307 2642 et
1334 2586 1688 2660 necislocns,

123 2658 234 2726 quia
260 2661 506 2715 nimirum
539 2658 611 2714 ab
644 2661 775 2730 ipsis
807 2660 971 2715 facile
1021 2658 1272 2727 cognitus
1321 2668 1437 2724 est;
1493 2659 1545 2712 in
1606 2659 1691 2714 his

123 2740 285 2784 autem
310 2732 395 2801 qui
424 2733 476 2787 in
503 2733 668 2800 longe
709 2731 904 2800 positis
955 2730 1271 2798 regionibus
1315 2730 1694 2786 occubuerunt

122 2815 214 2872 pro
243 2801 362 2865 ﬁde,
395 2804 700 2872 sepissime
728 2803 880 2857 locus
910 2802 1240 2862 subticetur;
1295 2808 1482 2870 utpote
1530 2817 1690 2867 quem

121 2869 216 2939 ipsi
246 2874 460 2928 minime
476 2869 760 2942 cognitum
795 2873 1080 2928 haberent.
1110 2872 1243 2927 Cum
1270 2873 1690 2942 verollispania

117 2941 317 3015 antiqui
349 2944 499 2998 orbis
530 2941 647 3000 linis
670 2986 686 3010 ,
743 2943 870 3015 plus
921 2945 1135 3015 caeteris
1184 2958 1214 2996 a
1250 2941 1688 3015 GraecisdiStet;

119 3013 242 3067 inde
271 3015 464 3068 laetum
488 3025 590 3082 est,
618 3025 677 3070 ut
702 3013 1020 3070 sanctorum
1054 3014 1416 3083 Hispanorum
1466 3013 1602 3068 festa
1637 3017 1689 3070 in

122 3086 412 3156 menologio
436 3088 553 3141 sine
581 3097 732 3142 certa
773 3087 906 3141 urbe
937 3095 990 3141 et
1023 3087 1240 3156 regione
1261 3085 1524 3139 collocata
1555 3089 1687 3150 sint,

120 3169 227 3208 cum
257 3167 449 3225 tamen,
480 3157 527 3212 si
556 3159 733 3213 sancti
767 3158 841 3213 illi
874 3173 940 3213 ex
973 3157 1178 3212 Graecis
1205 3167 1417 3224 essent,
1454 3157 1689 3212 nullate-

119 3240 212 3282 nus
231 3227 279 3281 id
303 3227 369 3284 de
389 3229 501 3283 illis
522 3231 842 3285 reticerent.
868 3228 1000 3284 lude
1024 3244 1149 3283 vero
1170 3226 1390 3293 accidit,
1413 3238 1471 3281 ut
1491 3227 1692 3283 Roma-

122 3313 234 3350 num
262 3301 748 3371 martyrologiutn,
778 3317 903 3354 cum
962 3299 1030 3354 de
1077 3299 1283 3354 eisdem
1333 3301 1478 3371 agit,
1526 3299 1690 3355 urbes

117 3383 312 3439 quoque
338 3369 728 3439 et‘provincias
763 3373 976 3426 illorum
1015 3371 1208 3434 sileat,
1253 3369 1379 3438 quia
1431 3371 1686 3424 nimirum

119 3439 287 3494 horum
312 3441 467 3511 festa,
502 3452 558 3497 et
585 3443 806 3504 nomina
833 3459 863 3497 a
893 3441 1206 3498 Grmcormn
1237 3442 1548 3507 menolngio
1572 3458 1690 3497 mu-

121 3514 294 3577 tuavit,
321 3520 462 3582 quod
496 3525 677 3568 tamen
711 3515 841 3581 ipsis
867 3512 1163 3569 earet.Cur
1191 3523 1371 3566 autem
1412 3513 1463 3566 iu
1499 3512 1689 3580 Histia-

118 3582 194 3635 nia
219 3584 302 3638 ubi
341 3586 517 3639 sancti
551 3585 658 3652 ipsi
689 3585 992 3640 ﬂoruerunt
1013 3625 1026 3648 ,
1060 3583 1321 3638 memoria
1369 3584 1687 3638 eorumdem

63 3701 82 3724 ,
118 3652 383 3721 interierit,
409 3657 460 3709 in
495 3665 754 3725 promptu
786 3655 923 3710 ratio
962 3665 1047 3709 est
1079 3670 1094 3706 :
1126 3669 1287 3709 nemo
1327 3655 1470 3708 enim
1517 3655 1688 3710 nescit

118 3738 236 3797 Quas
264 3742 402 3791 szepe
423 3741 686 3797 perpessa
714 3727 878 3782 luerit
909 3726 1252 3797 calamitates
1269 3735 1323 3780 et
1345 3725 1682 3797 eversiones,

118 3796 198 3866 sed
244 3796 436 3864 gratias
467 3799 604 3865 Deo,
658 3799 804 3866 quod
837 3797 1052 3852 tandem
1095 3796 1302 3851 Dextro
1351 3796 1685 3865 postliminio

120 3865 285 3938 {educi
309 3869 433 3922 illud
461 3868 628 3924 Tullii
653 3865 720 3922 ad
748 3868 1049 3923 Varronem
1079 3867 1194 3938 (libr.
1224 3881 1240 3920 1
1271 3867 1437 3921 Aenii.
1459 3865 1683 3938 quaest.)

1798 2587 2114 2643 Annalium.
2172 2587 2306 2657 Ejus
2343 2590 2422 2643 rei
2467 2587 2676 2646 meritis
2727 2593 2925 2646 missus
2956 2598 3044 2644 est
3098 2589 3292 2643 Alotus
3333 2591 3388 2645 in

1795 2657 2168 2727 Hispanias,et
2189 2661 2722 2725 quiaastorinstitutus
2740 2663 2894 2718 initio
2910 2659 3387 2728 imperiiNerouis.

1867 2730 2164 2801 5.Augusto
2177 2729 2442 2800 Tiberius,
2461 2733 2855 2789 etc.Percurrit
2872 2733 3080 2788 Dexter
3098 2733 3303 2800 impera
3313 2739 3396 2784 to-

1795 2817 1923 2875 rum
1955 2801 2156 2875 seriem
2197 2802 2266 2855 ab
2298 2801 2524 2858 Octavio
2568 2807 2854 2875 Augusto,
2899 2803 3076 2875 _cujus
3141 2812 3388 2875 tempore

1794 2870 2049 2944 Christus
2078 2874 2140 2944 D.
2175 2884 2334 2928 natus
2359 2884 2486 2938 est,
2535 2870 2710 2944 usque
2750 2870 3139 2931 ad'Neroncm
3182 2874 3272 2942 qui
3303 2873 3389 2928 his

1794 2943 2056 3012 regnabat
2093 2943 2309 2999 diebus.
2370 2944 2565 2999 Deerat
2621 2943 2684 3000 in
2730 2947 2923 3002 codice
2957 2945 3390 3011 Caesaraugusta:

1793 3013 2062 3083 impresso
2099 3014 2283 3081 Caius,
2311 3015 2408 3070 sed
2440 3015 2587 3070 illum
2618 3019 2832 3072 restitui
2864 3032 2934 3072 ex
2979 3013 3388 3082 manuscriptis.

1793 3086 2015 3157 Obierat
2055 3089 2330 3155 Augustus
2352 3101 2498 3143 anno
2538 3087 2742 3144 CltriSti
2776 3089 2874 3157 16,
2931 3095 2991 3140 ut
3029 3085 3389 3157 Epiphanius

1793 3157 1846 3212 in
1877 3156 2196 3212 Anc-horan
2226 3166 2460 3212 testatur
2487 3177 2499 3211 :
2529 3169 2754 3214 secutus
2777 3156 2932 3214 illum
2973 3156 3226 3213 Tiberius
3279 3157 3386 3210 int-

1792 3231 2001 3298 peravit
2045 3243 2215 3282 annos
2238 3230 2308 3282 22
2333 3244 2455 3284 cum
2481 3229 2733 3296 dimidio,
2763 3231 2898 3286 obiit
2921 3243 3052 3284 vero
3105 3242 3248 3282 anno
3272 3227 3384 3282 Do-

1792 3298 1924 3354 mini
1956 3299 2045 3353 39.
2076 3299 2351 3372 Successit
2385 3300 2552 3354 Caius
2593 3302 2838 3372 Caligula
2893 3301 3006 3372 fere
3038 3299 3083 3372 _4
3111 3314 3288 3372 atinas
3329 3299 3382 3354 in

1794 3372 2027 3440 imperio
2053 3371 2357 3439 complens,
2383 3387 2558 3440 usque
2589 3373 2654 3426 ad
2686 3369 2887 3427 annum
2923 3369 3126 3425 Christi
3159 3370 3228 3423 43
3270 3385 3386 3440 quo

1791 3439 2008 3497 ocCisus
2033 3453 2138 3496 est.
2171 3442 2303 3495 Post
2319 3439 2481 3512 quem
2504 3441 2768 3498 Claudius
2789 3445 2998 3498 Drusus
3023 3439 3385 3512 Germanicus

1791 3529 1967 3568 annos
1997 3515 2064 3568 15
2090 3523 2144 3568 et
2175 3510 2394 3568 menses
2414 3517 2448 3568 8
2468 3515 2612 3569 rexit
2637 3515 2824 3568 orbem
2851 3531 2866 3577 ;
2893 3528 3064 3578 usque
3089 3510 3156 3566 ad
3180 3527 3382 3566 annum

1790 3583 2005 3638 Domini
2031 3585 2101 3639 ἓιϐ
2122 3601 2230 3652 quo
2258 3585 2417 3639 obiit.
2453 3585 2606 3639 Hunc
2643 3586 2908 3640 Claudius
2931 3584 3072 3639 Nero
3112 3583 3380 3651 sequitur,

1789 3666 1847 3710 et
1888 3670 2060 3724 usque
2101 3655 2168 3709 ad
2221 3672 2424 3710 annum
2461 3657 2671 3710 Domini
2698 3657 2767 3712 69
2801 3655 3124 3726 imperavit,
3177 3663 3384 3726 utrsuo

1790 3727 1908 3781 loco
1937 3727 2201 3780 dicemus.
2245 3726 2588 3782 Conveniunt
2617 3728 2668 3780 iu
2694 3727 2778 3782 his
2814 3725 2909 3780 Dio
2937 3725 3156 3782 Cassius
3181 3765 3197 3790 ,
3245 3725 3380 3781 Sue-

1792 3798 1994 3858 tonius,
2029 3797 2274 3865 Tacitus,
2309 3807 2364 3851 et
2393 3799 2573 3853 caeteri
2620 3797 3043 3866 historiographi
3086 3795 3382 3862 imperato-

1790 3884 1910 3924 rum
1939 3867 2327 3939 Romanorum,
2357 3883 2493 3939 quos
2517 3869 2666 3923 card.
2697 3869 2958 3924 Baronius
3001 3880 3222 3939 secutus
3272 3877 3377 3939 est.

117 3935 278 3990 dicere
308 3954 592 4006 possumus
619 3956 636 3992 :
670 3939 784 3994 Nos
812 3941 864 3992 in
889 3951 1064 3993 nostra
1082 3932 1224 3991 "urbe
1281 3932 1684 4010 peregrinantes,
1713 3932 1760 3993 C
1863 3941 1919 3995 4.
1977 3932 2529 4010 Τετγιεηιοιιιόνῖιιεη
2557 3939 2669 3992 lloc
2722 3955 2786 3992 ex
2836 3938 3055 4010 Eusebii
3084 3934 3382 4010 _C|_tr0uico

117 4018 418 4082 errantesque
445 4021 709 4080 tamquam
743 4009 994 4082 hospites,
1024 4011 1105 4082 tui
1125 4010 1249 4082 libri
1291 4011 1436 4082 quasi
1474 4010 1685 4062 domum

119 4079 407 4134 reduxerunt
426 4099 442 4147 ;
457 4090 530 4154 _ut
559 4079 1142 4154 possentus'aliquaudo
1165 4081 1253 4146 qui
1281 4092 1326 4132 et
1351 4081 1436 4154 ubi
1463 4097 1685 4134 essemus

120 4165 422 4220 cognoscere.
453 4152 530 4206 Tu
557 4152 762 4207 artatcm
793 4155 1005 4224 patriar,
1052 4164 1104 4206 tu
1134 4153 1496 4224 descriptiones
1552 4164 1682 4204 tem-

116 4236 302 4286 porum,
332 4232 385 4275 tu
413 4241 676 4278 sacrorum
697 4223 855 4294 jura,
889 4232 946 4276 tu
975 4225 1321 4279 sacerdotum.
1356 4232 1409 4276 tu
1437 4223 1682 4276 dantesti-

116 4306 232 4364 cum,
251 4301 305 4345 tu
329 4294 562 4349 bellicam
589 4295 943 4364 disciplinam,
981 4305 1033 4347 tu
1072 4296 1212 4348 sedes
1262 4294 1529 4364 regionum
1553 4338 1567 4360 ,
1623 4302 1680 4348 tu

116 4359 344 4431 locorum,
365 4375 418 4420 tu
441 4368 672 4421 omnium
701 4359 993 4420 divinarum
1031 4359 1470 4435 humanarumque
1508 4359 1679 4419 rerum

118 4437 325 4508 nomina,
350 4439 550 4507 ofﬁcia,
587 4455 772 4491 causas
804 4438 1070 4508 aperuisti.
1106 4436 1174 4492 Ut
1210 4438 1387 4490 sciant
1417 4452 1546 4490 vero
1573 4437 1680 4490 ’1⁸0-

117 4502 284 4578 lctani,
315 4502 698 4578 Hispalenscs,
753 4502 1184 4577 cmierarumquc
1232 4508 1446 4562 urbium
1499 4508 1673 4573 cives,

116 4576 291 4642 quibus
325 4579 373 4633 hi
406 4576 581 4635 sancti
614 4579 956 4650 praefuerunt
980 4622 994 4646 ,
1047 4576 1301 4650 patronos
1347 4595 1474 4634 suos
1505 4579 1678 4632 hono-

114 4660 337 4722 rare,ne
390 4652 570 4722 pigeat
599 4667 695 4706 eos
731 4651 1014 4706 attendere
1041 4696 1056 4718 ,
1109 4659 1309 4720 quanta
1369 4652 1674 4706 reverentia

116 4713 272 4794 Graeci
303 4713 564 4778 hactevuus
589 4723 642 4777 in
673 4737 773 4777 suo
809 4713 1361 4794 menologio'nostros
1405 4732 1674 4792 martyres

113 4787 457 4848 celebrarunt.

176 4859 228 4942 in
279 4863 665 4942 Martyrologio
720 4864 971 4942 ﬁomano
1007 4863 1204 4942 deficit
1238 4880 1447 4942 nomen
1485 4863 1561 4942 S._
1591 4863 1669 4919 Pii

114 4935 330 5004 episcopi
355 4935 690 5008 et’martyris
719 4935 1080 5008 llispalensis,
1121 4937 1276 5006 cujus
1319 4935 1670 5008 nihilominus

113 5014 220 5076 gum
249 5009 453 5063 czeteris
475 5007 645 5063 sociis
675 5007 924 5062 meminit
969 5007 1216 5076 Pelagius
1262 5007 1549 5062 Ovetensis
1569 5048 1583 5069 ,
1613 5015 1670 5062 et

113 5069 248 5148 litigo
284 5077 740 5149 Portugallensis,
783 5093 1010 5148 quorum
1060 5069 1388 5133 m'entionem
1445 5078 1668 5132 fecimus

112 5157 160 5194 in
184 5151 568 5218 superioribus,
612 5161 669 5205 et
696 5159 824 5203 ante
872 5164 970 5205 eos
1001 5149 1060 5205 S.
1102 5149 1434 5206 Caledonius
1471 5149 1669 5204 Braca-

112 5221 265 5272 reusis
289 5221 337 5275 in
371 5221 486 5277 Vita
519 5223 578 5279 S.
621 5222 770 5276 Petri
799 5219 1072 5276 Rutensis.

172 5290 307 5353 Quod
343 5293 561 5358 dicitur,
607 5292 824 5348 occisos
868 5292 1038 5346 fuisse
1081 5293 1208 5347 dum
1246 5290 1314 5346 ad
1357 5288 1660 5346 Concilium

111 5362 449 5426 clins-coirent.
485 5366 614 5420 inde
643 5365 781 5418 satis
813 5374 1002 5433 aperte
1030 5363 1338 5430 deducitur,
1383 5363 1526 5432 quod
1571 5362 1667 5418 de-

112 5439 211 5509 tetu
229 5433 385 5509 simul
398 5437 647 5509 episcopi
670 5435 938 5509 martyrio
965 5433 1298 5509 allectisunt
1323 5450 1338 5488 :
1366 5449 1472 5509 non
1523 5435 1672 5509 enim

113 5499 294 5579 videtur
320 5499 476 5564 aliter
506 5499 626 5565 lleri
675 5499 924 5579 potuisse
969 5515 1077 5579 tota
1115 5507 1380 5561 distantes
1412 5505 1670 5579 Hispania

111 5574 248 5629 simul
271 5590 504 5647 necatos,
543 5581 652 5636 nisi
675 5574 754 5634 'ad
795 5576 1100 5633 Concilium
1145 5579 1520 5631 convenirent.
1563 5575 1670 5630 Lo—

112 5648 354 5724 gisetiam
379 5652 610 5708 Concilii
645 5651 854 5724 indicat
892 5658 1107 5724 tempus
1143 5649 1458 5724 saevissima:
1489 5661 1675 5716 perse-

111 5717 327 5797 P'Illipnis;
355 5738 414 5778 ea
440 5723 802 5797 siquidemin
828 5717 1151 5797 causaTuit,
1186 5727 1246 5772 ut
1275 5717 1342 5772 ad
1377 5719 1675 5797 locum-re-

115 5788 425 5851 lautissimum
452 5837 468 5867 ,
495 5788 553 5854 et
595 5796 668 5852 ad
706 5792 1061 5851 Pcninsulam
1092 5791 1266 5864 ipsam
1317 5788 1672 5859 secesserint,

1791 4018 2095 4064 mtttuatum
2120 4010 2284 4075 scias,
2319 4009 2406 4062 ubi
2433 4009 2677 4070 legimus,
2708 4010 2855 4061 Anno
2886 4007 3092 4061 Domini
3111 4006 3181 4061 60
3203 4014 3381 4061 terra-

1788 4093 1954 4135 motus
1980 4079 2187 4147 Romm,
2212 4090 2260 4133 et
2296 4078 2420 4131 solis
2451 4079 2687 4149 defectio.

1860 4155 1913 4208 5.
1962 4151 2175 4204 Vivebat
2227 4149 2481 4216 Lupuria,
2517 4147 2640 4202 etc.
2703 4149 2844 4202 Duas
2873 4148 3044 4204 fuisse
3089 4147 3372 4216 Luparias,

1787 4223 2148 4279 Galzncianam
2189 4235 2374 4282 uuam,
2408 4221 2636 4273 alteram
2673 4219 2930 4272 lla-ticam
2980 4221 3031 4271 in
3075 4219 3376 4288 superiori-

1787 4296 1890 4350 bus
1921 4295 2432 4358 detuonstravnuus,
2467 4290 2533 4344 ad
2563 4305 2762 4343 annum
2786 4290 2855 4344 d9.
2877 4297 2933 4344 et
2955 4289 3046 4344 45.
3083 4291 3155 4344 De
3179 4292 3378 4344 sancti-

1787 4375 1894 4421 tate
1928 4365 2138 4420 B.t-ticn:
2173 4375 2253 4418 est
2287 4364 2560 4432 egregium
2592 4362 2963 4432 testimonium
2991 4360 3048 4415 S.
3080 4359 3289 4432 Isidorig
3321 4362 3374 4416 in

1784 4437 1987 4509 hymno
2014 4437 2072 4492 S.
2106 4434 2360 4509 Torquati
2393 4430 2451 4488 et
2480 4435 2772 4495 sociorum,
2816 4431 3078 4488 Breviat‘ii
3130 4430 3370 4500 Cotltici,

1784 4508 1872 4563 ubi
1903 4525 2008 4564 non
2039 4508 2582 4575 semeLnuncupatur
2609 4513 2795 4559 sancta
2829 4521 2842 4558 :

2089 4643 2208 4706 llaec
2224 4643 2378 4706 prima
2403 4640 2513 4706 ﬁdei
2542 4648 2619 4690 est
2636 4640 2709 4689 via
2736 4635 2981 4706 plebium;

2088 4699 2373 4768 Ittter'quos
2390 4703 2566 4768 mulier
2587 4699 2761 4768 sancta
2775 4699 2983 4768 Luparia

2088 4764 2293 4817 Sanctus
2313 4766 2610 4829 aggrediens
2628 4765 2807 4824 cernit,
2833 4771 2883 4811 ct
2902 4764 3152 4829 obsecras,

2088 4824 2376 4880 Sanctorum
2391 4824 2576 4877 monita
2600 4834 2802 4889 pectore
2826 4824 3103 4879 conloca“.

1846 4939 1918 4995 Et
1946 4913 2178 4994 inferius
2209 4954 2224 4993 :

2084 5049 2186 5100 lllic
2211 5058 2373 5102 sancta
2395 5048 2489 5098 Dei
2515 5049 2708 5099 flemina
2737 5049 2961 5111 tingitur.

2078 5113 2143 5163 Et
2167 5115 2277 5163 vitae
2301 5113 2488 5163 lavacro
2511 5114 2658 5162 tincta
2683 5114 2980 5161 renascitur.

1770 5222 1827 5278 ln
1861 5220 2022 5276 Missa
2049 5234 2184 5274 vero
2214 5217 2530 5273 eorumdem
2581 5225 2895 5270 sanctorum
2942 5215 3070 5282 legit
3106 5214 3368 5271 sacerdos

1771 5302 1898 5348 ante
1921 5292 2222 5346 orationem
2243 5290 2575 5344 liomiuicam
2597 5303 2786 5355 preces
2809 5285 2906 5340 has
2931 5302 2944 5338 :
2972 5285 3125 5350 Ecce,
3147 5287 3375 5341 dilectis-

1698 5332 1750 5394 Β
1921 5332 2361 5434 ῗιῖίιιινεεῗηιεωηι
2389 5360 2566 5414 oculos
2594 5332 2648 5434 in
2677 5359 2896 5434 sublime
2921 5332 3189 5434 (ιιι-οιίξίιῖ,Δ
3214 5359 3309 5434 ζιρε
3327 5373 3372 5434 _a

1781 5426 2009 5490 Domino
2030 5426 2323 5501 specialiter
2350 5430 2637 5501 precaturi,
2668 5438 2723 5482 ut
2749 5429 2840 5496 qui
2867 5428 3189 5501 gratia/idei
3213 5426 3370 5481 Chri-

1780 5507 1966 5560 stianae
2012 5497 2103 5557 cor
2143 5502 2318 5557 Beata:
2345 5497 2588 5572 Lupariaz
2615 5497 2966 5572 dignatus’est
2995 5497 3371 5572 illustrare‘re-

1782 5588 1950 5645 pentc,
2004 5590 2098 5628 nos
2136 5575 2190 5627 in
2232 5576 2328 5627 hoc
2355 5567 2612 5626 momento
2651 5567 2716 5624 a'b
2769 5571 2909 5645 omni
2938 5567 3373 5645 criminum‘labe

1780 5640 2022 5721 dignetur
2059 5645 2344 5721 efﬁcaciter
2371 5658 2663 5721 expurgare
2689 5658 2708 5695 :
2749 5640 3132 5714 proclamantes
3169 5640 3240 5693 ad
3269 5648 3318 5693 te
3343 5652 3373 5691 ε

1778 5713 1952 5783 terris,
1983 5713 2134 5789 atque
2157 5717 2229 5770 ita
2256 5717 2478 5789 dicentes
2503 5730 2520 5767 :
2552 5713 2709 5789 l’ater
2732 5713 2924 5777 noster,
2953 5722 3080 5789 etes
3145 5780 3179 5789 η
3285 5777 3295 5787 ,

1850 5794 1902 5848 6.
1941 5780 2204 5862 Regulus,
2238 5797 2346 5847 etc.
2377 5785 2616 5844 Consule
2644 5799 2853 5859 quaeea
2877 5781 3113 5852 antiquis
3143 5780 3367 5836 Brevia-
