3976 6288
548 243 657 307 1θῖ

1601 231 1834 296 FLAVIl
1871 232 2054 296 LUClI
2091 233 2351 295 DEXTRl
2387 229 2802 294 CHRONlCON.
2851 233 2876 249 '

3766 240 3860 304 188

531 360 618 421 Δ.
656 359 716 421 C.
754 357 851 420 60.
898 356 1163 420 Martialis
1185 357 1572 432 epigrammate
1600 354 1634 410 7
1661 363 1715 413 et
1736 354 1770 412 8
1797 334 2066 428 martyres
2095 354 2150 411 in
2175 367 2393 411 erucem
2433 361 2607 425 actos,
2638 359 2800 410 vocat
2817 350 3120 411 Laureolos
3148 358 3204 412 et
3230 353 3482 416 Daedalus
3513 354 3584 414 A.
3625 351 3696 421 ﬂ.
3731 357 3854 418 811.

983 454 1248 510 volantes.

727 549 818 605 61.

732 643 824 702 65.
901 640 1180 700 Barnabas
1204 639 1267 696 in
1283 637 1488 712 Cypro,
1519 645 1576 693 et
1599 636 1837 694 Jacobus
1873 634 2055 692 minor
2085 630 2477 705 Hierosolymis
2503 632 2699 690 occisi.

693 736 706 802 ξ
731 731 821 790 64.
897 734 1042 791 Ante
1068 745 1313 789 mensam
1339 728 1573 788 Neronis
1596 725 1942 799 imperatoris
1968 723 2176 782 fulmen
2201 722 2420 781 cecidit.

897 546 1042 604 Nero
1069 557 1296 602 matrem
1327 559 1481 600 suam
1505 541 1882 614 Agrippinam,
1914 549 1971 599 et
1999 539 2248 597 sororem
2278 538 2449 610 patris
2479 546 2659 596 necat.

3731 637 3857 695 811.

3733 731 3859 790 815.

911 826 1204 898 Eptenetus
1229 838 1353 882 cum
1383 823 1614 879 multum
1641 820 1846 892 diuque
1867 817 1924 874 in
1957 815 2214 888 ﬂispania
2238 817 2565 884 laborasset,
2597 814 2818 873 tandem
2853 815 2963 875 fine
3001 817 3166 876 beato
3191 817 3248 876 in
3292 818 3430 878 urbe
3466 835 3570 879 sua

983 917 1210 993 quievit.
1242 917 1474 974 Dubium
1501 930 1571 972 an
1597 922 1827 986 martyr.

1769 1025 2029 1086 BIYABII
2063 1023 2680 1094 COMMENTARIUSJ?

555 1152 656 1212 riis
683 1151 955 1222 Hispania;
983 1158 1039 1222 et
1069 1149 1236 1222 Petro
1264 1147 1526 1222 episcopo
1564 1143 1824 1222 Eqnilino
1862 1139 2148 1222 annotavi:
2172 1143 2222 1200 Α
2251 1137 2392 1222 Eide
2440 1137 2688 1222 Tacitum
2717 1138 2834 1194 'lib.
2887 1154 2980 1210 xv,
3037 1141 3362 1222 suetoninm
3411 1149 3471 1222 et
3523 1142 3759 1222 Dionem
3809 1148 3859 1204 in

560 1239 682 1282 mus
709 1213 966 1295 de'hujus
995 1213 1577 1297 Regulicoiiversione
1604 1213 1671 1271 ad
1702 1229 1902 1297 annum
1921 1213 2150 1297 _Domini

560 1295 660 1370 4‘2,
695 1284 895 1366 quibus
917 1284 1238 1370 nuneaddit
1262 1291 1493 1370 pater,
1526 1297 1733 1370 tantum
1765 1285 1821 1341 in
1864 1284 1972 1340 lide
2023 1297 2152 1370 pro:

560 1358 780 1436 fecisse,
807 1376 866 1420 ut
894 1365 1100 1436 relictis
1127 1363 1383 1419 omnibus
1415 1362 1472 1418 in
1500 1358 1860 1417 solitudinem
1886 1358 2152 1412 secedens

561 1447 750 1494 sancte
768 1435 949 1506 egerit
970 1437 1019 1490 in
1050 1435 1196 1489 luco.
1263 1502 1304 1507 _
1487 1501 1499 1507 _
1531 1502 1544 1507 _
1749 1498 1763 1507 _
1939 1497 1970 1507 _.

633 1509 686 1564 7.
729 1492 768 1562 S
783 1492 1102 1573 .uMartialis,
1130 1513 1239 1560 etc.
1263 1502 1344 1558 Eo
1372 1501 1619 1578 saevitiae,
1646 1513 1710 1578 ac
1732 1497 2024 1578 dementia:
2047 1492 2152 1578 Do-

561 1579 818 1650 mitianus
850 1569 1142 1650 itttperaior
1180 1569 1796 1650 pervenisseproditur,
1830 1569 1971 1635 quod
2001 1569 2150 1650 anti-

559 1663 722 1722 quam
752 1644 1005 1722 Laureoli
1046 1644 1282 1703 fabulam
1332 1646 1387 1722 in
1428 1644 1751 1722 Christianis
1795 1644 2148 1722 expresserit,

561 1709 618 1777 tit
671 1720 873 1790 populo
935 1720 1182 1791 Romano
1247 1717 1522 1791 praeberet
1575 1714 1795 1791 insolita
1848 1709 1917 1791 ad
1973 1709 2150 1791 vivum

558 1782 892 1862 spectacula.
914 1790 1170 1847 Creditur
1200 1804 1231 1843 a
1251 1782 1448 1862 poetis
1463 1785 1771 1841 Laureolus
1794 1782 2156 1862 sceleratissi-

561 1851 686 1918 mus
737 1863 900 1927 latro,
954 1877 1130 1931 eoque
1150 1851 1396 1937 “nomine
1435 1858 1490 1937 i_n
1529 1863 1954 1937 crucemactu‘s,
1987 1859 2044 1907 et

561 1949 695 1990 urso
743 1921 1098 1989 dilaceratus.
1143 1931 1276 1996 Quae
1325 1927 1502 1982 fabula
1553 1925 1844 1996 aliquoties
1877 1923 2062 1996 Romae
2102 1921 2155 1977 in

563 2003 892 2076 spectaculis
919 1992 1316 2076 repraesentata
1356 2008 1460 2076 est,
1508 1992 1687 2076 semei
1701 1994 1924 2076 quidem
1958 2009 1986 2048 a
2017 1992 2156 2076 Cen-

567 2069 707 2140 tulo,
752 2075 820 2131 de
849 2089 958 2142 quo
990 2069 1200 2128 Dexter
1230 2070 1456 2127 inferius
1484 2084 1629 2126 anno
1657 2069 1751 2138 86,
1802 2069 1960 2135 cujus
1988 2069 2156 2122 etiam

573 2146 824 2204 meminit
853 2143 1131 2201 Juvenalis
1159 2145 1408 2214 inquiens
1438 2159 1451 2197 :

723 2305 728 2316 ,
752 2255 1043 2307 Laureolum
1071 2256 1214 2306 velox
1245 2257 1390 2306 etiam
1413 2255 1546 2306 bene
1569 2252 1810 2306 Lentulus
1834 2252 1973 2318 egit:

754 2319 929 2371 Judice
953 2333 1054 2381 me,
1081 2331 1196 2369 vera
1217 2318 1392 2381 dignus
1415 2331 1581 2368 cruce.

565 2425 725 2494 Quod
753 2441 885 2496 ergo
918 2425 972 2482 in
1011 2427 1188 2483 Scena
1223 2426 1450 2495 figurate
1481 2424 1763 2480 dumtaxat
1803 2431 2163 2496 reprmsenla-

565 2498 748 2562 batur,
793 2494 1135 2591 plemitianns
1179 2497 1233 2552 in
1273 2495 1611 2591 martyribus
1646 2497 1918 2591 expressit
1965 2494 2035 2591 ad
2189 2531 2235 2591 Β

564 2584 697 2626 vum.
725 2569 1048 2651 :“idemque
1097 2566 1664 2651 ante_ips_t_tm_.N‘ero,
1690 2577 1758 2651 ‘ut
1790 2566 1902 2651 iam
1942 2566 2158 2651 .videbi-

564 2653 708 2696 mus.
755 2638 868 2695 Hos
899 2637 1069 2711 igitur
1098 2638 1312 2711 deridet
1338 2637 1621 2711 Martialis,
1652 2645 1710 2692 ut
1753 2637 1986 2692 ethnicis
2022 2638 2158 2693 arri-

565 2715 714 2780 deat,
747 2709 1144 2782 epigrammate
1173 2709 1207 2766 9
1231 2719 1364 2765 ante
1394 2709 1484 2765 lib.
1517 2723 1537 2764 ι
1569 2725 1586 2767 :

753 2824 974 2889 Qualiter
1003 2827 1051 2875 in
1077 2824 1304 2889 Scythica
1322 2823 1576 2889 relegatus
1600 2834 1728 2886 rupe
1752 2822 2098 2889 Prometheus,

814 2886 1071 2938 Assiduam
1095 2886 1242 2939 nl'veo
1269 2886 1369 2948 [Αι.
1396 2886 1523 2950 vivo]
1551 2892 1755 2950 pectore
1781 2887 1914 2948 pavit
1938 2898 2098 2938 avem.

750 2949 892 3013 Nuda
916 2950 1179 3013 caledonio
1196 2953 1268 3013 sic
1291 2954 1488 3013 pectora
1508 2949 1723 3013 praebuit
1745 2960 1882 3013 urso,

819 3011 927 3062 Non
943 3011 1062 3061 falsa
1084 3010 1310 3073 pendens
1333 3012 1386 3060 in
1401 3010 1549 3062 cruce
1571 3010 1862 3061 Laureolus.

566 3109 730 3178 Quasi
760 3109 993 3166 dixerit:
1023 3109 1120 3165 Hic
1148 3124 1323 3165 novus
1349 3109 1650 3165 Laureolus
1682 3117 2042 3179 reprmsentat
2068 3124 2166 3164 an-

569 3182 701 3251 tiqui
729 3179 990 3246 labnlam,
1033 3195 1140 3234 non
1174 3190 1352 3251 tamen
1403 3183 1454 3234 in
1489 3181 1619 3235 falsa
1648 3195 1815 3251 cruce
1849 3182 2070 3250 pendet,
2108 3191 2160 3237 et

571 3249 799 3321 figurate
828 3251 1132 3317 dumtaxat,
1156 3249 1252 3305 sed
1274 3265 1404 3307 vere
1434 3251 1580 3306 cruci
1608 3249 1805 3304 afﬁxus
1838 3261 1942 3306 est.
2056 3249 2061 3250 7
2110 3255 2114 3259 ’

644 3321 922 3379 Subinl'crt
952 3321 1216 3377 Martialis
1247 3338 1262 3374 :

759 3428 1008 3486 Vivebant
1028 3434 1181 3484 laceri
1205 3433 1439 3484 membris
1459 3433 1755 3484 stillantibus
1775 3438 1912 3484 artus

1483 3497 1565 3558 (en
1588 3494 1817 3558 martyris
1841 3497 2074 3562 stragem)

823 3555 982 3618 Inque
1003 3556 1136 3606 omni
1158 3569 1393 3621 nusquam
1417 3555 1627 3621 corpore
1649 3555 1824 3622 corpus
1847 3555 1972 3610 erat.

572 3660 726 3719 Nunc
751 3663 1010 3733 supponit
1044 3663 1273 3737 martyri
1300 3663 1530 3720 crimina
1563 3682 1578 3720 :

761 3775 993 3843 Denique
1013 3777 1311 3843 supplicium
1335 3779 1542 3843 dederat
1564 3779 1703 3830 necis
1724 3779 1810 3830 ille
1833 3786 2075 3843 paternae,

825 3838 932 3907 Vel
943 3838 1134 3907 Domini
1153 3840 1382 3907 jugulum
1405 3840 1740 3907 foderatense
1766 3838 1976 3907 noeenq;

762 3899 976 3968 Teinpla
993 3902 1068 3968 vel
1089 3899 1268 3953 ardalio
1290 3903 1498 3968 demens
1515 3904 1814 3968 spoliaverat
1832 3899 1968 3968 auro,

826 3962 1122 4015 Subdiderat
1143 3979 1299 4016 stevas
1322 3965 1400 4016 vel
1426 3967 1531 4028 tibi,
1545 3962 1715 4028 Roma,
1738 3966 1887 4018 faces.

573 4087 842 4144 Caeterum
901 4089 1034 4146 nihil
1091 4091 1284 4147 horum
1348 4093 1690 4148 commisisse
1751 4103 2009 4160 constat,
2083 4096 2170 4152 cui

577 4161 785 4234 nullum
820 4171 1027 4216 certum
1055 4164 1260 4218 crimen
1289 4164 1573 4234 objiritur,
1605 4165 1707 4219 sed
1737 4165 1838 4220 hoc
1877 4167 1962 4222 vel
1987 4168 2118 4223 illu’d
2151 4186 2164 4224 :

579 4231 836 4287 videlicet
867 4234 949 4288 vel
996 4231 1372 4304 parricidium,
1403 4236 1487 4289 vel
1527 4236 1736 4290 domini
1767 4237 1846 4290 sui
1878 4238 2048 4303 necis,
2086 4239 2172 4294 vel

577 4303 760 4376 templi
806 4303 1062 4373 Spolinm,
1104 4308 1188 4360 vel
1219 4307 1454 4376 denique
1487 4306 1751 4360 Romamn
1789 4307 1944 4361 urbis
1985 4309 2174 4364 incen-

574 4373 742 4429 dium.
775 4377 894 4440 Quo
947 4391 1057 4430 uno
1090 4373 1432 4446 compertum
1490 4379 1565 4444 fit,
1602 4385 1901 4500 martgrem
1949 4379 2018 4433 de
2066 4395 2172 4450 quo

577 4445 817 4500 lonuitur
872 4457 1066 4500 noeta.
1120 4446 1190 4499 de
1241 4445 1351 4499 illis
1396 4446 1585 4500 fuisse.
1645 4446 1733 4500 nui
1780 4462 1842 4500 us
1882 4447 2025 4500 Nero
2066 4451 2172 4500 cri-

577 4445 817 4514 loquitur
872 4457 1066 4515 poeta,
1120 4446 1190 4515 de
1222 4445 1351 4499 illis
1396 4446 1585 4513 fuisse,
1645 4445 1842 4515 quibus
1882 4447 2025 4503 Nero
2066 4445 2172 4506 eri-

575 4531 700 4589 men
734 4514 956 4589 impegit
987 4514 1453 4589 incendiariorum
1476 4514 1842 4589 urbis,’quam
1876 4519 1992 4589 ipse
2023 4535 2175 4576 com-

575 4585 846 4643 busserat.
883 4586 995 4641 lloc
1030 4586 1177 4640 enim
1203 4595 1286 4641 est
1315 4585 1460 4656 quod
1491 4586 1586 4654 ait,

824 4714 1122 4768 Subdiderat
1144 4728 1298 4768 saevas
1319 4716 1394 4768 vel
1415 4717 1522 4782 tibi,
1539 4717 1711 4783 Roma,
1730 4719 1879 4774 faces.

651 4821 820 4878 Addit
848 4821 1090 4892 denique
1122 4839 1137 4876 :

763 4935 967 5003 Vicerat
996 4937 1205 5003 antiqua}
1228 4935 1501 5003 sceleratus
1523 4940 1722 5003 crimina
1749 4938 1924 5003 famte;

824 4997 882 5047 lu
913 5010 1012 5061 quo
1036 5011 1146 5062 quae
1177 4998 1337 5050 fuerat
1360 4999 1522 5052 fabula
1548 5000 1630 5065 (id
1657 5009 1725 5054 est
1751 4997 2169 5121 reprw'sentatioi,

1894 5081 2038 5130 poena
2084 5083 2171 5119 ιιι.

577 5187 693 5243 lloc
713 5195 820 5268 est,
864 5189 1050 5243 ueritas
1077 5189 1444 5268 fuit._llorttm
1473 5192 1569 5248 SS.
1591 5205 1907 5268 martyrum
1934 5197 2173 5254 celebris

578 5258 1175 5341 memorianqnqlannis
1200 5261 1547 5341 inStauratu‘r
1589 5265 1640 5318 in
1693 5258 1936 5322 Romano
1968 5268 2169 5341 Marty-

577 5329 783 5401 rologio
828 5331 919 5390 die
971 5332 1042 5387 24
1085 5333 1259 5399 Junii,
1307 5337 1523 5390 tametsi
1581 5352 1686 5392 non
1729 5353 1918 5394 omnes
1973 5329 2164 5396 eodem

577 5404 771 5457 mortis
805 5417 1002 5473 genere
1031 5404 1228 5479 sublati
1253 5406 1373 5479 sint
1407 5425 1420 5460 :
1452 5406 1543 5462 ubi
1573 5408 1692 5464 hrec
1734 5408 1966 5479 legibus
1999 5428 2013 5464 :
2053 5410 2163 5466 Ro-

575 5488 674 5552 mae
716 5476 1299 5552 cornntemoratio__SS.
1351 5479 1696 5552 plurimorum
1727 5476 2036 5552 martyrum,
2074 5483 2166 5552 qui

572 5543 665 5598 sub
709 5543 921 5601 Nerone
957 5547 1020 5600 de
1064 5548 1202 5602 urbis
1233 5549 1474 5603 incendio
1524 5567 1614 5617 per
1651 5543 1974 5606 calumniam
2011 5543 2165 5607 accu-

570 5617 693 5695 sati,
723 5616 924 5695 diverso
954 5620 1131 5695 mortis
1160 5635 1353 5695 genere
1368 5619 1434 5695 ab
1464 5616 1640 5677 eodem
1671 5625 1812 5695 jussi
1838 5632 1958 5676 sunt
1987 5626 2165 5695 saevis-

571 5687 986 5765 simejnter/ici,
1010 5687 1228 5765 quorum
1247 5691 1356 5765 alii
1382 5691 1612 5765 ferarum
1641 5687 1795 5765 tergis
1837 5698 2054 5748 contecti
2082 5694 2164 5748 la-

575 5758 800 5816 niatist
829 5775 1019 5816 canum
1040 5761 1259 5831 expositi
1283 5771 1424 5826 sunt,
1458 5762 1553 5816 alii
1581 5758 1822 5822 crucibus
1846 5765 2021 5836 afﬁxi,
2050 5775 2157 5824 etc.

2195 5305 2249 5368 D

2253 1208 2493 1282 Nerone.
2559 1208 2618 1264 In
2671 1208 3188 1282 impresso'codice
3245 1229 3344 1282 pro
3399 1213 3694 1274 aureolos
3749 1228 3866 1276 erat

2255 1279 2546 1345 Furculas,
2595 1281 2692 1338 sed
2725 1279 3024 1350 mendose;
3078 1299 3186 1339 non
3231 1279 3376 1340 enim
3424 1286 3691 1344 Martialis
3719 1305 3861 1345 mar-

2256 1359 2406 1424 tyres
2435 1361 2592 1407 vocat
2620 1351 2908 1424 Furculas,
2952 1355 3066 1421 sed,
3093 1355 3418 1424 Laureolos,
3467 1357 3644 1414 facilis
3684 1370 3861 1417 autem

2257 1422 2356 1476 fuit
2380 1423 2587 1491 lapsus,
2615 1423 2687 1478 ab
2717 1439 2823 1478 una
2852 1425 2918 1480 ad
2949 1426 3110 1480 aliam
3157 1422 3450 1485 lectionem
3501 1429 3573 1483 ob
3601 1429 3860 1488 similitu-

2256 1492 2441 1548 dinem
2467 1492 2870 1568 characterum
2925 1497 3228 1566 utriusque,
3263 1509 3320 1553 et
3358 1500 3482 1568 quia
3545 1501 3599 1554 in
3641 1515 3864 1560 crucem

2257 1573 2429 1638 actos,
2465 1565 2518 1620 in
2551 1563 3013 1638 furcagmiqnoque
3050 1563 3428 1625 actoscertnin
3471 1580 3577 1626 est.
3624 1572 3864 1632 Consule

2257 1635 2327 1690 de
2374 1635 2645 1691 Laureolo
2684 1635 3026 1706 Calepinum,
3067 1647 3123 1696 et
3167 1640 3361 1696 Baron.
3415 1657 3542 1696 ann.
3593 1643 3689 1699 98.
3739 1645 3867 1702 Sive

2259 1720 2390 1785 vero
2416 1706 2688 1785 eumdem,
2723 1709 2836 1762 sive
2866 1711 3094 1785 aiterum
3125 1713 3692 1785 martyremirriserit
3723 1715 3863 1773 Mar-

2262 1776 2425 1854 iialis,
2457 1779 2848 1854 epigrammate
2894 1780 2963 1838 18
3006 1776 3285 1854 sequenti;
3317 1784 3523 1840 Dtedali
3551 1787 3601 1841 ei
3655 1801 3865 1845 nomen

2260 1848 2540 1921 imposuit,
2573 1851 2848 1922 inquiens,

2445 1962 2667 2029 Daedale,
2686 1963 2882 2014 Lucano
2900 1977 3008 2016 cum
3034 1967 3105 2017 sic
3127 1967 3368 2018 laccreris
3391 1967 3456 2017 ab
3477 1981 3610 2029 urso,

2511 2025 2668 2086 Quam
2687 2040 2902 2090 cuperes
2919 2040 3105 2091 pennas
3127 2042 3254 2079 nunc
3273 2031 3506 2081 habuisse
3535 2025 3679 2081 tuas?

2261 2129 2472 2188 Allndit
2498 2147 2629 2187 vero
2662 2131 2729 2186 ad
2760 2132 3044 2189 columbas
3077 2133 3196 2188 illas
3233 2134 3435 2190 Daedali
3467 2135 3668 2192 summi
3692 2148 3868 2194 astro-

2266 2203 2439 2276 nomi,
2471 2217 2606 2276 quas
2635 2205 2805 2259 certis
2839 2205 3063 2276 libratas
3093 2205 3447 2276 ponderibus,
3483 2206 3536 2261 in
3569 2221 3699 2263 aera
3730 2209 3866 2265 voli-

2265 2283 2388 2330 tare
2415 2274 2666 2349 iaeiebat,
2694 2275 2911 2339 tametsi
2935 2291 3108 2349 aereas
3136 2279 3219 2332 vel
3247 2274 3452 2349 ligneas
3482 2295 3496 2332 :
3529 2294 3656 2349 qute
3689 2289 3866 2336 tamen

2265 2359 2376 2400 non
2414 2345 2928 2417 habebantpennas
2957 2348 3023 2402 ad
3061 2345 3400 2417 lugiendum.

2336 2421 2404 2472 Δ.
2455 2416 2516 2471 C.
2565 2418 2654 2472 61.
2690 2416 2861 2482 Nero,
2900 2430 3009 2472 etc.
3053 2416 3345 2486 Utriusque
3373 2428 3603 2476 mortem
3651 2421 3870 2479 violen-

2268 2496 2377 2544 tam
2410 2486 2512 2542 hoc
2539 2503 2759 2559 quoque
2789 2504 2932 2544 anno
2960 2489 3211 2559 designat
3236 2489 3506 2547 Eusebius
3536 2492 3594 2547 in
3623 2492 3864 2549 Chroni-

2265 2575 2352 2626 co,
2377 2559 2564 2634 dicens
2582 2558 3138 2634 ;ANero_Agrippinain
3164 2572 3384 2618 matrem
3402 2579 3550 2618 suam
3570 2572 3620 2618 et
3640 2580 3868 2620 sororem

2261 2631 2424 2703 patris
2453 2631 2713 2700 interﬁcit.
2763 2631 3056 2703 De‘qu’ibus
3086 2633 3431 2700 Suetonium,
3467 2634 3769 2692 Dionemve
3794 2637 3869 2693 le-

2301 2703 2398 2758 ito.

2262 2717 2401 2827 ﬂuxo.
2443 2772 2508 2828 C.
2550 2771 2640 2844 6,3.
2682 2772 2978 2844 Barnabas,
3030 2783 3138 2830 etc.
3182 2775 3239 2831 lu
3271 2774 3601 2833 lectionibus
3635 2775 3866 2834 Romani

2266 2843 2529 2921 iireviarii
2579 2843 2842 2921 legimus,
2885 2845 3304 2921 _S._Barnab_am
3353 2849 3676 2921 martyrium
3726 2851 3864 2921 apud

2265 2915 2504 2986 Cyprum
2535 2917 2826 2990 pertulisse
2848 2917 3054 2972 circiter
3083 2919 3360 2990 septimum
3381 2915 3616 2976 Neronis
3635 2915 3834 2976 annum
3846 2939 3864 2988 ;

2265 3001 2390 3042 cum
2422 3001 2550 3041 vero
2575 2988 2622 3042 is
2654 3002 2883 3058 regnare
2903 2988 3145 3056 cmperit'
3165 2990 3232 3045 ab
3259 3005 3405 3044 anno
3430 2990 3652 3046 Domini
3676 2993 3748 3048 56
3766 3035 3782 3057 ,
3807 3009 3865 3047 ιιι

2265 3058 2388 3114 idus
2414 3058 2692 3126 Oetobris,
2723 3074 2830 3128 quo
2859 3060 2947 3116 die
2972 3060 3232 3116 Claudius
3263 3061 3498 3124 obierat,
3551 3061 3613 3118 lit
3641 3070 3700 3118 ut
3728 3079 3870 3120 mar-

2268 3133 2468 3199 tyrium
2499 3129 2556 3184 S.
2592 3130 2880 3195 Barnabte,
2923 3142 3044 3201 post
3074 3142 3283 3201 septem
3312 3148 3485 3188 annos
3512 3132 3747 3190 Neronis
3774 3151 3870 3193 oc-

2266 3202 2386 3277 cisi,
2423 3201 2705 3277 manuum
2737 3203 3060 3277 Domini?!»
3099 3204 3368 3277 inciderit.
3416 3203 3628 3277 Natalis
3656 3221 3874 3277 quoque

2266 3272 2325 3327 ὃ.
2348 3270 2538 3327 Jacobi
2559 3270 2660 3327 boc
2683 3274 2800 3342 ipso
2826 3275 3090 3330 accidisse
3111 3275 3342 3330 habetur
3363 3291 3431 3330 ex
3456 3270 3691 3332 Eusebii
3703 3270 3876 3333 Chro-

2270 3343 2426 3419 ιιίοι),⁸
2466 3346 2794 3419 asserentis:
2838 3347 2990 3419 Anno
3024 3345 3257 3419 Domini
3303 3347 3395 3410 63,
3435 3343 3670 3403 Iacobus
3716 3355 3875 3419 frater

2269 3413 2558 3488 Dominia
2598 3413 2802 3470 Jadteis
2843 3417 3103 3486 lapidibus
3151 3419 3483 3488 opprimitur.
3536 3413 3744 3475 Auctor
3792 3429 3878 3475 est

2270 3493 2452 3559 autem
2497 3485 2858 3559 Hieronymus
2898 3485 3000 3544 lib.
3048 3489 3119 3544 de
3163 3485 3342 3559 scrip.
3375 3489 3524 3544 Eccl.
3555 3506 3667 3546 non
3693 3491 3873 3547 solum

2273 3555 2556 3633 lapidibus
2583 3555 2908 3633 oppetitum,
2932 3559 3051 3633 sed
3081 3560 3244 3633 etiam
3273 3555 3303 3615 ὁ
3325 3561 3488 3630 pinna
3523 3562 3711 3633 templi
3736 3578 3875 3632 pra:-

2191 3677 2194 3681 .
2271 3627 2491 3702 cipitctn
2525 3627 2737 3694 datum,
2781 3639 2837 3684 et
2866 3629 3086 3687 fullonis
3113 3631 3275 3698 fuste,
3322 3627 3421 3687 seu
3452 3627 3661 3702 pertica
3702 3627 3756 3690 in
3784 3650 3878 3691 ce-

2272 3699 2437 3754 rebro
2465 3713 2799 3764 percussum.

2345 3769 2410 3824 A.
2438 3767 2500 3825 C.
2531 3771 2618 3826 (il.
2647 3799 2720 3811 —
2748 3773 2799 3826 1.
2831 3770 2962 3828 Ante
2989 3789 3233 3837 mensam,
3257 3781 3362 3829 etc.
3394 3773 3462 3828 Et
3482 3774 3588 3830 hoc
3610 3776 3683 3830 ab
3705 3776 3881 3832 Euse-

2276 3842 2367 3916 bio
2389 3852 2671 3916 acceptum
2696 3843 2970 3916 existimo,
3003 3844 3180 3916 cujus,
3206 3845 3475 3916 ipsissima
3501 3847 3667 3902 verba
3697 3859 3851 3903 sunt.

2195 3909 2245 3976 α
2291 3981 2300 3985 Α
2334 3911 2390 3966 2.
2421 3909 2720 3985 Epicnetus,
2770 3923 2876 3970 etc.
2911 3909 3133 3985 Egimus
3160 3909 3358 3970 iterum
3385 3915 3455 3972 de
3480 3917 3701 3984 eodem,
3749 3933 3875 3974 cum

2274 3981 2512 4037 Auctore
2536 3982 2602 4037 ad
2623 3998 2825 4038 annum
2853 3981 3064 4041 Domini
3095 3988 3187 4054 50,
3218 4002 3444 4042 numero
3469 3989 3528 4052 3,
3560 3988 3652 4044 ubi
3681 3981 3876 4046 docui-

2277 4069 2398 4128 mus
2437 4053 2936 4128 e_de_etaphraste,
2991 4053 3307 4128 episcopum
3360 4057 3522 4113 fuisse
3565 4060 3871 4125 Sexilirmi,

2275 4125 2428 4194 citius
2459 4123 2662 4201 Plinius
2689 4127 2936 4201 meminit
2962 4123 3246 4184 in’Bteti'ca
3275 4129 3376 4201 lib.
3403 4144 3482 4195 nt,
3513 4145 3639 4201 cap.
3667 4133 3722 4198 1,
3750 4123 3880 4188 fuit-

2274 4212 2399 4268 que
2427 4197 2573 4260 urbs,
2602 4197 2827 4266 insignis
2865 4200 2992 4254 olim
3026 4201 3078 4256 in
3110 4213 3296 4256 monte
3338 4197 3671 4268 Fregiliana.
3703 4197 3878 4259 altero

2276 4283 2341 4322 ex
2371 4266 2796 4341 Crauatensibus
2840 4271 3158 4339 Alpuxarris
3209 4282 3300 4327 aut
3336 4266 3481 4341 quod
3511 4275 3641 4328 aliis
3689 4274 3878 4332 forsan

2276 4338 2448 4412 magis
2473 4338 2731 4412 arrideat,
2768 4338 2972 4404 Motril,
3001 4353 3094 4398 aut
3125 4338 3525 4412 Velezmalaga.
3554 4344 3713 4401 Nunc
3741 4345 3882 4402 illud

2275 4409 2584 4488 addendum
2616 4419 2889 4488 putamus,
2919 4413 3248 4488 Doro_theum
3275 4409 3552 4488 abbatem,
3584 4432 3750 4488 quem
3781 4433 3881 4473 re-

2276 4482 2382 4556 fert
2423 4490 2484 4556 et
2525 4483 2768 4556 sequitur
2809 4484 3001 4556 Petrus
3046 4484 3328 4556 Equilinus
3365 4486 3459 4541 lib.
3486 4482 3562 4556 vi,
3592 4482 3714 4556 cap.
3747 4489 3880 4556 100,

2275 4552 2618 4630 existimasse
2655 4554 2824 4630 inisse
2868 4555 3050 4630 datum
3095 4552 3617 4630 Carthaginensibns
3661 4552 3885 4630 episco;

2278 4639 2402 4692 pum
2435 4640 2449 4678 :
2481 4624 2667 4696 llocisi
2701 4641 2888 4680 verum
2935 4627 3004 4681 sit
3033 4627 3106 4682 ita
3137 4628 3283 4683 credi
3303 4624 3499 4696 posset
3519 4624 3724 4685 factum
3746 4671 3761 4694 ,
3815 4640 3886 4686 ut

2278 4696 2506 4764 primum
2538 4711 2568 4750 a
2595 4694 2756 4751 Petro
2775 4697 3064 4769 Sexilirmo
3083 4694 3398 4769 designatus
3434 4700 3599 4756 fuerit
3619 4701 3884 4768 antistes,

2277 4768 2749 4841 post_martyrium
2783 4767 2840 4824 S.
2876 4769 3055 4826 Basilii
3081 4767 3422 4837 Carthaginis
3443 4771 3740 4836 Spartaria:
3759 4775 3888 4841 epi-

2276 4838 2448 4907 scopi,
2498 4838 2638 4906 quod
2681 4841 2737 4894 in
2765 4856 2963 4894 annum
2999 4841 3212 4897 Domini
3238 4841 3308 4897 60
3334 4841 3554 4901 incidit:
3599 4843 3654 4899 in
3685 4838 3886 4900 sedem

2276 4908 2659 4978 ejnsllispana)
2681 4911 3020 4984 Carthaginis
3049 4913 3459 4984 transferretur;
3493 4913 3680 4984 ibique
3707 4915 3887 4972 vitam

2277 4994 2397 5034 cum
2429 4991 2604 5037 morte
2629 4983 2978 5038 commntarit
3006 4991 3126 5051 post
3163 4983 3198 5040 4
3237 4999 3429 5049 annos,
3477 4983 3734 5042 videlicet
3779 5004 3891 5042 an—

2279 5067 2348 5107 no
2376 5051 2446 5108 64
2488 5052 2723 5108 Domini.
2766 5055 2842 5109 De
2870 5055 3195 5125 Carthagine
3225 5054 3478 5110 Africana
3503 5056 3728 5112 dubium
3752 5073 3893 5116 esse

2276 5124 2494 5197 nequit,
2546 5125 2631 5180 his
2673 5127 2819 5184 enim
2864 5126 3056 5197 diebus
3079 5124 3328 5196 praeerat
3373 5127 3451 5197 illi
3490 5126 3552 5182 S.
3579 5128 3895 5197 Crescens,

2276 5196 2418 5264 quod
2461 5198 2626 5252 citato
2662 5197 2782 5254 loco
2811 5197 2940 5253 anni
2977 5196 3067 5262 50,
3101 5213 3247 5252 unm.
3279 5198 3334 5263 ὅ,
3360 5196 3666 5254 docuimus.
3713 5196 3899 5266 Quod

2276 5266 2341 5320 ad
2373 5269 2715 5340 sanctitatem
2765 5269 2826 5324 ι).
2863 5269 3100 5340 Epaeneti
3140 5269 3353 5340 attinet,
3399 5271 3584 5339 magni
3612 5273 3898 5340 ponderis

2272 5346 2376 5400 est,
2409 5338 2548 5413 quod
2569 5339 2767 5413 Paulus
2788 5340 2855 5413 ad
2878 5339 3036 5396 Rom.
3067 5355 3168 5413 xvt
3189 5338 3330 5396 inter
3357 5338 3562 5409 primos
3588 5338 3901 5413 etprtnci-

2271 5423 2406 5477 puos
2451 5408 2746 5478 discipulos
2793 5411 2949 5466 illum
3002 5412 3222 5478 salutat,
3273 5408 3529 5467 asserens
3572 5408 3904 5472 sibi'valdo

2268 5481 2525 5556 dilectum
2561 5496 2680 5556 esse
2711 5481 2879 5556 (haud
2895 5482 3142 5556 dubium,
3171 5483 3243 5538 ob
3271 5482 3803 5556 suamlpr‘obitatom)
3833 5496 3905 5544 et

2268 5553 2501 5618 primum
2531 5555 2695 5609 totius
2725 5553 2873 5610 Asize
2899 5555 3245 5624 discipulum,
3277 5562 3333 5610 et
3361 5554 3516 5619 quasi
3547 5553 3905 5613 fundamen-

2267 5631 2400 5688 tum,
2427 5638 2521 5678 seu
2553 5636 2763 5692 portam
2789 5624 2912 5681 fidei
2926 5624 3542 5680 Asianorum:8altttate
3564 5627 3691 5694 (ait)
3726 5627 3906 5694 Ερωο

2265 5696 2442 5750 neturh
2458 5695 2704 5750 dilectum
2723 5695 2873 5762 mihi,
2897 5697 2985 5764 qui
2994 5705 3067 5750 est
3091 5697 3378 5765 primitiuae
3399 5695 3540 5765 Asia:
3558 5696 3616 5749 in
3645 5697 3874 5756 Christo
3887 5739 3906 5756 .

2265 5765 2380 5836 Qua
2395 5776 2578 5824 autem
2598 5763 3004 5835 obleritmorte,
3023 5763 3226 5838 paeane
3246 5781 3311 5824 an
3325 5763 3530 5838 gladio.
3553 5781 3668 5826 non
3684 5769 3904 5842 liques.
