3976 6316
540 283 655 348 491

1578 334 1583 337 .
1624 272 1860 337 FLAVII
1894 272 2079 334 LUCII
2117 271 2377 333 DEXTRI
2414 271 2828 333 CHRONICON.

3756 278 3856 339 l9!

544 404 623 463 Δ.
650 402 717 463 C.
744 401 838 464 64.
909 406 1273 475 cognomento
1302 396 1670 465 Philotheum,
1702 394 1963 465 Probum,
1985 393 2426 467 Xantippamque
2455 392 2576 466 ejus
2605 406 2835 452 uxorem
2861 390 2931 450 ad
2967 391 3131 453 fidem
3159 392 3457 462 convertit;
3532 390 3603 451 Δ.
3628 390 3701 450 R.
3731 392 3852 454 815.

949 497 1301 569 presbyteros
1320 492 1396 550 ibi
1420 491 1702 565 relinquit.

1760 580 2022 641 BIVARII
2056 579 2621 641 COMMENTARIUS.
2674 534 2675 537 γ

557 693 606 740 et
621 680 786 752 Beda,
809 678 1082 752 «uterique
1107 675 1358 752 Doctores
1373 684 1650 752 testantur.
1686 672 1837 732 Unde
1866 681 1913 730 et
1939 672 2151 752 Narbo-
2177 673 2232 737 Α
2255 686 2474 752 οπερ-..μγ
2496 672 2572 752 ad
2588 672 2892 752 Romanos,
2919 644 3082 752 negat
3100 673 3423 752 Apostolum
3447 683 3506 730 ut
3524 673 3852 752 promiserat

556 769 679 808 nam
721 748 1024 824 prseteriens
1066 749 1347 835 quemdam
1387 748 1698 832 discipulum
1740 762 1896 801 suum
1942 748 2150 830 nomine

553 822 808 889 Paulum,
836 822 1101 894 fertur_iln
1126 823 1400 894 reliquisse
1426 835 1759 894 eprscopuyz._
1775 816 2018 872 Pervenit
2048 833 2149 894 rga:

555 903 641 968 tur
666 887 925 968 usquead
969 887 1278 968 Hispanias,
1326 900 1374 947 et
1417 887 1625 968 amari
1655 889 2041 968 Rubroéusque
2074 887 2147 941 ad

561 960 829 1038 Oceanum
859 960 1194 1038 prwdicdndo
1227 963 1487 1028 cucurrit,
1532 960 1908 1038 imitans_solis
1936 974 2149 1038 cursum

555 1030 871 1093 ab'oriente'
889 1050 1049 1108 usque
1082 1035 1150 1090 ad
1176 1050 1439 1108 occasum,
1463 1042 1521 1088 ut
1551 1042 1671 1108 ante
1718 1032 1767 1086 ei
1795 1039 1931 1086 terra
1961 1030 2152 1108 defice-

556 1115 659 1177 ret,
686 1124 842 1179 quam
871 1100 1098 1164 studium
1121 1105 1474 1179 pradicandi;
1496 1106 1619 1179 quia
1632 1119 1765 1179 ergo
1790 1111 1839 1179 et
1857 1100 1999 1171 apud
2021 1100 2151 1179 His-

562 1173 749 1260 panius
779 1173 1284 1260 Paculla-apostolos
1310 1173 1593 1260 prteoenire
1617 1173 1929 1260 festinaqat;
1958 1173 2151 1260 quinia

563 1242 907 1320 Hispaniam,
933 1242 1140 1327 ἰιιιιιιξει
1146 1242 1410 1327 proficisci
1437 1242 1656 1327 coepere,
1680 1242 2150 1327 et_c.__l_dem.ltabet

559 1314 730 1394 super
778 1314 901 1394 cap.
928 1337 968 1378 tt
1000 1314 1280 1394 "adﬂabat.
1315 1314 1567 1394 e_t_su_per
1596 1317 1638 1372 ll
1673 1317 1742 1372 ad
1783 1314 2024 1394 Timoth.
2057 1330 2148 1394 _tv.

564 1384 725 1460 Quod
754 1384 963 1463 spectat
991 1393 1061 1449 ad
1089 1392 1311 1447 Paulum
1343 1384 1780 1463 Narbonensem,
1799 1387 1955 1463 idem
1987 1384 2152 1463 habet

564 1456 689 1521 Kdo
746 1456 1236 1539 iti__Martyrol_qgio
1283 1477 1386 1519 suo
1411 1503 1427 1529 ,
1477 1469 1553 1539 ut_
1590 1459 1735 1539 apud
1768 1456 2150 1539 _Mosandrum

567 1543 701 1590 tom.
746 1535 859 1592 VII.
890 1529 1037 1592 Surii
1065 1529 1250 1590 vid'ere
1274 1544 1381 1597 est,
1420 1531 1592 1587 vel'in
1615 1529 1985 1585 additionibus
2006 1529 2152 1597 ejus-

522 1660 529 1677 ,
567 1604 782 1680 demat
811 1604 1458 1680 EribertnsRosweidus
1488 1610 1659 1680 n0la_t.
1706 1601 1853 1680 Idem
1887 1601 2005 1670 ipse
2034 1598 2152 1680 Audo

566 1676 624 1732 in
648 1676 852 1733 Chron.
882 1693 1027 1734 anno
1054 1679 1123 1734 59
1158 1676 1402 1731 afﬁrmat
1447 1675 1498 1731 in
1525 1673 1718 1730 eodem
1765 1669 1962 1727 itinere
1990 1669 2152 1725 relic-

568 1756 680 1802 tum
709 1747 879 1805 fuisse
918 1765 949 1804 a
979 1750 1150 1805 Paulo
1179 1747 1536 1817 Trophimum
1585 1744 1857 1817 Arelate,
1898 1750 1954 1817 et
2002 1755 2155 1797 cres-

567 1828 780 1875 centem
812 1819 1037 1877 Vienna:
1067 1813 1377 1887 episcopos.
1409 1813 1709 1887 Rursnsin
1740 1813 1968 1887 historia
1995 1825 2155 1887 sanc-

569 1897 748 1946 torum
773 1900 1077 1962 martyrum
1107 1884 1351 1945 Facundi
1379 1898 1434 1943 et
1483 1885 1752 1942 Primitivi
1790 1884 2040 2008 legimus,
2073 1884 2155 1953 ip-

569 1975 662 2008 sos
705 1962 1071 2008 interemtam:
1098 1978 1127 2008 a
1174 1959 1354 2008 iudice
1402 1958 1474 2008 de
1513 1957 1622 2008 ﬁde
1664 1970 1784 2008 sua.
1880 1967 2065 2008 txtsse.
2093 1968 2155 2008 se

568 1975 662 2016 eos
705 1957 1071 2031 interrogatos
1098 1978 1127 2015 a
1169 1959 1354 2031 judice
1402 1958 1474 2031 de
1513 1957 1622 2013 lide
1655 1970 1793 2031 _sua,_
1839 1957 2065 2022 dixisse,
2093 1968 2155 2031 se

562 2024 944 2087 Christianam
966 2047 998 2087 a
1028 2024 1196 2087 Pauli)
1223 2028 1430 2086 Christi
1458 2028 1706 2097 apostolo
1728 2025 1983 2097 edoctos;
2006 2024 2149 2097 quod

575 2114 710 2173 sane
736 2111 887 2158 extra
916 2102 1233 2173 Hispaniam
1273 2101 1393 2173 fieri
1437 2095 1712 2173 nequivit,
1746 2096 1894 2173 quod
1920 2095 2155 2173 murales

572 2180 631 2253 et
658 2171 937 2257 ττιεβξιιυε
964 2165 1256 2257 vitasunt:
1281 2172 1351 2227 Et
1376 2165 1841 2257 «ιιιοάαξνξιίεέει
1862 2165 2156 2257 etiam

570 2242 722 2301 .cives
748 2237 827 2317 (id
853 2255 963 2314 est,
993 2245 1061 2301 de
1089 2237 1407 2321 Ezija)_per'
1425 2237 1625 2321 manus
1644 2255 1675 2295 a
1717 2240 1832 2321 suis
1860 2237 2157 2321 majoribus

571 2310 852 2384 acceptam
900 2310 1127 2373 servant
1174 2310 1529 2384 traditionem,
1571 2312 1637 2367 de
1681 2310 1999 2384 concivibtts
2043 2310 2157 2365 suis

573 2380 757 2457 Probo
802 2395 857 2443 et
886 2386 1159 2457 Xantippa
1206 2382 1565 2457 nobilissimis
1609 2380 1963 2452 conjugibtts,
1991 2394 2157 2457 _quos

573 2454 764 2512 dicunt
794 2467 838 2511 a'
859 2458 1031 2514 Paulo
1057 2450 1353 2515 conversos
1383 2456 1438 2512 in
1470 2450 1764 2524 Hispania;
1788 2450 1899 2524 nec
1933 2450 2155 2524 mirum,

573 2540 697 2598 cum
726 2527 961 2597 idipsum
993 2529 1200 2585 Graecis
1226 2542 1445 2598 quoque
1471 2523 1661 2598 notum
1710 2523 1894 2598 fuerit.
1940 2523 2155 2598 Etenim

571 2593 1221 2670 Simeon'Metapbrastes
1247 2593 1312 2670 in
1345 2593 1467 2653 Vita
1505 2596 1564 2653 S.
1593 2594 1759 2670 Pauli
1786 2596 1903 2670 haec
1951 2593 2158 2670 habet_:

568 2666 695 2741 {aut
717 2685 834 2725 vero
855 2664 982 2725 cum'
996 2682 1131 2727 esset
1157 2673 1211 2724 in
1232 2669 1516 2741 Hispania,
1543 2667 1649 2721 tale
1670 2666 1799 2741 quid
1819 2666 2000 2719 dicunt
2022 2664 2159 2741 acci-

571 2738 733 2812 disse.
763 2741 963 2797 Mulier
1004 2742 1243 2812 quaedam
1281 2736 1562 2812 et'genere,
1611 2736 1898 2812 etq'opibus,
1942 2746 1990 2789 et
2033 2736 2158 2812 doc-

570 2810 713 2866 trina
742 2813 983 2885 insignis,
1017 2808 1149 2868 cum
1190 2815 1315 2885 jant
1354 2808 1481 2866 blim
1517 2808 1841 2885 auditionem
1880 2808 2161 2885 accepisset

556 2879 932 2965 apostolicum,
954 2879 1206 2965 cupiebai
1216 2883 1346 2965 ipsis
1370 2897 1572 2965 quoque
1594 2880 1768 2965 oculis.
1799 2879 1993 2965 intueri
2019 2892 2159 2965 prte-

570 2966 750 3026 conem
778 2951 1037 3023 ueritatis,
1056 2966 1103 3026 et
1129 2951 1258 3026 ipsis
1278 2951 1501 3026 auribus
1522 2951 1726 3007 institui
1751 2952 1808 3004 in
1835 2964 1969 3026 uerte
1996 2951 2161 3018 pieta-

576 3023 644 3095 tis
672 3020 1028 3095 dogmatibus.
1050 3020 1180 3080 Cum
1217 3040 1338 3095 ergo
1372 3024 1420 3078 ei
1455 3024 1622 3095 visum
1652 3030 1784 3078 esset
1821 3020 1998 3075 divina
2028 3036 2163 3095 qua:

578 3091 704 3177 da‘m
721 3091 1062 3177 inspiratione
1090 3097 1143 3177 in
1167 3091 1645 3177 ferunt-proficisci,
1667 3108 1769 3163 quo
1799 3102 2052 3177 ειπερονε,
2073 3091 2164 3174 qui

576 3164 658 3218 vel
680 3179 749 3218 ea:
775 3161 889 3220 sola
919 3166 1063 3232 fama
1088 3161 1245 3220 ab'ea
1279 3161 1588 3235 diligebatur
1612 3161 1754 3235 ,per
1783 3161 2011 3235 medium
2050 3164 2163 3235 ejus

579 3234 861 3303 transibat,
890 3236 1103 3301 dicitur,
1134 3246 1183 3291 et
1203 3251 1320 3291 eum
1341 3232 1526 3289 vidisse
1550 3232 1731 3289 leniter
1755 3243 1804 3289 et
1835 3232 2041 3303 placide
2079 3233 2164 3286 in-

614 3306 917 3375 redientem,
941 3316 999 3362 ut
1022 3308 1112 3379 qui
1141 3323 1244 3362 non
1261 3305 1432 3379 solum
1460 3306 1631 3374 gratia
1662 3305 1840 3373 plenos
1880 3319 2046 3358 mores
2068 3303 2164 3356 Ita-

614 3386 718 3431 eret
755 3386 988 3449 crateres.
1031 3378 1121 3434 sed
1163 3379 1321 3434 etiam
1348 3378 1521 3449 ipsum
1555 3379 1846 3449 incessunt;
1885 3383 1935 3428 et
1976 3378 2162 3428 marita

2255 745 2321 799 ad
2348 743 2642 815 Hispanias
2666 743 3285 802 accessiSsemetérum
3309 745 3366 800 hi
3385 743 3643 803 auctores
3672 747 3849 804 solum

2252 824 2454 891 negant
2478 816 2708 891 Paulum
2732 831 2798 871 eo
2827 816 3093 891 temporis
3122 816 3319 891 ivisse,
3349 831 3459 887 quo
3500 820 3846 891 promiserat,

2252 887 2508 963 videlicet
2536 888 2819 963 transitum
2850 888 3028 963 Home
3055 888 3259 963 iaciens
3289 887 3432 963 (non
3458 890 3803 963 mansionem
3828 887 3845 963 )

2251 959 2305 1014 in
2346 958 2658 1029 Hispanias.
2699 958 2938 1015 lntendit
2978 960 3124 1014 enim
3168 958 3422 1015 Pontifex
3467 976 3577 1015 non
3622 958 3841 1029 quidem

2250 1044 2368 1087 rem
2398 1028 2641 1096 dubiam,
2669 1031 2768 1087 sed
2797 1029 3120 1087 catholicam
3147 1030 3420 1095 stabilire,
3454 1028 3716 1087 nimirum
3744 1049 3849 1088 non

2252 1100 2470 1156 mentiri
2491 1117 2616 1156 eum
2639 1101 2733 1170 qui
2755 1100 2999 1157 animum
3022 1100 3246 1156 fallendi
3276 1116 3384 1156 non
3413 1102 3599 1167 habet,
3633 1106 3851 1162 tametsi

2254 1186 2362 1229 non
2400 1170 2701 1247 adimpleat
2729 1172 2872 1244 quod
2905 1170 3242 1247 SpOpondit,_
3264 1174 3311 1227 si
3340 1172 3452 1247 Deo
3478 1175 3641 1247 aliter
3665 1174 3849 1247 dispo-

2255 1251 2417 1314 nente
2441 1243 2770 1313 promissum
2801 1259 2908 1299 non
2936 1245 3115 1314 potuit
3157 1244 3462 1314 adimplere
3488 1260 3505 1299 :
3540 1243 3663 1301 haec
3702 1243 3849 1302 enim

2252 1324 2339 1371 est
2363 1311 2604 1369 Canonis
2632 1314 2780 1370 illius
2812 1311 3204 1384 snpe'rscriptio
3229 1332 3244 1369 :
3278 1313 3346 1370 Ut
3371 1326 3552 1371 autem
3583 1316 3692 1372 hoc
3715 1332 3850 1373 con-

2254 1385 2464 1460 firmet,
2505 1386 2716 1460 inquit,
2748 1385 2814 1441 Β.
2839 1385 3044 1460 Paulus
3076 1386 3343 1460 apostolus
3355 1402 3475 1460 non
3500 1387 3619 1460 ideo
3658 1387 3681 1457 (
3710 1390 3852 1460 quod

2254 1456 2439 1526 absit)
2481 1456 2729 1526 fefellisse
2756 1457 3043 1512 credendus
3070 1465 3143 1510 est
3178 1464 3271 1511 aut
3301 1456 3399 1512 sibi
3427 1456 3686 1513 exstitisse
3727 1456 3852 1514 con-

2256 1527 2469 1596 trarius,
2496 1530 2747 1600 quoniam
2762 1544 2883 1600 cum,
2904 1529 2974 1582 ad
3002 1527 3286 1600 Hispanias
3306 1545 3370 1600 se
3398 1530 3723 1600 promisisset
3750 1532 3853 1585 itu—

2253 1615 2411 1660 runt,
2469 1598 2808 1668 dispasitione
2852 1599 3070 1660 divina,
3101 1598 3410 1671 majoribus
3456 1610 3747 1671 occupatus
3790 1618 3853 1657 ea:

2254 1670 2430 1724 causis
2452 1713 2467 1738 ,
2508 1671 2724 1741 implere
2764 1687 2866 1724 non
2909 1670 3078 1739 potuit
3105 1670 3246 1741 quod
3280 1671 3562 1737 promisit:
3599 1683 3853 1741 quantum

2254 1742 2393 1795 enim
2413 1741 2575 1813 ipsius
2596 1741 2876 1796 voluntatis
2897 1742 3155 1811 interfuit,
3189 1740 3289 1796 hoc
3310 1740 3686 1811 pronuntiauit,
3714 1744 3852 1811 quod

2254 1828 2431 1867 revera
2460 1813 2704 1869 voluisset
2752 1814 2960 1885 ef/icere
2999 1828 3019 1867 :
3059 1821 3312 1885 quantum
3349 1821 3525 1885 autem
3562 1814 3635 1868 ad
3673 1813 3853 1870 Divini

2255 1892 2456 1939 secreta
2482 1884 2716 1969 consilii,
2749 1883 2971 1968 superna
2993 1883 3325 1965 prwtermisit
3347 1883 3853 1969 diqusitianepraz-

2256 1964 2455 2010 ventus.
2505 1955 2661 2027 Quod
2699 1953 2866 2027 igitur
2910 1953 3284 2027 necessarium
3325 1953 3507 2027 estad
3531 1953 3740 2011 Gelasii
3768 1957 3851 2011 in—

2263 2034 2469 2097 tentum
2493 2066 2508 2091 ,
2536 2026 2687 2097 nihil
2714 2024 2864 2082 aliud
2892 2036 2979 2081 est
3004 2041 3166 2097 quam
3199 2024 3252 2081 id
3283 2025 3425 2097 quod
3451 2041 3523 2081 ex
3549 2026 3849 2095 Scripturis

2259 2097 2430 2152 sacris
2461 2096 2745 2163 habemus,
2773 2096 3031 2153 nimirum
3051 2111 3159 2153 non
3180 2096 3511 2167 adimplesse
3529 2097 3852 2167 promissio-

2258 2182 2383 2224 nem
2425 2182 2580 2240 suam
2621 2184 2781 2240 quam
2828 2169 3094 2224 citissime
3116 2165 3614 2240 proﬁciscendi—in
3650 2169 3851 2240 Hispa-

2259 2240 2441 2308 niam,
2474 2247 2528 2293 et
2550 2237 2740 2297 Romae
2774 2254 2884 2296 non
2913 2237 3150 2296 faciendi
3174 2253 3383 2294 moram
3409 2280 3424 2300 .
3460 2239 3568 2295 hoc
3593 2237 3857 2297 enim'est

2258 2309 2403 2378 quod
2433 2308 2501 2365 ad
2529 2310 2804 2367 Romanos
2833 2311 3087 2377 dixerat,
3135 2308 3269 2364 Cum
3303 2310 3357 2365 in
3387 2308 3706 2378 Hispaniam
3730 2327 3854 2380 pro-

2259 2381 2424 2451 ﬁcisci
2458 2396 2655 2456 carpere
2680 2424 2697 2449 ,
2741 2399 2890 2456 spero
2914 2382 3052 2456 quod
3075 2382 3388 2456 praeteriens
3420 2380 3600 2436 videbo
3627 2398 3721 2438 vos
3743 2423 3760 2450 ,
3803 2393 3856 2438 et

2261 2450 2441 2523 tamen
2483 2450 2890 2523 dispensatione
2917 2450 3101 2523 divina
3126 2453 3288 2508 aliter
3315 2450 3510 2508 factum
3538 2462 3631 2523 est
3659 2495 3676 2520 ,
3725 2469 3854 2509 nam

2259 2521 2587 2596 invinculis
2610 2525 2881 2596 detentus,
2901 2532 2992 2596 est
3024 2522 3212 2596 Romae
3243 2538 3339 2596 per
3367 2522 3649 2579 biennium
3676 2539 3693 2579 :
3740 2540 3852 2596 quo

2259 2594 2443 2665 solum
2468 2593 2596 2650 dato
2618 2640 2634 2665 ,
2667 2610 2828 2651 casus
2854 2594 3055 2652 Gelasii
3097 2610 3162 2650 se
3202 2594 3391 2662 offert;
3424 2595 3739 2665 exponendi
3757 2593 3858 2651 ’νί-

2261 2664 2461 2721 delicet
2496 2664 2770 2736 quomodo
2813 2666 3069 2722 mentitus
3123 2680 3230 2721 non
3263 2674 3349 2722 est
3382 2664 3609 2723 Paulus.
3642 2667 3713 2722 Et
3750 2665 3854 2724 hac

2261 2747 2411 2794 certa
2440 2738 2671 2795 veritate
2700 2738 2942 2795 historiae
2964 2736 3174 2805 probat,
3208 2752 3316 2792 non
3342 2738 3562 2808 mentiri
3584 2752 3709 2793 eum
3734 2740 3849 2808 qui,

2262 2809 2388 2877 quia
2417 2822 2524 2863 non
2538 2809 2729 2880 valuit
2752 2850 2768 2875 ,
2808 2824 2916 2865 non
2944 2808 3191 2878 implevit
3216 2806 3364 2880 quod
3398 2808 3672 2880 promisit.
3702 2806 3853 2865 Nihil

2262 2888 2443 2936 autem
2487 2878 2557 2934 ad
2600 2881 2753 2936 illum
2802 2880 3115 2949 pertinebat
3161 2878 3457 2935 adventum
3484 2878 3750 2949 ‘Apostoli
3800 2881 3851 2934 in

2263 2949 2554 3021 Hispanias
2574 2960 2698 3021 post
2714 2951 2932 3007 vincula
2953 2964 3177 3021 negare,
3201 2959 3313 3005 tum
3333 2950 3457 3021 quia
3480 2950 3854 3021 certaveritas

2263 3020 2375 3077 non
2395 3029 2515 3077 erat
2541 3020 2601 3078 re
2653 3030 2710 3078 ut
2735 3020 3253 3078 minimum’incerla
3277 3020 3709 3091 comprobanda,
3743 3033 3852 3077 tum

2263 3091 2386 3161 quia
2409 3103 2635 3155 nonest
2663 3094 2922 3150 credibile
2951 3092 3231 3149 Gelasium
3261 3091 3383 3147 sine
3419 3106 3583 3147 causa
3612 3092 3856 3149 voluisse

2265 3164 2487 3219 obviare
2518 3172 2597 3219 tot
2627 3165 2898 3234 tantisque
2925 3174 3242 3234 sanctorum
3270 3162 3494 3234 Patrum
3528 3163 3856 3234 testimoniis

2266 3234 2335 3305 de
2358 3235 2511 3289 Pauli
2542 3235 2595 3289 in
2626 3233 2916 3305 Hispanias
2940 3233 3300 3305 profectione.
3327 3233 3502 3305 Atque
3521 3234 3669 3290 idem
3691 3233 3858 3289 dicito

2265 3303 2334 3360 de
2363 3305 2422 3360 S.
2450 3306 2658 3362 Thema
2694 3303 2997 3376 Aquinate,
3031 3319 3260 3376 negasse
3286 3303 3544 3360 nimirum
3572 3305 3860 3361 dumtaxat

2267 3390 2336 3431 eo
2367 3386 2613 3446 tempore
2648 3379 2715 3434 ad
2747 3377 3032 3446 Hispanias
3060 3376 3280 3432 venisse
3304 3417 3319 3440 ,
3365 3392 3472 3446 quo
3498 3376 3617 3445 ipse
3649 3379 3858 3444 promi-

577 3448 1040 3518 suo,persuasisse,
1070 3450 1155 3504 cui
1176 3445 1488 3504 nomen'erat
1522 3449 1724 3502 Probus
1763 3445 1968 3516 (eorum
1993 3456 2164 3499 autem
2192 3446 2238 3509 C
2268 3457 2454 3514 serat;
2485 3445 2613 3503 non
2653 3463 2782 3505 vero
2827 3445 3109 3504 accessum
3155 3445 3410 3518 Apostoli
3438 3455 3562 3517 post
3604 3445 3858 3512 vincula;

577 3518 667 3593 qui
686 3517 799 3593 illic
823 3530 989 3593 erant,
1029 3530 1137 3575 erat
1164 3521 1319 3591 facile
1345 3522 1585 3593 princeps
1609 3519 1628 3587 )
1650 3518 1857 3593 utinlra
1885 3518 2022 3593 aedes
2041 3533 2166 3573 suas

579 3588 830 3662 hospitem
858 3588 1458 3662 exciperetrpostquam
1486 3605 1604 3662 vero
1641 3588 1737 3662 fuit
1778 3590 2085 3662 accersitus,
2118 3596 2168 3642 et

578 3656 871 3735 ίαίᾰηννρρε
895 3656 1034 3730 illos,
1063 3656 1322 3735 ejusnwdi
1346 3660 1559 3729 aliquod
1586 3656 1895 3735 miraculum
1920 3660 2169 3735 accidisse

580 3730 829 3806 mulieri}
858 3748 1035 3801 nempe
1059 3730 1267 3806 apertis;
1295 3734 1478 3788 mentis
1506 3747 1613 3786 sua:
1650 3730 1814 3786 oculis
1831 3732 2072 3806 ,__vidisse
2113 3732 2169 3786 in

580 3802 750 3871 fronte
773 3809 889 3877 ejus
924 3806 1015 3876 qui
1040 3802 1210 3877 fuerat
1248 3804 1475 3877 hospitio
1515 3808 1784 3877 acceptus,
1834 3802 2030 3877 litteras
2068 3818 2167 3857 au-

578 3889 714 3939 reas,
754 3872 869 3946 quae
902 3872 1163 3943 dicebant,
1191 3876 1392 3930 Paulus
1416 3872 1851 3946 Christiprmco.
1885 3872 2049 3946 Illam
2076 3891 2168 3929 au-

579 3954 678 4019 tem
705 3944 915 4019 propter
935 3948 1181 4003 visionem
1210 3949 1525 4019 insperatam
1547 3944 1801 4019 inuasitet
1826 3944 2086 4019 voluptas,
2121 3954 2171 3999 et

579 4014 767 4090 timor;
792 4014 837 4073 et
866 4014 1532 4090 lacrymis‘plena'procidit
1555 4016 1623 4070 ad
1647 4014 1800 4090 pedes
1826 4014 2062 4089 Apottoli
2080 4034 2100 4084 ;
2121 4025 2172 4072 et

578 4089 833 4161 catechesi
852 4090 916 4143 ab
941 4088 1003 4145 eb
1029 4088 1287 4161 instituta.
1317 4091 1541 4161 primum
1560 4088 1765 4156 quidem
1789 4090 2013 4161 suscepit
2040 4089 2172 4157 bap-

577 4159 810 4232 tismum,
832 4162 1096 4232 appellata
1124 4158 1406 4232 Xantip'pe,
1439 4170 1615 4232 postea
1633 4167 1807 4232 autem
1836 4158 2175 4232 Probusejus

582 4230 816 4303 maritus,
848 4230 936 4303 qui
965 4242 1076 4287 erat
1103 4241 1252 4287 notus
1291 4230 1524 4297 Neroni;
1572 4230 1759 4303 deinde
1794 4233 1948 4303 etiam
1976 4230 2172 4303 Phila-

582 4299 731 4375 tlteus
760 4299 1055 4375 praefectus,
1099 4315 1147 4358 et
1175 4304 1414 4374 deinceps
1458 4318 1636 4358 omnes
1665 4302 1752 4371 qui
1781 4302 1929 4356 illaut
1961 4302 2172 4357 habita-

578 4370 701 4457 ιυαοέέ
740 4370 1047 4457 νιθέάιιεηξε
1605 4442 1623 4446 -

653 4444 732 4500 Ex
761 4442 1030 4515 ejusmodi
1071 4461 1236 4501 aurea
1279 4443 1508 4515 historia
1549 4442 1876 4515 no'n_soI_um
1902 4443 2176 4515 stabilitur

582 4512 849 4570 adventus
890 4516 1044 4571 Pauli
1089 4517 1144 4570 in
1187 4514 1505 4583 Hispaniam
1532 4552 1548 4576 ,
1593 4512 1688 4583 sed
1719 4512 1883 4566 etiam
1911 4514 1978 4568 ad
2012 4512 2175 4569 ﬁdem

583 4586 978 4642 conversiones
1002 4582 1335 4655 sanctorum
1365 4583 1529 4655 Probi
1563 4592 1619 4636 et
1647 4582 1948 4652 Xantippes
1984 4585 2176 4655 conju-

581 4671 711 4727 gum
752 4656 1018 4727 nobilium
1047 4697 1063 4722 ,
1110 4665 1167 4727 et
1205 4654 1435 4724 Philippi
1462 4663 1827 4727 cognomento
1860 4654 2172 4723 Philothei,

582 4724 723 4798 quos
751 4725 856 4782 hoc
882 4727 1005 4782 loco
1043 4725 1211 4782 refert
1240 4736 1454 4780 auctor.
1504 4724 1636 4798 Ejus
1651 4724 1899 4798 denique
1927 4728 2174 4784 veritatis

581 4793 904 4866 argumento
924 4810 1049 4868 esse
1080 4805 1336 4868 possunt,
1364 4811 1484 4868 tium
1507 4795 1580 4868 de
1605 4795 1704 4852 SS.
1732 4793 2040 4868 Virginibus
2069 4799 2171 4854 Ba-

582 4864 767 4923 silissa
811 4877 870 4922 et
906 4864 1193 4924 Anastasis
1233 4864 1781 4939 Setabi(Xautibaz)
1824 4864 1877 4924 in
1902 4869 2170 4926 Valentia

583 4953 752 5008 regno
780 4939 917 4996 ortis
939 4980 957 5005 ,
1001 4948 1057 4995 et
1083 4954 1113 4995 a
1140 4938 1308 4996 Paulo
1334 4937 1529 4996 ibidem
1559 4937 1836 4997 conversis
1859 4982 1875 5007 ,
1916 4951 1973 4997 et
2005 4942 2076 4997 de
2107 4942 2167 4999 S.

582 5009 861 5079 Polyxena
887 5010 1113 5067 inferius
1142 5026 1266 5069 cum
1294 5010 1489 5067 Dextro
1514 5009 1709 5067 dicturi
1737 5028 1950 5069 sumus.

657 5080 841 5148 Quare
879 5082 1147 5141 habentes
1176 5091 1380 5139 tantam
1411 5084 1770 5139 asserentium
1810 5085 2030 5141 testium
2063 5100 2167 5140 nu-

582 5152 733 5226 hem,
768 5168 877 5208 non
901 5154 1151 5225 estquod
1172 5154 1285 5226 jam
1315 5155 1368 5210 in
1394 5154 1619 5226 dubium
1639 5156 1779 5211 verti
1802 5166 1967 5224 queat
1989 5170 2003 5213 :
2029 5171 2169 5224 pra:-

584 5222 774 5297 sertim
804 5239 927 5281 cum
956 5222 1561 5297 tempus'Apostolo-ad
1603 5222 1873 5296 ejusmodi
1904 5228 2007 5282 iter
2031 5222 2169 5281 arri-

586 5293 847 5368 piendum
890 5293 1261 5368 superfuerit,
1307 5307 1590 5368 postquam
1635 5293 1666 5353 a
1702 5297 1935 5354 vinculis
1978 5297 2167 5353 Romae

585 5365 796 5423 solutus
824 5380 929 5433 est,
960 5365 1017 5424 et
1043 5370 1295 5426 voluntas
1309 5365 1430 5425 'non
1452 5365 1672 5424 deesset
1702 5384 1717 5422 :
1749 5379 1805 5423 et
1831 5377 2041 5424 certum
2073 5369 2163 5433 sit,

585 5436 655 5495 ab
678 5450 746 5494 eo
772 5448 1016 5509 tempore
1039 5456 1210 5512 usque
1230 5440 1305 5512 ad
1322 5450 1556 5512 mortem
1580 5453 1876 5511 numquam
1901 5439 1953 5495 in
1976 5441 2170 5496 Orien-

588 5515 697 5583 tem
721 5512 1037 5580 secessisse,
1067 5510 1131 5567 ut
1145 5512 1257 5583 jam
1278 5510 1478 5568 dicam.

663 5580 778 5637 Duo
823 5579 1265 5639 tamenobs'tare
1310 5585 1482 5651 prima
1524 5579 1664 5638 facie
1705 5582 2001 5649 videntur,
2049 5597 2170 5653 qua:

590 5652 860 5711 diluamus
890 5669 1037 5710 nunc
1065 5654 1325 5719 temporis
1370 5666 1597 5709 necesse
1633 5663 1738 5711 est.
1792 5655 2038 5709 Alterum
2068 5652 2173 5709 est

584 5725 729 5796 quod
760 5726 1014 5782 Gelasius
1039 5738 1176 5794 papa
1204 5720 1350 5779 XXII
1376 5737 1435 5795 q.
1467 5724 1525 5796 3,
1553 5739 1674 5794 cap.
1694 5723 1888 5781 Beatus
1919 5723 2126 5780 Paulus
2149 5767 2166 5795 ,

584 5795 748 5867 quem
783 5796 852 5853 Ι).
897 5795 1137 5855 Thomas
1185 5796 1340 5865 sequi
1382 5795 1579 5854 dicitur
1627 5796 1756 5855 lect.
1799 5798 1834 5854 '5
1872 5806 2166 5862 continent.

2197 4835 2248 4897 D

2270 3518 2425 3586 cujus
2470 3518 2694 3576 evidens
2736 3528 3113 3589 argumentum
3148 3517 3414 3589 estquod
3449 3519 3611 3589 paulo
3639 3529 3762 3588 post
3797 3519 3855 3574 in

2271 3589 2463 3644 eodem
2492 3606 2657 3660 opere
2685 3587 2848 3660 super
2879 3589 3008 3645 illud
3036 3589 3102 3644 ad
3131 3587 3307 3646 Galat.
3331 3604 3367 3643 tt
3392 3605 3408 3643 :
3445 3587 3610 3660 Nein
3629 3587 3856 3644 uacuum

2271 3658 3018 3727 currerem,autcucurrissem,
3031 3661 3309 3731 conceptis
3321 3660 3506 3715 verbis
3523 3658 3726 3731 fatetur
3741 3660 3860 3731 ejus

2272 3731 2567 3787 adventum
2590 3735 2644 3789 in
2669 3733 2971 3803 Hispanias,
3001 3731 3190 3787 dicens
3220 3729 3418 3788 :Vocut
3439 3729 3860 3803 prmdicalioatem

2271 3819 2423 3874 suam
2447 3820 2678 3872 cursum,
2710 3802 2919 3874 propter
2942 3803 3260 3858 velocitatem
3290 3817 3399 3874 sua:
3421 3802 3707 3874 doctrinae;
3736 3803 3863 3871 quia

2272 3873 2329 3929 in
2356 3875 2556 3931 ntodico
2584 3870 2819 3943 tempore
2842 3892 2875 3929 a
2902 3874 3233 3929 Hierusalem
3260 3870 3629 3944 adklllyricum
3660 3870 3823 3944 usque
3842 3917 3859 3941 ,

2273 3955 2323 4000 et
2351 3963 2519 4019 usque
2552 3949 2608 4002 in
2648 3942 2956 4018 Hispaniam
2991 3945 3296 4019 prasrocavit
3324 3942 3693 4019 Evangelium.
3741 3942 3860 4011 Quo

2276 4014 2464 4089 videas
2491 4014 2807 4075 necessario
2848 4014 3024 4089 priori
3063 4018 3188 4072 loco
3226 4014 3700 4089 interpreiandum
3728 4029 3862 4089 esse

2275 4085 2334 4146 in
2366 4105 2532 4147 sensu
2558 4089 2761 4147 Gelasii
2781 4129 2800 4154 ,
2838 4085 2908 4144 ne
2928 4088 3030 4143 sibi
3055 4088 3359 4143 contrarius
3382 4086 3606 4145 existat.

2349 4161 2728 4231 Expendamus
2756 4160 2869 4228 jam
2905 4161 3133 4231 alterum
3173 4158 3323 4231 quod
3347 4157 3732 4231 objici‘potest
3757 4171 3860 4231 no-

2275 4230 2381 4288 bis.
2409 4228 2466 4289 Si
2496 4242 2604 4288 tam
2631 4232 2742 4287 alte
2770 4229 2923 4287 Pauli
2949 4230 3133 4285 animo
3170 4228 3436 4286 insederit
3462 4228 3861 4298 evangelizatPO

2277 4303 2680 4373 Hispaniarum,
2710 4311 2770 4357 ut
2792 4316 2893 4357 nos
2919 4301 3246 4373 asserimus;
3281 4298 3374 4371 qui
3401 4298 3520 4354 lleri
3554 4300 3767 4373 p0_tuit,
3799 4306 3862 4353 ut

2279 4370 2393 4430 toto
2432 4376 2634 4432 biennii
2678 4374 2854 4444 spatio
2882 4387 2990 4443 quo
3020 4371 3208 4444 Romae
3237 4370 3466 4444 tentus,
3505 4379 3562 4426 et
3602 4370 3862 4425 detentus

2279 4446 2399 4514 fuit,
2429 4461 2535 4502 non
2564 4441 3361 4518 scripsitaliquamepistolam
3392 4441 3499 4496 illis
3520 4482 3534 4505 ,
3566 4456 3711 4510 quos
3744 4453 3866 4518 tan-

2280 4458 2399 4514 t’mt,
2429 4461 2535 4502 non
2564 4458 2786 4518 scripsit
2811 4458 3050 4512 aliquam
3073 4458 3361 4569 egtsmtam
3392 4458 3499 4496 nus
3520 4482 3534 4505 ,
3566 4458 3711 4510 quos
3744 4458 3866 4496 tan-

2280 4526 2465 4587 topere
2489 4518 2675 4573 videre
2696 4515 3077 4573 desiderabat?
3100 4585 3106 4587 Α
3148 4514 3161 4567 i
3185 4515 3329 4569 enim
3352 4527 3418 4568 eo
3440 4527 3660 4583 semper
3679 4512 3869 4587 animo

2279 4584 2377 4642 fuit
2406 4597 2468 4643 ut
2496 4590 2546 4642 in
2583 4588 2899 4658 HiSpaniam
2927 4585 3408 4658 proﬁcisceretur,
3455 4584 3866 4658 quamprimum

2278 4661 2546 4729 potiretur
2568 4654 2842 4725 libertate,
2876 4654 3020 4729 haud
3047 4655 3269 4712 dubium
3297 4654 3424 4729 quin
3452 4655 3537 4729 eis
3562 4656 3865 4729 quidquam

2280 4726 2378 4800 per
2401 4732 2684 4796 epistolam
2707 4731 2775 4786 de
2796 4744 2896 4785 suo
2916 4728 2985 4784 ad
3009 4730 3157 4797 ipsos
3177 4726 3561 4800 proficiscendi
3585 4726 3869 4783 desiderio

2282 4796 2631 4870 patefaceret.
2661 4801 2931 4857 Cmterum
2958 4801 3004 4855 si
3037 4796 3143 4854 hoc
3166 4796 3344 4854 solum
3375 4796 3722 4870 desideratur
3746 4839 3763 4864 ,
3804 4808 3869 4853 ut

2273 4869 2535 4928 adventus
2564 4872 2713 4929 Pauli
2739 4874 2792 4929 in
2815 4871 3126 4941 HiSpaniam
3147 4870 3480 4941 concedatur
3504 4869 3868 4941 (quamquam

2274 4943 2327 4999 id
2351 4944 2575 5000 minime
2596 4939 2961 5001 necessarium
2977 4951 3152 5008 esset;
3179 4941 3352 5011 potuit
3370 4939 3521 5011 enim
3531 4940 3867 4997 verbotenus

2274 5015 2528 5084 Hispanis
2556 5017 2646 5086 qui
2675 5015 2865 5086 Roma;
2891 5009 3246 5071 versabantur
3275 5012 3330 5069 id
3359 5009 3545 5086 dicere
3566 5053 3609 5086 ,_
3640 5020 3700 5066 ut
3748 5012 3864 5086 ipsi

2272 5080 2398 5143 illac
2432 5080 2804 5144 rescriberem
2831 5085 2900 5142 de
2926 5086 3111 5141 animo
3135 5098 3267 5148 suo,
3297 5095 3347 5139 et
3374 5080 3650 5138 desiderio
3677 5082 3872 5152 quoﬁ-

2272 5158 2435 5214 diano
2458 5159 2747 5228 Hispanias
2772 5154 3076 5228 invisendi;
3107 5164 3201 5210 aut
3225 5153 3409 5228 forsan
3434 5154 3661 5228 scripsit
3684 5165 3743 5228 et
3763 5154 3869 5228 de-

2240 5246 2247 5253 '
2272 5228 2436 5299 periit
2463 5224 2692 5299 epistola
2712 5271 2726 5297 ,
2759 5236 2818 5285 ut
2845 5227 2916 5286 de
2942 5243 3005 5284 ea
3029 5241 3189 5299 quam
3218 5226 3284 5299 ad
3314 5224 3683 5299 Laodicenses
3711 5224 3873 5281 dedit

2292 5302 2471 5356 actum
2499 5295 2658 5372 est);
2694 5295 3061 5372 nihilominus
3074 5296 3382 5372 epistolam
3407 5310 3563 5372 nunc
3588 5295 3872 5372 habemus

2271 5366 2616 5442 canonicam"
2641 5366 2709 5427 ad
2756 5371 3023 5442 Hispanos
3046 5366 3241 5442 datam
3268 5409 3285 5436 ,
3332 5366 3586 5442 videlicet
3627 5368 3869 5442 quzead

2272 5440 2523 5497 Hebraeos
2567 5437 2904 5499 inscribitur.
2954 5440 3061 5498 Sed
3098 5450 3153 5495 et
3201 5440 3306 5494 hoc
3336 5437 3615 5493 difficilius
3644 5438 3869 5494 ereditu

2271 5513 2566 5580 videbitur,
2594 5531 2753 5586 quam
2778 5515 2893 5586 ipse
2914 5512 3176 5568 adventus
3195 5511 3254 5567 S.
3278 5508 3456 5586 Pauli,
3482 5509 3864 5586 velim_tatn_en

2273 5587 2508 5640 lectores
2536 5581 2816 5655 paiienter‘
2831 5592 3077 5654 spectent
3100 5596 3276 5655 usque
3302 5581 3371 5636 ad
3397 5595 3597 5655 annum
3637 5581 3861 5637 Domini

2274 5656 2343 5712 66
2372 5696 2389 5724 ,
2439 5650 2692 5714 ubi—cum
2737 5650 2937 5713 Dextro
2977 5670 3040 5711 ea
3082 5653 3149 5708 de
3188 5650 3247 5724 re
3290 5667 3353 5706 ex
3387 5650 3642 5724 professo
3671 5667 3872 5709 sumus

2272 5722 2485 5806 acturi;
2546 5730 2764 5806 interim
2791 5740 2976 5798 quaeso
3000 5766 3031 5806 ,ξ
3074 5722 3316 5806 neillico
3343 5725 3419 5777 rei
3452 5722 3702 5805 novitate
3746 5740 3878 5806 per-

2275 5799 2455 5859 territi
2485 5801 2628 5863 notis
2660 5795 2881 5859 inura'nt
2913 5795 3242 5856 sententiam
3272 5837 3285 5862 ,
3329 5807 3452 5864 qua:
3493 5795 3631 5852 visis
3668 5795 3881 5867 quibus
