3976 6280
493 217 595 280 211

1531 211 1759 269 FLAVII
1799 207 1978 266 LUCll
2023 207 2280 266 DEXTRI
2316 206 2736 265 CIIRONICON.

3675 204 3778 263 2H

492 334 560 390 Α.
589 328 652 390 C.
685 327 775 388 66.
823 328 885 388 Ι..
913 329 1155 390 Annmus
1177 325 1383 385 Seneca
1411 322 1811 387 Cordubensis,
1841 319 2143 376 consularis
2166 320 2264 388 vir,
2291 328 2347 375 ct
2371 320 2426 376 lu
2455 319 2776 390 religionem
2799 317 3166 375 Christianam
3190 317 3410 389 egregie
3466 319 3533 377 Δ.
3562 319 3627 377 R.
3658 322 3780 380 817.

926 437 1250 496 propensus,
1277 419 1363 474 cui
1389 417 1551 472 etiam
1584 423 1796 472 secreto
1827 413 2158 482 adhaerebat,
2201 413 2342 470 datis
2373 423 2428 471 et
2472 414 2710 485 acceptis
2739 428 2772 468 a
2805 413 2974 470 Paulo
3021 411 3220 470 litteris
3275 413 3425 470 cele-

926 518 1194 582 brandas,
1221 516 1376 593 jussu
1402 512 1632 570 Neronis
1662 527 1924 568 venarum
1959 511 2219 582 incisione
2247 511 2405 584 perit.

852 616 971 688 nec
995 611 1188 686 eodem
1220 625 1364 680 anno
1393 607 1452 666 S.
1482 607 1729 664 Mattltias
1759 607 2063 679 perimitur.

853 709 972 766 Hoc
1000 705 1195 763 eodem
1228 718 1372 762 anno
1402 701 1608 758 bellum
1641 700 2191 771 Hierosolymitanum
2217 700 2432 770 incipit.

859 803 1183 882 Ampltitrim
1209 815 1332 872 quze
1362 797 1791 880 Carpetanorum
1823 799 1952 855 urbs
1992 807 2076 855 est
2109 797 2279 884 (nunc
2305 796 2470 872 Filia)
2503 797 2561 862 S.
2593 798 2884 862 Liberatus
2932 801 3224 876 episcopus
3252 800 3444 860 Iliber-

937 899 1148 968 ritanus
1176 894 1408 966 feliciter
1431 894 1659 964 moritur
1688 907 1783 953 .xm
1813 889 2032 948 kalend.
2063 890 2328 950 Januarii.

865 969 983 1052 Hoc
1005 991 1197 1048 eodem
1225 1003 1373 1046 anno
1398 987 1499 1046 SS.
1525 986 1760 1062 apostoli
1788 985 1982 1043 Petrus
2006 993 2064 1041 et
2085 984 2284 1042 Paulus
2307 1001 2376 1043 ex
2407 984 2739 1058 longissimis
2767 986 3307 1062 peregrinationibus
3337 986 3452 1042 Ro-

938 1099 1084 1144 mam
1113 1083 1416 1142 redierunt.

1737 1189 1992 1248 BlVARll
2028 1190 2595 1250 COMMENTARIUS.
2616 1210 2620 1214 λ

516 1344 589 1399 sit
620 1358 637 1398 :
664 1354 788 1398 cunt
830 1347 1013 1406 tamen
1043 1334 1108 1392 ad
1140 1332 1428 1406 Hispanias
1463 1325 1636 1399 prius,
1666 1333 1725 1383 ut
1753 1335 1987 1393 constat,
2019 1341 2108 1384 ae-
2133 1329 2188 1390 Λ
2219 1398 2256 1406 __
2287 1327 2376 1382 l9.
2401 1326 2531 1406 _Hoc
2547 1327 2734 1406 eodem
2751 1343 2890 1406 auito
2913 1327 3104 1406 actioni
3126 1327 3488 1406 _I_iieras._etc.
3509 1327 3804 1406 Cardinalis

519 1413 760 1473 cederet.
794 1409 901 1468 Sed
922 1404 1098 1464 debis
1124 1404 1277 1469 satis,
1311 1412 1417 1459 etc.

594 1485 682 1540 i7.
717 1483 908 1540 Lucius
937 1479 1188 1544 Αωιιειιε,
1222 1485 1326 1533 etc.
1351 1474 1483 1527 Cum
1515 1471 1710 1544 eodem
1736 1477 1962 1528 retectae
1983 1483 2117 1544 φης

516 1539 809 1626 iurationis
831 1539 1138 1626 Pisoniana!
1168 1539 1409 1626 tempore
1440 1553 1547 1626 tam
1579 1542 1977 1626 S'enecaqttam
2011 1539 2120 1595 Lu-

522 1612 694 1682 'eanus
717 1631 939 1680 necatus
970 1621 1062 1684 sit,
1099 1612 1581 1684 nescio'qttomodo
1613 1612 1857 1684 Eusebio,
1883 1614 1934 1684 in
1965 1627 2120 1684 men—

525 1707 632 1754 tem
655 1695 802 1753 venit
821 1683 1056 1749 mortem
1085 1691 1310 1746 Seneca:
1334 1683 1393 1742 in
1422 1699 1624 1741 annum
1653 1683 1864 1738 Domini
1892 1683 1960 1738 67
1990 1683 2118 1750 reji-

522 1783 668 1831 cere,
685 1781 808 1823 cunt
836 1774 1036 1828 tamen,
1065 1761 1181 1834 ipso
1203 1757 1495 1834 referente,
1515 1771 1658 1834 anno
1685 1754 1995 1820 Domini66,
2016 1755 2123 1834 l.u-

526 1827 696 1894 ranus
721 1847 950 1894 mortem
983 1827 1297 1903 oppetierit.
1326 1829 1510 1903 Quare
1537 1827 1707 1881 multo
1733 1827 2125 1903 consonantius

528 1911 731 1968 Dexter
775 1897 1301 1970 Senecam-quoque
1347 1898 1552 1970 eodem
1588 1912 1732 1970 anno
1776 1897 2125 1970 absuntpluttt

532 1966 718 2034 tradit.
744 1976 1057 2038 Assentitur
1106 1966 1191 2027 bis
1212 1966 1398 2025 etiam
1434 1967 1755 2024 Ambrosius
1800 1966 2031 2020 Morales
2065 1966 2128 2020 li-

533 2053 621 2106 br.
651 2065 726 2116 Ix,
751 2064 872 2116 cap.
895 2048 950 2114 D,
976 2047 1030 2099 in
1049 2058 1115 2100 eo
1133 2043 1326 2098 leviter
1349 2038 1741 2116 emendandus,
1768 2038 1913 2116 quod
1940 2051 2129 2116 mense

537 2108 732 2176 Martio
761 2108 906 2173 dicat
931 2108 1192 2173 Senecam
1219 2123 1517 2174 mortuum,
1545 2125 1671 2164 cum
1702 2109 1927 2164 deberet
1951 2108 2131 2163 dicere

535 2206 724 2249 mense
745 2189 911 2252 Maio;
943 2185 1210 2258 siquidem
1239 2183 1487 2258 Lucanus
1507 2183 1624 2258 qui,
1644 2180 1961 2258 Ettsebio‘et
1985 2179 2133 2258 Dex-

540 2274 626 2318 tro
651 2251 986 2327 auctoribus,
1009 2251 1178 2326 'prius
1213 2257 1445 2327 cecidit,
1484 2251 1672 2327 ultima
1722 2251 1922 2327 Aprilis
1947 2251 2083 2304 obiit
2113 2267 2128 2304 ε

539 2343 870 2406 quapr0pter
899 2322 1161 2386 Senecam
1187 2341 1374 2406 mense
1401 2325 1536 2380 Maio
1575 2322 1824 2406 sequenti
1858 2331 2130 2406 mortuum

542 2393 688 2471 esse,
724 2393 1023 2472 congruum
1062 2408 1146 2455 est
1195 2408 1256 2454 ut
1288 2397 1556 2472 dicamus.
1590 2393 1719 2472 Fuit
1739 2393 2005 2472 (ξριδάιιὺω
2034 2408 2133 2472 tta-

543 2486 650 2540 tus,
666 2463 874 2532 Seneca
896 2471 1112 2534 seniore
1141 2470 1308 2526 nobili
1337 2477 1578 2532 oratore,
1604 2475 1659 2521 et
1683 2465 1892 2540 llelbia,
1916 2481 2011 2540 seu
2037 2463 2132 2518 Al.

543 2537 668 2603 bina
698 2544 1054 2614 parentibus,
1077 2541 1322 2614 Parentis
1361 2540 1480 2609 ejus
1517 2546 1644 2614 suut
1685 2537 2132 2614 declamationes,

542 2635 664 2687 quae
685 2605 824 2672 inter
843 2630 1010 2687 opera
1031 2612 1123 2682 ﬁlii
1139 2620 1374 2687 exstant,
1393 2605 1461 2666 ἰιι
1481 2605 1650 2687 probe
1671 2608 1730 2662 af
1727 2610 1912 2687 tirutat
1933 2617 1988 2661 et
2011 2621 2134 2687 pro.

545 2679 638 2745 bat
667 2679 918 2744 Morales.
955 2679 1526 2757 llis'parentibusnati
1550 2689 1693 2757 sunt
1723 2679 1816 2757 filii
1845 2687 1992 2757 tres:
2026 2679 2136 2757 isti.-

547 2775 700 2815 ttatus
726 2759 934 2815 Seneca
962 2748 1334 2826 philosophus,
1361 2753 1595 2809 Neronis
1619 2751 1875 2826 magister
1895 2766 1910 2814 ;
1929 2748 2136 2826 Junius

547 2831 744 2894 Gallio,
774 2841 829 2886 et
854 2821 1092 2885 Annzeus
1116 2821 1250 2884 uela
1277 2821 1479 2882 Lucani
1506 2833 1676 2894 pater.
1707 2821 1900 2892 Nupsit
1926 2821 2136 2894 Seneca

550 2889 790 2974 Paulina:
815 2899 1088 2974 Pompeite
1110 2900 1328 2974 feminei
1349 2889 1720 2974 nobilissintze,
1744 2889 1862 2963 qtite
1881 2906 2004 2974 cum
2033 2889 2138 2945 Ne.»

551 2970 704 3026 renis
747 2972 899 3037 jussu
951 2972 1213 3028 Senecam
1271 2969 1538 3027 incisione
1591 2979 1850 3037 venarum
1899 2969 2138 3037 aniutam

554 3033 826 3114 eillantent
859 3040 1086 3114 videret,
1138 3043 1254 3113 ipsa
1299 3053 1519 3114 quoque
1547 3051 1682 3114 suas
1713 3035 1955 3091 incidere
1987 3033 2137 3114 fecit,

554 3127 664 3184 quo
689 3112 942 3184 maritum
972 3109 1404 3184 dilectissimum,
1431 3109 1519 3164 vel
1546 3109 1601 3184 in
1625 3110 1740 3184 ipsa
1768 3119 1946 3160 morte
1973 3109 2146 3184 comi-

555 3177 803 3256 (aretur._
826 3181 952 3256 Sed
968 3182 1199 3256 Caesaris
1228 3181 1512 3256 beneﬂcio,
1541 3181 1667 3234 vita:
1692 3177 1811 3246 ejus
1831 3177 2144 3256 consultum

557 3252 681 3309 fuit.
724 3252 885 3308 Addit
912 3251 1197 3321 Eusebius,
1222 3253 1481 3308 Senecam
1509 3265 1614 3304 tton
1643 3256 1850 3321 tantum
1879 3246 2147 3321 incisione

559 3340 842 3390 venarum,
863 3324 1009 3395 quod
1036 3324 1138 3378 sibi
1169 3316 1357 3395 mortis
1384 3337 1556 3393 genus
1593 3319 1894 3395 delegerat,
1925 3316 2150 3395 optione

563 3412 595 3450 a
614 3386 1126 3456 Caesare'concessa.
1150 3396 1247 3450 sed
1267 3386 1428 3449 etiam
1455 3395 1648 3446 haustu
1671 3386 1865 3452 veneni
1897 3386 2144 3459 periisse.

563 3465 682 3521 Noti
711 3466 880 3522 defuit
921 3467 998 3521 illi
1025 3482 1057 3520 e
1101 3469 1210 3522 vita
1246 3466 1460 3519 sublato
1500 3462 1690 3518 Zoilus
1719 3475 1870 3525 suus,
1901 3458 2152 3528 ’Xipbiliq

562 3552 668 3592 nus
694 3579 710 3601 ,
749 3538 966 3606 inquam
992 3579 1007 3602 ,
1052 3538 1234 3591 Dionis
1268 3536 1439 3590 Cassii
1487 3533 1863 3606 abbreviator,
1905 3533 1997 3606 qui
2042 3544 2149 3583 non

566 3623 738 3678 pauca
763 3602 838 3661 in'
868 3623 992 3662 eunt
1031 3609 1312 3662 maledicta
1339 3605 1640 3676 congessit;
1675 3604 1946 3678 prmeipue
1985 3602 2053 3678 in_
2084 3615 2154 3655 eo

568 3673 760 3734 notans
786 3719 801 3743 ,
843 3678 986 3749 quod
1029 3679 1233 3734 viveret
1272 3679 1428 3733 aliter
1450 3673 1632 3746 'quatn
1663 3674 1977 3749 scriberet.
2023 3673 2154 3749 dum

565 3764 841 3804 secessum
861 3744 937 3803 ab
968 3749 1099 3804 urbe
1128 3761 1400 3816 incuteret,
1430 3744 1628 3817 etipse
1663 3746 1716 3800 in
1741 3748 1890 3817 regia
1920 3744 2033 3817 ipsa
2059 3744 2156 3798 de—

566 3831 746 3892 geret;
793 3821 920 3875 dum
968 3821 1192 3892 divitias
1231 3819 1443 3890 scriptis
1491 3816 1823 3892 spernendus
1860 3816 2152 3892 diffiniret.

569 3887 685 3960 ipse
729 3907 861 3948 vero
908 3891 1064 3947 avide
1114 3887 1566 3963 amplecteretur;
1616 3887 1713 3963 sed
1759 3887 2075 3963 Xiphilutus
2123 3901 2155 3942 a

566 3957 719 4018 nullo
747 3964 983 4031 auditur,
1007 3980 1140 4035 ergo
1161 3957 1310 4035 solus
1337 3964 1595 4033 loquitur.
1620 3957 2032 4035 Auctoresz.
2049 3960 2156 4013 Au-

567 4036 812 4105 gustinus
847 4037 942 4090 lib.
972 4030 1042 4090 'vt
1069 4030 1137 4092 de
1165 4034 1322 4092 Civit.
1360 4030 1452 4090 ltei
1480 4047 1605 4104 cap.
1643 4049 1715 4098 xi,
1757 4030 1899 4105 quod
1931 4031 2153 4090 Jndzeus

569 4086 1610 4178 Ξέἰέὶὶῗὶέρῑἑειιθὶιᾶὲτῆζιῖιιὲιὲίιῷήὸε
1653 4086 1836 4159 autem
1873 4103 1985 4172 jam
2023 4088 2150 4156 tunc
2178 4086 2223 4148 Ο

567 4175 770 4232 Judaeis
794 4175 1220 4245 inimicissimos,
1242 4179 1295 4234 in
1317 4186 1564 4234 neutram
1589 4187 1795 4245 partem
1820 4189 2153 4245 commentos

568 4263 693 4303 rare
718 4265 882 4307 ausus
909 4251 1010 4318 sit;
1040 4269 1107 4306 ne
1154 4244 1244 4305 vel
1284 4250 1532 4304 laudaret
1571 4244 1762 4318 contra
1790 4261 1919 4318 suae
1960 4244 2153 4312 patria)

569 4327 810 4376 veterem
850 4317 1333 4385 consuetudinem,
1372 4321 1457 4373 vel
1496 4317 1926 4388 reprehenderet
1961 4323 2154 4368 contra

569 4391 842 4461 propriam
868 4393 1050 4448 forsan
1063 4394 1420 4446 voluntatem.
1442 4387 1722 4461 Quolsatis
1742 4387 1919 4440 innuit
1939 4393 2154 4461 secreto

569 4455 892 4518 Christianas
931 4463 1056 4518 tidei
1087 4461 1416 4532 adhaesisse;
1453 4457 1746 4532 quod_ltoc
1781 4471 1996 4532 quoque
2033 4455 2155 4532 loco

568 4534 767 4603 repetit
797 4534 1027 4597 Dexter;
1050 4530 1332 4603 sed_de_ea_
1356 4543 1418 4582 re
1445 4525 1700 4598 superius
1728 4525 1968 4582 actum}
1997 4525 2156 4581 nobis

569 4599 673 4666 est,
704 4603 771 4657 ad
803 4616 1003 4656 annum
1033 4601 1103 4654 64
1129 4599 1356 4654 Christi.

642 4673 733 4729 18.
764 4670 883 4730 Hoc
911 4671 1088 4724 eodem
1110 4684 1249 4740 anno
1271 4669 1331 4725 S.
1354 4666 1626 4735 Matthiae,
1653 4678 1754 4726 etc.
1780 4667 2072 4740 Lapidlbtts
2101 4667 2154 4724 in

570 4744 761 4813 primis
780 4745 1096 4813 obreptum,
1120 4756 1184 4796 ac
1204 4739 1427 4797 demum
1459 4743 1634 4813 securi
1661 4742 1713 4796 in
1735 4739 1914 4812 capite
1935 4755 2155 4808 percus-

567 4809 693 4884 sunt
716 4812 886 4867 refert
910 4809 1198 4882 Equilinus
1219 4813 1310 4866 lib.
1336 4827 1394 4868 ιιι
1424 4826 1544 4884 cap.
1579 4811 1702 4869 ιιι).
1737 4809 2002 4869 Ιιιζιιιιιωιι
2025 4828 2154 4868 vero

573 4883 814 4954 occisum
847 4895 1038 4954 omnes
1064 4887 1330 4940 referunt.
1354 4884 1535 4953 Quare
1563 4897 1683 4938 cum
1709 4889 1811 4939 hoc
1841 4887 1958 4954 ipso
1985 4901 2150 4952 anno,

573 4965 632 5007 ut
651 4954 762 5026 jant
785 4953 980 5026 dicam,
1014 4953 1213 5011 bellum
1242 4955 1796 5026 Hierosolytnitanum
1819 4953 2067 5025 θάψει-ιι,
2100 4968 2156 5011 et

575 5021 685 5078 tota
707 5021 896 5078 Judzea
921 5028 1349 5095 tumultuaverit,
1383 5021 1540 5083 facile
1567 5025 1667 5081 fuit
1689 5031 1750 5084 S.
1783 5021 2060 5083 blatt'biatn
2088 5041 2155 5083 eo

574 5104 824 5170 tempore
844 5097 1349 5170 perintereLExstat
1370 5098 1487 5170 ejus
1508 5101 1931 5156 sacratissimum
1955 5113 2154 5170 corpus

575 5166 764 5238 ltoina:
792 5166 843 5219 in
867 5167 1099 5222 ecclesia
1123 5168 1182 5224 S.
1214 5166 1660 5238 Marize'majoris,
1686 5171 1776 5226 ubi
1804 5179 2012 5226 vetusta
2034 5166 2155 5238 ejus

573 5237 754 5320 imago
787 5240 1026 5319 mosaico
1065 5254 1229 5310 Opere
1272 5237 1548 5296 elaborata
1595 5247 1856 5308 cernitur,
1889 5257 2014 5320 cum
2055 5237 2156 5296 liae

571 5312 956 5378 inscriptione:
986 5325 1059 5365 tu:
1078 5326 1275 5367 rsum.
1306 5327 1430 5367 AM.
1467 5326 1672 5378 rmore;
1706 5324 1760 5369 et
1787 5329 1914 5368 vere
1944 5312 2025 5367 sic
2047 5322 2154 5376 est,

573 5394 696 5452 nam
726 5396 895 5437 sacra:
934 5385 1142 5436 exuviae
1171 5386 1418 5451 corporis
1460 5385 1579 5452 ejus
1606 5387 1799 5440 subtus
1828 5385 2003 5438 altare
2040 5398 2158 5436 nta-

566 5448 884 5530 jusjacettt,
920 5455 1190 5530 inapside
1216 5448 1800 5530 itnpettsis'cardinalis
1834 5455 2048 5530 Pinelli,
2081 5470 2148 5508 ex

568 5522 740 5595 variis
800 5521 1150 5595 pulchrisque
1201 5521 1560 5580 marmoribus
1612 5529 1912 5584 elaborata.
1967 5521 2148 5595 Caput

569 5605 702 5670 vero
729 5591 912 5650 indie
953 5591 1194 5670 ejusdem
1218 5595 1548 5670 _S._apost_oli
1575 5612 1737 5669 capsa
1775 5608 2030 5670 argentea
2048 5591 2148 5650 itc-

567 5664 797 5734 clusum,
847 5664 1061 5734 populis
1106 5663 1428 5718 Christianis
1473 5667 1605 5724 illuc
1645 5663 1967 5727 catervatim
2020 5683 2153 5726 con-

571 5733 860 5794 ﬂuentibus
887 5736 1220 5792 adorandum
1246 5735 1492 5792 otl'ertur.

2217 1398 2484 1453 Baronitts
2515 1400 2695 1464 reiicit
2723 1401 2935 1454 initium
2971 1399 3094 1452 belli
3125 1399 3602 1469 llierosolymitani
3631 1401 3684 1456 in
3712 1416 3808 1456 an-

2220 1485 2346 1525 nunt
2368 1469 2460 1532 68.
2484 1485 2550 1524 eo
2572 1482 2849 1531 permotus
2871 1470 3035 1536 quod,
3065 1470 3305 1540 Joseplto
3329 1480 3468 1525 teste
3491 1471 3582 1524 lib.
3609 1488 3676 1526 xx
3705 1475 3808 1526 An-

2220 1542 2318 1611 tiq.
2349 1556 2469 1610 cap.
2522 1541 2584 1596 l9
2610 1551 2662 1595 et
2692 1540 2951 1596 de'BelIo
2994 1541 3219 1596 Judaico
3263 1541 3362 1595 lib.
3401 1558 3438 1597 tt
3476 1556 3525 1596 c.
3565 1543 3649 1606 l3,
3693 1558 3809 1598 cum

2220 1611 2396 1667 Judaei
2417 1630 2445 1665 a
2471 1611 2730 1666 Romanis
2751 1613 3068 1678 deficerent,
3102 1620 3339 1681 emptum
3377 1613 3477 1667 fuit
3503 1626 3690 1669 contra
3719 1629 3807 1669 eos

2224 1683 2444 1749 bellum,
2476 1697 2617 1737 anno
2635 1683 2866 1738 Neronis
2891 1684 2954 1738 12
2979 1699 3163 1738 tnense
3185 1684 3342 1738 Maio.
3365 1685 3629 1739 Caeterum
3656 1685 3810 1740 aliam

2225 1753 2386 1823 longe
2431 1769 2699 1810 annorum
2770 1757 2983 1824 imperii
3031 1755 3322 1810 Neroniani
3373 1756 3806 1823 supputationem

2226 1827 2472 1896 sequitur
2514 1825 2632 1882 inse
2670 1825 3002 1886 Cardinalis.
3035 1841 3198 1895 quam
3253 1841 3350 1880 nos
3386 1841 3550 1880 :nam
3592 1827 3706 1896 ipse
3747 1828 3811 1880 ab

2227 1911 2372 1950 anno
2402 1895 2466 1950 D.
2501 1898 2570 1950 56
2597 1899 2900 1964 imperasse
2929 1897 3230 1966 contendit,
3261 1911 3361 1951 nos
3403 1912 3538 1952 vero
3566 1895 3633 1950 ab
3673 1914 3812 1952 anno

2229 1967 2301 2022 53
2345 1967 2498 2033 juxta
2530 1969 2970 2038 supputationem
3020 1968 3226 2033 Dextri,
3277 1984 3441 2038 quam
3493 1968 3634 2024 inter
3683 1970 3815 2022 alios

2229 2039 2577 2108 amplectitur
2601 2038 2791 2093 Ambr.
2818 2039 3050 2093 blorales
3077 2040 3172 2093 lib.
3201 2055 3260 2094 ιι
3284 2053 3406 2106 cap.
3436 2039 3492 2094 6.
3515 2039 3816 2107 Quinimmo

2232 2124 2341 2164 non
2362 2108 2466 2164 sibi
2494 2110 2785 2164 Baronium
2817 2120 3094 2174 constare,
3125 2110 3222 2165 sed
3249 2111 3302 2165 in
3329 2119 3574 2166 nostram
3605 2111 3815 2166 laudent

2231 2181 2538 2235 declinasse
2585 2183 2911 2236 sententiam
2963 2180 3192 2236 inferius
3236 2183 3302 2235 ad
3333 2197 3534 2236 annum
3568 2182 3635 2236 68
3665 2198 3819 2236 mon-

2233 2252 2543 2308 strabimus.
2577 2251 2637 2308 Si
2663 2252 2824 2321 igitur
2853 2253 2922 2305 ab
2951 2266 3097 2307 anno
3127 2254 3196 2308 55
3225 2252 3463 2319 Domini,
3493 2253 3702 2322 imperii
3726 2253 3820 2308 Ne«

2237 2323 2388 2396 ronis
2439 2338 2613 2378 annos
2657 2337 3022 2396 numeremus,
3059 2324 3264 2396 etiipse
3312 2339 3526 2396 quoque
3552 2339 3728 2396 annus
3756 2324 3820 2378 55

2234 2393 2500 2465 inclusive
2529 2402 2877 2458 numeretur,
2911 2397 2968 2448 lit
2996 2393 3089 2465 (ut
3118 2395 3318 2449 Dexter
3334 2393 3652 2465 asseverat)
3679 2411 3820 2449 anno

2236 2464 2307 2520 66
2378 2465 2592 2538 Dontiui
2655 2475 2891 2538 emptum
2959 2464 3158 2538 bellum
3235 2464 3816 2538 llierosolytnitanum;

2237 2537 2682 2606 quandoquidem
2715 2537 2762 2592 is
2787 2548 2872 2592 est
2901 2551 3077 2592 annus
3104 2537 3336 2592 Neronis
3367 2537 3436 2592 12
3477 2537 3634 2608 quem
3667 2537 3819 2594 Jose-

2237 2608 2379 2677 pltus
2416 2608 2688 2678 designat.

2164 2709 2212 2770 Β
2244 2679 3185 2770 ..99:{Timf’a’zEE‘E~.¥9{““EEE
3220 2679 3470 2770 εἰὶῑιξάβπὲτ
3495 2679 3815 2770 ἓξ.ιὶἔέῖὲἕὲ

2242 2751 2311 2805 15
2359 2749 2579 2805 kalend.
2635 2751 2880 2807 Januarii
2910 2751 3054 2821 (quo
3102 2753 3191 2805 die
3245 2752 3396 2805 illtntt
3429 2760 3578 2806 notat
3629 2751 3822 2807 Dexter

2237 2821 2480 2894 obiisse)
2514 2822 2794 2878 Usuardus
2815 2823 3026 2885 dicens,
3050 2821 3129 2894 In
3156 2821 3456 2894 Antpltitrea
3485 2825 3547 2877 S.
3577 2821 3819 2877 Liberati.

2239 2891 2434 2948 Petrus
2462 2894 2624 2964 etiam
2657 2894 2951 2964 Equilinus
2972 2891 3263 2964 episcopos
3288 2893 3398 2964 agit
3418 2893 3487 2949 de
3519 2910 3582 2948 eo
3618 2894 3714 2948 lib.
3751 2908 3821 2948 ιιι

2240 2977 2360 3032 cap.
2376 2962 2587 3030 ultimo,
2604 2962 2831 3020 numero
2849 2963 3027 3028 l7,ltis
3048 2962 3228 3020 verbis
3243 2981 3256 3018 :
3274 2963 3542 3019 Liberatus
3553 2969 3802 3033 confessor

2241 3004 3232 3109 ἔῖὅὲἔρἔἓᾮὲἑρἲὲὲἕρἰδἐἓᾱὲἦιἱίὲἓῖἔὸ
3244 3004 3824 3109 ὲξὶζξῖὲ“ιέἒῖ.”ῑεὶὶῖἶι’ἕῖἔίί

2244 3107 2295 3178 in
2317 3105 2624 3175 Ampltilrea
2648 3109 2973 3178 claruerunt.
3006 3105 3082 3164 Dc
3114 3117 3304 3161 sancto
3325 3107 3586 3178 Gregorio
3613 3122 3824 3178 agemus

2245 3177 2477 3233 inferius
2501 3194 2624 3233 cum
2661 3181 2861 3233 Dextro
2883 3177 2950 3232 ad
2982 3193 3184 3233 annum
3236 3179 3326 3234 9i.
3363 3177 3455 3233 De
3482 3179 3612 3234 urbe
3650 3177 3821 3233 autem

2246 3248 2572 3318 Ampltitria,
2603 3263 2699 3306 seu
2729 3249 3072 3320 Ampbitrea,
3101 3250 3318 3320 quando
3349 3251 3466 3317 ipse
3496 3249 3696 3304 Dexter
3735 3265 3827 3304 ex-

2249 3325 2402 3389 ponit
2429 3335 2530 3377 suo
2563 3330 2806 3390 tempore
2837 3319 2960 3376 Fila
2991 3319 3309 3390 nuncupari,
3344 3335 3451 3375 non
3479 3331 3561 3375 est
3590 3322 3717 3385 quid
3740 3321 3827 3375 ad-

2250 3393 2399 3458 dam,
2431 3392 2534 3448 nisi
2564 3393 2707 3462 quod
2737 3406 2990 3447 successu
3022 3391 3307 3460 temporis,
3352 3401 3554 3462 mutata
3605 3390 3651 3442 1"
3698 3394 3748 3446 in
3780 3390 3822 3444 li

2251 3477 2350 3532 pro
2381 3478 2532 3534 more
2559 3461 2874 3534 Hispanico,
2899 3479 3045 3520 nunc
3075 3478 3334 3517 vocamus
3355 3461 3508 3528 Hita,
3541 3477 3706 3534 quam
3733 3463 3829 3516 lio-

2254 3533 2418 3601 tnatti,
2455 3533 2493 3587 F
2499 3537 2569 3588 ita
2601 3549 2700 3590 seu
2723 3535 2900 3588 forsan
2934 3535 3156 3590 Fitriam
3183 3533 3585 3604 nuncupabant,
3617 3534 3827 3604 dempta

2253 3605 2423 3675 prima
2455 3605 2663 3676 syllaba
2701 3605 2937 3660 nominis
2974 3604 3318 3677 Amphitrite,
3351 3608 3496 3677 quod
3530 3604 3660 3677 mihi
3691 3607 3830 3660 Orir-

2254 3690 2376 3731 cum
2413 3677 2651 3740 videtur,
2691 3688 2882 3732 etnon
2911 3676 3312 3732 leveindicium
3355 3676 3609 3746 Oppidum
3646 3676 3831 3742 hujus-

2255 3747 2404 3802 modi
2433 3763 2462 3801 a
2490 3748 2699 3803 Griecis
2725 3750 2854 3802 olim
2881 3747 3180 3813 conditum,
3210 3757 3267 3803 ut
3297 3750 3462 3802 multa
3493 3749 3592 3802 alia
3619 3747 3829 3802 fuerunt

2257 3817 2312 3873 in
2351 3818 2628 3889 Hispania.
2663 3818 2991 3874 Ptolomaeus
3022 3820 3266 3878 nominat
3304 3818 3358 3889 iu
3392 3821 3713 3888 Carpetania
3739 3818 3832 3889 Al:

2261 3887 2487 3946 terniattt
2523 3905 2627 3944 non
2659 3892 2818 3960 longe
2842 3904 2870 3942 a
2904 3890 3129 3957 Caraca,
3179 3905 3275 3946 seu
3306 3887 3702 3954 Guadalaxara,
3747 3887 3829 3941 ubi

2260 3976 2405 4016 nunc
2435 3971 2519 4016 est
2551 3961 2693 4030 llita,
2722 3977 2891 4031 quare
2917 3975 3114 4016 nomen
3143 3961 3285 4032 apud
3318 3961 3491 4029 ipsum
3520 3969 3826 4030 corruptum

2261 4033 2494 4099 videtur,
2526 4044 2587 4087 ut
2615 4049 2712 4102 pro
2738 4033 3045 4104 Atnpltitria
3077 4033 3316 4104 legamus
3346 4047 3488 4088 nunc
3520 4033 3573 4086 in
3599 4032 3716 4102 ejus
3747 4046 3834 4087 eo-

2255 4105 2376 4160 dice
2408 4104 2727 4160 Alterniam.

2323 4178 2416 4233 2|.
2451 4175 2568 4230 Hoc
2607 4178 2787 4232 eodem
2825 4194 2965 4232 anno
3007 4176 3174 4233 sancti
3217 4175 3445 4245 apostoli
3475 4172 3686 4240 Petrus,
3731 4183 3830 4228 etc.

2255 4251 2355 4317 Qui
2387 4249 2455 4304 ad
2493 4264 2695 4304 annum
2733 4248 2802 4305 69
2826 4249 3037 4305 Domini
3072 4249 3155 4303 vel
3185 4249 3255 4304 70
3281 4245 3539 4302 differunt
3563 4246 3833 4315 apostolo-

2255 4336 2374 4375 rum
2408 4335 2618 4384 necem,
2644 4321 2925 4376 remittnttt
2969 4320 3132 4377 etiam
3175 4319 3492 4374 eornindetn
3523 4320 3754 4372 reditum
3784 4317 3833 4370 ιιι

2255 4391 2454 4449 Urbem
2481 4391 2548 4446 ad
2573 4407 2774 4447 annum
2804 4393 3118 4462 praedictum
3141 4391 3210 4446 68
3233 4399 3510 4454 utuno,ut
3534 4388 3832 4450 minimum,

2254 4464 2340 4518 vel
2372 4463 2588 4518 duobus
2615 4465 2771 4518 annis
2801 4461 2927 4519 ante
2958 4473 3186 4518 mortem
3219 4477 3372 4516 suam
3420 4461 3646 4515 liomnn
3690 4473 3838 4513 aere-

2255 4534 2466 4590 derent.
2496 4535 2631 4589 Cum
2663 4551 2794 4590 vero
2826 4535 3022 4591 Dexter
3048 4548 3194 4589 anno
3221 4534 3290 4589 68
3319 4547 3414 4588 ens
3445 4531 3656 4586 occisos
3685 4539 3838 4584 antu-

2256 4613 2392 4672 tnet,
2424 4620 2710 4661 necessum
2759 4607 2946 4662 ltabuit
2985 4605 3218 4661 reditum
3265 4603 3635 4676 apostolorum
3664 4601 3835 4676 insn-

2257 4692 2385 4732 nutu
2414 4677 2484 4733 66
2515 4677 2857 4748 consignare.
2888 4677 2975 4744 Et,
3001 4684 3061 4732 ιιι
3083 4673 3455 4748 opinor,‘vero
3481 4673 3839 4748 consintilius:

2259 4764 2381 4804 nam
2415 4749 2546 4816 ipsis
2566 4743 2880 4804 aucioribus
2908 4743 3154 4803 adversa:
3180 4747 3432 4802 factionis
3454 4743 3834 4816 abnuentibus,

2257 4836 2319 4876 ea
2344 4814 2652 4896 luit’caus‘a,
2686 4819 2962 4888 apostolos
2992 4819 3220 4896 Romam
3254 4816 3572 4896 reducendi,
3605 4814 3839 4896 quodad

2259 4891 2507 4946 notitiam
2551 4890 2769 4947 illorum
2818 4890 3067 4960 pervenit
3094 4891 3342 4960 immanis
3382 4888 3474 4940 illa
3518 4888 3839 4960 persecutio.

2257 4977 2418 5033 quam
2450 4962 2503 5033 in
2532 4958 2869 5016 Christianos
2896 4961 3039 5033 Nero
3059 4959 3468 5033 crudelissimus
3489 4958 3840 5033 excitaverat,

2258 5027 2386 5088 dum
2408 5031 2614 5088 crimen
2647 5034 2880 5088 incendii
2911 5032 3142 5086 Romani
3170 5034 3237 5086 ab
3267 5030 3385 5100 ipso
3413 5030 3660 5099 nequiter
3687 5027 3844 5082 exci-

2259 5105 2376 5172 tati,
2397 5106 2454 5157 in
2476 5119 2574 5160 eos
2594 5105 2964 5176 retorquebat.
2989 5103 3151 5160 Urbis
3171 5114 3347 5157 autem
3370 5100 3676 5176 incendium
3691 5100 3842 5176 juxta

2258 5169 2546 5232 commune
2567 5169 2850 5231 auctorum
2881 5177 3154 5245 placitum,
3179 5189 3319 5245 quos
3337 5171 3504 5245 refert
3523 5183 3581 5245 et
3601 5169 3843 5240 sequitur

2259 5245 2412 5302 card.
2448 5247 2711 5302 Baronius
2734 5249 2784 5302 ιιι
2815 5241 2970 5302 Notis
2995 5245 3063 5299 ad
3093 5241 3236 5299 diem
3265 5241 3489 5298 MJunii
3522 5243 3679 5298 Rom.
3705 5255 3844 5294 mar-

2262 5318 2536 5390 tyrologii,
2573 5318 2627 5373 in
2665 5333 2866 5373 annum
2910 5315 3230 5390 Domini__63
3253 5315 3492 5390 incidtt:
3525 5315 3692 5390 coepit
3713 5327 3844 5390 vero

2261 5381 2314 5444 tv
2353 5381 2469 5443 kal:
2505 5388 2735 5458 Augusti
2773 5403 2870 5443 seu
2909 5388 2980 5443 i9
3021 5387 3170 5444 Julii.
3204 5388 3409 5458 Quare
3449 5381 3841 5458 quamprimum

2257 5461 2493 5531 apostoli
2519 5457 2762 5515 nuntium
2787 5461 2853 5515 de
2875 5459 3166 5515 afﬂictione
3197 5457 3454 5510 Ecclesia:
3477 5457 3734 5531 Romana
3754 5467 3839 5507 ac-

2253 5526 2545 5604 ceperunt,
2560 5535 2775 5586 tametsi
2805 5533 2963 5604 longe
2983 5531 3246 5604 distantes
3272 5539 3455 5582 essent
3476 5529 3546 5604 ab
3564 5526 3727 5604 l_l_rbe,
3759 5532 3842 5604 ut-

2263 5597 2388 5675 pa'te
2419 5597 2712 5675 Pattlus‘in
2747 5597 3266 5675 Hispaitia,__Ptatrus
3302 5613 3434 5675 vero
3476 5597 3530 5651 itt
3574 5597 3845 5652 Britannia

2263 5670 2350 5729 vel
2391 5676 2593 5740 Alrica,
2624 5673 2771 5730 illico
2806 5670 2909 5728 iter
2938 5677 2988 5728 ιιι
3028 5672 3225 5727 Urbetn
3272 5670 3584 5740 arripuere;
3626 5682 3692 5723 ne
3723 5681 3846 5719 suas

2264 5761 2391 5806 oves
2416 5748 2470 5805 itt
2495 5739 2838 5807 tribulatione
2864 5755 3009 5804 tanta
3029 5743 3366 5801 desererent.
3391 5739 3508 5800 Non
3527 5741 3670 5800 enim
3692 5747 3847 5796 erant
