3976 6290
488 212 596 271 219

1496 211 1726 274 FLAVI!
1765 209 1946 275 LUCII
1987 208 2247 273 DEXTRI
2282 209 2701 273 CllRONlCQN.

1705 345 1966 405 BIVARII
2003 344 2582 407 GOMMENTARIUS.

3679 209 3789 293 ξω

497 467 702 535 licabit,
752 478 844 526 aut
887 468 1075 525 nullihi
1124 482 1399 524 sacrarum
1446 465 1890 533 Scripturarum;
1940 464 2085 537 quod
2110 465 2163 526 Α
2190 465 2341 521 littus
2370 464 2538 520 Rubri
2570 464 2737 520 maris
2770 478 2894 537 esse
2926 480 3032 520 non
3063 466 3284 537 potuit;
3327 479 3620 536 numquam
3644 464 3788 534 enim

498 540 710 599 admitti
740 556 848 597 non
892 540 1101 596 debet:
1134 539 1274 596 nihil
1310 539 1455 607 quod
1509 537 1808 593 satisfaciat
1860 552 2091 607 respon-

498 611 653 683 dent.
684 611 996 683 Praesertim
1028 612 1152 683 quia
1182 611 1231 668 si
1262 610 1488 683 alicubi
1516 608 1744 665 Tharsis
1770 624 1899 683 non
1940 621 2092 683 mare

498 681 699 752 ipsum,
720 683 814 739 sed
836 676 1112 752 regionem
1139 681 1428 752 quamdam
1458 681 1721 736 deuotam
1751 676 2092 752 deibet,h~aud

501 750 723 825 dubium
755 755 884 825 quin
905 750 1049 825 apud
1068 750 1258 825 loriam
1292 770 1305 807 :
1337 751 1411 825 ibi
1438 751 1925 825 enimnou‘solum
1957 750 2095 825 dicit

500 834 590 883 tur
616 825 695 896 de,
713 819 835 896 ipso
863 819 1009 895 quod
1034 824 1338 896 conabatur
1366 823 1447 878 ire
1477 820 1796 887 iu'l‘barsis,
1825 821 1921 896 sed
1947 819 2091 896 quod

500 895 644 963 apud
671 892 899 965 loppeni
926 911 1119 951 navem
1145 895 1359 951 invenit
1381 904 1760 963 praeparatam,
1790 903 1851 965 ut
1887 893 1994 947 iret
2040 892 2092 965 in

502 964 751 1023 Tbarsis.
775 964 950 1024 Nemo
973 976 1156 1022 autem
1177 965 1322 1020 dicet
1340 965 1482 1033 qttod
1510 965 1611 1021 hac
1640 964 1825 1034 pbrasi
1856 979 1965 1019 non
1993 964 2097 1034 fuit

504 1036 868 1108 significatum
892 1038 946 1092 in
977 1053 1137 1095 unam
1167 1037 1404 1108 aliquam
1437 1037 1621 1105 potius
1645 1033 1810 1108 quam
1868 1036 1927 1108 in
1959 1033 2094 1108 alius

505 1104 814 1179 provincias
866 1108 1087 1176 ituram,
1140 1107 1239 1164 sed
1263 1104 1466 1179 solum
1489 1107 1542 1162 in
1575 1121 1745 1179 mare.
1777 1104 1914 1179 Quis
1941 1106 2092 1179 enim

505 1175 676 1241 dicat.
703 1194 895 1235 navem
920 1180 1001 1236 ire
1023 1175 1077 1235 in
1098 1193 1270 1248 mare,
1299 1192 1422 1234 cum
1447 1177 1561 1248 jam
1584 1177 1641 1233 in
1667 1178 1805 1233 mari
1825 1175 1933 1232 sit?
1964 1176 2094 1232 Hmc

508 1250 677 1322 igitgu
704 1249 838 1306 satis
866 1252 1154 1322 perspicua
1177 1259 1326 1306 sunt.

580 1320 758 1392 Unum
785 1318 1034 1392 estquod
1063 1332 1316 1392 auctores
1347 1335 1378 1375 a
1407 1328 1594 1376 nostro
1621 1318 1954 1392 deterruerit
1976 1320 2093 1388 pla‘

504 1390 920 1460 cito;uimiruni
949 1391 1094 1462 quod
1122 1390 1190 1448 ιιι
1217 1391 1450 1462 Regum,
1478 1407 1601 1454 cap.
1628 1408 1703 1459 Ix,
1732 1400 1788 1462 et
1815 1390 1860 1445 Il
1889 1390 2095 1446 Parali-

505 1478 677 1533 pom.,
705 1477 824 1531 cap.
856 1461 977 1531 vui,
1004 1477 1262 1533 expresse
1287 1461 1487 1519 dicitur
1506 1462 1705 1533 classis
1730 1461 2093 1526 Salomonica,

509 1532 563 1588 ct
594 1535 882 1597 lliramica,
902 1552 1023 1605 qua:
1055 1532 1308 1589 tendebat
1339 1535 1392 1588 in
1420 1534 1665 1597 Tharsis,
1693 1532 1956 1605 illatrttcta
1975 1549 2097 1589 esse:

507 1605 562 1659 in
588 1604 929 1672 Asiongaber,
957 1621 1074 1675 qua
1092 1613 1168 1659 est
1189 1606 1348 1676 juxta
1393 1605 1598 1676 Ailatltg
1618 1605 1674 1658 in
1715 1604 1888 1676 littore
1937 1606 2097 1676 maris

509 1675 699 1732 Rubri.
728 1677 782 1731 Si
810 1673 1111 1745 igitur’ipse
1134 1673 1290 1731 sacer
1316 1686 1498 1732 textus
1544 1674 1780 1730 aflirmat
1827 1673 1998 1731 fuisse
2041 1675 2097 1729 in

508 1748 644 1802 mari
673 1746 880 1811 Rubro,
902 1746 1023 1816 quis
1051 1747 1246 1802 audeat
1277 1748 1343 1800 ad
1369 1762 1518 1802 mare
1547 1746 2004 1802 Mediterraneum
2035 1748 2098 1800 il-

510 1818 614 1904 lam
642 1818 979 1875 transferre?
1007 1816 1308 1904 pqr-sertim
1332 1818 1459 1904 quia
1479 1816 1839 1904 ésiongaber,
1858 1825 1950 1904 "ut
1997 1833 2094 1886 pa-
2132 1847 2148 1904 ι

507 1885 584 1947 let
614 1904 679 1944 ex
709 1903 830 1959 cap.
856 1885 1024 1944 xxxttt
1054 1888 1302 1957 Numen,
1337 1889 1437 1941 fuit
1483 1890 1552 1944 32
1599 1888 1810 1959 mansio
1857 1885 2094 1959 filiorum

507 1959 674 2016 Israel
703 1959 758 2013 in
780 1956 1023 2023 deserto,
1054 1974 1176 2029 qua:
1191 1956 1299 2013 non
1326 1959 1542 2015 videtur
1566 1972 1691 2014 esse
1737 1956 1794 2029 in
1841 1958 2099 2014 Mediter-

508 2029 660 2100 ranei
682 2045 799 2091 ora,
832 2030 929 2085 sed
950 2028 1092 2087 intra
1119 2031 1491 2085 continentem
1519 2042 1742 2097 terram.
1768 2028 1877 2084 Sed
1910 2039 1964 2085 et
1994 2045 2097 2100 ego

509 2099 749 2157 similem
766 2101 1002 2171 coniicio
1016 2102 1551 2171 argumentationem
1568 2116 1632 2156 ex
1660 2099 1973 2154 testimonio
2001 2099 2096 2156 Je-

511 2187 597 2235 na:
626 2170 925 2241 prophetae,
975 2170 1063 2226 ubi
1109 2187 1266 2227 sacer
1295 2180 1477 2227 textus
1507 2172 1785 2240 conceptis
1805 2172 1992 2225 verbis
2017 2171 2101 2226 al-

509 2243 695 2299 lirmat
714 2257 914 2299 navem
935 2250 1153 2298 euntem
1200 2243 1254 2297 in
1283 2242 1524 2308 Tharsis,
1551 2258 1617 2298 ex
1644 2241 1817 2312 .loppe
1847 2241 2101 2298 Mediter-

510 2315 662 2368 ranei
694 2313 862 2369 maris
918 2324 1078 2384 portu
1124 2314 1411 2369 notissimo
1452 2314 1724 2368 solvisse:
1766 2314 1889 2384 quis
1937 2315 2101 2382 igitur

510 2384 848 2441 contrarium
873 2383 1096 2442 audebit
1115 2399 1384 2447 asserere,
1417 2395 1475 2440 et
1506 2386 1806 2440 transferre
1824 2383 2103 2439 Tharscn-

510 2469 626 2511 sem
658 2455 1056 2525 navigationem
1079 2455 1146 2509 ad
1184 2471 1338 2511 mare
1367 2456 1653 2512 Rubrum?
1700 2453 1767 2511 Ut
1814 2456 2098 2510 minimum

512 2525 776 2597 habemus
807 2536 915 2583 tam
972 2526 1315 2582 manifestum
1357 2543 1529 2583 sacra:
1580 2528 1790 2597 paginae
1841 2530 2093 2581 testimo-

509 2596 685 2669 nium,
713 2613 876 2669 quam
917 2598 1019 2669 ipsi
1044 2598 1343 2669 adversarii
1370 2614 1385 2663 ;
1420 2614 1484 2652 ac
1514 2596 1743 2667 preinde
1771 2612 2099 2668 quamquam

509 2666 647 2725 nihil
668 2666 815 2723 aliud
848 2666 952 2739 pro
966 2668 1123 2725 nobis
1150 2676 1320 2733 esset,
1352 2669 1457 2724 hoc
1486 2666 1593 2723 uno
1619 2668 1740 2723 solo
1771 2678 1877 2721 tam
1906 2666 2104 2739 proba-

512 2741 618 2794 bile
646 2739 803 2812 fieret
829 2741 1084 2810 placitum
1108 2750 1381 2808 nostrum,
1412 2756 1578 2812 quam
1632 2748 1918 2811 reputatur
1945 2756 2101 2796 suum

512 2812 584 2869 ab
605 2809 954 2868 adversariis.

582 2883 640 2936 Si
669 2897 818 2964 vero,
860 2881 1006 2965 quod
1042 2882 1390 2965 probabilius
1429 2882 1519 2948 sit,
1554 2881 1786 2965 velimus
1800 2879 2105 2965 diligenter

516 2953 849 3024 perquirere.
876 2953 1217 3010 inveniemus
1262 2953 1435 3009 multa
1465 2953 1849 3024 probabilitate
1877 2966 2099 3009 senten-

515 3023 643 3096 tiam
671 3033 909 3096 nostram
930 3024 1269 3096 superiorem
1297 3042 1312 3080 :
1338 3023 1481 3080 nam
1495 3035 1692 3095 pneter
1711 3025 1815 3078 alia
1843 3035 2103 3096 questa-

408 3099 413 3104 ‘
516 3095 610 3166 tim
641 3092 1132 3166 adducetnus,'duo
1169 3106 1294 3151 sunt
1336 3112 1459 3166 quas
1486 3092 1814 3152 convincam
1859 3094 2107 3166 testimo-

516 3164 664 3235 nium
695 3164 830 3219 illud
862 3165 930 3221 de
969 3167 1304 3235 Asiongaber
1335 3164 1387 3219 in
1419 3166 1555 3221 mari
1583 3166 1770 3221 Rubro
1804 3165 1958 3220 nobis
1997 3182 2105 3221 non

2192 537 2458 593 lsraelita:
2505 536 2572 591 ad
2624 537 2776 592 littus
2815 536 2959 593 illius
2990 530 3222 593 ulterius
3250 530 3605 607 appulerunt,
3643 530 3794 607 post-

2192 623 2356 675 quam
2402 608 2577 664 semel
2619 606 2690 663 ab
2739 622 2809 662 eo
2839 608 3074 674 elongati
3102 618 3255 673 sunt,
3288 606 3343 663 et
3384 607 3542 664 locus
3582 606 3657 662 in’
3684 622 3795 675 quo

2194 679 2524 734 describitur
2550 680 2712 746 longe
2738 694 2769 732 a
2793 678 2928 734 mari
2961 679 3148 734 Rubro
3172 678 3445 734 distabat:
3478 679 3610 734 inde
3637 679 3791 735 enim

2193 751 2428 819 primum
2471 752 2527 803 in
2557 749 2734 805 Cadcs
2763 749 3126 818 devenerunt,
3150 751 3241 805 ubi
3273 751 3489 813 sepulta
3540 749 3649 805 fuit
3686 749 3796 805 la-

2194 822 2274 893 ria
2303 822 2680 893 sororjtoysi.
2704 819 2804 876 Ubi
2834 830 3018 893 autem
3047 821 3211 877 fuerit
3237 820 3439 886 Gades,
3470 820 3792 893 audiverim

2195 892 2395 963 llovsis
2438 891 2660 946 Numer.
2714 907 2785 947 xx
2812 908 2845 963 κεῖ
2884 892 3029 947 Misit
3080 894 3279 949 interea
3321 894 3543 963 nuncios
3586 891 3797 962 ﬂagres

2195 964 2259 1018 de
2283 961 2452 1035 Cedas
2485 963 2556 1016 ad
2580 978 2754 1035 regem
2802 962 2995 1035 Edam,
3028 965 3122 1035 qui
3158 964 3393 1035 dicerent
3423 979 3445 1018 :
3489 961 3650 1035 Nosti
3679 961 3795 1035 oni-

2196 1051 2311 1088 nem
2359 1033 2598 1089 laborem
2624 1034 2715 1105 qui
2743 1033 3086 1105 apprehendit
3115 1048 3228 1090 nos.
3281 1033 3417 1089 Ecce
3445 1035 3503 1092 in
3526 1033 3655 1088 urbe
3695 1034 3799 1088 Ce-

2196 1107 2289 1160 des
2312 1120 2433 1175 ante
2476 1115 2551 1159 est
2580 1104 2646 1159 in
2676 1104 2918 1160 extremis
2944 1106 3138 1175 ﬁnibus
3165 1106 3294 1171 tuis,
3338 1106 3520 1173 positi,
3551 1104 3798 1175 obsecra-

2196 1174 2335 1246 ntus,
2365 1185 2421 1230 ut
2442 1176 2589 1230 nobis
2612 1176 2835 1231 transire
2859 1174 3009 1231 liceat
3032 1192 3125 1245 per
3145 1186 3338 1232 terram
3356 1186 3515 1230 luam.
3544 1174 3800 1246 Proxime

2198 1245 2365 1317 igitur
2391 1255 2549 1305 erant
2576 1246 2691 1318 jam
2725 1258 2888 1303 terra:
2916 1249 3221 1318 promissae,
3260 1258 3314 1303 et
3351 1248 3420 1302 ad
3462 1245 3643 1318 Gades
3672 1261 3797 1316 per-

2198 1316 2484 1382 venerant,
2519 1316 2641 1388 quae
2684 1327 2803 1373 erat
2834 1320 2888 1372 in
2919 1316 3200 1374 extremis
3230 1321 3449 1374 'linibus
3486 1316 3686 1388 Edom,
3736 1327 3801 1374 ut

2201 1361 2439 1447 ιιιιέιιίεἱῖ
2469 1361 3795 1460 ἰτὲἓὶςεοῖει,ἰέηοῖἶιέὲῖἁὲἓὶιῖῥὸἰῖἷεηιῖιὶιὶοιζξ

2201 1475 2412 1529 ιιιιτιιεο,
2445 1460 2534 1515 ubi
2564 1468 2745 1516 textus
2783 1475 2941 1518 sacer
2965 1463 3263 1517 constituat
3295 1459 3568 1518 terminos
3597 1459 3798 1526 Edunt,

2200 1545 2254 1586 ut
2291 1531 2419 1586 inde
2456 1530 2645 1586 elicias
2680 1545 2845 1601 quam
2883 1548 3054 1601 prope
3114 1544 3315 1588 terram
3359 1530 3637 1593 Chanaan:
3684 1530 3801 1600 jam

2202 1608 2388 1658 essent
2418 1602 2702 1674 lsraelitae.
2727 1609 2785 1674 et
2809 1618 2975 1672 quam
3004 1605 3163 1674 longe
3191 1619 3219 1657 a
3246 1602 3427 1657 Rubro
3452 1603 3591 1674 mari
3616 1619 3632 1669 ;
3660 1616 3805 1674 pra:-

2202 1675 2390 1729 sertim
2413 1688 2535 1727 cum
2564 1672 2618 1727 iu
2642 1672 2833 1729 eodem
2863 1674 3084 1730 Numer.
3102 1672 3182 1729 'xx
3222 1691 3345 1742 cap.
3383 1672 3615 1728 inferius
3642 1673 3802 1728 dica-

2202 1754 2311 1812 tur,
2346 1744 2489 1814 quod
2537 1754 2735 1814 negato
2776 1744 2883 1799 illis
2927 1761 3024 1810 per
3057 1745 3344 1800 ldumazam
3376 1745 3630 1812 transitu,
3674 1756 3801 1800 cum

2201 1824 2380 1871 ca~tra
2436 1813 2740 1872 moviSSent
2789 1815 2860 1871 de
2912 1816 3108 1879 Cades,
3151 1815 3413 1871 Venerunt
3461 1815 3519 1869 in
3569 1825 3804 1870 montem

2203 1886 2341 1950 llor,
2368 1887 2458 1956 qui
2487 1895 2561 1940 est
2588 1886 2642 1939 in
2677 1885 2867 1954 ﬁnibus
2897 1895 3050 1942 terra:
3076 1887 3266 1957 Edam,
3300 1887 3392 1941 ubi
3423 1890 3609 1941 Aaron
3645 1902 3802 1941 mor-

2202 1965 2328 2012 tuus
2350 1967 2457 2012 est.
2489 1958 2558 2011 Et
2581 1973 2703 2025 cap.
2727 1973 2823 2011 ιιι
2852 1958 3108 2027 adjicitur
3134 1961 3277 2027 quod
3306 1958 3421 2014 illic
3439 1957 3491 2011 in
3514 1972 3585 2013 eo
3613 1967 3803 2012 monte

2202 2029 2602 2100 triumpharunt
2637 2028 2705 2082 de
2731 2026 3060 2097 Cliananmo,
3097 2026 3189 2100 qui
3224 2030 3332 2084 illis
3363 2027 3581 2084 obviam
3625 2030 3804 2085 factus

2202 2100 2401 2154 inerat.
2434 2098 2565 2153 Vide
2595 2113 2758 2170 quam
2810 2101 3056 2169 proxime
3107 2098 3267 2157 erant
3311 2109 3472 2153 terra:
3520 2100 3803 2154 Chanaan:

2202 2171 2509 2239 promissae.
2541 2170 2694 2241 Quod
2722 2180 2903 2226 autem
2934 2172 3132 2226 dicitur
3161 2171 3259 2235 ibi,
3292 2170 3527 2241 Profecti
3558 2179 3677 2223 sunt
3704 2187 3806 2241 au-

2202 2250 2301 2314 tem
2331 2241 2397 2296 de
2421 2250 2595 2314 monte
2630 2240 2745 2314 Hor
2765 2242 3015 2311 perviam
3041 2257 3169 2314 quia,
3198 2243 3342 2297 ducit
3383 2239 3453 2295 ad
3499 2258 3643 2296 mare
3687 2239 3806 2314 lin-

2204 2312 2386 2386 brum,
2410 2321 2467 2386 ut
2498 2312 2833 2386 circumirent
2863 2312 3062 2386 terrain
3086 2313 3280 2386 Edam,
3322 2328 3430 2386 non
3478 2328 3548 2386 eo
3598 2312 3801 2386 tendit,

2204 2396 2263 2438 ut
2286 2384 2416 2440 velit
2438 2383 2635 2439 iterum
2659 2383 2725 2436 ad
2765 2382 2898 2438 illud
2926 2400 3074 2439 mare
3105 2384 3375 2449 rediisse;
3411 2382 3508 2439 Sed
3539 2393 3596 2439 ιιι
3624 2384 3801 2450 dicat,

2204 2470 2311 2512 non
2340 2462 2507 2526 recta
2536 2469 2566 2508 a
2610 2453 2809 2509 ﬁnibus
2841 2454 3012 2509 Edum
3042 2456 3319 2525 profectos
3357 2455 3546 2519 fuisse,
3590 2453 3805 2526 quippe

2205 2528 2294 2596 qui
2331 2541 2426 2595 per
2456 2525 2747 2581 Idumaeam
2783 2529 3015 2581 transire
3040 2528 3215 2590 vetiti,
3240 2527 3414 2582 coacti
3445 2536 3574 2581 sunt
3625 2525 3804 2595 ipsam

2205 2597 2460 2660 circuire,
2511 2605 2565 2651 et
2600 2597 2655 2651 in
2688 2611 2766 2667 eo
2813 2596 3042 2652 circuitu
3087 2612 3377 2667 parumper
3416 2602 3807 2653 retrocessisse

2208 2684 2306 2733 per
2333 2668 2470 2721 viam
2501 2680 2623 2737 quae
2668 2666 2901 2723 ducebat
2953 2669 3019 2722 ad
3051 2666 3201 2724 mare
3242 2669 3504 2739 Rubrum,
3550 2667 3804 2739 quodex

2207 2741 2342 2808 ipsis
2367 2753 2503 2811 quas
2522 2748 2767 2811 egerunt
2789 2739 3159 2796 mansionibus
3187 2739 3243 2796 in
3274 2738 3456 2811 capite
3484 2737 3661 2795 xxxnt
3688 2737 3807 2795 Nu-

2208 2826 2347 2865 mer.
2380 2809 2565 2865 relatis
2594 2808 2938 2866 manifestum
2970 2813 3050 2865 lit.

2281 2879 2418 2950 Quid
2443 2890 2708 2952 estergo,
2739 2882 2881 2950 quod
2912 2881 3006 2937 illo
3030 2880 3099 2937 III
3123 2882 3257 2952 Reg.
3283 2896 3339 2938 ιι
3368 2880 3681 2938 testimonio
3709 2897 3810 2936 ex-

2209 2967 2398 3024 presse
2430 2950 2708 3024 scribitur,
2748 2953 2891 3022 quod
2925 2950 3261 3024 Asiongaher
3290 2954 3547 3024 navium
3574 2952 3805 3024 Tharsis

2209 3022 2397 3084 portus
2427 3022 2626 3079 eratin
2676 3022 2857 3078 littore
2904 3024 3071 3079 maris
3096 3022 3304 3079 Rubri?
3346 3022 3466 3078 Non
3515 3022 3804 3079 difﬁcilem

2211 3094 2374 3151 habet
2399 3094 2749 3148 solutionem.
2783 3094 2958 3150 Immo
2986 3111 3116 3150 vero
3139 3095 3244 3150 hoc
3270 3095 3503 3149 alterum
3528 3111 3560 3149 e
3589 3095 3809 3150 duobus

2214 3167 2319 3220 iliis
2347 3176 2431 3222 est
2461 3179 2585 3235 quae
2614 3180 2712 3236 pro
2756 3167 2915 3221 nobis
2968 3167 3150 3222 facere
3178 3166 3312 3221 dixi.
3352 3164 3486 3220 Nam
3522 3165 3579 3220 in
3629 3167 3810 3222 sacris

514 3234 756 3316 otiati-re,
782 3249 980 3316 pecco
1013 3236 1068 3291 id
1095 3232 1240 3306 quod
1283 3237 1383 3316 ipsi
1425 3245 1636 3316 putant_
1666 3234 1981 3316 significari,
2008 3237 2104 3293 sed
2133 3232 2179 3295 C
2214 3238 2409 3316 litteris
2439 3232 2551 3291 non
2581 3232 2801 3316 semper
2828 3238 2985 3316 maris
3030 3236 3194 3316 Rubri
3236 3251 3433 3316 nomen
3472 3237 3616 3292 sinui
3657 3236 3811 3316 Ara-

513 3306 656 3375 quod
689 3320 811 3378 nos.
838 3306 1085 3378 Alterum
1113 3305 1194 3362 est
1220 3305 1365 3378 quod
1392 3307 1672 3377 provincia
1703 3305 1798 3359 ub'i
1823 3305 1959 3361 situs
1986 3316 2106 3378 erat

518 3386 703 3450 portus
742 3377 834 3433 ille
868 3376 1367 3450 (quicunique'sit,
1396 3376 1620 3450 Vocatus
1649 3378 2012 3450 Asiongaber)
2049 3376 2105 3434 in

515 3447 711 3503 codem
738 3447 889 3505 textu
911 3447 1328 3511 determinatur,
1354 3447 1616 3504 nimirum
1658 3456 1803 3502 terra
1842 3447 2103 3515 Idumam;

513 3518 715 3591 dicitur
740 3520 886 3591 enim
916 3519 990 3576 ibi
1020 3519 1110 3591 (Ill
1158 3519 1294 3591 Reg.
1321 3518 1401 3591 Ix)
1437 3537 1450 3575 :
1498 3518 1727 3573 Classem
1751 3535 1954 3591 quoque
1985 3522 2107 3591 fecit

518 3588 631 3663 Rea:
663 3588 1347 3663 SalomonjnAsiongaber
1375 3588 1494 3663 qm
1520 3600 1592 3644 est
1620 3588 2022 3663 juctdﬁilatli,
2047 3590 2103 3645 in

515 3662 691 3716 littore
717 3661 878 3714 maris
908 3660 1093 3726 Rubri,
1123 3660 1357 3716 in'terra
1384 3660 1673 3728 Idumaei;
1707 3671 1763 3717 et
1787 3660 1829 3715 Il
1862 3660 2101 3731 Paralip.

517 3746 610 3786 vin
646 3748 660 3784 :
694 3731 826 3795 Quae
850 3744 928 3788 est
966 3736 1019 3787 in
1053 3743 1193 3788 terra
1237 3731 1428 3788 Edent.
1475 3732 1646 3787 Terra
1693 3740 1875 3787 autem
1935 3733 2103 3788 [idem

514 3803 891 3874 seuldumaza
938 3820 1044 3861 non
1085 3815 1171 3860 est
1209 3805 1440 3860 conttuis
1489 3804 1673 3859 Rubro
1724 3803 1905 3869 mari,
1952 3804 2097 3874 quod

517 3873 919 3946 Arabicumiex
962 3876 1138 3931 vicina
1192 3876 1393 3930 Arabia
1431 3889 1839 3946 nuncupamns,
1889 3873 1984 3929 sed
2034 3876 2104 3931 ab

517 3944 725 4015 Occasu
750 3944 964 4015 adjacet
992 3947 1411 4013 Mediterraneo,
1439 3963 1470 4003 ιι
1500 3944 1887 4013 Septentrione
1916 3958 2099 4001 autem

515 4014 720 4089 iudica:
749 4014 912 4089 terra:
952 4018 1352 4088 promissionis,
1385 4028 1446 4073 nt
1481 4019 1702 4074 oculate
1744 4018 1975 4089 quiSque
2018 4019 2102 4072 vi-

515 4085 648 4161 dere
677 4088 877 4161 poterit
907 4085 964 4144 in
993 4090 1176 4145 tabula
1205 4089 1566 4161 geographica
1590 4085 2103 4145 Abrali'ami'ﬂorte-

518 4156 598 4225 lii,
628 4156 749 4228 qua:
769 4159 825 4214 in
856 4175 956 4216 suo
985 4156 1229 4216 Theatro
1252 4156 1590 4217 orbis'udest
1612 4161 1715 4217 sub
1745 4175 1976 4215 numero
2007 4163 2099 4225 titi,

517 4230 671 4297 cujus
697 4232 813 4285 haec
834 4242 961 4288 sunt
992 4232 1159 4288 verba
1188 4231 1418 4288 :Judtea
1442 4233 1506 4287 ab
1535 4232 1741 4286 Occasu
1780 4240 1829 4285 et
1877 4229 2102 4286 Meridie

507 4302 698 4371 juncta
752 4312 829 4357 cst
876 4302 1156 4368 Idumam,
1213 4303 1423 4359 incertis
1489 4311 1659 4356 tamen
1710 4301 1992 4366 limitibus;
2046 4311 2104 4356 et

516 4386 741 4428 rursus:
772 4371 997 4430 Idumaei
1028 4374 1094 4428 ab
1127 4389 1330 4429 emersit
1371 4372 1613 4428 Sirbonis
1659 4371 1807 4426 locus
1837 4374 1892 4425 in
1934 4372 2103 4426 Occa-

512 4458 630 4515 sum
676 4445 934 4515 habitant,
973 4460 1195 4515 quorum
1242 4444 1396 4515 urbes
1434 4441 1666 4515 ﬂare“,
1714 4440 2097 4509 Rhinocorura,

516 4510 682 4583 Gaza,
707 4510 1007 4581 Anthedon,
1032 4512 1279 4583 Ascolon,
1313 4513 1529 4583 Aeolus.
1548 4512 1688 4568 Sunt
1708 4521 1889 4567 autem
1910 4528 2099 4568 omnes

518 4584 634 4640 ista:
654 4582 906 4643 civitates
933 4584 991 4639 in
1022 4582 1204 4638 littore
1233 4582 1613 4638 Mediterranei
1640 4584 1844 4647 maris;
1887 4592 1942 4637 et
1984 4583 2094 4640 Sir-

516 4654 676 4711 bonis
710 4657 865 4712 lacus
907 4661 996 4709 est
1032 4652 1185 4723 juxta
1217 4652 1546 4721 Damiatam,
1577 4654 1719 4724 apud
1758 4668 1921 4724 quam
1950 4652 2103 4710 Nilus

518 4727 573 4782 in
627 4722 1084 4783 Mediterraneum
1132 4739 1230 4795 per
1283 4738 1348 4779 os
1398 4722 1719 4780 orientalius
1775 4722 1995 4793 labitur,
2049 4738 2104 4781 et

517 4799 721 4855 Aeetes
772 4806 858 4852 est
907 4806 1094 4867 portus
1136 4794 1426 4867 proximus
1460 4795 1651 4866 Joppe.
1700 4796 2007 4867 Desutupsit
2045 4796 2099 4853 id

520 4867 802 4939 Hortelius
827 4881 898 4939 ex
941 4866 1265 4939 Ptolomaeo,
1311 4866 1573 4935 Josepbo,
1623 4876 1677 4924 et
1704 4867 1848 4923 aliis.
1901 4866 2101 4939 Accipe

520 4935 686 4992 etiam
739 4936 1026 4995 Strabonis
1079 4935 1255 4994 verba
1297 4940 1351 4995 in
1413 4940 1659 4994 eamdem
1698 4935 2046 4995 sententiam
2085 4957 2100 4995 :

518 5007 725 5081 Iudam
760 5018 987 5065 extrema
1032 5011 1397 5072 occidentalia.
1449 5009 1628 5066 Cassio
1661 5011 1921 5081 proxima,
1973 5008 2106 5066 Idu-

521 5080 636 5134 maei
677 5089 870 5153 tenent,
903 5089 952 5135 et
1003 5082 1148 5136 lacus
1178 5082 1270 5145 (ad
1311 5098 1455 5136 mare
1495 5080 1693 5153 autem)
1737 5082 2001 5138 Sirbonis.
2049 5083 2104 5139 ιιι

521 5160 629 5215 est,
668 5160 725 5208 et
756 5151 926 5222 lacus
966 5153 1246 5217 Sirbonis,
1289 5170 1384 5209 seu
1432 5151 1724 5220 humane,
1775 5153 1868 5222 qui
1906 5164 1991 5209 est
2034 5153 2103 5209 ad

521 5236 703 5289 mare;
750 5221 896 5279 baud
939 5223 1164 5279 dubium
1195 5226 1324 5292 quin
1371 5221 1851 5280 Mediterraneum.
1904 5224 1977 5281 Ut
2024 5227 2105 5280 vi-

518 5292 656 5367 deas
678 5307 937 5367 quantum
975 5294 1145 5352 distet
1172 5307 1359 5367 portus
1393 5296 1483 5351 illo
1534 5295 1877 5367 Asiongaber
1918 5297 1988 5349 ab
2038 5311 2105 5351 eo

523 5364 659 5438 mari
685 5364 826 5436 quod
857 5366 1097 5423 Rubrum
1125 5364 1466 5438 nuncupant;
1491 5368 1657 5422 immo
1686 5364 1868 5438 potius
1897 5367 1963 5421 ad
1994 5367 2106 5422 Me-

520 5435 888 5494 diterraneum
912 5438 1075 5492 situm
1107 5437 1276 5494 fuisse
1300 5435 1367 5493 ex
1394 5439 1611 5501 eodem,
1645 5435 1704 5491 ut
1747 5437 1920 5501 vides,
1954 5438 2107 5493 testi-

522 5507 709 5562 monio
748 5509 1133 5573 comprobatur
1173 5526 1185 5562 :
1239 5525 1362 5564 nam
1411 5509 1644 5563 [domata
1696 5523 1802 5563 non
1846 5508 1914 5563 ad
1959 5509 2110 5565 littus

521 5576 713 5649 Rubri,
742 5576 839 5632 sed
869 5577 1251 5649 Mediterranei
1291 5580 1544 5649 adjacere
1576 5588 1933 5634 monstratum
1965 5589 2069 5635 est.

596 5646 691 5702 Illa
723 5662 857 5721 vero
889 5649 958 5721 32
999 5646 1373 5721 Israelitarum'
1399 5650 1607 5705 mansio
1650 5653 1794 5704 dicta
1847 5650 2111 5721 Asiooga-

523 5717 643 5788 her,
668 5719 896 5778 alterius
924 5718 1085 5791 longe
1117 5720 1354 5792 regionis
1391 5730 1531 5792 erat,
1561 5730 1616 5779 et
1643 5734 1701 5779 ut
1733 5717 2111 5779 miuimum'ad

2211 3309 2335 3363 bico
2379 3308 2850 3379 accommodatur;
2906 3308 3201 3379 aliquando
3243 3308 3389 3364 enim
3449 3322 3607 3363 mare
3656 3308 3811 3379 Mor-

2210 3391 2385 3441 tuurn,
2417 3378 2534 3434 sive
2564 3378 2923 3449 Asphiltitem
2956 3378 3136 3435 lacum
3168 3379 3459 3449 signiﬁcat,
3507 3378 3810 3449 aliquando

2211 3453 2381 3506 etiam
2430 3451 2604 3519 ipsum
2653 3448 3106 3506 Mediterraneum
3135 3491 3149 3512 .
3194 3448 3407 3506 tametsi
3463 3448 3813 3521 frequentius

2206 3522 2503 3577 Arabicum
2552 3521 2732 3575 sinum
2787 3522 3056 3584 detiotet.
3119 3537 3281 3593 quem
3343 3520 3605 3577 Israelita:
3658 3520 3812 3593 sicco

2209 3593 2434 3662 vestigio
2463 3600 2869 3663 transegerunt.
2905 3594 3104 3648 Demus
3138 3591 3433 3663 utriusque
3466 3591 3812 3659 acceptionis

2208 3663 2483 3730 exempla.
2519 3662 2692 3717 Exodi
2735 3678 2858 3729 cap.
2902 3680 3057 3727 xxnt,
3100 3662 3369 3719 deﬁniens
3407 3665 3550 3719 Deus
3578 3674 3812 3727 terram,

2204 3750 2390 3805 quant,
2420 3743 2479 3788 ut
2501 3736 2849 3805 promiserat,
2873 3735 3097 3790 daturus
3117 3744 3239 3790 erat
3266 3734 3480 3799 lsraeli,
3510 3743 3645 3805 tunc
3668 3744 3814 3790 tem-

2208 3808 2355 3876 poris
2396 3806 2448 3860 in
2494 3813 2680 3876 monte
2714 3804 2863 3861 Sinni
2894 3806 3215 3874 constituto,
3257 3806 3375 3860 Ita'e
3416 3804 3592 3874 inquit
3634 3805 3811 3876 Noysi

2206 3874 2348 3930 vers.
2380 3878 2442 3932 3|
2483 3893 2498 3930 :
2532 3874 2738 3930 Ponant
2765 3888 2940 3931 autem
2977 3880 3222 3933 terminos
3251 3887 3368 3932 tuos
3397 3893 3429 3929 α
3466 3878 3602 3931 mari
3633 3874 3815 3930 Rubro

2207 3963 2365 4030 usque
2403 3946 2474 4000 od
2502 3946 3105 4030 ﬂare-Pallestiuorum,
3139 3959 3190 4003 et
3228 3964 3261 4002 a
3287 3948 3511 4030 deserto-
3533 3962 3695 4030 usque
3742 3949 3813 4001 ad

2204 4020 2446 4088 ﬂuvium.
2526 4017 2754 4072 Tradam
2807 4020 2863 4073 in
2934 4021 3170 4075 manibus
3245 4019 3425 4073 uestris
3489 4017 3815 4088 habitatores

2205 4100 2383 4155 terrm,
2420 4099 2530 4144 etc.
2559 4088 2699 4160 Nihil
2731 4102 2915 4146 autem
2941 4091 3149 4145 certius
3177 4105 3341 4160 quam
3372 4089 3514 4160 quod
3548 4087 3661 4144 hoe
3690 4090 3815 4144 loco

2207 4162 2431 4216 verbum
2489 4158 2641 4225 illud,
2698 4176 2842 4215 mare
2897 4160 3157 4225 Rubrum,
3197 4158 3460 4216 Rubrum
3522 4174 3700 4226 mare,
3756 4169 3815 4214 ut

2204 4232 2365 4303 vulgo
2393 4243 2572 4304 sonat,
2606 4248 2713 4304 non
2758 4234 3061 4301 signiticet;
3108 4231 3213 4287 nisi
3250 4232 3376 4304 quis
3405 4231 3544 4285 velit
3589 4232 3659 4304 ab
3692 4232 3817 4301 ipso

2207 4304 2441 4358 transitu
2484 4302 2652 4357 Rubri
2699 4304 2864 4357 maris
2915 4303 3059 4358 titius
3096 4302 3510 4359 Israel'terram
3566 4302 3814 4358 calcasse

2204 4374 2530 4436 promissam
2561 4418 2575 4437 ,
2610 4376 2739 4438 'quo
2794 4389 2904 4428 uno
2958 4376 3088 4429 dato
3153 4382 3335 4429 rueret
3387 4383 3503 4429 tota
3573 4372 3814 4428 historia

2206 4443 2398 4509 Exodi,
2448 4442 2701 4509 Levitici,
2733 4443 3120 4510 Numerorum,
3165 4445 3603 4503 Deuteronomii.
3637 4453 3692 4498 et
3721 4442 3821 4498 .lo-

2205 4530 2324 4583 sue,
2377 4531 2447 4569 ac
2478 4518 2618 4570 bona
2655 4516 2997 4571 Psalmorum
3031 4531 3179 4586 pars.
3213 4516 3268 4571 in
3296 4516 3495 4586 quibus
3529 4513 3665 4569 nihil
3705 4513 3821 4570 tre-

2127 4617 2181 4679 D
2205 4586 3026 4679 Ἱ¹Ῐῗὶ¹ἓ⁵13ἓέἓέθῖί,ίέ¹τ;,,Ἶῗὲῗῖὶ
3053 4586 3494 4679 θῩΓίΞηὶίῖίῗἯέέ
3534 4600 3722 4679 1⁵3³29⁸⁵
3724 4601 3819 4679 ’31³³

2215 4658 2583 4728 peregrinatio
2625 4672 2720 4727 per
2749 4658 3051 4723 desertum,
3087 4671 3140 4713 et
3169 4674 3199 4712 a
3233 4657 3499 4725 promissa
3534 4665 3682 4713 terra
3724 4673 3819 4713 re-

2213 4728 2465 4784 tardatio.
2488 4728 2650 4784 Certe
2678 4730 2723 4783 si
2753 4745 2903 4786 mare
2931 4728 3176 4784 Rubrum
3207 4729 3364 4784 limes
3389 4739 3508 4782 erat
3532 4728 3823 4796 promissa:

2213 4808 2396 4864 terrm,
2426 4800 2782 4870 promittebat
2801 4801 2941 4856 Deus
2959 4798 3016 4855 in
3048 4800 3180 4857 Sina
3206 4798 3559 4870 tnonteiquod
3580 4799 3689 4865 jam
3714 4799 3821 4855 de-

2207 4871 2393 4936 derat,
2418 4869 2514 4926 sed
2539 4873 2659 4925 ista:
2690 4874 2882 4927 naenia
2898 4882 3043 4942 sunt.
3069 4872 3233 4942 Igitur
3264 4869 3661 4942 longitudinem
3689 4885 3825 4939 pro-

2211 4943 2394 4998 missa:
2413 4951 2574 4997 terra:
2591 4942 2784 4997 definit
2801 4943 2873 4999 ab
2891 4936 3024 4998 Orto
3049 4936 3256 4999 scilicet
3287 4941 3342 4995 in
3361 4936 3664 5005 'Uccasttm,
3688 4936 3823 4997 cum

2211 5016 2289 5067 ait
2310 5031 2325 5083 ς
2354 5011 2559 5067 Portam
2576 5014 2823 5068 terminos
2846 5025 2965 5068 tuos
2981 5031 3014 5065 a
3036 5014 3170 5068 mari
3194 5013 3374 5068 Rubro
3396 5028 3561 5083 usque
3575 5011 3646 5066 ad
3672 5028 3825 5066 mare

2216 5082 2651 5139 Palestinorum.
2664 5083 2736 5139 Et
2751 5100 2875 5141 eum
2890 5084 2943 5139 in
2961 5085 3214 5145 confesso
3234 5083 3459 5150 sitapud
3475 5082 3697 5151 omnes,
3720 5083 3825 5137 Pa-

2215 5156 2550 5209 laestinorum
2585 5170 2735 5210 mare
2763 5170 2887 5211 esse
2915 5156 3395 5222 Mediterraneum,
3430 5163 3625 5224 utpote
3656 5154 3821 5223 cujus

2212 5226 2313 5294 ipsi
2370 5225 2690 5281 habitabant
2714 5226 2921 5296 littora,
2981 5236 3039 5281 ut
3076 5226 3217 5295 apud
3255 5225 3608 5292 Strabonem,
3656 5225 3823 5281 Josc-

2213 5299 2406 5368 phum,
2449 5308 2505 5351 et
2551 5297 2690 5368 alios
2718 5298 2909 5354 videre
2940 5305 3046 5362 est,
3087 5305 3257 5353 restat
3293 5303 3354 5368 ut
3384 5298 3610 5352 nomine

2213 5365 2405 5432 Rubri,
2441 5367 2585 5434 quod
2618 5367 2693 5421 illi
2743 5369 2813 5424 ab
2855 5369 3081 5424 Oriente
3106 5367 3441 5437 opponitur,
3488 5381 3645 5422 mare
3674 5367 3820 5421 Mor-

2213 5448 2365 5492 tuum
2417 5438 2558 5492 Deus
2605 5438 2743 5511 velit
2769 5438 3080 5511 significare
3111 5456 3125 5499 :
3164 5441 3339 5505 ipsum
3378 5439 3525 5493 enim
3553 5438 3820 5511 Mediter-

2214 5523 2384 5564 raueo
2431 5510 2728 5577 opponitur
2765 5507 2845 5565 ali
2879 5509 3121 5575 Oriente,
3172 5517 3227 5563 et
3283 5517 3369 5562 est
3425 5507 3822 5577 promissionis

2217 5590 2378 5634 terrae
2408 5588 2593 5635 certus
2636 5580 2818 5636 limes.
2862 5582 3042 5649 Quare
3072 5580 3126 5634 in
3155 5578 3406 5649 originali
3450 5579 3685 5634 Hebraeo
3716 5595 3822 5645 pro

2214 5666 2283 5707 eo
2314 5650 2455 5719 quod
2481 5651 2730 5719 vulgatus
2752 5651 2841 5708 hic
2861 5650 3024 5705 vertit
3048 5651 3303 5718 Rubrum,
3347 5659 3434 5705 est
3464 5650 3641 5721 Suph,
3667 5649 3821 5717 quod

2219 5722 2437 5795 prOprie
2466 5722 2744 5794 signiﬁcat
2768 5723 2821 5779 id
2851 5721 2996 5793 quod
3039 5731 3126 5780 est
3155 5721 3304 5792 ﬁnis,
3350 5733 3448 5777 seu
3493 5722 3773 5778 terminus
3810 5740 3821 5775 τ
