3976 6286
114 285 216 350 ἱὶὸ

1153 277 1384 341 FLAVII
1423 280 1607 341 LUCll
1648 275 1907 338 DEXTRI
1944 271 2360 338 CIIRONICON.

3302 267 3412 328 εςσ

105 407 184 484 A.
213 405 272 463 Β.
292 402 380 462 68.
401 401 591 462 Sancti
623 396 898 473 principes
918 399 1289 471 apostolorum
1315 400 1510 456 Petrus
1534 407 1589 456 et
1604 397 1803 456 Paulus
1832 395 2127 470 Romam“.
2151 395 2412 455 kalendas
2434 394 2588 464 Julii,
2609 393 2746 452 alter
2770 393 2824 451 in
2851 405 3069 451 crucem
3108 389 3190 484 _A.
3213 381 3414 479 ll._8|9

539 502 696 551 actus
727 502 833 562 est,
863 492 1002 549 alter
1023 489 1154 549 ense
1176 491 1480 564 jugulatur.

1325 667 1580 726 BlVARll
1621 661 2191 725 COMMENTARIUS.

125 817 236 876 dem
255 821 457 888 spectat
479 811 614 870 illttd
645 810 924 888 Ezechiel,
961 810 1032 866 27
1067 828 1078 864 :
1110 807 1547 888 Carthaginettses
1578 807 1709 888 (lle-
1735 810 1786 870 Λ

127 881 311 955 hraice,
341 884 705 956 Tharsenses)
754 884 1102 956 negotiatores
1136 884 1248 947 tui;
1293 898 1325 934 a
1367 881 1704 956 multitudine

127 951 409 1016 cunctarum
436 951 758 1021 diuitiarum,
809 951 1046 1025 argento,
1074 953 1248 1025 ferro_,_
1286 961 1491 1025 statuto,
1535 951 1705 1018 plum-

129 1033 272 1101 boque
318 1030 661 1101 ιἐριιυιξινιιιρ⁸
698 1022 956 1101 nundinas
1017 1022 1165 1101 tuas;
1207 1022 1332 1101 ll:_t-e
1365 1024 1537 1101 _cnim
1595 1036 1701 1101 non

130 1091 324 1157 aliunde
339 1091 498 1171 quam
519 1116 584 1153 ex
599 1097 822 1171 Thaesis
842 1097 1039 1171 llispap
1050 1095 1116 1171 ite
1125 1093 1377 1164 Carthagi
1388 1091 1706 1171 tienscsjy:

131 1190 234 1228 rum
253 1163 625 1242 aspt'trtarunt.
641 1167 748 1223 Sed
764 1177 819 1222 et
848 1163 978 1242 illud
999 1166 1199 1242 Psalnt.
1227 1163 1370 1233 xuv,
1397 1163 1553 1218 Filia:
1575 1163 1704 1242 Tyri

130 1247 176 1298 in
196 1235 474 1296 muneribus
495 1283 511 1306 ,
541 1239 908 1309 rultumrtuum
937 1237 1348 1309 dcpgeeabuntur
1378 1253 1550 1309 omnes
1571 1235 1706 1309 dit-i-

133 1328 195 1369 les
208 1314 378 1382 plebis;
396 1313 462 1366 ad
486 1312 652 1366 urbes
673 1306 1011 1382 mdilicatasa
1037 1307 1234 1378 Tyriis,
1262 1323 1365 1382 seu
1383 1307 1502 1382 ejus
1537 1306 1701 1382 di_tio-_

133 1387 180 1441 ni
201 1376 476 1452 subiectas,
493 1384 699 1436 dictum
723 1378 827 1434 fuit
849 1398 863 1438 :
883 1379 1032 1434 nulla
1058 1376 1235 1452 autem
1261 1395 1324 1433 es
1353 1377 1560 1452 liliabns
1576 1376 1703 1446 Tyri

133 1467 226 1511 tam
251 1449 390 1508 dives
411 1469 577 1524 quam
610 1451 954 1524 Thartessug,
985 1459 1040 1524 et
1068 1449 1136 1524 dc
1167 1465 1228 1524 ea
1263 1449 1443 1517 potius
1471 1450 1701 1512 dicatur,

134 1525 256 1596 quod
277 1526 327 1579 in
342 1520 651 1579 muneribus
681 1522 881 1596 vultum
898 1520 1163 1596 Ecclesite
1191 1521 1545 1596 deprecatura
1564 1531 1698 1574 erat.

202 1598 262 1652 Et
298 1596 548 1665 quoniam
586 1593 890 1664 przccipuus
934 1591 1291 1665 navigationis
1336 1606 1557 1660 scopns,
1607 1605 1708 1665 an-

140 1683 242 1722 rum
265 1662 614 1736 et'argcntum
640 1675 695 1719 et
715 1678 947 1736 gemmae
968 1673 1146 1736 erant,
1183 1664 1284 1717 hoc
1303 1674 1482 1736 autem
1509 1662 1701 1730 ιιι-τεεί·

138 1754 231 1807 pue
256 1753 282 1790 a
308 1733 602 1791 Thartesso
632 1733 732 1807 seu:
757 1733 984 1807 Tltar_sis
1012 1734 1328 1807 habebatur,
1357 1735 1480 1788 hinc
1505 1736 1703 1786 factum

141 1804 188 1862 ut
217 1823 364 1862 naves
392 1807 587 1862 classis
608 1805 787 1876 Tyria:
811 1814 867 1859 et
884 1804 1244 1876 salentonica:
1268 1813 1590 1859 vocarentur
1608 1821 1704 1856 na-

140 1896 210 1932 m
257 1879 490 1942 Tharsis;
535 1890 597 1932 ut
645 1875 772 1931 illud
829 1875 1027 1946 Psalmi
1076 1876 1344 1937 ostendit,
1404 1877 1468 1928 In
1518 1877 1705 1946 spiritu

141 1951 390 2003 relictnenti
414 1959 652 2003 conteres
696 1963 849 2001 naves
879 1945 1126 2012 Tharsis;
1155 1958 1210 2002 et
1253 1949 1424 2015 ipsum
1456 1945 1708 2001 Mediter-

142 2037 332 2074 raneum
359 2035 458 2089 qua
483 2020 615 2074 illac
645 2018 955 2089 tendebant,
988 2017 1209 2072 'l‘harsis
1237 2034 1453 2089 quoque
1485 2017 1698 2072 dicere-

143 2103 234 2157 tur,
260 2102 311 2145 ιιι
329 2087 462 2161 apud
484 2090 687 2146 Isaiam
713 2104 864 2152 XXIII,
888 2087 1116 2154 Ululate,
1146 2087 1296 2142 naves
1315 2091 1494 2161 inuris,
1523 2105 1706 2161 quam:

144 2179 277 2232 quam
298 2159 695 2233 appositissime
722 2162 872 2233 reddi
909 2169 1093 2233 posset
1123 2177 1279 2233 nares
1304 2159 1538 2233 Tharsis.
1570 2159 1702 2214 lllttd

146 2229 283 2288 etiam
321 2229 525 2288 rsum.
559 2247 723 2303 uxt,
746 2229 907 2303 Reges
939 2229 1150 2285 Tharsis
1175 2241 1222 2283 et
1265 2230 1453 2303 ins-ulte
1497 2247 1710 2284 munera

151 2304 365 2369 οσετριιις
401 2320 551 2374 reges
566 2302 850 2374 iArabunt’,
896 2312 1038 2374 _etc.,
1064 2302 1529 2374 docteHGoropius
1562 2317 1707 2374 cunt

148 2376 437 2444 proprietate
459 2372 536 2429 de
559 2373 858 2444 Tltartesso
878 2372 1080 2426 dictum
1118 2372 1291 2444 credit
1317 2390 1332 2435 ;
1373 2375 1525 2442 quasi
1554 2373 1709 2427 Psal-

153 2448 287 2499 tnista
323 2448 561 2502 diceret:
613 2444 697 2499 Ab
738 2443 1030 2499 Occidente
1085 2445 1137 2498 itt
1191 2443 1465 2498 Orientem
1515 2458 1710 2512 usque,

150 2516 248 2571 sive
268 2519 334 2571 uti
361 2518 473 2584 ipse
513 2514 877 2586 prtemiserat,
917 2512 986 2568 Et
1025 2514 1375 2569 dominabitur
1404 2532 1434 2567 a
1464 2516 1712 2586 maritu-

150 2604 235 2656 que
257 2590 317 2640 ad
343 2602 479 2640 utare
505 2585 673 2655 (quod
698 2585 1073 2640 Theodoretus
1100 2588 1322 2656 esponit
1347 2602 1376 2640 a
1408 2586 1543 2639 mari
1578 2585 1712 2638 lies-

151 2660 461 2728 perizeusque
491 2658 558 2712 ad
574 2658 744 2713 Eoum
763 2656 976 2727 ludite),
1002 2656 1176 2728 lleges
1200 2656 1709 2728 obetlientChristo.

154 2729 269 2782 Hinc
289 2731 438 2784 etiam
466 2743 699 2796 gemma:
722 2729 848 2790 illae,
872 2727 1072 2797 qumde
1095 2727 1387 2782 Tltartesso
1405 2727 1714 2781 aflereban-

163 2809 256 2867 tur,
276 2816 302 2852 a
323 2801 440 2855 loco
457 2799 890 2856 Tharsisnomen
911 2797 1115 2852 sortitae
1136 2811 1280 2863 sunt,
1298 2800 1498 2866 ntapnd
1520 2798 1710 2853 lizeelt.

153 2885 260 2937 cap.
276 2880 486 2926 sumet
508 2870 678 2925 Exodi
696 2869 942 2924 similiter
958 2885 1121 2924 xxvttt
1139 2883 1189 2923 et
1209 2869 1400 2924 Cant.v
1417 2870 1597 2923 videre
1609 2881 1712 2924 est.

225 2940 349 2995 Cum
372 2957 494 2996 vero
513 2942 736 2996 'l'barsis
764 2940 1119 2994 'l'ltartessum
1150 2955 1243 2994 seu
1272 2943 1547 3008 regionem
1594 2940 1716 2993 llis-

155 3015 323 3080 partia-
343 3013 610 3082 signiticet,
641 3011 800 3082 facile
832 3011 934 3065 erit
976 3012 1243 3082 celebrem
1291 3013 1436 3066 ls:ti:e
1484 3012 1718 3080 preplte-

167 3081 513 3146 tiamcall’cre,
542 3083 687 3153 quod
741 3081 992 3137 nimirum
1048 3081 1199 3148 velit,
1245 3097 1367 3137 eum
1425 3098 1544 3151 cap.
1601 3097 1720 3136 vat

159 3154 432 3222 prmdiccns
485 3156 880 3225 apostolorum_
910 3153 1370 3222 praedicationem,
1429 3167 1484 3207 et.
1535 3153 1718 3207 mundi

159 3221 565 3290 conversionem,
596 3224 798 3291 inquit:
836 3221 1120 3293 Et’ponam
1171 3226 1221 3277 in
1264 3226 1337 3278 eis
1392 3226 1620 3295 signant,
1675 3233 1720 3278 et

161 3297 332 3368 utinam
354 3313 413 3350 ea:
437 3298 506 3350 eis
531 3299 620 3368 qui
649 3296 831 3348 saluati
862 3297 1056 3364 fuerint
1102 3296 1170 3347 ad
1196 3305 1368 3368 gentes
1391 3337 1406 3358 ,
1450 3314 1500 3350 in
1521 3312 1683 3368 Amare
1704 3338 1718 3361 ,

159 3365 205 3418 in
233 3367 464 3439 Africam,
489 3365 551 3420 et
579 3365 815 3439 Lydiam,
849 3368 1108 3439 tendentes
1136 3365 1400 3439 sagittam,
1429 3368 1481 3420 iu
1512 3365 1724 3420 Italiam

160 3445 203 3488 et
227 3438 484 3503 (insciam,
513 3440 581 3490 ad
630 3437 829 3490 insulas
863 3438 1036 3508 longe,
1079 3438 1146 3490 ad
1177 3437 1262 3492 eos
1289 3442 1378 3508 qui
1406 3455 1508 3490 non
1547 3439 1726 3490 audie-

162 3517 264 3578 runt
289 3510 345 3578 de
377 3525 453 3562 me
483 3549 499 3574 ,
529 3520 701 3562 etnon
727 3511 956 3560 uiderunt
979 3509 1198 3578 gloriam
1223 3527 1405 3562 meum.
1450 3509 1567 3576 Quo
1606 3509 1726 3562 loco

1939 802 2201 853 Submittit
2222 802 2302 852 cui
2328 805 2431 852 tota
2453 811 2570 850 suos
2586 799 2821 863 Hlspania
2849 799 3010 851 fasces

1939 865 2192 926 Corduba;
2212 878 2330 928 nam
2354 877 2448 928 non
2471 875 2586 928 arce
2613 871 2790 928 potens
2808 864 2896 912 tibi
2922 863 3138 928 Tarraco
3159 866 3378 928 certans,

1935 928 2157 990 Quaeque
2179 923 2292 976 'siuu
2317 925 2480 990 pelagi
2496 923 2649 986 iactat
2671 938 2728 974 se
2756 925 2962 974 Bracara
2984 925 3143 976 dives.

1807 1040 1915 1099 Sed
1944 1041 2013 1098 de
2040 1040 2263 1097 Tharsis
2289 1048 2343 1096 et
2370 1039 2539 1111 Ophir
2565 1038 2707 1096 dicta
2735 1037 3030 1096 sufﬁciant.

1877 1165 1944 1220 Α.
1967 1164 2030 1219 C.
2053 1155 2144 1220 68.
2170 1191 2242 1203 —
2268 1162 2450 1218 Sancti
2479 1161 2739 1234 principes
2761 1161 3137 1232 apostolorum,
3161 1171 3268 1218 etc.
3294 1162 3410 1220 Non

1809 1235 2040 1292 inllrnta:
2070 1243 2212 1289 nota!
2239 1243 2622 1306 auctorestam
2649 1237 2698 1285 in
2723 1248 2890 1306 anno,
2915 1249 3074 1306 quam
3100 1234 3152 1287 in
3175 1235 3262 1288 die
3289 1249 3413 1306 pas-

1806 1307 1978 1362 sionis
2003 1306 2284 1373 utriusque
2305 1304 2534 1374 apostoli
2560 1304 2893 1373 assignantlo
2915 1319 2942 1357 a
2969 1303 3169 1358 Dextro
3193 1303 3413 1360 dissen-

1809 1381 1966 1433 tiunt.
2003 1378 2214 1431 Etenim
2247 1392 2352 1430 non
2381 1390 2488 1430 uno
2515 1376 2819 1444 eodemque
2847 1374 2960 1437 die,
2989 1376 3086 1430 sed
3121 1385 3241 1443 post
3270 1377 3411 1432 inte-

1807 1467 1962 1516 grum
1995 1463 2198 1503 annum
2230 1464 2258 1501 a
2294 1446 2438 1502 Petri
2474 1461 2633 1511 nece,
2659 1448 2896 1500 occisum
2925 1445 3147 1500 Paulum
3174 1447 3416 1502 docuere

1811 1522 2145 1587 Augustinus
2185 1534 2386 1572 sermo.
2431 1518 2502 1571 28
2546 1516 2613 1571 de
2651 1517 2889 1579 Sanctis,
2932 1522 3131 1571 Arator
3161 1517 3257 1572 lih.
3290 1519 3325 1571 2
3356 1519 3410 1573 itt

1809 1591 1944 1648 Acta
1987 1590 2248 1661 apostol.,
2275 1598 2330 1643 et
2372 1588 2696 1643 Prudentius
2737 1590 2941 1659 hymno
2972 1588 3038 1642 l9.
3063 1628 3079 1653 ,
3115 1587 3364 1659 inquiens
3399 1608 3413 1645 :

1935 1710 2071 1760 Unus
2095 1717 2356 1771 utrumque
2375 1709 2486 1760 dies
2508 1709 2656 1772 pleno
2680 1713 2846 1758 tamen
2873 1711 3129 1760 innovatus
3145 1721 3296 1772 anno,

2061 1773 2194 1823 Vidit
2212 1773 2427 1835 superba
2450 1771 2612 1822 merte
2630 1771 2925 1822 laureatum.

1807 1877 2076 1934 Czeterum
2119 1877 2304 1932 nescio
2345 1875 2474 1947 quid
2517 1876 2761 1932 hzeretici
2805 1877 3051 1932 nonnulli
3093 1877 3194 1933 sibi
3223 1879 3414 1935 eodem

1811 1949 2093 2004 Prudentii
2122 1960 2176 2004 et
2205 1948 2492 2016 Augustini
2521 1964 2640 2001 azvo
2662 1949 2940 2002 voluerint
2962 1950 3101 2002 hanc
3125 1959 3416 2019 sequentes

1809 2020 2065 2090 opinandi
2101 2021 2399 2078 rationem:
2429 2029 2646 2090 constat
2670 2020 3022 2090 nihilominus
3044 2021 3331 2075 damnatos
3361 2023 3414 2076 in

1808 2088 2042 2146 concilio
2077 2092 2322 2144 ltomano
2342 2090 2442 2146 sub
2464 2088 2696 2146 Damaso
2720 2089 2810 2143 ubi
2836 2088 2952 2144 Itmc
2974 2089 3201 2160 legimus
3226 2108 3240 2144 :
3269 2090 3387 2144 Pau
3406 2122 3420 2133 -

1813 2163 1894 2216 lus
1923 2179 2024 2215 non
2055 2161 2278 2227 diverso,
2306 2161 2440 2214 sicut
2470 2160 2607 2226 {also
2635 2162 2866 2214 Iucretici
2895 2168 3152 2228 garriunt,
3182 2162 3272 2215 sed
3303 2179 3415 2216 uno

1813 2233 2370 2304 eodemquezdiefum
2418 2230 2693 2304 Petropiu
2734 2231 2859 2304 urbe
2899 2231 3066 2287 Roma
3089 2233 3184 2286 sub
3214 2231 3420 2287 Cwsote

1818 2303 2029 2359 Nerone
2059 2303 2336 2358 coronatus
2367 2315 2462 2357 est.
2486 2303 2823 2358 Ltcdiderint
2856 2321 2949 2356 eos
2980 2304 3283 2357 asseruissc
3313 2307 3418 2358 alia

1816 2376 2058 2444 ejusdem
2093 2375 2174 2428 vel
2206 2375 2484 2443 sequentis
2518 2376 2719 2428 mensis
2749 2373 2837 2428 die
2871 2373 3090 2427 Paulum
3122 2390 3284 2444 quatn
3317 2373 3419 2430 Pc-

1819 2457 1958 2500 trum
1988 2446 2252 2507 occisum,
2279 2461 2386 2498 non
2416 2455 2600 2514 autem
2629 2445 2819 2498 eodem
2849 2444 2937 2497 die
2963 2444 3242 2514 sequentis
3265 2447 3419 2510 anni,

1819 2530 1877 2572 ut
1907 2517 2022 2569 vult
2049 2517 2401 2585 Augustinus.
2427 2513 2531 2569 Sed
2564 2513 2822 2584 quidquid
2847 2515 2915 2568 de
2939 2513 3049 2568 illis
3067 2516 3160 2579 sit,
3187 2529 3420 2570 concors

1818 2599 1900 2644 est
1941 2589 2051 2656 jam
2098 2587 2151 2640 in
2198 2586 2436 2641 Ecclesia
2478 2602 2508 2639 a
2558 2586 2805 2639 l’atribus
2850 2601 2945 2651 per
2977 2599 3168 2638 manus
3195 2595 3416 2656 accepta

1819 2655 2086 2713 sententia
2110 2699 2124 2722 ,
2152 2660 2342 2712 eodem
2368 2671 2590 2726 prorsus
2615 2669 2780 2721 anno,
2808 2666 2861 2709 et
2884 2657 2976 2709 die
2997 2658 3204 2724 pariter
3226 2671 3291 2709 ex
3319 2655 3420 2710 hac

1820 2729 1926 2783 vita
1955 2729 2196 2783 sublatos
2226 2743 2240 2782 :
2270 2743 2499 2795 eamque
2530 2727 2715 2781 docuit
2745 2727 3078 2796 Epiphanius
3102 2727 3294 2780 Ineresi
3319 2727 3414 2792 a7,

1822 2800 2088 2854 Maximus
2116 2813 2368 2853 sermone
2397 2800 2463 2851 de
2493 2797 2596 2852 SS.
2628 2795 2870 2852 l‘etro'et
2904 2797 3090 2860 Paulo,
3123 2795 3417 2851 Cassiodo-

1822 2885 1914 2926 rus
1941 2871 1992 2924 itt
2023 2871 2316 2935 Chronico,
2349 2867 2768 2936 Metapltrastes,
2805 2867 3094 2931 Eusebius,
3123 2878 3176 2922 et
3207 2867 3318 2923 alii.

1895 2950 2014 3018 Quo
2041 2959 2220 3003 autem
2254 2947 2454 3002 Christi
2479 2962 2630 3018 anno
2659 2947 2712 3001 id
2742 2945 3020 3010 acciderit,
3054 2947 3200 3018 varie
3227 2962 3415 3001 sense-

1827 3017 1956 3076 runt
1985 3033 2254 3073 auctores.
2291 3017 2557 3074 Eusebius
2603 3019 2654 3072 itt
2683 3019 2960 3072 Chronico
2990 3017 3163 3087 rejicit
3193 3030 3421 3073 mortem

1827 3089 2197 3160 apostolorum
2237 3091 2305 3145 ad
2342 3105 2543 3144 annum
2581 3090 2688 3153 70;
2731 3089 3085 3144 Cassiodorus
3128 3091 3180 3144 in
3227 3103 3327 3142 suo
3353 3092 3421 3144 ad

1825 3164 1887 3218 7|
1916 3178 1931 3227 ;
1980 3162 2169 3215 horum
2217 3177 2346 3214 vero
2389 3161 2587 3230 placita
2618 3163 2897 3214 communi
2929 3161 3140 3214 calculo
3171 3160 3425 3228 rejicinn-

1824 3242 1933 3292 tur.
1963 3232 2189 3302 Constat
2214 3232 2359 3288 enim
2392 3233 2680 3298 Neronem,
2713 3230 2806 3302 qui
2844 3245 2939 3286 eos
2981 3231 3201 3298 occidit,
3235 3246 3426 3300 super-

1829 3291 2030 3361 visiSSe
2063 3291 2222 3357 ιιῧυιιι
2269 3314 2379 3357 tere
2415 3319 2637 3368 annum,
2666 3291 2943 3358 et'tamen
2976 3317 3080 3356 non
3114 3291 3428 3371 pervenisse

1827 3379 1893 3432 ad
1929 3377 1988 3430 7|
2037 3377 2122 3429 vel
2156 3375 2224 3428 72
2251 3375 2471 3439 Christi,
2511 3383 2568 3427 ιιι
2607 3373 2892 3443 oportebat
2923 3383 3321 3442 consequenter
3350 3373 3428 3427 fa-

1830 3448 1952 3502 teri.
2003 3446 2190 3500 Solum
2235 3447 2397 3512 igitur
2438 3445 2661 3499 dubium
2701 3444 3024 3514 relinquitur
3051 3443 3119 3497 de
3156 3448 3318 3514 annis
3353 3445 3428 3498 69

1830 3521 1913 3572 vel
1957 3518 2048 3582 69,
2087 3525 2208 3570 uter
2247 3517 2462 3572 illorum
2506 3531 2697 3585 passos
2741 3513 2951 3586 noverit
2997 3513 3268 3586 principes
3299 3530 3430 3583 apo-

163 3577 240 3656 ttbi
270 3577 480 3656 vulgata
509 3580 634 3656 legit
665 3581 718 3632 in
751 3595 910 3656 mare,
957 3577 1234 3656 originalis
1263 3579 1722 3656 textusllebtatts

1837 3577 2352 3644 stoloru’m.Cardin.
2372 3577 2655 3654 Baro-nius,
2680 3595 2826 3641 torno
2850 3585 2868 3640 Ι
2891 3577 3351 3656 Αιιιίτιι.ιΕό‹;Ιεε.,
3376 3595 3432 3640 et

164 3647 304 3703 hibet
326 3647 385 3704 ιη’
414 3649 652 3714 Titanis,
685 3661 740 3704 ct
769 3647 1126 3717 Septuaginta
1161 3664 1384 3705 servant
1430 3651 1560 3705 illud
1591 3661 1727 3704 tant-

166 3734 303 3784 quam
330 3722 560 3792 regionis
590 3721 867 3790 prOprium
908 3735 1128 3785 nomen,
1170 3729 1230 3774 ut
1257 3721 1481 3775 Tharsis
1517 3723 1588 3776 sit
1619 3722 1728 3790 pri-

167 3804 240 3842 tna
267 3792 682 3857 provinciarum,
707 3793 774 3844 ad
824 3805 958 3862 quas
1000 3792 1229 3861 apostoli
1283 3794 1606 3856 mittuntur;
1634 3808 1728 3847 ne-

173 3875 263 3926 que
281 3863 412 3918 enim
441 3863 589 3918 missi
616 3869 746 3917 sunt
795 3863 848 3916 in
897 3876 1046 3916 mare
1077 3862 1140 3916 ad
1194 3863 1592 3932 prredicantlum
1626 3863 1726 3931 ipsi

170 3931 227 4004 atl
253 3945 450 4001 gentes,
482 3935 576 3989 sed
609 3934 840 4004 primum
891 3933 1105 4004 quidem
1139 3931 1206 3988 in
1239 3934 1486 4004 Tharsis,
1531 3935 1730 3989 deinde

170 4003 214 4078 in
240 4005 531 4078 Africatu‘et
560 4005 808 4078 Lydiam,
841 4018 904 4057 ac
929 4003 1206 4078 deindein
1240 4006 1447 4059 Italiam
1487 4015 1542 4060 et
1576 4007 1729 4061 Grae-

171 4074 307 4146 ciam.
342 4074 704 4132 Pulcherrima
727 4091 860 4146 sane
888 4090 951 4129 ac
980 4075 1179 4146 nobilis
1219 4078 1624 4146 prmdicationis
1670 4078 1730 4131 S.

175 4144 338 4217 lat-oin
370 4148 594 4216 apostoli
618 4145 903 4217 przedimio
925 4146 1024 4217 ista
1050 4145 1170 4211 fuit,
1201 4144 1252 4202 et
1276 4148 1503 4201 Tltarsis
1536 4149 1733 4202 veteris

175 4229 256 4267 seu
281 4216 589 4274 'l‘harsensis
616 4216 1034 4287 provineire(sic
1060 4219 1204 4270 enim
1237 4235 1262 4269 a
1293 4230 1443 4286 parte
1470 4229 1580 4272 tota
1613 4218 1732 4272 Ilis-

175 4287 310 4352 p'inia
341 4288 777 4358 cognominatur)
824 4288 890 4341 ad
926 4287 1124 4341 Christi
1163 4288 1322 4341 Iidem
1355 4289 1734 4344 conversionis

175 4366 284 4410 ante
326 4359 452 4414 alias
489 4373 682 4414 omnes
724 4359 1007 4428 gentilium
1065 4360 1410 4428 provincias;
1473 4374 1538 4414 eo
1591 4361 1734 4412 enim

180 4441 334 4488 l'flmtt
364 4429 474 4484 loco
507 4431 806 4484 mittendus
828 4429 1028 4484 dicitur
1053 4430 1270 4497 quidam
1303 4446 1368 4484 ex
1403 4429 1485 4483 his
1512 4432 1600 4498 qtti
1634 4431 1738 4483 sal-

179 4500 268 4548 vati
296 4499 518 4566 fuerunt,
546 4500 801 4556 videlicet
826 4501 878 4554 in
902 4499 1161 4563 Tharsis;
1221 4511 1276 4554 et
1317 4501 1396 4554 sic
1455 4500 1564 4554 Deo
1602 4500 1739 4554 duce

180 4570 224 4619 in
250 4568 438 4644 Jaeobo
458 4573 711 4644 aposgolo
742 4571 944 4644 factum
974 4571 1213 4644 vidimus
1257 4586 1380 4626 cum
1428 4571 1631 4625 Dextro
1687 4573 1738 4624 itt

179 4641 535 4704 superioribus.
597 4642 665 4698 Et
727 4642 869 4712 istud
897 4656 1109 4712 quoque
1166 4642 1432 4698 intentum
1495 4653 1740 4697 nostrum

181 4723 468 4784 tmtrparum
509 4714 700 4784 juvat;
744 4711 803 4784 si
857 4711 1000 4768 enim
1028 4711 1278 4784 primum
1317 4713 1556 4768 omnium
1616 4715 1740 4767 mit-

183 4781 358 4835 tendus
393 4781 826 4855 erat'apostolus
867 4781 1065 4853 aliquis
1105 4783 1161 4855 in
1207 4782 1431 4839 Tltarsis
1497 4785 1562 4836 ad
1614 4800 1745 4853 gen-

183 4857 298 4929 ωδ..
349 4854 854 4929 ιιιςοῐεειοζτιιίιιξίς
899 4870 1005 4909 non
1036 4854 1140 4929 erit
1187 4855 1745 4929 Inditeuloeuspnon

183 4925 314 5001 enim
337 4925 644 5001 primum_in
677 4925 880 4980 Indiam
908 4925 1286 5001 apostolorum
1320 4925 1748 5001 aliquistnissns

187 4989 270 5043 fuit
293 4989 460 5063 ;atqul
480 4997 613 5051 satis
655 4989 1244 5067 superque'prohatum
1276 5007 1360 5052 est
1387 4989 1429 5050 a'
1451 4996 1606 5051 nobis
1638 4999 1747 5066 pri-

188 5075 316 5142 utam
362 5067 636 5142 gentilium
691 5068 1024 5142 provinciam
1060 5067 1145 5142 ad
1210 5067 1375 5142 [idem
1429 5082 1750 5142 conversam

188 5131 342 5208 fuisse
361 5131 656 5206 llispaniam
683 5131 902 5204 {sancti
928 5136 1111 5192 Jacobi
1145 5147 1198 5192 et
1225 5138 1613 5208 discipulorum
1638 5138 1758 5207 ejus

192 5204 575 5279 pra-dicendae;
606 5224 671 5264 ea
709 5209 878 5278 igitur
901 5223 1027 5264 vera
1059 5218 1144 5264 est
1171 5204 1423 5276 Tltarsis,
1447 5209 1516 5262 de
1545 5223 1646 5279 qua
1669 5204 1760 5263 Ἰο-

191 5274 355 5349 quitur
378 5276 648 5349 Scriptura
684 5274 863 5334 sacra.

257 5346 460 5404 ltemum
482 5346 588 5406 non
610 5364 804 5422 parum
832 5349 994 5406 faciet
1016 5349 1295 5422 Ophirinte
1329 5349 1661 5421 navigationi
1692 5348 1763 5406 ad

201 5409 460 5499 ligarant
490 5409 720 5499 ιιι-ῥέξω,
753 5431 810 5476 et
849 5409 1130 5499 regionem
1180 5423 1306 5499 fieri
1335 5409 1532 5499 solita},
1583 5425 1762 5499 Auso-

200 5487 314 5556 nius
349 5487 434 5544 lib.
483 5490 754 5546 Nobilium
798 5487 1031 5556 urbium,
1063 5494 1192 5549 dum
1225 5495 1390 5550 urbes
1438 5494 1574 5547 alias
1603 5491 1764 5548 variis

200 5551 467 5634 demutans
489 5563 763 5634 laudibus,
798 5565 971 5618 solam
1016 5551 1301 5620 Bracaram
1335 5565 1541 5621 asserit
1569 5579 1628 5620 se
1651 5565 1766 5634 jac-

204 5628 380 5684 tarede
401 5633 516 5688 sinu
539 5633 718 5705 Pelagi
743 5642 801 5689 et
825 5635 1051 5702 divitiis;
1077 5651 1201 5690 nam
1225 5637 1333 5689 ait:

315 5739 423 5814 iure
441 5749 558 5814 mihi
583 5755 695 5813 post
715 5749 807 5800 has
825 5751 1180 5814 memorabere
1200 5762 1380 5801 nomen
1405 5749 1626 5814 Iberum,

314 5803 509 5867 Emerita
525 5803 789 5879 equoreus
807 5826 958 5879 quam
984 5813 1348 5880 praeterlabitur
1373 5814 1550 5880 amnis,

1778 4959 1834 5021 D

1834 3659 1989 3716 Notis
2028 3659 2095 3714 ad
2140 3659 2282 3713 diem
2323 3659 2392 3714 29
2421 3660 2544 3714 Julii
2574 3657 2732 3712 llom.
2766 3657 3130 3728 Martyrologii
3157 3659 3312 3727 juxta
3342 3672 3432 3709 vc-

1832 3734 2031 3786 riorem
2084 3732 2522 3800 supputationem
2579 3744 2767 3800 passos
2813 3727 3102 3800 contendit
3142 3743 3285 3800 anno
3335 3727 3428 3782 69.

1833 3801 2036 3856 Dexter
2065 3799 2215 3865 vero,
2251 3810 2306 3854 ut
2338 3801 2512 3865 vides,
2541 3814 2686 3854 anno
2712 3799 2802 3865 68,
2833 3800 2987 3868 cujus
3016 3799 3145 3853 nnbi
3171 3799 3429 3868 placitum

1835 3875 2004 3928 multo
2063 3873 2232 3940 magis
2286 3871 2529 3934 arridet;
2587 3869 3073 3940 arrisitqueprius
3117 3869 3433 3940 doctissimo

1833 3944 2121 3999 Ambrosio
2145 3937 2214 3994 de
2240 3941 2470 3995 Morales
2499 3941 2589 3994 lib.
2611 3955 2666 3993 ιι
2690 3937 2830 3994 Ilist.
2863 3937 3043 4008 llisp.,
3070 3951 3193 4007 cap.
3222 3937 3311 4006 l9,
3336 3954 3434 3992 ett-

1832 4018 1920 4083 jus
1947 4015 2014 4083 de
2044 4026 2311 4083 annorum
2344 4011 2731 4083 historicorum
2762 4013 3145 4083 supputatione
3176 4023 3282 4063 non
3315 4009 3434 4064 vul-

1834 4077 1962 4154 gate
1980 4081 2269 4154 judicium,
2295 4089 2349 4133 et
2371 4079 2566 4154 eximia
2595 4077 2871 4154 diligentia
2893 4078 3027 4154 ιύἰιἶ
3041 4078 3282 4132 Desumo
3302 4095 3437 4148 quo-

1835 4147 1940 4225 que
1982 4147 2215 4225 idipsum
2262 4165 2329 4204 ex
2374 4148 2697 4225 Epiphanio,
2732 4147 3030 4225 luet-es,”
3061 4147 3433 4225 asseverante,

1838 4216 2075 4280 tiecatos'
2101 4223 2267 4276 fuisse
2301 4216 2446 4274 anno
2478 4216 2554 4273 ‘12
2596 4216 2867 4282 Neronis;
2895 4220 2940 4272 si
2986 4229 3165 4273 autem
3196 4219 3264 4274 ab
3293 4235 3438 4275 anno

1841 4294 2052 4350 Domini
2086 4292 2177 4358 55,
2195 4290 2426 4346 Neronis
2457 4305 2682 4359 regnum
2714 4304 3022 4354 enumeres,
3056 4299 3112 4342 ut
3138 4291 3439 4345 communi-

1841 4378 1922 4420 ter
1949 4374 2199 4420 auctores
2233 4363 2454 4424 faciunt,
2487 4360 2580 4415 lict
2609 4371 2666 4414 ut
2693 4375 2868 4414 annus
2895 4367 3012 4428 ejus
3043 4361 3112 4416 12
3147 4362 3198 4412 itt
3227 4375 3431 4415 annum

1842 4436 2051 4491 Domini
2083 4435 2152 4488 68
2183 4435 2405 4488 incidat.
2443 4433 2708 4487 Uaronius
2732 4431 3014 4486 contendit
3033 4429 3308 4499 accepisse
3335 4433 3437 4485 itu-

1844 4507 1974 4576 pt'l'ii
2021 4505 2258 4559 ltubcttzts
2302 4520 2446 4559 anno
2493 4502 2706 4576 Domini
2751 4503 2841 4559 56.
2886 4500 3084 4557 Verum
3128 4501 3230 4576 hoe
3273 4502 3439 4576 etiam

1845 4570 2000 4648 pacto
2029 4577 2071 4630 si
2100 4577 2273 4644 ipsum
2304 4576 2375 4630 56
2398 4575 2678 4648 inclusive
2701 4583 2858 4644 prout
2879 4581 3093 4648 oportet
3114 4570 3441 4648 accipiatur,

1844 4641 2024 4703 adhuc
2068 4641 2243 4700 annos
2292 4649 2353 4701 l2
2396 4645 2609 4716 imperii
2650 4641 2721 4716 in:
2747 4641 3062 4714 praedictum
3106 4643 3174 4698 68
3217 4641 3441 4716 incidet.

1847 4722 2128 4797 Sanctior}
2159 4717 2314 4797 valde
2355 4717 2408 4771 in
2441 4713 2671 4797 homine
2702 4713 3218 4797 (qttantumcumque
3244 4713 3446 4797 doctis-

1848 4790 2012 4858 simo)
2053 4788 2328 4843 mirandus
2370 4795 2449 4842 est
2499 4783 3004 4858 tttemorimulapsus
3039 4783 3364 4858 ;_t|ocuerat
3399 4783 3448 4839 is

1893 4854 2054 4930 uippe
2076 4859 2401 4930 sententiam
2427 4865 2669 4930 nostram
2691 4857 2744 4911 in
2767 4854 2920 4910 Notis
2942 4857 3015 4930 ad,
3026 4855 3264 4930 2§_Juttii
3285 4869 3452 4930 agens

1893 4950 1922 4985 e
1951 4925 2062 4984 illis
2092 4929 2421 4999 martyribus
2450 4942 2586 4997 quos
2626 4927 2770 4981 Nero
2808 4927 3039 4999 incendii
3076 4925 3303 4999 Romani
3343 4926 3452 4981 cri-

1858 5001 2006 5056 mine
2038 5000 2170 5054 falso
2203 4994 2415 5053 notatos
2432 4994 2753 5068 necaverat,
2789 4998 2877 5068 ubi
2912 4997 3028 5068 haec
3052 4994 3361 5068 aitzCaepta
3374 5005 3453 5068 est

1860 5071 2123 5144 ejusmodi
2143 5081 2247 5144 tam
2277 5069 2392 5144 dira
2423 5067 2578 5144 Urbis
2609 5067 2842 5144 incensio
2867 5081 2961 5144 χιιι
2983 5066 3192 5122 kalend.
3217 5066 3454 5144 saeuo,

1855 5136 2049 5212 scrque
2070 5141 2248 5196 diebus
2261 5141 2486 5207 duravit,
2511 5137 2675 5191 Basso
2701 5154 2774 5212 ae
2785 5136 2961 5212 Frugi
2979 5153 3152 5212 ξοπιες,
3173 5139 3457 5212 quianam

1860 5230 1893 5268 α
1921 5206 2314 5267 Πεεειιιὶονὶὺιιε
2345 5206 2650 5264 numeratur
2674 5226 2705 5262 a
2734 5206 2939 5263 Christo
2969 5206 3190 5261 Domino
3211 5208 3301 5265 66.
3325 5208 3463 5262 Con-

1864 5284 2077 5353 tigitquc
2101 5281 2288 5353 horum
2311 5281 2619 5353 martyrium
2644 5279 2864 5353 triennio
2880 5279 3309 5353 antepauionem
3333 5294 3464 5347 apo-

1867 5348 2137 5408 st'olo'rum.
2165 5352 2438 5407 Caeterum
2453 5348 2512 5404 'si
2538 5350 2696 5404 annis
2724 5348 2793 5404 65
2826 5351 3114 5404 triennium
3137 5350 3325 5413 addas,
3352 5364 3459 5404 non

1869 5426 2125 5480 conlicies
2152 5425 2244 5490 (ill,
2268 5423 2362 5477 sed
2392 5422 2482 5484 68,
2499 5435 2606 5490 quo
2633 5436 2774 5491 anno
2804 5421 2918 5491 ipse
2948 5417 3312 5491 uuuc_l'atctur
3331 5433 3464 5491 apo-

1872 5497 2042 5550 stolos
2083 5495 2202 5549 neci
2230 5486 2421 5548 'datos.
2463 5486 2573 5546 Sed
2601 5490 2758 5546 allert
2793 5486 2848 5545 in
2893 5505 3051 5544 suum
3083 5486 3322 5544 favorem
3356 5489 3466 5543 Me-

1875 5565 2224 5635 taphrastem,
2250 5565 2601 5635 relerentem_
2619 5577 2733 5635 pro
2760 5561 2972 5635 eodem‘
3001 5560 3229 5632 placito,
3269 5560 3468 5635 Caium

1875 5628 2157 5708 antiquum
2192 5634 2500 5708 theologum
2526 5628 2916 5708 ,_Zephirinutn
2947 5628 3168 5708 Papam,
3191 5639 3245 5685 et
3269 5628 3472 5708 Diony-

1876 5703 2025 5764 sium
2043 5705 2446 5777 Corinthiorum
2468 5703 2804 5777 episcopum,
2827 5703 2970 5777 quod
2992 5710 3240 5777 asseram
3257 5703 3470 5777 occisos

1877 5779 2047 5838 fuisse
2073 5791 2216 5835 anno
2242 5775 2313 5836 36
2337 5791 2367 5835 a
2397 5767 2950 5850 passionc'Doniitiica
2977 5789 2990 5830 :
3016 5773 3061 5830 si
3083 5784 3216 5830 vero
3235 5767 3302 5826 ab
3326 5780 3474 5827 anno
