3976 6298
197 299 296 360 2H

188 420 250 476 Δ.
271 419 334 477 C.
357 417 447 477 71.

1257 308 1487 368 FLAVI!
1524 309 1709 370 LUCII
1748 311 2010 372 DEXTRI
2051 313 2476 380 CHRONICON.

604 420 812 494 g'loria
844 421 1049 479 clarum
1079 422 1238 491 fecit;
1269 424 1338 480 ad
1367 425 1656 497 Hispanias
1686 443 1746 484 sc
1787 429 2051 500 contulit,
2096 432 2250 502 prius
2285 435 2576 506 episcopus
2606 434 2992 510 Atheniensis,
3024 448 3150 514 post
3186 441 3252 501 Δ.
3278 440 3348 501 R.
3388 443 3518 502 822.

3409 330 3523 389 2ιὲ

621 515 898 589 Segovia:
925 517 979 574 in
1000 517 1259 576 Arevacis
1287 519 1610 592 episcopus,
1639 521 1926 579 sanctitate
1957 522 2239 581 mirandus
2265 525 2520 584 hebetur.

1432 658 1693 717 BWARII
1731 659 2300 720 COMMENTARIUS.

208 770 1224 862 scientiae,.etgt1u_omodoplerumque
1244 771 1518 862 altissima
1541 774 1810 862 mysteria
1836 781 1886 842 Α
1914 774 2173 862 homo‘est
2201 776 2502 862 appellatus
2521 779 2776 853 (propitia
2796 799 2918 839 vero
2946 784 3048 841 sint
3072 802 3188 862 qua:
3204 787 3260 844 in
3291 806 3518 862 pra'sen-

207 841 684 916 universalissime
713 841 1078 914 loqueretur,
1129 841 1460 916 Quandoque
1497 841 1630 902 vero
1683 863 1808 902 cum

213 915 379 969 vellet
405 914 781 988 disertissime
822 930 883 970 se
914 914 1578 987 ttniuscu'jusque'captui
1637 918 1811 988 appli-

206 996 375 1051 caret,
403 985 641 1041 adducit
663 985 949 1042 historiam
979 989 1112 1042 satis
1131 985 1404 1058 vulgatam
1438 985 1508 1044 die
1522 985 1808 1044 Conventu

207 1058 486 1131 Hierothei
511 1068 568 1131 e_t
595 1073 720 1124 suo,
737 1073 862 1115 cum
893 1059 1158 1131 apostolis
1178 1059 1579 1131 Hierosolymis
1598 1059 1807 1127 habito,

210 1128 341 1200 sive
377 1144 480 1199 pro
520 1129 869 1185 Beatissimae
895 1129 1134 1200 Virginis
1195 1129 1385 1186 funere
1431 1128 1765 1186 celebrando
1791 1173 1807 1198 ,

208 1199 345 1269 quod
379 1200 790 1272 multiputant,
823 1202 939 1256 sive
976 1199 1079 1270 pro
1103 1201 1361 1272 sepulcro
1409 1201 1626 1258 Domini
1670 1203 1809 1258 visi-

208 1273 388 1336 taudo,
419 1271 574 1340 quod
609 1272 769 1327 nobis
800 1272 1090 1343 probatum
1114 1272 1214 1327 fuit
1247 1274 1298 1327 in
1330 1273 1712 1343 superioribus
1740 1274 1807 1329 ad

208 1355 401 1416 annum
430 1343 659 1398 Domini
683 1343 797 1416 487:
825 1342 1173 1416 Convenimus
1191 1342 1505 1416 quandoque
1518 1343 1638 1415 (ait)
1666 1345 1809 1414 apud

206 1414 473 1488 pontiﬁces
501 1423 716 1488 nostros
737 1415 851 1470 Deo
878 1414 1085 1488 plenos,
1109 1414 1212 1488 nos
1229 1415 1390 1469 simul
1409 1414 1462 1488 et
1489 1414 1626 1488 ipse,
1675 1418 1811 1471 ntul-

205 1485 336 1558 tique
355 1486 526 1538 sancti
535 1486 746 1558 fratres
775 1487 961 1550 nostri,
987 1487 1357 1558 visuricorpus
1379 1485 1517 1540 illud
1539 1488 1676 1558 quod
1691 1489 1811 1542 vita:

207 1557 490 1629 principem
521 1553 802 1629 Deumque
826 1557 1072 1629 suscepit.
1115 1555 1216 1612 Ubi
1259 1553 1480 1612 aderant
1510 1553 1562 1611 et
1584 1556 1810 1614 Iacobus

206 1625 634 1700 fraterDomitsi,
668 1625 986 1700 et'Petrus;
1019 1630 1282 1683 excelsum
1335 1639 1381 1684 et
1431 1630 1812 1700 amplissimum

208 1698 559 1773 theologorum
585 1700 824 1773 culmen.
869 1699 995 1754 Illic
1023 1717 1144 1773 ergo
1173 1709 1287 1773 post
1332 1698 1618 1773 contuitunt
1647 1745 1662 1766 ,
1697 1701 1812 1773 pla-

209 1770 302 1824 cuit
326 1782 378 1824 ut
397 1771 687 1840 pontiﬁces
713 1787 889 1827 omnes
930 1789 1026 1840 pro
1048 1770 1239 1825 viribus
1267 1773 1481 1842 quisque
1533 1772 1641 1825 suis
1687 1772 1814 1841 inﬁ-

211 1843 305 1914 nite
327 1852 603 1914 potentem
630 1843 912 1914 bonitatem
955 1844 1252 1897 laudarent.
1289 1841 1607 1896 Hierotltens
1638 1852 1812 1896 autem

210 1910 521 1985 aliosiontnes
557 1913 639 1967 ibi
663 1910 920 1969 Doctores
945 1931 1126 1969 sacros
1173 1915 1251 1985 (ut
1296 1915 1456 1985 nosti)
1510 1922 1624 1983 post
1671 1915 1813 1983 ipsos

213 1982 462 2058 theologos
487 1984 636 2057 (hoc
665 1995 778 2052 est,
818 1986 1123 2055 apostolos)
1154 1982 1461 2058 superarit,
1509 1982 1642 2058 totus
1663 1982 1817 2058 exce-

210 2055 346 2122 dens,
375 2055 510 2110 totus
531 2063 696 2110 extra
724 2074 780 2110 se
817 2058 1038 2128 positus,
1087 2055 1373 2128 eteorum
1397 2071 1514 2127 qua:
1555 2055 1810 2128 laudabat

1916 849 2338 924 tia_in_tellectum
2378 849 2770 924 sermonemque
2814 849 3122 924 superantia
3160 849 3444 917 laudontur
3488 882 3521 919 a

1912 918 2106 1004 nobis),
2137 932 2258 974 tunc
2279 937 2490 1004 quoque
2507 925 2562 976 in
2590 918 3108 1004 his'supernaturale
3127 940 3175 984 et
3195 918 3520 1004 superessen;

1913 990 2037 1071 tiale
2069 1007 2254 1071 munus
2282 990 2493 1071 emicuit
2525 1010 2544 1048 :
2569 1011 2670 1071 non
2701 990 3447 1071 solumquiaimmutabiliter,
3471 1016 3521 1062 et

1909 1062 2181 1134 inconfuse
2207 1064 2353 1118 nobis
2379 1067 2792 1133 communicauit,
2816 1062 2951 1122 nihil
2986 1071 3043 1124 in
3089 1072 3400 1128 exuberante
3418 1062 3517 1132 sua

1910 1132 2234 1211 plenitudine
2261 1134 2327 1211 ab
2350 1135 2604 1211 ineffabili
2651 1132 3014 1194 exinanitione
3053 1157 3378 1211 perpessus:
3422 1150 3516 1203 sed

1909 1205 2064 1278 etiam
2091 1205 2220 1278 quia
2251 1206 2271 1278 (
2300 1208 2439 1278 quod
2461 1207 2754 1263 novitatum
2777 1211 3010 1264 omnium
3045 1205 3122 1267 est
3150 1205 3381 1272 maxime
3419 1236 3517 1274 no-

1909 1289 2026 1354 eum
2053 1276 2072 1344 )
2099 1277 2156 1330 in
2189 1276 2519 1334 naturalibus
2575 1285 2768 1354 nostris
2807 1285 3226 1348 supernaturalis
3274 1297 3416 1354 erat,
3463 1293 3520 1346 in

1911 1346 1992 1402 his
2017 1363 2136 1418 qut:
2166 1359 2377 1424 nostrte
2396 1358 2517 1404 sunt
2546 1352 2780 1408 essentia:
2811 1346 2966 1424 super
2991 1357 3267 1410 essentiam
3293 1400 3307 1421 ,
3338 1346 3517 1417 omnia

1911 1428 2090 1493 nostra
2117 1422 2430 1493 egenostris,
2469 1431 2516 1476 et
2546 1439 2707 1493 supra
2742 1439 2838 1477 nos
2877 1422 3153 1482 continens
3187 1430 3513 1490 excellenter.

1913 1487 2058 1563 Yere
2088 1489 2233 1563 nihil
2255 1501 2363 1563 tam
2391 1487 2781 1563 compendiose
2803 1535 2819 1559 ,
2853 1503 2961 1550 tam
3001 1497 3108 1553 alte
3136 1513 3167 1553 a
3198 1487 3518 1561 doctoribus

1911 1559 1981 1615 de
2008 1561 2276 1633 mysterio
2304 1559 2601 1620 Dominica:
2633 1565 3032 1622 incarnationis
3056 1608 3073 1633 ,
3110 1577 3167 1624 et
3212 1559 3518 1630 Divinitatis

1911 1630 2204 1710 majestate
2229 1633 2434 1710 dictum
2462 1650 2477 1699 ;
2506 1635 2966 1710 paucissimisque
2993 1630 3216 1710 cunctas
3245 1646 3517 1710 posterio-

1912 1718 2024 1782 res“
2055 1702 2302 1782 haereses
2342 1702 2621 1775 Nestorii,
2682 1702 3031 1777 Eutychetis,
3083 1702 3390 1782 Valentini,
3458 1727 3516 1774 et

1913 1773 2026 1828 Arii
2059 1773 2352 1829 destruxit.

1985 1844 2227 1924 Hymuos
2259 1861 2477 1924 quoque
2506 1850 2834 1924 amatorios,
2861 1851 3050 1924 divina
3081 1853 3318 1924 patiens,
3361 1870 3516 1914 com-

1914 1917 2100 1997 posuit
2129 1917 2184 1970 in
2208 1918 2419 1998 quibus
2437 1919 2505 1973 de
2533 1921 2739 1998 amoris
2776 1917 3101 1979 deﬁnitione
3119 1917 3468 1998 ,__5peciehus
3493 1970 3512 1998 ,

1922 1988 2146 2052 unione,
2178 1997 2235 2041 et
2261 1987 2337 2058 vi,
2366 1989 2508 2044 ultra
2535 1991 2829 2063 humanum
2853 2003 3070 2063 captum
3095 1987 3372 2052 edisserit.
3406 1987 3514 2055 Ex;

1917 2065 2028 2112 stat
2082 2072 2268 2136 eorum
2309 2073 2530 2136 quoque
2560 2061 2742 2136 nobile
2771 2061 3160 2136 fragmentum,
3191 2068 3337 2136 quod
3369 2069 3514 2128 rele-

209 2128 623 2222 comm‘uuionem
652 2126 1275 2222 patiens.uQLuam’obrem
1322 2127 1386 2181 ab
1413 2126 1670 2210 omnibus
1716 2126 1807 2197 qui
1842 2161 1892 2222 Β
1921 2144 2048 2222 13ης
2083 2126 2481 2222 .S.'Dionysiu's
2529 2148 2649 2215 cap.
2673 2132 2709 2188 4
2739 2126 3068 2222 μενωγὶη.
3116 2126 3335 2218 ῌοὶηἱη.
3388 2126 3512 2198 ait:

209 2199 463 2272 audiebant
484 2215 642 2264 eum,
655 2197 821 2270 atque
840 2201 1078 2272 uidebant
1093 2197 1603 2272 (sive_cognoscerent
1619 2201 1810 2272 ipsum,

211 2270 304 2342 sive
323 2286 424 2323 non
445 2269 856 2342 cognoscerent)
882 2269 1171 2342 occupatus
1196 2269 1316 2326 Deo
1331 2312 1346 2335 ,
1371 2271 1678 2342 diuinusque
1697 2270 1814 2324 lau-

213 2339 345 2422 dator
369 2339 785 2424 est_jitdicatus..
820 2339 1269 2424 Bimae-quidem
1313 2355 1409 2410 pro
1432 2339 1712 2424 altissimis
1757 2350 1810 2424 et

212 2411 695 2482 universalissimis
723 2411 843 2479 eius
863 2413 1130 2468 doctrinis
1157 2412 1300 2467 dicta
1335 2420 1494 2476 sunt;
1519 2427 1688 2482 quare
1715 2411 1812 2468 ad-

211 2481 283 2535 dit
308 2501 319 2535 :
357 2482 557 2556 Verum
584 2500 704 2555 qua:
731 2483 841 2538 illic
863 2485 1078 2556 mystice
1098 2493 1326 2538 tractata
1355 2495 1503 2556 sunt,
1528 2481 1688 2556 missa
1709 2484 1810 2536 im-

212 2555 602 2626 prasentiarum
621 2557 900 2626 faciamus,
920 2555 1115 2626 quippe
1136 2572 1254 2609 cum
1281 2571 1372 2610 nec
1398 2555 1573 2609 multis
1590 2556 1809 2622 exprimi

208 2625 408 2697 possint.
433 2625 518 2680 De
545 2625 652 2680 alia
681 2642 814 2681 vero
842 2625 1073 2683 docendi
1103 2626 1364 2681 mcthodo
1391 2641 1498 2697 pro
1512 2635 1679 2697 captu
1713 2642 1810 2679 cu-

204 2695 408 2766 jusque,
439 2712 559 2764 qua
587 2699 785 2752 mirum
809 2698 863 2753 in
891 2700 1112 2754 modum
1157 2699 1322 2752 etiam
1355 2695 1608 2752 eicelluit
1631 2737 1648 2762 ,
1673 2697 1807 2751 sub-

208 2769 373 2841 inlert:
391 2767 616 2836 Quoties
635 2779 809 2823 autem
824 2779 1082 2841 Oporteret
1115 2779 1294 2823 nostra
1306 2767 1482 2822 multis
1510 2771 1809 2821 communia

211 2840 485 2913 facere,“
509 2857 666 2913 quam
686 2840 878 2895 multos
907 2856 1171 2913 possemus
1200 2841 1254 2892 in
1283 2849 1529 2913 sanctam
1573 2849 1807 2913 nostram

212 2907 547 2983 disciplinam
583 2907 967 2983 introducere,
1017 2921 1126 2966 erat
1170 2912 1402 2983 profecto
1459 2910 1757 2983 mirandum
1787 2951 1803 2974 ,

213 2995 368 3047 quant
393 2982 548 3052 longe
576 2981 892 3038 Hierotheus
911 2981 1206 3037 sanctorum
1232 2982 1508 3036 doctorum
1549 2981 1806 3052 plurimos

210 3052 552 3118 antecelleret,
577 3065 621 3106 et
641 3055 895 3108 diuturna
924 3054 1145 3109 docendi
1171 3053 1471 3116 sedulitate,
1500 3064 1546 3106 et
1578 3053 1808 3122 puritate

209 3124 408 3197 mentis,
425 3132 488 3176 et
514 3136 691 3180 exacta
720 3127 996 3197 diligentia
1023 3124 1449 3197 demonstrandi,
1501 3139 1562 3177 ac
1607 3125 1805 3197 creteris

209 3195 457 3263 omnibus,
478 3193 898 3268 qumcumquead
917 3215 1064 3252 sacra
1087 3197 1295 3266 eloquia
1317 3196 1599 3268 pertinent.
1623 3193 1806 3265 Itaque

207 3280 291 3341 nos
314 3283 602 3341 numquam
623 3269 678 3321 in
703 3265 868 3322 solem
896 3278 1002 3341 tam
1028 3265 1287 3341 ingentem
1301 3265 1461 3341 ﬁgere
1493 3265 1805 3341 auderemus

207 3335 418 3391 obtutus.
453 3335 530 3393 Et
559 3348 680 3407 post
709 3355 881 3408 pauca
918 3357 932 3392 :
967 3335 1357 3394 Desc‘endimus‘
1385 3338 1804 3408 adscribendum

205 3409 312 3461 nari
331 3409 470 3464 nihil
493 3407 754 3481 audentes
795 3412 1020 3481 inferre;
1049 3411 1139 3464 sed
1183 3407 1547 3481 minutioribus
1595 3409 1805 3481 quibus-

204 3481 332 3544 dam,
361 3493 410 3534 et
458 3498 554 3552 per
580 3480 793 3552 singula
819 3479 1085 3550 dispositis
1118 3479 1571 3552 inquisitionibus,
1609 3480 1806 3552 discer-

1920 2198 2049 2276 Ha'c
2076 2199 2300 2276 inclytus
2330 2198 2503 2256 uoster
2527 2198 2776 2276 fin-sacris
2815 2207 3000 2260 litteris
3027 2208 3314 2276 institutor,
3341 2212 3514 2270 divine

1915 2271 2200 2349 admodum
2228 2273 2280 2326 in
2308 2275 2580 2349 uitiatoriis
2605 2275 3086 2349 hymnisea'posuit.
3122 2271 3505 2348 Fragmentum

1914 2357 2046 2426 vero
2075 2343 2344 2426 ejusmodi
2364 2355 2475 2426 est.
2511 2343 2753 2426 Amorem
2779 2343 3319 2426 siveﬂiuinumtsive
3347 2371 3511 2426 ange-

1914 2414 2096 2486 licum,
2128 2415 2232 2468 sive
2250 2413 2672 2482 intellectualem,
2707 2419 2809 2473 sive
2830 2419 3132 2486 animalem,
3163 2413 3269 2476 sive
3297 2413 3515 2482 natura-

1915 2485 2015 2539 lem
2041 2484 2358 2564 dixerimus,
2390 2489 2492 2540 vim
2515 2492 2792 2564 quamdam
2840 2484 3198 2564 intelligamus
3232 2495 3506 2564 uni/iram,

1911 2564 2065 2630 atque
2085 2557 2534 2630 commiscentem;
2563 2561 2834 2630 superiora
2863 2557 3072 2630 quidem
3108 2557 3389 2618 moventem
3434 2557 3506 2621 ad

1911 2626 2221 2708 inferiorum
2254 2626 2666 2708 prouidentiam;
2714 2626 2896 2686 rursus
2943 2648 3058 2708 qua:
3107 2642 3228 2686 sunt
3270 2637 3508 2708 ejusdem

1911 2698 2110 2779 ordinis
2134 2697 2206 2779 ad_
2230 2702 2646 2755 communionem
2681 2697 3311 2779 mutuaquhortanteni
3330 2723 3347 2759 :
3372 2709 3512 2779 infe-

1908 2771 2052 2821 riora
2080 2769 2286 2824 tandem
2309 2784 2650 2836 revocantem,
2676 2784 2731 2826 ut
2753 2775 2820 2826 ad
2847 2773 3089 2828 sublimia
3119 2769 3506 2836 convertantur.

1909 2838 1964 2919 ῌ
1967 2848 2179 2919 actenus
2199 2839 2394 2919 multos
2408 2859 2608 2919 amores
2629 2859 2696 2919 e:c
2720 2861 2825 2898 uno
2840 2845 3114 2919 pendentes
3132 2845 3505 2919 disposuimus,

1907 2910 2235 2986 diximusque
2256 2912 2435 2983 quales
2460 2915 2563 2968 sint
2586 2916 2822 2968 notiones
2840 2910 3082 2986 'viresque
3101 2910 3333 2972 amorum
3349 2961 3365 2986 ,
3398 2910 3508 2976 tum

1907 2983 2318 3059 mundanorum,
2352 2991 2459 3059 tum
2499 2989 2696 3059 mundo
2744 2983 3102 3059 superiorum,
3154 2983 3510 3058 quibus-sane

1909 3054 2184 3107 mundanis
2215 3054 2500 3132 secundum
2529 3054 2857 3132 designatum
2877 3059 3132 3132 orationis
3145 3054 3506 3132 intentionem,

1906 3135 2136 3201 prtesunt
2183 3126 2392 3180 ordines
2413 3173 2427 3195 ,
2453 3126 2771 3198 ornatusque
2816 3128 3246 3201 intelligibilium,
3274 3126 3508 3187 intellch

1907 3195 2246 3273 (utiliumque
2261 3214 2504 3273 umorum
2531 3216 2548 3252 :
2577 3195 2732 3273 super
2757 3216 2843 3253 eos
2864 3195 3035 3254 autem
3059 3195 3261 3256 exstant
3287 3203 3389 3272 ipsi
3409 3221 3500 3273 per

1906 3281 1960 3320 se
1977 3267 2354 3345 intelligibiles,
2367 3280 2530 3345 atque
2547 3267 2948 3345 diviniamores,
2970 3288 3151 3345 revera
3166 3267 3508 3345 pulchrorum

1905 3353 1938 3390 a
1960 3337 2105 3391 nobis
2138 3337 2236 3407 pro
2258 3337 2450 3395 viribus
2479 3341 2740 3396 celebrati.
2779 3341 2936 3396 Nunc
2965 3337 3504 3401 iterum'resumentes

1905 3423 2080 3484 omnes
2105 3410 2156 3462 in
2180 3426 2362 3476 unum,
2387 3423 2437 3484 et
2452 3413 2826 3484 conglobatum
2847 3430 3098 3479 amorem,
3119 3432 3354 3470 amorum
3384 3433 3501 3471 om-

1908 3479 2051 3558 n_iu_m
2105 3488 2309 3558 patrem
2356 3479 2664 3558 colligamus
2713 3485 2869 3558 simul
2913 3495 3066 3556 atque
3111 3503 3500 3558 congregemur.

203 3561 387 3628 nentes,
419 3546 473 3606 et
507 3546 942 3628 explicantes_ea,
972 3569 1086 3620 qua:
1113 3546 1300 3628 abillo
1323 3567 1438 3606 rere
1479 3549 1762 3628 Hierotheo
1785 3593 1801 3618 ,
1830 3546 1875 3611 C
1909 3546 2322 3628 Primoquidem
2350 3569 2412 3608 ex
2438 3546 2833 3628 niuitisinduas
2861 3546 3098 3628 cogentes
3127 3546 3410 3614 amatorias
3437 3561 3506 3614 vi-

202 3620 252 3673 id
272 3631 543 3690 est,sacro
559 3625 787 3693 quodam
819 3623 926 3678 Deo
953 3625 1272 3695 perspicacia
1293 3621 1664 3695 compendiosa
1683 3632 1804 3676 sunt

204 3696 399 3766 tradita.
434 3695 513 3749 Ut
540 3691 730 3750 videar
759 3691 1018 3765 quidquid
1060 3691 1376 3766 Dionysius
1403 3691 1627 3762 scripsit
1650 3734 1677 3766 ,_
1723 3695 1804 3746 al-

205 3764 319 3820 tiori
345 3767 591 3837 quodam
621 3763 833 3837 stylo’a
877 3763 936 3822 Β.
970 3763 1266 3822 Hierotheo
1298 3765 1534 3837 primum
1572 3763 1800 3834 scripta,

203 3844 254 3888 et
281 3835 401 3892 inde
422 3837 499 3892 ab
526 3853 594 3892 eo
617 3835 774 3906 juxta
804 3848 1019 3906 captum
1076 3846 1328 3892 nostrum
1357 3835 1637 3906 translata.
1698 3837 1806 3889 Ex-

207 3914 343 3980 stant
395 3908 575 3980 ipsius
605 3905 888 3964 Hicrothei
920 3909 1223 3980 fragmenta
1251 3905 1395 3975 apud
1426 3908 1704 3980 eumdem,
1737 3923 1800 3980 ex

206 3978 332 4049 libro
357 3976 432 4034 de
457 3978 814 4049 Theologicis
835 3976 1144 4046 elementis,
1175 3981 1227 4033 in
1253 3994 1362 4046 quo
1409 3977 1476 4049 de
1521 3976 1654 4031 bono
1679 4019 1695 4043 ,
1735 3979 1803 4034 de

205 4048 418 4120 lumine,
443 4049 514 4104 de
538 4048 778 4120 pulchro,
805 4051 874 4106 de
891 4067 1086 4113 amore,
1111 4051 1327 4120 exstasi,
1378 4048 1489 4102 zelo
1515 4089 1530 4111 ,
1576 4058 1630 4103 et
1678 4050 1803 4103 aliis

203 4117 511 4191 disputavit,
547 4117 779 4190 loquens
807 4133 988 4178 autem
1018 4123 1087 4178 de
1117 4119 1404 4177 divinitate
1431 4128 1487 4176 et
1526 4119 1804 4176 excellen-

205 4189 269 4245 tia
292 4189 505 4246 Christi
529 4189 721 4248 sic’ait
746 4211 760 4248 :

244 4260 393 4343 ..ιεειι
419 4261 682 4318 Dioinitas
705 4279 820 4335 qua:
848 4264 1080 4343 omnium
1102 4280 1263 4343 causa
1291 4272 1388 4330 est,
1417 4271 1466 4318 et
1487 4261 1664 4334 implet
1686 4279 1800 4318 om-

205 4336 304 4398 nia,
329 4352 393 4389 ac
418 4345 598 4402 partes
628 4351 884 4390 consonos
924 4336 1247 4390 universitati
1293 4347 1598 4398 conservat,
1641 4351 1802 4402 neque

206 4420 339 4472 pars,
363 4421 532 4472 neque
554 4415 720 4460 totum
746 4415 855 4473 est;
884 4423 1162 4478 rursusque
1195 4417 1240 4461 et
1271 4424 1394 4479 pars
1411 4415 1519 4479 est,
1537 4416 1589 4479 _et
1615 4415 1800 4471 totum,

205 4484 366 4547 utpote
385 4493 507 4546 qua:
523 4489 720 4546 partem
747 4494 949 4532 omnem
972 4489 1019 4532 et
1046 4477 1193 4532 omne
1209 4477 1372 4532 totum
1402 4478 1454 4531 in
1475 4477 1645 4547 seipsa
1665 4493 1802 4531 com-

206 4546 552 4618 prehenderit,
593 4558 642 4603 et
686 4551 969 4604 eminenter
1010 4550 1236 4615 habeat,
1281 4559 1436 4618 atque
1483 4546 1799 4618 priehabeat.

209 4616 440 4692 Perfecta
458 4620 672 4689 quidem
694 4630 769 4676 est
794 4619 1027 4692 ingrebus
1051 4616 1372 4692 imperfectis
1388 4661 1404 4686 ,
1428 4616 1606 4692 utpote
1644 4619 1803 4690 perfe-

207 4689 385 4764 ctionis
406 4693 666 4764 princeps,
699 4693 754 4746 in
792 4689 940 4764 rebus
971 4707 1090 4746 vero
1118 4689 1382 4764 perfectis,
1431 4689 1653 4764 minime
1687 4707 1802 4758 per.

207 4762 340 4828 fecta
363 4802 378 4826 ,
400 4759 594 4832 quippe
622 4759 742 4817 cum
769 4759 1138 4834 perfectionem
1167 4759 1472 4818 excellentia
1505 4759 1806 4834 origineque

209 4835 478 4915 recedat:
507 4832 776 4889 Praeterea
817 4832 874 4888 in
913 4835 1065 4915 rebus
1085 4835 1375 4915 carentibus
1397 4832 1565 4915 specie
1610 4833 1802 4915 species

206 4913 275 4955 est
296 4905 563 4988 specifica,
592 4918 858 4976 tamquam
889 4907 1201 4977 principium
1228 4904 1438 4976 speciei,
1461 4905 1528 4998 ἐν)ἱ
1537 4904 1802 4984 speciebus
1829 4937 1882 4998 D

206 4984 388 5040 autem,
421 4978 594 5046 specie
623 4973 830 5048 carens,
863 4973 1155 5044 utspeciem
1183 4973 1455 5048 superans.
1484 4973 1622 5048 Quin
1648 4975 1802 5029 etiam

206 5049 413 5101 essentia
427 5044 550 5101 totis
581 5047 766 5119 procul
787 5065 820 5100 a
846 5048 1152 5118 contagione
1180 5044 1416 5101 essentiis
1441 5044 1696 5119 insidens,
1722 5054 1804 5098 at-

206 5131 296 5184 que
322 5135 480 5187 super
506 5117 788 5173 essentiam
813 5117 1041 5183 exstans,
1085 5119 1149 5174 ab
1174 5119 1314 5173 omni
1339 5117 1563 5172 essentia
1597 5119 1803 5186 penitus

205 5189 454 5254 absoluta,
484 5193 728 5245 universa
749 5191 1012 5259 principia
1042 5191 1387 5259 terminosque
1411 5187 1800 5259 disterminans,

208 5270 408 5331 etsuper
420 5277 574 5315 omne
593 5257 941 5333 principium,
968 5257 1309 5331 ordinemque
1329 5261 1521 5316 locata.
1549 5257 1799 5313 Mensura

204 5334 388 5386 eutium
413 5341 509 5402 est,
533 5342 584 5385 et
609 5349 799 5396 sevum,
822 5341 975 5401 atque
995 5349 1150 5402 super
1171 5349 1359 5399 sevum,
1384 5341 1432 5385 et
1459 5340 1576 5384 ante
1597 5347 1759 5384 arvum
1779 5346 1798 5384 :

210 5405 357 5474 plena
378 5405 591 5474 quidem
611 5408 662 5458 in
682 5405 834 5457 rebus
849 5404 1103 5474 egenis,in
1117 5406 1287 5474 plenis
1300 5414 1469 5458 autem
1484 5403 1797 5474 exuberans,

207 5472 675 5540 ine/fabiiis,_etnon
691 5472 1126 5546 pronuntiabilis,
1152 5490 1305 5546 super
1344 5472 1684 5546 intellectum,
1713 5489 1802 5526 su-

206 5560 293 5614 per
310 5548 478 5612 sitam,
494 5563 654 5614 super
677 5545 975 5611 essentiam;
998 5545 1395 5612 supernaturale
1415 5561 1602 5598 munus
1622 5560 1803 5616 super-

210 5617 503 5674 naturaliter
521 5617 677 5670 habet
703 5657 719 5682 ,
747 5616 1182 5688 superessentiale
1213 5617 1627 5688 superessentiali
1651 5617 1807 5670 etiam

210 5689 411 5744 ratione.
441 5688 800 5758 Quamobrem
842 5687 1057 5760 quando
1112 5687 1283 5755 usque
1325 5688 1392 5760 ad
1423 5695 1665 5740 naturam
1686 5689 1810 5760 (no-

207 5769 359 5816 SIram
388 5760 409 5831 )
439 5757 510 5814 ad
539 5773 804 5815 summam
826 5757 1213 5831 benignitatem
1242 5759 1376 5811 venit
1394 5799 1408 5822 ,
1440 5772 1652 5831 vereque
1686 5757 1810 5831 sub-

211 5827 435 5888 stantiam
459 5840 654 5890 nostra
682 5830 860 5887 carnis
883 5827 1116 5905 accepit,
1148 5843 1482 5904 summusque
1537 5828 1628 5888 ille
1670 5827 1811 5885 Deus

1908 3638 1988 3701 res
2015 3623 2352 3701 universales,
2382 3641 2512 3695 quas
2529 3626 2742 3701 quidem
2765 3623 2945 3682 omnes
2980 3629 3234 3701 continet,
3266 3632 3502 3701 regitque

1908 3692 2345 3770 absoluta‘totius
2368 3692 2565 3770 amoris
2595 3713 2776 3765 causa,
2804 3715 2957 3769 penes
2981 3692 3297 3770 principium
3322 3692 3501 3756 omnia

1907 3765 2323 3842 supereminens,
2347 3767 2415 3820 ad
2435 3784 2588 3842 quam
2611 3765 2894 3837 contendit,
2919 3765 3017 3842 pr'o
3035 3765 3286 3842 cujusque
3314 3781 3503 3842 natura

1905 3837 2173 3912 uniuersus
2202 3853 2375 3912 rerum
2416 3840 2650 3912 omnium
2683 3855 2848 3894 amor.
2890 3837 3000 3912 Age
3015 3837 3155 3912 jam,
3186 3837 3279 3894 has
3309 3841 3502 3897 iterum

1907 3907 2211 3976 colligentes
2241 3910 2296 3962 in
2347 3925 2540 3972 unum,
2597 3911 2832 3964 dicamus
2869 3907 3031 3964 unam
3069 3911 3347 3978 quamdam
3391 3929 3500 3967 esse

1905 3979 2287 4051 simplicemque
2313 3980 2550 4032 virtutem
2592 3981 2814 4048 seipsam
2845 3989 3124 4051 moventem
3156 3982 3227 4034 ad
3252 3982 3500 4051 uniﬁcam

1904 4050 2181 4123 quamdam
2211 4051 2628 4123 contntiationem
2656 4067 2722 4104 ex
2750 4054 2862 4123 ipso
2883 4050 3017 4123 bona
3044 4067 3207 4122 usque
3235 4053 3304 4104 ad
3331 4050 3502 4107 extre-

1906 4134 2049 4194 mum
2077 4120 2302 4194 universi
2329 4134 2347 4170 :
2369 4121 2432 4172 ab
2461 4135 2621 4194 eoque
2649 4120 2852 4174 rursum
2873 4120 3224 4194 deinceps‘per
3245 4125 3419 4176 omnia
3431 4124 3503 4178 ad

1905 4190 2074 4265 ipsum
2105 4189 2296 4265 bonum
2325 4205 2388 4265 ea:
2407 4190 2598 4260 seipsa,
2625 4201 2673 4246 et
2700 4208 2789 4262 per
2809 4209 2862 4246 se
2883 4233 2898 4257 ,
2925 4200 2989 4265 et
3031 4189 3085 4246 in
3127 4189 3297 4265 seipsa
3343 4204 3502 4248 semet

1904 4263 1959 4316 in
1983 4261 2236 4334 circulum
2283 4264 2663 4334 reflectentem,
2702 4261 2867 4334 atque
2919 4263 2973 4315 in
3017 4261 3244 4334 seipsam
3298 4281 3503 4334 semper

1904 4332 2084 4404 eodem
2115 4333 2269 4386 modo
2295 4332 2997 4404 glomeraittent.llactentts
3023 4332 3149 4399 ille;
3199 4349 3300 4390 nec
3349 4332 3498 4391 aliud

1905 4419 1971 4460 ex
2001 4403 2272 4458 universis
2297 4403 2415 4474 ejus
2447 4405 2666 4472 scriptis
2695 4403 2858 4478 (proh
2886 4404 3046 4459 dolor
3069 4405 3110 4528 ἓξ
3139 4415 3349 4472 exstat;
3399 4406 3497 4463 scd

1905 4477 2106 4528 aratias
2136 4474 2270 4528 Deo.
2296 4474 2439 4528 nuod
2472 4478 2666 4528 untzu'rs
2688 4477 2878 4528 saltem
2919 4475 3052 4528 tanti
3113 4475 3267 4528 conis
3307 4491 3497 4528 serva.

1903 4477 2106 4546 gratias
2136 4474 2270 4538 Deo,
2296 4474 2439 4543 quod
2472 4478 2666 4546 unguis
2688 4474 2878 4532 saltem
2919 4475 3052 4530 tanti
3093 4474 3267 4530 leonis
3307 4491 3497 4533 serva.

1905 4555 2122 4619 tusest,
2146 4556 2203 4600 ut
2227 4562 2292 4601 ex
2323 4562 2504 4616 ungue
2528 4550 2748 4619 leonem
2771 4561 3247 4619 cognosceremus.

1977 4617 2184 4689 Quibus
2211 4625 2393 4689 autem
2411 4617 2669 4686 gradibus
2689 4617 3085 4689 putas‘adtam
3129 4617 3364 4689 sublime
3415 4619 3499 4674 di-

1905 4688 2047 4743 vina:
2080 4687 2364 4757 theologia:
2395 4689 2665 4756 fastigium
2691 4687 2973 4746 ascendit?
2994 4690 3135 4744 Tres
3163 4688 3330 4744 refert
3370 4690 3498 4745 Dio-

1904 4761 2114 4831 nysius,
2137 4760 2860 4830 eosqueexcellentissimos,
2893 4760 3145 4816 videlicet
3161 4761 3302 4830 quod
3325 4762 3496 4818 multa

1904 4845 1934 4887 a
1967 4831 2170 4885 sanctis
2195 4833 2460 4899 apostolis
2490 4833 2728 4903 accepit;
2761 4831 2906 4903 quod
2938 4831 3206 4903 frequenti
3245 4833 3496 4888 assiduo-

1905 4917 2010 4976 que
2035 4916 2314 4976 sacrarum
2347 4906 2649 4976 litterarum
2699 4904 3205 4976 studio_incubuit.
3254 4912 3310 4976 et
3351 4905 3498 4976 quod

1905 4972 2102 5028 divinis
2141 4974 2566 5029 revelationibus
2603 4987 2855 5028 assuetus
2898 4973 3209 5030 immediate
3257 4972 3496 5031 divinam

1902 5045 2188 5117 veritatem
2217 5043 2507 5117 docentem
2537 5047 2762 5117 audivit.
2791 5045 2923 5117 ch
2943 5047 3167 5117 inclytus
3210 5057 3498 5117 prwceplor

1902 5063 2188 5100 veritatem
2217 5063 2507 5101 docentem
2537 5063 2762 5100 auatvn.
2791 5063 2923 5100 "(ec
2943 5063 3167 5117 inclytus
3248 5063 3498 5116 raeeeptor

1901 5128 2082 5171 noster
2107 5115 2201 5186 (ait
2227 5115 2514 5188 Dionysius
2535 5132 2653 5186 cap.
2680 5116 2746 5188 ι.)
2773 5118 2824 5170 in
2845 5115 3170 5188 Theologicis
3192 5063 3499 5186 Elementt's,

1901 5203 2066 5260 supra
2091 5194 2295 5260 natura:
2318 5187 2531 5241 modum
2558 5189 2864 5260 mirabiliter
2903 5187 3172 5260 celebravit
3188 5229 3204 5254 ,
3228 5205 3342 5256 qua:
3385 5191 3499 5260 ipsc

1901 5257 2043 5333 uela
2075 5257 2324 5333 theologis
2362 5260 2551 5333 sanctis
2583 5259 2714 5326 (hoc
2736 5259 3155 5333 est,_aposto_lis)
3176 5257 3500 5333 accepit,'vel

1903 5330 2190 5404 artiﬁciosa
2211 5329 2482 5404 sacrarum
2509 5329 2795 5404 litterarum
2843 5330 3178 5404 indaga_t_ione
3206 5329 3498 5404 perspexit,

1903 5401 2161 5472 frequenti
2190 5400 2330 5472 circa
2357 5399 2480 5454 illas
2511 5402 2898 5465 exercitatione,
2926 5399 3498 5471 studioque'diuinrno;

1903 5471 2158 5543 ueletiam
2186 5471 2438 5524 diviniore
2462 5472 2688 5542 quadam
2714 5472 3053 5540 inspiratione
3098 5475 3324 5543 percepit
3349 5517 3365 5542 ,
3391 5491 3496 5527 non

1903 5544 2071 5600 solum
2088 5540 2289 5615 discens
2311 5540 2482 5595 divina
2504 5585 2520 5610 ,
2544 5543 2634 5596 sed
2663 5543 2884 5615 patiens,
2916 5554 3070 5612 atque
3089 5540 3151 5615 ea:
3169 5540 3389 5613 quadarn
3429 5545 3500 5598 ad

1907 5615 2003 5670 illa
2029 5614 2386 5684 compassione
2415 5615 2480 5685 (si
2510 5613 2671 5670 modo
2699 5616 2774 5669 ita
2805 5615 2946 5687 loqui
2977 5613 3218 5687 licet)_ad
3245 5615 3498 5687 indocibi-

1911 5689 2012 5742 lem
2043 5693 2393 5756 secretamque
2418 5685 2905 5753 communionem,
2954 5702 3014 5740 ac
3060 5685 3232 5756 ﬁdem
3277 5685 3498 5756 denique

1910 5754 2320 5815 consummatus.
2356 5757 2625 5812 Hactenus
2653 5760 2723 5814 de
2759 5759 3007 5813 doctrina
3030 5754 3329 5810 Hierothei.

1986 5828 2141 5904 Quod
2169 5826 2234 5883 ad
2281 5828 2564 5894 historiam
2601 5830 2724 5887 vita:
2761 5831 2882 5904 ejus
2920 5833 3162 5904 spectat,
3217 5827 3506 5884 communi
