  <div class='ocr_page' id='page_1' title='image "/cluster/home/n/w/nwhite01/storage/ocr_20150623/31/uva.x000826569/148.png"; bbox 0 0 3976 6290; ppageno 0'>
   <div class='ocr_carea' id='block_1_1' title="bbox 131 275 240 336">
    <p class='ocr_par' dir='ltr' id='par_1_1' title="bbox 131 275 240 336">
     <span class='ocr_line' id='line_1_1' title="bbox 131 275 240 336; baseline -0.009 0"><span class='ocrx_word' id='word_1_1' title='bbox 131 275 240 336; x_wconf 66' lang='grc'><strong>281</strong></span> 
     </span>
    </p>
   </div>
   <div class='ocr_carea' id='block_1_2' title="bbox 1199 267 2401 330">
    <p class='ocr_par' dir='ltr' id='par_1_2' title="bbox 1199 267 2401 330">
     <span class='ocr_line' id='line_1_2' title="bbox 1199 267 2401 330; baseline -0.002 -2"><span class='ocrx_word' id='word_1_2' title='bbox 1199 270 1430 328; x_wconf 62' lang='grc' dir='ltr'>ιἰιιγιι</span> <span class='ocrx_word' id='word_1_3' title='bbox 1469 271 1649 329; x_wconf 89' lang='lat' dir='ltr'><strong>LUCll</strong></span> <span class='ocrx_word' id='word_1_4' title='bbox 1688 271 1948 330; x_wconf 72' lang='lat' dir='ltr'><strong>DEXTRI</strong></span> <span class='ocrx_word' id='word_1_5' title='bbox 1987 267 2401 328; x_wconf 74' lang='lat' dir='ltr'><strong>CHRONICON.</strong></span> 
     </span>
    </p>
   </div>
   <div class='ocr_carea' id='block_1_3' title="bbox 140 383 2694 456">
    <p class='ocr_par' dir='ltr' id='par_1_3' title="bbox 140 383 2694 456">
     <span class='ocr_line' id='line_1_3' title="bbox 140 383 2694 456; baseline -0.003 -8"><span class='ocrx_word' id='word_1_6' title='bbox 140 387 207 448; x_wconf 86' lang='grc' dir='ltr'><strong>Δ.</strong></span> <span class='ocrx_word' id='word_1_7' title='bbox 239 384 304 445; x_wconf 88' lang='lat' dir='ltr'><strong>C.</strong></span> <span class='ocrx_word' id='word_1_8' title='bbox 340 383 478 444; x_wconf 86' lang='grc'><strong>100.</strong></span> <span class='ocrx_word' id='word_1_9' title='bbox 506 383 699 443; x_wconf 78' lang='lat' dir='ltr'><strong>Flavia</strong></span> <span class='ocrx_word' id='word_1_10' title='bbox 726 383 1000 440; x_wconf 87' lang='lat' dir='ltr'><strong>Domitilla</strong></span> <span class='ocrx_word' id='word_1_11' title='bbox 1025 383 1222 442; x_wconf 76' lang='lat' dir='ltr'><strong>Sabina</strong></span> <span class='ocrx_word' id='word_1_12' title='bbox 1253 400 1390 441; x_wconf 84' lang='lat' dir='ltr'><strong>uxor</strong></span> <span class='ocrx_word' id='word_1_13' title='bbox 1416 383 1500 440; x_wconf 86' lang='lat' dir='ltr'><strong>Fl.</strong></span> <span class='ocrx_word' id='word_1_14' title='bbox 1524 385 1821 444; x_wconf 80' lang='lat' dir='ltr'><strong>Clementis</strong></span> <span class='ocrx_word' id='word_1_15' title='bbox 1853 386 2092 444; x_wconf 76' lang='lat' dir='ltr'><strong>consulis</strong></span> <span class='ocrx_word' id='word_1_16' title='bbox 2117 403 2216 456; x_wconf 92' lang='lat' dir='ltr'><strong>pro</strong></span> <span class='ocrx_word' id='word_1_17' title='bbox 2244 384 2349 440; x_wconf 91' lang='lat' dir='ltr'><strong>ﬁde</strong></span> <span class='ocrx_word' id='word_1_18' title='bbox 2379 383 2559 441; x_wconf 89' lang='lat' dir='ltr'><strong>occisa</strong></span> <span class='ocrx_word' id='word_1_19' title='bbox 2591 393 2694 443; x_wconf 90' lang='lat' dir='ltr'><strong>est.</strong></span> 
     </span>
    </p>
   </div>
   <div class='ocr_carea' id='block_1_4' title="bbox 3348 265 3460 324">
    <p class='ocr_par' dir='ltr' id='par_1_4' title="bbox 3348 265 3460 324">
     <span class='ocr_line' id='line_1_4' title="bbox 3348 265 3460 324; baseline 0.018 -2"><span class='ocrx_word' id='word_1_20' title='bbox 3348 265 3460 324; x_wconf 73' lang='lat'><strong>282</strong></span> 
     </span>
    </p>
   </div>
   <div class='ocr_carea' id='block_1_5' title="bbox 3143 379 3465 440">
    <p class='ocr_par' dir='ltr' id='par_1_5' title="bbox 3143 379 3465 440">
     <span class='ocr_line' id='line_1_5' title="bbox 3143 379 3465 440; baseline -0.003 -1"><span class='ocrx_word' id='word_1_21' title='bbox 3143 384 3211 439; x_wconf 76' lang='grc' dir='ltr'><strong>Α.</strong></span> <span class='ocrx_word' id='word_1_22' title='bbox 3235 379 3303 438; x_wconf 78' lang='lat' dir='ltr'><strong>R.</strong></span> <span class='ocrx_word' id='word_1_23' title='bbox 3335 382 3465 440; x_wconf 86' lang='grc'><strong>851.</strong></span> 
     </span>
    </p>
   </div>
   <div class='ocr_carea' id='block_1_6' title="bbox 517 477 3108 554">
    <p class='ocr_par' dir='ltr' id='par_1_6' title="bbox 517 477 3108 554">
     <span class='ocr_line' id='line_1_6' title="bbox 517 477 3108 554; baseline 0 -20"><span class='ocrx_word' id='word_1_24' title='bbox 517 477 844 534; x_wconf 75' lang='lat' dir='ltr'><strong>Mirabiliter</strong></span> <span class='ocrx_word' id='word_1_25' title='bbox 873 477 1009 534; x_wconf 88' lang='lat' dir='ltr'><strong>ﬁdes</strong></span> <span class='ocrx_word' id='word_1_26' title='bbox 1029 477 1226 534; x_wconf 90' lang='lat' dir='ltr'><strong>Christi</strong></span> <span class='ocrx_word' id='word_1_27' title='bbox 1259 493 1355 548; x_wconf 89' lang='lat' dir='ltr'><strong>per</strong></span> <span class='ocrx_word' id='word_1_28' title='bbox 1384 487 1525 534; x_wconf 87' lang='lat' dir='ltr'><strong>totas</strong></span> <span class='ocrx_word' id='word_1_29' title='bbox 1549 479 1837 554; x_wconf 77' lang='lat' dir='ltr'><strong>Hispanias</strong></span> <span class='ocrx_word' id='word_1_30' title='bbox 1857 481 2153 538; x_wconf 75' lang='lat' dir='ltr'><strong>dilatatur:</strong></span> <span class='ocrx_word' id='word_1_31' title='bbox 2186 481 2382 536; x_wconf 93' lang='lat' dir='ltr'><strong>crescit</strong></span> <span class='ocrx_word' id='word_1_32' title='bbox 2411 495 2673 536; x_wconf 90' lang='lat' dir='ltr'><strong>numerus</strong></span> <span class='ocrx_word' id='word_1_33' title='bbox 2702 479 2964 547; x_wconf 90' lang='lat' dir='ltr'><strong>ﬁdelium,</strong></span> <span class='ocrx_word' id='word_1_34' title='bbox 3007 489 3108 534; x_wconf 84' lang='lat' dir='ltr'><strong>nec</strong></span> 
     </span>
    </p>
   </div>
   <div class='ocr_carea' id='block_1_7' title="bbox 537 569 1569 640">
    <p class='ocr_par' dir='ltr' id='par_1_7' title="bbox 537 569 1569 640">
     <span class='ocr_line' id='line_1_7' title="bbox 537 569 1569 640; baseline 0.004 -17"><span class='ocrx_word' id='word_1_35' title='bbox 537 569 966 640; x_wconf 66' lang='lat' dir='ltr'><strong>persecutionis</strong></span> <span class='ocrx_word' id='word_1_36' title='bbox 988 569 1198 640; x_wconf 83' lang='lat' dir='ltr'><strong>gladius</strong></span> <span class='ocrx_word' id='word_1_37' title='bbox 1229 569 1569 627; x_wconf 83' lang='lat' dir='ltr'><strong>debilitatur.</strong></span> 
     </span>
    </p>
   </div>
   <div class='ocr_carea' id='block_1_8' title="bbox 504 655 3106 733">
    <p class='ocr_par' dir='ltr' id='par_1_8' title="bbox 504 655 3106 733">
     <span class='ocr_line' id='line_1_8' title="bbox 504 655 3106 733; baseline 0 -14"><span class='ocrx_word' id='word_1_38' title='bbox 504 661 805 720; x_wconf 85' lang='lat' dir='ltr'><strong>Olcadibus</strong></span> <span class='ocrx_word' id='word_1_39' title='bbox 839 665 892 718; x_wconf 88' lang='lat' dir='ltr'><strong>in</strong></span> <span class='ocrx_word' id='word_1_40' title='bbox 919 661 1241 732; x_wconf 83' lang='lat' dir='ltr'><strong>Carpetania</strong></span> <span class='ocrx_word' id='word_1_41' title='bbox 1273 662 1547 733; x_wconf 68' lang='lat' dir='ltr'><strong>Hispania:</strong></span> <span class='ocrx_word' id='word_1_42' title='bbox 1579 657 2027 724; x_wconf 84' lang='lat' dir='ltr'><strong>Tarraconensis,</strong></span> <span class='ocrx_word' id='word_1_43' title='bbox 2059 655 2155 712; x_wconf 90' lang='lat' dir='ltr'><strong>sed</strong></span> <span class='ocrx_word' id='word_1_44' title='bbox 2189 671 2293 711; x_wconf 79' lang='lat' dir='ltr'><strong>non</strong></span> <span class='ocrx_word' id='word_1_45' title='bbox 2333 659 2520 728; x_wconf 88' lang='lat' dir='ltr'><strong>procul</strong></span> <span class='ocrx_word' id='word_1_46' title='bbox 2563 657 2890 733; x_wconf 78' lang='lat' dir='ltr'><strong>Valentiam,</strong></span> <span class='ocrx_word' id='word_1_47' title='bbox 2926 674 3106 720; x_wconf 89' lang='lat' dir='ltr'><strong>trans-</strong></span> 
     </span>
    </p>
   </div>
   <div class='ocr_carea' id='block_1_9' title="bbox 584 749 3100 828">
    <p class='ocr_par' dir='ltr' id='par_1_9' title="bbox 584 749 3100 828">
     <span class='ocr_line' id='line_1_9' title="bbox 584 749 3100 828; baseline -0.002 -16"><span class='ocrx_word' id='word_1_48' title='bbox 584 757 678 812; x_wconf 86' lang='lat' dir='ltr'><strong>lati</strong></span> <span class='ocrx_word' id='word_1_49' title='bbox 701 764 827 810; x_wconf 90' lang='lat' dir='ltr'><strong>sunt</strong></span> <span class='ocrx_word' id='word_1_50' title='bbox 853 755 936 828; x_wconf 87' lang='lat' dir='ltr'><strong>(ut</strong></span> <span class='ocrx_word' id='word_1_51' title='bbox 969 755 1190 827; x_wconf 90' lang='lat' dir='ltr'><strong>quidam</strong></span> <span class='ocrx_word' id='word_1_52' title='bbox 1218 755 1430 826; x_wconf 85' lang='lat' dir='ltr'><strong>volunt)</strong></span> <span class='ocrx_word' id='word_1_53' title='bbox 1459 762 1515 811; x_wconf 91' lang='lat' dir='ltr'><strong>et</strong></span> <span class='ocrx_word' id='word_1_54' title='bbox 1541 753 1743 808; x_wconf 87' lang='lat' dir='ltr'><strong>ibidem</strong></span> <span class='ocrx_word' id='word_1_55' title='bbox 1775 750 1939 822; x_wconf 85' lang='lat' dir='ltr'><strong>passi,</strong></span> <span class='ocrx_word' id='word_1_56' title='bbox 1973 749 2280 805; x_wconf 80' lang='lat' dir='ltr'><strong>Alexander</strong></span> <span class='ocrx_word' id='word_1_57' title='bbox 2311 749 2470 805; x_wconf 88' lang='lat' dir='ltr'><strong>miles</strong></span> <span class='ocrx_word' id='word_1_58' title='bbox 2514 761 2570 806; x_wconf 90' lang='lat' dir='ltr'><strong>et</strong></span> <span class='ocrx_word' id='word_1_59' title='bbox 2609 754 2881 809; x_wconf 80' lang='lat' dir='ltr'><strong>Antonioa</strong></span> <span class='ocrx_word' id='word_1_60' title='bbox 2927 759 3100 827; x_wconf 81' lang='lat' dir='ltr'><strong>virgo,</strong></span> 
     </span>
    </p>
   </div>
   <div class='ocr_carea' id='block_1_10' title="bbox 582 841 3100 920">
    <p class='ocr_par' dir='ltr' id='par_1_10' title="bbox 582 841 3100 920">
     <span class='ocr_line' id='line_1_10' title="bbox 582 841 3100 920; baseline 0 -17"><span class='ocrx_word' id='word_1_61' title='bbox 582 863 641 903; x_wconf 92' lang='grc' dir='ltr'><strong>ιιι</strong></span> <span class='ocrx_word' id='word_1_62' title='bbox 673 847 794 902; x_wconf 87' lang='lat' dir='ltr'><strong>idus</strong></span> <span class='ocrx_word' id='word_1_63' title='bbox 823 847 1049 918; x_wconf 82' lang='lat' dir='ltr'><strong>Aprilis,</strong></span> <span class='ocrx_word' id='word_1_64' title='bbox 1079 847 1169 916; x_wconf 91' lang='lat' dir='ltr'><strong>qui</strong></span> <span class='ocrx_word' id='word_1_65' title='bbox 1199 847 1266 903; x_wconf 90' lang='lat' dir='ltr'><strong>de</strong></span> <span class='ocrx_word' id='word_1_66' title='bbox 1295 844 1768 915; x_wconf 81' lang='lat' dir='ltr'><strong>ConstantinOpoli</strong></span> <span class='ocrx_word' id='word_1_67' title='bbox 1800 843 1903 898; x_wconf 87' lang='lat' dir='ltr'><strong>huc</strong></span> <span class='ocrx_word' id='word_1_68' title='bbox 1923 851 2221 908; x_wconf 74' lang='lat' dir='ltr'><strong>venerant,</strong></span> <span class='ocrx_word' id='word_1_69' title='bbox 2244 851 2300 897; x_wconf 91' lang='lat' dir='ltr'><strong>et</strong></span> <span class='ocrx_word' id='word_1_70' title='bbox 2327 841 2583 899; x_wconf 89' lang='lat' dir='ltr'><strong>coluntur</strong></span> <span class='ocrx_word' id='word_1_71' title='bbox 2603 845 3100 920; x_wconf 87' lang='lat' dir='ltr'><strong>Constantinopoli,</strong></span> 
     </span>
    </p>
   </div>
   <div class='ocr_carea' id='block_1_11' title="bbox 585 936 3107 1011">
    <p class='ocr_par' dir='ltr' id='par_1_11' title="bbox 585 936 3107 1011">
     <span class='ocr_line' id='line_1_11' title="bbox 585 936 3107 1011; baseline 0 -15"><span class='ocrx_word' id='word_1_72' title='bbox 585 952 644 996; x_wconf 91' lang='lat' dir='ltr'><strong>ut</strong></span> <span class='ocrx_word' id='word_1_73' title='bbox 671 941 840 1008; x_wconf 84' lang='lat' dir='ltr'><strong>cives,</strong></span> <span class='ocrx_word' id='word_1_74' title='bbox 874 941 1001 997; x_wconf 87' lang='lat' dir='ltr'><strong>licet</strong></span> <span class='ocrx_word' id='word_1_75' title='bbox 1038 940 1168 995; x_wconf 88' lang='lat' dir='ltr'><strong>alibi</strong></span> <span class='ocrx_word' id='word_1_76' title='bbox 1201 939 1347 1011; x_wconf 83' lang='lat' dir='ltr'><strong>passi</strong></span> <span class='ocrx_word' id='word_1_77' title='bbox 1385 941 1496 996; x_wconf 88' lang='lat' dir='ltr'><strong>sint</strong></span> <span class='ocrx_word' id='word_1_78' title='bbox 1525 939 1738 995; x_wconf 87' lang='lat' dir='ltr'><strong>illustre</strong></span> <span class='ocrx_word' id='word_1_79' title='bbox 1773 936 2128 1008; x_wconf 84' lang='lat' dir='ltr'><strong>martyrium;</strong></span> <span class='ocrx_word' id='word_1_80' title='bbox 2158 950 2394 1008; x_wconf 88' lang='lat' dir='ltr'><strong>quorum</strong></span> <span class='ocrx_word' id='word_1_81' title='bbox 2419 943 2542 993; x_wconf 90' lang='lat' dir='ltr'><strong>acta</strong></span> <span class='ocrx_word' id='word_1_82' title='bbox 2579 939 2781 1009; x_wconf 90' lang='lat' dir='ltr'><strong>passim</strong></span> <span class='ocrx_word' id='word_1_83' title='bbox 2815 939 3107 1010; x_wconf 87' lang='lat' dir='ltr'><strong>habentur,</strong></span> 
     </span>
    </p>
   </div>
   <div class='ocr_carea' id='block_1_12' title="bbox 582 1032 1203 1107">
    <p class='ocr_par' dir='ltr' id='par_1_12' title="bbox 582 1032 1203 1107">
     <span class='ocr_line' id='line_1_12' title="bbox 582 1032 1203 1107; baseline -0.005 -16"><span class='ocrx_word' id='word_1_84' title='bbox 582 1043 642 1091; x_wconf 89' lang='lat' dir='ltr'><strong>ut</strong></span> <span class='ocrx_word' id='word_1_85' title='bbox 669 1035 883 1107; x_wconf 89' lang='lat' dir='ltr'><strong>publica</strong></span> <span class='ocrx_word' id='word_1_86' title='bbox 908 1032 1016 1091; x_wconf 89' lang='lat' dir='ltr'><strong>ﬁde</strong></span> <span class='ocrx_word' id='word_1_87' title='bbox 1045 1035 1203 1091; x_wconf 73' lang='lat' dir='ltr'><strong>facta.</strong></span> 
     </span>
    </p>
   </div>
   <div class='ocr_carea' id='block_1_13' title="bbox 1376 1167 2240 1229">
    <p class='ocr_par' dir='ltr' id='par_1_13' title="bbox 1376 1167 2240 1229">
     <span class='ocr_line' id='line_1_13' title="bbox 1376 1167 2240 1229; baseline -0.005 -1"><span class='ocrx_word' id='word_1_88' title='bbox 1376 1169 1633 1229; x_wconf 80' lang='lat' dir='ltr'><strong>BlVARll</strong></span> <span class='ocrx_word' id='word_1_89' title='bbox 1672 1167 2240 1228; x_wconf 77' lang='lat' dir='ltr'><strong>COMMENTARIUS.</strong></span> 
     </span>
    </p>
   </div>
   <div class='ocr_carea' id='block_1_14' title="bbox 149 1315 3459 1393">
    <p class='ocr_par' dir='ltr' id='par_1_14' title="bbox 149 1315 3459 1393">
     <span class='ocr_line' id='line_1_14' title="bbox 149 1315 3459 1393; baseline 0.003 -23"><span class='ocrx_word' id='word_1_90' title='bbox 149 1317 291 1393; x_wconf 83' lang='lat' dir='ltr'><strong>theus</strong></span> <span class='ocrx_word' id='word_1_91' title='bbox 332 1316 420 1393; x_wconf 64' lang='lat' dir='ltr'><strong>cui</strong></span> <span class='ocrx_word' id='word_1_92' title='bbox 456 1315 690 1393; x_wconf 78' lang='lat' dir='ltr'><strong>epistola</strong></span> <span class='ocrx_word' id='word_1_93' title='bbox 717 1317 827 1372; x_wconf 75' lang='lat' dir='ltr'><strong>hcc</strong></span> <span class='ocrx_word' id='word_1_94' title='bbox 856 1327 932 1393; x_wconf 51' lang='lat' dir='ltr'><strong>est</strong></span> <span class='ocrx_word' id='word_1_95' title='bbox 954 1318 1150 1393; x_wconf 77' lang='lat' dir='ltr'><strong>scripta</strong></span> <span class='ocrx_word' id='word_1_96' title='bbox 1167 1319 1280 1393; x_wconf 82' lang='lat' dir='ltr'><strong>jam</strong></span> <span class='ocrx_word' id='word_1_97' title='bbox 1305 1319 1368 1393; x_wconf 85' lang='lat' dir='ltr'><strong>in</strong></span> <span class='ocrx_word' id='word_1_98' title='bbox 1389 1319 1517 1393; x_wconf 67' lang='lat' dir='ltr'><strong>vivis</strong></span> <span class='ocrx_word' id='word_1_99' title='bbox 1539 1335 1664 1393; x_wconf 67' lang='lat' dir='ltr'><strong>esse</strong></span> <span class='ocrx_word' id='word_1_100' title='bbox 1684 1319 1765 1393; x_wconf 75' lang='lat' dir='ltr'><strong>de-</strong></span> <span class='ocrx_word' id='word_1_101' title='bbox 1795 1319 1840 1380; x_wconf 85' lang='grc' dir='ltr'><strong>Α</strong></span> <span class='ocrx_word' id='word_1_102' title='bbox 1869 1317 2103 1388; x_wconf 78' lang='lat' dir='ltr'><strong>egimus,</strong></span> <span class='ocrx_word' id='word_1_103' title='bbox 2129 1317 2272 1393; x_wconf 70' lang='lat' dir='ltr'><strong>satis</strong></span> <span class='ocrx_word' id='word_1_104' title='bbox 2308 1331 2580 1393; x_wconf 50' lang='lat' dir='ltr'><strong>superque</strong></span> <span class='ocrx_word' id='word_1_105' title='bbox 2609 1317 2678 1374; x_wconf 91' lang='lat' dir='ltr'><strong>de</strong></span> <span class='ocrx_word' id='word_1_106' title='bbox 2708 1319 2830 1375; x_wconf 90' lang='lat' dir='ltr'><strong>ﬁdei</strong></span> <span class='ocrx_word' id='word_1_107' title='bbox 2857 1320 3176 1378; x_wconf 85' lang='lat' dir='ltr'><strong>dilatatione</strong></span> <span class='ocrx_word' id='word_1_108' title='bbox 3207 1338 3302 1393; x_wconf 88' lang='lat' dir='ltr'><strong>per</strong></span> <span class='ocrx_word' id='word_1_109' title='bbox 3334 1323 3459 1380; x_wconf 59' lang='lat' dir='ltr'><strong>llis-</strong></span> 
     </span>
    </p>
   </div>
   <div class='ocr_carea' id='block_1_15' title="bbox 151 1387 1766 1460">
    <p class='ocr_par' dir='ltr' id='par_1_15' title="bbox 151 1387 1766 1460">
     <span class='ocr_line' id='line_1_15' title="bbox 151 1387 1766 1460; baseline 0.003 -20"><span class='ocrx_word' id='word_1_110' title='bbox 151 1390 325 1442; x_wconf 84' lang='lat' dir='ltr'><strong>sierat.</strong></span> <span class='ocrx_word' id='word_1_111' title='bbox 348 1387 510 1442; x_wconf 87' lang='lat' dir='ltr'><strong>Haud</strong></span> <span class='ocrx_word' id='word_1_112' title='bbox 533 1387 759 1442; x_wconf 90' lang='lat' dir='ltr'><strong>dubium</strong></span> <span class='ocrx_word' id='word_1_113' title='bbox 782 1390 910 1458; x_wconf 90' lang='lat' dir='ltr'><strong>quin</strong></span> <span class='ocrx_word' id='word_1_114' title='bbox 935 1387 1204 1458; x_wconf 76' lang='lat' dir='ltr'><strong>ejusmodi</strong></span> <span class='ocrx_word' id='word_1_115' title='bbox 1231 1390 1463 1460; x_wconf 86' lang='lat' dir='ltr'><strong>epistola</strong></span> <span class='ocrx_word' id='word_1_116' title='bbox 1491 1390 1608 1445; x_wconf 85' lang='lat' dir='ltr'><strong>Divi</strong></span> <span class='ocrx_word' id='word_1_117' title='bbox 1637 1390 1766 1445; x_wconf 89' lang='lat' dir='ltr'><strong>Dio-</strong></span> 
     </span>
    </p>
   </div>
   <div class='ocr_carea' id='block_1_16' title="bbox 153 1460 1761 1529">
    <p class='ocr_par' dir='ltr' id='par_1_16' title="bbox 153 1460 1761 1529">
     <span class='ocr_line' id='line_1_16' title="bbox 153 1460 1761 1529; baseline 0.002 -17"><span class='ocrx_word' id='word_1_118' title='bbox 153 1460 285 1529; x_wconf 85' lang='lat' dir='ltr'><strong>nysii</strong></span> <span class='ocrx_word' id='word_1_119' title='bbox 319 1467 474 1513; x_wconf 71' lang='lat' dir='ltr'><strong>esset</strong></span> <span class='ocrx_word' id='word_1_120' title='bbox 497 1501 514 1520; x_wconf 81' lang='lat'><strong>,</strong></span> <span class='ocrx_word' id='word_1_121' title='bbox 559 1472 686 1512; x_wconf 89' lang='lat' dir='ltr'><strong>nam</strong></span> <span class='ocrx_word' id='word_1_122' title='bbox 715 1461 836 1529; x_wconf 88' lang='lat' dir='ltr'><strong>quis</strong></span> <span class='ocrx_word' id='word_1_123' title='bbox 867 1461 1008 1514; x_wconf 88' lang='lat' dir='ltr'><strong>alter</strong></span> <span class='ocrx_word' id='word_1_124' title='bbox 1037 1461 1207 1514; x_wconf 87' lang='lat' dir='ltr'><strong>ﬁlium</strong></span> <span class='ocrx_word' id='word_1_125' title='bbox 1233 1470 1482 1516; x_wconf 78' lang='lat' dir='ltr'><strong>vocasset</strong></span> <span class='ocrx_word' id='word_1_126' title='bbox 1515 1461 1582 1515; x_wconf 86' lang='grc' dir='ltr'><strong>Μ.</strong></span> <span class='ocrx_word' id='word_1_127' title='bbox 1621 1460 1761 1515; x_wconf 84' lang='lat' dir='ltr'><strong>Mar-</strong></span> 
     </span>
    </p>
   </div>
   <div class='ocr_carea' id='block_1_17' title="bbox 150 1529 1761 1599">
    <p class='ocr_par' dir='ltr' id='par_1_17' title="bbox 150 1529 1761 1599">
     <span class='ocr_line' id='line_1_17' title="bbox 150 1529 1761 1599; baseline 0.003 -18"><span class='ocrx_word' id='word_1_128' title='bbox 150 1529 341 1582; x_wconf 86' lang='lat' dir='ltr'><strong>cellum</strong></span> <span class='ocrx_word' id='word_1_129' title='bbox 368 1529 392 1581; x_wconf 73' lang='lat'><strong><em>2</em></strong></span> <span class='ocrx_word' id='word_1_130' title='bbox 424 1529 541 1585; x_wconf 86' lang='lat' dir='ltr'><strong>Sed</strong></span> <span class='ocrx_word' id='word_1_131' title='bbox 577 1530 693 1584; x_wconf 81' lang='lat' dir='ltr'><strong>ba-c</strong></span> <span class='ocrx_word' id='word_1_132' title='bbox 736 1546 857 1584; x_wconf 89' lang='lat' dir='ltr'><strong>cum</strong></span> <span class='ocrx_word' id='word_1_133' title='bbox 898 1532 1084 1586; x_wconf 89' lang='lat' dir='ltr'><strong>multis</strong></span> <span class='ocrx_word' id='word_1_134' title='bbox 1127 1533 1370 1599; x_wconf 79' lang='lat' dir='ltr'><strong>ejusdem</strong></span> <span class='ocrx_word' id='word_1_135' title='bbox 1418 1533 1479 1586; x_wconf 91' lang='lat' dir='ltr'><strong>S.</strong></span> <span class='ocrx_word' id='word_1_136' title='bbox 1514 1532 1761 1586; x_wconf 87' lang='lat' dir='ltr'><strong>Doctoris</strong></span> 
     </span>
    </p>
   </div>
   <div class='ocr_carea' id='block_1_18' title="bbox 150 1601 1764 1670">
    <p class='ocr_par' dir='ltr' id='par_1_18' title="bbox 150 1601 1764 1670">
     <span class='ocr_line' id='line_1_18' title="bbox 150 1601 1764 1670; baseline 0.004 -20"><span class='ocrx_word' id='word_1_137' title='bbox 150 1601 410 1670; x_wconf 89' lang='lat' dir='ltr'><strong>operibus</strong></span> <span class='ocrx_word' id='word_1_138' title='bbox 455 1601 740 1670; x_wconf 88' lang='lat' dir='ltr'><strong>deperiit,</strong></span> <span class='ocrx_word' id='word_1_139' title='bbox 779 1602 1040 1657; x_wconf 76' lang='lat' dir='ltr'><strong>videlicet</strong></span> <span class='ocrx_word' id='word_1_140' title='bbox 1091 1618 1212 1659; x_wconf 91' lang='lat' dir='ltr'><strong>cum</strong></span> <span class='ocrx_word' id='word_1_141' title='bbox 1267 1603 1408 1658; x_wconf 92' lang='lat' dir='ltr'><strong>libro</strong></span> <span class='ocrx_word' id='word_1_142' title='bbox 1458 1603 1764 1656; x_wconf 73' lang='lat' dir='ltr'><strong>Divinarum</strong></span> 
     </span>
    </p>
   </div>
   <div class='ocr_carea' id='block_1_19' title="bbox 151 1671 1761 1741">
    <p class='ocr_par' dir='ltr' id='par_1_19' title="bbox 151 1671 1761 1741">
     <span class='ocr_line' id='line_1_19' title="bbox 151 1671 1761 1741; baseline 0.006 -22"><span class='ocrx_word' id='word_1_143' title='bbox 151 1671 488 1738; x_wconf 79' lang='lat' dir='ltr'><strong>hymnorum,</strong></span> <span class='ocrx_word' id='word_1_144' title='bbox 533 1672 690 1740; x_wconf 88' lang='lat' dir='ltr'><strong>cujus</strong></span> <span class='ocrx_word' id='word_1_145' title='bbox 741 1682 916 1727; x_wconf 79' lang='lat' dir='ltr'><strong>exstat</strong></span> <span class='ocrx_word' id='word_1_146' title='bbox 963 1675 1223 1741; x_wconf 82' lang='lat' dir='ltr'><strong>memoria</strong></span> <span class='ocrx_word' id='word_1_147' title='bbox 1254 1689 1304 1728; x_wconf 75' lang='grc' dir='ltr'><strong>ο.</strong></span> <span class='ocrx_word' id='word_1_148' title='bbox 1345 1676 1398 1736; x_wconf 89' lang='lat'><strong>7,</strong></span> <span class='ocrx_word' id='word_1_149' title='bbox 1434 1675 1501 1729; x_wconf 86' lang='lat' dir='ltr'><strong>de</strong></span> <span class='ocrx_word' id='word_1_150' title='bbox 1541 1674 1761 1730; x_wconf 70' lang='lat' dir='ltr'><strong>leesti</strong></span> 
     </span>
    </p>
   </div>
   <div class='ocr_carea' id='block_1_20' title="bbox 152 1741 1760 1818">
    <p class='ocr_par' dir='ltr' id='par_1_20' title="bbox 152 1741 1760 1818">
     <span class='ocr_line' id='line_1_20' title="bbox 152 1741 1760 1818; baseline 0.004 -26"><span class='ocrx_word' id='word_1_151' title='bbox 152 1741 410 1818; x_wconf 50' lang='lat' dir='ltr'><strong>literas-,5</strong></span> <span class='ocrx_word' id='word_1_152' title='bbox 430 1753 642 1818; x_wconf 81' lang='lat' dir='ltr'><strong>_et_cum</strong></span> <span class='ocrx_word' id='word_1_153' title='bbox 675 1743 812 1818; x_wconf 66' lang='lat' dir='ltr'><strong>libro</strong></span> <span class='ocrx_word' id='word_1_154' title='bbox 844 1745 906 1798; x_wconf 88' lang='lat' dir='ltr'><strong>de</strong></span> <span class='ocrx_word' id='word_1_155' title='bbox 929 1744 1231 1816; x_wconf 80' lang='lat' dir='ltr'><strong>Symbolica</strong></span> <span class='ocrx_word' id='word_1_156' title='bbox 1254 1745 1540 1818; x_wconf 74' lang='lat' dir='ltr'><strong>Theclogia</strong></span> <span class='ocrx_word' id='word_1_157' title='bbox 1574 1748 1760 1814; x_wconf 88' lang='lat' dir='ltr'><strong>citato,</strong></span> 
     </span>
    </p>
   </div>
   <div class='ocr_carea' id='block_1_21' title="bbox 159 1812 1758 1886">
    <p class='ocr_par' dir='ltr' id='par_1_21' title="bbox 159 1812 1758 1886">
     <span class='ocr_line' id='line_1_21' title="bbox 159 1812 1758 1886; baseline 0.006 -24"><span class='ocrx_word' id='word_1_158' title='bbox 159 1828 269 1878; x_wconf 89' lang='lat' dir='ltr'><strong>cap.</strong></span> <span class='ocrx_word' id='word_1_159' title='bbox 305 1812 370 1867; x_wconf 84' lang='grc'><strong>15</strong></span> <span class='ocrx_word' id='word_1_160' title='bbox 413 1813 721 1886; x_wconf 75' lang='lat' dir='ltr'><strong>deleest.</strong></span> <span class='ocrx_word' id='word_1_161' title='bbox 750 1812 991 1886; x_wconf 62' lang='lat' dir='ltr'><strong>Hieran,</strong></span> <span class='ocrx_word' id='word_1_162' title='bbox 1025 1828 1074 1869; x_wconf 92' lang='lat' dir='ltr'><strong>et</strong></span> <span class='ocrx_word' id='word_1_163' title='bbox 1104 1833 1226 1886; x_wconf 89' lang='lat' dir='ltr'><strong>cap.</strong></span> <span class='ocrx_word' id='word_1_164' title='bbox 1261 1817 1284 1870; x_wconf 96' lang='grc'><strong>1</strong></span> <span class='ocrx_word' id='word_1_165' title='bbox 1319 1828 1371 1871; x_wconf 90' lang='lat' dir='ltr'><strong>et</strong></span> <span class='ocrx_word' id='word_1_166' title='bbox 1404 1812 1473 1870; x_wconf 66' lang='lat'><strong>13</strong></span> <span class='ocrx_word' id='word_1_167' title='bbox 1492 1817 1559 1870; x_wconf 91' lang='lat' dir='ltr'><strong>de</strong></span> <span class='ocrx_word' id='word_1_168' title='bbox 1585 1812 1758 1872; x_wconf 76' lang='lat' dir='ltr'><strong>Divin.</strong></span> 
     </span>
    </p>
   </div>
   <div class='ocr_carea' id='block_1_22' title="bbox 153 1885 1762 1957">
    <p class='ocr_par' dir='ltr' id='par_1_22' title="bbox 153 1885 1762 1957">
     <span class='ocr_line' id='line_1_22' title="bbox 153 1885 1762 1957; baseline 0.004 -22"><span class='ocrx_word' id='word_1_169' title='bbox 153 1899 317 1957; x_wconf 48' lang='lat' dir='ltr'><strong>nom”</strong></span> <span class='ocrx_word' id='word_1_170' title='bbox 342 1894 412 1940; x_wconf 80' lang='lat' dir='ltr'><strong>et</strong></span> <span class='ocrx_word' id='word_1_171' title='bbox 441 1901 564 1953; x_wconf 87' lang='lat' dir='ltr'><strong>cap.</strong></span> <span class='ocrx_word' id='word_1_172' title='bbox 595 1885 630 1939; x_wconf 82' lang='grc'><strong>5</strong></span> <span class='ocrx_word' id='word_1_173' title='bbox 653 1885 967 1957; x_wconf 62' lang='lat' dir='ltr'><strong>dejdlystica</strong></span> <span class='ocrx_word' id='word_1_174' title='bbox 996 1885 1306 1957; x_wconf 77' lang='lat' dir='ltr'><strong>Theolbgia,</strong></span> <span class='ocrx_word' id='word_1_175' title='bbox 1332 1896 1388 1941; x_wconf 89' lang='lat' dir='ltr'><strong>et</strong></span> <span class='ocrx_word' id='word_1_176' title='bbox 1413 1888 1464 1941; x_wconf 93' lang='lat' dir='ltr'><strong>in</strong></span> <span class='ocrx_word' id='word_1_177' title='bbox 1495 1888 1664 1955; x_wconf 82' lang='lat' dir='ltr'><strong>Epist.</strong></span> <span class='ocrx_word' id='word_1_178' title='bbox 1694 1887 1762 1941; x_wconf 91' lang='lat' dir='ltr'><strong>ad</strong></span> 
     </span>
    </p>
   </div>
   <div class='ocr_carea' id='block_1_23' title="bbox 154 1955 1763 2025">
    <p class='ocr_par' dir='ltr' id='par_1_23' title="bbox 154 1955 1763 2025">
     <span class='ocr_line' id='line_1_23' title="bbox 154 1955 1763 2025; baseline 0.002 -18"><span class='ocrx_word' id='word_1_179' title='bbox 154 1955 352 2010; x_wconf 80' lang='lat' dir='ltr'><strong>Titum:</strong></span> <span class='ocrx_word' id='word_1_180' title='bbox 401 1965 456 2010; x_wconf 86' lang='lat' dir='ltr'><strong>et</strong></span> <span class='ocrx_word' id='word_1_181' title='bbox 490 1971 613 2010; x_wconf 86' lang='lat' dir='ltr'><strong>cum</strong></span> <span class='ocrx_word' id='word_1_182' title='bbox 651 1956 790 2011; x_wconf 88' lang='lat' dir='ltr'><strong>libro</strong></span> <span class='ocrx_word' id='word_1_183' title='bbox 819 1958 882 2009; x_wconf 83' lang='lat' dir='ltr'><strong>de</strong></span> <span class='ocrx_word' id='word_1_184' title='bbox 923 1955 1383 2025; x_wconf 79' lang='lat' dir='ltr'><strong>Intelligibilibus,</strong></span> <span class='ocrx_word' id='word_1_185' title='bbox 1412 1967 1458 2013; x_wconf 85' lang='lat' dir='ltr'><strong>et</strong></span> <span class='ocrx_word' id='word_1_186' title='bbox 1491 1959 1763 2014; x_wconf 74' lang='lat' dir='ltr'><strong>Sensibili-</strong></span> 
     </span>
    </p>
   </div>
   <div class='ocr_carea' id='block_1_24' title="bbox 158 2027 1760 2094">
    <p class='ocr_par' dir='ltr' id='par_1_24' title="bbox 158 2027 1760 2094">
     <span class='ocr_line' id='line_1_24' title="bbox 158 2027 1760 2094; baseline 0.004 -16"><span class='ocrx_word' id='word_1_187' title='bbox 158 2027 265 2093; x_wconf 85' lang='lat' dir='ltr'><strong>bus,</strong></span> <span class='ocrx_word' id='word_1_188' title='bbox 305 2028 483 2081; x_wconf 84' lang='lat' dir='ltr'><strong>citato</strong></span> <span class='ocrx_word' id='word_1_189' title='bbox 529 2028 580 2080; x_wconf 93' lang='lat' dir='ltr'><strong>in</strong></span> <span class='ocrx_word' id='word_1_190' title='bbox 629 2043 749 2094; x_wconf 85' lang='lat' dir='ltr'><strong>cap.</strong></span> <span class='ocrx_word' id='word_1_191' title='bbox 789 2028 813 2080; x_wconf 94' lang='grc'><strong>1</strong></span> <span class='ocrx_word' id='word_1_192' title='bbox 857 2040 910 2082; x_wconf 90' lang='lat' dir='ltr'><strong>et</strong></span> <span class='ocrx_word' id='word_1_193' title='bbox 953 2027 1227 2084; x_wconf 67' lang='lat' dir='ltr'><strong>QCtL-lest.</strong></span> <span class='ocrx_word' id='word_1_194' title='bbox 1267 2030 1518 2094; x_wconf 66' lang='lat' dir='ltr'><strong>Hieran;</strong></span> <span class='ocrx_word' id='word_1_195' title='bbox 1551 2041 1760 2085; x_wconf 88' lang='lat' dir='ltr'><strong>etcum</strong></span> 
     </span>
    </p>
   </div>
   <div class='ocr_carea' id='block_1_25' title="bbox 160 2097 1763 2170">
    <p class='ocr_par' dir='ltr' id='par_1_25' title="bbox 160 2097 1763 2170">
     <span class='ocr_line' id='line_1_25' title="bbox 160 2097 1763 2170; baseline 0.005 -22"><span class='ocrx_word' id='word_1_196' title='bbox 160 2098 290 2152; x_wconf 76' lang='lat' dir='ltr'><strong>libro</strong></span> <span class='ocrx_word' id='word_1_197' title='bbox 338 2100 416 2151; x_wconf 82' lang='lat' dir='ltr'><strong>de</strong></span> <span class='ocrx_word' id='word_1_198' title='bbox 463 2097 668 2170; x_wconf 79' lang='lat' dir='ltr'><strong>Legali,</strong></span> <span class='ocrx_word' id='word_1_199' title='bbox 702 2115 792 2151; x_wconf 82' lang='lat' dir='ltr'><strong>seu</strong></span> <span class='ocrx_word' id='word_1_200' title='bbox 835 2101 1146 2154; x_wconf 81' lang='lat' dir='ltr'><strong>sacerdotali</strong></span> <span class='ocrx_word' id='word_1_201' title='bbox 1189 2101 1501 2154; x_wconf 72' lang='lat' dir='ltr'><strong>llurarrhia</strong></span> <span class='ocrx_word' id='word_1_202' title='bbox 1527 2143 1542 2164; x_wconf 97' lang='lat'><strong>,</strong></span> <span class='ocrx_word' id='word_1_203' title='bbox 1595 2101 1763 2156; x_wconf 87' lang='lat' dir='ltr'><strong>citato</strong></span> 
     </span>
    </p>
   </div>
   <div class='ocr_carea' id='block_1_26' title="bbox 162 2169 1762 2244">
    <p class='ocr_par' dir='ltr' id='par_1_26' title="bbox 162 2169 1762 2244">
     <span class='ocr_line' id='line_1_26' title="bbox 162 2169 1762 2244; baseline 0.004 -25"><span class='ocrx_word' id='word_1_204' title='bbox 162 2183 269 2244; x_wconf 63' lang='lat' dir='ltr'><strong>cap.</strong></span> <span class='ocrx_word' id='word_1_205' title='bbox 299 2169 333 2224; x_wconf 80' lang='lat'><strong>&#39;5</strong></span> <span class='ocrx_word' id='word_1_206' title='bbox 367 2169 593 2224; x_wconf 82' lang='lat' dir='ltr'><strong>Eccles.</strong></span> <span class='ocrx_word' id='word_1_207' title='bbox 637 2171 846 2244; x_wconf 88' lang='lat' dir='ltr'><strong>llierar.</strong></span> <span class='ocrx_word' id='word_1_208' title='bbox 876 2187 890 2234; x_wconf 89' lang='lat'><strong>;</strong></span> <span class='ocrx_word' id='word_1_209' title='bbox 924 2183 975 2226; x_wconf 90' lang='lat' dir='ltr'><strong>et</strong></span> <span class='ocrx_word' id='word_1_210' title='bbox 1008 2187 1129 2226; x_wconf 92' lang='lat' dir='ltr'><strong>cum</strong></span> <span class='ocrx_word' id='word_1_211' title='bbox 1165 2173 1302 2244; x_wconf 82' lang='lat' dir='ltr'><strong>libro</strong></span> <span class='ocrx_word' id='word_1_212' title='bbox 1323 2172 1762 2244; x_wconf 58' lang='lat' dir='ltr'><strong>:I‘heologicarum</strong></span> 
     </span>
    </p>
   </div>
   <div class='ocr_carea' id='block_1_27' title="bbox 165 2238 1762 2312">
    <p class='ocr_par' dir='ltr' id='par_1_27' title="bbox 165 2238 1762 2312">
     <span class='ocr_line' id='line_1_27' title="bbox 165 2238 1762 2312; baseline 0.004 -20"><span class='ocrx_word' id='word_1_213' title='bbox 165 2238 572 2312; x_wconf 74' lang='lat' dir='ltr'><strong>Hypotyposeon</strong></span> <span class='ocrx_word' id='word_1_214' title='bbox 601 2281 614 2305; x_wconf 95' lang='lat'><strong>,</strong></span> <span class='ocrx_word' id='word_1_215' title='bbox 652 2243 828 2312; x_wconf 86' lang='lat' dir='ltr'><strong>relato</strong></span> <span class='ocrx_word' id='word_1_216' title='bbox 853 2257 974 2310; x_wconf 86' lang='lat' dir='ltr'><strong>cap.</strong></span> <span class='ocrx_word' id='word_1_217' title='bbox 1012 2244 1033 2296; x_wconf 91' lang='grc'><strong>1</strong></span> <span class='ocrx_word' id='word_1_218' title='bbox 1069 2253 1123 2297; x_wconf 90' lang='lat' dir='ltr'><strong>ct</strong></span> <span class='ocrx_word' id='word_1_219' title='bbox 1157 2243 1190 2294; x_wconf 74' lang='lat'><strong>‘2.</strong></span> <span class='ocrx_word' id='word_1_220' title='bbox 1221 2243 1290 2297; x_wconf 90' lang='lat' dir='ltr'><strong>de</strong></span> <span class='ocrx_word' id='word_1_221' title='bbox 1322 2243 1498 2297; x_wconf 82' lang='lat' dir='ltr'><strong>Diviu.</strong></span> <span class='ocrx_word' id='word_1_222' title='bbox 1527 2238 1676 2296; x_wconf 77' lang='lat' dir='ltr'><strong>nom.</strong></span> <span class='ocrx_word' id='word_1_223' title='bbox 1708 2252 1762 2298; x_wconf 86' lang='lat' dir='ltr'><strong>et</strong></span> 
     </span>
    </p>
   </div>
   <div class='ocr_carea' id='block_1_28' title="bbox 165 2311 1756 2382">
    <p class='ocr_par' dir='ltr' id='par_1_28' title="bbox 165 2311 1756 2382">
     <span class='ocr_line' id='line_1_28' title="bbox 165 2311 1756 2382; baseline 0.001 -18"><span class='ocrx_word' id='word_1_224' title='bbox 165 2326 272 2379; x_wconf 77' lang='lat' dir='ltr'><strong>cap.</strong></span> <span class='ocrx_word' id='word_1_225' title='bbox 315 2311 350 2366; x_wconf 75' lang='grc'><strong>’5</strong></span> <span class='ocrx_word' id='word_1_226' title='bbox 411 2311 653 2382; x_wconf 76' lang='lat' dir='ltr'><strong>Mysticze</strong></span> <span class='ocrx_word' id='word_1_227' title='bbox 701 2311 1005 2379; x_wconf 65' lang='lat' dir='ltr'><strong>&#39;lherloa.,</strong></span> <span class='ocrx_word' id='word_1_228' title='bbox 1050 2324 1258 2368; x_wconf 88' lang='lat' dir='ltr'><strong>etcum</strong></span> <span class='ocrx_word' id='word_1_229' title='bbox 1311 2315 1404 2367; x_wconf 89' lang='lat' dir='ltr'><strong>lib.</strong></span> <span class='ocrx_word' id='word_1_230' title='bbox 1440 2315 1504 2366; x_wconf 82' lang='lat' dir='ltr'><strong>de</strong></span> <span class='ocrx_word' id='word_1_231' title='bbox 1551 2313 1756 2379; x_wconf 82' lang='lat' dir='ltr'><strong>Anima,</strong></span> 
     </span>
    </p>
   </div>
   <div class='ocr_carea' id='block_1_29' title="bbox 165 2382 1762 2453">
    <p class='ocr_par' dir='ltr' id='par_1_29' title="bbox 165 2382 1762 2453">
     <span class='ocr_line' id='line_1_29' title="bbox 165 2382 1762 2453; baseline 0.004 -21"><span class='ocrx_word' id='word_1_232' title='bbox 165 2396 306 2448; x_wconf 89' lang='lat' dir='ltr'><strong>quem</strong></span> <span class='ocrx_word' id='word_1_233' title='bbox 324 2383 506 2438; x_wconf 76' lang='lat' dir='ltr'><strong>refert</strong></span> <span class='ocrx_word' id='word_1_234' title='bbox 522 2397 643 2453; x_wconf 82' lang='lat' dir='ltr'><strong>cap.</strong></span> <span class='ocrx_word' id='word_1_235' title='bbox 679 2382 713 2436; x_wconf 71' lang='grc'><strong>4</strong></span> <span class='ocrx_word' id='word_1_236' title='bbox 735 2383 804 2437; x_wconf 87' lang='lat' dir='ltr'><strong>de</strong></span> <span class='ocrx_word' id='word_1_237' title='bbox 831 2384 1004 2439; x_wconf 74' lang='lat' dir='ltr'><strong>Diviu.</strong></span> <span class='ocrx_word' id='word_1_238' title='bbox 1032 2400 1205 2449; x_wconf 83' lang='lat' dir='ltr'><strong>noni.,</strong></span> <span class='ocrx_word' id='word_1_239' title='bbox 1240 2395 1294 2439; x_wconf 92' lang='lat' dir='ltr'><strong>et</strong></span> <span class='ocrx_word' id='word_1_240' title='bbox 1319 2400 1442 2439; x_wconf 92' lang='lat' dir='ltr'><strong>cum</strong></span> <span class='ocrx_word' id='word_1_241' title='bbox 1471 2384 1563 2439; x_wconf 91' lang='lat' dir='ltr'><strong>lib.</strong></span> <span class='ocrx_word' id='word_1_242' title='bbox 1589 2389 1654 2438; x_wconf 86' lang='lat' dir='ltr'><strong>de</strong></span> <span class='ocrx_word' id='word_1_243' title='bbox 1679 2387 1762 2438; x_wconf 82' lang='lat' dir='ltr'><strong>di-</strong></span> 
     </span>
    </p>
   </div>
   <div class='ocr_carea' id='block_1_30' title="bbox 165 2453 1760 2524">
    <p class='ocr_par' dir='ltr' id='par_1_30' title="bbox 165 2453 1760 2524">
     <span class='ocr_line' id='line_1_30' title="bbox 165 2453 1760 2524; baseline 0.005 -22"><span class='ocrx_word' id='word_1_244' title='bbox 165 2453 534 2523; x_wconf 79' lang='lat' dir='ltr'><strong>rinojustoque</strong></span> <span class='ocrx_word' id='word_1_245' title='bbox 563 2453 810 2524; x_wconf 85' lang='lat' dir='ltr'><strong>judicio,</strong></span> <span class='ocrx_word' id='word_1_246' title='bbox 837 2471 901 2510; x_wconf 81' lang='lat' dir='ltr'><strong>ex</strong></span> <span class='ocrx_word' id='word_1_247' title='bbox 933 2455 1126 2510; x_wconf 88' lang='lat' dir='ltr'><strong>eodem</strong></span> <span class='ocrx_word' id='word_1_248' title='bbox 1160 2470 1209 2510; x_wconf 90' lang='lat' dir='ltr'><strong>c.</strong></span> <span class='ocrx_word' id='word_1_249' title='bbox 1239 2457 1294 2510; x_wconf 67' lang='grc'><strong>4.</strong></span> <span class='ocrx_word' id='word_1_250' title='bbox 1328 2455 1463 2523; x_wconf 83' lang='lat' dir='ltr'><strong>Quid</strong></span> <span class='ocrx_word' id='word_1_251' title='bbox 1492 2456 1685 2510; x_wconf 91' lang='lat' dir='ltr'><strong>tnirum</strong></span> <span class='ocrx_word' id='word_1_252' title='bbox 1714 2457 1760 2516; x_wconf 84' lang='lat' dir='ltr'><strong>si</strong></span> 
     </span>
    </p>
   </div>
   <div class='ocr_carea' id='block_1_31' title="bbox 165 2525 1757 2597">
    <p class='ocr_par' dir='ltr' id='par_1_31' title="bbox 165 2525 1757 2597">
     <span class='ocr_line' id='line_1_31' title="bbox 165 2525 1757 2597; baseline 0.003 -22"><span class='ocrx_word' id='word_1_253' title='bbox 165 2525 384 2597; x_wconf 79' lang='lat' dir='ltr'><strong>cpistola</strong></span> <span class='ocrx_word' id='word_1_254' title='bbox 414 2525 505 2579; x_wconf 88' lang='lat' dir='ltr'><strong>illa</strong></span> <span class='ocrx_word' id='word_1_255' title='bbox 535 2540 661 2579; x_wconf 91' lang='lat' dir='ltr'><strong>cum</strong></span> <span class='ocrx_word' id='word_1_256' title='bbox 697 2533 776 2578; x_wconf 89' lang='lat' dir='ltr'><strong>tot</strong></span> <span class='ocrx_word' id='word_1_257' title='bbox 816 2527 1084 2597; x_wconf 84' lang='lat' dir='ltr'><strong>tantisque</strong></span> <span class='ocrx_word' id='word_1_258' title='bbox 1113 2527 1383 2580; x_wconf 79' lang='lat' dir='ltr'><strong>mercibus</strong></span> <span class='ocrx_word' id='word_1_259' title='bbox 1421 2528 1757 2594; x_wconf 81' lang='lat' dir='ltr'><strong>naufragium</strong></span> 
     </span>
    </p>
   </div>
   <div class='ocr_carea' id='block_1_32' title="bbox 165 2591 1758 2668">
    <p class='ocr_par' dir='ltr' id='par_1_32' title="bbox 165 2591 1758 2668">
     <span class='ocr_line' id='line_1_32' title="bbox 165 2591 1758 2668; baseline 0.004 -22"><span class='ocrx_word' id='word_1_260' title='bbox 165 2591 378 2668; x_wconf 59' lang='lat' dir='ltr'><strong>iecerit?</strong></span> <span class='ocrx_word' id='word_1_261' title='bbox 426 2597 615 2668; x_wconf 65' lang='lat' dir='ltr'><strong>Exstat</strong></span> <span class='ocrx_word' id='word_1_262' title='bbox 670 2591 1020 2668; x_wconf 79' lang='lat' dir='ltr'><strong>nihilominus</strong></span> <span class='ocrx_word' id='word_1_263' title='bbox 1059 2598 1197 2651; x_wconf 73' lang='lat' dir='ltr'><strong>liber</strong></span> <span class='ocrx_word' id='word_1_264' title='bbox 1236 2598 1483 2666; x_wconf 87' lang='lat' dir='ltr'><strong>ejusdem</strong></span> <span class='ocrx_word' id='word_1_265' title='bbox 1517 2591 1758 2668; x_wconf 76' lang='lat' dir='ltr'><strong>Dionysii</strong></span> 
     </span>
    </p>
   </div>
   <div class='ocr_carea' id='block_1_33' title="bbox 165 2665 1754 2736">
    <p class='ocr_par' dir='ltr' id='par_1_33' title="bbox 165 2665 1754 2736">
     <span class='ocr_line' id='line_1_33' title="bbox 165 2665 1754 2736; baseline 0.006 -20"><span class='ocrx_word' id='word_1_266' title='bbox 165 2665 226 2718; x_wconf 90' lang='lat' dir='ltr'><strong>de</strong></span> <span class='ocrx_word' id='word_1_267' title='bbox 265 2668 525 2734; x_wconf 87' lang='lat' dir='ltr'><strong>passione</strong></span> <span class='ocrx_word' id='word_1_268' title='bbox 562 2667 627 2721; x_wconf 88' lang='grc' dir='ltr'><strong>Β.</strong></span> <span class='ocrx_word' id='word_1_269' title='bbox 681 2667 927 2736; x_wconf 84' lang='lat' dir='ltr'><strong>Eutropii</strong></span> <span class='ocrx_word' id='word_1_270' title='bbox 971 2669 1100 2723; x_wconf 81' lang='lat' dir='ltr'><strong>socii</strong></span> <span class='ocrx_word' id='word_1_271' title='bbox 1143 2665 1460 2735; x_wconf 23' lang='lat' dir='ltr'><strong>sui,’quem</strong></span> <span class='ocrx_word' id='word_1_272' title='bbox 1508 2665 1754 2726; x_wconf 50' lang='lat' dir='ltr'><strong>Calix&#39;tns</strong></span> 
     </span>
    </p>
   </div>
   <div class='ocr_carea' id='block_1_34' title="bbox 167 2737 1748 2808">
    <p class='ocr_par' dir='ltr' id='par_1_34' title="bbox 167 2737 1748 2808">
     <span class='ocr_line' id='line_1_34' title="bbox 167 2737 1748 2808; baseline 0.004 -21"><span class='ocrx_word' id='word_1_273' title='bbox 167 2749 291 2803; x_wconf 83' lang='lat' dir='ltr'><strong>papa</strong></span> <span class='ocrx_word' id='word_1_274' title='bbox 323 2738 371 2792; x_wconf 89' lang='grc' dir='ltr'><strong>ιι</strong></span> <span class='ocrx_word' id='word_1_275' title='bbox 412 2737 882 2806; x_wconf 83' lang='lat' dir='ltr'><strong>Constantinopoli</strong></span> <span class='ocrx_word' id='word_1_276' title='bbox 923 2739 1110 2795; x_wconf 61' lang='lat' dir='ltr'><strong>Graece</strong></span> <span class='ocrx_word' id='word_1_277' title='bbox 1151 2748 1437 2794; x_wconf 89' lang='lat' dir='ltr'><strong>sonantem</strong></span> <span class='ocrx_word' id='word_1_278' title='bbox 1471 2752 1748 2808; x_wconf 89' lang='lat' dir='ltr'><strong>repertum</strong></span> 
     </span>
    </p>
   </div>
   <div class='ocr_carea' id='block_1_35' title="bbox 163 2808 1749 2882">
    <p class='ocr_par' dir='ltr' id='par_1_35' title="bbox 163 2808 1749 2882">
     <span class='ocr_line' id='line_1_35' title="bbox 163 2808 1749 2882; baseline 0.003 -25"><span class='ocrx_word' id='word_1_279' title='bbox 163 2808 445 2882; x_wconf 54' lang='lat' dir='ltr'><strong>Latinitate</strong></span> <span class='ocrx_word' id='word_1_280' title='bbox 487 2809 730 2882; x_wconf 80' lang='lat' dir='ltr'><strong>donavit.</strong></span> <span class='ocrx_word' id='word_1_281' title='bbox 773 2810 966 2864; x_wconf 79' lang='lat' dir='ltr'><strong>Exstat</strong></span> <span class='ocrx_word' id='word_1_282' title='bbox 999 2826 1134 2864; x_wconf 80' lang='lat' dir='ltr'><strong>vero</strong></span> <span class='ocrx_word' id='word_1_283' title='bbox 1161 2812 1302 2882; x_wconf 87' lang='lat' dir='ltr'><strong>apud</strong></span> <span class='ocrx_word' id='word_1_284' title='bbox 1336 2810 1487 2882; x_wconf 67' lang='lat' dir='ltr'><strong>Viue.</strong></span> <span class='ocrx_word' id='word_1_285' title='bbox 1536 2811 1749 2865; x_wconf 75' lang='lat' dir='ltr'><strong>llelvac.</strong></span> 
     </span>
    </p>
   </div>
   <div class='ocr_carea' id='block_1_36' title="bbox 166 2878 1752 2950">
    <p class='ocr_par' dir='ltr' id='par_1_36' title="bbox 166 2878 1752 2950">
     <span class='ocr_line' id='line_1_36' title="bbox 166 2878 1752 2950; baseline 0.005 -22"><span class='ocrx_word' id='word_1_286' title='bbox 166 2878 217 2929; x_wconf 92' lang='lat' dir='ltr'><strong>in</strong></span> <span class='ocrx_word' id='word_1_287' title='bbox 255 2880 474 2945; x_wconf 82' lang='lat' dir='ltr'><strong>Specul.</strong></span> <span class='ocrx_word' id='word_1_288' title='bbox 524 2881 729 2950; x_wconf 81' lang='lat' dir='ltr'><strong>Hister.</strong></span> <span class='ocrx_word' id='word_1_289' title='bbox 774 2883 870 2934; x_wconf 89' lang='lat' dir='ltr'><strong>lib.</strong></span> <span class='ocrx_word' id='word_1_290' title='bbox 903 2898 955 2945; x_wconf 74' lang='grc' dir='ltr'><strong>κ,</strong></span> <span class='ocrx_word' id='word_1_291' title='bbox 995 2897 1094 2950; x_wconf 87' lang='lat' dir='ltr'><strong>cap</strong></span> <span class='ocrx_word' id='word_1_292' title='bbox 1124 2878 1212 2947; x_wconf 66' lang='lat'><strong>18,</strong></span> <span class='ocrx_word' id='word_1_293' title='bbox 1257 2882 1412 2936; x_wconf 88' lang='lat' dir='ltr'><strong>titulo</strong></span> <span class='ocrx_word' id='word_1_294' title='bbox 1459 2881 1535 2935; x_wconf 88' lang='lat' dir='ltr'><strong>De</strong></span> <span class='ocrx_word' id='word_1_295' title='bbox 1577 2882 1752 2936; x_wconf 80' lang='lat' dir='ltr'><strong>codice</strong></span> 
     </span>
    </p>
   </div>
   <div class='ocr_carea' id='block_1_37' title="bbox 166 2949 1748 3024">
    <p class='ocr_par' dir='ltr' id='par_1_37' title="bbox 166 2949 1748 3024">
     <span class='ocr_line' id='line_1_37' title="bbox 166 2949 1748 3024; baseline 0.006 -26"><span class='ocrx_word' id='word_1_296' title='bbox 166 2950 428 3024; x_wconf 75' lang='lat' dir='ltr'><strong>passionis</strong></span> <span class='ocrx_word' id='word_1_297' title='bbox 452 2951 527 3024; x_wconf 82' lang='lat' dir='ltr'><strong>_S.</strong></span> <span class='ocrx_word' id='word_1_298' title='bbox 569 2949 832 3024; x_wconf 83' lang='lat' dir='ltr'><strong>Eutrapii.</strong></span> <span class='ocrx_word' id='word_1_299' title='bbox 866 2949 1105 3007; x_wconf 74' lang='lat' dir='ltr'><strong>Reddam</strong></span> <span class='ocrx_word' id='word_1_300' title='bbox 1144 2953 1406 3007; x_wconf 83' lang='lat' dir='ltr'><strong>Vincentii</strong></span> <span class='ocrx_word' id='word_1_301' title='bbox 1433 2953 1596 3024; x_wconf 82' lang='lat' dir='ltr'><strong>verba</strong></span> <span class='ocrx_word' id='word_1_302' title='bbox 1625 2970 1748 3007; x_wconf 89' lang='lat' dir='ltr'><strong>cum</strong></span> 
     </span>
    </p>
   </div>
   <div class='ocr_carea' id='block_1_38' title="bbox 167 3021 1752 3095">
    <p class='ocr_par' dir='ltr' id='par_1_38' title="bbox 167 3021 1752 3095">
     <span class='ocr_line' id='line_1_38' title="bbox 167 3021 1752 3095; baseline 0.004 -24"><span class='ocrx_word' id='word_1_303' title='bbox 167 3021 351 3095; x_wconf 73' lang='lat' dir='ltr'><strong>capite</strong></span> <span class='ocrx_word' id='word_1_304' title='bbox 368 3021 582 3095; x_wconf 82' lang='lat' dir='ltr'><strong>codicis,</strong></span> <span class='ocrx_word' id='word_1_305' title='bbox 604 3021 746 3095; x_wconf 82' lang='lat' dir='ltr'><strong>quod</strong></span> <span class='ocrx_word' id='word_1_306' title='bbox 772 3026 824 3077; x_wconf 91' lang='lat' dir='ltr'><strong>in</strong></span> <span class='ocrx_word' id='word_1_307' title='bbox 849 3039 914 3077; x_wconf 91' lang='lat' dir='ltr'><strong>eo</strong></span> <span class='ocrx_word' id='word_1_308' title='bbox 939 3026 1226 3094; x_wconf 84' lang='lat' dir='ltr'><strong>perspicue</strong></span> <span class='ocrx_word' id='word_1_309' title='bbox 1247 3034 1523 3095; x_wconf 83' lang='lat' dir='ltr'><strong>asseverct</strong></span> <span class='ocrx_word' id='word_1_310' title='bbox 1551 3023 1752 3095; x_wconf 86' lang='lat' dir='ltr'><strong>Diony-</strong></span> 
     </span>
    </p>
   </div>
   <div class='ocr_carea' id='block_1_39' title="bbox 163 3089 1747 3160">
    <p class='ocr_par' dir='ltr' id='par_1_39' title="bbox 163 3089 1747 3160">
     <span class='ocr_line' id='line_1_39' title="bbox 163 3089 1747 3160; baseline 0.005 -18"><span class='ocrx_word' id='word_1_311' title='bbox 163 3089 276 3144; x_wconf 88' lang='lat' dir='ltr'><strong>sius</strong></span> <span class='ocrx_word' id='word_1_312' title='bbox 317 3090 492 3147; x_wconf 80' lang='lat' dir='ltr'><strong>fuisse</strong></span> <span class='ocrx_word' id='word_1_313' title='bbox 513 3089 744 3150; x_wconf 80' lang='lat' dir='ltr'><strong>Athenis</strong></span> <span class='ocrx_word' id='word_1_314' title='bbox 782 3089 1002 3160; x_wconf 86' lang='lat' dir='ltr'><strong>natum,</strong></span> <span class='ocrx_word' id='word_1_315' title='bbox 1041 3089 1099 3149; x_wconf 55' lang='lat' dir='ltr'><strong>e&#39;t</strong></span> <span class='ocrx_word' id='word_1_316' title='bbox 1130 3096 1484 3150; x_wconf 83' lang='lat' dir='ltr'><strong>nihilominus</strong></span> <span class='ocrx_word' id='word_1_317' title='bbox 1509 3089 1747 3150; x_wconf 51' lang='lat' dir='ltr'><strong>Parisio.</strong></span> 
     </span>
    </p>
   </div>
   <div class='ocr_carea' id='block_1_40' title="bbox 164 3164 1750 3238">
    <p class='ocr_par' dir='ltr' id='par_1_40' title="bbox 164 3164 1750 3238">
     <span class='ocr_line' id='line_1_40' title="bbox 164 3164 1750 3238; baseline 0.005 -25"><span class='ocrx_word' id='word_1_318' title='bbox 164 3166 846 3238; x_wconf 12' lang='lat' dir='ltr'><strong>rnuni‘esseiepiscopum:</strong></span> <span class='ocrx_word' id='word_1_319' title='bbox 897 3164 1000 3238; x_wconf 69' lang='lat' dir='ltr'><strong>Hic</strong></span> <span class='ocrx_word' id='word_1_320' title='bbox 1045 3165 1110 3238; x_wconf 82' lang='lat' dir='ltr'><strong>B.</strong></span> <span class='ocrx_word' id='word_1_321' title='bbox 1166 3164 1451 3236; x_wconf 74' lang='lat' dir='ltr'><strong>Dionysius</strong></span> <span class='ocrx_word' id='word_1_322' title='bbox 1490 3166 1593 3235; x_wconf 88' lang='lat' dir='ltr'><strong>(ait</strong></span> <span class='ocrx_word' id='word_1_323' title='bbox 1639 3167 1750 3238; x_wconf 91' lang='lat' dir='ltr'><strong>ille)</strong></span> 
     </span>
    </p>
   </div>
   <div class='ocr_carea' id='block_1_41' title="bbox 167 3228 1748 3308">
    <p class='ocr_par' dir='ltr' id='par_1_41' title="bbox 167 3228 1748 3308">
     <span class='ocr_line' id='line_1_41' title="bbox 167 3228 1748 3308; baseline 0.006 -26"><span class='ocrx_word' id='word_1_324' title='bbox 167 3228 224 3284; x_wconf 87' lang='grc' dir='ltr'><strong>Β.</strong></span> <span class='ocrx_word' id='word_1_325' title='bbox 260 3231 500 3308; x_wconf 82' lang='lat' dir='ltr'><strong>Eutrapii</strong></span> <span class='ocrx_word' id='word_1_326' title='bbox 522 3228 818 3308; x_wconf 40' lang='lat' dir='ltr'><strong>censa-cius,</strong></span> <span class='ocrx_word' id='word_1_327' title='bbox 853 3253 912 3288; x_wconf 92' lang='lat' dir='ltr'><strong>ac</strong></span> <span class='ocrx_word' id='word_1_328' title='bbox 935 3235 1263 3290; x_wconf 78' lang='lat' dir='ltr'><strong>Parisiorum</strong></span> <span class='ocrx_word' id='word_1_329' title='bbox 1291 3228 1508 3308; x_wconf 65' lang='lat' dir='ltr'><strong>praesul,</strong></span> <span class='ocrx_word' id='word_1_330' title='bbox 1541 3228 1748 3304; x_wconf 57' lang='lat' dir='ltr'><strong>passio;</strong></span> 
     </span>
    </p>
   </div>
   <div class='ocr_carea' id='block_1_42' title="bbox 166 3305 1750 3376">
    <p class='ocr_par' dir='ltr' id='par_1_42' title="bbox 166 3305 1750 3376">
     <span class='ocr_line' id='line_1_42' title="bbox 166 3305 1750 3376; baseline 0.005 -21"><span class='ocrx_word' id='word_1_331' title='bbox 166 3317 270 3376; x_wconf 71' lang='lat' dir='ltr'><strong>item</strong></span> <span class='ocrx_word' id='word_1_332' title='bbox 303 3305 632 3374; x_wconf 27' lang='lat' dir='ltr'><strong>ejus’litteris</strong></span> <span class='ocrx_word' id='word_1_333' title='bbox 672 3305 868 3362; x_wconf 67' lang='lat' dir='ltr'><strong>Grecis</strong></span> <span class='ocrx_word' id='word_1_334' title='bbox 909 3309 1161 3374; x_wconf 87' lang='lat' dir='ltr'><strong>scripsit:</strong></span> <span class='ocrx_word' id='word_1_335' title='bbox 1207 3319 1255 3362; x_wconf 85' lang='lat' dir='ltr'><strong>et</strong></span> <span class='ocrx_word' id='word_1_336' title='bbox 1291 3305 1596 3376; x_wconf 79' lang='lat' dir='ltr'><strong>parentibus</strong></span> <span class='ocrx_word' id='word_1_337' title='bbox 1641 3310 1750 3364; x_wconf 87' lang='lat' dir='ltr'><strong>suis</strong></span> 
     </span>
    </p>
   </div>
   <div class='ocr_carea' id='block_1_43' title="bbox 167 3374 1750 3450">
    <p class='ocr_par' dir='ltr' id='par_1_43' title="bbox 167 3374 1750 3450">
     <span class='ocr_line' id='line_1_43' title="bbox 167 3374 1750 3450; baseline 0.006 -25"><span class='ocrx_word' id='word_1_338' title='bbox 167 3374 362 3450; x_wconf 82' lang='lat' dir='ltr'><strong>(idest,</strong></span> <span class='ocrx_word' id='word_1_339' title='bbox 397 3379 1160 3450; x_wconf 16' lang='lat' dir='ltr'><strong>consanguineis)inAGrtecia</strong></span> <span class='ocrx_word' id='word_1_340' title='bbox 1187 3380 1273 3448; x_wconf 87' lang='lat' dir='ltr'><strong>qui</strong></span> <span class='ocrx_word' id='word_1_341' title='bbox 1295 3374 1412 3450; x_wconf 77' lang='lat' dir='ltr'><strong>jam</strong></span> <span class='ocrx_word' id='word_1_342' title='bbox 1452 3380 1504 3431; x_wconf 91' lang='lat' dir='ltr'><strong>in</strong></span> <span class='ocrx_word' id='word_1_343' title='bbox 1542 3377 1750 3434; x_wconf 85' lang='lat' dir='ltr'><strong>Christo</strong></span> 
     </span>
    </p>
   </div>
   <div class='ocr_carea' id='block_1_44' title="bbox 169 3448 1749 3519">
    <p class='ocr_par' dir='ltr' id='par_1_44' title="bbox 169 3448 1749 3519">
     <span class='ocr_line' id='line_1_44' title="bbox 169 3448 1749 3519; baseline 0.005 -24"><span class='ocrx_word' id='word_1_344' title='bbox 169 3448 450 3519; x_wconf 72' lang='lat' dir='ltr'><strong>credebant,</strong></span> <span class='ocrx_word' id='word_1_345' title='bbox 476 3465 568 3518; x_wconf 88' lang='lat' dir='ltr'><strong>per</strong></span> <span class='ocrx_word' id='word_1_346' title='bbox 588 3466 802 3503; x_wconf 90' lang='lat' dir='ltr'><strong>manum</strong></span> <span class='ocrx_word' id='word_1_347' title='bbox 829 3449 889 3502; x_wconf 86' lang='lat' dir='ltr'><strong>B.</strong></span> <span class='ocrx_word' id='word_1_348' title='bbox 914 3448 1186 3504; x_wconf 81' lang='lat' dir='ltr'><strong>Clementis</strong></span> <span class='ocrx_word' id='word_1_349' title='bbox 1210 3448 1362 3519; x_wconf 64' lang='lat' dir='ltr'><strong>papa:</strong></span> <span class='ocrx_word' id='word_1_350' title='bbox 1389 3451 1566 3514; x_wconf 84' lang='lat' dir='ltr'><strong>misit;</strong></span> <span class='ocrx_word' id='word_1_351' title='bbox 1593 3467 1749 3519; x_wconf 87' lang='lat' dir='ltr'><strong>quam</strong></span> 
     </span>
    </p>
   </div>
   <div class='ocr_carea' id='block_1_45' title="bbox 167 3517 1749 3593">
    <p class='ocr_par' dir='ltr' id='par_1_45' title="bbox 167 3517 1749 3593">
     <span class='ocr_line' id='line_1_45' title="bbox 167 3517 1749 3593; baseline 0.006 -27"><span class='ocrx_word' id='word_1_352' title='bbox 167 3517 350 3593; x_wconf 74' lang='lat' dir='ltr'><strong>scilicet</strong></span> <span class='ocrx_word' id='word_1_353' title='bbox 375 3517 690 3593; x_wconf 60' lang='lat' dir='ltr'><strong>passionem</strong></span> <span class='ocrx_word' id='word_1_354' title='bbox 728 3520 962 3576; x_wconf 72' lang='lat' dir='ltr'><strong>Calixtus</strong></span> <span class='ocrx_word' id='word_1_355' title='bbox 1006 3538 1142 3589; x_wconf 86' lang='lat' dir='ltr'><strong>papa</strong></span> <span class='ocrx_word' id='word_1_356' title='bbox 1191 3517 1253 3574; x_wconf 84' lang='lat' dir='ltr'><em>II</em></span> <span class='ocrx_word' id='word_1_357' title='bbox 1299 3517 1749 3592; x_wconf 25' lang='lat' dir='ltr'><strong>Constantia—apell</strong></span> 
     </span>
    </p>
   </div>
   <div class='ocr_carea' id='block_1_46' title="bbox 166 3588 1750 3662">
    <p class='ocr_par' dir='ltr' id='par_1_46' title="bbox 166 3588 1750 3662">
     <span class='ocr_line' id='line_1_46' title="bbox 166 3588 1750 3662; baseline 0.007 -27"><span class='ocrx_word' id='word_1_358' title='bbox 166 3588 215 3662; x_wconf 84' lang='lat' dir='ltr'><strong>in</strong></span> <span class='ocrx_word' id='word_1_359' title='bbox 243 3588 417 3642; x_wconf 83' lang='lat' dir='ltr'><strong>schola</strong></span> <span class='ocrx_word' id='word_1_360' title='bbox 446 3589 752 3644; x_wconf 68' lang='lat' dir='ltr'><strong>Graecorum</strong></span> <span class='ocrx_word' id='word_1_361' title='bbox 773 3593 826 3644; x_wconf 87' lang='lat' dir='ltr'><strong>in</strong></span> <span class='ocrx_word' id='word_1_362' title='bbox 857 3588 1082 3657; x_wconf 88' lang='lat' dir='ltr'><strong>quodam</strong></span> <span class='ocrx_word' id='word_1_363' title='bbox 1111 3595 1288 3647; x_wconf 83' lang='lat' dir='ltr'><strong>codice</strong></span> <span class='ocrx_word' id='word_1_364' title='bbox 1307 3594 1606 3662; x_wconf 86' lang='lat' dir='ltr'><strong>passionum</strong></span> <span class='ocrx_word' id='word_1_365' title='bbox 1633 3588 1750 3662; x_wconf 84' lang='lat' dir='ltr'><strong>plu-</strong></span> 
     </span>
    </p>
   </div>
   <div class='ocr_carea' id='block_1_47' title="bbox 167 3658 1749 3733">
    <p class='ocr_par' dir='ltr' id='par_1_47' title="bbox 167 3658 1749 3733">
     <span class='ocr_line' id='line_1_47' title="bbox 167 3658 1749 3733; baseline 0.006 -25"><span class='ocrx_word' id='word_1_366' title='bbox 167 3658 403 3733; x_wconf 44' lang='lat' dir='ltr'><strong>timorum</strong></span> <span class='ocrx_word' id='word_1_367' title='bbox 463 3672 763 3733; x_wconf 71' lang='lat' dir='ltr'><strong>sanctorum</strong></span> <span class='ocrx_word' id='word_1_368' title='bbox 817 3673 1103 3732; x_wconf 81' lang='lat' dir='ltr'><strong>martyrum</strong></span> <span class='ocrx_word' id='word_1_369' title='bbox 1145 3665 1269 3716; x_wconf 90' lang='lat' dir='ltr'><strong>olim</strong></span> <span class='ocrx_word' id='word_1_370' title='bbox 1307 3658 1542 3733; x_wconf 78' lang='lat' dir='ltr'><strong>reperit,</strong></span> <span class='ocrx_word' id='word_1_371' title='bbox 1593 3658 1642 3717; x_wconf 78' lang='lat' dir='ltr'><strong>et</strong></span> <span class='ocrx_word' id='word_1_372' title='bbox 1686 3681 1749 3718; x_wconf 74' lang='lat' dir='ltr'><strong>ea:</strong></span> 
     </span>
    </p>
   </div>
   <div class='ocr_carea' id='block_1_48' title="bbox 171 3724 1343 3805">
    <p class='ocr_par' dir='ltr' id='par_1_48' title="bbox 171 3724 1343 3805">
     <span class='ocr_line' id='line_1_48' title="bbox 171 3724 1343 3805; baseline 0.006 -24"><span class='ocrx_word' id='word_1_373' title='bbox 171 3724 338 3805; x_wconf 61' lang='lat' dir='ltr'><strong>Cnrco</strong></span> <span class='ocrx_word' id='word_1_374' title='bbox 365 3733 420 3784; x_wconf 90' lang='lat' dir='ltr'><strong>in</strong></span> <span class='ocrx_word' id='word_1_375' title='bbox 450 3731 700 3805; x_wconf 78' lang='lat' dir='ltr'><strong>Latinum</strong></span> <span class='ocrx_word' id='word_1_376' title='bbox 728 3733 924 3805; x_wconf 69' lang='lat' dir='ltr'><strong>edidit;</strong></span> <span class='ocrx_word' id='word_1_377' title='bbox 948 3724 1019 3785; x_wconf 61' lang='lat' dir='ltr'><strong>ita</strong></span> <span class='ocrx_word' id='word_1_378' title='bbox 1041 3734 1293 3805; x_wconf 86' lang='lat' dir='ltr'><strong>incipiens</strong></span> <span class='ocrx_word' id='word_1_379' title='bbox 1323 3749 1343 3788; x_wconf 91' lang='lat'><strong><em>:</em></strong></span> 
     </span>
    </p>
   </div>
   <div class='ocr_carea' id='block_1_49' title="bbox 236 3799 1744 3874">
    <p class='ocr_par' dir='ltr' id='par_1_49' title="bbox 236 3799 1744 3874">
     <span class='ocr_line' id='line_1_49' title="bbox 236 3799 1744 3874; baseline 0.006 -23"><span class='ocrx_word' id='word_1_380' title='bbox 236 3799 594 3874; x_wconf 61' lang='lat' dir='ltr'><strong>lieraeiiaiss.</strong></span> <span class='ocrx_word' id='word_1_381' title='bbox 657 3803 805 3858; x_wconf 82' lang='lat' dir='ltr'><strong>Patri</strong></span> <span class='ocrx_word' id='word_1_382' title='bbox 852 3803 1100 3858; x_wconf 84' lang='lat' dir='ltr'><strong>Clementi</strong></span> <span class='ocrx_word' id='word_1_383' title='bbox 1148 3799 1442 3874; x_wconf 47' lang='lat' dir='ltr'><strong>&quot;Dionysius</strong></span> <span class='ocrx_word' id='word_1_384' title='bbox 1495 3805 1744 3872; x_wconf 80' lang='lat' dir='ltr'><strong>antistes,</strong></span> 
     </span>
    </p>
   </div>
   <div class='ocr_carea' id='block_1_50' title="bbox 172 3872 1748 3947">
    <p class='ocr_par' dir='ltr' id='par_1_50' title="bbox 172 3872 1748 3947">
     <span class='ocr_line' id='line_1_50' title="bbox 172 3872 1748 3947; baseline 0.005 -24"><span class='ocrx_word' id='word_1_385' title='bbox 172 3876 399 3947; x_wconf 70' lang='lat' dir='ltr'><strong>prosapia</strong></span> <span class='ocrx_word' id='word_1_386' title='bbox 437 3872 684 3947; x_wconf 73' lang='lat' dir='ltr'><strong>Crtrcus,</strong></span> <span class='ocrx_word' id='word_1_387' title='bbox 716 3875 835 3930; x_wconf 88' lang='lat' dir='ltr'><strong>Sal.</strong></span> <span class='ocrx_word' id='word_1_388' title='bbox 876 3876 931 3929; x_wconf 88' lang='lat' dir='ltr'><strong>in</strong></span> <span class='ocrx_word' id='word_1_389' title='bbox 961 3875 1183 3930; x_wconf 84' lang='lat' dir='ltr'><strong>Christo.</strong></span> <span class='ocrx_word' id='word_1_390' title='bbox 1227 3872 1568 3947; x_wconf 76' lang='lat' dir='ltr'><strong>Eutropium,</strong></span> <span class='ocrx_word' id='word_1_391' title='bbox 1596 3894 1748 3946; x_wconf 86' lang='lat' dir='ltr'><strong>quem</strong></span> 
     </span>
    </p>
   </div>
   <div class='ocr_carea' id='block_1_51' title="bbox 171 3944 1747 4015">
    <p class='ocr_par' dir='ltr' id='par_1_51' title="bbox 171 3944 1747 4015">
     <span class='ocr_line' id='line_1_51' title="bbox 171 3944 1747 4015; baseline 0.006 -24"><span class='ocrx_word' id='word_1_392' title='bbox 171 3956 352 4015; x_wconf 73' lang='lat' dir='ltr'><strong>mecum</strong></span> <span class='ocrx_word' id='word_1_393' title='bbox 377 3946 429 3999; x_wconf 90' lang='lat' dir='ltr'><strong>in</strong></span> <span class='ocrx_word' id='word_1_394' title='bbox 451 3944 534 3998; x_wconf 85' lang='lat' dir='ltr'><strong>his</strong></span> <span class='ocrx_word' id='word_1_395' title='bbox 565 3949 671 4004; x_wconf 86' lang='lat' dir='ltr'><strong>oris</strong></span> <span class='ocrx_word' id='word_1_396' title='bbox 696 3947 768 3999; x_wconf 83' lang='lat' dir='ltr'><strong>ad</strong></span> <span class='ocrx_word' id='word_1_397' title='bbox 798 3947 1188 4015; x_wconf 72' lang='lat' dir='ltr'><strong>prwdicandum</strong></span> <span class='ocrx_word' id='word_1_398' title='bbox 1215 3944 1403 4000; x_wconf 79' lang='lat' dir='ltr'><strong>nomen</strong></span> <span class='ocrx_word' id='word_1_399' title='bbox 1432 3944 1622 4002; x_wconf 82' lang='lat' dir='ltr'><strong>Christi</strong></span> <span class='ocrx_word' id='word_1_400' title='bbox 1646 3951 1747 4000; x_wconf 90' lang='lat' dir='ltr'><strong>mi-</strong></span> 
     </span>
    </p>
   </div>
   <div class='ocr_carea' id='block_1_52' title="bbox 171 4014 1747 4088">
    <p class='ocr_par' dir='ltr' id='par_1_52' title="bbox 171 4014 1747 4088">
     <span class='ocr_line' id='line_1_52' title="bbox 171 4014 1747 4088; baseline 0.004 -24"><span class='ocrx_word' id='word_1_401' title='bbox 171 4014 297 4088; x_wconf 66' lang='lat' dir='ltr'><strong>sisti,</strong></span> <span class='ocrx_word' id='word_1_402' title='bbox 341 4018 582 4086; x_wconf 81' lang='lat' dir='ltr'><strong>martyrii</strong></span> <span class='ocrx_word' id='word_1_403' title='bbox 629 4014 874 4071; x_wconf 82' lang='lat' dir='ltr'><strong>coronam</strong></span> <span class='ocrx_word' id='word_1_404' title='bbox 917 4035 1010 4088; x_wconf 71' lang='lat' dir='ltr'><strong>per</strong></span> <span class='ocrx_word' id='word_1_405' title='bbox 1056 4035 1239 4072; x_wconf 88' lang='lat' dir='ltr'><strong>manus</strong></span> <span class='ocrx_word' id='word_1_406' title='bbox 1289 4019 1561 4087; x_wconf 84' lang='lat' dir='ltr'><strong>gentilium</strong></span> <span class='ocrx_word' id='word_1_407' title='bbox 1603 4018 1747 4083; x_wconf 89' lang='lat' dir='ltr'><strong>apud</strong></span> 
     </span>
    </p>
   </div>
   <div class='ocr_carea' id='block_1_53' title="bbox 1870 1387 3458 1462">
    <p class='ocr_par' dir='ltr' id='par_1_53' title="bbox 1870 1387 3458 1462">
     <span class='ocr_line' id='line_1_53' title="bbox 1870 1387 3458 1462; baseline 0.004 -19"><span class='ocrx_word' id='word_1_408' title='bbox 1870 1387 2058 1458; x_wconf 88' lang='lat' dir='ltr'><strong>panias</strong></span> <span class='ocrx_word' id='word_1_409' title='bbox 2113 1387 2604 1462; x_wconf 18' lang='lat' dir='ltr'><strong>dictquFa’cile</strong></span> <span class='ocrx_word' id='word_1_410' title='bbox 2655 1393 2818 1446; x_wconf 90' lang='lat' dir='ltr'><strong>etiam</strong></span> <span class='ocrx_word' id='word_1_411' title='bbox 2872 1393 3064 1448; x_wconf 90' lang='lat' dir='ltr'><strong>deduci</strong></span> <span class='ocrx_word' id='word_1_412' title='bbox 3131 1387 3370 1462; x_wconf 74' lang='lat' dir='ltr'><strong>poicrit,</strong></span> <span class='ocrx_word' id='word_1_413' title='bbox 3413 1397 3458 1450; x_wconf 89' lang='lat' dir='ltr'><strong>si</strong></span> 
     </span>
    </p>
   </div>
   <div class='ocr_carea' id='block_1_54' title="bbox 1869 1460 3460 1535">
    <p class='ocr_par' dir='ltr' id='par_1_54' title="bbox 1869 1460 3460 1535">
     <span class='ocr_line' id='line_1_54' title="bbox 1869 1460 3460 1535; baseline 0.004 -21"><span class='ocrx_word' id='word_1_414' title='bbox 1869 1475 2094 1535; x_wconf 82' lang='lat' dir='ltr'><strong>magnos</strong></span> <span class='ocrx_word' id='word_1_415' title='bbox 2127 1460 2250 1515; x_wconf 90' lang='lat' dir='ltr'><strong>illos</strong></span> <span class='ocrx_word' id='word_1_416' title='bbox 2262 1460 2502 1535; x_wconf 62' lang='lat' dir='ltr'><strong>pugiles,</strong></span> <span class='ocrx_word' id='word_1_417' title='bbox 2527 1477 2589 1535; x_wconf 86' lang='lat' dir='ltr'><strong>ac</strong></span> <span class='ocrx_word' id='word_1_418' title='bbox 2612 1464 2902 1535; x_wconf 71' lang='lat' dir='ltr'><strong>magistros</strong></span> <span class='ocrx_word' id='word_1_419' title='bbox 2921 1464 3065 1531; x_wconf 88' lang='lat' dir='ltr'><strong>ﬁdei,</strong></span> <span class='ocrx_word' id='word_1_420' title='bbox 3087 1460 3176 1535; x_wconf 87' lang='lat' dir='ltr'><strong>qui</strong></span> <span class='ocrx_word' id='word_1_421' title='bbox 3203 1467 3283 1520; x_wconf 79' lang='lat' dir='ltr'><strong>liis</strong></span> <span class='ocrx_word' id='word_1_422' title='bbox 3306 1476 3411 1522; x_wconf 85' lang='lat' dir='ltr'><strong>tem</strong></span> <span class='ocrx_word' id='word_1_423' title='bbox 3430 1497 3460 1510; x_wconf 79' lang='lat'><strong>-</strong></span> 
     </span>
    </p>
   </div>
   <div class='ocr_carea' id='block_1_55' title="bbox 1869 1531 3460 1600">
    <p class='ocr_par' dir='ltr' id='par_1_55' title="bbox 1869 1531 3460 1600">
     <span class='ocr_line' id='line_1_55' title="bbox 1869 1531 3460 1600; baseline 0.007 -18"><span class='ocrx_word' id='word_1_424' title='bbox 1869 1533 2092 1600; x_wconf 89' lang='lat' dir='ltr'><strong>poribus</strong></span> <span class='ocrx_word' id='word_1_425' title='bbox 2131 1531 2503 1599; x_wconf 75' lang='lat' dir='ltr'><strong>przcdicationi</strong></span> <span class='ocrx_word' id='word_1_426' title='bbox 2535 1533 2857 1588; x_wconf 67' lang='lat' dir='ltr'><strong>insistebant</strong></span> <span class='ocrx_word' id='word_1_427' title='bbox 2897 1535 2948 1588; x_wconf 92' lang='lat' dir='ltr'><strong>in</strong></span> <span class='ocrx_word' id='word_1_428' title='bbox 2991 1531 3243 1600; x_wconf 65' lang='lat' dir='ltr'><strong>Hispania</strong></span> <span class='ocrx_word' id='word_1_429' title='bbox 3279 1538 3460 1593; x_wconf 80' lang='lat' dir='ltr'><strong>cousi-</strong></span> 
     </span>
    </p>
   </div>
   <div class='ocr_carea' id='block_1_56' title="bbox 1868 1602 3456 1676">
    <p class='ocr_par' dir='ltr' id='par_1_56' title="bbox 1868 1602 3456 1676">
     <span class='ocr_line' id='line_1_56' title="bbox 1868 1602 3456 1676; baseline 0.005 -22"><span class='ocrx_word' id='word_1_430' title='bbox 1868 1604 2142 1676; x_wconf 64' lang='lat' dir='ltr'><strong>geremus,</strong></span> <span class='ocrx_word' id='word_1_431' title='bbox 2169 1602 2658 1676; x_wconf 39' lang='lat' dir='ltr'><strong>Tllllmh&#39;itiellCCl,</strong></span> <span class='ocrx_word' id='word_1_432' title='bbox 2678 1603 3005 1676; x_wconf 63' lang='lat' dir='ltr'><strong>Onesimum</strong></span> <span class='ocrx_word' id='word_1_433' title='bbox 3029 1648 3042 1673; x_wconf 93' lang='lat'><strong>,</strong></span> <span class='ocrx_word' id='word_1_434' title='bbox 3075 1606 3456 1676; x_wconf 89' lang='lat' dir='ltr'><strong>Saturninum,</strong></span> 
     </span>
    </p>
   </div>
   <div class='ocr_carea' id='block_1_57' title="bbox 1867 1671 3460 1743">
    <p class='ocr_par' dir='ltr' id='par_1_57' title="bbox 1867 1671 3460 1743">
     <span class='ocr_line' id='line_1_57' title="bbox 1867 1671 3460 1743; baseline 0.004 -16"><span class='ocrx_word' id='word_1_435' title='bbox 1867 1671 2208 1743; x_wconf 81' lang='lat' dir='ltr'><strong>Philippum,</strong></span> <span class='ocrx_word' id='word_1_436' title='bbox 2252 1673 2633 1739; x_wconf 85' lang='lat' dir='ltr'><strong>Philotlteum,</strong></span> <span class='ocrx_word' id='word_1_437' title='bbox 2677 1671 3282 1743; x_wconf 22' lang='lat' dir='ltr'><strong>Firtninutu,’Paulum</strong></span> <span class='ocrx_word' id='word_1_438' title='bbox 3331 1671 3460 1734; x_wconf 56' lang='lat' dir='ltr'><strong>Ser;</strong></span> 
     </span>
    </p>
   </div>
   <div class='ocr_carea' id='block_1_58' title="bbox 1865 1744 3454 1830">
    <p class='ocr_par' dir='ltr' id='par_1_58' title="bbox 1865 1744 3454 1830">
     <span class='ocr_line' id='line_1_58' title="bbox 1865 1744 3454 1830; baseline 0.004 -34"><span class='ocrx_word' id='word_1_439' title='bbox 1865 1744 2010 1830; x_wconf 67' lang='lat' dir='ltr'><strong>gium</strong></span> <span class='ocrx_word' id='word_1_440' title='bbox 2029 1786 2044 1808; x_wconf 94' lang='lat'><strong>,</strong></span> <span class='ocrx_word' id='word_1_441' title='bbox 2069 1815 2080 1830; x_wconf 74' lang='lat'>_</span> <span class='ocrx_word' id='word_1_442' title='bbox 2103 1744 2336 1830; x_wconf 50' lang='lat' dir='ltr'><strong>Probum</strong></span> <span class='ocrx_word' id='word_1_443' title='bbox 2386 1744 2674 1830; x_wconf 52' lang='lat' dir='ltr'><strong>Paternum</strong></span> <span class='ocrx_word' id='word_1_444' title='bbox 2690 1788 2735 1830; x_wconf 52' lang='grc' dir='ltr'><strong>,Α</strong></span> <span class='ocrx_word' id='word_1_445' title='bbox 2753 1746 2966 1830; x_wconf 59' lang='lat' dir='ltr'><strong>[tullium</strong></span> <span class='ocrx_word' id='word_1_446' title='bbox 2987 1790 3002 1813; x_wconf 89' lang='lat'><strong>,</strong></span> <span class='ocrx_word' id='word_1_447' title='bbox 3039 1749 3454 1830; x_wconf 41' lang='lat' dir='ltr'><strong>_Alex.andrum,</strong></span> 
     </span>
    </p>
   </div>
   <div class='ocr_carea' id='block_1_59' title="bbox 1866 1814 3456 1892">
    <p class='ocr_par' dir='ltr' id='par_1_59' title="bbox 1866 1814 3456 1892">
     <span class='ocr_line' id='line_1_59' title="bbox 1866 1814 3456 1892; baseline 0.005 -23"><span class='ocrx_word' id='word_1_448' title='bbox 1866 1814 2206 1892; x_wconf 62' lang='lat' dir='ltr'><strong>Secundum,</strong></span> <span class='ocrx_word' id='word_1_449' title='bbox 2251 1814 2643 1892; x_wconf 60' lang='lat' dir='ltr'><strong>Theodosium,</strong></span> <span class='ocrx_word' id='word_1_450' title='bbox 2693 1817 2968 1885; x_wconf 79' lang='lat' dir='ltr'><strong>Ovidium,</strong></span> <span class='ocrx_word' id='word_1_451' title='bbox 3018 1819 3086 1874; x_wconf 91' lang='lat' dir='ltr'><strong>de</strong></span> <span class='ocrx_word' id='word_1_452' title='bbox 3115 1819 3311 1890; x_wconf 89' lang='lat' dir='ltr'><strong>quibus</strong></span> <span class='ocrx_word' id='word_1_453' title='bbox 3343 1814 3456 1892; x_wconf 86' lang='lat' dir='ltr'><strong>jatn</strong></span> 
     </span>
    </p>
   </div>
   <div class='ocr_carea' id='block_1_60' title="bbox 1866 1885 2422 1941">
    <p class='ocr_par' dir='ltr' id='par_1_60' title="bbox 1866 1885 2422 1941">
     <span class='ocr_line' id='line_1_60' title="bbox 1866 1885 2422 1941; baseline -0.002 -1"><span class='ocrx_word' id='word_1_454' title='bbox 1866 1885 2105 1941; x_wconf 83' lang='lat' dir='ltr'><strong>diximus</strong></span> <span class='ocrx_word' id='word_1_455' title='bbox 2125 1886 2237 1940; x_wconf 88' lang='lat' dir='ltr'><strong>suis</strong></span> <span class='ocrx_word' id='word_1_456' title='bbox 2268 1885 2422 1941; x_wconf 90' lang='lat' dir='ltr'><strong>locis.</strong></span> 
     </span>
    </p>
   </div>
   <div class='ocr_carea' id='block_1_61' title="bbox 1942 1957 3458 2030">
    <p class='ocr_par' dir='ltr' id='par_1_61' title="bbox 1942 1957 3458 2030">
     <span class='ocr_line' id='line_1_61' title="bbox 1942 1957 3458 2030; baseline 0.003 -18"><span class='ocrx_word' id='word_1_457' title='bbox 1942 1957 2018 2012; x_wconf 92' lang='lat' dir='ltr'><strong>De</strong></span> <span class='ocrx_word' id='word_1_458' title='bbox 2055 1958 2429 2030; x_wconf 87' lang='lat' dir='ltr'><strong>persecutione</strong></span> <span class='ocrx_word' id='word_1_459' title='bbox 2463 1958 2515 2013; x_wconf 92' lang='lat' dir='ltr'><strong>in</strong></span> <span class='ocrx_word' id='word_1_460' title='bbox 2562 1957 2902 2013; x_wconf 89' lang='lat' dir='ltr'><strong>Christianos</strong></span> <span class='ocrx_word' id='word_1_461' title='bbox 2930 1968 3043 2014; x_wconf 89' lang='lat' dir='ltr'><strong>toto</strong></span> <span class='ocrx_word' id='word_1_462' title='bbox 3079 1959 3210 2015; x_wconf 91' lang='lat' dir='ltr'><strong>orbe</strong></span> <span class='ocrx_word' id='word_1_463' title='bbox 3249 1961 3458 2030; x_wconf 77' lang='lat' dir='ltr'><strong>degen-</strong></span> 
     </span>
    </p>
   </div>
   <div class='ocr_carea' id='block_1_62' title="bbox 1866 2029 3458 2098">
    <p class='ocr_par' dir='ltr' id='par_1_62' title="bbox 1866 2029 3458 2098">
     <span class='ocr_line' id='line_1_62' title="bbox 1866 2029 3458 2098; baseline 0.003 -15"><span class='ocrx_word' id='word_1_464' title='bbox 1866 2035 1947 2083; x_wconf 87' lang='lat' dir='ltr'><strong>tes</strong></span> <span class='ocrx_word' id='word_1_465' title='bbox 1978 2042 2100 2098; x_wconf 77' lang='lat' dir='ltr'><strong>quze</strong></span> <span class='ocrx_word' id='word_1_466' title='bbox 2128 2029 2287 2083; x_wconf 88' lang='lat' dir='ltr'><strong>tertia</strong></span> <span class='ocrx_word' id='word_1_467' title='bbox 2321 2030 2417 2082; x_wconf 87' lang='lat' dir='ltr'><strong>luit</strong></span> <span class='ocrx_word' id='word_1_468' title='bbox 2453 2030 2504 2084; x_wconf 94' lang='lat' dir='ltr'><strong>in</strong></span> <span class='ocrx_word' id='word_1_469' title='bbox 2531 2030 2758 2094; x_wconf 91' lang='lat' dir='ltr'><strong>ordine,</strong></span> <span class='ocrx_word' id='word_1_470' title='bbox 2789 2045 2817 2083; x_wconf 91' lang='lat' dir='ltr'><strong>a</strong></span> <span class='ocrx_word' id='word_1_471' title='bbox 2856 2030 3116 2098; x_wconf 84' lang='lat' dir='ltr'><strong>Trajano,</strong></span> <span class='ocrx_word' id='word_1_472' title='bbox 3159 2032 3313 2087; x_wconf 90' lang='lat' dir='ltr'><strong>initio</strong></span> <span class='ocrx_word' id='word_1_473' title='bbox 3339 2033 3458 2087; x_wconf 86' lang='lat' dir='ltr'><strong>itu-</strong></span> 
     </span>
    </p>
   </div>
   <div class='ocr_carea' id='block_1_63' title="bbox 1867 2099 3454 2172">
    <p class='ocr_par' dir='ltr' id='par_1_63' title="bbox 1867 2099 3454 2172">
     <span class='ocr_line' id='line_1_63' title="bbox 1867 2099 3454 2172; baseline 0.004 -19"><span class='ocrx_word' id='word_1_474' title='bbox 1867 2099 2001 2172; x_wconf 86' lang='lat' dir='ltr'><strong>perii</strong></span> <span class='ocrx_word' id='word_1_475' title='bbox 2049 2104 2129 2172; x_wconf 70' lang='lat' dir='ltr'><strong>sui</strong></span> <span class='ocrx_word' id='word_1_476' title='bbox 2161 2108 2334 2172; x_wconf 68' lang='lat' dir='ltr'><strong>empta</strong></span> <span class='ocrx_word' id='word_1_477' title='bbox 2377 2102 2481 2170; x_wconf 82' lang='lat' dir='ltr'><strong>agit</strong></span> <span class='ocrx_word' id='word_1_478' title='bbox 2514 2101 2717 2172; x_wconf 83' lang='lat' dir='ltr'><strong>Plinius</strong></span> <span class='ocrx_word' id='word_1_479' title='bbox 2748 2104 3020 2157; x_wconf 63' lang='lat' dir='ltr'><strong>secundus</strong></span> <span class='ocrx_word' id='word_1_480' title='bbox 3065 2103 3156 2157; x_wconf 94' lang='lat' dir='ltr'><strong>lib.</strong></span> <span class='ocrx_word' id='word_1_481' title='bbox 3193 2119 3224 2156; x_wconf 77' lang='grc' dir='ltr'><strong>ιι</strong></span> <span class='ocrx_word' id='word_1_482' title='bbox 3254 2103 3454 2172; x_wconf 85' lang='lat' dir='ltr'><strong>Epist.,</strong></span> 
     </span>
    </p>
   </div>
   <div class='ocr_carea' id='block_1_64' title="bbox 1863 2170 3456 2240">
    <p class='ocr_par' dir='ltr' id='par_1_64' title="bbox 1863 2170 3456 2240">
     <span class='ocr_line' id='line_1_64' title="bbox 1863 2170 3456 2240; baseline 0.003 -16"><span class='ocrx_word' id='word_1_483' title='bbox 1863 2171 2028 2238; x_wconf 83' lang='lat' dir='ltr'><strong>epist.</strong></span> <span class='ocrx_word' id='word_1_484' title='bbox 2057 2170 2125 2226; x_wconf 90' lang='lat'><strong>97</strong></span> <span class='ocrx_word' id='word_1_485' title='bbox 2145 2213 2160 2237; x_wconf 94' lang='lat'><strong>,</strong></span> <span class='ocrx_word' id='word_1_486' title='bbox 2190 2171 2255 2225; x_wconf 87' lang='lat' dir='ltr'><strong>ad</strong></span> <span class='ocrx_word' id='word_1_487' title='bbox 2289 2171 2462 2239; x_wconf 90' lang='lat' dir='ltr'><strong>ipsum</strong></span> <span class='ocrx_word' id='word_1_488' title='bbox 2493 2171 2786 2240; x_wconf 88' lang='lat' dir='ltr'><strong>Trajanum</strong></span> <span class='ocrx_word' id='word_1_489' title='bbox 2824 2175 2951 2228; x_wconf 87' lang='lat' dir='ltr'><strong>dum</strong></span> <span class='ocrx_word' id='word_1_490' title='bbox 2979 2175 3092 2228; x_wconf 89' lang='lat' dir='ltr'><strong>ait:</strong></span> <span class='ocrx_word' id='word_1_491' title='bbox 3129 2170 3456 2230; x_wconf 53' lang='lat' dir='ltr'><strong>Christiano;</strong></span> 
     </span>
    </p>
   </div>
   <div class='ocr_carea' id='block_1_65' title="bbox 1864 2241 3452 2316">
    <p class='ocr_par' dir='ltr' id='par_1_65' title="bbox 1864 2241 3452 2316">
     <span class='ocr_line' id='line_1_65' title="bbox 1864 2241 3452 2316; baseline 0.001 -18"><span class='ocrx_word' id='word_1_492' title='bbox 1864 2257 2002 2310; x_wconf 86' lang='lat' dir='ltr'><strong>rum,</strong></span> <span class='ocrx_word' id='word_1_493' title='bbox 2030 2243 2141 2316; x_wconf 75' lang='lat' dir='ltr'><strong>qui</strong></span> <span class='ocrx_word' id='word_1_494' title='bbox 2164 2259 2196 2294; x_wconf 81' lang='grc' dir='ltr'><strong>ιι</strong></span> <span class='ocrx_word' id='word_1_495' title='bbox 2224 2241 2703 2316; x_wconf 58' lang='lat' dir='ltr'><strong>Lidedescit&#39;erant,</strong></span> <span class='ocrx_word' id='word_1_496' title='bbox 2736 2243 2870 2297; x_wconf 87' lang='lat' dir='ltr'><strong>alios</strong></span> <span class='ocrx_word' id='word_1_497' title='bbox 2899 2256 3018 2298; x_wconf 89' lang='lat' dir='ltr'><strong>ante</strong></span> <span class='ocrx_word' id='word_1_498' title='bbox 3055 2245 3336 2299; x_wconf 87' lang='lat' dir='ltr'><strong>triennium</strong></span> <span class='ocrx_word' id='word_1_499' title='bbox 3374 2245 3452 2316; x_wconf 88' lang='lat' dir='ltr'><strong>(id</strong></span> 
     </span>
    </p>
   </div>
   <div class='ocr_carea' id='block_1_66' title="bbox 1863 2311 3452 2386">
    <p class='ocr_par' dir='ltr' id='par_1_66' title="bbox 1863 2311 3452 2386">
     <span class='ocr_line' id='line_1_66' title="bbox 1863 2311 3452 2386; baseline 0.003 -20"><span class='ocrx_word' id='word_1_500' title='bbox 1863 2322 1969 2386; x_wconf 85' lang='lat' dir='ltr'><strong>est,</strong></span> <span class='ocrx_word' id='word_1_501' title='bbox 2027 2311 2183 2366; x_wconf 84' lang='lat' dir='ltr'><strong>initio</strong></span> <span class='ocrx_word' id='word_1_502' title='bbox 2223 2311 2439 2382; x_wconf 84' lang='lat' dir='ltr'><strong>Trajani</strong></span> <span class='ocrx_word' id='word_1_503' title='bbox 2495 2314 2849 2386; x_wconf 86' lang='lat' dir='ltr'><strong>imperii,ut</strong></span> <span class='ocrx_word' id='word_1_504' title='bbox 2895 2316 3162 2371; x_wconf 88' lang='lat' dir='ltr'><strong>Baronius</strong></span> <span class='ocrx_word' id='word_1_505' title='bbox 3207 2311 3452 2386; x_wconf 80' lang='lat' dir='ltr'><strong>exponit)</strong></span> 
     </span>
    </p>
   </div>
   <div class='ocr_carea' id='block_1_67' title="bbox 1862 2385 3454 2458">
    <p class='ocr_par' dir='ltr' id='par_1_67' title="bbox 1862 2385 3454 2458">
     <span class='ocr_line' id='line_1_67' title="bbox 1862 2385 3454 2458; baseline 0.004 -22"><span class='ocrx_word' id='word_1_506' title='bbox 1862 2385 1996 2458; x_wconf 84' lang='lat' dir='ltr'><strong>alios</strong></span> <span class='ocrx_word' id='word_1_507' title='bbox 2027 2400 2142 2437; x_wconf 78' lang='lat' dir='ltr'><strong>vero</strong></span> <span class='ocrx_word' id='word_1_508' title='bbox 2183 2395 2304 2458; x_wconf 79' lang='lat' dir='ltr'><strong>ante</strong></span> <span class='ocrx_word' id='word_1_509' title='bbox 2348 2401 2510 2458; x_wconf 83' lang='lat' dir='ltr'><strong>annos</strong></span> <span class='ocrx_word' id='word_1_510' title='bbox 2543 2387 2718 2458; x_wconf 78' lang='lat' dir='ltr'><strong>plures</strong></span> <span class='ocrx_word' id='word_1_511' title='bbox 2751 2385 2878 2455; x_wconf 77' lang='lat' dir='ltr'><strong>(sui)</strong></span> <span class='ocrx_word' id='word_1_512' title='bbox 2921 2385 3247 2456; x_wconf 87' lang='lat' dir='ltr'><strong>Domitiano)</strong></span> <span class='ocrx_word' id='word_1_513' title='bbox 3278 2385 3454 2458; x_wconf 80' lang='lat' dir='ltr'><strong>plures</strong></span> 
     </span>
    </p>
   </div>
   <div class='ocr_carea' id='block_1_68' title="bbox 1862 2455 3454 2525">
    <p class='ocr_par' dir='ltr' id='par_1_68' title="bbox 1862 2455 3454 2525">
     <span class='ocr_line' id='line_1_68' title="bbox 1862 2455 3454 2525; baseline 0.005 -19"><span class='ocrx_word' id='word_1_514' title='bbox 1862 2455 2017 2507; x_wconf 88' lang='lat' dir='ltr'><strong>etiam</strong></span> <span class='ocrx_word' id='word_1_515' title='bbox 2064 2464 2183 2509; x_wconf 90' lang='lat' dir='ltr'><strong>ante</strong></span> <span class='ocrx_word' id='word_1_516' title='bbox 2231 2455 2488 2509; x_wconf 81' lang='lat' dir='ltr'><strong>biennium</strong></span> <span class='ocrx_word' id='word_1_517' title='bbox 2535 2455 2799 2525; x_wconf 75' lang='lat' dir='ltr'><strong>(Neronis</strong></span> <span class='ocrx_word' id='word_1_518' title='bbox 2853 2455 3235 2524; x_wconf 80' lang='lat' dir='ltr'><strong>persecutione</strong></span> <span class='ocrx_word' id='word_1_519' title='bbox 3273 2455 3454 2514; x_wconf 82' lang='lat' dir='ltr'><strong>adhuc</strong></span> 
     </span>
    </p>
   </div>
   <div class='ocr_carea' id='block_1_69' title="bbox 1862 2525 3450 2597">
    <p class='ocr_par' dir='ltr' id='par_1_69' title="bbox 1862 2525 3450 2597">
     <span class='ocr_line' id='line_1_69' title="bbox 1862 2525 3450 2597; baseline 0.004 -20"><span class='ocrx_word' id='word_1_520' title='bbox 1862 2525 2118 2597; x_wconf 82' lang='lat' dir='ltr'><strong>durante)</strong></span> <span class='ocrx_word' id='word_1_521' title='bbox 2172 2525 2239 2578; x_wconf 79' lang='lat' dir='ltr'><strong>ad</strong></span> <span class='ocrx_word' id='word_1_522' title='bbox 2288 2525 2489 2593; x_wconf 79' lang='lat' dir='ltr'><strong>facinus</strong></span> <span class='ocrx_word' id='word_1_523' title='bbox 2527 2525 2933 2597; x_wconf 79' lang='lat' dir='ltr'><strong>perpetrandum</strong></span> <span class='ocrx_word' id='word_1_524' title='bbox 2977 2528 3232 2582; x_wconf 82' lang='lat' dir='ltr'><strong>adductos</strong></span> <span class='ocrx_word' id='word_1_525' title='bbox 3269 2530 3450 2597; x_wconf 76' lang='lat' dir='ltr'><strong>fuisse.</strong></span> 
     </span>
    </p>
   </div>
   <div class='ocr_carea' id='block_1_70' title="bbox 1863 2596 3448 2665">
    <p class='ocr_par' dir='ltr' id='par_1_70' title="bbox 1863 2596 3448 2665">
     <span class='ocr_line' id='line_1_70' title="bbox 1863 2596 3448 2665; baseline 0.003 -17"><span class='ocrx_word' id='word_1_526' title='bbox 1863 2596 2042 2660; x_wconf 86' lang='lat' dir='ltr'><strong>Quare</strong></span> <span class='ocrx_word' id='word_1_527' title='bbox 2069 2609 2215 2652; x_wconf 90' lang='lat' dir='ltr'><strong>errat</strong></span> <span class='ocrx_word' id='word_1_528' title='bbox 2250 2597 2537 2660; x_wconf 81' lang='lat' dir='ltr'><strong>Eusebius,</strong></span> <span class='ocrx_word' id='word_1_529' title='bbox 2565 2596 2692 2649; x_wconf 87' lang='lat' dir='ltr'><strong>dum</strong></span> <span class='ocrx_word' id='word_1_530' title='bbox 2723 2613 2866 2651; x_wconf 91' lang='lat' dir='ltr'><strong>anno</strong></span> <span class='ocrx_word' id='word_1_531' title='bbox 2887 2601 2953 2654; x_wconf 87' lang='lat' dir='ltr'><strong>l0</strong></span> <span class='ocrx_word' id='word_1_532' title='bbox 2983 2599 3200 2665; x_wconf 84' lang='lat' dir='ltr'><strong>Trajani</strong></span> <span class='ocrx_word' id='word_1_533' title='bbox 3233 2596 3448 2654; x_wconf 82' lang='lat' dir='ltr'><strong>tertiam</strong></span> 
     </span>
    </p>
   </div>
   <div class='ocr_carea' id='block_1_71' title="bbox 1865 2669 3448 2737">
    <p class='ocr_par' dir='ltr' id='par_1_71' title="bbox 1865 2669 3448 2737">
     <span class='ocr_line' id='line_1_71' title="bbox 1865 2669 3448 2737; baseline 0.003 -17"><span class='ocrx_word' id='word_1_534' title='bbox 1865 2669 2300 2734; x_wconf 87' lang='lat' dir='ltr'><strong>persecutionem</strong></span> <span class='ocrx_word' id='word_1_535' title='bbox 2331 2669 2540 2723; x_wconf 88' lang='lat' dir='ltr'><strong>initintn</strong></span> <span class='ocrx_word' id='word_1_536' title='bbox 2566 2674 2862 2731; x_wconf 80' lang='lat' dir='ltr'><strong>sumpsisse</strong></span> <span class='ocrx_word' id='word_1_537' title='bbox 2889 2670 3190 2724; x_wconf 91' lang='lat' dir='ltr'><strong>contendit.</strong></span> <span class='ocrx_word' id='word_1_538' title='bbox 3226 2671 3301 2723; x_wconf 83' lang='lat' dir='ltr'><strong>De</strong></span> <span class='ocrx_word' id='word_1_539' title='bbox 3329 2669 3448 2737; x_wconf 89' lang='lat' dir='ltr'><strong>ipso</strong></span> 
     </span>
    </p>
   </div>
   <div class='ocr_carea' id='block_1_72' title="bbox 1860 2738 3452 2810">
    <p class='ocr_par' dir='ltr' id='par_1_72' title="bbox 1860 2738 3452 2810">
     <span class='ocr_line' id='line_1_72' title="bbox 1860 2738 3452 2810; baseline 0.003 -19"><span class='ocrx_word' id='word_1_540' title='bbox 1860 2738 2036 2792; x_wconf 80' lang='lat' dir='ltr'><strong>Plinio</strong></span> <span class='ocrx_word' id='word_1_541' title='bbox 2081 2739 2354 2804; x_wconf 87' lang='lat' dir='ltr'><strong>secundo,</strong></span> <span class='ocrx_word' id='word_1_542' title='bbox 2387 2742 2475 2808; x_wconf 88' lang='lat' dir='ltr'><strong>qui</strong></span> <span class='ocrx_word' id='word_1_543' title='bbox 2518 2753 2616 2808; x_wconf 89' lang='lat' dir='ltr'><strong>pro</strong></span> <span class='ocrx_word' id='word_1_544' title='bbox 2648 2738 2863 2795; x_wconf 83' lang='lat' dir='ltr'><strong>Christo</strong></span> <span class='ocrx_word' id='word_1_545' title='bbox 2896 2741 3064 2796; x_wconf 89' lang='lat' dir='ltr'><strong>etiam</strong></span> <span class='ocrx_word' id='word_1_546' title='bbox 3105 2754 3298 2810; x_wconf 87' lang='lat' dir='ltr'><strong>passus</strong></span> <span class='ocrx_word' id='word_1_547' title='bbox 3329 2754 3452 2796; x_wconf 90' lang='lat' dir='ltr'><strong>cre-</strong></span> 
     </span>
    </p>
   </div>
   <div class='ocr_carea' id='block_1_73' title="bbox 1857 2810 2778 2872">
    <p class='ocr_par' dir='ltr' id='par_1_73' title="bbox 1857 2810 2778 2872">
     <span class='ocr_line' id='line_1_73' title="bbox 1857 2810 2778 2872; baseline 0.002 -10"><span class='ocrx_word' id='word_1_548' title='bbox 1857 2810 2002 2863; x_wconf 90' lang='lat' dir='ltr'><strong>ditur</strong></span> <span class='ocrx_word' id='word_1_549' title='bbox 2026 2811 2155 2872; x_wconf 69' lang='lat' dir='ltr'><strong>auit,</strong></span> <span class='ocrx_word' id='word_1_550' title='bbox 2184 2810 2385 2864; x_wconf 83' lang='lat' dir='ltr'><strong>Dexter</strong></span> <span class='ocrx_word' id='word_1_551' title='bbox 2406 2811 2471 2863; x_wconf 91' lang='lat' dir='ltr'><strong>ad</strong></span> <span class='ocrx_word' id='word_1_552' title='bbox 2501 2827 2626 2864; x_wconf 92' lang='lat' dir='ltr'><strong>ann.</strong></span> <span class='ocrx_word' id='word_1_553' title='bbox 2652 2811 2778 2864; x_wconf 62' lang='lat'><strong>2‘20.</strong></span> 
     </span>
    </p>
   </div>
   <div class='ocr_carea' id='block_1_74' title="bbox 1931 2878 3452 2944">
    <p class='ocr_par' dir='ltr' id='par_1_74' title="bbox 1931 2878 3452 2944">
     <span class='ocr_line' id='line_1_74' title="bbox 1931 2878 3452 2944; baseline 0.003 -10"><span class='ocrx_word' id='word_1_554' title='bbox 1931 2878 2016 2934; x_wconf 72' lang='grc'><strong>14.</strong></span> <span class='ocrx_word' id='word_1_555' title='bbox 2049 2880 2330 2934; x_wconf 81' lang='lat' dir='ltr'><strong>Olcadibus</strong></span> <span class='ocrx_word' id='word_1_556' title='bbox 2368 2891 2471 2936; x_wconf 87' lang='lat' dir='ltr'><strong>etc.</strong></span> <span class='ocrx_word' id='word_1_557' title='bbox 2505 2883 2568 2934; x_wconf 85' lang='lat' dir='ltr'><strong>&#39;l‘.</strong></span> <span class='ocrx_word' id='word_1_558' title='bbox 2614 2881 2817 2944; x_wconf 77' lang='lat' dir='ltr'><strong>Livius,</strong></span> <span class='ocrx_word' id='word_1_559' title='bbox 2850 2879 2947 2934; x_wconf 92' lang='lat' dir='ltr'><strong>lib.</strong></span> <span class='ocrx_word' id='word_1_560' title='bbox 2979 2897 3076 2936; x_wconf 75' lang='grc' dir='ltr'>χιιι</span> <span class='ocrx_word' id='word_1_561' title='bbox 3101 2923 3114 2944; x_wconf 88' lang='grc'><em>,</em></span> <span class='ocrx_word' id='word_1_562' title='bbox 3155 2891 3344 2936; x_wconf 84' lang='lat' dir='ltr'><strong>auctor</strong></span> <span class='ocrx_word' id='word_1_563' title='bbox 3365 2891 3452 2939; x_wconf 89' lang='lat' dir='ltr'><strong>est</strong></span> 
     </span>
    </p>
   </div>
   <div class='ocr_carea' id='block_1_75' title="bbox 1856 2950 3444 3022">
    <p class='ocr_par' dir='ltr' id='par_1_75' title="bbox 1856 2950 3444 3022">
     <span class='ocr_line' id='line_1_75' title="bbox 1856 2950 3444 3022; baseline 0.003 -18"><span class='ocrx_word' id='word_1_564' title='bbox 1856 2950 2178 3022; x_wconf 82' lang='lat' dir='ltr'><strong>Annibalem</strong></span> <span class='ocrx_word' id='word_1_565' title='bbox 2217 2952 2698 3022; x_wconf 82' lang='lat' dir='ltr'><strong>Carthaginensem</strong></span> <span class='ocrx_word' id='word_1_566' title='bbox 2728 2953 3056 3020; x_wconf 86' lang='lat' dir='ltr'><strong>Saguntinos</strong></span> <span class='ocrx_word' id='word_1_567' title='bbox 3101 2963 3444 3022; x_wconf 77' lang='lat' dir='ltr'><strong>oppugnatu-</strong></span> 
     </span>
    </p>
   </div>
   <div class='ocr_carea' id='block_1_76' title="bbox 1854 3021 3445 3092">
    <p class='ocr_par' dir='ltr' id='par_1_76' title="bbox 1854 3021 3445 3092">
     <span class='ocr_line' id='line_1_76' title="bbox 1854 3021 3445 3092; baseline 0.003 -17"><span class='ocrx_word' id='word_1_568' title='bbox 1854 3037 1974 3075; x_wconf 85' lang='lat' dir='ltr'><strong>rum</strong></span> <span class='ocrx_word' id='word_1_569' title='bbox 2002 3065 2016 3089; x_wconf 93' lang='lat'><strong>,</strong></span> <span class='ocrx_word' id='word_1_570' title='bbox 2058 3021 2110 3076; x_wconf 90' lang='lat' dir='ltr'><strong>in</strong></span> <span class='ocrx_word' id='word_1_571' title='bbox 2142 3022 2401 3076; x_wconf 85' lang='lat' dir='ltr'><strong>Olcadum</strong></span> <span class='ocrx_word' id='word_1_572' title='bbox 2428 3021 2581 3077; x_wconf 81' lang='lat' dir='ltr'><strong>ﬁnes</strong></span> <span class='ocrx_word' id='word_1_573' title='bbox 2622 3023 2768 3092; x_wconf 88' lang='lat' dir='ltr'><strong>pritts</strong></span> <span class='ocrx_word' id='word_1_574' title='bbox 2801 3025 3079 3077; x_wconf 83' lang='lat' dir='ltr'><strong>induxisse</strong></span> <span class='ocrx_word' id='word_1_575' title='bbox 3106 3021 3445 3090; x_wconf 81' lang='lat' dir='ltr'><strong>exercitum;</strong></span> 
     </span>
    </p>
   </div>
   <div class='ocr_carea' id='block_1_77' title="bbox 1855 3092 3448 3162">
    <p class='ocr_par' dir='ltr' id='par_1_77' title="bbox 1855 3092 3448 3162">
     <span class='ocr_line' id='line_1_77' title="bbox 1855 3092 3448 3162; baseline 0.002 -17"><span class='ocrx_word' id='word_1_576' title='bbox 1855 3093 2039 3162; x_wconf 87' lang='lat' dir='ltr'><strong>ibiqtte</strong></span> <span class='ocrx_word' id='word_1_577' title='bbox 2066 3093 2133 3148; x_wconf 90' lang='lat' dir='ltr'><strong>de</strong></span> <span class='ocrx_word' id='word_1_578' title='bbox 2154 3092 2414 3147; x_wconf 78' lang='lat' dir='ltr'><strong>Olcadum</strong></span> <span class='ocrx_word' id='word_1_579' title='bbox 2447 3095 2648 3148; x_wconf 86' lang='lat' dir='ltr'><strong>linihus</strong></span> <span class='ocrx_word' id='word_1_580' title='bbox 2671 3109 2735 3148; x_wconf 85' lang='lat' dir='ltr'><strong>ac</strong></span> <span class='ocrx_word' id='word_1_581' title='bbox 2759 3093 2862 3148; x_wconf 89' lang='lat' dir='ltr'><strong>situ</strong></span> <span class='ocrx_word' id='word_1_582' title='bbox 2895 3094 2976 3150; x_wconf 88' lang='lat' dir='ltr'><strong>sic</strong></span> <span class='ocrx_word' id='word_1_583' title='bbox 3003 3095 3077 3148; x_wconf 87' lang='lat' dir='ltr'><strong>ait</strong></span> <span class='ocrx_word' id='word_1_584' title='bbox 3103 3111 3121 3148; x_wconf 91' lang='lat'><strong><em>:</em></strong></span> <span class='ocrx_word' id='word_1_585' title='bbox 3157 3093 3310 3150; x_wconf 88' lang='lat' dir='ltr'><strong>Ultra</strong></span> <span class='ocrx_word' id='word_1_586' title='bbox 3327 3093 3448 3148; x_wconf 88' lang='lat' dir='ltr'><strong>lbe-</strong></span> 
     </span>
    </p>
   </div>
   <div class='ocr_carea' id='block_1_78' title="bbox 1854 3165 3447 3237">
    <p class='ocr_par' dir='ltr' id='par_1_78' title="bbox 1854 3165 3447 3237">
     <span class='ocr_line' id='line_1_78' title="bbox 1854 3165 3447 3237; baseline 0.003 -21"><span class='ocrx_word' id='word_1_587' title='bbox 1854 3180 1970 3237; x_wconf 87' lang='lat' dir='ltr'><strong>rum</strong></span> <span class='ocrx_word' id='word_1_588' title='bbox 2004 3182 2065 3218; x_wconf 89' lang='lat' dir='ltr'><strong>ea</strong></span> <span class='ocrx_word' id='word_1_589' title='bbox 2092 3181 2215 3236; x_wconf 87' lang='lat' dir='ltr'><strong>gens</strong></span> <span class='ocrx_word' id='word_1_590' title='bbox 2243 3165 2295 3217; x_wconf 90' lang='lat' dir='ltr'><strong>in</strong></span> <span class='ocrx_word' id='word_1_591' title='bbox 2325 3177 2472 3237; x_wconf 78' lang='lat' dir='ltr'><strong>parte</strong></span> <span class='ocrx_word' id='word_1_592' title='bbox 2510 3167 2695 3237; x_wconf 89' lang='lat' dir='ltr'><strong>magis,</strong></span> <span class='ocrx_word' id='word_1_593' title='bbox 2731 3181 2882 3234; x_wconf 86' lang='lat' dir='ltr'><strong>quam</strong></span> <span class='ocrx_word' id='word_1_594' title='bbox 2911 3165 2964 3219; x_wconf 90' lang='lat' dir='ltr'><strong>in</strong></span> <span class='ocrx_word' id='word_1_595' title='bbox 3001 3167 3196 3228; x_wconf 79' lang='lat' dir='ltr'><strong>ditione</strong></span> <span class='ocrx_word' id='word_1_596' title='bbox 3227 3167 3447 3220; x_wconf 80' lang='lat' dir='ltr'><strong>Cartha-</strong></span> 
     </span>
    </p>
   </div>
   <div class='ocr_carea' id='block_1_79' title="bbox 1851 3235 3444 3308">
    <p class='ocr_par' dir='ltr' id='par_1_79' title="bbox 1851 3235 3444 3308">
     <span class='ocr_line' id='line_1_79' title="bbox 1851 3235 3444 3308; baseline 0.003 -21"><span class='ocrx_word' id='word_1_597' title='bbox 1851 3235 2143 3308; x_wconf 83' lang='lat' dir='ltr'><strong>ginensiunt</strong></span> <span class='ocrx_word' id='word_1_598' title='bbox 2203 3235 2334 3290; x_wconf 74' lang='lat' dir='ltr'><strong>erat.</strong></span> <span class='ocrx_word' id='word_1_599' title='bbox 2396 3235 2649 3308; x_wconf 80' lang='lat' dir='ltr'><strong>Carteiam</strong></span> <span class='ocrx_word' id='word_1_600' title='bbox 2708 3237 2883 3289; x_wconf 84' lang='lat' dir='ltr'><strong>urbem</strong></span> <span class='ocrx_word' id='word_1_601' title='bbox 2937 3237 3236 3308; x_wconf 88' lang='lat' dir='ltr'><strong>opulcntant</strong></span> <span class='ocrx_word' id='word_1_602' title='bbox 3284 3246 3444 3304; x_wconf 90' lang='lat' dir='ltr'><strong>caput</strong></span> 
     </span>
    </p>
   </div>
   <div class='ocr_carea' id='block_1_80' title="bbox 1853 3307 3448 3381">
    <p class='ocr_par' dir='ltr' id='par_1_80' title="bbox 1853 3307 3448 3381">
     <span class='ocr_line' id='line_1_80' title="bbox 1853 3307 3448 3381; baseline 0.003 -23"><span class='ocrx_word' id='word_1_603' title='bbox 1853 3307 2020 3381; x_wconf 79' lang='lat' dir='ltr'><strong>gentis</strong></span> <span class='ocrx_word' id='word_1_604' title='bbox 2047 3310 2162 3381; x_wconf 84' lang='lat' dir='ltr'><strong>ejus</strong></span> <span class='ocrx_word' id='word_1_605' title='bbox 2187 3319 2474 3379; x_wconf 68' lang='lat' dir='ltr'><strong>expugnat,</strong></span> <span class='ocrx_word' id='word_1_606' title='bbox 2518 3307 2800 3378; x_wconf 83' lang='lat' dir='ltr'><strong>diripitque</strong></span> <span class='ocrx_word' id='word_1_607' title='bbox 2824 3323 2844 3361; x_wconf 89' lang='lat'><strong><em>:</em></strong></span> <span class='ocrx_word' id='word_1_608' title='bbox 2875 3307 2979 3380; x_wconf 86' lang='lat' dir='ltr'><strong>quo</strong></span> <span class='ocrx_word' id='word_1_609' title='bbox 3002 3319 3160 3381; x_wconf 2' lang='lat' dir='ltr'><strong>(metu</strong></span> <span class='ocrx_word' id='word_1_610' title='bbox 3191 3309 3448 3379; x_wconf 74' lang='lat' dir='ltr'><strong>perculsa:</strong></span> 
     </span>
    </p>
   </div>
   <div class='ocr_carea' id='block_1_81' title="bbox 1853 3379 3450 3449">
    <p class='ocr_par' dir='ltr' id='par_1_81' title="bbox 1853 3379 3450 3449">
     <span class='ocr_line' id='line_1_81' title="bbox 1853 3379 3450 3449; baseline 0.003 -20"><span class='ocrx_word' id='word_1_611' title='bbox 1853 3379 2080 3432; x_wconf 76' lang='lat' dir='ltr'><strong>minores</strong></span> <span class='ocrx_word' id='word_1_612' title='bbox 2123 3381 2373 3449; x_wconf 76' lang='lat' dir='ltr'><strong>ciuitates,</strong></span> <span class='ocrx_word' id='word_1_613' title='bbox 2409 3381 2665 3448; x_wconf 82' lang='lat' dir='ltr'><strong>stipendio</strong></span> <span class='ocrx_word' id='word_1_614' title='bbox 2708 3379 2971 3449; x_wconf 87' lang='lat' dir='ltr'><strong>imposito,</strong></span> <span class='ocrx_word' id='word_1_615' title='bbox 2996 3379 3277 3448; x_wconf 86' lang='lat' dir='ltr'><strong>imperium</strong></span> <span class='ocrx_word' id='word_1_616' title='bbox 3302 3396 3450 3434; x_wconf 86' lang='lat' dir='ltr'><strong>acce-</strong></span> 
     </span>
    </p>
   </div>
   <div class='ocr_carea' id='block_1_82' title="bbox 1852 3448 3446 3522">
    <p class='ocr_par' dir='ltr' id='par_1_82' title="bbox 1852 3448 3446 3522">
     <span class='ocr_line' id='line_1_82' title="bbox 1852 3448 3446 3522; baseline 0.003 -22"><span class='ocrx_word' id='word_1_617' title='bbox 1852 3464 2010 3522; x_wconf 80' lang='lat' dir='ltr'><strong>pere;</strong></span> <span class='ocrx_word' id='word_1_618' title='bbox 2055 3448 2378 3522; x_wconf 80' lang='lat' dir='ltr'><strong>sul_i_ditque:</strong></span> <span class='ocrx_word' id='word_1_619' title='bbox 2426 3450 2554 3504; x_wconf 82' lang='lat' dir='ltr'><strong>Vere</strong></span> <span class='ocrx_word' id='word_1_620' title='bbox 2590 3450 2754 3522; x_wconf 90' lang='lat' dir='ltr'><strong>primo</strong></span> <span class='ocrx_word' id='word_1_621' title='bbox 2779 3448 2840 3522; x_wconf 81' lang='lat' dir='ltr'><strong>in</strong></span> <span class='ocrx_word' id='word_1_622' title='bbox 2878 3450 3118 3522; x_wconf 50' lang='lat' dir='ltr'><strong>[accitos</strong></span> <span class='ocrx_word' id='word_1_623' title='bbox 3158 3461 3446 3519; x_wconf 88' lang='lat' dir='ltr'><strong>permotum</strong></span> 
     </span>
    </p>
   </div>
   <div class='ocr_carea' id='block_1_83' title="bbox 1853 3519 3442 3587">
    <p class='ocr_par' dir='ltr' id='par_1_83' title="bbox 1853 3519 3442 3587">
     <span class='ocr_line' id='line_1_83' title="bbox 1853 3519 3442 3587; baseline 0.003 -16"><span class='ocrx_word' id='word_1_624' title='bbox 1853 3519 2038 3572; x_wconf 86' lang='lat' dir='ltr'><strong>bellum</strong></span> <span class='ocrx_word' id='word_1_625' title='bbox 2067 3536 2085 3574; x_wconf 91' lang='lat'><strong><em>:</em></strong></span> <span class='ocrx_word' id='word_1_626' title='bbox 2117 3519 2493 3584; x_wconf 77' lang='lat' dir='ltr'><strong>Hermandica,</strong></span> <span class='ocrx_word' id='word_1_627' title='bbox 2528 3519 2859 3575; x_wconf 40' lang='lat' dir='ltr'><strong>et&#39;Arbacala</strong></span> <span class='ocrx_word' id='word_1_628' title='bbox 2883 3520 3244 3576; x_wconf 87' lang='lat' dir='ltr'><strong>Cartheiorum</strong></span> <span class='ocrx_word' id='word_1_629' title='bbox 3269 3523 3442 3587; x_wconf 88' lang='lat' dir='ltr'><strong>urbes,</strong></span> 
     </span>
    </p>
   </div>
   <div class='ocr_carea' id='block_1_84' title="bbox 1851 3590 3445 3664">
    <p class='ocr_par' dir='ltr' id='par_1_84' title="bbox 1851 3590 3445 3664">
     <span class='ocr_line' id='line_1_84' title="bbox 1851 3590 3445 3664; baseline 0.001 -20"><span class='ocrx_word' id='word_1_630' title='bbox 1851 3590 1898 3644; x_wconf 82' lang='lat' dir='ltr'><strong>vi</strong></span> <span class='ocrx_word' id='word_1_631' title='bbox 1929 3600 2114 3661; x_wconf 71' lang='lat' dir='ltr'><strong>capue.</strong></span> <span class='ocrx_word' id='word_1_632' title='bbox 2145 3593 2220 3644; x_wconf 83' lang='lat' dir='ltr'><strong>Ab</strong></span> <span class='ocrx_word' id='word_1_633' title='bbox 2257 3591 2307 3644; x_wconf 85' lang='grc'><strong>11</strong></span> <span class='ocrx_word' id='word_1_634' title='bbox 2314 3593 2608 3646; x_wconf 80' lang='lat' dir='ltr'><strong>ermandica</strong></span> <span class='ocrx_word' id='word_1_635' title='bbox 2637 3594 2867 3664; x_wconf 76' lang='lat' dir='ltr'><strong>profugi,</strong></span> <span class='ocrx_word' id='word_1_636' title='bbox 2903 3594 3162 3647; x_wconf 77' lang='lat' dir='ltr'><strong>exsulibus</strong></span> <span class='ocrx_word' id='word_1_637' title='bbox 3189 3591 3445 3664; x_wconf 78' lang='lat' dir='ltr'><strong>Olcadum</strong></span> 
     </span>
    </p>
   </div>
   <div class='ocr_carea' id='block_1_85' title="bbox 1850 3611 3446 3735">
    <p class='ocr_par' dir='ltr' id='par_1_85' title="bbox 1850 3611 3446 3735">
     <span class='ocr_line' id='line_1_85' title="bbox 1851 3611 3445 3664; baseline 0.001 -20"><span class='ocrx_word' id='word_1_638' title='bbox 1851 3611 1898 3644; x_wconf 82' lang='lat' dir='ltr'><strong>vr</strong></span> <span class='ocrx_word' id='word_1_639' title='bbox 1929 3611 2114 3661; x_wconf 76' lang='lat' dir='ltr'><strong>capue.</strong></span> <span class='ocrx_word' id='word_1_640' title='bbox 2145 3611 2220 3644; x_wconf 76' lang='lat' dir='ltr'><strong>A0</strong></span> <span class='ocrx_word' id='word_1_641' title='bbox 2257 3611 2608 3646; x_wconf 79' lang='lat' dir='ltr'><strong>rrerntanatca</strong></span> <span class='ocrx_word' id='word_1_642' title='bbox 2637 3611 2791 3664; x_wconf 72' lang='lat' dir='ltr'><strong>prejn</strong></span> <span class='ocrx_word' id='word_1_643' title='bbox 2834 3611 2867 3658; x_wconf 78' lang='grc' dir='ltr'>ι,</span> <span class='ocrx_word' id='word_1_644' title='bbox 2903 3611 3162 3647; x_wconf 75' lang='lat' dir='ltr'><strong>exsulibus</strong></span> <span class='ocrx_word' id='word_1_645' title='bbox 3189 3611 3445 3646; x_wconf 83' lang='lat' dir='ltr'><strong>Utcaaum</strong></span> 
     </span>
     <span class='ocr_line' id='line_1_86' title="bbox 1850 3611 3446 3735; baseline 0.003 -23"><span class='ocrx_word' id='word_1_646' title='bbox 1850 3677 2074 3735; x_wconf 5' lang='lat' dir='ltr'><strong>eumpse</strong></span> <span class='ocrx_word' id='word_1_647' title='bbox 2104 3665 2436 3734; x_wconf 79' lang='lat' dir='ltr'><strong>junxissent,</strong></span> <span class='ocrx_word' id='word_1_648' title='bbox 2475 3667 2734 3735; x_wconf 86' lang='lat' dir='ltr'><strong>concitant</strong></span> <span class='ocrx_word' id='word_1_649' title='bbox 2779 3611 3132 3735; x_wconf 60' lang='lat' dir='ltr'><strong>garpetanos:</strong></span> <span class='ocrx_word' id='word_1_650' title='bbox 3176 3663 3446 3735; x_wconf 84' lang='lat' dir='ltr'><strong>adortique</strong></span> 
     </span>
    </p>
   </div>
   <div class='ocr_carea' id='block_1_86' title="bbox 1850 3731 3446 3806">
    <p class='ocr_par' dir='ltr' id='par_1_86' title="bbox 1850 3731 3446 3806">
     <span class='ocr_line' id='line_1_87' title="bbox 1850 3731 3446 3806; baseline 0.002 -21"><span class='ocrx_word' id='word_1_651' title='bbox 1850 3731 2154 3806; x_wconf 81' lang='lat' dir='ltr'><strong>Annibalem</strong></span> <span class='ocrx_word' id='word_1_652' title='bbox 2200 3751 2489 3804; x_wconf 71' lang='lat' dir='ltr'><strong>regressum</strong></span> <span class='ocrx_word' id='word_1_653' title='bbox 2531 3751 2594 3788; x_wconf 78' lang='lat' dir='ltr'><strong>ea:</strong></span> <span class='ocrx_word' id='word_1_654' title='bbox 2631 3734 2855 3788; x_wconf 81' lang='lat' dir='ltr'><strong>l&#39;accwis</strong></span> <span class='ocrx_word' id='word_1_655' title='bbox 2883 3731 3048 3788; x_wconf 78' lang='lat' dir='ltr'><strong>haud</strong></span> <span class='ocrx_word' id='word_1_656' title='bbox 3078 3738 3258 3806; x_wconf 79' lang='lat' dir='ltr'><strong>procul</strong></span> <span class='ocrx_word' id='word_1_657' title='bbox 3300 3731 3446 3806; x_wconf 81' lang='lat' dir='ltr'><strong>Tago</strong></span> 
     </span>
    </p>
   </div>
   <div class='ocr_carea' id='block_1_87' title="bbox 1850 3805 3446 3878">
    <p class='ocr_par' dir='ltr' id='par_1_87' title="bbox 1850 3805 3446 3878">
     <span class='ocr_line' id='line_1_88' title="bbox 1850 3805 3446 3878; baseline 0.003 -24"><span class='ocrx_word' id='word_1_658' title='bbox 1850 3805 2095 3871; x_wconf 82' lang='lat' dir='ltr'><strong>ﬂumine,</strong></span> <span class='ocrx_word' id='word_1_659' title='bbox 2147 3821 2330 3878; x_wconf 81' lang='lat' dir='ltr'><strong>agmen</strong></span> <span class='ocrx_word' id='word_1_660' title='bbox 2367 3823 2520 3877; x_wconf 81' lang='lat' dir='ltr'><strong>grave</strong></span> <span class='ocrx_word' id='word_1_661' title='bbox 2557 3806 2734 3878; x_wconf 78' lang='lat' dir='ltr'><strong>prtcda</strong></span> <span class='ocrx_word' id='word_1_662' title='bbox 2780 3805 3085 3878; x_wconf 68' lang='lat' dir='ltr'><strong>turbavere.</strong></span> <span class='ocrx_word' id='word_1_663' title='bbox 3127 3805 3446 3874; x_wconf 79' lang='lat' dir='ltr'><strong>Carpetano-</strong></span> 
     </span>
    </p>
   </div>
   <div class='ocr_carea' id='block_1_88' title="bbox 1851 3875 3441 3945">
    <p class='ocr_par' dir='ltr' id='par_1_88' title="bbox 1851 3875 3441 3945">
     <span class='ocr_line' id='line_1_89' title="bbox 1851 3875 3441 3945; baseline 0.001 -19"><span class='ocrx_word' id='word_1_664' title='bbox 1851 3891 1967 3926; x_wconf 87' lang='lat' dir='ltr'><strong>rum</strong></span> <span class='ocrx_word' id='word_1_665' title='bbox 1995 3891 2110 3928; x_wconf 87' lang='lat' dir='ltr'><strong>cum</strong></span> <span class='ocrx_word' id='word_1_666' title='bbox 2141 3875 2512 3945; x_wconf 77' lang='lat' dir='ltr'><strong>appendicibus</strong></span> <span class='ocrx_word' id='word_1_667' title='bbox 2543 3877 2822 3940; x_wconf 84' lang='lat' dir='ltr'><strong>Olcadum,</strong></span> <span class='ocrx_word' id='word_1_668' title='bbox 2854 3875 3288 3945; x_wconf 64' lang='lat' dir='ltr'><strong>Vaccaeorumque</strong></span> <span class='ocrx_word' id='word_1_669' title='bbox 3318 3891 3441 3928; x_wconf 85' lang='lat' dir='ltr'><strong>cen-</strong></span> 
     </span>
    </p>
   </div>
   <div class='ocr_carea' id='block_1_89' title="bbox 1851 3945 3439 4014">
    <p class='ocr_par' dir='ltr' id='par_1_89' title="bbox 1851 3945 3439 4014">
     <span class='ocr_line' id='line_1_90' title="bbox 1851 3945 3439 4014; baseline 0.001 -18"><span class='ocrx_word' id='word_1_670' title='bbox 1851 3952 1959 3996; x_wconf 85' lang='lat' dir='ltr'><strong>tum</strong></span> <span class='ocrx_word' id='word_1_671' title='bbox 2001 3945 2165 3999; x_wconf 87' lang='lat' dir='ltr'><strong>millia</strong></span> <span class='ocrx_word' id='word_1_672' title='bbox 2194 3947 2268 4013; x_wconf 91' lang='lat' dir='ltr'><strong>(hi</strong></span> <span class='ocrx_word' id='word_1_673' title='bbox 2320 3963 2384 4000; x_wconf 76' lang='lat' dir='ltr'><strong>ex</strong></span> <span class='ocrx_word' id='word_1_674' title='bbox 2429 3947 2779 4000; x_wconf 88' lang='lat' dir='ltr'><strong>lleltuaudica</strong></span> <span class='ocrx_word' id='word_1_675' title='bbox 2827 3955 2882 3998; x_wconf 91' lang='lat' dir='ltr'><strong>ut</strong></span> <span class='ocrx_word' id='word_1_676' title='bbox 2929 3946 3224 4014; x_wconf 88' lang='lat' dir='ltr'><strong>plurimum</strong></span> <span class='ocrx_word' id='word_1_677' title='bbox 3258 3956 3439 4012; x_wconf 89' lang='lat' dir='ltr'><strong>erant,</strong></span> 
     </span>
    </p>
   </div>
   <div class='ocr_carea' id='block_1_90' title="bbox 1852 4015 3440 4081">
    <p class='ocr_par' dir='ltr' id='par_1_90' title="bbox 1852 4015 3440 4081">
     <span class='ocr_line' id='line_1_91' title="bbox 1852 4015 3440 4081; baseline 0.004 -16"><span class='ocrx_word' id='word_1_678' title='bbox 1852 4031 2011 4081; x_wconf 87' lang='lat' dir='ltr'><strong>quam</strong></span> <span class='ocrx_word' id='word_1_679' title='bbox 2055 4033 2195 4069; x_wconf 90' lang='lat' dir='ltr'><strong>nunc</strong></span> <span class='ocrx_word' id='word_1_680' title='bbox 2224 4017 2609 4071; x_wconf 86' lang='lat' dir='ltr'><strong>Salmanticam</strong></span> <span class='ocrx_word' id='word_1_681' title='bbox 2638 4016 2893 4077; x_wconf 87' lang='lat' dir='ltr'><strong>dicimus,</strong></span> <span class='ocrx_word' id='word_1_682' title='bbox 2924 4030 2992 4068; x_wconf 74' lang='lat' dir='ltr'><strong>cx</strong></span> <span class='ocrx_word' id='word_1_683' title='bbox 3019 4015 3279 4068; x_wconf 85' lang='lat' dir='ltr'><strong>Turncbo</strong></span> <span class='ocrx_word' id='word_1_684' title='bbox 3310 4017 3347 4069; x_wconf 96' lang='lat' dir='ltr'><strong>l.</strong></span> <span class='ocrx_word' id='word_1_685' title='bbox 3383 4032 3440 4071; x_wconf 88' lang='grc' dir='ltr'><strong>ιιι</strong></span> 
     </span>
    </p>
   </div>
   <div class='ocr_carea' id='block_1_91' title="bbox 175 4081 3438 4160">
    <p class='ocr_par' dir='ltr' id='par_1_91' title="bbox 175 4081 3438 4160">
     <span class='ocr_line' id='line_1_92' title="bbox 175 4081 3438 4160; baseline 0.002 -27"><span class='ocrx_word' id='word_1_686' title='bbox 175 4081 433 4160; x_wconf 79' lang='lat' dir='ltr'><strong>Xantanas</strong></span> <span class='ocrx_word' id='word_1_687' title='bbox 475 4081 653 4160; x_wconf 66' lang='lat' dir='ltr'><strong>urbem</strong></span> <span class='ocrx_word' id='word_1_688' title='bbox 692 4089 857 4160; x_wconf 16' lang='lat' dir='ltr'><strong>vobis,</strong></span> <span class='ocrx_word' id='word_1_689' title='bbox 881 4081 1242 4155; x_wconf 74' lang='lat' dir='ltr'><strong>nbtiﬁcanms.</strong></span> <span class='ocrx_word' id='word_1_690' title='bbox 1278 4081 1373 4160; x_wconf 77' lang='lat' dir='ltr'><strong>pro</strong></span> <span class='ocrx_word' id='word_1_691' title='bbox 1398 4089 1606 4160; x_wconf 83' lang='lat' dir='ltr'><strong>Domini</strong></span> <span class='ocrx_word' id='word_1_692' title='bbox 1638 4081 1748 4154; x_wconf 60' lang='grc' dir='ltr'><strong>βόε</strong></span> <span class='ocrx_word' id='word_1_693' title='bbox 1773 4091 1817 4152; x_wconf 82' lang='lat' dir='ltr'><strong>C</strong></span> <span class='ocrx_word' id='word_1_694' title='bbox 1851 4085 2229 4160; x_wconf 10' lang='lat' dir='ltr'><strong>Aﬁnitnadvers.</strong></span> <span class='ocrx_word' id='word_1_695' title='bbox 2264 4101 2395 4160; x_wconf 72' lang='lat' dir='ltr'><strong>cap.</strong></span> <span class='ocrx_word' id='word_1_696' title='bbox 2427 4089 2494 4139; x_wconf 82' lang='grc'><strong>18</strong></span> <span class='ocrx_word' id='word_1_697' title='bbox 2541 4095 2594 4160; x_wconf 82' lang='lat' dir='ltr'><strong>et</strong></span> <span class='ocrx_word' id='word_1_698' title='bbox 2640 4085 3012 4160; x_wconf 55' lang='lat' dir='ltr'><strong>Codelexoin</strong></span> <span class='ocrx_word' id='word_1_699' title='bbox 3046 4083 3196 4139; x_wconf 83' lang='lat' dir='ltr'><strong>Notis</strong></span> <span class='ocrx_word' id='word_1_700' title='bbox 3238 4086 3304 4140; x_wconf 89' lang='lat' dir='ltr'><strong>ad</strong></span> <span class='ocrx_word' id='word_1_701' title='bbox 3353 4085 3438 4140; x_wconf 85' lang='lat' dir='ltr'><strong>Li-</strong></span> 
     </span>
    </p>
   </div>
   <div class='ocr_carea' id='block_1_92' title="bbox 173 4158 1745 4230">
    <p class='ocr_par' dir='ltr' id='par_1_92' title="bbox 173 4158 1745 4230">
     <span class='ocr_line' id='line_1_93' title="bbox 173 4158 1745 4230; baseline 0.006 -27"><span class='ocrx_word' id='word_1_702' title='bbox 173 4158 432 4226; x_wconf 84' lang='lat' dir='ltr'><strong>accepisse.</strong></span> <span class='ocrx_word' id='word_1_703' title='bbox 466 4159 803 4230; x_wconf 81' lang='lat' dir='ltr'><strong>Quapropter</strong></span> <span class='ocrx_word' id='word_1_704' title='bbox 836 4159 1207 4214; x_wconf 86' lang='lat' dir='ltr'><strong>Paternitatent</strong></span> <span class='ocrx_word' id='word_1_705' title='bbox 1229 4158 1446 4212; x_wconf 72' lang='lat' dir='ltr'><strong>vestram</strong></span> <span class='ocrx_word' id='word_1_706' title='bbox 1481 4159 1745 4213; x_wconf 80' lang='lat' dir='ltr'><strong>humiliter</strong></span> 
     </span>
    </p>
   </div>
   <div class='ocr_carea' id='block_1_93' title="bbox 175 4231 1746 4301">
    <p class='ocr_par' dir='ltr' id='par_1_93' title="bbox 175 4231 1746 4301">
     <span class='ocr_line' id='line_1_94' title="bbox 175 4231 1746 4301; baseline 0.006 -26"><span class='ocrx_word' id='word_1_707' title='bbox 175 4241 336 4301; x_wconf 70' lang='lat' dir='ltr'><strong>exoro,</strong></span> <span class='ocrx_word' id='word_1_708' title='bbox 376 4240 430 4282; x_wconf 86' lang='lat' dir='ltr'><strong>ut</strong></span> <span class='ocrx_word' id='word_1_709' title='bbox 465 4233 603 4283; x_wconf 86' lang='lat' dir='ltr'><strong>hunc</strong></span> <span class='ocrx_word' id='word_1_710' title='bbox 639 4233 901 4299; x_wconf 86' lang='lat' dir='ltr'><strong>passionis</strong></span> <span class='ocrx_word' id='word_1_711' title='bbox 935 4234 1048 4301; x_wconf 83' lang='lat' dir='ltr'><strong>ejus</strong></span> <span class='ocrx_word' id='word_1_712' title='bbox 1087 4231 1314 4301; x_wconf 71' lang='lat' dir='ltr'><strong>codicem</strong></span> <span class='ocrx_word' id='word_1_713' title='bbox 1349 4231 1746 4301; x_wconf 80' lang='lat' dir='ltr'><strong>consanguineis</strong></span> 
     </span>
    </p>
   </div>
   <div class='ocr_carea' id='block_1_94' title="bbox 181 4299 1744 4371">
    <p class='ocr_par' dir='ltr' id='par_1_94' title="bbox 181 4299 1744 4371">
     <span class='ocr_line' id='line_1_95' title="bbox 181 4299 1744 4371; baseline 0.006 -26"><span class='ocrx_word' id='word_1_714' title='bbox 181 4299 306 4371; x_wconf 78' lang='lat' dir='ltr'><strong>meis,</strong></span> <span class='ocrx_word' id='word_1_715' title='bbox 331 4308 376 4351; x_wconf 88' lang='lat' dir='ltr'><strong>et</strong></span> <span class='ocrx_word' id='word_1_716' title='bbox 400 4304 558 4368; x_wconf 85' lang='lat' dir='ltr'><strong>notis,</strong></span> <span class='ocrx_word' id='word_1_717' title='bbox 581 4310 631 4356; x_wconf 82' lang='lat' dir='ltr'><strong>et</strong></span> <span class='ocrx_word' id='word_1_718' title='bbox 660 4303 842 4355; x_wconf 83' lang='lat' dir='ltr'><strong>amicis</strong></span> <span class='ocrx_word' id='word_1_719' title='bbox 858 4299 1097 4371; x_wconf 77' lang='lat' dir='ltr'><strong>ﬁdelibus</strong></span> <span class='ocrx_word' id='word_1_720' title='bbox 1119 4303 1170 4354; x_wconf 92' lang='lat' dir='ltr'><strong>in</strong></span> <span class='ocrx_word' id='word_1_721' title='bbox 1188 4300 1404 4356; x_wconf 80' lang='lat' dir='ltr'><strong>Crtecia:</strong></span> <span class='ocrx_word' id='word_1_722' title='bbox 1427 4299 1557 4370; x_wconf 74' lang='lat' dir='ltr'><strong>oris,</strong></span> <span class='ocrx_word' id='word_1_723' title='bbox 1583 4303 1744 4355; x_wconf 80' lang='lat' dir='ltr'><strong>Athe-</strong></span> 
     </span>
    </p>
   </div>
   <div class='ocr_carea' id='block_1_95' title="bbox 176 4367 1749 4444">
    <p class='ocr_par' dir='ltr' id='par_1_95' title="bbox 176 4367 1749 4444">
     <span class='ocr_line' id='line_1_96' title="bbox 176 4367 1749 4444; baseline 0.006 -27"><span class='ocrx_word' id='word_1_724' title='bbox 176 4367 551 4444; x_wconf 79' lang='lat' dir='ltr'><strong>nisprtccipue,</strong></span> <span class='ocrx_word' id='word_1_725' title='bbox 578 4390 733 4442; x_wconf 84' lang='lat' dir='ltr'><strong>quam</strong></span> <span class='ocrx_word' id='word_1_726' title='bbox 763 4367 917 4426; x_wconf 76' lang='lat' dir='ltr'><strong>citius</strong></span> <span class='ocrx_word' id='word_1_727' title='bbox 947 4374 1211 4444; x_wconf 72' lang='lat' dir='ltr'><strong>poteritis,</strong></span> <span class='ocrx_word' id='word_1_728' title='bbox 1237 4375 1438 4426; x_wconf 86' lang='lat' dir='ltr'><strong>mittere</strong></span> <span class='ocrx_word' id='word_1_729' title='bbox 1469 4367 1568 4426; x_wconf 80' lang='lat' dir='ltr'><strong>non</strong></span> <span class='ocrx_word' id='word_1_730' title='bbox 1598 4372 1749 4439; x_wconf 75' lang='lat' dir='ltr'><strong>diﬂ&#39;e-</strong></span> 
     </span>
    </p>
   </div>
   <div class='ocr_carea' id='block_1_96' title="bbox 179 4441 1744 4518">
    <p class='ocr_par' dir='ltr' id='par_1_96' title="bbox 179 4441 1744 4518">
     <span class='ocr_line' id='line_1_97' title="bbox 179 4441 1744 4518; baseline 0.004 -29"><span class='ocrx_word' id='word_1_731' title='bbox 179 4441 325 4518; x_wconf 66' lang='lat' dir='ltr'><strong>rntis;</strong></span> <span class='ocrx_word' id='word_1_732' title='bbox 352 4441 601 4518; x_wconf 76' lang='lat' dir='ltr'><strong>quatenus</strong></span> <span class='ocrx_word' id='word_1_733' title='bbox 644 4444 756 4510; x_wconf 88' lang='lat' dir='ltr'><strong>illi,</strong></span> <span class='ocrx_word' id='word_1_734' title='bbox 789 4445 878 4512; x_wconf 82' lang='lat' dir='ltr'><strong>qui</strong></span> <span class='ocrx_word' id='word_1_735' title='bbox 909 4441 955 4497; x_wconf 72' lang='grc' dir='ltr'><strong>α’</strong></span> <span class='ocrx_word' id='word_1_736' title='bbox 977 4442 1040 4496; x_wconf 82' lang='grc' dir='ltr'><strong>Β.</strong></span> <span class='ocrx_word' id='word_1_737' title='bbox 1074 4441 1245 4496; x_wconf 86' lang='lat' dir='ltr'><strong>Paulo</strong></span> <span class='ocrx_word' id='word_1_738' title='bbox 1286 4459 1432 4497; x_wconf 75' lang='lat' dir='ltr'><strong>nocte</strong></span> <span class='ocrx_word' id='word_1_739' title='bbox 1470 4460 1744 4518; x_wconf 68' lang='lat' dir='ltr'><strong>regenera-</strong></span> 
     </span>
    </p>
   </div>
   <div class='ocr_carea' id='block_1_97' title="bbox 179 4513 1745 4584">
    <p class='ocr_par' dir='ltr' id='par_1_97' title="bbox 179 4513 1745 4584">
     <span class='ocr_line' id='line_1_98' title="bbox 179 4513 1745 4584; baseline 0.007 -26"><span class='ocrx_word' id='word_1_740' title='bbox 179 4513 319 4584; x_wconf 70' lang='lat' dir='ltr'><strong>lienis</strong></span> <span class='ocrx_word' id='word_1_741' title='bbox 345 4514 599 4568; x_wconf 83' lang='lat' dir='ltr'><strong>lavacrum</strong></span> <span class='ocrx_word' id='word_1_742' title='bbox 627 4532 731 4568; x_wconf 89' lang='lat' dir='ltr'><strong>una</strong></span> <span class='ocrx_word' id='word_1_743' title='bbox 762 4531 961 4584; x_wconf 86' lang='lat' dir='ltr'><strong>mecum</strong></span> <span class='ocrx_word' id='word_1_744' title='bbox 992 4524 1318 4584; x_wconf 82' lang='lat' dir='ltr'><strong>acceperunt,</strong></span> <span class='ocrx_word' id='word_1_745' title='bbox 1348 4531 1463 4568; x_wconf 90' lang='lat' dir='ltr'><strong>cum</strong></span> <span class='ocrx_word' id='word_1_746' title='bbox 1486 4513 1745 4569; x_wconf 78' lang='lat' dir='ltr'><strong>audierint</strong></span> 
     </span>
    </p>
   </div>
   <div class='ocr_carea' id='block_1_98' title="bbox 179 4578 1746 4658">
    <p class='ocr_par' dir='ltr' id='par_1_98' title="bbox 179 4578 1746 4658">
     <span class='ocr_line' id='line_1_99' title="bbox 179 4578 1746 4658; baseline 0.004 -25"><span class='ocrx_word' id='word_1_747' title='bbox 179 4578 437 4658; x_wconf 69' lang='lat' dir='ltr'><strong>gleriosum</strong></span> <span class='ocrx_word' id='word_1_748' title='bbox 478 4598 756 4658; x_wconf 81' lang='lat' dir='ltr'><strong>martyrem</strong></span> <span class='ocrx_word' id='word_1_749' title='bbox 795 4603 888 4656; x_wconf 91' lang='lat' dir='ltr'><strong>pro</strong></span> <span class='ocrx_word' id='word_1_750' title='bbox 916 4578 1123 4658; x_wconf 81' lang='lat' dir='ltr'><strong>Christi</strong></span> <span class='ocrx_word' id='word_1_751' title='bbox 1148 4585 1251 4653; x_wconf 82' lang='lat' dir='ltr'><strong>ﬁde</strong></span> <span class='ocrx_word' id='word_1_752' title='bbox 1283 4578 1540 4639; x_wconf 82' lang='lat' dir='ltr'><strong>crudelem</strong></span> <span class='ocrx_word' id='word_1_753' title='bbox 1574 4602 1746 4640; x_wconf 74' lang='lat' dir='ltr'><strong>necem</strong></span> 
     </span>
    </p>
   </div>
   <div class='ocr_carea' id='block_1_99' title="bbox 181 4651 1746 4728">
    <p class='ocr_par' dir='ltr' id='par_1_99' title="bbox 181 4651 1746 4728">
     <span class='ocr_line' id='line_1_100' title="bbox 181 4651 1746 4728; baseline 0.002 -19"><span class='ocrx_word' id='word_1_754' title='bbox 181 4651 394 4728; x_wconf 55' lang='grc' dir='ltr'><strong>ξζέὺὶξδις,</strong></span> <span class='ocrx_word' id='word_1_755' title='bbox 441 4651 698 4728; x_wconf 72' lang='lat' dir='ltr'><strong>gaudeant</strong></span> <span class='ocrx_word' id='word_1_756' title='bbox 741 4651 804 4710; x_wconf 76' lang='lat' dir='ltr'><strong>se</strong></span> <span class='ocrx_word' id='word_1_757' title='bbox 835 4651 1198 4711; x_wconf 74' lang='lat' dir='ltr'><strong>tribulatianes</strong></span> <span class='ocrx_word' id='word_1_758' title='bbox 1250 4664 1296 4710; x_wconf 89' lang='lat' dir='ltr'><strong>et</strong></span> <span class='ocrx_word' id='word_1_759' title='bbox 1341 4657 1612 4728; x_wconf 83' lang='lat' dir='ltr'><strong>angustias</strong></span> <span class='ocrx_word' id='word_1_760' title='bbox 1652 4675 1746 4725; x_wconf 86' lang='lat' dir='ltr'><strong>pro</strong></span> 
     </span>
    </p>
   </div>
   <div class='ocr_carea' id='block_1_100' title="bbox 184 4719 933 4783">
    <p class='ocr_par' dir='ltr' id='par_1_100' title="bbox 184 4719 933 4783">
     <span class='ocr_line' id='line_1_101' title="bbox 184 4719 933 4783; baseline 0.017 -14"><span class='ocrx_word' id='word_1_761' title='bbox 184 4719 361 4776; x_wconf 78' lang='lat' dir='ltr'><strong>Christi</strong></span> <span class='ocrx_word' id='word_1_762' title='bbox 386 4719 584 4783; x_wconf 63' lang='lat' dir='ltr'><strong>nomine</strong></span> <span class='ocrx_word' id='word_1_763' title='bbox 607 4729 933 4782; x_wconf 86' lang='lat' dir='ltr'><strong>substulisse.</strong></span> 
     </span>
    </p>
   </div>
   <div class='ocr_carea' id='block_1_101' title="bbox 243 4794 1745 4862">
    <p class='ocr_par' dir='ltr' id='par_1_101' title="bbox 243 4794 1745 4862">
     <span class='ocr_line' id='line_1_102' title="bbox 243 4794 1745 4862; baseline 0.005 -16"><span class='ocrx_word' id='word_1_764' title='bbox 243 4794 317 4847; x_wconf 74' lang='lat' dir='ltr'><strong>Ad</strong></span> <span class='ocrx_word' id='word_1_765' title='bbox 351 4799 544 4854; x_wconf 87' lang='lat' dir='ltr'><strong>calcem</strong></span> <span class='ocrx_word' id='word_1_766' title='bbox 584 4816 812 4854; x_wconf 89' lang='lat' dir='ltr'><strong>monere</strong></span> <span class='ocrx_word' id='word_1_767' title='bbox 849 4814 1134 4855; x_wconf 85' lang='lat' dir='ltr'><strong>necessum</strong></span> <span class='ocrx_word' id='word_1_768' title='bbox 1183 4808 1288 4862; x_wconf 89' lang='lat' dir='ltr'><strong>est,</strong></span> <span class='ocrx_word' id='word_1_769' title='bbox 1331 4815 1437 4853; x_wconf 91' lang='lat' dir='ltr'><strong>non</strong></span> <span class='ocrx_word' id='word_1_770' title='bbox 1482 4799 1603 4853; x_wconf 77' lang='lat' dir='ltr'><strong>ideo</strong></span> <span class='ocrx_word' id='word_1_771' title='bbox 1644 4799 1745 4854; x_wconf 93' lang='lat' dir='ltr'><strong>hoc</strong></span> 
     </span>
    </p>
   </div>
   <div class='ocr_carea' id='block_1_102' title="bbox 182 4869 1744 4941">
    <p class='ocr_par' dir='ltr' id='par_1_102' title="bbox 182 4869 1744 4941">
     <span class='ocr_line' id='line_1_103' title="bbox 182 4869 1744 4941; baseline 0.007 -27"><span class='ocrx_word' id='word_1_772' title='bbox 182 4877 305 4916; x_wconf 82' lang='lat' dir='ltr'><strong>anno</strong></span> <span class='ocrx_word' id='word_1_773' title='bbox 333 4869 427 4923; x_wconf 74' lang='lat'><strong>100</strong></span> <span class='ocrx_word' id='word_1_774' title='bbox 458 4873 634 4940; x_wconf 80' lang='lat' dir='ltr'><strong>egisse</strong></span> <span class='ocrx_word' id='word_1_775' title='bbox 682 4873 940 4925; x_wconf 79' lang='lat' dir='ltr'><strong>Dextrum</strong></span> <span class='ocrx_word' id='word_1_776' title='bbox 987 4872 1056 4925; x_wconf 90' lang='lat' dir='ltr'><strong>de</strong></span> <span class='ocrx_word' id='word_1_777' title='bbox 1100 4871 1252 4924; x_wconf 90' lang='lat' dir='ltr'><strong>libris</strong></span> <span class='ocrx_word' id='word_1_778' title='bbox 1291 4871 1555 4941; x_wconf 83' lang='lat' dir='ltr'><strong>Dionysii,</strong></span> <span class='ocrx_word' id='word_1_779' title='bbox 1590 4872 1744 4940; x_wconf 89' lang='lat' dir='ltr'><strong>quasi</strong></span> 
     </span>
    </p>
   </div>
   <div class='ocr_carea' id='block_1_103' title="bbox 183 4942 1745 5013">
    <p class='ocr_par' dir='ltr' id='par_1_103' title="bbox 183 4942 1745 5013">
     <span class='ocr_line' id='line_1_104' title="bbox 183 4942 1745 5013; baseline 0.003 -23"><span class='ocrx_word' id='word_1_780' title='bbox 183 4950 238 5013; x_wconf 58' lang='lat' dir='ltr'><strong>g0</strong></span> <span class='ocrx_word' id='word_1_781' title='bbox 260 4950 389 5013; x_wconf 65' lang='lat' dir='ltr'><strong>anno</strong></span> <span class='ocrx_word' id='word_1_782' title='bbox 411 4943 596 5012; x_wconf 90' lang='lat' dir='ltr'><strong>scripti</strong></span> <span class='ocrx_word' id='word_1_783' title='bbox 625 4943 736 4997; x_wconf 85' lang='lat' dir='ltr'><strong>sint</strong></span> <span class='ocrx_word' id='word_1_784' title='bbox 763 4961 774 4995; x_wconf 90' lang='lat'>:</span> <span class='ocrx_word' id='word_1_785' title='bbox 801 4953 1014 4997; x_wconf 88' lang='lat' dir='ltr'><strong>constat</strong></span> <span class='ocrx_word' id='word_1_786' title='bbox 1035 4942 1180 4995; x_wconf 84' lang='lat' dir='ltr'><strong>enim</strong></span> <span class='ocrx_word' id='word_1_787' title='bbox 1210 4953 1329 5010; x_wconf 88' lang='lat' dir='ltr'><strong>post</strong></span> <span class='ocrx_word' id='word_1_788' title='bbox 1362 4944 1464 5013; x_wconf 80' lang='grc' dir='ltr'><strong>1ου</strong></span> <span class='ocrx_word' id='word_1_789' title='bbox 1483 4943 1745 5013; x_wconf 86' lang='lat' dir='ltr'><strong>martyrio</strong></span> 
     </span>
    </p>
   </div>
   <div class='ocr_carea' id='block_1_104' title="bbox 184 5003 1743 5080">
    <p class='ocr_par' dir='ltr' id='par_1_104' title="bbox 184 5003 1743 5080">
     <span class='ocr_line' id='line_1_105' title="bbox 184 5003 1743 5080; baseline 0.005 -20"><span class='ocrx_word' id='word_1_790' title='bbox 184 5003 232 5080; x_wconf 87' lang='lat' dir='ltr'><strong>S_.</strong></span> <span class='ocrx_word' id='word_1_791' title='bbox 260 5006 435 5077; x_wconf 72' lang='lat' dir='ltr'><strong>lgnatii</strong></span> <span class='ocrx_word' id='word_1_792' title='bbox 466 5003 744 5069; x_wconf 70' lang='lat' dir='ltr'><strong>celebrem</strong></span> <span class='ocrx_word' id='word_1_793' title='bbox 800 5015 1034 5077; x_wconf 88' lang='lat' dir='ltr'><strong>scriptos</strong></span> <span class='ocrx_word' id='word_1_794' title='bbox 1062 5003 1269 5066; x_wconf 78' lang='lat' dir='ltr'><strong>fuisse:</strong></span> <span class='ocrx_word' id='word_1_795' title='bbox 1301 5012 1394 5066; x_wconf 84' lang='lat' dir='ltr'><strong>sed</strong></span> <span class='ocrx_word' id='word_1_796' title='bbox 1423 5016 1544 5080; x_wconf 84' lang='lat' dir='ltr'><strong>quia</strong></span> <span class='ocrx_word' id='word_1_797' title='bbox 1577 5003 1743 5068; x_wconf 65' lang='lat' dir='ltr'><strong>sc&#39;mel</strong></span> 
     </span>
    </p>
   </div>
   <div class='ocr_carea' id='block_1_105' title="bbox 184 5077 1741 5154">
    <p class='ocr_par' dir='ltr' id='par_1_105' title="bbox 184 5077 1741 5154">
     <span class='ocr_line' id='line_1_106' title="bbox 184 5077 1741 5154; baseline 0.006 -28"><span class='ocrx_word' id='word_1_798' title='bbox 184 5077 237 5154; x_wconf 55' lang='lat' dir='ltr'><strong>tl;</strong></span> <span class='ocrx_word' id='word_1_799' title='bbox 263 5081 523 5154; x_wconf 61' lang='lat' dir='ltr'><strong>[lioiiysim</strong></span> <span class='ocrx_word' id='word_1_800' title='bbox 550 5094 606 5138; x_wconf 86' lang='lat' dir='ltr'><strong>et</strong></span> <span class='ocrx_word' id='word_1_801' title='bbox 627 5085 884 5139; x_wconf 82' lang='lat' dir='ltr'><strong>Marcello</strong></span> <span class='ocrx_word' id='word_1_802' title='bbox 909 5084 1152 5154; x_wconf 77' lang='lat' dir='ltr'><strong>Eugenio</strong></span> <span class='ocrx_word' id='word_1_803' title='bbox 1177 5077 1492 5138; x_wconf 83' lang='lat' dir='ltr'><strong>sermonem</strong></span> <span class='ocrx_word' id='word_1_804' title='bbox 1526 5085 1741 5148; x_wconf 77' lang='lat' dir='ltr'><strong>inierat,</strong></span> 
     </span>
    </p>
   </div>
   <div class='ocr_carea' id='block_1_106' title="bbox 187 5147 1742 5226">
    <p class='ocr_par' dir='ltr' id='par_1_106' title="bbox 187 5147 1742 5226">
     <span class='ocr_line' id='line_1_107' title="bbox 187 5147 1742 5226; baseline -0.001 -14"><span class='ocrx_word' id='word_1_805' title='bbox 187 5147 357 5226; x_wconf 59' lang='lat' dir='ltr'><strong>ljlitcuit</strong></span> <span class='ocrx_word' id='word_1_806' title='bbox 386 5147 505 5210; x_wconf 60' lang='lat' dir='ltr'><strong>&#39;hoc</strong></span> <span class='ocrx_word' id='word_1_807' title='bbox 546 5156 615 5210; x_wconf 90' lang='lat' dir='ltr'><strong>de</strong></span> <span class='ocrx_word' id='word_1_808' title='bbox 659 5157 768 5210; x_wconf 92' lang='lat' dir='ltr'><strong>illis</strong></span> <span class='ocrx_word' id='word_1_809' title='bbox 802 5147 1078 5220; x_wconf 74' lang='lat' dir='ltr'><strong>inserere;</strong></span> <span class='ocrx_word' id='word_1_810' title='bbox 1127 5155 1435 5226; x_wconf 66' lang='lat' dir='ltr'><strong>praesertim</strong></span> <span class='ocrx_word' id='word_1_811' title='bbox 1479 5157 1600 5223; x_wconf 86' lang='lat' dir='ltr'><strong>quia</strong></span> <span class='ocrx_word' id='word_1_812' title='bbox 1637 5147 1742 5210; x_wconf 86' lang='lat' dir='ltr'><strong>non</strong></span> 
     </span>
    </p>
   </div>
   <div class='ocr_carea' id='block_1_107' title="bbox 185 5219 1744 5299">
    <p class='ocr_par' dir='ltr' id='par_1_107' title="bbox 185 5219 1744 5299">
     <span class='ocr_line' id='line_1_108' title="bbox 185 5219 1744 5299; baseline 0.005 -26"><span class='ocrx_word' id='word_1_813' title='bbox 185 5219 296 5299; x_wconf 54' lang='lat' dir='ltr'><strong>dixit</strong></span> <span class='ocrx_word' id='word_1_814' title='bbox 322 5223 418 5279; x_wconf 88' lang='lat' dir='ltr'><strong>hoc</strong></span> <span class='ocrx_word' id='word_1_815' title='bbox 447 5229 658 5299; x_wconf 83' lang='lat' dir='ltr'><strong>annoid</strong></span> <span class='ocrx_word' id='word_1_816' title='bbox 690 5228 982 5299; x_wconf 83' lang='lat' dir='ltr'><strong>accidisse,</strong></span> <span class='ocrx_word' id='word_1_817' title='bbox 1025 5219 1244 5299; x_wconf 49' lang='lat' dir='ltr'><strong>sed&#39;per</strong></span> <span class='ocrx_word' id='word_1_818' title='bbox 1271 5224 1371 5278; x_wconf 87' lang='lat' dir='ltr'><strong>hoc</strong></span> <span class='ocrx_word' id='word_1_819' title='bbox 1400 5219 1629 5299; x_wconf 74' lang='lat' dir='ltr'><strong>tempus,</strong></span> <span class='ocrx_word' id='word_1_820' title='bbox 1663 5226 1744 5281; x_wconf 83' lang='lat' dir='ltr'><strong>ni-</strong></span> 
     </span>
    </p>
   </div>
   <div class='ocr_carea' id='block_1_108' title="bbox 187 5297 1743 5411">
    <p class='ocr_par' dir='ltr' id='par_1_108' title="bbox 187 5297 1743 5411">
     <span class='ocr_line' id='line_1_109' title="bbox 187 5297 1743 5411; baseline 0.008 -69"><span class='ocrx_word' id='word_1_821' title='bbox 187 5297 365 5411; x_wconf 58' lang='lat' dir='ltr'><strong>Binum</strong></span> <span class='ocrx_word' id='word_1_822' title='bbox 378 5298 645 5370; x_wconf 89' lang='lat' dir='ltr'><strong>principio</strong></span> <span class='ocrx_word' id='word_1_823' title='bbox 674 5298 904 5355; x_wconf 90' lang='lat' dir='ltr'><strong>secundi</strong></span> <span class='ocrx_word' id='word_1_824' title='bbox 927 5297 1229 5354; x_wconf 88' lang='lat' dir='ltr'><strong>centenarii</strong></span> <span class='ocrx_word' id='word_1_825' title='bbox 1253 5312 1517 5353; x_wconf 84' lang='lat' dir='ltr'><strong>annorum</strong></span> <span class='ocrx_word' id='word_1_826' title='bbox 1542 5297 1743 5354; x_wconf 83' lang='lat' dir='ltr'><strong>Christi</strong></span> 
     </span>
     <span class='ocr_line' id='line_1_110' title="bbox 225 5379 387 5411; baseline 0.019 -3"><span class='ocrx_word' id='word_1_827' title='bbox 225 5379 387 5411; x_wconf 77' lang='lat' dir='ltr'><strong>0mm]-</strong></span> 
     </span>
    </p>
   </div>
   <div class='ocr_carea' id='block_1_109' title="bbox 225 5379 388 5422">
    <p class='ocr_par' dir='ltr' id='par_1_109' title="bbox 225 5379 388 5422">
     <span class='ocr_line' id='line_1_111' title="bbox 225 5379 388 5422; baseline 0.043 -7"><span class='ocrx_word' id='word_1_828' title='bbox 225 5379 388 5422; x_wconf 77' lang='grc'><strong>01111111.</strong></span> 
     </span>
    </p>
   </div>
   <div class='ocr_carea' id='block_1_110' title="bbox 246 5433 1744 5508">
    <p class='ocr_par' dir='ltr' id='par_1_110' title="bbox 246 5433 1744 5508">
     <span class='ocr_line' id='line_1_112' title="bbox 246 5433 1744 5508; baseline 0.006 -22"><span class='ocrx_word' id='word_1_829' title='bbox 246 5433 329 5508; x_wconf 72' lang='lat' dir='ltr'><strong>i2.</strong></span> <span class='ocrx_word' id='word_1_830' title='bbox 365 5437 451 5494; x_wconf 85' lang='lat' dir='ltr'><strong>Fl.</strong></span> <span class='ocrx_word' id='word_1_831' title='bbox 512 5441 814 5508; x_wconf 87' lang='lat' dir='ltr'><strong>Domitilla,</strong></span> <span class='ocrx_word' id='word_1_832' title='bbox 863 5448 974 5497; x_wconf 89' lang='lat' dir='ltr'><strong>etc.</strong></span> <span class='ocrx_word' id='word_1_833' title='bbox 1023 5440 1243 5507; x_wconf 81' lang='lat' dir='ltr'><strong>Egimus</strong></span> <span class='ocrx_word' id='word_1_834' title='bbox 1289 5440 1358 5497; x_wconf 84' lang='lat' dir='ltr'><strong>de</strong></span> <span class='ocrx_word' id='word_1_835' title='bbox 1401 5441 1492 5496; x_wconf 90' lang='lat' dir='ltr'><strong>illa</strong></span> <span class='ocrx_word' id='word_1_836' title='bbox 1535 5440 1602 5496; x_wconf 90' lang='lat' dir='ltr'><strong>ad</strong></span> <span class='ocrx_word' id='word_1_837' title='bbox 1647 5456 1744 5495; x_wconf 91' lang='lat' dir='ltr'><strong>au-</strong></span> 
     </span>
    </p>
   </div>
   <div class='ocr_carea' id='block_1_111' title="bbox 188 5507 1744 5584">
    <p class='ocr_par' dir='ltr' id='par_1_111' title="bbox 188 5507 1744 5584">
     <span class='ocr_line' id='line_1_113' title="bbox 188 5507 1744 5584; baseline 0.007 -30"><span class='ocrx_word' id='word_1_838' title='bbox 188 5515 293 5584; x_wconf 77' lang='lat' dir='ltr'><strong>ntno</strong></span> <span class='ocrx_word' id='word_1_839' title='bbox 312 5507 394 5576; x_wconf 90' lang='lat' dir='ltr'><strong>9l,</strong></span> <span class='ocrx_word' id='word_1_840' title='bbox 423 5527 545 5568; x_wconf 91' lang='lat' dir='ltr'><strong>cum</strong></span> <span class='ocrx_word' id='word_1_841' title='bbox 575 5516 646 5574; x_wconf 85' lang='lat' dir='ltr'><strong>de</strong></span> <span class='ocrx_word' id='word_1_842' title='bbox 670 5507 806 5584; x_wconf 80' lang='lat' dir='ltr'><strong>ejus</strong></span> <span class='ocrx_word' id='word_1_843' title='bbox 835 5522 1000 5584; x_wconf 89' lang='lat' dir='ltr'><strong>nepte</strong></span> <span class='ocrx_word' id='word_1_844' title='bbox 1035 5511 1303 5584; x_wconf 84' lang='lat' dir='ltr'><strong>Domitilla</strong></span> <span class='ocrx_word' id='word_1_845' title='bbox 1334 5527 1640 5584; x_wconf 75' lang='lat' dir='ltr'><strong>sermonem</strong></span> <span class='ocrx_word' id='word_1_846' title='bbox 1664 5514 1744 5584; x_wconf 88' lang='lat' dir='ltr'><strong>in-</strong></span> 
     </span>
    </p>
   </div>
   <div class='ocr_carea' id='block_1_112' title="bbox 186 5581 1743 5652">
    <p class='ocr_par' dir='ltr' id='par_1_112' title="bbox 186 5581 1743 5652">
     <span class='ocr_line' id='line_1_114' title="bbox 186 5581 1743 5652; baseline 0.008 -26"><span class='ocrx_word' id='word_1_847' title='bbox 186 5581 519 5652; x_wconf 60' lang='lat' dir='ltr'><strong>stitueremus.</strong></span> <span class='ocrx_word' id='word_1_848' title='bbox 568 5586 739 5641; x_wconf 82' lang='lat' dir='ltr'><strong>Addit</strong></span> <span class='ocrx_word' id='word_1_849' title='bbox 790 5583 897 5639; x_wconf 87' lang='lat' dir='ltr'><strong>hoc</strong></span> <span class='ocrx_word' id='word_1_850' title='bbox 934 5583 1056 5638; x_wconf 90' lang='lat' dir='ltr'><strong>loco</strong></span> <span class='ocrx_word' id='word_1_851' title='bbox 1096 5583 1296 5638; x_wconf 75' lang='lat' dir='ltr'><strong>Dexter</strong></span> <span class='ocrx_word' id='word_1_852' title='bbox 1322 5585 1546 5638; x_wconf 88' lang='lat' dir='ltr'><strong>alterum</strong></span> <span class='ocrx_word' id='word_1_853' title='bbox 1584 5582 1743 5652; x_wconf 88' lang='lat' dir='ltr'><strong>hujus</strong></span> 
     </span>
    </p>
   </div>
   <div class='ocr_carea' id='block_1_113' title="bbox 183 5642 1738 5728">
    <p class='ocr_par' dir='ltr' id='par_1_113' title="bbox 183 5642 1738 5728">
     <span class='ocr_line' id='line_1_115' title="bbox 183 5642 1738 5728; baseline 0.003 -27"><span class='ocrx_word' id='word_1_854' title='bbox 183 5642 439 5728; x_wconf 67' lang='lat' dir='ltr'><strong>Domitillae</strong></span> <span class='ocrx_word' id='word_1_855' title='bbox 477 5656 560 5711; x_wconf 85' lang='lat' dir='ltr'><strong>Fl.</strong></span> <span class='ocrx_word' id='word_1_856' title='bbox 591 5657 903 5713; x_wconf 87' lang='lat' dir='ltr'><strong>Clementis</strong></span> <span class='ocrx_word' id='word_1_857' title='bbox 932 5654 1389 5728; x_wconf 74' lang='lat' dir='ltr'><strong>consulisuxoris</strong></span> <span class='ocrx_word' id='word_1_858' title='bbox 1415 5642 1738 5723; x_wconf 74' lang='lat' dir='ltr'><strong>cognomen,</strong></span> 
     </span>
    </p>
   </div>
   <div class='ocr_carea' id='block_1_114' title="bbox 180 5720 1532 5796">
    <p class='ocr_par' dir='ltr' id='par_1_114' title="bbox 180 5720 1532 5796">
     <span class='ocr_line' id='line_1_116' title="bbox 180 5720 1532 5796; baseline 0.001 -19"><span class='ocrx_word' id='word_1_859' title='bbox 180 5720 359 5796; x_wconf 55' lang='lat' dir='ltr'><strong>scilicet</strong></span> <span class='ocrx_word' id='word_1_860' title='bbox 387 5729 656 5792; x_wconf 79' lang='lat' dir='ltr'><strong>Sabinam,</strong></span> <span class='ocrx_word' id='word_1_861' title='bbox 684 5746 797 5796; x_wconf 87' lang='lat' dir='ltr'><strong>quo</strong></span> <span class='ocrx_word' id='word_1_862' title='bbox 829 5728 899 5780; x_wconf 88' lang='lat' dir='ltr'><strong>ab</strong></span> <span class='ocrx_word' id='word_1_863' title='bbox 929 5727 1032 5781; x_wconf 83' lang='lat' dir='ltr'><strong>alia</strong></span> <span class='ocrx_word' id='word_1_864' title='bbox 1064 5723 1333 5796; x_wconf 84' lang='lat' dir='ltr'><strong>distingui</strong></span> <span class='ocrx_word' id='word_1_865' title='bbox 1354 5720 1532 5796; x_wconf 72' lang='lat' dir='ltr'><strong>queat.</strong></span> 
     </span>
    </p>
   </div>
   <div class='ocr_carea' id='block_1_115' title="bbox 177 5791 1743 5871">
    <p class='ocr_par' dir='ltr' id='par_1_115' title="bbox 177 5791 1743 5871">
     <span class='ocr_line' id='line_1_117' title="bbox 177 5791 1743 5871; baseline 0.003 -23"><span class='ocrx_word' id='word_1_866' title='bbox 177 5806 188 5861; x_wconf 87' lang='grc'>;</span> <span class='ocrx_word' id='word_1_867' title='bbox 240 5791 314 5850; x_wconf 76' lang='grc'><strong>13.</strong></span> <span class='ocrx_word' id='word_1_868' title='bbox 343 5798 670 5871; x_wconf 68' lang='grc' dir='ltr'><strong>Μὶιναὺίιεῑει’,</strong></span> <span class='ocrx_word' id='word_1_869' title='bbox 704 5791 817 5858; x_wconf 71' lang='lat' dir='ltr'><strong>clc.</strong></span> <span class='ocrx_word' id='word_1_870' title='bbox 849 5801 986 5858; x_wconf 73' lang='lat' dir='ltr'><strong>Cum</strong></span> <span class='ocrx_word' id='word_1_871' title='bbox 1013 5798 1082 5854; x_wconf 88' lang='lat' dir='ltr'><strong>de</strong></span> <span class='ocrx_word' id='word_1_872' title='bbox 1113 5791 1389 5853; x_wconf 70' lang='lat' dir='ltr'><strong>tttiramtlis</strong></span> <span class='ocrx_word' id='word_1_873' title='bbox 1428 5797 1486 5854; x_wconf 80' lang='lat' dir='ltr'><strong>S.</strong></span> <span class='ocrx_word' id='word_1_874' title='bbox 1518 5795 1743 5866; x_wconf 80' lang='lat' dir='ltr'><strong>Eugenii</strong></span> 
     </span>
    </p>
   </div>
   <div class='ocr_carea' id='block_1_116' title="bbox 1771 5481 1823 5540">
    <p class='ocr_par' dir='ltr' id='par_1_116' title="bbox 1771 5481 1823 5540">
     <span class='ocr_line' id='line_1_118' title="bbox 1771 5481 1823 5540; baseline 0 0"><span class='ocrx_word' id='word_1_875' title='bbox 1771 5481 1823 5540; x_wconf 95' lang='lat' dir='ltr'><strong>D</strong></span> 
     </span>
    </p>
   </div>
   <div class='ocr_carea' id='block_1_117' title="bbox 1852 4156 3438 4225">
    <p class='ocr_par' dir='ltr' id='par_1_117' title="bbox 1852 4156 3438 4225">
     <span class='ocr_line' id='line_1_119' title="bbox 1852 4156 3438 4225; baseline 0.001 -17"><span class='ocrx_word' id='word_1_876' title='bbox 1852 4158 2022 4225; x_wconf 82' lang='lat' dir='ltr'><strong>vium)</strong></span> <span class='ocrx_word' id='word_1_877' title='bbox 2045 4159 2225 4225; x_wconf 82' lang='lat' dir='ltr'><strong>fuere;</strong></span> <span class='ocrx_word' id='word_1_878' title='bbox 2256 4157 2444 4208; x_wconf 87' lang='lat' dir='ltr'><strong>invicta</strong></span> <span class='ocrx_word' id='word_1_879' title='bbox 2469 4157 2629 4217; x_wconf 87' lang='lat' dir='ltr'><strong>acies,</strong></span> <span class='ocrx_word' id='word_1_880' title='bbox 2651 4157 2694 4207; x_wconf 90' lang='lat' dir='ltr'><strong>si</strong></span> <span class='ocrx_word' id='word_1_881' title='bbox 2722 4171 2865 4225; x_wconf 68' lang='lat' dir='ltr'><strong>a‘quo</strong></span> <span class='ocrx_word' id='word_1_882' title='bbox 2887 4156 3218 4209; x_wconf 90' lang='lat' dir='ltr'><strong>dimicaretur</strong></span> <span class='ocrx_word' id='word_1_883' title='bbox 3233 4173 3438 4225; x_wconf 81' lang='lat' dir='ltr'><strong>campo.</strong></span> 
     </span>
    </p>
   </div>
   <div class='ocr_carea' id='block_1_118' title="bbox 1851 4225 3442 4293">
    <p class='ocr_par' dir='ltr' id='par_1_118' title="bbox 1851 4225 3442 4293">
     <span class='ocr_line' id='line_1_120' title="bbox 1851 4225 3442 4293; baseline 0.001 -12"><span class='ocrx_word' id='word_1_884' title='bbox 1851 4225 2002 4281; x_wconf 89' lang='lat' dir='ltr'><strong>Licet</strong></span> <span class='ocrx_word' id='word_1_885' title='bbox 2055 4228 2179 4281; x_wconf 92' lang='lat' dir='ltr'><strong>binc</strong></span> <span class='ocrx_word' id='word_1_886' title='bbox 2222 4226 2450 4293; x_wconf 77' lang='lat' dir='ltr'><strong>inferre,</strong></span> <span class='ocrx_word' id='word_1_887' title='bbox 2506 4225 2731 4280; x_wconf 82' lang='lat' dir='ltr'><strong>Olcades</strong></span> <span class='ocrx_word' id='word_1_888' title='bbox 2787 4227 2930 4279; x_wconf 87' lang='lat' dir='ltr'><strong>sicut</strong></span> <span class='ocrx_word' id='word_1_889' title='bbox 2972 4227 3134 4280; x_wconf 89' lang='lat' dir='ltr'><strong>etiam</strong></span> <span class='ocrx_word' id='word_1_890' title='bbox 3189 4227 3442 4284; x_wconf 61' lang='lat' dir='ltr'><strong>Vaccaeos</strong></span> 
     </span>
    </p>
   </div>
   <div class='ocr_carea' id='block_1_119' title="bbox 1848 4296 3442 4367">
    <p class='ocr_par' dir='ltr' id='par_1_119' title="bbox 1848 4296 3442 4367">
     <span class='ocr_line' id='line_1_121' title="bbox 1848 4296 3442 4367; baseline 0.001 -14"><span class='ocrx_word' id='word_1_891' title='bbox 1848 4299 2168 4366; x_wconf 85' lang='lat' dir='ltr'><strong>Carpetauis</strong></span> <span class='ocrx_word' id='word_1_892' title='bbox 2199 4299 2456 4353; x_wconf 78' lang='lat' dir='ltr'><strong>finitimos</strong></span> <span class='ocrx_word' id='word_1_893' title='bbox 2498 4300 2683 4362; x_wconf 86' lang='lat' dir='ltr'><strong>luisse,</strong></span> <span class='ocrx_word' id='word_1_894' title='bbox 2719 4304 2907 4365; x_wconf 88' lang='lat' dir='ltr'><strong>utpote</strong></span> <span class='ocrx_word' id='word_1_895' title='bbox 2936 4297 3027 4365; x_wconf 88' lang='lat' dir='ltr'><strong>qui</strong></span> <span class='ocrx_word' id='word_1_896' title='bbox 3071 4298 3122 4350; x_wconf 92' lang='lat' dir='ltr'><strong>in</strong></span> <span class='ocrx_word' id='word_1_897' title='bbox 3163 4296 3342 4367; x_wconf 80' lang='lat' dir='ltr'><strong>fugam</strong></span> <span class='ocrx_word' id='word_1_898' title='bbox 3373 4302 3442 4355; x_wconf 84' lang='lat' dir='ltr'><strong>ab</strong></span> 
     </span>
    </p>
   </div>
   <div class='ocr_carea' id='block_1_120' title="bbox 1849 4367 3438 4438">
    <p class='ocr_par' dir='ltr' id='par_1_120' title="bbox 1849 4367 3438 4438">
     <span class='ocr_line' id='line_1_122' title="bbox 1849 4367 3438 4438; baseline 0 -13"><span class='ocrx_word' id='word_1_899' title='bbox 1849 4369 2117 4425; x_wconf 80' lang='lat' dir='ltr'><strong>Annibale</strong></span> <span class='ocrx_word' id='word_1_900' title='bbox 2168 4369 2278 4424; x_wconf 91' lang='lat' dir='ltr'><strong>dati</strong></span> <span class='ocrx_word' id='word_1_901' title='bbox 2327 4370 2390 4423; x_wconf 89' lang='lat' dir='ltr'><strong>ad</strong></span> <span class='ocrx_word' id='word_1_902' title='bbox 2444 4367 2777 4438; x_wconf 89' lang='lat' dir='ltr'><strong>Carpetanos</strong></span> <span class='ocrx_word' id='word_1_903' title='bbox 2823 4369 3246 4436; x_wconf 82' lang='lat' dir='ltr'><strong>translugerint,</strong></span> <span class='ocrx_word' id='word_1_904' title='bbox 3297 4370 3438 4425; x_wconf 90' lang='lat' dir='ltr'><strong>haud</strong></span> 
     </span>
    </p>
   </div>
   <div class='ocr_carea' id='block_1_121' title="bbox 1848 4438 3438 4512">
    <p class='ocr_par' dir='ltr' id='par_1_121' title="bbox 1848 4438 3438 4512">
     <span class='ocr_line' id='line_1_123' title="bbox 1848 4438 3438 4512; baseline 0.002 -19"><span class='ocrx_word' id='word_1_905' title='bbox 1848 4440 2073 4512; x_wconf 82' lang='lat' dir='ltr'><strong>dubium</strong></span> <span class='ocrx_word' id='word_1_906' title='bbox 2104 4442 2232 4512; x_wconf 90' lang='lat' dir='ltr'><strong>quin</strong></span> <span class='ocrx_word' id='word_1_907' title='bbox 2280 4441 2524 4496; x_wconf 80' lang='lat' dir='ltr'><strong>contines</strong></span> <span class='ocrx_word' id='word_1_908' title='bbox 2560 4455 2709 4512; x_wconf 73' lang='lat' dir='ltr'><strong>suos.</strong></span> <span class='ocrx_word' id='word_1_909' title='bbox 2743 4438 3086 4494; x_wconf 77' lang='lat' dir='ltr'><strong>Nebrisens‘ts</strong></span> <span class='ocrx_word' id='word_1_910' title='bbox 3107 4441 3438 4512; x_wconf 60' lang='lat' dir='ltr'><strong>existimarit</strong></span> 
     </span>
    </p>
   </div>
   <div class='ocr_carea' id='block_1_122' title="bbox 1848 4510 3437 4581">
    <p class='ocr_par' dir='ltr' id='par_1_122' title="bbox 1848 4510 3437 4581">
     <span class='ocr_line' id='line_1_124' title="bbox 1848 4510 3437 4581; baseline -0.001 -15"><span class='ocrx_word' id='word_1_911' title='bbox 1848 4510 2083 4568; x_wconf 89' lang='lat' dir='ltr'><strong>Olcades</strong></span> <span class='ocrx_word' id='word_1_912' title='bbox 2124 4510 2194 4566; x_wconf 82' lang='lat' dir='ltr'><strong>ad</strong></span> <span class='ocrx_word' id='word_1_913' title='bbox 2234 4528 2352 4566; x_wconf 87' lang='lat' dir='ltr'><strong>eatn</strong></span> <span class='ocrx_word' id='word_1_914' title='bbox 2387 4524 2591 4581; x_wconf 86' lang='lat' dir='ltr'><strong>partem</strong></span> <span class='ocrx_word' id='word_1_915' title='bbox 2637 4510 3065 4581; x_wconf 87' lang='lat' dir='ltr'><strong>Carpetanorum</strong></span> <span class='ocrx_word' id='word_1_916' title='bbox 3112 4510 3396 4581; x_wconf 63' lang='lat' dir='ltr'><strong>exstitisse</strong></span> <span class='ocrx_word' id='word_1_917' title='bbox 3421 4553 3437 4576; x_wconf 97' lang='lat'><strong>,</strong></span> 
     </span>
    </p>
   </div>
   <div class='ocr_carea' id='block_1_123' title="bbox 1847 4580 3436 4653">
    <p class='ocr_par' dir='ltr' id='par_1_123' title="bbox 1847 4580 3436 4653">
     <span class='ocr_line' id='line_1_125' title="bbox 1847 4580 3436 4653; baseline -0.001 -16"><span class='ocrx_word' id='word_1_918' title='bbox 1847 4599 1951 4653; x_wconf 90' lang='lat' dir='ltr'><strong>qua</strong></span> <span class='ocrx_word' id='word_1_919' title='bbox 2001 4598 2142 4638; x_wconf 91' lang='lat' dir='ltr'><strong>nunc</strong></span> <span class='ocrx_word' id='word_1_920' title='bbox 2177 4583 2354 4637; x_wconf 83' lang='lat' dir='ltr'><strong>Ocana</strong></span> <span class='ocrx_word' id='word_1_921' title='bbox 2385 4580 2499 4650; x_wconf 86' lang='lat' dir='ltr'><strong>est,</strong></span> <span class='ocrx_word' id='word_1_922' title='bbox 2533 4580 2767 4650; x_wconf 85' lang='lat' dir='ltr'><strong>eumque</strong></span> <span class='ocrx_word' id='word_1_923' title='bbox 2807 4584 2978 4637; x_wconf 87' lang='lat' dir='ltr'><strong>secuti</strong></span> <span class='ocrx_word' id='word_1_924' title='bbox 3025 4593 3149 4636; x_wconf 86' lang='lat' dir='ltr'><strong>sunt</strong></span> <span class='ocrx_word' id='word_1_925' title='bbox 3187 4580 3436 4653; x_wconf 64' lang='lat' dir='ltr'><strong>Mariana</strong></span> 
     </span>
    </p>
   </div>
   <div class='ocr_carea' id='block_1_124' title="bbox 1850 4652 3437 4723">
    <p class='ocr_par' dir='ltr' id='par_1_124' title="bbox 1850 4652 3437 4723">
     <span class='ocr_line' id='line_1_126' title="bbox 1850 4652 3437 4723; baseline -0.001 -15"><span class='ocrx_word' id='word_1_926' title='bbox 1850 4652 1902 4708; x_wconf 90' lang='lat' dir='ltr'><strong>in</strong></span> <span class='ocrx_word' id='word_1_927' title='bbox 1935 4656 2164 4710; x_wconf 87' lang='lat' dir='ltr'><strong>Ilistoria</strong></span> <span class='ocrx_word' id='word_1_928' title='bbox 2193 4655 2467 4723; x_wconf 73' lang='lat' dir='ltr'><strong>Hispaniae</strong></span> <span class='ocrx_word' id='word_1_929' title='bbox 2500 4663 2550 4709; x_wconf 89' lang='lat' dir='ltr'><strong>cl</strong></span> <span class='ocrx_word' id='word_1_930' title='bbox 2579 4654 2714 4709; x_wconf 87' lang='lat' dir='ltr'><strong>Lud.</strong></span> <span class='ocrx_word' id='word_1_931' title='bbox 2750 4655 2952 4709; x_wconf 84' lang='lat' dir='ltr'><strong>Nonius</strong></span> <span class='ocrx_word' id='word_1_932' title='bbox 2977 4653 3028 4708; x_wconf 93' lang='lat' dir='ltr'><strong>in</strong></span> <span class='ocrx_word' id='word_1_933' title='bbox 3057 4668 3152 4707; x_wconf 91' lang='lat' dir='ltr'><strong>sua</strong></span> <span class='ocrx_word' id='word_1_934' title='bbox 3182 4652 3437 4722; x_wconf 78' lang='lat' dir='ltr'><strong>Hispania</strong></span> 
     </span>
    </p>
   </div>
   <div class='ocr_carea' id='block_1_125' title="bbox 1849 4726 3437 4795">
    <p class='ocr_par' dir='ltr' id='par_1_125' title="bbox 1849 4726 3437 4795">
     <span class='ocr_line' id='line_1_127' title="bbox 1849 4726 3437 4795; baseline -0.001 -15"><span class='ocrx_word' id='word_1_935' title='bbox 1849 4740 1900 4780; x_wconf 91' lang='lat' dir='ltr'><strong>c.</strong></span> <span class='ocrx_word' id='word_1_936' title='bbox 1933 4726 2035 4792; x_wconf 74' lang='grc'><strong>47,</strong></span> <span class='ocrx_word' id='word_1_937' title='bbox 2074 4738 2127 4780; x_wconf 90' lang='lat' dir='ltr'><strong>et</strong></span> <span class='ocrx_word' id='word_1_938' title='bbox 2163 4727 2306 4795; x_wconf 84' lang='lat' dir='ltr'><strong>quod</strong></span> <span class='ocrx_word' id='word_1_939' title='bbox 2345 4728 2558 4782; x_wconf 60' lang='lat' dir='ltr'><strong>caeteris</strong></span> <span class='ocrx_word' id='word_1_940' title='bbox 2590 4735 2842 4794; x_wconf 73' lang='lat' dir='ltr'><strong>prmstat,</strong></span> <span class='ocrx_word' id='word_1_941' title='bbox 2887 4726 3146 4795; x_wconf 50' lang='lat' dir='ltr'><strong>habemus</strong></span> <span class='ocrx_word' id='word_1_942' title='bbox 3193 4739 3437 4794; x_wconf 71' lang='lat' dir='ltr'><strong>pra-scus</strong></span> 
     </span>
    </p>
   </div>
   <div class='ocr_carea' id='block_1_126' title="bbox 1849 4794 3437 4867">
    <p class='ocr_par' dir='ltr' id='par_1_126' title="bbox 1849 4794 3437 4867">
     <span class='ocr_line' id='line_1_128' title="bbox 1849 4794 3437 4867; baseline -0.002 -16"><span class='ocrx_word' id='word_1_943' title='bbox 1849 4797 2034 4852; x_wconf 71' lang='lat' dir='ltr'><strong>Dextri</strong></span> <span class='ocrx_word' id='word_1_944' title='bbox 2074 4794 2442 4852; x_wconf 83' lang='lat' dir='ltr'><strong>testiinonium</strong></span> <span class='ocrx_word' id='word_1_945' title='bbox 2473 4839 2486 4861; x_wconf 94' lang='lat'><strong>,</strong></span> <span class='ocrx_word' id='word_1_946' title='bbox 2519 4812 2625 4867; x_wconf 88' lang='lat' dir='ltr'><strong>quo</strong></span> <span class='ocrx_word' id='word_1_947' title='bbox 2670 4797 2900 4851; x_wconf 88' lang='lat' dir='ltr'><strong>Olcades</strong></span> <span class='ocrx_word' id='word_1_948' title='bbox 2935 4812 3058 4863; x_wconf 89' lang='lat' dir='ltr'><strong>pars</strong></span> <span class='ocrx_word' id='word_1_949' title='bbox 3097 4794 3437 4863; x_wconf 75' lang='lat' dir='ltr'><strong>Carpetania:</strong></span> 
     </span>
    </p>
   </div>
   <div class='ocr_carea' id='block_1_127' title="bbox 1848 4867 3440 4938">
    <p class='ocr_par' dir='ltr' id='par_1_127' title="bbox 1848 4867 3440 4938">
     <span class='ocr_line' id='line_1_129' title="bbox 1848 4867 3440 4938; baseline 0 -16"><span class='ocrx_word' id='word_1_950' title='bbox 1848 4867 2124 4923; x_wconf 90' lang='lat' dir='ltr'><strong>dicuntur.</strong></span> <span class='ocrx_word' id='word_1_951' title='bbox 2163 4871 2521 4924; x_wconf 80' lang='lat' dir='ltr'><strong>Consentium</strong></span> <span class='ocrx_word' id='word_1_952' title='bbox 2562 4867 2712 4921; x_wconf 82' lang='lat' dir='ltr'><strong>Livio</strong></span> <span class='ocrx_word' id='word_1_953' title='bbox 2742 4869 3061 4921; x_wconf 85' lang='lat' dir='ltr'><strong>Plutarchus</strong></span> <span class='ocrx_word' id='word_1_954' title='bbox 3097 4876 3151 4922; x_wconf 90' lang='lat' dir='ltr'><strong>et</strong></span> <span class='ocrx_word' id='word_1_955' title='bbox 3183 4867 3440 4938; x_wconf 82' lang='lat' dir='ltr'><strong>Polybius</strong></span> 
     </span>
    </p>
   </div>
   <div class='ocr_carea' id='block_1_128' title="bbox 1848 4936 3436 5010">
    <p class='ocr_par' dir='ltr' id='par_1_128' title="bbox 1848 4936 3436 5010">
     <span class='ocr_line' id='line_1_130' title="bbox 1848 4936 3436 5010; baseline 0 -18"><span class='ocrx_word' id='word_1_956' title='bbox 1848 4938 1944 4994; x_wconf 91' lang='lat' dir='ltr'><strong>lib.</strong></span> <span class='ocrx_word' id='word_1_957' title='bbox 1978 4955 2056 5002; x_wconf 89' lang='lat' dir='ltr'><strong>In,</strong></span> <span class='ocrx_word' id='word_1_958' title='bbox 2099 4940 2250 4995; x_wconf 86' lang='lat' dir='ltr'><strong>solus</strong></span> <span class='ocrx_word' id='word_1_959' title='bbox 2298 4941 2550 5010; x_wconf 79' lang='lat' dir='ltr'><strong>displicet</strong></span> <span class='ocrx_word' id='word_1_960' title='bbox 2578 4938 2882 5007; x_wconf 86' lang='lat' dir='ltr'><strong>Stephanus</strong></span> <span class='ocrx_word' id='word_1_961' title='bbox 2936 4936 3436 5009; x_wconf 25' lang='lat' dir='ltr'><strong>Byzmtinus’Car-</strong></span> 
     </span>
    </p>
   </div>
   <div class='ocr_carea' id='block_1_129' title="bbox 1849 5010 3438 5080">
    <p class='ocr_par' dir='ltr' id='par_1_129' title="bbox 1849 5010 3438 5080">
     <span class='ocr_line' id='line_1_131' title="bbox 1849 5010 3438 5080; baseline 0 -16"><span class='ocrx_word' id='word_1_962' title='bbox 1849 5010 2050 5066; x_wconf 86' lang='lat' dir='ltr'><strong>tbciatn</strong></span> <span class='ocrx_word' id='word_1_963' title='bbox 2091 5011 2355 5067; x_wconf 90' lang='lat' dir='ltr'><strong>Olcadum</strong></span> <span class='ocrx_word' id='word_1_964' title='bbox 2385 5021 2590 5080; x_wconf 86' lang='lat' dir='ltr'><strong>caput,-</strong></span> <span class='ocrx_word' id='word_1_965' title='bbox 2615 5010 2760 5064; x_wconf 89' lang='lat' dir='ltr'><strong>illam</strong></span> <span class='ocrx_word' id='word_1_966' title='bbox 2793 5023 2912 5064; x_wconf 87' lang='lat' dir='ltr'><strong>esse</strong></span> <span class='ocrx_word' id='word_1_967' title='bbox 2951 5013 3292 5074; x_wconf 72' lang='lat' dir='ltr'><strong>existimans,</strong></span> <span class='ocrx_word' id='word_1_968' title='bbox 3315 5025 3438 5079; x_wconf 73' lang='lat' dir='ltr'><strong>(pne</strong></span> 
     </span>
    </p>
   </div>
   <div class='ocr_carea' id='block_1_130' title="bbox 1849 5080 3438 5152">
    <p class='ocr_par' dir='ltr' id='par_1_130' title="bbox 1849 5080 3438 5152">
     <span class='ocr_line' id='line_1_132' title="bbox 1849 5080 3438 5152; baseline 0.001 -18"><span class='ocrx_word' id='word_1_969' title='bbox 1849 5097 1954 5135; x_wconf 92' lang='lat' dir='ltr'><strong>non</strong></span> <span class='ocrx_word' id='word_1_970' title='bbox 1987 5084 2142 5152; x_wconf 81' lang='lat' dir='ltr'><strong>longe</strong></span> <span class='ocrx_word' id='word_1_971' title='bbox 2165 5098 2193 5135; x_wconf 93' lang='lat' dir='ltr'><strong>a</strong></span> <span class='ocrx_word' id='word_1_972' title='bbox 2227 5098 2363 5138; x_wconf 84' lang='lat' dir='ltr'><strong>nova</strong></span> <span class='ocrx_word' id='word_1_973' title='bbox 2394 5081 2722 5152; x_wconf 86' lang='lat' dir='ltr'><strong>Carthagine</strong></span> <span class='ocrx_word' id='word_1_974' title='bbox 2747 5082 2853 5136; x_wconf 91' lang='lat' dir='ltr'><strong>sita</strong></span> <span class='ocrx_word' id='word_1_975' title='bbox 2875 5089 2980 5145; x_wconf 91' lang='lat' dir='ltr'><strong>est,</strong></span> <span class='ocrx_word' id='word_1_976' title='bbox 3011 5094 3133 5135; x_wconf 88' lang='lat' dir='ltr'><strong>cum</strong></span> <span class='ocrx_word' id='word_1_977' title='bbox 3163 5082 3323 5151; x_wconf 89' lang='lat' dir='ltr'><strong>longe</strong></span> <span class='ocrx_word' id='word_1_978' title='bbox 3355 5080 3438 5136; x_wconf 85' lang='lat' dir='ltr'><strong>di-</strong></span> 
     </span>
    </p>
   </div>
   <div class='ocr_carea' id='block_1_131' title="bbox 1849 5155 2444 5209">
    <p class='ocr_par' dir='ltr' id='par_1_131' title="bbox 1849 5155 2444 5209">
     <span class='ocr_line' id='line_1_133' title="bbox 1849 5155 2444 5209; baseline 0 -1"><span class='ocrx_word' id='word_1_979' title='bbox 1849 5168 2022 5208; x_wconf 84' lang='lat' dir='ltr'><strong>versae</strong></span> <span class='ocrx_word' id='word_1_980' title='bbox 2049 5155 2161 5209; x_wconf 90' lang='lat' dir='ltr'><strong>sint</strong></span> <span class='ocrx_word' id='word_1_981' title='bbox 2185 5155 2323 5208; x_wconf 89' lang='lat' dir='ltr'><strong>inter</strong></span> <span class='ocrx_word' id='word_1_982' title='bbox 2363 5169 2444 5209; x_wconf 90' lang='lat' dir='ltr'><strong>se.</strong></span> 
     </span>
    </p>
   </div>
   <div class='ocr_carea' id='block_1_132' title="bbox 1917 5222 3441 5296">
    <p class='ocr_par' dir='ltr' id='par_1_132' title="bbox 1917 5222 3441 5296">
     <span class='ocr_line' id='line_1_134' title="bbox 1917 5222 3441 5296; baseline -0.004 -16"><span class='ocrx_word' id='word_1_983' title='bbox 1917 5225 1975 5280; x_wconf 84' lang='lat' dir='ltr'><strong>In</strong></span> <span class='ocrx_word' id='word_1_984' title='bbox 2003 5225 2293 5280; x_wconf 85' lang='lat' dir='ltr'><strong>Olcadibus</strong></span> <span class='ocrx_word' id='word_1_985' title='bbox 2325 5224 2512 5296; x_wconf 86' lang='lat' dir='ltr'><strong>igitur,</strong></span> <span class='ocrx_word' id='word_1_986' title='bbox 2549 5233 2686 5296; x_wconf 78' lang='lat' dir='ltr'><strong>teste</strong></span> <span class='ocrx_word' id='word_1_987' title='bbox 2717 5222 2938 5296; x_wconf 77' lang='lat' dir='ltr'><strong>Dextro,</strong></span> <span class='ocrx_word' id='word_1_988' title='bbox 2969 5222 3138 5296; x_wconf 79' lang='lat' dir='ltr'><strong>san_c_ti</strong></span> <span class='ocrx_word' id='word_1_989' title='bbox 3161 5231 3441 5296; x_wconf 66' lang='lat' dir='ltr'><strong>martyres</strong></span> 
     </span>
    </p>
   </div>
   <div class='ocr_carea' id='block_1_133' title="bbox 1848 5290 3439 5366">
    <p class='ocr_par' dir='ltr' id='par_1_133' title="bbox 1848 5290 3439 5366">
     <span class='ocr_line' id='line_1_135' title="bbox 1848 5290 3439 5366; baseline -0.003 -16"><span class='ocrx_word' id='word_1_990' title='bbox 1848 5294 2115 5351; x_wconf 86' lang='lat' dir='ltr'><strong>Antonina</strong></span> <span class='ocrx_word' id='word_1_991' title='bbox 2132 5312 2300 5366; x_wconf 75' lang='lat' dir='ltr'><strong>Virgo,</strong></span> <span class='ocrx_word' id='word_1_992' title='bbox 2324 5290 2378 5351; x_wconf 80' lang='grc' dir='ltr'>εἰ</span> <span class='ocrx_word' id='word_1_993' title='bbox 2409 5294 2715 5350; x_wconf 72' lang='lat' dir='ltr'><strong>Alexander</strong></span> <span class='ocrx_word' id='word_1_994' title='bbox 2730 5294 2892 5366; x_wconf 87' lang='lat' dir='ltr'><strong>miles</strong></span> <span class='ocrx_word' id='word_1_995' title='bbox 2918 5307 3014 5366; x_wconf 82' lang='lat' dir='ltr'><strong>pro</strong></span> <span class='ocrx_word' id='word_1_996' title='bbox 3043 5290 3261 5366; x_wconf 78' lang='lat' dir='ltr'><strong>Christo</strong></span> <span class='ocrx_word' id='word_1_997' title='bbox 3293 5290 3439 5366; x_wconf 73' lang='lat' dir='ltr'><strong>passi</strong></span> 
     </span>
    </p>
   </div>
   <div class='ocr_carea' id='block_1_134' title="bbox 1849 5361 3435 5432">
    <p class='ocr_par' dir='ltr' id='par_1_134' title="bbox 1849 5361 3435 5432">
     <span class='ocr_line' id='line_1_136' title="bbox 1849 5361 3435 5432; baseline -0.003 -10"><span class='ocrx_word' id='word_1_998' title='bbox 1849 5374 2009 5432; x_wconf 86' lang='lat' dir='ltr'><strong>sunt,</strong></span> <span class='ocrx_word' id='word_1_999' title='bbox 2056 5369 2182 5422; x_wconf 92' lang='lat' dir='ltr'><strong>licet</strong></span> <span class='ocrx_word' id='word_1_1000' title='bbox 2214 5361 2312 5421; x_wconf 68' lang='lat' dir='ltr'><strong>alii</strong></span> <span class='ocrx_word' id='word_1_1001' title='bbox 2349 5367 2657 5421; x_wconf 79' lang='lat' dir='ltr'><strong>existimant</strong></span> <span class='ocrx_word' id='word_1_1002' title='bbox 2700 5361 3167 5429; x_wconf 86' lang='lat' dir='ltr'><strong>ConstantinOpoli</strong></span> <span class='ocrx_word' id='word_1_1003' title='bbox 3193 5363 3435 5427; x_wconf 87' lang='lat' dir='ltr'><strong>occisos,</strong></span> 
     </span>
    </p>
   </div>
   <div class='ocr_carea' id='block_1_135' title="bbox 1849 5431 3439 5508">
    <p class='ocr_par' dir='ltr' id='par_1_135' title="bbox 1849 5431 3439 5508">
     <span class='ocr_line' id='line_1_137' title="bbox 1849 5431 3439 5508; baseline -0.004 -13"><span class='ocrx_word' id='word_1_1004' title='bbox 1849 5453 1957 5508; x_wconf 91' lang='lat' dir='ltr'><strong>quo</strong></span> <span class='ocrx_word' id='word_1_1005' title='bbox 1982 5439 2084 5492; x_wconf 91' lang='lat' dir='ltr'><strong>loci</strong></span> <span class='ocrx_word' id='word_1_1006' title='bbox 2111 5438 2244 5492; x_wconf 84' lang='lat' dir='ltr'><strong>festa</strong></span> <span class='ocrx_word' id='word_1_1007' title='bbox 2273 5440 2388 5492; x_wconf 90' lang='lat' dir='ltr'><strong>dics</strong></span> <span class='ocrx_word' id='word_1_1008' title='bbox 2410 5437 2698 5508; x_wconf 87' lang='lat' dir='ltr'><strong>quotannis</strong></span> <span class='ocrx_word' id='word_1_1009' title='bbox 2736 5433 2866 5503; x_wconf 92' lang='lat' dir='ltr'><strong>ipsis</strong></span> <span class='ocrx_word' id='word_1_1010' title='bbox 2894 5431 3268 5508; x_wconf 84' lang='lat' dir='ltr'><strong>celebrabatur</strong></span> <span class='ocrx_word' id='word_1_1011' title='bbox 3292 5479 3317 5508; x_wconf 19' lang='grc' dir='ltr'><strong>,Α</strong></span> <span class='ocrx_word' id='word_1_1012' title='bbox 3344 5449 3439 5488; x_wconf 81' lang='lat' dir='ltr'><strong>ve-</strong></span> 
     </span>
    </p>
   </div>
   <div class='ocr_carea' id='block_1_136' title="bbox 1850 5506 3437 5570">
    <p class='ocr_par' dir='ltr' id='par_1_136' title="bbox 1850 5506 3437 5570">
     <span class='ocr_line' id='line_1_138' title="bbox 1850 5506 3437 5570; baseline -0.003 -6"><span class='ocrx_word' id='word_1_1013' title='bbox 1850 5506 1926 5564; x_wconf 76' lang='lat' dir='ltr'><strong>lut</strong></span> <span class='ocrx_word' id='word_1_1014' title='bbox 1964 5511 2280 5565; x_wconf 72' lang='lat' dir='ltr'><strong>concivibus</strong></span> <span class='ocrx_word' id='word_1_1015' title='bbox 2321 5506 2454 5563; x_wconf 84' lang='lat' dir='ltr'><strong>suis.</strong></span> <span class='ocrx_word' id='word_1_1016' title='bbox 2507 5509 2698 5562; x_wconf 82' lang='lat' dir='ltr'><strong>Mirum</strong></span> <span class='ocrx_word' id='word_1_1017' title='bbox 2737 5515 2913 5560; x_wconf 88' lang='lat' dir='ltr'><strong>autem</strong></span> <span class='ocrx_word' id='word_1_1018' title='bbox 2945 5520 3067 5560; x_wconf 79' lang='lat' dir='ltr'><strong>esse</strong></span> <span class='ocrx_word' id='word_1_1019' title='bbox 3094 5519 3203 5558; x_wconf 87' lang='lat' dir='ltr'><strong>non</strong></span> <span class='ocrx_word' id='word_1_1020' title='bbox 3236 5506 3397 5561; x_wconf 81' lang='lat' dir='ltr'><strong>debet</strong></span> <span class='ocrx_word' id='word_1_1021' title='bbox 3419 5543 3437 5570; x_wconf 91' lang='lat'><strong>,</strong></span> 
     </span>
    </p>
   </div>
   <div class='ocr_carea' id='block_1_137' title="bbox 1851 5575 3437 5651">
    <p class='ocr_par' dir='ltr' id='par_1_137' title="bbox 1851 5575 3437 5651">
     <span class='ocr_line' id='line_1_139' title="bbox 1851 5575 3437 5651; baseline -0.004 -17"><span class='ocrx_word' id='word_1_1022' title='bbox 1851 5581 1993 5651; x_wconf 87' lang='lat' dir='ltr'><strong>quod</strong></span> <span class='ocrx_word' id='word_1_1023' title='bbox 2018 5579 2145 5635; x_wconf 92' lang='lat' dir='ltr'><strong>inibi</strong></span> <span class='ocrx_word' id='word_1_1024' title='bbox 2179 5581 2310 5644; x_wconf 89' lang='lat' dir='ltr'><strong>uati,</strong></span> <span class='ocrx_word' id='word_1_1025' title='bbox 2338 5583 2398 5634; x_wconf 86' lang='lat' dir='ltr'><strong>in</strong></span> <span class='ocrx_word' id='word_1_1026' title='bbox 2421 5579 2670 5650; x_wconf 87' lang='lat' dir='ltr'><strong>Hispania</strong></span> <span class='ocrx_word' id='word_1_1027' title='bbox 2699 5578 2862 5633; x_wconf 85' lang='lat' dir='ltr'><strong>occisi</strong></span> <span class='ocrx_word' id='word_1_1028' title='bbox 2889 5577 3038 5651; x_wconf 10' lang='lat' dir='ltr'><strong>sint_;f</strong></span> <span class='ocrx_word' id='word_1_1029' title='bbox 3061 5575 3109 5651; x_wconf 84' lang='lat' dir='ltr'><strong>id</strong></span> <span class='ocrx_word' id='word_1_1030' title='bbox 3141 5577 3284 5651; x_wconf 72' lang='lat' dir='ltr'><strong>enim</strong></span> <span class='ocrx_word' id='word_1_1031' title='bbox 3309 5591 3437 5651; x_wconf 82' lang='lat' dir='ltr'><strong>per-</strong></span> 
     </span>
    </p>
   </div>
   <div class='ocr_carea' id='block_1_138' title="bbox 1851 5645 3434 5726">
    <p class='ocr_par' dir='ltr' id='par_1_138' title="bbox 1851 5645 3434 5726">
     <span class='ocr_line' id='line_1_140' title="bbox 1851 5645 3434 5726; baseline -0.004 -20"><span class='ocrx_word' id='word_1_1032' title='bbox 1851 5645 2143 5726; x_wconf 71' lang='lat' dir='ltr'><strong>secutionis</strong></span> <span class='ocrx_word' id='word_1_1033' title='bbox 2171 5645 2582 5726; x_wconf 26' lang='lat' dir='ltr'><strong>tctupore-sche</strong></span> <span class='ocrx_word' id='word_1_1034' title='bbox 2609 5651 2836 5726; x_wconf 80' lang='lat' dir='ltr'><strong>Contigit</strong></span> <span class='ocrx_word' id='word_1_1035' title='bbox 2861 5689 2876 5716; x_wconf 91' lang='lat'><strong>,</strong></span> <span class='ocrx_word' id='word_1_1036' title='bbox 2907 5656 2965 5726; x_wconf 80' lang='lat' dir='ltr'><strong>ut</strong></span> <span class='ocrx_word' id='word_1_1037' title='bbox 2983 5645 3277 5726; x_wconf 83' lang='lat' dir='ltr'><strong>Christiani</strong></span> <span class='ocrx_word' id='word_1_1038' title='bbox 3307 5646 3434 5726; x_wconf 63' lang='lat' dir='ltr'><strong>hinc</strong></span> 
     </span>
    </p>
   </div>
   <div class='ocr_carea' id='block_1_139' title="bbox 1851 5715 3434 5793">
    <p class='ocr_par' dir='ltr' id='par_1_139' title="bbox 1851 5715 3434 5793">
     <span class='ocr_line' id='line_1_141' title="bbox 1851 5715 3434 5793; baseline -0.006 -15"><span class='ocrx_word' id='word_1_1039' title='bbox 1851 5723 1976 5778; x_wconf 88' lang='lat' dir='ltr'><strong>inde</strong></span> <span class='ocrx_word' id='word_1_1040' title='bbox 2025 5715 2320 5793; x_wconf 77' lang='lat' dir='ltr'><strong>migrarent</strong></span> <span class='ocrx_word' id='word_1_1041' title='bbox 2351 5740 2363 5776; x_wconf 93' lang='lat'>:</span> <span class='ocrx_word' id='word_1_1042' title='bbox 2397 5723 2462 5777; x_wconf 89' lang='lat' dir='ltr'><strong>de</strong></span> <span class='ocrx_word' id='word_1_1043' title='bbox 2501 5715 2607 5792; x_wconf 76' lang='lat' dir='ltr'><strong>quo</strong></span> <span class='ocrx_word' id='word_1_1044' title='bbox 2644 5715 2783 5778; x_wconf 70' lang='lat' dir='ltr'><strong>satis</strong></span> <span class='ocrx_word' id='word_1_1045' title='bbox 2814 5715 2979 5775; x_wconf 85' lang='lat' dir='ltr'><strong>multa</strong></span> <span class='ocrx_word' id='word_1_1046' title='bbox 3016 5719 3157 5772; x_wconf 72' lang='lat' dir='ltr'><strong>dicta</strong></span> <span class='ocrx_word' id='word_1_1047' title='bbox 3205 5732 3233 5768; x_wconf 92' lang='lat' dir='ltr'><strong>a</strong></span> <span class='ocrx_word' id='word_1_1048' title='bbox 3276 5715 3434 5793; x_wconf 77' lang='lat' dir='ltr'><strong>nobis</strong></span> 
     </span>
    </p>
   </div>
   <div class='ocr_carea' id='block_1_140' title="bbox 1849 5786 3431 5866">
    <p class='ocr_par' dir='ltr' id='par_1_140' title="bbox 1849 5786 3431 5866">
     <span class='ocr_line' id='line_1_142' title="bbox 1849 5786 3431 5866; baseline -0.008 -15"><span class='ocrx_word' id='word_1_1049' title='bbox 1849 5806 1972 5852; x_wconf 81' lang='lat' dir='ltr'><strong>sunt</strong></span> <span class='ocrx_word' id='word_1_1050' title='bbox 2013 5794 2067 5850; x_wconf 89' lang='lat' dir='ltr'><strong>iu</strong></span> <span class='ocrx_word' id='word_1_1051' title='bbox 2105 5786 2532 5866; x_wconf 46' lang='lat' dir='ltr'><strong>superioribus.-</strong></span> <span class='ocrx_word' id='word_1_1052' title='bbox 2561 5795 2788 5852; x_wconf 75' lang='lat' dir='ltr'><strong>Exsmnt</strong></span> <span class='ocrx_word' id='word_1_1053' title='bbox 2837 5794 3080 5864; x_wconf 85' lang='lat' dir='ltr'><strong>ipsorum</strong></span> <span class='ocrx_word' id='word_1_1054' title='bbox 3129 5795 3248 5842; x_wconf 83' lang='lat' dir='ltr'><strong>acta</strong></span> <span class='ocrx_word' id='word_1_1055' title='bbox 3289 5786 3431 5856; x_wconf 79' lang='lat' dir='ltr'><strong>apud</strong></span> 
     </span>
    </p>
   </div>
  </div>
