3976 6294
501 252 612 312 203

1535 240 1767 306 FLAVII
1805 236 1990 299 LUCII
2029 230 2292 295 DEXTRI
2330 229 2748 294 CIIRONIL‘ON.

3703 231 3804 290 296

499 369 569 425 Α.
600 367 665 422 C.
711 368 841 426 HO.
873 367 935 426 S.
968 366 1164 424 Petrus
1195 361 1486 435 episcopus
1516 357 1902 415 Braccarensis
1927 397 1942 424 ,
1974 363 2031 410 et
2069 358 2276 424 martyr
2305 351 2373 408 ad
2405 350 2664 423 oppidum
2695 351 2888 406 Rutem
2917 348 2970 404 in
3000 345 3272 407 Bracariis
3292 391 3309 418 ,
3341 365 3451 408 non
3484 350 3551 409 Α.
3583 349 3652 408 R.
3681 349 3805 406 861.

938 461 1182 534 procula
1214 458 1447 512 Bracara
1474 457 1734 525 Augusta,
1759 453 1852 524 qni
1885 465 1986 521 pro
2015 449 2121 504 (ide
2147 447 2349 504 Christi
2379 461 2524 501 anno
2550 444 2764 500 Domini
2791 444 2862 500 45
2885 444 3205 515 martyrium
3236 445 3452 502 illustre

931 559 1219 623 subierat,
1273 550 1743 623 frequentissimis
1790 555 1847 604 et
1890 543 2213 602 clarissimis
2241 541 2522 598 miraculis
2551 539 2752 598 clarior
2783 538 3054 606 habetur;
3087 537 3176 593 cui
3207 539 3456 596 succedit

937 651 1208 716 Basileus,
1239 656 1294 704 et
1316 657 1505 718 postea
1537 643 1762 699 Ovidius
1786 641 1921 696 civis
1942 639 2244 694 Romanus.

859 745 920 803 S.
945 744 1223 800 Firminus
1247 736 1749 810 Pampliilionensis
1779 734 1916 789 civis
1948 740 2004 787 et
2031 730 2322 801 episcopus
2347 767 2366 794 ,
2395 725 2695 798 discipulus
2723 725 2783 782 S.
2815 724 3075 791 Saturni,
3111 723 3171 780 S.
3202 723 3348 781 Petri
3379 725 3451 781 si-

932 837 1136 894 militer
1181 831 1451 888 auditoris
1473 869 1490 897 ,
1540 827 1796 883 Ambiani
1829 825 1932 879 sub
1957 822 2174 879 Juliano
2199 818 2431 892 praeside
2471 821 2708 890 patitur;
2742 819 2896 889 prius
2926 826 3106 874 tamen
3131 833 3230 890 per
3254 818 3450 890 Hispa-

934 932 1056 989 nias
1078 929 1328 987 Toletum
1354 941 1528 997 usque
1561 923 1886 996 praedicans,
1916 919 2256 991 provinciam
2280 916 2440 988 longe
2469 914 2687 986 lateque
2715 915 2984 986 pervasit.

1716 1039 1970 1098 BlVARlI
1993 1022 2586 1108 “COMMENTARIUS.

515 1132 650 1152 ,δινν-

755 1147 820 1199 lit
841 1146 953 1198 linit
975 1143 1278 1208 Hesperium
1294 1139 1496 1192 braelea
1522 1138 1629 1189 viva
1655 1147 1825 1199 pecus.

505 1255 664 1314 Addo
720 1250 982 1309 Breviarli
1012 1249 1231 1304 Gotliici
1283 1243 1534 1300 Toletani
1579 1254 1795 1318 sacrum
1822 1236 2104 1318 hymnum,

503 1343 615 1400 quo
662 1324 908 1400 ejusdem
955 1324 1014 1377 8.
1063 1315 1704 1400 Βὶο-ηγξὶἱηΑΞεοΒειεὶιιξξ
1745 1315 2109 1400 ξιξξςεςίξρςηρι

505 1383 798 1470 llispatiias
825 1394 1112 1448 adventus.
1157 1383 1371 1458 Incipit,
1397 1386 1459 1442 8.
1486 1383 1704 1455 Eugenii
1733 1383 1892 1451 digna
1922 1391 2111 1432 memo-

503 1469 619 1526 ria.
639 1469 835 1524 Postea
870 1478 1029 1519 vero:

757 1578 997 1630 Alumnus
1023 1575 1224 1626 Graeciaa
1249 1572 1365 1623 visit
1382 1572 1691 1632 iliSpaniam;

753 1641 938 1690 Doctor
960 1639 1212 1699 Hispania:
1237 1637 1409 1703 revisit
1435 1632 1639 1703 (galliam
1656 1668 1670 1690 ,

758 1703 901 1754 Docti
931 1693 1243 1764 praesentiam
1265 1697 1492 1747 Doctoris
1510 1693 1678 1745 Gallia:

824 1763 982 1816 Fideli
1004 1769 1206 1824 captans
1231 1767 1454 1824 pectore.

506 1872 716 1932 Sensus
741 1879 827 1926 est
851 1888 864 1923 :
889 1869 1209 1936 AreOpagita
1235 1866 1328 1920 ille
1350 1864 1662 1934 Dionysius.
1687 1859 1918 1936 graccize
1935 1857 2112 1936 alum—

507 1930 611 2002 nus
641 1945 771 2000 visit
811 1930 1164 2012 lliSpaui'ani;
1198 1930 1651 2012 [Eugenius'vero
1693 1930 1970 2012 Hispania:
2005 1932 2115 2012 Do-

507 2000 629 2072 ctor
655 2030 686 2070 e
706 2000 975 2067 converso
1000 2009 1188 2064 revi~it
1207 2000 1463 2067 Galliam,
1491 2015 1548 2059 ut
1579 2002 1890 2074 Dionysium
1923 2000 2115 2079 Gallia:

511 2071 812 2142 Doctorem
853 2081 1208 2152 conveniret,
1244 2079 1312 2152 de
1343 2093 1450 2152 quo
1483 2086 1670 2144 postea
1704 2071 1946 2142 agemus.
1991 2071 2116 2152 Dio-

511 2155 918 2228 nysiumigitur
955 2149 1674 2228 voc:it_Gr:e_cia:alimmum
1701 2187 1714 2210 ,
1764 2160 1870 2228 quo
1900 2149 2116 2228 nomine

513 2215 570 2284 iii
597 2227 706 2281 alio
731 2215 935 2296 hymno
978 2222 1203 2277 alterius
1235 2219 1499 2296 Breviarii
1528 2217 1777 2296 Toletani
1801 2215 2113 2296 secundum

512 2313 722 2355 morem
770 2286 1084 2350 Romanum
1132 2303 1368 2353 notatur,
1409 2291 1536 2344 dum
1581 2289 1758 2355 dicit,
1801 2286 2114 2356 Dionysium

508 2371 726 2426 misisse
759 2367 1052 2438 Eugenium
1079 2365 1132 2418 in
1163 2361 1482 2432 llispanias:

885 2481 1070 2531 Doctus
1091 2477 1330 2526 Alumnus
1351 2475 1583 2534 Grmcize,‘

893 2543 1028 2592 Misit
1049 2541 1178 2589 hunc
1198 2535 1512 2602 (Eugenium)
1539 2537 1800 2600 Dionysius
1814 2575 1829 2599 ,

891 2603 956 2654 Ut
983 2611 1120 2653 esset
1141 2602 1260 2651 solis
1283 2601 1467 2660 radius,

885 2666 940 2717 ln
968 2666 1194 2716 tenebris
1215 2664 1446 2713 occiduis.

516 2774 632 2832 Hoc
655 2774 780 2829 loco
806 2771 860 2827 in
903 2770 1092 2824 codice
1127 2781 1336 2823 excuso
1366 2765 1796 2834 Ca'saraugustre
1831 2762 2120 2832 apponitur

514 2848 632 2902 lia'c
653 2844 892 2899 clausula
925 2859 937 2894 :
965 2840 1206 2908 Triginta
1229 2840 1419 2908 scilicet
1442 2838 1712 2908 scriptores
1726 2834 1972 2908 catholici
1996 2851 2122 2908 conf

516 2927 598 2970 ti'a
629 2913 969 2985 blasphemias
1004 2905 1257 2985 Popligrii
1279 2905 1613 2985 ,ρΑΙιιιοεςρρ-Ιιί⁵
1636 2906 1980 2985 scripserunt;
2025 2905 2118 2959 sed

516 2988 623 3042 boc
653 2978 757 3040 non
799 2984 1018 3054 quidem
1064 2978 1365 3054 τιίιιῐολὶο,
1387 2981 1480 3034 sed
1515 2979 1620 3054 310
1647 2978 1844 3047 apponi
1873 2978 2117 3044 deberet,

520 3070 581 3113 ut
611 3059 661 3112 in
691 3051 884 3111 codice
915 3067 1038 3106 meo
1061 3063 1163 3119 est,
1198 3051 1267 3106 de
1293 3067 1400 3120 quo
1423 3065 1521 3104 suo
1551 3051 1689 3120 loco.

585 3130 641 3182 2.
667 3126 727 3182 8.
748 3125 954 3190 Petrus,
972 3133 1076 3177 etc.
1100 3117 1260 3177 Multa
1279 3117 1346 3176 de
1367 3137 1431 3177 eo
1451 3139 1476 3172 :i
1498 3119 1652 3175 nobis
1681 3120 1732 3172 in
1751 3117 2120 3186 superioribus

517 3200 662 3255 dicta
707 3197 961 3252 invenies
991 3194 1056 3247 ad
1103 3207 1276 3246 annos
1320 3192 1534 3247 Domini
1582 3191 1648 3244 57
1679 3198 1733 3242 et
1770 3192 1861 3256 66,
1912 3206 2032 3256 quae
2066 3199 2119 3242 tu

519 3270 797 3326 consulas.
818 3266 896 3320 De
926 3264 1140 3319 Basilco
1163 3264 1326 3318 etiam
1350 3262 1608 3317 nonnulla
1634 3260 1871 3314 diximus
1895 3260 2119 3326 ibidem,

523 3343 593 3398 de
641 3339 838 3396 Ovidio
868 3350 1001 3392 vero
1041 3351 1169 3389 ann.
1197 3335 1267 3388 93
1297 3341 1352 3388 et
1393 3334 1588 3387 iterum
1633 3331 1875 3384 dicemus
1897 3331 1963 3384 ad
1991 3347 2118 3384 ann.

522 3415 650 3479 138,
675 3425 800 3467 cum
833 3409 903 3464 de
936 3417 1126 3461 sancta
1172 3405 1382 3460 Mariua
1418 3412 1474 3458 et
1503 3401 1784 3458 sororibus
1812 3415 2118 3457 sermonem

519 3485 725 3540 Dexter
753 3481 1021 3536 instituat.

589 3557 643 3609 5.
672 3553 735 3606 8.
758 3549 1052 3610 Firminus,
1080 3555 1189 3601 etc.
1220 3543 1715 3613 Pampilionensem
1740 3544 1916 3598 civem
1957 3541 2122 3598 luisse

518 3625 744 3680 tradunt
764 3629 1033 3692 quotquot
1063 3619 1180 3687 ejus
1205 3628 1356 3692 gesta
1385 3618 1862 3692 conscripserunt,
1894 3628 2124 3692 praise}:-

517 3699 612 3750 tim
632 3686 981 3762 Equilinus].
1013 3686 1130 3755 vui,
1155 3686 1627 3762 c.’ll9,_!_ll_orales
1649 3686 1848 3762 li_b._tx,
1879 3701 1997 3762 cap.
2031 3687 2120 3762 15,

517 3757 795 3836 'l‘rugillus
820 3804 835 3827 ,
862 3763 1212 3836 Sanctorus,
1255 3769 1310 3813 et
1353 3758 1698 3836 Yillega_s__ad
1740 3757 1881 3811 diem
1913 3757 1984 3836 g5
2013 3759 2124 3836 ⁵ἰξυ-

521 3827 786 3906 ptembris
812 3875 827 3899 ,
859 3834 1094 3906 Mariana
1136 3831 1243 3906 lib.
1270 3845 1323 3883 tv
1355 3827 1511 3906 ‘Ilist.’
1553 3829 1728 3906 llisp.,
1763 3843 1883 3896 cap.
1921 3831 1989 3906 5,_
2010 3827 2118 3906 bla-

2147 2513 2196 2574 Β

2132 1134 2181 1192 Α
2212 1128 2430 1181 minum.
2468 1122 2929 1199 Vigeriumpostea
2965 1133 3284 1180 transmenns
3308 1141 3540 1199 omnem,
3576 1123 3821 1199 Andega-

2214 1200 2384 1252 rinam
2413 1195 2637 1266 perrexit
2673 1196 2743 1248 ad
2771 1196 2976 1262 urbem,
3014 1206 3061 1249 et
3092 1213 3328 1266 magnam
3359 1197 3428 1250 ibi
3460 1195 3570 1250 Deo
3595 1195 3821 1254 militare

2216 1271 2337 1342 fecit
2379 1268 2644 1342 yenti_liu_m
2693 1267 2911 1342 plebem.
2962 1266 3341 1342 Germanicam
3369 1269 3576 1342 tandem
3622 1270 3732 1342 iens
3765 1272 3818 1324 in

2216 1336 2418 1408 partem
2440 1378 2455 1404 ,
2497 1336 2857 1410 Belvacensem
2889 1339 3154 1410 ingressus
3192 1351 3266 1392 est
3295 1340 3548 1392 civitatem
3582 1355 3602 1393 :
3651 1341 3821 1410 ibique

2213 1427 2427 1466 manens
2455 1409 2726 1479 episcopus
2755 1410 2947 1465 electus
2975 1427 3007 1463 a
3035 1409 3358 1464 credentibus
3385 1411 3578 1463 multos
3612 1409 3822 1465 revoca-

2213 1484 2285 1536 vit
2306 1481 2368 1534 ab
2392 1481 2649 1534 idolorum
2671 1480 2896 1534 cultura.
2940 1481 3359 1534 Ambianensium
3381 1497 3498 1535 vero
3525 1482 3712 1536 deinde
3731 1500 3823 1536 ra—

2215 1555 2339 1607 dens
2361 1555 2428 1606 ad
2457 1550 2731 1620 Oppidum,
2760 1559 2838 1606 ter
2867 1553 3105 1606 millenas
3131 1549 3242 1604 Deo
3259 1552 3710 1607 sociaritanimas.
3739 1556 3822 1608 Ad

2216 1625 2459 1678 ultimum
2501 1622 2788 1676 deeollatus
2823 1635 2896 1676 est
2936 1625 2991 1676 in
3029 1623 3280 1676 carcerali
3311 1622 3601 1692 ergastulo.
3636 1625 3824 1680 Hacte-

2217 1712 2318 1751 nus
2381 1699 2534 1751 Acta.
2590 1695 2722 1748 Mire
2756 1695 2983 1766 variant
3029 1703 3285 1748 auctores
3329 1693 3550 1766 dumos.
3593 1694 3821 1752 Firmini

2213 1767 2455 1836 judicein
2506 1780 2570 1820 ac
2629 1765 3014 1820 trucidatorem
3047 1766 3354 1834 designant.
3410 1765 3693 1836 USuardns
3721 1771 3822 1822 sub

2219 1835 2538 1911 lticciovaro
2566 1851 2782 1911 passum
2807 1837 2968 1911 dicit,
2997 1844 3399 1911 consequenter
3425 1835 3588 1890 Rom.
3619 1839 3824 1911 Marty-

2217 1908 2486 1977 rologium
2526 1906 2735 1960 addidit
2779 1908 3049 1962 accidisse
3077 1906 3402 1977 Diocletiani
3443 1906 3818 1976 tempestate:

2219 1976 2460 2034 Ambiani
2495 1979 2716 2050 (inquit)
2740 1979 2792 2031 in
2817 1977 2992 2032 Gallia
3022 1979 3086 2033 Β.
3118 1976 3344 2031 Firmini
3365 1979 3618 2050 episcOpi,
3651 1984 3740 2050 qui
3767 1984 3819 2035 in

2218 2051 2568 2124 persecutione
2609 2047 2923 2124 Diacletioni
2963 2050 3054 2124 sub
3107 2050 3411 2124 liicciovaro
3447 2047 3673 2124 prteside
3710 2063 3821 2121 post

2217 2121 2640 2195 uariatormenta
2663 2121 2846 2190 capitis
2883 2122 3218 2195 decollatione
3245 2121 3548 2190 martyrium
3579 2128 3815 2195 sumpsit.

2219 2194 2372 2261 Quod
2401 2208 2578 2263 quam
2612 2208 2639 2244 a
2665 2207 2821 2263 ivero
2852 2192 3091 2247 alienum
3118 2195 3224 2263 sit,
3254 2202 3456 2246 norunt
3477 2192 3706 2259 omnes,
3728 2194 3821 2263 qui

2219 2266 2543 2332 discipulum
2566 2262 2624 2317 8.
2654 2262 2928 2317 Saturnini
2960 2265 3138 2331 ipsum
3171 2262 3337 2317 fuisse
3367 2264 3566 2335 sciunt.
3613 2262 3822 2335 Equili-

2221 2351 2324 2392 nus
2349 2335 2847 2406 contenditAprimo
2891 2335 3105 2406 quidem
3135 2335 3345 2389 Belvaci
3381 2349 3412 2388 a
3446 2334 3824 2406 Valesio'praz-

2221 2407 2338 2462 side
2369 2422 2514 2473 szepe
2544 2406 2615 2460 ob
2634 2402 2835 2459 Clu-isti
2868 2405 3270 2460 confessionem
3301 2420 3466 2475 usque
3485 2406 3550 2460 ad
3579 2402 3820 2464 mortem

2225 2493 2360 2547 pene
2413 2477 2741 2548 ﬂagellatum
2762 2518 2776 2540 ,
2807 2485 2862 2530 et
2891 2492 2920 2529 a
2947 2475 3136 2546 Sergio
3160 2475 3379 2548 rValesii
3416 2491 3741 2534 successore
3771 2482 3820 2534 in

2227 2559 2367 2605 tetro
2396 2563 2616 2603 carcere
2653 2547 2955 2612 detentum,
2987 2547 3172 2615 populi
3191 2564 3320 2603 vero
3346 2547 3525 2603 lurore
3549 2549 3818 2614 solutum,

2225 2621 2478 2677 Ambiani
2502 2635 2532 2672 a
2561 2619 2804 2687 Longino
2836 2631 2890 2675 et
2915 2619 3234 2673 Sebastiano
3277 2619 3606 2686 przesidibus
3629 2623 3820 2677 timore

2224 2693 2406 2762 p0pu|i
2437 2707 2544 2744 non
2588 2693 2793 2758 palam,
2834 2689 2929 2746 sed
2968 2691 3019 2744 in
3049 2705 3269 2745 carcere
3297 2690 3650 2745 decollatum.
3681 2693 3818 2746 'l‘ru-

2223 2764 2388 2830 gillus
2413 2763 2465 2816 iti
2490 2762 2746 2815 thesauro
2763 2762 3082 2816 Concionat.
3115 2762 3417 2830 Longinum
3445 2763 3734 2817 dumtaxat
3764 2775 3822 2819 ct

2225 2835 2602 2890 Sebastianum
2644 2835 2922 2902 cognoscit
2975 2832 3142 2888 fuisse
3192 2836 3310 2900 ejus
3358 2835 3621 2900 prmsides
3669 2850 3817 2888 ωλι-ο

2226 2905 2350 2978 tyrii
2377 2923 2389 2958 :
2419 2920 2560 2978 nunc
2581 2918 2711 2959 vero
2740 2903 2938 2959 Dexter
2965 2905 3066 2978 sub
3081 2902 3308 2978 duliaiio
3332 2904 3568 2978 prteside
3599 2920 3818 2978 passum

2224 2975 2374 3031 dicit.
2411 2975 2548 3042 Quid
2580 2991 2710 3045 ergo
2740 2980 2788 3028 in
2817 2983 2963 3029 tanta
2989 2976 3220 3045 caligine
3260 2975 3652 3030 sentiendum?
3681 2977 3818 3032 Sane

2226 3049 2430 3103 Dextro
2477 3048 2654 3116 potius
2683 3047 3100 3115 {assentiendum
3128 3063 3142 3100 ε
3175 3047 3244 3101 de
3275 3045 3493 3102 Valesio
3523 3047 3742 3116 quidem
3766 3060 3821 3104 et

2225 3120 2439 3190 Sergio,
2467 3133 2694 3187 quorum
2733 3134 2902 3188 opera
2933 3119 3098 3188 erepit
3137 3118 3353 3188 quidem
3385 3119 3515 3184 pati,
3548 3117 3645 3190 sed
3678 3135 3820 3173 mar-

2227 3189 2426 3262 tyrium
2476 3205 2582 3244 non
2623 3192 3022 3262 consummavit
3057 3192 3289 3258 qumstio
3327 3205 3433 3242 non
3466 3199 3584 3246 est:
3616 3189 3821 3260 Longi-

2226 3260 2355 3316 num
2407 3276 2538 3315 vero
2585 3269 2641 3316 et
2690 3260 3068 3316 Sebastianum
3111 3263 3483 3314 existimamus
3519 3277 3626 3316 non
3656 3262 3822 3318 fuisse

2227 3333 2530 3402 praecipuos
2569 3332 2830 3397 praesides
2862 3332 3184 3400 provinciae,
3224 3332 3320 3387 sed
3352 3332 3601 3398 lictores,
3633 3335 3825 3402 pra-si-

2225 3405 2349 3460 dem
2380 3417 2512 3458 vero
2541 3404 2817 3458 lulianum
2845 3403 3028 3457 luisse.
3071 3402 3238 3457 Favet
3263 3413 3448 3457 autem
3477 3403 3667 3458 Dextri
3701 3405 3822 3473 pla-

2225 3476 2336 3530 cito
2361 3516 2375 3539 ,
2407 3474 2553 3544 quod
2597 3475 2665 3528 de
2691 3474 2876 3528 inultis
2904 3476 3026 3528 aliis
3057 3475 3175 3543 ejus
3199 3476 3457 3544 temporis
3484 3477 3822 3546 martyribus

2227 3547 2279 3602 in
2325 3545 2502 3602 Gallia
2556 3545 2858 3600 invenimus
2906 3545 3010 3599 sub
3055 3547 3272 3600 Juliano
3315 3560 3612 3615 perpessos
3638 3545 3824 3603 luisse

2226 3618 2586 3691 martyrium;
2633 3626 2706 3691 ut_
2737 3617 2805 3691 de
2857 3618 2914 3670 S.
2943 3616 3098 3691 __.loua
3139 3616 3412 3691 discipulo
3452 3617 3514 3670 8.
3575 3615 3825 3691 Dionysii

2228 3687 2406 3758 ipsmn
2455 3688 2898 3759 Martyrologium
2943 3687 3244 3742 Romanum
3293 3688 3580 3759 proﬁtetur
3620 3689 3694 3742 εξ
3718 3687 3826 3745 Se-

2228 3759 2508 3830 ptembris,
2537 3758 2686 3814 etde
2713 3759 2771 3812 S.
2805 3758 3051 3830 Luciano
3081 3762 3223 3830 (cum
3253 3758 3417 3830 sociis
3444 3758 3638 3830 ipsius)
3673 3760 3824 3829 ejus-

2229 3829 2350 3886 dem
2383 3831 2620 3901 Dionysii
2650 3831 2800 3884 socio
2824 3829 3109 3898 Equilinus
3129 3830 3318 3885 scribit
3341 3829 3438 3884 lib.
3463 3845 3524 3894 tt,
3550 3845 3673 3898 cap.
3706 3833 3782 3888 55
3806 3849 3821 3898 ;

516 3899 652 3963 ricta
683 3907 752 3961 de
780 3905 993 3962 Sanctis
1026 3902 1296 3969 Hispania:
1344 3902 1368 3954 1
1405 3911 1575 3969 part.,
1619 3900 1712 3953 lib.
1748 3914 1785 3964 l,
1824 3899 2036 3971 (:ap_._1_6
2063 3909 2117 3954 et
2147 3903 2192 3966 C
2225 3913 2281 3957 et
2327 3903 2430 3956 lioc
2491 3899 2725 3955 maxime
2771 3901 2911 3955 lavet
2960 3901 3152 3968 nobis,
3187 3901 3388 3971 quippe
3427 3915 3553 3956 cum
3605 3901 3850 3960 Belvaci.

514 3979 644 4044 alii;
678 3977 842 4048 idque
873 3974 1131 4048 Ecclesia
1185 3974 1297 4041 ipsa
1331 3971 1795 4048 Pnnipilionensis
1823 3969 2110 4048 in_0l_liciis

519 4041 917 4106 Ecclesia'sticis
961 4045 1208 4115 ejusdem
1267 4043 1442 4098 sancti
1505 4041 1828 4115 proﬁtetur,
1878 4042 2114 4115 legitque

518 4130 671 4192 patre
711 4119 893 4192 Firmo
918 4112 1174 4192 senatore
1204 4126 1385 4169 uatum
1406 4156 1420 4180 ,
1452 4128 1479 4166 a
1517 4113 1574 4169 Β.
1604 4113 1895 4192 Saturnino
1925 4114 1982 4168 S.
2008 4112 2112 4166 Pe-

520 4184 586 4246 iri
619 4191 887 4260 discipulo
928 4189 993 4242 ad
1033 4189 1192 4260 tidem
1225 4200 1553 4260 conversum
1579 4226 1593 4251 ,
1632 4184 2111 4260 adltucjuvencm,

521 4256 788 4318 eruditum
841 4262 893 4314 in
931 4260 1100 4313 sacris
1130 4258 1324 4312 litteris
1354 4271 1383 4310 a
1407 4257 1465 4310 8.
1503 4257 1741 4310 ιιοηεδιο
1773 4256 2112 4325 presbytero,

517 4350 546 4387 a
569 4333 628 4389 S.
648 4344 825 4388 autem
856 4331 1130 4385 Ilonorato
1151 4332 1410 4397 episcopo
1444 4325 1758 4397 episcopum
1785 4327 2113 4390 Ordinatum;

520 4421 584 4458 ac
610 4403 829 4458 tandem
866 4401 1120 4457 Ambiani
1153 4396 1247 4464 pro
1265 4397 1484 4450 Cbristo
1511 4396 1856 4449 trucidatum.
1875 4397 2119 4448 Consen-

520 4479 665 4529 tiunt
687 4476 771 4528 bis
793 4487 890 4544 per
917 4472 1100 4524 omnia
1208 4466 1499 4544 Saturnini
1535 4467 1688 4544 Acta,
1714 4481 1832 4544 qum
1867 4465 2116 4544 superius

521 4546 588 4599 ad
617 4561 747 4600 ann.
777 4536 846 4597 7'6
876 4551 1091 4595 exstare
1113 4536 1347 4590 diximus
1373 4536 1555 4590 llorta:
1581 4536 1631 4588 in
1662 4536 1851 4588 codice
1879 4552 1980 4590 ms.
2012 4536 2120 4591 Ro-

519 4618 690 4670 derici
716 4609 1114 4678 archiepiscopi
1143 4607 1388 4678 Toletani
1410 4605 1714 4678 ,ubijnter
1731 4616 1950 4678 Cu'lcra,
1982 4607 2117 4662 For-

521 4697 746 4740 tunatus
774 4676 933 4750 atque
968 4679 1278 4745 Faustinus,
1303 4676 1513 4750 nobiles
1550 4676 2014 4750 Panipilonenses,
2050 4680 2114 4732 nd

525 4758 687 4812 Iidem
715 4748 966 4809 conversi
999 4749 1257 4803 dicuntur
1278 4748 1438 4802 simul
1467 4763 1587 4802 cum
1619 4749 1800 4803 Firmo
1833 4751 1949 4818 ejus
1973 4751 2119 4805 urbis

523 4839 778 4881 senatore
822 4821 881 4876 S.
933 4819 1158 4874 Firmini
1188 4825 1441 4883 parente,
1469 4833 1630 4889 opera
1663 4823 1719 4874 8.
1747 4821 2020 4876 Saturnini
2053 4822 2114 4876 B.

525 4897 670 4951 l'eiri
696 4892 1076 4965 Apostolorum
1109 4890 1366 4965 principis
1389 4891 1820 4965 disciptili._l’ost
1847 4907 1965 4962 qua:
1987 4894 2115 4946 sub-

522 4968 709 5020 ditur:
743 4960 952 5018 Firmus
986 4963 1140 5035 igitur
1180 4977 1294 5014 Cum
1318 4963 1435 5035 jam
1483 4972 1617 5035 lotus
1655 4960 2119 5035 Christi—subditus

528 5049 656 5091 esset
685 5036 934 5097 dominio,
961 5033 1274 5087 et'maxi'mus
1306 5033 1576 5089 [iuberetur
1604 5034 1656 5086 in
1688 5036 1930 5089 comitatu
1957 5033 2118 5088 Pam-

526 5109 796 5178 pilionico,
827 5105 1042 5158 tradidit
1072 5106 1241 5178 ﬁlium
1271 5121 1420 5178 suum
1463 5107 1858 5176 primogenitum
1887 5105 2118 5161 llonesto

530 5175 751 5249 precium
802 5178 1092 5249 presbytero
1121 5175 1394 5249 Saturnini
1435 5175 1682 5249 clientulo
1707 5192 1726 5249 .’
1767 5189 1812 5231 et
1837 5179 2017 5230 doctus
2047 5187 2120 5231 est

525 5246 588 5302 ub
607 5246 700 5302 illo
731 5246 869 5302 oniul
895 5246 1106 5302 litterati
1119 5247 1353 5318 judicio,
1381 5250 1618 5316 omnique
1644 5248 1762 5318 ﬁdei
1786 5251 2119 5304 commercio:

527 5319 596 5374 Et
619 5321 777 5374 multo
803 5331 915 5389 post
960 5317 1185 5388 tempore
1209 5319 1478 5389 episcopus
1517 5327 1591 5373 est
1626 5317 1894 5373 ordinatus
1913 5321 1976 5372 ab
2004 5318 2119 5373 Ho-

525 5402 708 5446 norato
746 5391 998 5445 Toli'tano
1038 5390 1255 5461 praesule
1280 5431 1296 5456 ,
1349 5391 1622 5445 Saturnini
1659 5405 1968 5446 successore.
2015 5391 2121 5458 Qui

527 5463 821 5533 Firminus,
853 5462 1066 5533 triginta
1093 5469 1350 5514 transacto
1364 5475 1624 5533 annorum
1653 5461 1909 5533 curriculo
1929 5502 1946 5528 ,
1974 5464 2116 5532 Ago-

524 5549 733 5587 nensem
756 5531 932 5586 urbem
954 5532 1107 5597 adiit,
1123 5542 1312 5603 etcum
1338 5531 1516 5586 Astaio
1531 5532 1756 5603 quodam
1783 5531 2114 5603 prwsbytero,

524 5621 773 5677 magnum
811 5605 1076 5677 acquisieit
1100 5602 1284 5677 ibidem
1318 5601 1562 5677 papulurn
1602 5601 1826 5677 Christo.
1873 5601 2116 5677 lio-simo-

527 5673 648 5729 duo'u
679 5717 694 5744 ,
721 5678 942 5729 multum
969 5675 1348 5728 alumnicorum
1377 5673 1623 5745 papulum
1651 5675 1727 5745 (id
1759 5683 1862 5738 est,
1894 5673 2111 5744 Pampi-

528 5746 852 5811 lionensium
875 5789 892 5820 ,
946 5747 1039 5820 qui
1069 5753 1229 5803 erant
1263 5745 1348 5804 sui
1379 5744 1606 5817 alumni)
1633 5744 1874 5802 centtertit
1901 5746 1970 5801 ad
2001 5745 2114 5804 Do-

2145 5291 2196 5351 D

2225 3985 2432 4042 martyr
2459 3973 2778 4027 occubuerit
2821 3971 3114 4037 Lucianus,
3157 3974 3244 4026 ubi
3284 3982 3505 4027 sanctus
3546 3973 3825 4029 Firminus

2217 4045 2326 4113 pati
2373 4044 2537 4116 coepit
2565 4085 2580 4110 ,
2612 4052 2668 4098 et
2709 4043 2916 4116 pluries
2949 4059 3118 4116 usque
3151 4045 3220 4098 ad
3250 4055 3480 4116 mortem
3514 4043 3826 4116 flagellatns

2218 4117 2342 4170 fuit.
2377 4115 2490 4168 Mos
2520 4118 2680 4170 etiam
2705 4114 2807 4167 luit
2835 4113 3048 4168 Juliano
3080 4114 3206 4170 huic
3233 4158 3248 4181 ,
3279 4114 3502 4170 lictores
3529 4113 3656 4171 hinc
3694 4118 3824 4171 inde

2219 4189 2435 4259 mittere
2481 4186 2568 4259 ad
2592 4195 2858 4259 martyres
2903 4184 3298 4259 pertrahendos
3321 4226 3336 4250 ,
3371 4197 3428 4240 ut
3463 4186 3661 4241 scribit
3700 4187 3827 4259 ipse

2220 4257 2504 4327 Equilinus
2525 4258 2688 4312 citato
2720 4258 2814 4310 lib.
2844 4271 2902 4318 tt,
2923 4271 3044 4327 cap.
3067 4258 3137 4312 55
3161 4268 3216 4312 et
3247 4258 3414 4320 l.vut.
3439 4271 3562 4327 cap.
3596 4257 3824 4324 l06,icx

2219 4344 2328 4398 quo
2350 4328 2576 4383 credere
2597 4329 2774 4396 quivis
2821 4327 2977 4383 facile
3003 4339 3198 4397 queat,
3230 4327 3532 4398 Longinum
3563 4343 3616 4382 et
3655 4329 3827 4384 Seba-

2221 4401 2454 4453 stianum
2481 4399 2703 4454 lictores
2733 4399 2978 4467 ejusdem
3013 4400 3202 4455 fuisse.
3251 4400 3406 4467 Quod
3437 4399 3505 4454 ad
3537 4399 3828 4454 Ricciova—

2220 4486 2339 4524 rum
2370 4471 2601 4536 attinet,
2651 4472 2829 4523 forsan
2877 4485 3079 4538 przeses
3114 4474 3411 4526 vocabatur
3469 4470 3688 4526 Riccius
3726 4472 3828 4526 Ju-

2222 4541 2400 4595 lianus
2425 4583 2438 4605 ,
2488 4559 2621 4612 nam
2641 4540 2709 4594 de
2738 4541 2921 4595 Riccio
2948 4541 3119 4612 bujus
3158 4543 3419 4611 temporis
3473 4543 3708 4610 prmside
3741 4544 3830 4598 di-

2222 4614 2406 4666 ximus
2443 4627 2564 4668 cum
2597 4611 2664 4667 dc
2706 4612 2872 4687 Lydia
2913 4611 3225 4687 Macedonia
3270 4629 3595 4687 ageremus;
3628 4624 3828 4683 postea

2220 4698 2352 4737 Vero
2381 4700 2572 4739 errore
2600 4684 2865 4737 creditum
2916 4684 3012 4738 luit
3032 4684 3318 4747 ,‘Iliccium
3349 4697 3403 4737 et
3427 4684 3826 4753 .Ricciovarum

2223 4769 2389 4808 unum
2421 4763 2474 4807 et
2521 4753 2772 4810 eumdem
2807 4754 2993 4809 fuisse.
3047 4754 3116 4810 Ut
3145 4764 3202 4809 ut
3227 4756 3321 4819 sit,
3349 4755 3409 4810 S.
3441 4755 3723 4810 Firminus
3743 4759 3831 4811 ci-

2221 4825 2304 4879 vis
2347 4824 2446 4880 luit
2493 4837 2548 4882 et
2590 4825 2882 4895 episcopus
2929 4825 3413 4893 Pompilionensis,
3480 4837 3534 4880 et
3565 4825 3830 4883 Toletum

2223 4911 2390 4963 usque
2442 4896 2792 4965 prtedicando
2837 4898 3148 4966 prardicavit
3175 4939 3189 4963 ,
3241 4907 3300 4952 ut
3339 4897 3541 4952 Dexter
3571 4897 3830 4954 bocloco

2223 4968 2530 5035 proﬁtetur.
2580 4969 2679 5021 Cui
2711 4971 2917 5035 pritnus
2957 4969 3658 5038 Cabilonensisrcpiscopus
3688 4974 3835 5027 asti-

2223 5038 2437 5110 putatur
2483 5041 2660 5110 infsua
2693 5037 3094 5110 Topograpliia,
3128 5043 3294 5094 verbo
3335 5037 3698 5110 Pompilio“,
3731 5043 3832 5096 in-

2222 5109 2989 5181 quiens:7Pmnpelon,eivitas
3021 5109 3317 5181 Hispaniis,
3344 5109 3600 5165 Navarra:
3623 5123 3831 5166 metro-

2223 5178 2524 5254 polis.__llic
2548 5178 2788 5254 nascitur,
2805 5178 3102 5249 Firminus,
3128 5178 3215 5253 qui
3244 5183 3523 5254 ordinatus
3554 5183 3837 5254 presbyter

2223 5269 2255 5325 (ι
2290 5254 2348 5325 S_.
2384 5251 2946 5325 HonoratoToletano
2987 5251 3247 5325 episcopo,
3287 5253 3527 5307 Ambiani
3567 5251 3834 5325 prttdicat

2223 5272 2255 5304 α
2290 5272 2348 5303 ι’.
2384 5272 2657 5306 nouoraw
2693 5272 2717 5307 ι
2739 5272 2946 5306 atetano
2987 5272 3247 5325 episcopo,
3287 5272 3525 5307 animam
3605 5272 3834 5309 maneat

2223 5323 2276 5375 in
2303 5319 2500 5390 Gallia,
2532 5334 2578 5377 et
2606 5322 2676 5396 ibi
2703 5325 2972 5396 episcopus
2997 5333 3044 5376 et
3078 5334 3278 5396 martyr
3302 5327 3513 5396 migrat.
3560 5272 3698 5380 Eine
3720 5341 3840 5396 rau-

2224 5401 2332 5446 tem
2361 5393 2668 5467 necessario
2691 5395 3046 5459 deducimus,
3088 5393 3352 5450 Dextrum
3376 5393 3491 5450 non
3524 5410 3688 5467 agere
3713 5395 3837 5452 hoc

2223 5478 2366 5538 anno
2393 5464 2497 5538 llO
2526 5465 2594 5538 de
2631 5481 2696 5520 eo
2740 5467 2896 5534 quasi
2928 5481 3075 5538 nunc
3124 5467 3442 5538 martyrium
3485 5464 3831 5538 pas‘susisit.

2223 5534 2317 5588 sed
2349 5536 2474 5604 quia
2519 5536 2810 5592 virtutibus
2853 5548 2906 5592 et
2935 5534 3319 5605 praedicatione
3360 5538 3594 5592 ﬂorebat
3639 5537 3838 5594 adhuc

2217 5605 2432 5674 juvenis
2458 5647 2473 5672 ,
2512 5608 2648 5662 alias
2683 5616 2863 5663 autem
2902 5610 2962 5664 S.
3007 5609 3312 5664 Ilonoratus
3357 5624 3465 5664 non
3506 5607 3607 5665 fuit
3635 5609 3838 5669 Toleti

2223 5677 2534 5751 episcopus,
2564 5678 2668 5737 nisi
2695 5688 2821 5752 post
2851 5678 3159 5754 passionem
3187 5682 3248 5738 8.
3277 5680 3529 5756 Eugeuii.
