3972 6178
237 232 347 291 317

1286 241 1508 301 FLAVII
1550 242 1731 299 LUCII
1776 243 2033 303 DEXTRI
2077 246 2494 306 CIIRONICON.

3441 253 3550 311 5I8

239 353 308 408 Δ.
343 351 400 408 C.
441 351 561 411 158.
586 354 645 412 S.
681 354 935 428 Pelagius
964 359 1313 415 constituitur
1337 375 1364 414 a
1395 360 1453 417 S.
1481 361 1760 420 llonorato
1787 363 2175 428 Toletanarum
2205 369 2515 437 episcopus,
2557 368 2648 440 qui
2679 378 2876 438 praeest
2902 372 2957 424 in
2984 370 3116 426 sede
3145 368 3551 428 To-A.R.889.

669 446 850 504 Ietana
883 450 1067 521 viginti
1089 467 1184 506 sex
1210 453 1393 517 annis,
1427 461 1483 508 et
1509 454 1717 524 aliquot
1745 467 2002 527 praeterea
2028 459 2326 514 mensibus.
2358 459 2454 518 Vir
2483 477 2612 517 vere
2634 461 2756 533 pius
2783 469 2840 516 et
2867 462 3176 519 laudabilis.

607 540 982 610 Amphilochii
1027 543 1079 597 in
1128 543 1382 600 Gallzecia
1413 543 1686 617 llispanire
1717 547 1774 604 S.
1801 547 2030 619 Mariua,
2056 551 2140 606 vel
2174 551 2476 624 Margareta
2500 551 2654 625 virgo
2683 561 2738 612 et
2761 562 2992 628 martyr,
3025 568 3124 625 pro
3147 553 3256 612 nde

682 634 987 692 Christiana
1015 646 1069 694 et
1099 637 1352 709 pudicitia
1385 655 1567 712 passa.

1465 818 1726 876 BIVARII
1763 817 2328 878 COMMENTARIUS.

245 1010 539 1076 martyres,
592 1013 769 1070 neque
801 999 852 1054 In
881 999 1086 1076 Dextro
1113 1041 1130 1066 ,
1170 1015 1200 1054 a
1243 1015 1352 1071 quo
1397 1001 1603 1076 graeci,
1645 1013 1706 1058 ut
1743 1019 1844 1074 ego
1872 1007 1919 1066 Α
1949 1003 2214 1076 eregisse.
2248 1002 2658 1076 instiluisseque
2688 1001 2991 1060 Eccleslam
3027 1003 3548 1076 Amphilochensem

242 1071 466 1140 epinOr,
509 1071 952 1136 desuuipserunt,
995 1073 1178 1140 plures
1217 1088 1380 1143 quam
1421 1073 1743 1129 Theodorus
1782 1071 1838 1130 Et

244 1145 499 1214 Philippa
547 1143 690 1213 passi
731 1145 998 1211 leguntur.
1041 1144 1178 1198 Illud
1231 1145 1396 1200 etiam
1427 1146 1572 1213 quod
1603 1148 1700 1211 ait,
1736 1147 1836 1200 sub

244 1216 528 1272 Antonino
553 1215 872 1276 trucidatos,
905 1215 984 1268 sic
1002 1216 1234 1284 accipio,
1266 1226 1332 1270 ut.
1352 1217 1586 1272 nondum
1616 1217 1707 1271 ille
1737 1217 1837 1274 iut-

247 1296 469 1358 perator
506 1285 688 1350 fuerit,
731 1285 823 1340 sed
859 1285 1047 1358 Caasar
1077 1285 1396 1357 designatus
1433 1287 1503 1342 ab
1539 1287 1832 1356 Hadriano,

246 1356 342 1428 Qui
367 1371 523 1428 anno
539 1357 786 1428 sequenti
821 1357 977 1411 obiit.

321 1430 375 1483 Δ.
408 1428 468 1483 S.
500 1425 787 1498 Pelagius.
806 1439 909 1481 etc.
941 1427 1069 1496 Ejus
1095 1428 1406 1484 veneranda
1433 1429 1693 1484 memoria
1716 1444 1835 1484 scr-

251 1511 408 1572 vatur
439 1500 492 1552 in
544 1497 716 1572 prima
749 1497 1022 1572 Toletanaa
1072 1501 1329 1556 Ecclesia;
1376 1500 1658 1572 Diptyclia,
1713 1517 1836 1572 quae

248 1573 330 1625 sic
355 1570 543 1643 incipit
570 1589 582 1623 :
611 1570 718 1624 Pro
739 1571 1014 1643 spiritibus
1043 1573 1375 1643 pausantium
1416 1570 1699 1638 Honorati,
1737 1571 1840 1626 Pc-

248 1643 399 1714 lagii,
437 1642 694 1707 Quintini,
738 1641 1019 1705 Vincentii,
1044 1641 1295 1706 'Panlati,
1324 1651 1458 1709 δια,
1499 1644 1590 1697 ubi
1624 1653 1744 1711 post
1773 1644 1834 1698 S.

253 1713 583 1767 Honoratum
641 1713 971 1777 nominatur,
1012 1729 1136 1768 eum
1179 1726 1359 1769 tamen
1403 1717 1735 1769 successerit
1771 1715 1831 1771 S.

254 1784 564 1856 Hermolao,
608 1785 699 1852 qui
749 1787 801 1838 iti
841 1783 1064 1856 pra-fata
1114 1784 1379 1856 Diptycha
1432 1800 1537 1839 non
1591 1787 1832 1853 ponitur,

250 1855 376 1924 quia
414 1863 622 1923 martyr
652 1865 757 1922 est,
802 1864 858 1908 ut
887 1855 1134 1910 Julianus
1173 1855 1315 1912 Petri
1346 1855 1399 1910 iti
1429 1874 1528 1911 suo
1560 1856 1837 1911 Chronico

252 1927 509 1992 afﬁrmat,
560 1926 716 1994 cujus
759 1936 884 1981 sunt
923 1928 1083 1982 verba
1126 1927 1213 1983 illa
1246 1929 1312 1981 ad
1359 1943 1560 1982 annum
1592 1929 1696 1982 154
1727 1945 1739 1980 :
1771 1928 1833 1986 S.

261 1997 571 2051 Hermolaus
613 1998 804 2070 milites
837 1996 1156 2052 Christianos
1184 2016 1314 2070 quos
1350 2001 1405 2052 in
1453 1998 1715 2070 Hispania
1748 1999 1838 2054 ba-

255 2069 558 2135 ptisaverat,
584 2069 764 2124 relicto
786 2085 896 2123 sua:
919 2069 1144 2124 dioecesi:
1166 2069 1458 2125 successore
1480 2069 1562 2142 Μ.
1595 2069 1832 2142 Pelagio,

254 2152 388 2206 ctc.,
412 2155 533 2207 qua:
565 2155 729 2206 supra
760 2143 1217 2208 transcripsimus.
1249 2142 1296 2196 ls
1329 2142 1418 2198 ille
1454 2141 1702 2209 Pelagius
1729 2155 1834 2209 est,

252 2227 409 2277 quem
454 2212 514 2264 S.
566 2210 896 2266 Saturninus
944 2215 1010 2265 ad
1059 2211 1218 2266 fidem
1262 2212 1436 2267 Toleli
1486 2215 1833 2282 perduxerat.

256 2282 389 2336 Vide
416 2297 539 2350 qua:
566 2283 637 2336 de
657 2298 722 2336 eo
759 2282 994 2338 diximus
1023 2298 1182 2351 supra
1213 2284 1279 2336 ad
1315 2299 1515 2338 annum
1548 2285 1635 2338 76.
1679 2285 1834 2349 Quod

250 2365 434 2407 autem
469 2356 573 2407 hoc
605 2355 724 2406 loco
772 2356 966 2408 ltester
1005 2356 1287 2410 asserit
1327 2355 1605 2422 Pelagium
1637 2356 1840 2408 consti-

253 2434 426 2478 tutum
461 2426 626 2478 fuisse
653 2425 967 2494 episc0pum
995 2441 1025 2480 a
1049 2425 1106 2481 S.
1146 2427 1445 2492 llouorato,
1474 2441 1580 2479 non
1611 2425 1842 2481 destruit

251 2495 383 2550 illud
427 2495 628 2548 luliani
673 2513 685 2548 :
725 2494 785 2550 S.
835 2494 1168 2556 Hermolaus.
1217 2499 1392 2552 relicto
1442 2513 1550 2551 sua:
1604 2497 1839 2552 diwcesis

247 2582 545 2638 successore
585 2565 838 2638 Pelagio;
869 2569 980 2622 tieri
1014 2571 1158 2622 enim
1203 2570 1398 2636 potuit.
1435 2577 1491 2622 ut
1526 2568 1839 2638 priusquam

247 2637 319 2691 ab
350 2637 611 2709 Hispania
647 2637 967 2692 Hermolaus
987 2641 1181 2706 exiret,
1214 2639 1466 2709 Pelagius
1492 2653 1840 2694 consecrare-

251 2719 339 2763 tur
366 2724 397 2762 a
425 2710 482 2765 S.
515 2708 810 2780 Honorato.
842 2710 933 2778 qui
963 2711 1203 2779 ejusdem
1237 2708 1384 2766 sedis
1408 2711 1698 2780 episcopus
1726 2710 1841 2765 lue-

248 2791 362 2842 rat,
392 2787 452 2834 et
470 2779 647 2834 adhuc
679 2781 729 2834 iu
762 2781 1010 2837 humanis
1038 2791 1178 2836 erat.

329 2850 388 2906 5.
438 2851 796 2921 Amphilocltii,
841 2861 943 2905 etc.
992 2852 1050 2908 S.
1094 2851 1332 2906 Isidorus
1372 2851 1466 2906 lib.
1500 2867 1554 2904 Ix
1602 2850 1837 2921 Etymol.

254 2933 387 2992 cap.
416 2922 452 2974 Ξ
475 2940 487 2972 ;
507 2919 736 2989 Gallwci,
764 2923 967 2990 inquit,
995 2940 1026 2976 a
1047 2922 1272 2977 candore
1291 2923 1439 2987 dicti,
1464 2919 1682 2992 reliquis
1702 2923 1840 2976 enim

252 2990 547 3062 Hispania:
581 2997 774 3062 populis
813 2995 1146 3048 candidiores
1182 2995 1428 3049 existunt.
1474 2990 1585 3048 Nec
1616 2996 1836 3059 mirum,

246 3078 378 3117 cum
413 3061 662 3118 Callaecia
697 3064 1180 3134 Septentrionalior
1219 3067 1286 3120 sit
1318 3066 1530 3121 caeteris
1567 3065 1838 3132 lliSpania:

248 3136 580 3202 provinciis;
611 3146 668 3189 et
694 3136 945 3191 norerint
968 3151 1180 3200 omnes.
1213 3151 1321 3205 quo
1348 3140 1466 3206 plus
1499 3151 1632 3204 grus
1659 3136 1840 3205 aliqua

244 3207 315 3258 ad
343 3206 788 3275 Septentrionem
817 3210 1007 3274 vergit.
1039 3223 1105 3261 eo
1126 3209 1364 3273 amplius
1390 3224 1418 3262 a
1457 3208 1572 3262 sole
1601 3207 1836 3272 distare,

244 3285 303 3332 et
328 3277 706 3350 candidiorem
728 3287 906 3334 cutem
935 3276 1178 3334 induere.
1196 3279 1462 3350 Gallrecia
1485 3294 1617 3332 vero
1639 3277 1836 3350 urg/ila,

241 3348 502 3418 galactos,
518 3350 658 3418 quod
673 3349 863 3404 Graece
876 3351 955 3406 lac
966 3350 1182 3414 souat,d
1192 3348 1294 3404 icta
1311 3359 1390 3404 est
1408 3369 1419 3402 :
1440 3366 1558 3403 nam
1575 3351 1624 3402 Ιιὲ
1639 3348 1715 3419 (id
1730 3359 1832 3414 est,

242 3421 495 3485 Galla-ci,
531 3421 718 3475 siilnlit
749 3421 1016 3488 I~idorus)
1050 3421 1287 3475 Grarcam
1308 3423 1403 3476 sibi
1426 3421 1681 3491 originem
1707 3437 1842 3474 asse-

242 3501 370 3564 runt
400 3509 420 3544 :
433 3492 584 3564 unde
609 3503 660 3546 et
681 3492 917 3564 naturali
949 3495 1154 3564 ingenio
1185 3494 1392 3547 callent.
1428 3491 1698 3562 Siquidem
1724 3502 1840 3562 post

241 3563 402 3635 ﬁnem
431 3561 648 3635 Trojarli
675 3562 820 3622 belli.
851 3561 1106 3617 Teucrum
1138 3572 1299 3617 morte
1332 3561 1512 3635 Ajacis
1535 3561 1732 3632 fratris
1760 3565 1840 3618 in-

239 3634 407 3706 risum
439 3633 574 3706 patri
596 3633 889 3701 Telamoni,
921 3652 1039 3688 cum
1063 3652 1164 3689 non
1186 3633 1499 3706 reciperetur
1525 3636 1580 3689 in
1601 3651 1836 3704 regnum,

244 3703 479 3776 Cyprum
500 3707 832 3767 concessisse.
863 3708 1031 3776 ibique
1062 3706 1236 3760 urbem
1263 3703 1468 3760 nomine
1493 3703 1718 3774 antiquw
1746 3723 1838 3775 pa-

1952 1076 2002 1129 in
2036 1074 2316 1130 Gallmcia.

2015 1147 2106 1200 llis
2136 1148 2205 1200 ita
2238 1146 2534 1219 przelibatls
2559 1146 2628 1202 de
2653 1146 2775 1202 loco
2802 1147 3045 1219 martyrii
3078 1146 3137 1203 S.
3171 1146 3424 1219 Marine,
3455 1151 3543 1207 vel

1941 1216 2258 1290 Margaretaz
2307 1218 2534 1287 virginis
2581 1225 2637 1273 et
2671 1216 3276 1290 martyris'(quidquid
3317 1219 3386 1276 de
3425 1222 3548 1278 loco

1943 1288 2304 1356 Amphilochii
2340 1304 2468 1344 vero
2491 1288 2842 1344 assereudnm
2872 1292 2964 1353 sit,
3000 1288 3239 1346 fueritne
3269 1291 3358 1345 ubi
3393 1307 3539 1348 nunc

1939 1359 2150 1415 Orense
2181 1369 2378 1424 exstat,
2413 1377 2480 1414 an
2518 1376 2651 1416 vero
2690 1363 2850 1429 paulo
2883 1377 2912 1416 a
2943 1361 3146 1417 Minnio
3177 1361 3404 1418 ﬂumine
3449 1381 3538 1419 re-

1941 1433 2163 1494 motior,
2197 1431 2262 1485 ad
2299 1443 2552 1486 montana
2583 1447 2837 1498 vergens,
2883 1449 2992 1502 quo
3033 1433 3176 1500 loco,
3220 1433 3389 1498 Aquas
3414 1451 3538 1490 san-

1940 1514 2067 1566 ctas,
2097 1503 2261 1567 dicto,
2283 1518 2481 1572 corpus
2509 1503 2872 1558 sanctissimae
2898 1505 3126 1570 virginis
3156 1505 3318 1558 hodie
3349 1520 3538 1560 serva-

1943 1585 2046 1645 tur,
2069 1583 2121 1627 et
2142 1584 2494 1629 monumenta
2512 1575 2778 1643 passionis
2797 1578 2944 1640 eius;
2967 1574 3036 1629 de
3054 1591 3161 1645 quo
3179 1591 3284 1629 non
3310 1577 3536 1631 multum

1939 1644 2302 1714 discrucior).
2344 1661 2508 1699 unum
2550 1646 2726 1714 magni
2767 1649 3023 1700 momenti
3066 1644 3208 1700 nunc
3233 1646 3531 1701 examinari

1939 1727 2175 1788 oportet,
2204 1717 2280 1788 de,
2303 1715 2363 1771 S.
2391 1717 2592 1770 Mariua
2622 1715 2988 1786 Amphilochii
3027 1717 3293 1772 Gallzecia:
3323 1719 3526 1788 Oppido

1940 1801 2119 1855 passa,
2147 1785 2380 1841 fueritne
2402 1789 2614 1842 diversa
2639 1802 2667 1839 a
2783 1788 3104 1856 Margareta,
3137 1789 3220 1843 cui
3253 1804 3376 1842 cum
3401 1785 3530 1842 dra-

1939 1873 2074 1911 eone
2123 1859 2367 1911 satanico
2425 1858 2482 1912 in
2525 1873 2746 1913 carcere
2797 1869 3076 1912 certamen
3130 1860 3252 1922 fuit,
3301 1875 3366 1913 an
3403 1875 3534 1915 vero

1941 1942 2048 1980 una
2094 1931 2394 1986 eademque
2439 1945 2560 1984 eum
2609 1929 2720 1982 illa.
2776 1929 2946 1984 Video
2997 1929 3214 1997 quidem
3264 1930 3534 1997 Hispanos

1939 2010 2189 2054 auctores
2235 1999 2529 2069 Villegam.
2575 2001 2926 2063 Sanctorum,
2969 2000 3272 2068 Trugitlum
3321 2003 3372 2054 in
3413 2017 3532 2058 eam

1943 2072 2020 2123 ire
2050 2073 2400 2138 sententiam,
2429 2081 2487 2125 ut
2512 2072 2650 2127 duas
2681 2073 2902 2125 omnino
2934 2071 3102 2126 fuisse
3128 2080 3362 2137 asserat,
3393 2074 3530 2126 alte-

1940 2157 2054 2194 ram
2097 2140 2364 2206 Graecam,
2403 2143 2630 2197 alteram
2675 2143 2988 2211 Hispanam,
3033 2158 3139 2197 non
3187 2143 3295 2196 alio
3345 2155 3525 2199 tamen

1941 2223 2138 2284 motos,
2173 2215 2274 2268 nisi
2307 2213 2450 2284 quod
2484 2215 2664 2282 legant
2689 2230 2716 2267 a
2747 2213 2956 2269 Gnccis
2985 2213 3342 2282 Margaretam
3383 2216 3532 2268 cele-

1942 2283 2110 2356 brari,
2145 2293 2202 2338 et
2233 2286 2283 2339 in
2319 2283 2714 2356 Martyrologiis
2746 2286 2943 2349 passim
2977 2284 3281 2356 Antiochia}
3310 2299 3525 2352 passam

1944 2354 2072 2419 diei,
2122 2354 2477 2424 noverintque
2528 2358 2579 2410 in
2620 2356 2870 2410 Gallzecia
2919 2356 3183 2410 Marinum
3236 2355 3528 2424 Hispanam

1947 2426 2260 2499 martyrium
2293 2427 2546 2499 subiisse.
2580 2428 2848 2499 Cir-terum
2875 2427 2918 2499 si
2947 2436 3152 2480 mature
3186 2442 3320 2499 rem,
3357 2436 3536 2496 utpar

1944 2496 2509 2566 erat,'espendissent,
2538 2497 2667 2552 nihil
2689 2499 2864 2552 minus
2887 2498 3160 2559 fecissent,
3187 2496 3535 2566 facturosque

1945 2566 2208 2637 deinceps
2227 2570 2446 2624 confido
2467 2579 2730 2638 quotquot
2761 2568 2874 2623 haec
2893 2584 3012 2636 quae
3033 2569 3194 2620 modo
3221 2567 3414 2621 dicturi
3439 2584 3533 2623 su-

1947 2653 2066 2692 mus
2094 2655 2248 2703 requa
2279 2642 2432 2694 lance
2465 2639 2870 2709 perpenderinl,
2901 2649 2954 2692 et
2988 2654 3146 2692 unam
3177 2639 3535 2707 eamdemque

1944 2710 2271 2765 omnimodis
2300 2711 2468 2767 fuisse
2486 2713 2746 2779 deinceps
2769 2711 3125 2764 admissuros.
3150 2709 3294 2764 Sane
3323 2709 3374 2762 id
3408 2711 3538 2763 lies-

1947 2789 2028 2834 ter
2063 2782 2348 2836 manifeste
2377 2793 2652 2836 asseverat
2683 2783 2782 2835 hoc
2810 2781 2966 2843 loco;
2994 2780 3119 2834 dum
3151 2781 3296 2834 enim
3337 2781 3536 2836 asserit

1946 2853 2124 2905 vocari
2166 2852 2429 2907 Marinum
2460 2853 2542 2905 vel
2580 2853 2962 2921 Margaretam,
3003 2865 3066 2905 ac
3098 2867 3192 2918 pro
3228 2850 3333 2904 fide
3355 2861 3408 2904 et
3439 2865 3538 2918 pu-

1944 2921 2132 2976 dicitia
2161 2938 2376 2991 passam
2423 2923 2591 2978 fuisse
2621 2923 2986 2991 Amphiloehii
3013 2921 3306 2984 Callaicis},
3343 2922 3535 2990 procul

1944 2992 2108 3047 dubio
2149 2995 2366 3049 nomine
2396 2996 2568 3049 solum
2598 2993 2820 3048 diﬂerre
2859 2995 3041 3056 docet,
3075 3007 3176 3048 nec
3205 2991 3366 3046 aliam
3411 3008 3538 3048 esse

1947 3063 2322 3135 Margaretam,
2353 3080 2511 3135 quam
2546 3065 2838 3130 Marinum;
2873 3064 3020 3135 hach
3040 3077 3170 3118 vero
3200 3079 3306 3135 non
3338 3064 3530 3135 Antio-

1945 3134 2104 3201 Cillil‘,
2138 3136 2231 3189 sed
2259 3133 2680 3204 Amphilochia};
2714 3152 2819 3188 non
2852 3134 3098 3197 Graeciaa,
3129 3133 3224 3188 sed
3257 3134 3531 3204 Gallrecia:

1943 3205 2264 3260 Occubuisse
2297 3224 2308 3258 :
2340 3201 2716 3274 Amphilochii,
2749 3210 2843 3272 ait,
2868 3207 2922 3259 in
2955 3204 3209 3258 Gallwcia
3233 3204 3290 3259 S.
3331 3201 3541 3259 Marino

1944 3278 2021 3329 vel
2050 3276 2350 3346 Margareta
2383 3279 2528 3349 rirgo
2552 3287 2599 3331 et
2623 3288 2844 3349 martyr,
2893 3293 2986 3348 pro
3016 3277 3119 3349 ﬁde
3163 3275 3460 3349 Christiana
3486 3288 3534 3330 et

1945 3349 2198 3416 pudicitia
2229 3366 2404 3420 passa.
2436 3347 2665 3403 Inferius
2698 3347 3011 3402 ideiutidem
3043 3348 3110 3401 ad
3147 3363 3275 3420 anu.
3311 3347 3419 3420 590
3451 3349 3533 3420 in-

1943 3417 2254 3473 ventionem
2297 3424 2542 3488 corporis
2583 3420 2827 3487 ejusdem
2880 3421 3166 3487 assignans
3219 3417 3389 3486 inquit
3424 3435 3433 3466 τ
3469 3417 3538 3472 In

1944 3489 2196 3544 Galla’cia
2229 3493 2496 3558 provincia
2541 3491 2835 3559 Hispaniaz,
2869 3502 3130 3561 repertum
3159 3499 3232 3542 est
3253 3505 3440 3558 corpus
3471 3489 3534 3543 S.

1949 3561 2170 3616 Marino!
2209 3563 2287 3616 vel
2327 3561 2640 3633 Margarcta:
2679 3562 2895 3633 virginis
2929 3560 3292 3633 elmarJyrts,
3349 3560 3538 3633 ibidem

1943 3649 2127 3702 passm.
2163 3633 2302 3700 Quid
2332 3631 2462 3688 vero
2489 3637 2538 3686 in
2571 3648 2732 3687 causa
2759 3632 2923 3686 fuerit
2954 3631 3215 3700 ejusmodi
3247 3632 3541 3702 diversita-

1948 3701 2014 3754 tis
2047 3708 2349 3769 nominum,
2387 3705 2625 3772 itemque
2659 3719 2853 3757 novum
2899 3704 3251 3758 vetustissimi
3300 3701 3541 3772 auctoris

240 3771 359 3830 tria:
389 3776 714 3831 Salaminam
744 3771 1070 3843 condidisse;
1097 3778 1216 3830 inde
1236 3779 1306 3830 ad
1336 3771 1640 3830 Galltecian’t
1667 3771 1835 3846 prdie.
1864 3780 1908 3841 C
1943 3788 2042 3842 pro
2079 3775 2268 3829 eadem
2316 3771 2548 3846 veritate
2591 3775 2984 3836 testimonium,
3031 3774 3217 3846 accipe
3257 3787 3286 3824 a
3424 3772 3538 3846 Ma-

239 3857 403 3908 etum,
439 3858 489 3902 et
525 3850 708 3915 positis
752 3849 979 3914 sedibus,
1010 3865 1073 3902 ea:
1118 3849 1231 3903 loco
1267 3849 1754 3915 (Septentrionali,
1782 3854 1839 3901 et

241 3919 464 3986 colore)
491 3921 632 3990 genti
661 3935 844 3974 nomen
881 3921 1103 3986 dedisse,
1135 3931 1241 3974 etc.
1277 3920 1400 3974 Huic
1434 3918 1574 3973 haud
1612 3918 1836 3972 dubium

240 3999 521 4045 mutuatus
551 3990 653 4044 fuit
679 3990 918 4046 Isidorus
941 4009 968 4045 a
997 3993 1266 4046 Strabone
1295 3991 1384 4046 lib.
1418 4005 1476 4045 Ill
1499 3990 1695 4059 Grogr.
1729 4005 1837 4054 quo

239 4072 502 4132 auctore,
536 4063 668 4116 urbs
701 4063 984 4117 Auriensis
1012 4062 1209 4132 (vulgo
1232 4062 1480 4128 Orense)
1510 4061 1578 4113 ah
1612 4062 1837 4132 Amphi-

239 4131 406 4186 loeho
429 4133 625 4188 'l‘eucri
650 4135 852 4188 comite
875 4134 1006 4188 inihi
1035 4130 1181 4188 diem
1200 4143 1506 4187 extremum
1527 4130 1836 4195 claudente,

241 4202 394 4256 dicta
423 4204 525 4258 luit
557 4204 997 4272 Amphilochium
1020 4221 1035 4268 ;
1069 4215 1121 4258 et
1145 4219 1205 4258 ea
1232 4203 1494 4257 Gallwcia:
1520 4203 1692 4271 portio
1716 4200 1840 4253 Am-

239 4274 445 4343 philogi
479 4273 753 4343 dicuntur,
774 4276 847 4330 ait
871 4277 1124 4347 antiquus
1156 4275 1447 4347 hiuorigus
1469 4272 1713 4347 Justinus
1740 4274 1834 4347 lib.

240 4360 390 4407 xuv,
425 4347 513 4413 qui
546 4349 711 4400 etiam
747 4343 1053 4412 praimi-tt':
1083 4345 1302 4401 (ἐπιλατί
1337 4344 1570 4400 Gt'wcam
1602 4343 1701 4396 sibi
1736 4344 1838 4395 ori-

236 4417 415 4487 ginem
458 4429 716 4472 asserunt.
760 4419 830 4471 Et
876 4420 978 4472 hoe
1009 4432 1109 4472 nec
1138 4418 1358 4482 mirmn,
1384 4430 1485 4470 nec
1517 4429 1714 4487 novum
1740 4414 1839 4467 ali-

235 4486 328 4557 eni
360 4492 632 4550 videatur.
666 4505 791 4543 cum
825 4489 960 4544 alias
989 4503 1206 4557 quoque
1236 4487 1507 4554 Hispaniae
1536 4486 1782 4557 civitates
1807 4500 1836 4537 a

237 4555 447 4612 Grauis
476 4561 728 4615 conditas
749 4555 1420 4629 sciamns.‘utiSaguntum
1452 4564 1508 4611 et
1531 4556 1834 4629 Emporias,

239 4641 302 4681 ut
331 4629 464 4683 alias
495 4632 931 4699 praetermittam.
963 4630 1039 4684 De
1056 4625 1296 4699 Sagunto
1323 4629 1542 4699 quidem
1573 4630 1650 4699 ait
1674 4625 1841 4699 Isido-

237 4714 338 4773 rus
363 4699 458 4773 lib.
495 4694 567 4755 iv
605 4703 843 4773 Etymol.
877 4717 998 4770 cap.
1020 4703 1056 4773 AIA
1087 4719 1099 4753 :
1131 4694 1423 4772 Saguntum
1449 4697 1619 4773 Graeci
1644 4713 1708 4751 ea:
1739 4694 1837 4773 lu-

235 4770 361 4844 sula
399 4770 616 4827 Zasinto
655 4767 879 4844 profecti
915 4767 966 4826 in
1011 4767 1317 4844 Hispaniam
1353 4769 1718 4844 condiderunt.
1762 4767 1840 4844 _De

237 4841 518 4910 Emporiis
543 4839 727 4898 exsiat
749 4839 926 4898 adhuc
955 4839 1118 4898 vetns
1138 4846 1190 4898 in
1232 4855 1502 4896 marmore
1529 4839 1834 4908 inscriptio,

234 4909 404 4991 quam
437 4914 679 4991 blnorales
693 4919 760 4991 in
783 4916 968 4991 Autiq.
998 4915 1224 4991 llispan.
1262 4912 1614 4991 Yilladamur,
1646 4922 1701 4990 et
1721 4909 1840 4991 _l’u-

231 4981 399 5051 j'ades
434 4986 524 5038 lib.
557 5002 614 5040 III
639 4987 784 5041 Hist.
813 4981 1156 5041 Catlialuuite
1183 5001 1235 5040 c.
1265 4985 1338 5040 85
1362 4983 1617 5046 afferunt,
1645 4981 1840 5035 videli-

236 5065 384 5129 cet:
430 5055 759 5129 Emporitani
801 5058 981 5126 populi
1021 5055 1189 5112 (ἓνωεὶ
1237 5056 1332 5108 hoc
1371 5051 1839 5129 (Blllplutn‘piallw

237 5125 484 5195 Ephesia
513 5120 572 5183 ἑο
602 5120 810 5184 seculo
843 5120 1134 5191 condidere,
1173 5144 1273 5191 quo
1306 5141 1396 5179 nec
1422 5120 1603 5178 relicta
1627 5120 1838 5176 (ἔντερο-

236 5213 360 5250 rum
390 5198 594 5270 lingua.
637 5217 736 5252 nec
777 5200 1023 5253 idiomate
1059 5199 1245 5270 patria:
1290 5197 1458 5250 lbera:
1505 5201 1736 5270 recepto,
1783 5195 1836 5245 in

235 5263 510 5343 πισταὶ-ἧι
537 5272 797 5343 linguam,
822 5272 875 5343 in
893 5263 1129 5343 jura.'iu
1155 5271 1404 5343 ditionem
1428 5282 1625 5343 cessere
1647 5263 1841 5343 Roma:

237 5355 364 5392 nam
398 5338 478 5414 .
521 5335 713 5414 Cetégo
754 5351 801 5393 et
835 5335 910 5394 ιζ
929 5341 1160 5412 Apronio
1188 5358 1331 5414 coss.
1360 5339 1533 5414 Quod
1554 5345 1735 5414 autem
1769 5335 1836 5389 ad

235 5407 691 5480 Amphilochium
727 5407 985 5481 spectat,
1017 5422 1235 5482 pra-stat
1286 5408 1652 5482 videreﬂLud.
1693 5407 1837 5460 Non-

233 5482 390 5554 nium
419 5484 471 5535 in
493 5497 592 5537 sua
619 5480 876 5554 Hispania
900 5480 1138 5552 cap.'53,
1168 5486 1259 5552 qui
1283 5482 1452 5554 refert
1479 5480 1832 5554 Beutheruin,

231 5562 294 5624 et
311 5551 581 5608 Albarum
612 5550 922 5608 Cornelium
953 5550 1291 5624 {quinimiuo
1321 5553 1381 5605 Ι).
1411 5551 1734 5624 Athanasius
1779 5550 1836 5604 S.

229 5623 429 5698 Jacobi
459 5626 705 5698 apostoli?
725 5623 1046 5698 discipulus,
1073 5627 1124 5679 in
1155 5628 1263 5679 vita
1288 5624 1345 5678 S.
1373 5624 1514 5677 Petri
1540 5623 1838 5698 Bracaren-

227 5693 313 5766 si!
340 5694 431 5748 sui
460 5691 829 5766 condiscipuli
850 5691 1043 5766 (cujus
1073 5698 1431 5766 fragmentum
1463 5691 1710 5766 superius
1741 5691 1837 5744 ad-

226 5765 503 5822 duximus
534 5765 602 5822 ad
645 5761 736 5821 an}
767 5761 875 5836 δῖ)
901 5761 1086 5825 auctor
1117 5761 1223 5836 etii,
1251 5762 1502 5821 eumdem
1535 5761 1592 5818 S.
1619 5761 1837 5816 Petrum

1864 5161 1918 5221 D

1949 3841 2118 3914 rimo,
2145 3847 2233 3914 qui
2261 3847 2310 3898 in
2334 3845 2605 3900 Chronico
2633 3859 2732 3898 suo
2754 3846 2819 3896 ad
2843 3859 3042 3897 annum
3072 3844 3178 3914 ξζὲϐ
3204 3843 3316 3914 haec
3339 3841 3536 3914 inquit:

1944 3911 2175 3968 Maxime
2193 3919 2398 3986 vigetin
2423 3915 2686 3986 Hispania
2709 3916 2958 3966 memoria
2979 3914 3042 3986 VS.
3076 3911 3301 3986 Marinte
3322 3912 3543 3986 uirginis

1941 3996 1988 4036 et
2019 3980 2265 4055 martyrii
2297 3980 2553 4055 Hispana:
2577 3983 2939 4055 rGalla’eiensis
2969 3985 3161 4050 (quam
3191 3983 3286 4034 alii
3314 3980 3537 4053 Μιιὶῃη-

1939 4053 2409 4120 νειαηιυὸεοι·ιιηι,“
2438 4057 2529 4108 alii
2560 4054 2829 4107 Geminam
2873 4053 3174 4122 Marinum)
3220 4068 3426 4122 passam
3471 4055 3540 4106 ad

1945 4126 2121 4179 urbem
2158 4125 2581 4186 Amphilochium
2611 4123 2880 4178 Gallwciw
2915 4123 3009 4175 sub
3043 4121 3260 4192 Olybrio
3279 4124 3462 4194 judice
3493 4132 3542 4178 et

1944 4195 2223 4250 Hadriano
2271 4198 2602 4264 imperatore.
2656 4195 2808 4248 Adde
2858 4194 3135 4249 lulianum
3187 4194 3536 4262 Teletanum,

1940 4284 2030 4337 qui
2063 4269 2128 4322 ad
2157 4284 2355 4322 annum
2391 4267 2490 4321 130
2518 4267 2600 4321 sui
2630 4265 2914 4329 Chronici,
2946 4278 3091 4318 nunc
3124 4264 3343 4334 quidem
3377 4264 3542 4320 Gem-

1944 4355 2108 4407 inam,
2139 4355 2281 4393 nunc
2309 4353 2439 4392 vero
2462 4338 2721 4392 Marinam
2747 4351 2865 4390 eam
2894 4345 3190 4400 nuncupat,
3227 4337 3384 4407 cujus
3415 4351 3541 4391 mox

1942 4406 2105 4464 verba
2154 4411 2464 4464 alfcremus.
2519 4410 2598 4464 En
2632 4408 2800 4463 totius
2838 4406 3538 4478 mquivocationisflantes,

1941 4497 2138 4537 nomen
2163 4483 2310 4536 urbis
2327 4483 2597 4549 Gnaeum,
2624 4489 2678 4535 et
2701 4476 3096 4546 nomen'ipsius
3127 4476 3386 4549 virginis;
3414 4491 3540 4532 cum

1942 4555 2087 4607 enim
2119 4551 2498 4622 Amphilochia
2529 4547 2626 4607 seu
2666 4550 3105 4622 Amphilochium
3158 4547 3335 4618 (quod
3395 4550 3537 4622 idem

1941 4625 2065 4688 est)
2102 4620 2304 4678 nomen
2335 4623 2584 4680 Grmcum
2618 4623 2708 4691 sit,
2741 4623 2867 4676 hinc
2897 4631 2951 4677 et
2990 4621 3107 4689 ipsa
3139 4633 3352 4691 quoque
3385 4620 3538 4688 virgo

1941 4693 2130 4749 Graeca
2156 4696 2359 4749 credita
2393 4703 2510 4760 est;
2546 4690 2823 4748 immerito
2861 4703 3063 4754 tamen,
3095 4706 3218 4743 nam
3249 4690 3446 4744 multas
3482 4691 3537 4744 in

1945 4767 2195 4834 Hispania
2241 4767 2466 4821 Grazcas
2511 4767 2760 4820 civitates
2807 4764 2977 4834 fuisse
3025 4762 3095 4816 ab
3145 4761 3276 4834 ipsis
3323 4761 3539 4834 Graecis

1943 4831 2216 4900 fundatas,
2250 4847 2304 4892 et
2333 4839 2475 4892 inter
2504 4851 2598 4892 eas
2630 4833 3062 4903 Ampliilocliiam
3092 4848 3154 4887 es
3190 4831 3459 4903 Strabone
3488 4841 3546 4888 et

1943 4907 2173 4976 Justino,
2189 4909 2414 4977 aliisque
2425 4901 2943 4977 docuimusaEtcum
2963 4920 3014 4958 sa
3025 4915 3147 4958 ncla
3161 4903 3311 4977 virgo
3331 4901 3545 4977 Gemma

1945 4975 2166 5032 marina
2192 4975 2414 5048 proprio
2458 4979 2678 5032 nomine
2723 4978 2866 5031 dicta
2908 4975 3088 5038 fuerit,
3123 4975 3247 5029 hinc
3276 4975 3545 5048 nonnulli

1944 5046 2322 5121 Margaretam,
2345 5065 2467 5120 qua:
2485 5063 2752 5121 gemmam
2785 5049 3046 5121 marinam
3075 5046 3534 5121 souat(llispane,

1943 5117 2138 5192 porta),
2173 5121 2262 5176 alii
2303 5117 2435 5176 olim
2468 5117 2769 5192 Geminam
2792 5119 3077 5192 marinam.
3107 5117 3322 5192 quidam
3375 5117 3544 5192 Geru-

1945 5187 2106 5246 inam'
2131 5193 2432 5256 dumtaxat,
2480 5204 2534 5247 et
2564 5191 2721 5244 multi
2757 5188 3040 5244 brevitatis
3071 5202 3236 5241 causa
3271 5187 3538 5242 Marinum

1943 5278 2062 5317 eam
2091 5269 2490 5332 nuncuparunt.
2517 5263 2784 5332 Imagines
2809 5273 2998 5332 omnes
3028 5273 3150 5327 quae
3257 5257 3541 5332 Gallmcia,

1942 5343 1996 5387 et
2030 5342 2135 5386 tota
2178 5329 2430 5403 Hispania
2469 5335 2520 5386 in
2555 5329 2816 5385 honorem
2868 5329 3124 5403 Hispana:
3179 5329 3401 5403 marina!
3445 5343 3543 5383 er-

1943 5414 2087 5457 stant
2107 5404 2124 5475 (
2147 5399 2334 5458 harum
2369 5405 2662 5458 nonnullas
2690 5403 2943 5475 antiquas
2973 5400 3130 5475 Vitlde
3161 5399 3304 5472 vidi)
3333 5403 3546 5475 dieme-

1949 5489 2072 5530 nem
2115 5470 2210 5530 seu
2239 5475 2529 5529 draconem
2571 5475 2636 5528 ad
2686 5470 2852 5543 pedes
2904 5470 3164 5542 positum,
3217 5470 3534 5539 etsignum

1949 5546 2127 5601 crucis
2160 5548 2210 5600 in
2242 5559 2402 5601 manu
2450 5547 2681 5617 virginis
2711 5546 2937 5617 trahent,
2976 5551 3033 5617 et
3061 5543 3196 5596 hanc
3233 5543 3409 5617 nullus
3441 5544 3539 5594 du-

1946 5617 2078 5669 liitat
2127 5618 2399 5686 propriam
2441 5610 2567 5673 esse
2607 5615 2941 5688 signiﬁcandi
2976 5614 3202 5668 formam
3243 5612 3300 5665 S.
3338 5610 3546 5679 Marga-

1947 5695 2097 5743 retae.
2147 5688 2251 5746 Sed
2301 5698 2354 5742 et
2396 5689 2645 5743 Molanus
2692 5695 2881 5743 auctor
2924 5696 3025 5751 est,
3075 5693 3390 5751 persuasum
3421 5694 3545 5734 esse

1947 5759 2198 5830 Hispanis
2226 5757 2578 5833 Margaretam
2607 5772 2729 5817 esse
2758 5758 3018 5815 Marinani
3045 5765 3220 5823 suam,
3253 5755 3446 5819 utpme
3470 5761 3542 5805 es
