3956 6296
267 419 381 478 381

1323 415 1554 472 FLAVI!
1593 415 1775 472 LUCII
1816 414 2074 470 DEXTRI
2111 414 2529 472 CIIRONICON.

3471 421 3584 477 ’ὁδὶ

264 533 344 590 Α.
374 533 439 590 C.
634 529 911 588 Pestilens
926 529 1145 586 morbus
1171 528 1368 586 multas
1393 532 1702 601 provincias
1727 531 1875 587 orbis
1904 528 2297 586 miserabiliter
2327 531 2529 599 iniecit,
2559 533 2795 589 maxime
2815 533 3217 604 Alexandriam,
3247 537 3312 592 Α.
3333 535 3398 592 Β.
3424 536 3583 593 1006.

711 633 769 681 et
789 623 1083 696 Egyptum
1105 640 1120 678 :
1142 639 1211 685 ex
1232 622 1474 694 Dionysii
1501 621 1866 694 Cyprianique
1895 621 1964 677 de
1985 623 2318 679 mortalitate
2337 623 2489 695 justo
2517 623 2796 685 volumine
2825 627 3053 699 scripto.
3089 638 3097 646 ’

641 716 846 778 Lucius
878 731 1010 788 papa
1040 723 1228 783 tenet,
1253 717 1498 787 regitque
1526 715 1827 771 Ecclesiam
1860 714 2184 772 Romanam.

3417 723 3578 780 1007.

634 813 824 869 Gallus
849 820 904 866 et
937 810 1261 866 Volusianus
1290 810 1516 881 proiecti
1543 819 1733 865 contra
1765 809 2121 865 Emilianum
2151 818 2438 867 necantur.

441 905 571 960 237.

651 904 971 960 Valerianus
1000 905 1053 958 in
1079 903 1278 968 ,Rbetia
1309 903 1378 960 ab
1403 902 1648 959 exercitu
1688 901 1746 956 lit
1783 902 2096 972 imperator.

3416 905 3575 963 1008.

433 993 563 1050 259.
643 992 954 1065 Cyprianus
1001 993 1232 1064 primum
1269 991 1599 1064 Carthagine
1637 991 1866 1060 rhetor,
1918 1007 2042 1048 mox
2092 995 2419 1066 presbyter,
2474 1001 2752 1066 postremo
2788 992 3230 1066 Carthaginensis

707 1085 1030 1153 episcopus,
1059 1082 1325 1154 martyrio
1353 1091 1727 1158 consecratur.

437 1175 567 1231 260.
648 1175 794 1231 Mota
826 1175 881 1230 in
905 1174 1245 1231 Christianos
1267 1176 1671 1242 persecutione,
1697 1175 2019 1232 Valerianus
2035 1190 2064 1230 a
2090 1177 2319 1248 Sapore,
2342 1191 2471 1249 rege
2491 1177 2803 1247 Persarum,
2827 1179 3228 1249 captus,'mise-

703 1269 933 1325 rabilem
965 1269 1134 1326 servit
1167 1268 1503 1325 servitutem.

3418 1089 3578 1146 1010.

3419 1181 3580 1239 1011.

631 1361 822 1419 Vianze
853 1361 907 1418 in
934 1363 1194 1420 Callaecia
1228 1379 1398 1434 prope
1419 1362 1626 1419 Tudem
1655 1362 1940 1419 Civitatem
1973 1364 2118 1435 passi
2151 1373 2280 1420 sunt
2325 1365 2500 1420 sancti
2543 1373 2817 1438 martyres
2861 1366 3216 1437 Theophilus,

1481 1521 1737 1578 BlVARll
1776 1497 2346 1580 COMMENTARIUS.

257 1639 595 1715 '[oletamtm
619 1639 956 1715 episcopum
983 1650 1108 1715 ,Aut
1137 1639 1403 1715 haberent
1447 1638 1670 1707 Hispani
1691 1680 1706 1702 ,
1744 1637 1870 1708 quid
1901 1642 1948 1699 Α
1978 1639 2298 1695 Successum
2333 1639 2412 1708 (in
2443 1639 2687 1715 editione
2713 1637 2938 1698 Pamelii
2967 1659 3116 1699 num.
3151 1642 3268 1712 ΘΞ),
3299 1658 3459 1715 quem
3495 1653 3576 1702 ta-

262 1712 550 1768 Gnosticis
578 1709 910 1779 objicerent,
938 1711 1030 1780 qui
1055 1727 1186 1765 suos
1215 1712 1351 1765 lines
1378 1709 1737 1780 intraverant.

343 1783 400 1836 In
443 1783 700 1839 eumdem
731 1784 913 1852 itaque
947 1779 1107 1838 tinem
1137 1781 1447 1852 discipulos
1470 1795 1600 1834 suos
1639 1779 1874 1834 Irenazus

264 1853 338 1908 ad
373 1853 775 1935 praedicandum
805 1849 952 1908 misit
974 1853 1025 1907 in
1055 1849 1386 1935 Hispaniam:
1417 1849 1712 1935 §ervantpr
1737 1864 1873 1935 quo-

263 1919 646 1994 que'ipsorum
679 1939 831 1979 sacra
856 1940 1083 1994 corpora
1117 1919 1220 1977 non
1256 1925 1308 1977 in
1339 1922 1534 1994 Gallia,
1567 1922 1663 1994 sed
1697 1919 1871 1994 inﬂi-

263 1989 458 2062 ἐρξίηῑῆ
489 1998 538 2049 in
564 1995 896 2049 monasterio
924 1989 979 2065 S'.
1025 1994 1240 2065 Georgii
1283 1994 1351 2047 de
1381 1993 1621 2047 Azueolo
1664 1989 1872 2065 ordinis

267 2060 333 2120 S.
366 2065 638 2121 Benedicti
668 2067 720 2120 in
745 2081 914 2134 regno
938 2060 1214 2128 Navarrai,
1241 2072 1399 2133 prout
1422 2072 1651 2134 testatur
1668 2060 1871 2130 Yepius

266 2137 562 2191 centuria6
586 2135 841 2191 Chronici
874 2135 1207 2194 Benedictini
1237 2136 1302 2189 ad
1335 2151 1532 2188 annum
1554 2133 1714 2198 1052,
1747 2146 1866 2200 cap.

268 2207 365 2261 10.
399 2207 506 2262 Sed
534 2223 658 2262 cum
689 2207 740 2262 in
785 2224 845 2261 ea
893 2208 1077 2262 multa:
1123 2206 1322 2262 fuerint
1350 2205 1507 2260 urbes
1539 2204 1732 2259 eodem
1765 2201 1870 2256 νει-

269 2278 457 2332 lentia:
485 2279 706 2332 nomine
735 2291 1076 2348 nuncupant,
1107 2292 1214 2332 non
1245 2276 1496 2330 omnibus
1520 2275 1587 2329 de
1613 2270 1871 2348 urbeVa-

267 2349 439 2402 lentia
463 2365 492 2400 a
527 2358 715 2403 sancto
740 2344 930 2406 Felice
947 2358 1000 2403 et
1026 2349 1190 2404 sociis
1214 2349 1500 2408 illustrata,
1525 2360 1630 2398 una
1653 2344 1867 2399 endem-

267 2434 380 2487 qne
410 2434 566 2474 mens
612 2420 734 2473 fuit.
787 2422 1047 2474 lieuterus
1092 2427 1146 2474 ct
1184 2419 1274 2474 alii
1303 2417 1522 2486 quidam
1568 2415 1778 2487 volunt,
1812 2425 1869 2468 ut

269 2486 363 2560 illa
411 2489 483 2543 sit
525 2506 646 2558 qua:
694 2491 931 2560 speciale
979 2505 1148 2559 regno
1176 2488 1442 2560 Valentia:
1492 2502 1689 2560 nomen
1729 2486 1863 2540 dat:

268 2559 477 2630 Dexter
505 2557 692 2615 autem
723 2557 859 2615 utin
893 2557 1105 2630 populis
1152 2558 1472 2614 Vettonibus
1519 2557 1720 2630 fuerit,
1761 2571 1866 2630 non

266 2629 327 2684 in
358 2630 779 2697 Tarraconensi,
808 2626 901 2687 sed
933 2626 987 2686 in
1015 2630 1308 2694 Lusitania,
1342 2644 1464 2698 qua:
1501 2641 1646 2683 nunc
1662 2626 1868 2698 j’alen-

268 2701 348 2752 tiu
372 2700 438 2754 de
468 2695 1007 2757 Alcantara'dicilur.
1056 2702 1152 2756 Est
1195 2710 1251 2755 et
1298 2695 1405 2754 alia
1453 2713 1619 2769 prope
1658 2695 1865 2769 Tudem

269 2771 326 2844 in
359 2770 628 2839 Galltecia,
659 2773 903 2844 quzedam
926 2787 1095 2844 prope
1120 2772 1403 2844 Bilbao,_et
1427 2767 1700 2838 alim—quac
1728 2767 1866 2822 alias

266 2843 546 2912 Coyanca,
581 2839 723 2899 nunc
781 2839 1105 2898 Valentia’de
1152 2841 1266 2896 Don
1307 2839 1449 2894 Juan
1491 2851 1864 2912 nuneupatur,

269 2910 566 2985 de'quibus
593 2916 644 2970 in
673 2917 925 2985 praesenti
955 2929 1140 2970 sermo
1170 2930 1276 2970 non
1307 2921 1413 2976 est,
1439 2910 1536 2967 sed
1562 2911 1631 2966 de
1659 2926 1720 2965 ea
1743 2925 1865 2980 qua:

275 2983 336 3035 in
373 2983 684 3040 Vettonibus
707 2993 905 3042 exstat.

355 3051 404 3106 6.
442 3053 692 3111 Pestilens
717 3057 944 3120 morbus,
976 3063 1082 3112 etc.
1119 3054 1195 3110 De
1223 3055 1527 3124 pestilentia
1558 3053 1640 3107 his
1668 3053 1860 3108 diebus

269 3123 330 3197 in
363 3124 546 3180 orbem
574 3137 853 3196 grassante
884 3143 1046 3197 cgere
1076 3123 1424 3197 Orosiuslib.
1472 3140 1569 3187 vn,
1597 3139 1720 3193 cap.
1751 3125 1858 3197 _'ll,

265 3193 548 3263 Nyssenns
572 3193 624 3250 in
645 3201 894 3253 oratione
919 3193 987 3252 de
1012 3195 1274 3266 Gregorio
1297 3196 1721 3266 'l'liauniaturgo,
1750 3194 1862 3248 Eu-

267 3266 456 3339 sebius
477 3269 574 3339 lib.
602 3284 705 3334 vn,
732 3285 851 3339 cap.
884 3270 971 3332 17,
1000 3279 1054 3323 et
1085 3263 1146 3322 iii
1169 3267 1443 3339 Chronico
1473 3279 1615 3320 anno
1647 3263 1857 3339 Domitii

264 3335 398 3410 255,
424 3337 482 3392 S.
516 3338 741 3410 Pontius
773 3335 824 3396 in
854 3339 975 3396 Vita
1006 3341 1062 3393 S.
1098 3338 1353 3410 Cypriani
1387 3354 1420 3410 :_
1445 3346 1504 3410 et
1526 3336 1858 3410 ex_ethnicis

257 3404 559 3478 Eutrapins
579 3410 630 3463 in
663 3409 843 3478 Gallo,
870 3422 925 3466 et
955 3404 1271 3464 Volusiano.
1303 3407 1531 3478 Scripsit
1563 3406 1679 3476 ejus
1704 3421 1859 3462 occa-

255 3476 424 3550 sione,
449 3480 646 3533 librum
675 3481 746 3536 de
775 3476 1106 3544 uitulalitate
1131 3481 1186 3535 S.
1211 3476 1540 3550 Cyprianus,
1567 3488 1620 3531 et
1653 3478 1855 3550 Diony-

253 3547 375 3618 sius
403 3549 810 3607 Alexandrinus
843 3553 1049 3606 litteras
1079 3551 1144 3606 de
1175 3547 1369 3605 eadem
1404 3567 1481 3613 re,
1516 3563 1648 3618 quas
1688 3549 1856 3603 Eusc—

255 3617 382 3691 hius
401 3620 592 3691 Aaﬂ'ert,
621 3624 786 3676 citato
808 3637 929 3691 cap.
967 3622 1052 3676 17.
1086 3622 1264 3690 (Ιωρίι
1295 3621 1518 3675 morbus
1547 3633 1773 3688 serpere
1799 3619 1851 3674 in

255 3686 656 3757 E'biopia,'et
700 3693 822 3747 inde
855 3686 950 3760 per
996 3686 1399 3747 totum'orbem
1446 3686 1703 3745 dilatatiis
1745 3700 1849 3757 est,

251 3761 585 3832 duravitque
612 3779 785 3817 annos
816 3764 903 3819 l0.

326 3830 650 3902 μεθείς.
681 3865 754 3876 —
782 3836 834 3889 l.
867 3834 1082 3899 Lucius,
1135 3843 1242 3888 etc.
1277 3831 1536 3890 Nonnulli
1568 3830 1852 3902 pontifica-

253 3909 367 3974 tum
399 3901 458 3974 Si.
485 3902 657 3969 Lucii,
693 3907 782 3974 qui
806 3906 865 3962 S.
891 3904 1145 3960 Cornelio
1175 3905 1459 3968 successit,
1486 3901 1721 3970 cmpis~e
1750 3919 1847 3974 yo—

249 3971 368 4026 lnnt
398 3973 470 4028 ab
496 3991 644 4029 anno
681 3971 814 4040 233,
845 3986 898 4032 et
938 3977 1228 4030 terminum
1261 3977 1539 4040 accepisse
1567 3988 1711 4026 anno
1742 3971 1849 4027 235

247 4042 339 4097 die
387 4043 421 4099 4
461 4044 678 4119 Martii,
710 4063 816 4112 qua
847 4063 874 4100 a
905 4046 1302 4119 Martyrologiis
1342 4045 1649 4119 celebratur
1689 4061 1702 4096 :
1753 4043 1847 4098 alii

246 4127 379 4186 fere
412 4116 608 4186 auibus
654 4117 918 4173 Baronius
967 4115 1538 4186 snliscribit,cmpisse
1586 4115 1848 4186 ab‘anno

244 4183 378 4250 9.55,
403 4183 846 4256 “Septembris,
875 4204 976 4257 qua
1004 4185 1290 4243 Cornelius
1312 4183 1846 4257 ma'rtyriosublatus

244 4264 333 4326 est
371 4255 658 4326 usquead
700 4255 903 4314 annum
929 4258 1059 4323 237,
1111 4257 1198 4314 die
1262 4259 1298 4313 4
1348 4255 1546 4314 Martii.
1583 4255 1692 4316 llos
1721 4272 1844 4311 cum

248 4323 710 4399 Destro'sentire
763 4342 1025 4394 constat,
1095 4329 1186 4399 qui
1233 4344 1380 4384 anno
1429 4327 1539 4382 256
1611 4327 1839 4381 Lucium

244 4397 450 4452 re\isse
482 4397 782 4456 Ecclesiam
815 4402 975 4456 docet
1025 4415 1040 4457 :
1087 4397 1142 4454 at
1183 4417 1288 4454 non
1322 4400 1518 4456 asserit
1550 4407 1676 4453 tunc
1709 4407 1843 4454 tem-

244 4467 394 4533 poris
423 4472 794 4524 rontilicatum
823 4473 1030 4534 iniisse,
1058 4481 1152 4528 aut
1175 4471 1497 4527 absolvisse.

314 4536 371 4592 2.
411 4537 600 4594 Gallus
622 4551 670 4596 et
709 4540 1039 4609 Volusianus,
1067 4555 1174 4597 etc.
1201 4541 1396 4597 Fusius
1417 4539 1698 4608 aliquanto
1725 4540 1843 4596 hmc

241 4614 590 4677 prosequitur
646 4612 910 4667 Eusebius
941 4615 992 4667 in
1021 4614 1324 4668 Chronico:
1367 4611 1551 4668 Gallus
1578 4621 1624 4665 et
1673 4610 1838 4665 Volu-

238 4678 441 4741 sianus,
473 4681 570 4747 ait,
603 4698 718 4736 cum
748 4685 994 4738 adversus
1023 4683 1394 4749 [Emilianum,
1427 4682 1518 4752 qui
1566 4682 1620 4735 in
1665 4680 1838 4752 Mysia

237 4764 323 4824 (es
349 4766 504 4824 noras
532 4752 859 4819 moliebatur,
890 4771 951 4809 ea:
980 4754 1100 4808 urbe
1126 4753 1345 4824 profecti
1372 4761 1566 4818 essent,
1610 4753 1663 4805 in
1720 4755 1836 4821 foro

236 4817 286 4892 ξ
289 4819 486 4892 lanuuii
494 4866 509 4889 ,
532 4824 656 4886 sive,
672 4835 725 4876 ut
745 4817 1062 4892 aliiiputant,
1083 4817 1400 4880 Interamna:
1420 4817 1654 4891 interfect
1675 4817 1831 4878 isimt.

233 4888 317 4968 De
339 4888 548 4948 eisdem
579 4888 874 4968 Eutropius
904 4895 1005 4968 ubi
1020 4888 1214 4968 supra.
1244 4896 1364 4968 Quo
1384 4888 1628 4968 tempore
1649 4901 1833 4968 autem

233 4964 598 5035 imperarunt,
636 4964 939 5034 arripuerat
967 4964 1253 5035 Hispanias
1291 4966 1646 5029 llostiiianus,
1674 4965 1832 5033 cujus

229 5034 494 5088 memoria
523 5047 851 5103 perseverat
880 5034 1146 5092 Valentia:
1189 5038 1448 5092 marmori
1496 5037 1686 5102 incisa,
1741 5036 1831 5090 ubi

230 5115 576 5181 nuncupatur
598 5103 661 5160 C.
700 5103 918 5172 Valens,
971 5105 1320 5174 Hostilianas,
1366 5105 1611 5170 Messius,
1663 5105 1831 5174 Quin-

225 5187 354 5227 σιω.

224 5311 238 5322 ,
299 5247 370 5322 ἐς
393 5245 454 5302 C-
649 5275 720 5288 -—
763 5247 1096 5322 Valerianus,
1125 5258 1232 5305 etc.
1261 5249 1337 5306 Ita
1369 5248 1533 5305 etiam
1561 5245 1829 5304 Eusebius

225 5315 280 5368 in
311 5315 614 5386 Chronico,
649 5328 702 5372 et
731 5335 870 5386 pene
893 5315 1103 5376 eisdem
1131 5323 1332 5379 verbis.

293 5385 358 5462 Αζ
388 5386 452 5462 (ζἐ
484 5387 617 5462 259.
641 5417 714 5462 -_-
734 5385 1043 5462 Cyprionus,
1078 5403 1188 5446 etc.
1227 5392 1301 5449 De
1335 5405 1465 5447 vero
1505 5403 1650 5462 anno
1678 5403 1827 5444 mor-

222 5455 294 5529 tis
321 5456 383 5513 S.
414 5457 680 5529 Cypriani
708 5455 821 5514 non
851 5477 964 5522 una
999 5455 1243 5518 omnium
1291 5476 1444 5518 mens
1470 5470 1553 5517 est
1583 5478 1595 5512 ε
1626 5459 1820 5516 Parne-

216 5524 321 5603 lius
367 5524 539 5600 quem
582 5527 854 5603 Baronius
918 5535 1191 5603 sequitur,
1238 5534 1513 5589 existimat
1561 5533 1822 5603 martyrio

1980 1720 2384 1783 rn_en_asserunt
2419 1712 2738 1783 produxisse
2765 1715 2929 1767 vitam
2961 1715 3012 1768 in
3048 1712 3360 1783 pontiﬁcatu
3404 1731 3577 1783 usque

1975 1780 2044 1834 ad
2092 1780 2295 1856 dictum
2339 1797 2539 1856 annum
2583 1780 3057 1856 2613Cmterum‘
3095 1787 3185 1839 alii
3238 1780 3574 1856 antiquiores

1976 1852 2300 1924 martyrium
2342 1849 2693 1924 SLCypriani
2728 1853 2782 1908 in
2824 1870 3023 1909 annum
3056 1856 3163 1911 259
3206 1849 3480 1924 rejicit'tnt,
3515 1865 3572 1912 ut

1978 1867 2300 1975 martyrium
2342 1867 2402 1906 δ.
2435 1867 2693 1924 υγρτιαηι
2728 1871 2782 1908 ιιι
2824 1870 3023 1909 annum
3056 1867 3163 1911 259
3206 1867 3480 1924 rejicinnt,
3515 1867 3572 1912 ut

1978 1922 2116 1976 Ense
2160 1924 2241 1976 ius
2288 1923 2343 1976 in
2384 1922 2683 1987 Chronico,
2733 1925 2824 1989 qui
2871 1940 2994 1980 cum
3051 1927 3250 1980 Dextro
3290 1927 3342 1980 in
3390 1926 3574 1982 verbis

1974 1993 2138 2067 etiam
2167 1994 2487 2067 consentit:
2527 1993 2784 2067 idemque
2813 1993 2871 2067 S.
2905 1996 3268 2067 Hieronymus
3306 1995 3572 2066 sensisse,

1974 2062 2276 2118 credendus
2330 2075 2433 2127 est,
2481 2064 2638 2133 cujus
2686 2062 2737 2118 in
2781 2065 2945 2120 rebus
2994 2062 3313 2122 Latinorum
3378 2062 3573 2134 majori

1975 2149 2038 2207 ex
2072 2143 2226 2207 parte
2270 2134 2581 2207 Chronicon
2631 2134 2759 2207 illud
2803 2145 2906 2190 est.
2959 2136 3098 2192 lluic
3146 2138 3376 2204 accedit,
3427 2137 3571 2207 quod

1973 2202 2311 2274 Onupbrius.
2344 2206 2602 2272 Morales,
2634 2204 2928 2273 Tempesta
2959 2217 3014 2260 et
3040 2208 3130 2262 alii
3174 2202 3458 2264 communi
3483 2223 3572 2262 sa-

1976 2275 2045 2348 tis
2074 2290 2349 2348 consensu
2387 2276 2586 2331 docent
2611 2275 2936 2348 S._7Xi5tum
2988 2279 3251 2348 martyrio
3292 2277 3568 2334 sublatura

1973 2345 2140 2401 fuisse
2167 2347 2274 2418 hoc
2321 2348 2438 2415 ipso
2483 2362 2627 2418 anno
2673 2346 2802 2408 259,
2847 2347 2939 2402 die
2969 2345 3232 2418 Aug.'6;
3284 2359 3338 2403 et
3391 2359 3570 2404 tamen

1971 2432 2165 2487 omnes
2190 2417 2440 2487 fatentur
2481 2417 2539 2472 S.
2589 2415 2920 2487 Cyprianum
2968 2415 3144 2473 solum
3197 2418 3570 2487 supervixisse

1975 2485 2130 2560 liisto
2161 2485 2229 2560 ad
2257 2486 2332 2560 40
2357 2489 2521 2560 dies,
2550 2485 2648 2560 qui
2678 2485 2708 2540 'a
2741 2486 2833 2542 die
2879 2490 3122 2560 martyrii
3175 2485 3347 2560 istius
3387 2490 3454 2544 ad
3499 2491 3568 2546 14

1968 2555 2250 2630 Septemb.
2282 2558 2450 2630 diem,
2476 2557 2726 2630 videlicet
2756 2560 2997 2630 martyrii
3019 2555 3317 2630 Cypriani,
3337 2559 3569 2616 interce-

1970 2629 2131 2684 dunt.
2166 2628 2321 2695 Quod
2353 2629 2419 2684 de
2460 2628 2746 2685 consulatu
2778 2628 2936 2684 Fusci
2982 2642 3034 2685 et
3057 2629 3213 2684 Bassi
3257 2629 3568 2693 adducitur,

1969 2699 2167 2770 obesse
2210 2714 2315 2754 non
2349 2709 2552 2769 potest,
2579 2715 2702 2754 nam
2731 2709 2852 2754 aeta
2899 2700 2990 2755 illa
3018 2715 3190 2770 usque
3224 2699 3290 2754 ad
3338 2699 3566 2756 Parnelii

1971 2769 2268 2824 editionem
2297 2773 2512 2839 cognita
2543 2786 2647 2824 non
2680 2780 2861 2835 erant,
2896 2787 2995 2826 nec
3026 2769 3242 2826 constat
3275 2770 3345 2826 de
3373 2785 3563 2826 eorum

1970 2840 2328 2906 auctoritate;
2360 2850 2415 2896 et
2455 2850 2513 2895 ut
2543 2840 2824 2895 minimum
2875 2850 3019 2895 tanta
3067 2859 3174 2896 non
3219 2850 3326 2908 est,
3359 2853 3412 2894 ut
3444 2856 3571 2895 sen-

1970 2910 2151 2981 tentia:
2199 2919 2472 2965 tantorum
2502 2912 2744 2964 virorum
2779 2912 3140 2980 prazjudicare
3181 2914 3373 2981 possit.
3404 2911 3562 2979 Quod

1896 3011 1943 3073 Β
1969 2981 2012 3034 si
2043 2980 2096 3062 in
2124 2983 2344 3073 caeteris
2367 2991 2672 3073 consonant
2699 2981 2939 3073 passioni
2963 2997 2993 3037 a
3023 2983 3082 3040 S.
3108 2980 3304 3038 Pontio
3329 2982 3566 3073 diacono

1969 3050 2172 3120 scripta
2209 3049 2261 3122 in
2305 3051 2372 3106 iis
2409 3049 2883 3116 audienda'snnt;
2923 3069 3032 3122 quo
3081 3064 3259 3108 tamen
3309 3069 3415 3108 non
3463 3053 3564 3122 ob:

1966 3129 2145 3176 Stante
2169 3121 2240 3176 ab
2267 3123 2456 3191 aliquo
2485 3123 2658 3176 sciolo
2688 3121 2813 3176 addi
2845 3121 3016 3191 potuit
3060 3124 3402 3179 consulatus.
3454 3121 3564 3190 Sed

1963 3191 2147 3266 dehis
2176 3193 2329 3246 satis.
2362 3194 2439 3266 De
2467 3192 2605 3266 fama
2633 3192 2697 3266 _S.
2721 3191 2978 3266 Cypriani
3006 3195 3290 3266 llispanias
3318 3195 3564 3264 replente

1963 3263 2075 3331 agit
2103 3263 2300 3318 Dexter
2332 3264 2557 3319 inferius
2583 3262 2650 3318 ad
2681 3262 2884 3317 atinum
2912 3265 3040 3321 9.65.

2032 3333 2100 3388 A.
2133 3334 2194 3390 C.
2225 3333 2510 3392 260.—l.
2543 3334 2710 3400 Mota,
2738 3343 2846 3389 etc.
2879 3336 3145 3394 Eusebius
3193 3337 3246 3391 in
3289 3334 3564 3392 Chronico

1962 3404 2062 3457 hoc
2093 3405 2209 3473 ipso
2237 3421 2381 3462 anno
2421 3420 2562 3475 pene
2591 3405 2796 3460 eisdem
2831 3407 3044 3460 verbis:
3092 3407 3396 3462 Valerianus
3418 3448 3433 3472 ,
3469 3409 3554 3461 in-

1957 3475 2094 3538 quit,
2143 3477 2194 3528 in
2228 3475 2548 3530 Christianos
2579 3477 2930 3543 persecutione
2983 3486 3235 3532 commota
3256 3517 3270 3539 .
3322 3479 3499 3531 statim
3523 3495 3558 3532 α

1959 3543 2183 3618 Sapore,
2225 3545 2511 3601 Persarum
2541 3562 2676 3618 rege,
2728 3548 2956 3618 capitur,
2989 3549 3158 3616 ibique
3185 3549 3428 3618 servitute
3467 3548 3566 3601 mi-

1956 3617 2162 3686 serabili
2191 3619 2522 3672 consenescit.
2557 3617 2736 3686 A’gunt
2763 3619 2828 3672 de
2879 3617 2982 3672 hoc
3021 3618 3259 3674 mirabili
3292 3617 3386 3674 Dei
3412 3619 3558 3686 judi-

1953 3687 2060 3757 cio;
2091 3685 2398 3744 Trebellius
2439 3685 2637 3751 Pollio,
2668 3688 2924 3744 Aurelius
2963 3689 3179 3755 Victor,
3237 3685 3555 3757 Eutropius,

1955 3766 2009 3811 et
2037 3755 2326 3828 Dionysius
2359 3757 2757 3828 Alexandrinus
2796 3760 2937 3826 apud
2971 3759 3261 3816 Eusebium
3314 3755 3424 3813 lib.’
3451 3775 3550 3827 vu,

1953 3842 2074 3895 cap.
2109 3827 2162 3882 9.
2184 3827 2503 3895 Quinimmo
2533 3827 2924 3882 Constantinus
2947 3831 3172 3894 Magnus
3202 3828 3463 3895 imperat.
3498 3832 3554 3884 in

1953 3898 2196 3952 Oratione
2219 3899 2285 3952 ad
2315 3907 2561 3952 sanctum
2591 3898 2797 3968 (Immin
2817 3915 2835 3968 εί
2865 3898 3001 3961 Quia
3021 3911 3099 3964 tu,
3126 3897 3424 3964 Valeriane,
3447 3899 3548 3968 ait,

1953 3968 2183 4020 eamdem
2212 3968 2570 4022 crudelitatem
2597 3970 2651 4018 in
2683 3965 2780 4018 Dei
2809 3967 3034 4035 famulos
3055 3968 3328 4022 ostendens
3341 3965 3549 4036 justum

1951 4047 2288 4106 sanctumque
2313 4037 2408 4090 Dei
2428 4036 2683 4106 judicium
2725 4045 2843 4087 ante
2865 4038 3042 4091 oculos
3089 4040 3314 4091 omnium
3361 4040 3547 4092 statui-

1949 4108 2052 4171 sti;
2107 4105 2230 4159 dum
2260 4108 2491 4174 captivus
2515 4106 2799 4174 pre/tensus
2851 4122 2990 4171 eras,
3022 4117 3068 4160 et
3093 4109 3291 4162 vinctus
3321 4109 3550 4163 duceba-

1949 4179 2044 4242 ris,
2064 4193 2296 4246 purpura
2322 4187 2368 4230 et
2388 4175 2592 4247 reliquo
2615 4185 2873 4247 apparatu
2904 4177 3044 4247 regio
3071 4176 3309 4242 indutus,
3333 4179 3545 4234 tandem

1949 4265 1979 4300 a
1999 4244 2221 4319 Sapore,
2241 4264 2357 4320 rege
2379 4244 2685 4320 Persarum,
2699 4245 2886 4320 jussus
2902 4244 3178 4320 excoriart,
3198 4249 3414 4320 saleque
3431 4265 3557 4305 con-

1948 4317 2085 4373 ditus
2126 4317 2496 4386 sempiternum
2536 4319 2608 4370 tui
2636 4317 2910 4386 infortunii
2949 4327 3202 4383 tropteum
3247 4317 3366 4372 ante
3422 4335 3541 4375 om-

1870 4374 1916 4437 C
1947 4391 2089 4444 nium
2115 4374 2291 4442 oculos
2317 4387 2562 4443 statuisti.
2605 4374 2808 4456 Captus
2833 4374 3048 4456 quidem
3093 4388 3196 4443 fuit
3230 4374 3541 4458 proditione

1948 4461 2203 4542 Macriani
2227 4459 2380 4515 ducis
2405 4460 2744 4527 dumicontra
2772 4458 2966 4516 Persas
2986 4459 3288 4516 Romanum
3313 4459 3542 4519 duceret

1945 4543 2270 4586 exercrtum.

2014 4601 2071 4658 2.
2111 4602 2292 4658 Viana:
2320 4599 2374 4654 in
2402 4599 2668 4660 Gallwcia.
2723 4609 2831 4656 etc.
2888 4601 3086 4658 Exstat
3138 4605 3258 4668 ejus
3293 4600 3535 4659 nominis

1944 4673 2076 4727 urbs
2099 4673 2151 4727 in
2187 4672 2540 4742 Portugallia,
2563 4671 2638 4742 ad
2667 4670 2946 4728 Oceanum
2980 4674 3106 4739 sita,
3138 4681 3194 4728 et
3223 4681 3537 4730 exterarum

1941 4744 2222 4798 nationum
2277 4741 2611 4797 commercio
2655 4742 2926 4796 celebris:
2981 4743 3048 4797 ad
3103 4742 3535 4810 septentrionem

1940 4823 2121 4868 autem
2167 4812 2432 4883 ejusdem,
2484 4812 2805 4882 antiquioris
2837 4812 3026 4868 Viana‘.
3053 4813 3240 4883 ruina:
3275 4813 3531 4868 visuntur

1937 4899 2101 4954 supra
2151 4882 2420 4949 montem,
2476 4883 2544 4937 de
2599 4897 2703 4952 qua
2752 4885 2855 4954 hoc
2909 4885 3030 4954 l_oco
3084 4882 3275 4954 scribit
3303 4883 3532 4938 Dexter.

1938 4952 2196 5024 Ejusdem
2219 4955 2386 5010 etiam
2411 4954 2541 5008 olim
2571 4953 2887 5024 meminisse
2911 4952 3343 5024 Festnmliul'um
3369 4955 3536 5011 Avie-

1935 5022 2087 5091 num,
2139 5026 2293 5094 cujus
2349 5039 2512 5094 opera
2563 5025 2614 5094 in
2641 5023 2967 5078 bibliotheca
3017 5022 3087 5079 de
3120 5023 3350 5079 Sculiari
3384 5039 3517 5082 mss.

1934 5107 2171 5160 exstant,
2204 5091 2440 5151 allirmat
2465 5091 2823 5164 Sandovalius
2849 5094 3119 5164 Tudensis
3143 5097 3437 5164 episcopus
3467 5098 3520 5152 in

1935 5169 2079 5224 libro
2115 5169 2184 5223 de
2215 5165 2502 5236 Episcopis
2530 5162 2876 5236 T_udensibus
2906 5165 3004 5236 Qui.
3035 5163 3127 5225 45.
3157 5162 3286 5220 dum
3318 5162 3432 5236 agit
3459 5168 3529 5226 de

1931 5240 2136 5295 sanctis
2177 5232 2502 5307 martyribus
2554 5232 2868 5307 Saturnino,
2902 5234 3230 5307 Tlieophilo,
3263 5246 3317 5291 et
3349 5232 3530 5292 Revo-.

1929 5322 2070 5365 cata.
2103 5311 2283 5378 Agunt
2319 5304 2434 5378 de
2455 5304 2659 5378 eisdem
2700 5305 3030 5378 martyribus
3062 5304 3519 5378 Martyrologium

1928 5373 2271 5444 Romanum,
2340 5375 2662 5441 Galesinus,
2705 5373 3030 5432 Additiones
3084 5373 3326 5434 Usuardi
3374 5373 3523 5444 apud

1929 5451 2201 5507 Molanum
2254 5449 2340 5501 die
2371 5445 2403 5500 6
2431 5444 2732 5514 Februarii,
2761 5445 2857 5500 sed
2908 5445 3029 5501 sine
3088 5450 3308 5503 nomine
3341 5449 3518 5503 urbis.

1927 5523 2231 5576 Romanum
2282 5516 2379 5588 ait,
2415 5514 2618 5570 Eodem
2640 5515 2730 5588 die
2758 5515 2865 5572 SS.
2900 5527 3191 5588 martyrum
3217 5519 3514 5588 Saturnini,

215 5586 528 5674 laureatum
559 5586 1110 5674 an_no_Domini§61,
1141 5586 1209 5660 εξ)
1243 5586 1394 5673 nisi
1413 5586 1465 5659 in
1496 5586 1817 5674 quibusdam
1925 5588 2224 5674 Tlgeophili.
2258 5597 2304 5642 et
2330 5586 2904 5674 Revoéqttéoliargnius
2925 5586 3399 5674 ηοέάιςρηειξηξὲξθ
3426 5588 3514 5674 bis

209 5670 349 5743 actis
387 5671 642 5743 martyrii
690 5670 938 5740 ejusdem
993 5677 1209 5732 occisus
1256 5670 1717 5740 dicatur,'Fnsco
1761 5682 1817 5728 et

209 5737 381 5796 Basso
409 5737 590 5806 cessi,

205 5811 286 5864 dit
317 5823 415 5886 εει
442 5811 574 5883 quia
609 5811 918 5886 Cyprianus
962 5815 1084 5886 ipse
1127 5817 1428 5886 supervixit
1471 5817 1526 5870 S.
1576 5813 1731 5886 Xisto
1762 5812 1805 5886 ll

203 5880 487 5954 pontiﬁci,
514 5880 714 5957 utpote
735 5883 891 5958 cujus
921 5880 1242 5955 martyrium
1273 5893 1461 5945 narrat
1482 5885 1708 5956 epistola
1735 5885 1802 5941 ad

663 5757 856 5816 norum
887 5745 1198 5816 consulatus
1228 5747 1277 5799 in
1309 5761 1430 5801 eum
1460 5761 1657 5816 annum
1679 5745 1811 5816 inci;
1835 5754 1890 5816 ι)

1924 5656 2083 5723 etiam
2128 5669 2312 5714 vetera
2341 5658 2724 5726 manuscripta.
2752 5657 2946 5714 Petrus
2977 5660 3261 5729 Equilinus
3291 5656 3385 5729 lib.
3426 5673 3510 5726 xl,

1922 5750 2040 5804 cap.
2063 5732 2182 5797 150,
2208 5746 2356 5785 num.
2385 5729 2472 5796 52,
2496 5723 2706 5804 inquit:
2733 5723 3074 5804 Saturninus,
3106 5723 3428 5804 Tamphilus
3457 5723 3507 5781 et

1914 5795 2655 5876 [lc-vocatalmartyreseodem
2683 5802 2820 5869 passi
2847 5810 2975 5876 sunt.
2993 5799 3095 5852 die.
3130 5797 3363 5876 Fallitur
3385 5795 3500 5850 Ga-

1910 5880 2116 5939 lesiuus
2157 5873 2284 5931 dum
2335 5868 2621 5944 praemittit
2675 5868 2874 5928 nomen
2931 5869 3146 5939 Rom,
3215 5868 3494 5935 inquiens,
