3956 6290
436 340 544 397 583

437 455 504 514 Α.
534 454 596 514 C.
624 454 754 512 260.

1481 333 1710 390 FLAVll
1747 332 1928 392 LUCIl
1968 326 2229 388 DEXTRI
2267 323 2686 384 CURONICON.

864 454 1206 520 Saturninus,
1235 461 1290 508 et
1318 451 1589 507 Revocata
1617 450 1793 522 virgo,
1823 450 1924 505 sub
1967 448 2114 505 Julio
2159 443 2443 512 Minervio,
2495 443 2548 498 in
2599 440 2981 513 persecutione
3028 440 3372 512 imperatoris
3394 439 3464 499 Δ.
3487 439 3740 499 8.10M.

3627 325 3739 383 58b

864 546 1158 612 Valeriani,
1191 559 1312 615 qua:
1355 543 1584 614 septima
1616 552 1704 598 est
1730 543 2031 612 eademque
2052 554 2177 612 quae
2205 537 2307 596 sub
2335 537 2503 594 Decio
2533 552 2548 590 :
2579 545 2738 592 sexta
2763 549 2895 592 vero
2937 535 3041 593 sub
3085 535 3376 594 Maximino

857 640 1095 706 Caesare,
1127 652 1274 693 anno
1302 651 1332 691 a
1361 635 1530 692 natali
1561 635 1778 690 Domini
1804 649 2060 691 ccxxxtx.

794 733 852 792 ln
883 731 1014 790 sede
1041 732 1190 788 Petri
1219 729 1462 787 succedit
1507 727 1808 799 Zepbirino
1836 727 2114 794 Callistus,
2145 727 2368 783 Callisto
2401 734 2584 781 autem
2614 723 2878 791 urbanus,
2911 723 3126 780 urbano
3153 723 3378 796 Calpur-

863 827 988 884 nius
1017 824 1340 889 Pontianus,
1357 821 1628 877 Pontiano
1655 822 1914 887 Anteros,
1942 821 2151 875 Antero
2191 817 2488 884 Fabianus,
2523 815 2762 872 Fabiano
2791 814 3101 882 Cornelius,
3123 815 3380 873 Cornelio

858 922 1080 988 Lucius,
1100 919 1271 976 Lucio
1292 916 1623 987 Stephanus.
1645 913 1922 985 Stephano
1935 921 2117 968 autem
2136 912 2346 975 Xistus,
2367 910 2524 966 Xisto
2549 924 2680 967 vero
2699 909 2758 968 S.
2781 908 3093 982 Dionysius.

804 1013 921 1071 Sub
946 1013 1108 1069 Xisto
1135 1009 1344 1082 patitur
1367 1009 1554 1064 Rome
1583 1006 1915 1063 Laurentius
1941 1003 2194 1062 Oscensis
2221 1003 2514 1074 Hispanus.

797 1105 978 1164 Toleti
1005 1103 1106 1161 sub
1136 1103 1277 1159 Xisti
1301 1115 1462 1172 papa:
1487 1101 1665 1172 legato
1694 1099 1990 1156 concilium
2024 1107 2365 1153 contractum
2393 1107 2500 1153 est.

595 1199 722 1256 265.
795 1197 854 1255 S.
885 1196 1132 1254 Celerina
1157 1195 1214 1250 in
1235 1193 1540 1259 Lusitania,
1561 1191 1810 1262 abncptis
1833 1190 1893 1245 L.
1919 1189 2163 1259 Pompeii
2183 1188 2445 1254 Celerini,
2469 1201 2590 1258 qua:
2615 1186 2859 1257 exceptis
2881 1187 2934 1243 in
2956 1186 3373 1259 PortujSenensi

3569 1185 3732 1245 1οη.

870 1287 931 1346 S.
964 1285 1213 1358 Torpetis
1240 1283 1342 1345 sub
1367 1282 1584 1341 Nerone
1614 1281 1872 1355 martyris
1901 1278 2076 1335 sacris
2103 1278 2371 1350 reliquiis,
2403 1277 2505 1334 fuit
2533 1278 2749 1350 egregia
2778 1275 2980 1336 Christi
3011 1287 3336 1352 martyr.....

1662 1439 1921 1496 BIVARII
1957 1436 2530 1496 COMMENTARIUS.

446 1589 630 1646 Roma:
651 1586 770 1640 item
789 1592 1090 1638 sanctorum
1113 1590 1402 1652 martyrum
1433 1579 1733 1645 Saturnini,
1765 1588 1875 1635 etc.
1927 1578 2032 1652 Sed
2064 1571 2118 1631 A
2143 1578 2403 1652 memoria
2461 1577 2522 1652 ὃ.
2548 1575 2817 1652 Celerius:
2874 1577 2928 1652 iri
2979 1577 3098 1652 Vita
3143 1577 3202 1652 S.
3231 1576 3486 1652 Torpetis
3506 1620 3523 1648 ,
3577 1595 3742 1649 quam

450 1659 576 1713 huic
606 1656 810 1710 auctori
841 1669 956 1708 mos
986 1663 1070 1709 est
1101 1651 1288 1708 Romae
1339 1653 1649 1718 ascribere,
1675 1665 1813 1720 quos
1843 1664 1911 1705 ex
1936 1651 2043 1706 Ro-

449 1742 611 1783 mano
640 1725 1023 1796 Martyrologio
1053 1733 1273 1796 sanctos
1311 1721 1415 1777 sibi
1462 1722 1614 1796 legit,
1662 1730 1719 1774 ut
1749 1721 1800 1774 in
1854 1720 2040 1796 multis

449 1799 568 1854 aliis
617 1790 851 1868 quorum
905 1790 1070 1851 urbes
1117 1796 1172 1849 in
1221 1794 1466 1849 Romano
1514 1790 1812 1848 reticentur
1858 1790 2042 1846 videre

453 1879 558 1926 081..

525 1939 969 1996 Persecutionem
1011 1933 1288 1990 Valeriani
1340 1933 1588 1987 eamdem
1639 1931 1768 1987 dicit
1815 1933 2039 2000 Dexter,

455 2025 576 2080 qua:
601 2011 702 2064 sub
732 2008 899 2063 Decio
919 2014 1236 2080 cmptaest,
1264 2013 1432 2080 atque
1459 2004 1600 2080 adeo
1624 2004 1906 2072 septimam
1957 2019 2046 2058 or-

454 2073 586 2136 dine
617 2097 630 2133 :
674 2079 765 2132 alii
799 2089 978 2133 tamen
1012 2073 1220 2144 quibus
1247 2073 1466 2144 diversa
1514 2073 1750 2144 videtur,
1796 2081 2041 2144 octavam

459 2158 801 2220 nuncupant.
828 2146 987 2220 Certe
1017 2142 1378 2220 [lieronymus
1399 2143 1500 2220 11b.
1534 2142 1602 2220 de
1621 2143 1910 2220 Scriptuin
1941 2147 2045 2200 lle-

461 2212 674 2283 tbodio',
706 2229 761 2274 et
791 2219 844 2274 in
879 2218 987 2271 vita
1020 2217 1168 2270 Pauli
1223 2212 1380 2284 primi
1405 2212 1685 2275 Eremitae.
1740 2212 1795 2269 et
1819 2214 2046 2281 Optatos

461 2292 558 2347 lib.
585 2294 619 2347 5
662 2304 824 2345 unam
849 2288 1209 2356 eamdemque
1236 2293 1487 2339 asserunt
1512 2284 1613 2338 sub
1645 2286 1901 2356 Decioret
1944 2287 2048 2342 Va-

463 2361 714 2431 leriano;
741 2375 846 2431 qua
876 2359 946 2431 de
974 2373 1033 2414 re
1067 2354 1184 2426 lege
1212 2356 1504 2431 Baroniurn
1542 2357 1602 2431 in
1633 2358 1775 2431 notis
1817 2354 2046 2412 Romani

465 2426 836 2554 Martyrologii
881 2429 946 2483 ad
981 2431 1046 2486 lt)
1072 2426 1298 2497 Augusti
1341 2426 1502 2508 litnb.
1531 2426 1664 2507 Quae
1697 2426 1747 2508 in
1783 2435 1929 2481 textu
1957 2443 2046 2482 se.

465 2513 702 2554 mmntur
791 2517 822 2554 e
870 2511 1021 2553 sexta
1079 2501 1182 2552 sub
1236 2500 1545 2554 Maximino.
1583 2496 1834 2551 Videlicet
1873 2506 2046 2552 ortam

503 2496 702 2558 uun'tur
752 2496 822 2556 de
870 2511 1021 2553 sexta
1079 2496 1182 2552 sub
1236 2497 1545 2561 Maximino,
1583 2496 1834 2551 videlicet
1873 2506 2046 2552 ortam

489 2568 634 2628 uisse
680 2586 824 2626 anno
879 2570 1296 2638 259,corrupta
1356 2568 1517 2620 nimis
1557 2579 1712 2621 erant
1761 2570 1812 2621 in
1861 2568 2048 2622 codice

465 2643 649 2698 Dextri
683 2641 988 2710 impresso;
1022 2639 1097 2695 ibi
1125 2641 1265 2694 enim
1296 2638 1598 2710 legebatur:
1627 2638 1774 2710 Anno
1805 2655 1837 2691 a
1867 2638 2051 2692 Natali

463 2713 678 2767 Domini
706 2707 1052 2766 ducentesimo
1099 2711 1387 2780 trigesimo,
1419 2707 1764 2780 Septembris“
1782 2711 2006 2780 secunda
2029 2724 2050 2772 ;

462 2799 584 2839 cum
616 2794 796 2837 tamen
818 2784 1040 2837 omnino
1063 2777 1348 2848 legendum
1375 2781 1466 2844 sit,
1494 2777 1632 2833 anno
1653 2796 1686 2832 a
1715 2777 1900 2832 Natali
1942 2779 2051 2833 Do-

463 2853 590 2906 mini
618 2853 725 2908 2'59
751 2869 766 2918 ;
797 2869 920 2908 nam
956 2853 1158 2907 Dexter
1201 2852 1318 2922 ipse
1372 2851 1425 2904 id
1471 2850 1524 2904 in
1569 2851 1946 2920 superioribus
1974 2851 2052 2904 fa-

463 2932 573 2979 tetu
581 2939 624 2976 r.

465 3077 751 3120 manorum
770 3063 1084 3133 pontiﬁcum
1107 3063 1175 3117 ab
1187 3062 1469 3130 annol99,
1500 3078 1607 3132 quo
1636 3062 1703 3116 de
1723 3062 1939 3118 Victore
1953 3062 2055 3117 Ze-

465 3133 680 3204 pherini
710 3132 1111 3204 pradecessore
1157 3142 1343 3202 egerat
1395 3149 1566 3202 usque
1616 3133 1683 3186 ad
1708 3133 2049 3202 Dionysium,

465 3203 558 3274 qui
606 3203 692 3260 bis
732 3203 1078 3274 temporibus
1114 3204 1361 3274 regebat
1405 3203 1732 3258 Ecclesiam:
1791 3214 2055 3257 consonat

464 3273 599 3330 vero
637 3273 806 3328 series
833 3273 950 3327 lucc
980 3273 1306 3327 omnimodis
1355 3273 1439 3326 his
1469 3288 1604 3340 quas
1645 3274 1828 3326 caeteri
1861 3284 2052 3326 aucto-

466 3359 556 3400 res
591 3344 888 3400 coniiciunt
912 3342 1062 3396 Vitas
1101 3344 1448 3399 Summorum
1481 3343 1802 3396 Pontiﬁcum
1849 3344 2053 3397 descri-

465 3415 867 3485 benlestquos
893 3413 1149 3485 consulas
1193 3414 1353 3485 velim
1380 3452 1397 3480 ,
1456 3430 1578 3468 nam
1607 3413 1675 3466 de
1717 3428 1777 3467 re
1807 3413 1972 3480 facili,
1999 3423 2054 3468 et

468 3494 620 3542 certa
644 3483 774 3539 nihil
805 3485 1046 3538 scribere
1076 3483 1250 3538 libuit.

539 3557 594 3610 4.
626 3555 738 3610 Sub
764 3553 940 3618 Xisto,
972 3563 1077 3608 etc.
1108 3553 1223 3608 Non
1253 3562 1337 3608 est
1365 3567 1582 3618 sensus,
1614 3553 1754 3621 quod
1779 3553 1882 3609 boe
1909 3569 2052 3609 anno

467 3624 579 3680 260
605 3627 865 3695 martyrio
906 3635 1197 3678 coronatus
1243 3625 1312 3678 sit
1345 3622 1406 3695 ,S.
1438 3624 1780 3690 Laurentius,
1811 3625 1905 3679 sed
1929 3639 2050 3679 cum

471 3697 542 3750 dc
571 3696 630 3750 S.
662 3693 819 3750 Xisto
854 3696 1060 3749 mentio
1104 3695 1278 3760 lieret,
1307 3694 1424 3761 ejus
1457 3696 1740 3749 occasione
1764 3695 1834 3749 de
1863 3705 2052 3749 sancto

472 3765 769 3821 Laurentio
797 3767 1054 3832 scriptum
1078 3776 1180 3820 cst.
1213 3765 1394 3834 Neque
1419 3765 1562 3818 enim
1594 3764 1750 3819 dicit:
1778 3764 1894 3820 Hoc
1914 3781 2051 3819 anno

469 3837 698 3907 patitur,
741 3835 824 3888 vel
881 3836 1150 3900 absolute,
1187 3835 1394 3890 Patitur
1447 3835 1507 3891 S.
1543 3835 1886 3904 Laurentius,
1918 3847 2049 3900 etc.,

466 3905 586 3974 Sed,
617 3905 711 3962 sub
741 3907 892 3960 Aisto
917 3907 1132 3974 patitur,
1153 3919 1286 3972 ctc.,
1337 3918 1393 3962 ut
1421 3907 1537 3962 ha-c
1567 3907 1728 3962 verba
1761 3907 2053 3976 superiori-

469 3977 572 4048 bus
605 3979 686 4031 sic
729 3979 1145 4048 conjungnntur,
1175 3977 1328 4032 Xisto
1372 3994 1488 4030 vero
1519 3977 1580 4032 S.
1612 3977 1916 4048 Dionysius.
1941 3977 2050 4032 Sub

471 4047 624 4102 Xisto
667 4049 862 4114 patitur
905 4047 968 4102 S.
1002 4045 1330 4117 Laurentius,
1376 4057 1520 4113 etc.;
1571 4057 1628 4103 et
1674 4045 1926 4103 similiter
1965 4063 2056 4103 se-

469 4119 688 4185 quentia
711 4135 726 4172 :
771 4117 939 4192 Toleti
961 4118 1054 4172 sub
1076 4117 1126 4172 Χ
1133 4120 1218 4173 isti
1243 4121 1586 4192 paptelegato
1612 4117 1901 4192 Concilium
1920 4135 2053 4192 _con-

472 4197 698 4242 tractum
735 4199 832 4244 est.
865 4187 997 4242 Nam
1026 4205 1092 4243 eo
1121 4187 1254 4259 ipso’
1274 4191 1417 4256 quod
1465 4187 1580 4245 haec
1602 4190 1704 4244 sub
1729 4189 1885 4245 Xisto
1912 4189 2051 4244 facta

471 4267 629 4322 sunt,
669 4259 749 4323 tit,
793 4267 850 4312 ut
877 4269 1004 4314 ante
1029 4275 1227 4314 annum
1257 4262 1364 4317 260
1392 4259 1703 4316 acciderint.
1737 4261 1890 4327 Quod
1919 4273 2052 4314 vero

609 2962 687 3046 ’1η
709 2993 826 3048 sede
851 2991 1017 3058 Petri,
1043 3002 1149 3048 etc.
1175 2990 1411 3048 Instituit
1436 2992 1538 3048 hoc
1567 2993 1690 3047 loco
1718 2992 1914 3046 seriem
1949 2992 2053 3045 Ro-
2082 2962 2130 3022 Β

2149 1648 2314 1702 habet
2333 1649 2678 1722 Illombritius
2715 1661 2848 1722 tom.
2873 1648 2941 1720 ll,
2973 1657 3030 1704 et
3058 1649 3312 1722 Rabanus
3342 1652 3394 1704 in
3418 1648 3745 1722 Martyrolo—

2147 1722 2235 1788 gio
2286 1735 2337 1774 tv
2370 1719 2478 1773 kal.
2507 1721 2712 1786 Aprilis
2741 1720 2860 1789 ejus
2908 1719 3318 1774 conversionem
3373 1731 3428 1774 et
3468 1719 3589 1775 acta
3624 1722 3746 1778 fuse

2149 1793 2510 1859 prosequitur.
2550 1791 2830 1862 liquilititis
2863 1791 2958 1844 lib.
2987 1806 3038 1856 ν,
3073 1792 3281 1862 cap._8,
3317 1800 3440 1862 post
3471 1796 3746 1848 narmtio-

2148 1875 2272 1932 nem
2324 1862 2570 1932 martyrii
2596 1861 2960 1932 S.:l‘orpetis,
3014 1861 3155 1932 apud
3195 1860 3348 1914 Pisas
3377 1861 3591 1917 Tusciae
3647 1879 3743 1917 ur-

2150 1931 2294 1994 bem,
2317 1930 2625 2002 subjtntgit:
2661 1930 2791 2002 Ejus
2821 1949 3007 1997 corpus
3028 1931 3082 1986 in
3120 1931 3361 1984 navicula
3387 1933 3596 1986 cariosa
3625 1949 3745 1988 cunt

2151 2017 2278 2054 cane
2304 2011 2350 2055 et
2378 2001 2602 2074 gallo'in
2630 2001 2771 2055 mare
2799 2003 3094 2072 exponitur,
3120 2012 3174 2055 ut
3205 2003 3283 2074 uel
3326 2019 3358 2054 a
3387 2001 3560 2056 bestiis
3591 2005 3745 2058 rode-

2149 2082 2312 2135 rctur,
2362 2072 2439 2126 uel
2465 2075 2515 2124 in
2540 2089 2679 2126 mare
2707 2083 3049 2143 mergeretur;
3078 2073 3260 2143 angelo
3287 2082 3456 2126 tamen
3483 2075 3620 2128 duce
3649 2092 3745 2128 na-

2148 2143 2318 2196 ricula
2360 2144 2428 2194 ad
2474 2143 2792 2209 Hispaniam
2815 2141 3057 2197 'dcvenit.
3103 2141 3173 2196 Et
3228 2160 3260 2197 a
3297 2145 3547 2197 scnatrice
3589 2143 3745 2198 Chri-

2149 2214 2320 2286 stiana
2368 2212 2885 2286 Celerinanomine,
2935 2229 3063 2286 qua;
3101 2214 3246 2286 regni
3284 2215 3557 2268 dimidium
3609 2217 3747 2269 obti-

2150 2285 2319 2348 nebat,
2373 2286 2426 2337 in
2464 2285 2660 2338 somnis
2709 2285 2950 2339 divinitus
2998 2285 3285 2348 admonita,
3343 2301 3528 2354 corpus
3570 2288 3744 2340 sancti

2149 2355 2408 2425 reperitur
2452 2355 2505 2407 in
2551 2368 2703 2425 portu
2733 2356 2820 2424 qui
2863 2355 3054 2409 dicitur
3085 2354 3282 2425 Sinos:
3322 2365 3370 2409 et
3383 2357 3542 2425 juxta
3587 2355 3742 2411 littus

2149 2375 2408 2423 reperitur
2452 2375 2505 2407 in
2551 2375 2703 2425 portu
2733 2375 2819 2424 qut
2863 2375 3054 2409 atcuur
3085 2375 3282 2410 ornas:
3322 2375 3368 2409 et
3421 2375 3542 2408 una
3587 2375 3742 2411 tutus

2149 2424 2432 2494 honoriﬁce
2477 2425 2721 2490 sepelitur
2751 2441 2836 2480 xVI
2884 2425 3092 2480 kalend.
3135 2424 3307 2478 Junii.
3377 2375 3472 2479 ὐὸί
3505 2436 3744 2492 postmo-

2151 2496 2274 2548 dum
2323 2495 2563 2568 Ecclesia
2612 2497 2828 2568 desuper
2869 2513 2965 2550 suo
3026 2496 3230 2568 nomine
3269 2495 3571 2568 fabricatur.
3631 2496 3742 2551 Fe-

2149 2575 2286 2636 stum
2337 2569 2452 2636 ejus
2493 2566 2576 2620 die
2619 2566 2785 2635 ipsius
2815 2568 3149 2636 depositionis
3180 2567 3385 2636 ibidem
3427 2567 3735 2622 celebratur.

2153 2635 2232 2690 De
2272 2635 2560 2692 sanctitate
2581 2652 2710 2690 vero
2737 2635 3002 2692 Celerinac
3032 2637 3146 2690 haec
3177 2635 3342 2692 habet
3371 2637 3659 2693 Galcsinus
3688 2641 3737 2692 iu

2154 2705 2558 2776 Martyrologio,
2600 2707 2690 2762 die
2731 2709 2794 2762 l7
2826 2709 2946 2762 Maii
2985 2726 2996 2760 :
3027 2705 3092 2760 In
3120 2707 3384 2776 Hispania
3415 2720 3609 2762 sancta:
3644 2703 3739 2762 ce.

2154 2776 2351 2850 lerinw,
2384 2794 2499 2850 quia
2527 2779 2669 2850 illius
2699 2780 2979 2849 provincia:
2999 2779 3175 2850 regina
3207 2781 3222 2845 (
3249 2779 3491 2850 regulam
3523 2794 3614 2833 seu
3647 2795 3735 2850 se-

2155 2848 2414 2902 uatricem
2446 2847 2712 2918 intelligo)
2741 2850 2910 2904 studio
2938 2847 3258 2918 inﬂammata
3285 2847 3596 2904 Christiana:
3614 2849 3741 2904 reli-

2154 2919 2342 2992 gionis,
2375 2935 2488 2972 cum
2511 2919 2619 2973 alta
2660 2921 2741 2990 pie
2763 2922 2888 2989 egit,
2945 2929 3054 2992 tun_t
3085 2921 3236 2992 rggiis
3283 2921 3466 2992 apibus
3495 2923 3740 2990 templum

2157 2989 2378 3062 miriﬁc_o
2423 3005 2573 3062 apere
2610 2989 2990 3058 eamdi/iratum
3011 2989 3075 3043 Β.
3105 2989 3334 3059 Tarpeiis
3378 2989 3624 3062 martyris
3651 3009 3742 3044 no.

2157 3056 2293 3112 mine
2318 3056 2429 3132 Deo
2457 3056 2709 3132 dicarunt,
2737 3056 3041 3132 perpetuum
3069 3077 3178 3116 sua:
3205 3056 3411 3132 pietatis
3437 3056 3740 3132 monumen-

2157 3138 2288 3197 tum,
2320 3129 2551 3202 reliquit.
2579 3129 2956 3187 Prtcmiserat:
2989 3129 3213 3202 Pisisrin’
3228 3131 3414 3186 Tuscia
3440 3133 3502 3188 S.
3538 3131 3740 3202 Torpe-

2156 3202 2244 3264 tis,
2295 3201 2442 3270 cujus
2473 3201 2580 3254 dies
2637 3203 2826 3256 natalis
2875 3217 2931 3256 ιιι
2960 3202 3065 3255 kal.
3095 3201 3247 3269 Maii,
3295 3203 3391 3256 hac
3440 3213 3614 3257 autem
3658 3201 3741 3258 die

2156 3271 2425 3324 translatio
2465 3287 2582 3342 qua:
2639 3273 2690 3345 in
2732 3271 3044 3345 Hispaniam
3071 3272 3468 3345 admirabiliter,
3523 3290 3581 3326 eo
3631 3275 3740 3345 ipso

2155 3356 2313 3412 anno,
2339 3357 2438 3409 quo
2457 3343 2765 3412 martyrium
2811 3343 2966 3405 obiit,
3013 3343 3150 3408 facta
3195 3355 3268 3397 est
3294 3385 3308 3408 ,
3340 3343 3660 3397 celebratur.
3684 3343 3740 3398 lu

2153 3410 2308 3465 Notis
2358 3427 2488 3465 vero
2532 3410 2725 3466 asSeril
2757 3429 2973 3480 passum
3007 3412 3172 3467 luisse
3211 3429 3356 3467 anno
3401 3413 3619 3469 Domini
3652 3416 3739 3469 6t.

2158 3482 2355 3555 Dexter
2405 3496 2599 3551 praeter
2625 3484 2888 3538 Celerius:
2918 3485 3195 3552 pietatem,
3228 3485 3491 3555 martyrio
3520 3485 3738 3540 tandem

2155 3552 2356 3606 obiisse
2383 3563 2626 3618 aiinotat;
2651 3565 2841 3619 estque
2868 3556 3004 3608 satis
3029 3555 3345 3620 verisimile,
3372 3552 3520 3622 quod
3539 3557 3739 3610 nobilis

2155 3624 2368 3687 mulier,
2400 3639 2519 3692 quae
2561 3634 2666 3678 tam
2691 3625 2902 3691 publice
2930 3625 3291 3679 Christianam
3325 3625 3488 3680 ﬁdem
3520 3629 3742 3693 prolite-

2154 3693 2328 3756 batur,
2364 3703 2588 3763 urgente
2625 3695 3280 3766 Neronispcrsecutione,
3310 3697 3376 3750 ad
3411 3697 3736 3766 supplicium

2155 3774 2482 3832 raperetur,
2533 3765 2969 3836 quandoquidem
3025 3767 3156 3820 nulli
3206 3765 3532 3836 parcebatur
3578 3767 3736 3822 Chri-

2153 3837 2352 3894 stiano,
2403 3845 2456 3889 ct
2487 3836 2655 3888 multo
2687 3835 2866 3892 minus
2899 3836 3187 3906 nobilibus,
3214 3835 3410 3907 utpote
3440 3838 3533 3909 qui
3575 3838 3734 3894 [idem

2155 3919 2474 3973 promovere
2502 3914 2768 3973 poterant.

2225 3976 2377 4040 Quod
2409 3976 2476 4030 ad
2521 3991 2716 4031 nomen
2745 3977 3016 4032 Celerinze
3065 3987 3292 4044 spectat.
3325 3978 3491 4033 fuisse
3520 3979 3654 4034 olim
3684 3979 3732 4033 in

2155 4045 2407 4100 Callaecia
2455 4063 2620 4116 supra
2652 4047 2985 4114 Gronnicos,
3032 4058 3087 4102 et
3123 4049 3440 4112 Bx-accaras,
3471 4050 3733 4117 quosdam

2158 4118 2395 4188 populos,
2421 4118 2510 4188 qui
2543 4118 2774 4172 Celerini
2822 4120 3290 4188 nuncupabautur,
3325 4132 3578 4175 auctores
3613 4127 3737 4174 sunt

2156 4187 2366 4241 Plinius
2389 4187 2482 4243 lib.
2506 4188 2561 4254 5,
2582 4197 2639 4242 et
2658 4189 2983 4245 Ptolomtnus
3009 4187 3059 4243 in
3089 4191 3269 4244 tabula
3303 4190 3575 4256 llispanize
3605 4190 3734 4244 Tar-

2157 4261 2490 4332 raconensis,
2519 4260 2608 4332 qui
2634 4262 2834 4332 asserit
2859 4276 2956 4316 eos
2981 4262 3048 4315 ad
3074 4264 3252 4315 Avum
3278 4261 3502 4332 ﬂuvium
3547 4261 3733 4332 (hodie

473 4330 672 4383 dicitur
727 4328 1068 4401 Laurentius,
1095 4347 1286 4399 passus
1331 4332 1430 4386 sub
1479 4331 1653 4393 Xisto,
1698 4332 1771 4386 ita
1820 4329 2118 4399 intelligic
2152 4327 2280 4401 glria
2307 4327 2850 4401 dictumjhabitasse.
2884 4332 3036 4386 Dicta
3070 4343 3354 4401 propterea
3399 4327 3617 4386 videtur
3636 4330 3734 4386 Ce-

473 4410 706 4468 oportet,
763 4410 819 4456 ut
874 4401 977 4455 sub
1023 4400 1140 4469 ejus
1195 4402 1509 4471 episcopatu
1552 4413 1679 4455 ante
1714 4403 2049 4455 successoris

474 4471 800 4526 electionem
857 4474 1068 4526 occisus
1125 4471 1315 4536 fuerit;
1371 4487 1476 4526 non
1529 4481 1708 4526 tamen
1737 4471 1876 4540 quod
1905 4472 2049 4526 illius

473 4541 579 4596 vita
610 4541 839 4596 durante
862 4541 1184 4594 Laurentius
1204 4542 1372 4597 vitam
1397 4558 1518 4596 cum
1550 4553 1722 4596 morte
1752 4551 2051 4596 commula-

470 4612 628 4667 verit.
656 4611 793 4667 Vide
814 4612 1017 4666 etiama
1037 4611 1233 4666 Dextro
1259 4614 1561 4676 delinitum,
1587 4612 1936 4667 Laurentium
1951 4610 2051 4666 sub

477 4682 772 4738 Valeriano
824 4697 1066 4752 passum,
1099 4697 1204 4735 non
1249 4684 1353 4737 sub
1400 4683 1585 4749 Decio,
1639 4686 1692 4738 in
1747 4699 1854 4751 quo
1899 4683 2052 4738 multi

480 4753 788 4809 hallucinati
813 4754 981 4808 tnnlta
1011 4753 1299 4820 scripsere.
1325 4755 1429 4811 Sed
1456 4755 1523 4809 de
1543 4770 1605 4809 ea
1635 4770 1693 4810 re
1721 4754 1934 4809 abunde
1962 4770 2047 4807 sa-

478 4823 576 4892 tis,
601 4839 665 4879 ac
691 4824 968 4880 subtiliter
990 4825 1209 4892 scripsit
1249 4826 1398 4879 card.
1432 4826 1699 4880 Baronius
1729 4827 1780 4880 iu
1806 4825 1958 4880 Notis
1985 4824 2052 4878 ad

483 4894 550 4948 10
565 4899 696 4963 Aug.
717 4894 944 4968 Romani
965 4895 1355 4966 Martyrologii.
1383 4898 1470 4950 ubi
1490 4896 1803 4968 Catalogum
1835 4895 2057 4951 coniicit

479 4978 666 5018 eorum
697 4967 789 5033 qui
811 4966 868 5021 S.
905 4967 1181 5022 Laurentii
1215 4968 1466 5038 martyris
1491 4966 2050 5022 laudes'cecinerunt:
2090 4981 2092 4984 '

479 5047 609 5107 quas
671 5043 730 5088 ut
773 5038 1080 5091 notissimas
1131 5040 1504 5106 praetermitto.
1529 5039 1777 5093 Consule
1820 5054 1940 5107 qua:
1989 5038 2057 5092 de

479 5106 598 5178 eius
621 5106 929 5178 parentibus
949 5109 1266 5178 scripsimus
1292 5111 1344 5162 in
1369 5109 1742 5177 superioribus
1761 5106 2055 5163 ad’annum

477 5173 610 5234 248.
659 5173 750 5228 ubi
801 5176 869 5231 de
917 5173 1147 5234 concilio
1186 5181 1280 5234 illo
1321 5173 1584 5234 Toletano
1623 5194 1686 5234 ex
1736 5181 2061 5233 auctoritate

478 5247 539 5324 ὃ.
597 5243 860 5300 Vincentii
917 5246 1153 5304 Ferrerii
1197 5259 1252 5305 ct
1301 5251 1532 5305 aliorum
1590 5250 1848 5305 nonnulla
1900 5259 2056 5304 nota-

470 5329 668 5372 γιῐηιιε.

552 5391 617 5440 Δ.
651 5385 716 5443 C.
742 5385 870 5443 265.
896 5417 968 5430 —
995 5389 1191 5446 Sancta
1236 5390 1504 5455 Celerina,
1562 5401 1668 5448 etc.
1720 5389 2062 5459 Subintelligi

481 5467 722 5532 oporlel,
753 5469 842 5532 aut
887 5459 1066 5514 forsan
1103 5462 1154 5514 in
1187 5464 1374 5517 codice
1395 5463 1572 5526 deest,
1601 5465 1752 5532 ﬂoret
1782 5463 2060 5516 miraculo-

483 5543 600 5600 rum
639 5525 832 5600 gloria,
877 5538 968 5582 aut
1014 5531 1146 5600 quid
1206 5533 1402 5596 simile,
1447 5525 1568 5588 cum
1601 5525 1760 5588 'enim
1811 5536 1864 5587 in
1916 5541 2062 5587 textu

486 5597 689 5653 vixisse
729 5599 938 5653 dicatur
961 5597 1194 5653 Neronis
1245 5612 1506 5670 tempore,
1559 5603 1902 5660 manifestum
1957 5613 2060 5665 est,

487 5683 820 5741 nequaquam
843 5739 852 5741 _
879 5685 1001 5741 esse
1046 5671 1382 5741 referendam
1413 5675 1530 5740 ejus
1560 5685 1786 5728 mortem
1847 5676 1911 5728 ad
1945 5673 2061 5728 haec

485 5739 748 5808 tempora,
778 5739 982 5795 scilicet
1009 5739 1077 5793 ad
1107 5754 1304 5793 annum
1338 5739 1544 5796 Domini
1576 5745 1702 5806 9.65,
1727 5744 1820 5798 sed
1852 5759 2056 5799 memo-

477 5807 614 5867 riam
663 5819 717 5871 ot
745 5812 971 5884 gloriam
1022 5809 1406 5870 miraculorum
1455 5813 1643 5886 ipsius.
1676 5814 1922 5872 Celebris
1971 5824 2056 5872 est

2089 5708 2137 5768 D

2151 4397 2320 4472 lerina
2347 4401 2413 4455 ab
2442 4399 2502 4454 L.
2528 4399 2786 4466 Pompeio
2811 4397 3083 4467 Celerino,
3127 4397 3286 4470 cujus
3315 4414 3434 4458 erat
3463 4402 3731 4472 abncptis,

2152 4471 2230 4522 sic
2258 4470 2428 4536 dlClO,
2464 4483 2520 4524 ut
2565 4472 2750 4539 credo,
2801 4487 2830 4526 a
2878 4473 3199 4542 perdomitis
3227 4473 3511 4529 Celerinis.
3545 4470 3734 4527 Fuisse

2153 4555 2282 4595 vero
2313 4541 2692 4612 Pompeiorum
2717 4541 2940 4612 stirpem
2974 4545 3025 4598 in
3058 4543 3308 4610 llispania
3339 4543 3474 4598 illud
3501 4545 3733 4612 conving

2153 4617 2247 4675 cit,
2275 4611 2432 4683 quod
2482 4611 2686 4666 Plinius
2735 4611 3013 4672 de’Sexto
3059 4614 3315 4683 Pompeio
3339 4621 3545 4676 narrat,
3595 4611 3733 4682 quod

2155 4682 2408 4754 niinirum
2437 4697 2560 4736 cum
2596 4683 2865 4753 Hispania:
2908 4684 3176 4740 citerioris
3200 4682 3471 4754 princeps
3494 4686 3737 4740 existens

2156 4751 2365 4824 horreis
2395 4756 2507 4808 suis
2535 4751 2859 4809 ventilandis
2875 4751 3526 4824 prmsideret,'correptus
3546 4753 3734 4808 dolore

2157 4823 2428 4893 podagrae,
2459 4826 2648 4880 mersit
2670 4825 2724 4879 in
2749 4823 2981 4880 triticum
3011 4841 3132 4880 sese
3154 4840 3320 4895 super
3346 4841 3543 4894 genua,
3598 4825 3737 4880 leva-

2159 4906 2353 4964 tusquc
2395 4896 2610 4950 siccatis
2657 4896 2882 4961 pedibus
2932 4895 3163 4952 mirabili
3204 4895 3386 4957 modo.
3434 4911 3502 4949 eo
3549 4904 3732 4962 postea

2158 4965 2400 5020 remedio
2423 4980 2551 5020 usus
2579 4974 2681 5021 est.
2713 4965 2924 5021 Primus
2947 4968 3322 5034 Pompeiorum
3349 4965 3442 5035 qui
3470 4967 3526 5019 in
3554 4965 3738 5034 Hispa-

2161 5038 2303 5108 niam
2358 5035 2566 5108 trajecit
2608 5036 2708 5092 fuit
2733 5038 2797 5102 Q.
2830 5037 3115 5108 Pompeius
3143 5046 3335 5108 contra
3379 5036 3739 5108 Numantinos

2159 5107 2388 5177 missus,
2405 5111 2472 5162 ab
2501 5107 2686 5176 eisque
2708 5117 2996 5176 superatus
3024 5119 3230 5176 turpem
3252 5119 3304 5161 et
3327 5107 3734 5177 ignominiosam

2161 5192 2346 5247 pacem
2371 5176 2519 5240 fecit,
2536 5189 2592 5232 ut
2613 5180 2774 5234 refert
2796 5177 2986 5233 Florus
3003 5179 3093 5234 lib.
3111 5194 3167 5232 ll.
3186 5179 3316 5244 Ejus
3334 5176 3505 5246 nepos
3527 5176 3735 5231 lnitCn.

2163 5247 2450 5320 Pompeius
2467 5249 2708 5320 Magnus,
2725 5249 2813 5320 qui
2826 5259 3014 5304 contra
3033 5248 3334 5304 Sertorium
3359 5250 3411 5304 in
3426 5247 3736 5317 Hispaniam

2165 5317 2437 5390 profectus
2459 5317 2658 5376 Metelli
2687 5317 2858 5388 copiis
2887 5335 3008 5376 sese
3033 5320 3336 5390 conjunxit,
3362 5333 3597 5387 eumque
3617 5333 3737 5390 cum

2165 5399 2275 5444 t0ta
2309 5389 2538 5446 factione
2565 5393 2798 5445 sustulit.
2824 5391 2987 5461 Cujus
3008 5389 3148 5447 [ilius
3174 5393 3270 5446 Cn.
3300 5392 3429 5444 item
3451 5389 3739 5459 Pompeius

2167 5461 2305 5527 apud
2337 5461 2615 5534 Mundam,
2634 5462 2906 5534 Hispania:
2931 5464 3118 5534 urbem
3168 5461 3406 5534 terrestri
3437 5461 3626 5534 pra-lio
3652 5473 3740 5534 su-

2168 5541 2384 5599 peratus
2430 5533 2546 5586 fuit.
2599 5531 2980 5601 Pompeiorum
3021 5531 3182 5601 igitur
3228 5531 3403 5584 fausta
3458 5531 3642 5601 proles
3680 5531 3739 5601 S.

2168 5601 2414 5657 Celerina
2469 5604 2607 5670 luit,
2677 5599 2800 5674 qua:
2854 5599 3112 5673 reliquias
3144 5599 3544 5674 ,S.A'l‘orpetis
3595 5599 3742 5674 Sinis

2171 5674 2400 5741 excepit.
2465 5674 2657 5730 Exstat
2697 5670 2988 5744 'hodieque
3038 5675 3093 5744 in
3142 5672 3418 5744 Lusitania
3480 5670 3737 5744 oppidum

2164 5740 2360 5816 ipsum,
2418 5761 2612 5800 nomen
2636 5740 2916 5816 antiquum
2946 5743 3320 5816 retinens,atl
3367 5740 3532 5800 oram,
3575 5740 3739 5799 maris

2158 5814 2380 5888 Oceani,
2407 5827 2566 5891 portu
2589 5827 2644 5875 et
2672 5814 2966 5890 piscatione
2986 5814 3117 5875 satis
3146 5814 3378 5872 celebre.
3469 5883 3473 5886 _
3505 5852 3561 5887 ﬂ.
