3956 6288
139 271 250 332 ιιι

1230 265 1460 327 FLAVI]
1499 263 1684 326 LUC“
1720 264 1978 323 DEXTRI
2019 263 2437 324 CIIRONICON.

3346 263 3457 326 “2

144 383 284 449 ΑΩ.
308 381 439 446 300.
515 381 724 442 ibidem
761 382 823 441 S.
859 381 1103 464 Encratis
1130 380 1358 454 virginis
1386 389 1441 439 et
1465 381 1722 456 martyris
1748 395 1816 438 ex
1845 380 1979 438 urbe
2009 381 2241 440 Bracara
2271 381 2534 456 Augusta.
2563 384 2696 444 ltem
2727 383 2927 442 ibidem
2956 383 3100 457 passi
3141 381 3453 442 A.R.1051.

588 476 898 534 octodecim
938 484 1226 550 martyres.

143 741 297 798 rates
316 739 414 797 lib.
438 754 495 804 x,
524 753 648 806 cap.
673 737 737 805 6;
759 737 1060 808 Trugillus,
1077 736 1325 807 Marieta,
1352 735 1602 807 Vasaius,
1627 735 1741 793 Vil-

148 812 326 868 leaas.
355 820 411 865 et
438 807 647 866 caeteri.

242 827 326 881 as,
345 820 411 881 get
438 817 647 881 caeteri.

293 879 317 938 .’
331 880 536 936 Ibidem
567 880 628 936 S.
660 879 928 946 Encratis,
959 889 1066 936 etc.
1097 880 1177 937 De
1193 895 1260 937 ea
1274 880 1577 937 Romanum
1597 880 1743 937 Mar-

145 951 893 1027 tyrologiumadeéprilis.
907 951 1140 1027 ibidem,
1168 953 1480 1027 inquit(hoc
1499 961 1604 1027 est,
1625 952 1741 1007 Cre-

141 1022 533 1095 saraug'ustte),
564 1023 627 1079 S.
663 1023 965 1079 Encratidis
991 1024 1208 1096 uirginis
1238 1034 1285 1078 et
1310 1022 1558 1096 martyris
1579 1067 1594 1093 ,
1623 1038 1742 1096 quia

139 1093 346 1150 laniato
375 1111 616 1165 corpore,
641 1096 930 1150 mammilta
954 1093 1205 1161 abscissa,
1251 1104 1300 1150 et
1318 1093 1499 1166 jecore
1517 1095 1699 1150 avulso
1720 1139 1738 1165 ,

140 1171 314 1222 adhuc
343 1176 602 1232 superstes
627 1168 681 1221 in
708 1183 910 1221 carcere
935 1168 1140 1220 inclusa
1178 1175 1252 1222 est
1281 1209 1296 1231 ,
1343 1168 1507 1222 donec
1536 1167 1742 1222 ulcera-

142 1251 254 1292 tum
279 1255 472 1311 corpus
499 1247 828 1311 putresceret.
857 1238 1184 1294 Prudentius
1210 1238 1412 1296 cecinit
1457 1238 1578 1310 ejus
1617 1253 1740 1295 cer-

140 1321 326 1369 tamen
350 1311 406 1366 in
425 1309 625 1366 Perist.
659 1311 910 1380 inquiens
937 1328 953 1364 :

384 1423 482 1487 Hic
505 1431 580 1485 et,
600 1423 819 1487 Encrati,
841 1423 1078 1487 recubant
1102 1428 1296 1474 tuarum

388 1486 516 1549 Ossa
537 1488 790 1546 virtutum,
806 1485 988 1549 quibus
1013 1485 1204 1535 eﬂ‘erati

384 1548 620 1614 Spiritum
638 1547 842 1614 mundi,
855 1547 1067 1614 violenta
1085 1550 1246 1614 virgo,

637 1611 977 1662 Dedecorasti.

130 1718 198 1773 Et
225 1726 429 1790 caetera
457 1717 607 1774 lectu
632 1717 968 1787 dignissima,
995 1732 1224 1790 quorum
1246 1718 1428 1790 aliqua
1457 1733 1583 1774 mox
1614 1718 1745 1790 sub-

129 1791 348 1846 demus.
377 1787 648 1844 Narratur
673 1790 791 1860 ejus
821 1789 1143 1860 martyrium
1171 1787 1486 1846 simul'cum
1515 1789 1745 1845 historia

131 1861 642 1926 innumerabilium,
670 1862 724 1916 in
759 1861 1018 1926 praedicto
1046 1860 1234 1916 codice
1259 1861 1317 1917 S.
1352 1861 1614 1916 Bernardi
1638 1861 1744 1916 To-

127 1931 330 1995 letani;
361 1939 417 1984 et
439 1930 496 1986 in
523 1931 806 1986 Breviario
835 1931 1176 1987 Salmantino
1217 1933 1413 2002 legitur
1437 1933 1606 1987 fuisse
1635 1932 1744 1989 ﬁlia

127 2002 620 2083 reguli.euju_sda_m
657 2003 1036 2083 Portugallise,
1078 2003 1331 2083 quodque
1361 2019 1398 2083 a.
1426 2003 1736 2083 parentibus

126 2074 314 2142 nuptui
347 2073 613 2128 tradenda
645 2073 943 2129 marchioni
975 2074 1218 2128 Rhodani
1243 2074 1544 2129 ducebatur
1569 2090 1598 2128 a
1627 2074 1737 2129 Lu-

113 2146 314 2216 _pereio
344 2144 664 2210 avunculo,
697 2154 752 2200 et
772 2145 893 2199 aliis
938 2146 1004 2199 17
1045 2147 1176 2199 viris
1223 2145 1516 2215 primariis.
1570 2145 1734 2216 Virgo

126 2226 302 2288 autem
333 2226 549 2288 saneta,
586 2227 643 2288 ut
667 2217 1012 2270 occasionem
1043 2215 1410 2288 martyriisibi
1433 2215 1729 2288 quaereret,

128 2286 228 2341 iter
248 2287 550 2356 arripiens,
575 2285 1043 2356 Caesaraugustam
1083 2285 1366 2358 pervenit,
1411 2285 1498 2342 ubi
1541 2287 1732 2342 Dacia-

132 2372 572 2430 pumiaggressa,
607 2374 729 2430 eum
758 2359 823 2413 ad
855 2370 1130 2430 certamen
1163 2360 1507 2430 provocavit.
1535 2359 1729 2416 Subdit

123 2428 461 2484 Breviarium
493 2429 970 2500 przelatum,quod
1023 2428 1208 2485 statim
1254 2429 1418 2495 jussit
1462 2430 1728 2486 Dacianus

124 2500 292 2567 ipsam
326 2500 381 2553 in
412 2501 543 2569 eius.
566 2502 854 2568 praesentia
899 2502 1180 2556 acerrimis
1227 2501 1410 2570 ﬂagris
1455 2501 1587 2556 caedi
1615 2542 1629 2564 ,
1672 2510 1728 2557 et

122 2586 314 2626 caesam
346 2571 704 2642 ligatamque,
730 2581 784 2627 et
809 2571 874 2626 ad
906 2572 1134 2626 caudam
1181 2573 1305 2640 equi
1351 2581 1460 2626 tota
1502 2572 1725 2628 civitate

121 2642 346 2711 raptari,
381 2657 452 2697 eo
483 2643 1090 2714 quodblasphemasset
1116 2644 1514 2698 sacratissimos
1543 2645 1717 2712 impe-

121 2724 356 2777 ratores,
386 2729 450 2768 ac
481 2713 685 2769 deinde
708 2716 826 2782 ejus
849 2729 1005 2769 sacro
1033 2726 1333 2783 teneroque
1361 2714 1578 2783 corpori
1609 2729 1717 2769 cae-

120 2793 229 2839 tera
266 2793 541 2840 tormenta
577 2785 785 2840 inﬂicta
807 2794 954 2850 sunt,
987 2803 1108 2853 quae
1131 2785 1574 2855 Martyrologium
1597 2801 1720 2840 nar-

121 2865 205 2909 rat
235 2873 248 2907 :
284 2864 340 2910 et
361 2855 507 2910 inter
525 2857 635 2910 alia
664 2858 852 2911 clavus
874 2858 926 2910 in
958 2858 1133 2926 capite
1158 2860 1275 2926 ejus
1311 2855 1540 2911 sufﬁxus
1579 2857 1716 2923 luit,

117 2927 282 2999 cujus
311 2929 546 2981 loramcn
592 2928 864 2999 hodieque
915 2927 968 2999 in
1019 2929 1207 2983 cranio
1249 2942 1406 2982 sacro
1449 2928 1714 2983 videmus.

115 2997 340 3066 Corpus
371 3013 494 3052 vero
514 2997 877 3054 sanctissima:
902 2998 1124 3067 virginis
1150 3008 1270 3060 post
1299 2999 1468 3053 multa
1493 3001 1714 3065 sarcula,

115 3083 266 3122 anno
299 3068 504 3122 Domini
533 3069 696 3137 1589,
728 3070 818 3124 die
851 3070 917 3125 13
945 3072 1145 3124 mensis
1171 3069 1368 3135 Martii,
1403 3072 1455 3123 in
1483 3085 1719 3126 marmo-

117 3154 216 3210 [eo
235 3142 488 3209 sepulcro
515 3152 795 3208 repertum
840 3147 930 3195 est
980 3157 1101 3195 cum
1150 3140 1254 3197 hac
1308 3139 1713 3210 inscriptione:

116 3209 291 3265 Beatte
321 3210 589 3282 Engratite
611 3213 904 3284 uirginis”
944 3215 1185 3284 martyris
1226 3227 1438 3284 sacrum
1479 3209 1667 3283 corpus
1692 3227 1713 3267 :

115 3291 324 3354 etcum
360 3283 678 3338 testimonio
695 3282 982 3338 Prudentii
1011 3282 1277 3354 episcopi,
1307 3282 1400 3350 qui
1428 3282 1600 3352 ipsam
1627 3298 1714 3339 se-

115 3353 351 3418 pulturae
373 3354 696 3410 tradiderat.
718 3354 797 3409 De
825 3353 1014 3409 eadem
1037 3353 1290 3420 Morales,
1322 3354 1419 3407 lib.
1446 3354 1708 3423 x,cap.5;

113 3424 362 3510 Marieta,
399 3425 496 3508 lib:
520 3440 749 3510 ἕζεαι).
776 3423 1068 3510 δἐιιέξρι
1094 3425 1295 3510 Yepius
1317 3464 1331 3488 ,
1362 3424 1608 3510 centuria
1636 3427 1670 3480 2
1693 3467 1708 3492 ,
1744 3445 1792 3510 ο

110 3509 254 3550 anno
277 3497 491 3551 Domini
517 3496 649 3560 657.
673 3492 795 3565 cap.
821 3496 873 3550 1.
898 3492 1137 3566 Villegas
1155 3492 1191 3563 ,“
1211 3495 1490 3565 'l'rugillus
1519 3505 1574 3550 et
1603 3511 1713 3550 cae-

114 3566 236 3640 teri.
270 3567 447 3640 Porro
473 3566 546 3640 M.
571 3567 847 3624 Maximus
873 3566 1296 3640 Caesaraugustae
1321 3567 1610 3638 cpiscopus
1638 3567 1718 3624 sic

111 3636 178 3695 dc
203 3639 402 3695 eadem
433 3639 639 3696 cecinit
667 3656 680 3694 :

232 3748 462 3816 Encrgtis
483 3751 549 3800 ob
569 3751 745 3802 niveos
764 3764 932 3802 mores
952 3753 1248 3816 niveumque
1271 3752 1528 3816 pudorem,

447 3827 596 3877 mage
621 3816 834 3884 martyrii
856 3817 1050 3865 nomine
1067 3811 1210 3865 chara
1234 3811 1346 3884 polo
1371 3822 1464 3884 est.

232 3873 418 3926 Christi
460 3873 641 3940 sponsa
676 3873 838 3940 placet
880 3891 1216 3942 superumque
1234 3873 1609 3950 Lbominumque
1631 3887 1717 3940 pa-

339 3998 865 4075 ,Caasareaequeurbis
879 4001 972 4075 liga
997 4009 1196 4075 patrona

230 4063 487 4127 Sanguine
505 4063 730 4114 nobilitat
747 4077 890 4127 quam
911 4063 1038 4127 fuso,
1060 4071 1112 4116 et
1134 4077 1338 4127 corpore
1359 4072 1498 4115 secto

359 4127 667 4186 Pectinibus,
693 4128 837 4176 busto
860 4127 961 4177 sola
984 4127 1156 4178 relicta
1173 4141 1278 4176 suo.

228 4187 444 4298 'l‘emBla
459 4189 620 4237 dicata
640 4189 737 4237 sibi
762 4188 898 4239 videt.
919 4189 1024 4239 haec
1040 4190 1090 4238 in
1113 4201 1323 4250 corpore
1348 4189 1560 4248 degens,

405 4250 521 4298 igua
543 4252 716 4298 vigore
735 4251 908 4298 animae
933 4252 1118 4298 laurea.
1143 4253 1320 4298 dianus
1338 4251 1512 4298 honor.

405 4250 521 4313 igua
543 4252 716 4312 vigore
735 4251 908 4300 animae
933 4252 1118 4311 laurea,
1143 4253 1320 4314 dignus
1338 4251 1512 4300 honor.

232 4309 452 4384 league
469 4309 737 4384 meumque
764 4326 973 4384 gregem
992 4309 1292 4363 sanctissima
1310 4314 1505 4384 respice
1528 4309 1706 4376 Virgo,

361 4375 454 4433 Qui
478 4375 564 4424 tibi
590 4388 680 4436 pro
699 4375 898 4485 templis
915 4384 1120 4436 pectora
1145 4384 1309 4425 nostra
1332 4376 1518 4423 damus.

382 4444 587 4485 patrona
611 4436 709 4485 tuis
731 4449 806 4485 tua
827 4449 856 4485 a
877 4449 1086 4485 numque
1111 4451 1136 4484 a
1162 4438 1404 4485 moenibus
1424 4450 1518 4485 arci

230 4434 709 4510 Hinc‘patrona'tuis
731 4434 856 4510 mala
877 4434 1086 4510 qumque
1111 4451 1136 4484 a
1162 4438 1404 4510 iuuenibus
1424 4450 1560 4499 arce,

403 4512 560 4562 osque
577 4497 740 4549 salute
759 4499 874 4560 bea,
896 4497 1120 4550 hostibus
1144 4499 1271 4549 abde
1297 4500 1442 4549 fores.

109 4581 287 4655 Porro
312 4583 454 4652 quod
479 4583 743 4638 Maximus
768 4583 980 4653 inquit;
1010 4583 1227 4655 Templa
1254 4585 1426 4639 dicata
1454 4585 1552 4638 sibi
1579 4585 1718 4641 videt

109 4652 220 4708 lucc
242 4652 532 4726 incorpore
555 4659 770 4726 degens,
802 4652 868 4709 ad
900 4655 1029 4710 illud
1061 4652 1346 4710 Prudentii
1377 4657 1604 4727 reSpicit
1629 4675 1644 4714 :

487 4745 751 4820 Martyrum
774 4746 898 4820 nulli
915 4752 1207 4820 remanente
1223 4748 1342 4820 vita.

484 4807 699 4872 Contigit
723 4810 868 4858 terris
886 4809 1108 4858 habitare
1131 4812 1327 4870 nostris,

482 4871 594 4921 Sola
613 4871 666 4922 tu
685 4873 834 4934 morti
858 4874 1065 4934 propriae
1085 4879 1341 4934 superstes

735 4932 872 4983 Vivis
886 4935 935 4982 in
950 4932 1092 4984 Orbe.

481 4993 617 5057 Vivis
637 5003 690 5045 et
713 5008 872 5057 paenae
891 4997 1075 5045 seriem
1097 4997 1311 5054 retexis,

482 5056 653 5120 Carnis
674 5056 726 5108 et
746 5070 888 5107 cassae
908 5057 1117 5120 Spolium
1140 5068 1427 5109 retentans:

483 5118 635 5170 Tetra
659 5118 992 5183 quamsulcos
1015 5119 1230 5171 habeant
1245 5133 1435 5172 amaros

730 5181 949 5232 Vulnera
968 5195 1151 5235 narras.

481 5241 729 5309 Barbarus
752 5251 908 5294 tortor
932 5245 1058 5309 latus
1073 5257 1218 5295 omne
1239 5248 1436 5309 carpsit,

478 5305 693 5374 §angnis
715 5309 986 5374 impensus,
1015 5305 1463 5374 laceratame'mbra
1476 5323 1492 5374 ;

478 5367 666 5421 Pecins
683 5367 898 5434 abscissa
922 5370 1073 5434 patuit
1093 5369 1270 5434 papilla

728 5428 888 5481 Corde
908 5428 1004 5481 Sub
1025 5428 1148 5493 ipso.

106 5508 173 5569 Et
197 5512 342 5572 intra
378 5530 393 5572 :

475 5607 701 5673 Iidimus
715 5613 912 5673 partem
929 5606 1114 5673 iecoris
1132 5609 1392 5673 revulsam,

476 5670 690 5735 Ungulis
713 5670 1094 5780 longeljacuisse
1117 5676 1331 5744 pressis:

477 5733 607 5780 κοτε
629 5735 782 5780 habet
805 5747 868 5780 oe
891 5732 1000 5780 lens
1017 5730 1199 5780 altnutd
1223 5741 1331 5780 tum-

477 5730 607 5787 Eois
629 5735 782 5795 habet
798 5730 1000 5795 pellens
1017 5730 1199 5794 aliquid
1223 5741 1417 5788 tuorum

724 5794 1024 5858 'l'c'quoque
1044 5795 1164 5846 viva.

1741 4829 1799 4891 D

1369 547 1627 608 BIVARII
1664 545 2235 608 COMMENTARIUS.

145 668 408 725 dicuntur
426 665 532 722 sub
561 679 706 722 anno
735 664 951 721 Domini
971 664 1097 722 29L
1115 665 1194 737 De
1221 641 1414 721 iisdem
1439 663 1740 737 aguntMo-
1767 667 1824 729 Α

2223 666 2423 733 invidus
2443 671 2667 730 quamvis
2689 671 2875 722 obitum
2900 682 3182 733 supremum

2220 729 2559 796 PersecutOris
2578 733 2768 795 gladius
2790 729 2983 796 negarit
3003 747 3020 783 :

2217 791 2374 843 Plena
2399 791 2695 860 te,_maft,yr,
2715 791 2884 844 tamen
2908 805 2960 845 ut
2984 802 3292 860 peremptam

2469 855 2854 907 Ptena'coronat.

1843 913 1928 972 Ex
1957 914 2164 988 quibus
2197 915 2362 972 infert
2390 935 2403 971 :

2218 1007 2364 1060 Hunc
2383 1022 2559 1060 novum
2582 1015 2759 1061 nostrae
2781 1009 2974 1061 titulum
2999 1009 3262 1063 fruendum

2218 1069 2603 1136 Caesaraugusta:
2618 1073 2765 1136 dedit
2783 1075 2890 1134 ipse
2915 1073 3133 1124 Christus
3154 1089 3165 1125 :

2219 1131 2582 1198 Juge—vivéntts
2599 1135 2770 1185 domus
2787 1131 2840 1186 ut
2855 1137 3012 1186 dicata

2464 1197 2690 1264 Martyris
2711 1205 2862 1250 esset.

1845 1321 2012 1396 Quasi
2029 1321 2376 1396 dixerit;lioe
2391 1325 2628 1396 speciale
2649 1340 2762 1396 pra
2785 1325 3002 1381 cteteris
3020 1325 3245 1381 urbibus
3271 1324 3444 1394 privi-

1844 1393 2043 1467 legium
2067 1392 2223 1467 dedit
2246 1392 2504 1450 Christus
2533 1392 2988 1467 Ctesaraugustte,
3021 1404 3078 1450 ut
3104 1411 3243 1450 novo
3265 1392 3441 1452 eccle-

1847 1466 1941 1538 size
1958 1480 2160 1538 genere
2177 1465 2453 1521 frueretur
2468 1467 2616 1536 (nam
2637 1465 2823 1523 titulus
2843 1469 3134 1523 ecclesiam
3151 1467 3440 1538 signiﬁcat)

1846 1535 2117 1609 siquidem
2147 1551 2271 1609 cum
2301 1535 2703 1609 irrbes'cmterm
2735 1538 2923 1594 titulos
2953 1539 3160 1605 erigant
3187 1535 3444 1609 martyri-
3537 1547 3542 1554 ‘

1847 1606 1950 1680 bus
1997 1607 2226 1662 mortuis
2261 1627 2273 1661 :
2313 1606 2725 1678 Caesaraugusta
2780 1611 3004 1680 martyri
3045 1606 3394 1679 juge-viventi
3425 1651 3441 1674 ,

1847 1677 1952 1732 hoc
2002 1687 2108 1750 est,
2158 1681 2382 1750 martyri
2430 1677 2591 1734 simul
2629 1691 2685 1736 et
2734 1677 2942 1736 viventi
2977 1677 3137 1750 (mira
3189 1687 3247 1734 et
3302 1695 3440 1736 nova

1846 1763 1935 1804 res
1952 1749 2254 1823 !_)_Ado_mum
2286 1749 2340 1806 et
2363 1750 2576 1806 titulum
2609 1753 2901 1823 exstruxit,
2938 1749 3196 1806 nimirum
3239 1752 3296 1806 S.
3323 1750 3437 1806 En~

1845 1820 2059 1874 cratidi.
2095 1821 2416 1877 Sanctorum
2453 1836 2586 1876 vero
2617 1824 2682 1877 17
2709 1820 2943 1892 quicum
2996 1823 3108 1892 ipsa
3138 1823 3281 1890 passi
3311 1830 3440 1878 sunt

1847 1891 2066 1946 celebre
2089 1893 2404 1963 martyrium
2428 1894 2629 1948 cecinit
2651 1891 2842 1948 eodem
2867 1891 3068 1963 hymno
3088 1891 3436 1961 Prudentius,

1847 1963 2011 2036 cujus
2031 1962 2244 2036 initium
2276 1972 2360 2018 est
2391 1982 2406 2018 :
2434 1963 2526 2036 Bis
2554 1980 2732 2019 novem
2754 1962 2926 2019 noster
2949 1963 3173 2036 populus
3194 1963 3289 2036 sub
3309 1981 3435 2030 uno,

1847 2043 1952 2106 etc.
1983 2033 2060 2106 De
2080 2034 2266 2106 eisque
2297 2035 2560 2106 solemnis
2585 2033 3123 2106 servaturrme'moria
3157 2035 3209 2088 in
3236 2033 3434 2106 Marty.

1841 2105 2062 2173 rologiis
2089 2105 2268 2168 Beda),
2299 2104 2552 2171 Usuardi,
2580 2106 2807 2172 Adonis,
2839 2105 3118 2171 Romano,
3147 2114 3204 2160 et
3243 2103 3440 2162 recen-i

1839 2176 2084 2246 tioribus,
2121 2187 2401 2246 aguntque
2436 2178 2658 2230 Vaszeus
2712 2188 2768 2232 et
2805 2192 2996 2232 omnes
3041 2186 3293 2232 auctores
3333 2191 3435 2246 pro

1835 2244 2071 2302 Encrate
2101 2244 2272 2301 citati.
2307 2244 2460 2316 Quod
2483 2247 2551 2301 ad
2584 2249 2803 2303 nomina
2845 2263 3035 2304 eorum
3066 2257 3296 2315 spectat,
3325 2244 3434 2302 Ro-

1835 2333 2055 2372 manum
2087 2317 2527 2388 Martyrologium
2573 2319 2990 2387 quatuordecim
3039 2316 3338 2388 exprimit,
3373 2325 3436 2374 et

1831 2397 2068 2457 quatuor
2108 2388 2348 2458 reliquos
2395 2389 2715 2445 Saturninos
2760 2391 2934 2460 inquit
2965 2399 3190 2445 vocatos
3234 2388 3429 2443 luisse.

1833 2460 1914 2513 En
1939 2459 2058 2526 ejus
2085 2460 2252 2515 verba
2296 2478 2308 2513 :
2362 2461 2775 2530 Ctesaraugusta:
2823 2459 2875 2514 in
2930 2461 3196 2527 Hispania
3240 2460 3431 2515 natalis

1830 2541 2125 2603 sanctorum
2153 2531 2222 2603 18
2246 2541 2575 2603 martyrum:
2608 2533 2839 2602 Upotati,
2871 2530 3386 2603 Luperci_,_$ucgassi
3409 2572 3426 2597 ,

1831 2600 2118 2671 Martialis,
2149 2598 2586 2671 Urbanifluliw,
2624 2598 2963 2670 Quintiliani,
2999 2600 3204 2668 Publii,
3251 2598 3429 2653 Fron-

1827 2674 1980 2739 tonii,
2031 2669 2245 2735 Felicis,
2272 2669 2560 2740 Cw‘ciliani,
2596 2669 2800 2728 Eucntii
2819 2716 2832 2740 ,
2867 2672 3125 2727 Primitivi
3155 2715 3170 2740 ,
3222 2671 3430 2740 Apode-

1826 2744 1940 2810 mii,
1966 2751 2014 2798 et
2039 2743 2265 2816 aliorum
2290 2755 2533 2816 quatuor,
2568 2747 2663 2816 qui
2692 2745 2971 2816 Saturnini
2996 2745 3162 2797 vocati
3199 2757 3307 2795 esse
3345 2756 3430 2816 re-

1824 2816 2100 2882 feruntur:
2135 2813 2210 2869 Hi
2239 2812 2412 2869 omnes
2433 2818 2525 2869 sub
2551 2815 2787 2870 Daciano
2813 2815 3187 2885 Hispaniarum
3209 2812 3428 2885 prwsitle

1823 2885 1980 2957 simul
2008 2886 2173 2957 pinnis
2201 2885 2387 2957 a/fecti
2403 2895 2557 2948 atque
2586 2889 2878 2955 interempti
2901 2883 3020 2941 sunt
3046 2901 3064 2950 ;
3105 2883 3427 2957 quoruin_il-

1822 2955 1986 3011 lustre
2009 2953 2329 3024 'martyrium
2353 2956 2673 3012 Prudentius
2717 2953 2948 3012 versibus
2995 2953 3284 3011 exornavit.
3317 2953 3428 3010 No-

1823 3027 2273 3156 minaetlseigrifm
2296 3029 2538 3098 ipsorum
2561 3031 2628 3084 ab
2652 3029 2774 3099 ipso
2802 3029 3103 3086 Prudentia
3125 3024 3415 3094 mutuavit,

1823 3112 2014 3156 uursrc
2061 3115 2109 3154 ia
2151 3116 2181 3156 e
2233 3117 2248 3154 :

1819 3107 1912 3169 qui
1935 3107 2014 3155 sic
2042 3107 2210 3156 habet
2233 3117 2248 3154 :

2194 3191 2325 3255 Ergo
2344 3197 2422 3242 ter
2445 3195 2580 3243 senis
2601 3205 2736 3244 sacra
2759 3192 3028 3255 candidatis

2191 3254 2344 3318 Dives
2363 3255 2541 3318 Optato
2565 3256 2708 3306 simul
2729 3262 2779 3305 et
2803 3254 3044 3317 Luperco,

2190 3317 2360 3380 Perge
2382 3317 2706 3380 censeriptum
2732 3319 2925 3368 tibimet.
2945 3322 3171 3368 senatum

2446 3380 2677 3442 Pangere
2703 3381 2918 3443 psalmis.

2196 3441 2302 3492 Ede
2319 3440 2623 3502 successum,
2643 3440 2764 3493 caue
2782 3440 3075 3503 Martialem,
3139 3447 3172 3502 λδ

2200 3503 2331 3553 Mors
2349 3513 2400 3554 et
2422 3503 2605 3553 Urbani
2633 3505 2719 3555 tibi
2740 3508 3028 3555 concinatur

2194 3565 2371 3617 Juliam
2391 3575 2559 3632 cantus
2578 3575 2800 3632 resonet,
2825 3568 3069 3632 simulque
3137 3575 3140 3577 ‘

2441 3629 2810 3688 Quintilianum.

2196 3689 2426 3753 Publium
2451 3691 2629 3752 pandat
2645 3691 2844 3753 chorus,
2873 3697 2926 3741 et
2947 3691 3171 3746 revolvat

2191 3752 2348 3815 Quale
2374 3753 2633 3815 Frontonis
2654 3752 2808 3803 fuerit
2831 3752 3086 3815 trapeum,

2197 3814 2324 3874 Quid
2341 3816 2501 3878 bonus
2525 3813 2669 3878 Felix
2697 3815 2888 3878 tulerit,
2912 3813 3028 3878 Quid
3053 3813 3170 3866 acer

2437 3875 2739 3926 Caeciltauus.

2194 3937 2413 3994 Quantus
2435 3937 2608 3986 Eventi
2629 3945 2709 3986 tua
2734 3936 2865 3986 bella
2886 3940 3088 3998 sanguis

2194 3999 2318 4060 'l‘inx
2329 3999 2441 4058 erit,
2461 4005 2701 4060 quatenus
2726 4007 2805 4060 tua
2830 3999 3101 4058 Primitive,

2191 4058 2311 4108 Cum
2331 4058 2613 4122 tuosjivax
2631 4058 2815 4122 recolat
2840 4060 3114 4122 triumphos

2444 4119 2570 4168 Laus
2595 4121 2850 4180 Apodemi.

2192 4182 2410 4244 Quatuor
2429 4182 2648 4243 posthinc
2664 4188 2897 4244 superest
2917 4183 3132 4234 virorum

2191 4243 2382 4293 Nomen
2410 4243 2598 4308 extolli,
2625 4243 2871 4294 renuente
2895 4254 3074 4308 metro,

2193 4310 2326 4367 Quos
2342 4307 2628 4372 Saturninos
2651 4315 2892 4358 memorat
2907 4316 3105 4358 vocatos
3147 4308 3165 4372 1

2439 4368 2606 4419 Prisca
2628 4375 2864 4421 vetustas.

1891 4503 1996 4561 Sed
2018 4517 2148 4559 vero
2174 4501 2355 4558 caeteri
2384 4515 2574 4558 omnes
2601 4509 2850 4558 auctores
2873 4517 2980 4556 non
3013 4501 3190 4558 solum
3211 4501 3411 4558 seriem

1820 4584 1876 4631 et
1895 4577 2143 4631 ordinem
2181 4574 2458 4628 nominum
2485 4573 2737 4638 variant,
2769 4588 2956 4629 verum
2986 4575 3150 4629 etiam
3191 4573 3410 4628 nomina

1820 4648 2060 4702 omnium
2085 4648 2152 4702 l8
2174 4645 2503 4715 exprimunt,
2528 4654 2583 4700 et
2607 4645 2876 4700 neminem
2906 4646 3145 4715 ipsorum
3167 4645 3412 4700 Saturni-

1821 4734 1949 4774 num
1982 4718 2163 4772 vocari
2187 4718 2476 4772 afﬁrmant.
2508 4715 2648 4771 Audi
2671 4716 2835 4771 verba
2866 4715 3116 4784 Usuardi,
3148 4719 3233 4771 cui
3263 4715 3410 4780 Ado,

1822 4799 1877 4845 et
1926 4788 2208 4859 Equilinus
2234 4787 2584 4859 consentiunt
2605 4801 2621 4840 :
2646 4785 3076 4859 _Ca:saraugrtstte
3101 4795 3412 4859 sanctorum

1826 4862 1894 4932 18
1916 4855 2224 4932 martyrum,
2251 4857 2608 4932 Quinctiliani,
2627 4855 2889 4932 Cassiani,
2914 4855 3186 4932 yatutini,
3210 4856 3410 4932 Publii,

1827 4926 2356 4998 UrbaniCMartialis,
2385 4928 2594 4994 Fausti,
2617 4927 2877 4988 Successi,
2903 4926 3118 4998 Felicis,
3142 4927 3407 4998 Januarii,

1819 5001 2104 5072 Primitivi,
2133 4995 2354 5070 Euentii,
2385 4999 2650 5072 Caciliaai
2674 5037 2689 5060 ,
2725 4998 2919 5068 Optati,
2953 4995 3234 5072 ("contortis
3257 5039 3270 5062 .
3302 4995 3414 5055 ινξ-

1819 5077 1984 5142 perci,
2016 5066 2286 5146 Apodemi,
2314 5066 2360 5127 et
2386 5067 2648 5146 Juli_i._.l_li
2670 5066 2845 5123 omnes
2886 5067 2981 5146 sub
3002 5066 3266 5146 Daciano,
3299 5083 3406 5128 etc.

1819 5139 2126 5220 SubsCribit
2152 5139 2370 5220 Maricta
2397 5157 2450 5211 p.
2487 5140 2514 5195 1
2547 5139 2637 5220 lib.
2667 5153 2706 5220 t_t
2727 5153 2847 5208 cap.
2881 5139 3005 5205 105,
3038 5141 3264 5220 etquod
3295 5160 3410 5197 ma-

1815 5218 1952 5287 joris
1979 5217 2232 5284 ponderis
2263 5225 2346 5287 est
2371 5255 2413 5287 ,_
2424 5212 2821 5287 vetustissimus
2862 5225 2964 5287 ms.
3017 5212 3189 5287 codex
3218 5229 3406 5287 mona-

1821 5283 2061 5344 steriis.
2090 5285 2348 5341 Bernardi
2371 5283 2617 5339 Toletani
2645 5296 2806 5349 supra
2828 5283 3050 5348 relatus,
3081 5284 3220 5339 idem
3247 5284 3409 5340 habet

1819 5361 1887 5415 ad
1919 5359 2159 5412 verbum.
2211 5357 2412 5411 Desunt
2453 5352 2705 5427 igitnr_in
2734 5351 2984 5427 Bonnam)
3024 5355 3407 5427 Martyrplogio

1817 5427 2288 5501 quatuor‘illorum
2321 5422 2536 5482 nomina
2559 5440 2572 5477 :
2599 5422 3178 5501 Cassianuml‘austus,
3202 5422 3406 5501 Ιαηᾷατ

1817 5493 1946 5562 ἔξω,
1969 5511 2023 5554 et
2050 5498 2358 5558 Matutinus,
2382 5511 2540 5566 quos,
2571 5505 2628 5567 ut
2661 5493 2988 5550 Prudentius
3014 5497 3210 5567 inquit,
3239 5497 3403 5566 prisci

1822 5571 2136 5627 Saturninos
2164 5577 2422 5622 vocarunt
2445 5582 2459 5632 ;
2491 5565 2744 5620 nimirum
2768 5565 3101 5635 cognomine
3120 5565 3288 5631 avito,
3313 5575 3406 5620 aut

1820 5642 1924 5700 alia
1945 5641 2136 5714 quavis
2163 5653 2347 5696 causa.
2377 5638 2485 5695 Sed
2507 5636 2639 5707 quid
2667 5646 2752 5692 est
2775 5638 2920 5708 quod
2947 5637 3272 5697 Prudentius
3291 5638 3405 5692 ait?

2066 5733 2282 5791 Quatuor
2303 5730 2481 5780 dehinc
2503 5735 2736 5791 superest
2760 5729 2971 5779 virorum

2063 5795 2253 5847 Nomen
2277 5791 2468 5853 extolli,
2493 5797 2738 5844 renuente
2758 5800 2936 5854 metro,
