  <div class='ocr_page' id='page_1' title='image "/cluster/home/n/w/nwhite01/storage/ocr_20150623/31/uva.x000826569/240.png"; bbox 0 0 3956 6290; ppageno 0'>
   <div class='ocr_carea' id='block_1_1' title="bbox 89 267 181 327">
    <p class='ocr_par' dir='ltr' id='par_1_1' title="bbox 89 267 181 327">
     <span class='ocr_line' id='line_1_1' title="bbox 89 267 181 327; baseline 0 -1"><span class='ocrx_word' id='word_1_1' title='bbox 89 267 181 327; x_wconf 71' lang='grc' dir='ltr'><strong>ιδε</strong></span> 
     </span>
    </p>
   </div>
   <div class='ocr_carea' id='block_1_2' title="bbox 1133 273 2343 339">
    <p class='ocr_par' dir='ltr' id='par_1_2' title="bbox 1133 273 2343 339">
     <span class='ocr_line' id='line_1_2' title="bbox 1133 273 2343 339; baseline 0.007 -9"><span class='ocrx_word' id='word_1_2' title='bbox 1133 273 1364 332; x_wconf 75' lang='lat' dir='ltr'><strong>FLAVI]</strong></span> <span class='ocrx_word' id='word_1_3' title='bbox 1402 273 1585 332; x_wconf 79' lang='lat' dir='ltr'><strong>LUC&quot;</strong></span> <span class='ocrx_word' id='word_1_4' title='bbox 1621 273 1884 333; x_wconf 64' lang='lat' dir='ltr'><strong>DaXTRl</strong></span> <span class='ocrx_word' id='word_1_5' title='bbox 1921 275 2343 339; x_wconf 77' lang='lat' dir='ltr'><strong>CIIRONICON.</strong></span> 
     </span>
    </p>
   </div>
   <div class='ocr_carea' id='block_1_3' title="bbox 3289 288 3394 347">
    <p class='ocr_par' dir='ltr' id='par_1_3' title="bbox 3289 288 3394 347">
     <span class='ocr_line' id='line_1_3' title="bbox 3289 288 3394 347; baseline 0.019 -2"><span class='ocrx_word' id='word_1_6' title='bbox 3289 288 3394 347; x_wconf 63' lang='lat'><strong>466</strong></span> 
     </span>
    </p>
   </div>
   <div class='ocr_carea' id='block_1_4' title="bbox 1305 453 2170 520">
    <p class='ocr_par' dir='ltr' id='par_1_4' title="bbox 1305 453 2170 520">
     <span class='ocr_line' id='line_1_4' title="bbox 1305 453 2170 520; baseline 0.007 -10"><span class='ocrx_word' id='word_1_7' title='bbox 1305 453 1561 512; x_wconf 81' lang='lat' dir='ltr'><strong>BlVARll</strong></span> <span class='ocrx_word' id='word_1_8' title='bbox 1599 453 2170 520; x_wconf 68' lang='lat' dir='ltr'><strong>COMMENTARIUS.</strong></span> 
     </span>
    </p>
   </div>
   <div class='ocr_carea' id='block_1_5' title="bbox 92 591 3378 674">
    <p class='ocr_par' dir='ltr' id='par_1_5' title="bbox 92 591 3378 674">
     <span class='ocr_line' id='line_1_5' title="bbox 92 591 3378 674; baseline 0.005 -25"><span class='ocrx_word' id='word_1_9' title='bbox 92 608 200 674; x_wconf 76' lang='lat' dir='ltr'><strong>cent</strong></span> <span class='ocrx_word' id='word_1_10' title='bbox 247 594 359 674; x_wconf 75' lang='lat' dir='ltr'><strong>hoc</strong></span> <span class='ocrx_word' id='word_1_11' title='bbox 392 595 514 674; x_wconf 82' lang='lat' dir='ltr'><strong>loco</strong></span> <span class='ocrx_word' id='word_1_12' title='bbox 542 594 817 674; x_wconf 76' lang='lat' dir='ltr'><strong>vitiatum,</strong></span> <span class='ocrx_word' id='word_1_13' title='bbox 851 591 1195 674; x_wconf 81' lang='lat' dir='ltr'><strong>additamque</strong></span> <span class='ocrx_word' id='word_1_14' title='bbox 1227 592 1676 674; x_wconf 66' lang='lat' dir='ltr'><strong>ejusmodiclau-</strong></span> <span class='ocrx_word' id='word_1_15' title='bbox 1699 591 1751 651; x_wconf 78' lang='grc' dir='ltr'>Α</span> <span class='ocrx_word' id='word_1_16' title='bbox 1779 591 1904 674; x_wconf 68' lang='lat' dir='ltr'><strong>dam</strong></span> <span class='ocrx_word' id='word_1_17' title='bbox 1924 597 2350 674; x_wconf 63' lang='lat' dir='ltr'><strong>prationis,qu_:e</strong></span> <span class='ocrx_word' id='word_1_18' title='bbox 2374 601 2428 657; x_wconf 92' lang='lat' dir='ltr'><strong>in</strong></span> <span class='ocrx_word' id='word_1_19' title='bbox 2464 603 2741 660; x_wconf 87' lang='lat' dir='ltr'><strong>Breviario</strong></span> <span class='ocrx_word' id='word_1_20' title='bbox 2757 605 2816 662; x_wconf 92' lang='lat' dir='ltr'><strong>S.</strong></span> <span class='ocrx_word' id='word_1_21' title='bbox 2852 604 3046 662; x_wconf 82' lang='lat' dir='ltr'><strong>Isidori</strong></span> <span class='ocrx_word' id='word_1_22' title='bbox 3077 605 3378 674; x_wconf 89' lang='lat' dir='ltr'><strong>reperitur:</strong></span> 
     </span>
    </p>
   </div>
   <div class='ocr_carea' id='block_1_6' title="bbox 93 663 1675 737">
    <p class='ocr_par' dir='ltr' id='par_1_6' title="bbox 93 663 1675 737">
     <span class='ocr_line' id='line_1_6' title="bbox 93 663 1675 737; baseline -0.004 -14"><span class='ocrx_word' id='word_1_23' title='bbox 93 667 256 724; x_wconf 86' lang='lat' dir='ltr'><strong>sulam</strong></span> <span class='ocrx_word' id='word_1_24' title='bbox 308 666 381 722; x_wconf 87' lang='lat' dir='ltr'><strong>ab</strong></span> <span class='ocrx_word' id='word_1_25' title='bbox 427 668 617 737; x_wconf 88' lang='lat' dir='ltr'><strong>aliquo</strong></span> <span class='ocrx_word' id='word_1_26' title='bbox 657 665 1018 737; x_wconf 75' lang='lat' dir='ltr'><strong>immaculatze</strong></span> <span class='ocrx_word' id='word_1_27' title='bbox 1059 666 1431 737; x_wconf 89' lang='lat' dir='ltr'><strong>conceptionis</strong></span> <span class='ocrx_word' id='word_1_28' title='bbox 1461 663 1675 737; x_wconf 80' lang='lat' dir='ltr'><strong>delen-</strong></span> 
     </span>
    </p>
   </div>
   <div class='ocr_carea' id='block_1_7' title="bbox 94 735 1679 808">
    <p class='ocr_par' dir='ltr' id='par_1_7' title="bbox 94 735 1679 808">
     <span class='ocr_line' id='line_1_7' title="bbox 94 735 1679 808; baseline -0.004 -14"><span class='ocrx_word' id='word_1_29' title='bbox 94 753 229 806; x_wconf 88' lang='lat' dir='ltr'><strong>sore,</strong></span> <span class='ocrx_word' id='word_1_30' title='bbox 262 753 424 808; x_wconf 89' lang='lat' dir='ltr'><strong>quam</strong></span> <span class='ocrx_word' id='word_1_31' title='bbox 452 735 635 808; x_wconf 81' lang='lat' dir='ltr'><strong>totum</strong></span> <span class='ocrx_word' id='word_1_32' title='bbox 664 737 859 791; x_wconf 91' lang='lat' dir='ltr'><strong>librum</strong></span> <span class='ocrx_word' id='word_1_33' title='bbox 890 735 1072 789; x_wconf 82' lang='lat' dir='ltr'><strong>lictutn</strong></span> <span class='ocrx_word' id='word_1_34' title='bbox 1097 751 1240 799; x_wconf 87' lang='lat' dir='ltr'><strong>esse.</strong></span> <span class='ocrx_word' id='word_1_35' title='bbox 1272 746 1328 791; x_wconf 91' lang='lat' dir='ltr'><strong>et</strong></span> <span class='ocrx_word' id='word_1_36' title='bbox 1354 736 1424 790; x_wconf 92' lang='lat' dir='ltr'><strong>ob</strong></span> <span class='ocrx_word' id='word_1_37' title='bbox 1456 735 1508 790; x_wconf 88' lang='lat' dir='ltr'><strong>id</strong></span> <span class='ocrx_word' id='word_1_38' title='bbox 1542 750 1679 802; x_wconf 54' lang='grc' dir='ltr'><strong>μιαν</strong></span> 
     </span>
    </p>
   </div>
   <div class='ocr_carea' id='block_1_8' title="bbox 95 807 1676 876">
    <p class='ocr_par' dir='ltr' id='par_1_8' title="bbox 95 807 1676 876">
     <span class='ocr_line' id='line_1_8' title="bbox 95 807 1676 876; baseline -0.003 -14"><span class='ocrx_word' id='word_1_39' title='bbox 95 811 239 876; x_wconf 81' lang='lat' dir='ltr'><strong>cipue</strong></span> <span class='ocrx_word' id='word_1_40' title='bbox 266 810 580 864; x_wconf 86' lang='lat' dir='ltr'><strong>inventum.</strong></span> <span class='ocrx_word' id='word_1_41' title='bbox 605 807 872 863; x_wconf 71' lang='lat' dir='ltr'><strong>Caeterum</strong></span> <span class='ocrx_word' id='word_1_42' title='bbox 903 808 1150 876; x_wconf 83' lang='lat' dir='ltr'><strong>quamvis</strong></span> <span class='ocrx_word' id='word_1_43' title='bbox 1179 823 1279 876; x_wconf 92' lang='lat' dir='ltr'><strong>pro</strong></span> <span class='ocrx_word' id='word_1_44' title='bbox 1314 808 1676 861; x_wconf 71' lang='lat' dir='ltr'><strong>innnaculatre</strong></span> 
     </span>
    </p>
   </div>
   <div class='ocr_carea' id='block_1_9' title="bbox 99 878 1677 949">
    <p class='ocr_par' dir='ltr' id='par_1_9' title="bbox 99 878 1677 949">
     <span class='ocr_line' id='line_1_9' title="bbox 99 878 1677 949; baseline -0.003 -15"><span class='ocrx_word' id='word_1_45' title='bbox 99 881 336 948; x_wconf 73' lang='lat' dir='ltr'><strong>Deiparze</strong></span> <span class='ocrx_word' id='word_1_46' title='bbox 359 879 722 949; x_wconf 72' lang='lat' dir='ltr'><strong>conceptione</strong></span> <span class='ocrx_word' id='word_1_47' title='bbox 752 878 936 932; x_wconf 73' lang='lat' dir='ltr'><strong>multa:</strong></span> <span class='ocrx_word' id='word_1_48' title='bbox 969 893 1155 947; x_wconf 59' lang='lat' dir='ltr'><strong>eaeque</strong></span> <span class='ocrx_word' id='word_1_49' title='bbox 1191 879 1525 948; x_wconf 76' lang='lat' dir='ltr'><strong>gravissima:</strong></span> <span class='ocrx_word' id='word_1_50' title='bbox 1554 893 1677 930; x_wconf 88' lang='lat' dir='ltr'><strong>san-</strong></span> 
     </span>
    </p>
   </div>
   <div class='ocr_carea' id='block_1_10' title="bbox 95 949 1679 1014">
    <p class='ocr_par' dir='ltr' id='par_1_10' title="bbox 95 949 1679 1014">
     <span class='ocr_line' id='line_1_10' title="bbox 95 949 1679 1014; baseline -0.003 -8"><span class='ocrx_word' id='word_1_51' title='bbox 95 961 292 1006; x_wconf 79' lang='lat' dir='ltr'><strong>ctoruut</strong></span> <span class='ocrx_word' id='word_1_52' title='bbox 319 951 543 1005; x_wconf 79' lang='lat' dir='ltr'><strong>Patrum</strong></span> <span class='ocrx_word' id='word_1_53' title='bbox 568 959 786 1006; x_wconf 77' lang='lat' dir='ltr'><strong>exstent</strong></span> <span class='ocrx_word' id='word_1_54' title='bbox 814 949 1120 1014; x_wconf 62' lang='lat' dir='ltr'><strong>sementim,</strong></span> <span class='ocrx_word' id='word_1_55' title='bbox 1147 949 1218 1004; x_wconf 89' lang='lat' dir='ltr'><strong>de</strong></span> <span class='ocrx_word' id='word_1_56' title='bbox 1245 951 1444 1010; x_wconf 78' lang='lat' dir='ltr'><strong>quibus</strong></span> <span class='ocrx_word' id='word_1_57' title='bbox 1471 950 1522 1001; x_wconf 93' lang='lat' dir='ltr'><strong>in</strong></span> <span class='ocrx_word' id='word_1_58' title='bbox 1554 963 1679 1014; x_wconf 81' lang='lat' dir='ltr'><strong>spe-</strong></span> 
     </span>
    </p>
   </div>
   <div class='ocr_carea' id='block_1_11' title="bbox 99 1018 1678 1090">
    <p class='ocr_par' dir='ltr' id='par_1_11' title="bbox 99 1018 1678 1090">
     <span class='ocr_line' id='line_1_11' title="bbox 99 1018 1678 1090; baseline -0.003 -13"><span class='ocrx_word' id='word_1_59' title='bbox 99 1022 214 1077; x_wconf 87' lang='lat' dir='ltr'><strong>ciali</strong></span> <span class='ocrx_word' id='word_1_60' title='bbox 249 1020 386 1076; x_wconf 90' lang='lat' dir='ltr'><strong>libro</strong></span> <span class='ocrx_word' id='word_1_61' title='bbox 417 1023 555 1076; x_wconf 85' lang='lat' dir='ltr'><strong>alias</strong></span> <span class='ocrx_word' id='word_1_62' title='bbox 584 1021 814 1089; x_wconf 90' lang='lat' dir='ltr'><strong>egimus,</strong></span> <span class='ocrx_word' id='word_1_63' title='bbox 849 1020 990 1090; x_wconf 82' lang='lat' dir='ltr'><strong>typis</strong></span> <span class='ocrx_word' id='word_1_64' title='bbox 1020 1019 1208 1076; x_wconf 86' lang='lat' dir='ltr'><strong>Jacobi</strong></span> <span class='ocrx_word' id='word_1_65' title='bbox 1238 1018 1455 1075; x_wconf 88' lang='lat' dir='ltr'><strong>Cardon</strong></span> <span class='ocrx_word' id='word_1_66' title='bbox 1491 1029 1544 1074; x_wconf 89' lang='lat' dir='ltr'><strong>et</strong></span> <span class='ocrx_word' id='word_1_67' title='bbox 1579 1019 1678 1073; x_wconf 80' lang='lat' dir='ltr'><strong>Pe-</strong></span> 
     </span>
    </p>
   </div>
   <div class='ocr_carea' id='block_1_12' title="bbox 98 1090 1676 1154">
    <p class='ocr_par' dir='ltr' id='par_1_12' title="bbox 98 1090 1676 1154">
     <span class='ocr_line' id='line_1_12' title="bbox 98 1090 1676 1154; baseline -0.002 -7"><span class='ocrx_word' id='word_1_68' title='bbox 98 1094 158 1148; x_wconf 84' lang='lat' dir='ltr'><strong>tri</strong></span> <span class='ocrx_word' id='word_1_69' title='bbox 188 1092 428 1148; x_wconf 84' lang='lat' dir='ltr'><strong>Cavellat</strong></span> <span class='ocrx_word' id='word_1_70' title='bbox 455 1093 704 1154; x_wconf 74' lang='lat' dir='ltr'><strong>Lugduni</strong></span> <span class='ocrx_word' id='word_1_71' title='bbox 745 1105 948 1147; x_wconf 79' lang='lat' dir='ltr'><strong>excuso</strong></span> <span class='ocrx_word' id='word_1_72' title='bbox 969 1092 1075 1145; x_wconf 85' lang='lat' dir='ltr'><strong>ltoc</strong></span> <span class='ocrx_word' id='word_1_73' title='bbox 1111 1107 1254 1146; x_wconf 90' lang='lat' dir='ltr'><strong>anno</strong></span> <span class='ocrx_word' id='word_1_74' title='bbox 1285 1091 1444 1154; x_wconf 67' lang='grc'><strong>1624.</strong></span> <span class='ocrx_word' id='word_1_75' title='bbox 1485 1090 1586 1144; x_wconf 88' lang='lat' dir='ltr'><strong>sub</strong></span> <span class='ocrx_word' id='word_1_76' title='bbox 1611 1090 1676 1144; x_wconf 83' lang='lat' dir='ltr'><strong>ti-</strong></span> 
     </span>
    </p>
   </div>
   <div class='ocr_carea' id='block_1_13' title="bbox 100 1161 1676 1218">
    <p class='ocr_par' dir='ltr' id='par_1_13' title="bbox 100 1161 1676 1218">
     <span class='ocr_line' id='line_1_13' title="bbox 100 1161 1676 1218; baseline 0 -3"><span class='ocrx_word' id='word_1_77' title='bbox 100 1165 242 1217; x_wconf 88' lang='lat' dir='ltr'><strong>tulo:</strong></span> <span class='ocrx_word' id='word_1_78' title='bbox 288 1162 472 1218; x_wconf 77' lang='lat' dir='ltr'><strong>Sancti</strong></span> <span class='ocrx_word' id='word_1_79' title='bbox 518 1163 708 1217; x_wconf 78' lang='lat' dir='ltr'><strong>Patres</strong></span> <span class='ocrx_word' id='word_1_80' title='bbox 744 1162 991 1216; x_wconf 79' lang='lat' dir='ltr'><strong>vindicati</strong></span> <span class='ocrx_word' id='word_1_81' title='bbox 1021 1164 1074 1215; x_wconf 89' lang='lat' dir='ltr'><strong>in</strong></span> <span class='ocrx_word' id='word_1_82' title='bbox 1113 1179 1274 1216; x_wconf 84' lang='lat' dir='ltr'><strong>causa</strong></span> <span class='ocrx_word' id='word_1_83' title='bbox 1311 1161 1676 1215; x_wconf 78' lang='lat' dir='ltr'><strong>Immaculata:</strong></span> 
     </span>
    </p>
   </div>
   <div class='ocr_carea' id='block_1_14' title="bbox 103 1232 1670 1305">
    <p class='ocr_par' dir='ltr' id='par_1_14' title="bbox 103 1232 1670 1305">
     <span class='ocr_line' id='line_1_14' title="bbox 103 1232 1670 1305; baseline -0.002 -17"><span class='ocrx_word' id='word_1_84' title='bbox 103 1232 491 1305; x_wconf 84' lang='lat' dir='ltr'><strong>Conceptionis:</strong></span> <span class='ocrx_word' id='word_1_85' title='bbox 532 1235 666 1289; x_wconf 87' lang='lat' dir='ltr'><strong>illud</strong></span> <span class='ocrx_word' id='word_1_86' title='bbox 713 1242 891 1289; x_wconf 86' lang='lat' dir='ltr'><strong>tamen</strong></span> <span class='ocrx_word' id='word_1_87' title='bbox 940 1233 1083 1305; x_wconf 69' lang='lat' dir='ltr'><strong>mihi</strong></span> <span class='ocrx_word' id='word_1_88' title='bbox 1119 1233 1284 1289; x_wconf 89' lang='lat' dir='ltr'><strong>dttbio</strong></span> <span class='ocrx_word' id='word_1_89' title='bbox 1337 1235 1522 1302; x_wconf 78' lang='lat' dir='ltr'><strong>procul</strong></span> <span class='ocrx_word' id='word_1_90' title='bbox 1569 1243 1670 1297; x_wconf 83' lang='lat' dir='ltr'><strong>est,</strong></span> 
     </span>
    </p>
   </div>
   <div class='ocr_carea' id='block_1_15' title="bbox 100 1303 1678 1374">
    <p class='ocr_par' dir='ltr' id='par_1_15' title="bbox 100 1303 1678 1374">
     <span class='ocr_line' id='line_1_15' title="bbox 100 1303 1678 1374; baseline 0.001 -18"><span class='ocrx_word' id='word_1_91' title='bbox 100 1303 324 1374; x_wconf 61' lang='lat' dir='ltr'><strong>praesens</strong></span> <span class='ocrx_word' id='word_1_92' title='bbox 375 1305 750 1361; x_wconf 89' lang='lat' dir='ltr'><strong>testimonium</strong></span> <span class='ocrx_word' id='word_1_93' title='bbox 803 1319 978 1374; x_wconf 89' lang='lat' dir='ltr'><strong>neque</strong></span> <span class='ocrx_word' id='word_1_94' title='bbox 1025 1303 1272 1370; x_wconf 79' lang='lat' dir='ltr'><strong>ollicere,</strong></span> <span class='ocrx_word' id='word_1_95' title='bbox 1327 1319 1504 1374; x_wconf 90' lang='lat' dir='ltr'><strong>neque</strong></span> <span class='ocrx_word' id='word_1_96' title='bbox 1551 1319 1678 1373; x_wconf 91' lang='lat' dir='ltr'><strong>pro-</strong></span> 
     </span>
    </p>
   </div>
   <div class='ocr_carea' id='block_1_16' title="bbox 100 1375 1676 1446">
    <p class='ocr_par' dir='ltr' id='par_1_16' title="bbox 100 1375 1676 1446">
     <span class='ocr_line' id='line_1_16' title="bbox 100 1375 1676 1446; baseline 0.001 -17"><span class='ocrx_word' id='word_1_97' title='bbox 100 1377 242 1430; x_wconf 87' lang='lat' dir='ltr'><strong>desse</strong></span> <span class='ocrx_word' id='word_1_98' title='bbox 284 1377 512 1432; x_wconf 85' lang='lat' dir='ltr'><strong>alterius</strong></span> <span class='ocrx_word' id='word_1_99' title='bbox 566 1375 741 1446; x_wconf 89' lang='lat' dir='ltr'><strong>partis</strong></span> <span class='ocrx_word' id='word_1_100' title='bbox 791 1377 1312 1446; x_wconf 77' lang='lat' dir='ltr'><strong>propugnatoribus;</strong></span> <span class='ocrx_word' id='word_1_101' title='bbox 1369 1375 1465 1430; x_wconf 89' lang='lat' dir='ltr'><strong>sed</strong></span> <span class='ocrx_word' id='word_1_102' title='bbox 1515 1375 1676 1444; x_wconf 84' lang='lat' dir='ltr'><strong>longe</strong></span> 
     </span>
    </p>
   </div>
   <div class='ocr_carea' id='block_1_17' title="bbox 98 1445 1673 1515">
    <p class='ocr_par' dir='ltr' id='par_1_17' title="bbox 98 1445 1673 1515">
     <span class='ocr_line' id='line_1_17' title="bbox 98 1445 1673 1515; baseline 0.001 -16"><span class='ocrx_word' id='word_1_103' title='bbox 98 1446 195 1499; x_wconf 88' lang='lat' dir='ltr'><strong>alio</strong></span> <span class='ocrx_word' id='word_1_104' title='bbox 219 1462 404 1510; x_wconf 90' lang='lat' dir='ltr'><strong>sensu,</strong></span> <span class='ocrx_word' id='word_1_105' title='bbox 427 1445 593 1515; x_wconf 85' lang='lat' dir='ltr'><strong>quam</strong></span> <span class='ocrx_word' id='word_1_106' title='bbox 628 1445 734 1513; x_wconf 86' lang='lat' dir='ltr'><strong>ipsi</strong></span> <span class='ocrx_word' id='word_1_107' title='bbox 764 1445 1057 1515; x_wconf 86' lang='lat' dir='ltr'><strong>accipiant,</strong></span> <span class='ocrx_word' id='word_1_108' title='bbox 1089 1447 1132 1501; x_wconf 71' lang='lat' dir='ltr'><strong>a&#39;</strong></span> <span class='ocrx_word' id='word_1_109' title='bbox 1165 1447 1367 1502; x_wconf 82' lang='lat' dir='ltr'><strong>Dextro</strong></span> <span class='ocrx_word' id='word_1_110' title='bbox 1395 1457 1673 1513; x_wconf 88' lang='lat' dir='ltr'><strong>receptum</strong></span> 
     </span>
    </p>
   </div>
   <div class='ocr_carea' id='block_1_18' title="bbox 101 1517 1675 1587">
    <p class='ocr_par' dir='ltr' id='par_1_18' title="bbox 101 1517 1675 1587">
     <span class='ocr_line' id='line_1_18' title="bbox 101 1517 1675 1587; baseline 0.001 -17"><span class='ocrx_word' id='word_1_111' title='bbox 101 1517 282 1581; x_wconf 81' lang='lat' dir='ltr'><strong>fuisse;</strong></span> <span class='ocrx_word' id='word_1_112' title='bbox 313 1519 717 1587; x_wconf 89' lang='lat' dir='ltr'><strong>continereque</strong></span> <span class='ocrx_word' id='word_1_113' title='bbox 749 1527 854 1571; x_wconf 90' lang='lat' dir='ltr'><strong>tam</strong></span> <span class='ocrx_word' id='word_1_114' title='bbox 887 1529 1096 1573; x_wconf 89' lang='lat' dir='ltr'><strong>certam</strong></span> <span class='ocrx_word' id='word_1_115' title='bbox 1127 1519 1442 1583; x_wconf 85' lang='lat' dir='ltr'><strong>veritatem,</strong></span> <span class='ocrx_word' id='word_1_116' title='bbox 1470 1519 1613 1587; x_wconf 92' lang='lat' dir='ltr'><strong>quod</strong></span> <span class='ocrx_word' id='word_1_117' title='bbox 1643 1533 1675 1572; x_wconf 89' lang='lat' dir='ltr'><strong>a</strong></span> 
     </span>
    </p>
   </div>
   <div class='ocr_carea' id='block_1_19' title="bbox 101 1589 1671 1658">
    <p class='ocr_par' dir='ltr' id='par_1_19' title="bbox 101 1589 1671 1658">
     <span class='ocr_line' id='line_1_19' title="bbox 101 1589 1671 1658; baseline 0 -17"><span class='ocrx_word' id='word_1_118' title='bbox 101 1590 301 1642; x_wconf 89' lang='lat' dir='ltr'><strong>nemine</strong></span> <span class='ocrx_word' id='word_1_119' title='bbox 327 1591 724 1643; x_wconf 77' lang='lat' dir='ltr'><strong>catholicorum</strong></span> <span class='ocrx_word' id='word_1_120' title='bbox 756 1589 983 1644; x_wconf 86' lang='lat' dir='ltr'><strong>inliciari</strong></span> <span class='ocrx_word' id='word_1_121' title='bbox 1012 1589 1217 1658; x_wconf 84' lang='lat' dir='ltr'><strong>possit;</strong></span> <span class='ocrx_word' id='word_1_122' title='bbox 1254 1598 1458 1643; x_wconf 87' lang='lat' dir='ltr'><strong>tantum</strong></span> <span class='ocrx_word' id='word_1_123' title='bbox 1493 1589 1671 1654; x_wconf 88' lang='lat' dir='ltr'><strong>abest,</strong></span> 
     </span>
    </p>
   </div>
   <div class='ocr_carea' id='block_1_20' title="bbox 100 1659 1677 1724">
    <p class='ocr_par' dir='ltr' id='par_1_20' title="bbox 100 1659 1677 1724">
     <span class='ocr_line' id='line_1_20' title="bbox 100 1659 1677 1724; baseline 0.001 -14"><span class='ocrx_word' id='word_1_124' title='bbox 100 1669 151 1710; x_wconf 86' lang='lat' dir='ltr'><strong>ut</strong></span> <span class='ocrx_word' id='word_1_125' title='bbox 172 1659 336 1713; x_wconf 90' lang='lat' dir='ltr'><strong>aliena</strong></span> <span class='ocrx_word' id='word_1_126' title='bbox 367 1675 395 1711; x_wconf 90' lang='lat' dir='ltr'><strong>a</strong></span> <span class='ocrx_word' id='word_1_127' title='bbox 433 1659 626 1715; x_wconf 78' lang='lat' dir='ltr'><strong>Dextri</strong></span> <span class='ocrx_word' id='word_1_128' title='bbox 658 1662 931 1714; x_wconf 87' lang='lat' dir='ltr'><strong>sententia</strong></span> <span class='ocrx_word' id='word_1_129' title='bbox 961 1662 1176 1714; x_wconf 88' lang='lat' dir='ltr'><strong>censeri</strong></span> <span class='ocrx_word' id='word_1_130' title='bbox 1202 1661 1462 1723; x_wconf 85' lang='lat' dir='ltr'><strong>debeant,</strong></span> <span class='ocrx_word' id='word_1_131' title='bbox 1490 1670 1545 1714; x_wconf 86' lang='lat' dir='ltr'><strong>et</strong></span> <span class='ocrx_word' id='word_1_132' title='bbox 1584 1675 1677 1724; x_wconf 89' lang='lat' dir='ltr'><strong>pa-</strong></span> 
     </span>
    </p>
   </div>
   <div class='ocr_carea' id='block_1_21' title="bbox 103 1730 1672 1797">
    <p class='ocr_par' dir='ltr' id='par_1_21' title="bbox 103 1730 1672 1797">
     <span class='ocr_line' id='line_1_21' title="bbox 103 1730 1672 1797; baseline 0.002 -16"><span class='ocrx_word' id='word_1_133' title='bbox 103 1745 209 1782; x_wconf 91' lang='lat' dir='ltr'><strong>tum</strong></span> <span class='ocrx_word' id='word_1_134' title='bbox 238 1731 509 1785; x_wconf 86' lang='lat' dir='ltr'><strong>sinceram</strong></span> <span class='ocrx_word' id='word_1_135' title='bbox 542 1739 871 1786; x_wconf 80' lang='lat' dir='ltr'><strong>vetustatem</strong></span> <span class='ocrx_word' id='word_1_136' title='bbox 901 1731 1154 1786; x_wconf 89' lang='lat' dir='ltr'><strong>redolere</strong></span> <span class='ocrx_word' id='word_1_137' title='bbox 1179 1733 1496 1786; x_wconf 85' lang='lat' dir='ltr'><strong>credantur.</strong></span> <span class='ocrx_word' id='word_1_138' title='bbox 1530 1730 1672 1797; x_wconf 81' lang='lat' dir='ltr'><strong>Quid</strong></span> 
     </span>
    </p>
   </div>
   <div class='ocr_carea' id='block_1_22' title="bbox 100 1799 1674 1856">
    <p class='ocr_par' dir='ltr' id='par_1_22' title="bbox 100 1799 1674 1856">
     <span class='ocr_line' id='line_1_22' title="bbox 100 1799 1674 1856; baseline 0.002 -4"><span class='ocrx_word' id='word_1_139' title='bbox 100 1799 256 1854; x_wconf 84' lang='lat' dir='ltr'><strong>illud?</strong></span> <span class='ocrx_word' id='word_1_140' title='bbox 279 1802 537 1856; x_wconf 86' lang='lat' dir='ltr'><strong>nimirum</strong></span> <span class='ocrx_word' id='word_1_141' title='bbox 565 1813 815 1856; x_wconf 89' lang='lat' dir='ltr'><strong>sanctum</strong></span> <span class='ocrx_word' id='word_1_142' title='bbox 845 1803 1106 1855; x_wconf 84' lang='lat' dir='ltr'><strong>Jacobum</strong></span> <span class='ocrx_word' id='word_1_143' title='bbox 1135 1803 1189 1856; x_wconf 91' lang='lat' dir='ltr'><strong>in</strong></span> <span class='ocrx_word' id='word_1_144' title='bbox 1216 1802 1488 1856; x_wconf 87' lang='lat' dir='ltr'><strong>llisnaniis</strong></span> <span class='ocrx_word' id='word_1_145' title='bbox 1514 1802 1674 1856; x_wconf 84' lang='lat' dir='ltr'><strong>insti-</strong></span> 
     </span>
    </p>
   </div>
   <div class='ocr_carea' id='block_1_23' title="bbox 103 1872 1670 1928">
    <p class='ocr_par' dir='ltr' id='par_1_23' title="bbox 103 1872 1670 1928">
     <span class='ocr_line' id='line_1_23' title="bbox 103 1872 1670 1928; baseline 0.003 -6"><span class='ocrx_word' id='word_1_146' title='bbox 103 1873 263 1926; x_wconf 78' lang='lat' dir='ltr'><strong>tuisse</strong></span> <span class='ocrx_word' id='word_1_147' title='bbox 301 1873 662 1928; x_wconf 76' lang='lat' dir='ltr'><strong>imntaculata:</strong></span> <span class='ocrx_word' id='word_1_148' title='bbox 698 1872 1090 1927; x_wconf 85' lang='lat' dir='ltr'><strong>Incarnationis</strong></span> <span class='ocrx_word' id='word_1_149' title='bbox 1122 1872 1279 1926; x_wconf 88' lang='lat' dir='ltr'><strong>Verbi</strong></span> <span class='ocrx_word' id='word_1_150' title='bbox 1318 1872 1412 1928; x_wconf 88' lang='lat' dir='ltr'><strong>Dei</strong></span> <span class='ocrx_word' id='word_1_151' title='bbox 1448 1872 1670 1926; x_wconf 81' lang='lat' dir='ltr'><strong>festum.</strong></span> 
     </span>
    </p>
   </div>
   <div class='ocr_carea' id='block_1_24' title="bbox 101 1941 1670 2013">
    <p class='ocr_par' dir='ltr' id='par_1_24' title="bbox 101 1941 1670 2013">
     <span class='ocr_line' id='line_1_24' title="bbox 101 1941 1670 2013; baseline 0.004 -21"><span class='ocrx_word' id='word_1_152' title='bbox 101 1941 219 2009; x_wconf 84' lang='lat' dir='ltr'><strong>Quis</strong></span> <span class='ocrx_word' id='word_1_153' title='bbox 257 1942 308 1996; x_wconf 91' lang='lat' dir='ltr'><strong>id</strong></span> <span class='ocrx_word' id='word_1_154' title='bbox 362 1955 523 2013; x_wconf 81' lang='lat' dir='ltr'><strong>neget</strong></span> <span class='ocrx_word' id='word_1_155' title='bbox 567 1943 830 1998; x_wconf 82' lang='lat' dir='ltr'><strong>Jacobum</strong></span> <span class='ocrx_word' id='word_1_156' title='bbox 876 1944 1105 1998; x_wconf 78' lang='lat' dir='ltr'><strong>fecisse?</strong></span> <span class='ocrx_word' id='word_1_157' title='bbox 1154 1943 1326 1999; x_wconf 80' lang='lat' dir='ltr'><strong>Rudis</strong></span> <span class='ocrx_word' id='word_1_158' title='bbox 1378 1944 1670 1998; x_wconf 83' lang='lat' dir='ltr'><strong>admodum</strong></span> 
     </span>
    </p>
   </div>
   <div class='ocr_carea' id='block_1_25' title="bbox 101 2013 1674 2082">
    <p class='ocr_par' dir='ltr' id='par_1_25' title="bbox 101 2013 1674 2082">
     <span class='ocr_line' id='line_1_25' title="bbox 101 2013 1674 2082; baseline 0.003 -17"><span class='ocrx_word' id='word_1_159' title='bbox 101 2013 180 2066; x_wconf 90' lang='lat' dir='ltr'><strong>ille</strong></span> <span class='ocrx_word' id='word_1_160' title='bbox 206 2024 287 2068; x_wconf 91' lang='lat' dir='ltr'><strong>est</strong></span> <span class='ocrx_word' id='word_1_161' title='bbox 311 2018 400 2082; x_wconf 88' lang='lat' dir='ltr'><strong>qui</strong></span> <span class='ocrx_word' id='word_1_162' title='bbox 434 2018 640 2070; x_wconf 87' lang='lat' dir='ltr'><strong>nesciat</strong></span> <span class='ocrx_word' id='word_1_163' title='bbox 676 2014 1012 2068; x_wconf 91' lang='lat' dir='ltr'><strong>Dominicam</strong></span> <span class='ocrx_word' id='word_1_164' title='bbox 1043 2014 1412 2080; x_wconf 76' lang='lat' dir='ltr'><strong>Nativitatem,</strong></span> <span class='ocrx_word' id='word_1_165' title='bbox 1459 2015 1674 2070; x_wconf 82' lang='lat' dir='ltr'><strong>Passio-</strong></span> 
     </span>
    </p>
   </div>
   <div class='ocr_carea' id='block_1_26' title="bbox 103 2084 1674 2151">
    <p class='ocr_par' dir='ltr' id='par_1_26' title="bbox 103 2084 1674 2151">
     <span class='ocr_line' id='line_1_26' title="bbox 103 2084 1674 2151; baseline 0.003 -14"><span class='ocrx_word' id='word_1_166' title='bbox 103 2099 235 2151; x_wconf 88' lang='lat' dir='ltr'><strong>nem,</strong></span> <span class='ocrx_word' id='word_1_167' title='bbox 268 2084 770 2147; x_wconf 83' lang='lat' dir='ltr'><strong>Resurrectionem.</strong></span> <span class='ocrx_word' id='word_1_168' title='bbox 808 2097 862 2140; x_wconf 87' lang='lat' dir='ltr'><strong>et</strong></span> <span class='ocrx_word' id='word_1_169' title='bbox 910 2087 1344 2140; x_wconf 81' lang='lat' dir='ltr'><strong>lncaruatiOnem</strong></span> <span class='ocrx_word' id='word_1_170' title='bbox 1393 2087 1596 2149; x_wconf 83' lang='lat' dir='ltr'><strong>pariter</strong></span> <span class='ocrx_word' id='word_1_171' title='bbox 1642 2101 1674 2141; x_wconf 86' lang='lat' dir='ltr'><strong>a</strong></span> 
     </span>
    </p>
   </div>
   <div class='ocr_carea' id='block_1_27' title="bbox 107 2155 1672 2226">
    <p class='ocr_par' dir='ltr' id='par_1_27' title="bbox 107 2155 1672 2226">
     <span class='ocr_line' id='line_1_27' title="bbox 107 2155 1672 2226; baseline 0.002 -17"><span class='ocrx_word' id='word_1_172' title='bbox 107 2156 295 2210; x_wconf 76' lang='lat' dir='ltr'><strong>sanctis</strong></span> <span class='ocrx_word' id='word_1_173' title='bbox 345 2158 616 2226; x_wconf 81' lang='lat' dir='ltr'><strong>apostolis</strong></span> <span class='ocrx_word' id='word_1_174' title='bbox 663 2157 962 2212; x_wconf 87' lang='lat' dir='ltr'><strong>celebratas</strong></span> <span class='ocrx_word' id='word_1_175' title='bbox 1012 2167 1066 2210; x_wconf 87' lang='lat' dir='ltr'><strong>et</strong></span> <span class='ocrx_word' id='word_1_176' title='bbox 1129 2155 1402 2212; x_wconf 85' lang='lat' dir='ltr'><strong>celebrari</strong></span> <span class='ocrx_word' id='word_1_177' title='bbox 1451 2159 1672 2212; x_wconf 82' lang='lat' dir='ltr'><strong>edoctus</strong></span> 
     </span>
    </p>
   </div>
   <div class='ocr_carea' id='block_1_28' title="bbox 106 2226 1670 2294">
    <p class='ocr_par' dir='ltr' id='par_1_28' title="bbox 106 2226 1670 2294">
     <span class='ocr_line' id='line_1_28' title="bbox 106 2226 1670 2294; baseline 0.003 -17"><span class='ocrx_word' id='word_1_178' title='bbox 106 2226 152 2278; x_wconf 89' lang='lat' dir='ltr'><strong>in</strong></span> <span class='ocrx_word' id='word_1_179' title='bbox 176 2229 422 2283; x_wconf 87' lang='lat' dir='ltr'><strong>universo</strong></span> <span class='ocrx_word' id='word_1_180' title='bbox 453 2229 759 2284; x_wconf 86' lang='lat' dir='ltr'><strong>christiano</strong></span> <span class='ocrx_word' id='word_1_181' title='bbox 789 2228 944 2283; x_wconf 85' lang='lat' dir='ltr'><strong>orbe.</strong></span> <span class='ocrx_word' id='word_1_182' title='bbox 978 2229 1118 2294; x_wconf 83' lang='lat' dir='ltr'><strong>Ergo</strong></span> <span class='ocrx_word' id='word_1_183' title='bbox 1144 2239 1199 2282; x_wconf 88' lang='lat' dir='ltr'><strong>et</strong></span> <span class='ocrx_word' id='word_1_184' title='bbox 1222 2227 1457 2282; x_wconf 67' lang='lat' dir='ltr'><strong>lacubus</strong></span> <span class='ocrx_word' id='word_1_185' title='bbox 1487 2228 1542 2282; x_wconf 93' lang='lat' dir='ltr'><strong>in</strong></span> <span class='ocrx_word' id='word_1_186' title='bbox 1577 2228 1670 2282; x_wconf 81' lang='lat' dir='ltr'><strong>lli-</strong></span> 
     </span>
    </p>
   </div>
   <div class='ocr_carea' id='block_1_29' title="bbox 110 2298 1666 2368">
    <p class='ocr_par' dir='ltr' id='par_1_29' title="bbox 110 2298 1666 2368">
     <span class='ocr_line' id='line_1_29' title="bbox 110 2298 1666 2368; baseline 0.001 -18"><span class='ocrx_word' id='word_1_187' title='bbox 110 2298 328 2362; x_wconf 79' lang='lat' dir='ltr'><strong>Spaniis,</strong></span> <span class='ocrx_word' id='word_1_188' title='bbox 382 2314 508 2354; x_wconf 91' lang='lat' dir='ltr'><strong>cum</strong></span> <span class='ocrx_word' id='word_1_189' title='bbox 561 2299 898 2367; x_wconf 74' lang='lat' dir='ltr'><strong>evangelica:</strong></span> <span class='ocrx_word' id='word_1_190' title='bbox 938 2299 1313 2368; x_wconf 77' lang='lat' dir='ltr'><strong>praedicationi</strong></span> <span class='ocrx_word' id='word_1_191' title='bbox 1365 2299 1666 2366; x_wconf 87' lang='lat' dir='ltr'><strong>insistebat,</strong></span> 
     </span>
    </p>
   </div>
   <div class='ocr_carea' id='block_1_30' title="bbox 107 2367 1674 2440">
    <p class='ocr_par' dir='ltr' id='par_1_30' title="bbox 107 2367 1674 2440">
     <span class='ocr_line' id='line_1_30' title="bbox 107 2367 1674 2440; baseline 0.003 -20"><span class='ocrx_word' id='word_1_192' title='bbox 107 2367 456 2426; x_wconf 69' lang='lat' dir='ltr'><strong>idem&#39;lecisse</strong></span> <span class='ocrx_word' id='word_1_193' title='bbox 493 2371 804 2440; x_wconf 79' lang='lat' dir='ltr'><strong>credendus</strong></span> <span class='ocrx_word' id='word_1_194' title='bbox 843 2367 948 2424; x_wconf 85' lang='lat' dir='ltr'><strong>est.</strong></span> <span class='ocrx_word' id='word_1_195' title='bbox 1000 2370 1113 2424; x_wconf 81' lang='lat' dir='ltr'><strong>Hoc</strong></span> <span class='ocrx_word' id='word_1_196' title='bbox 1152 2371 1312 2440; x_wconf 81' lang='lat' dir='ltr'><strong>igitur</strong></span> <span class='ocrx_word' id='word_1_197' title='bbox 1353 2369 1577 2425; x_wconf 63' lang='lat' dir='ltr'><strong>illibatae</strong></span> <span class='ocrx_word' id='word_1_198' title='bbox 1618 2380 1674 2425; x_wconf 90' lang='lat' dir='ltr'><strong>et</strong></span> 
     </span>
    </p>
   </div>
   <div class='ocr_carea' id='block_1_31' title="bbox 106 2439 1672 2509">
    <p class='ocr_par' dir='ltr' id='par_1_31' title="bbox 106 2439 1672 2509">
     <span class='ocr_line' id='line_1_31' title="bbox 106 2439 1672 2509; baseline 0.003 -18"><span class='ocrx_word' id='word_1_199' title='bbox 106 2439 444 2509; x_wconf 80' lang='lat' dir='ltr'><strong>immaculata:</strong></span> <span class='ocrx_word' id='word_1_200' title='bbox 507 2439 900 2509; x_wconf 89' lang='lat' dir='ltr'><strong>Conceptionis</strong></span> <span class='ocrx_word' id='word_1_201' title='bbox 963 2441 1057 2494; x_wconf 91' lang='lat' dir='ltr'><strong>Dei</strong></span> <span class='ocrx_word' id='word_1_202' title='bbox 1128 2441 1422 2509; x_wconf 78' lang='lat' dir='ltr'><strong>genetricis</strong></span> <span class='ocrx_word' id='word_1_203' title='bbox 1485 2440 1672 2496; x_wconf 80' lang='lat' dir='ltr'><strong>Maria:</strong></span> 
     </span>
    </p>
   </div>
   <div class='ocr_carea' id='block_1_32' title="bbox 105 2507 1668 2580">
    <p class='ocr_par' dir='ltr' id='par_1_32' title="bbox 105 2507 1668 2580">
     <span class='ocr_line' id='line_1_32' title="bbox 105 2507 1668 2580; baseline 0.003 -18"><span class='ocrx_word' id='word_1_204' title='bbox 105 2507 276 2565; x_wconf 75' lang='lat' dir='ltr'><strong>festum</strong></span> <span class='ocrx_word' id='word_1_205' title='bbox 304 2527 333 2564; x_wconf 85' lang='lat' dir='ltr'><strong>a</strong></span> <span class='ocrx_word' id='word_1_206' title='bbox 380 2512 590 2568; x_wconf 73' lang='lat' dir='ltr'><strong>Destro</strong></span> <span class='ocrx_word' id='word_1_207' title='bbox 629 2507 1002 2580; x_wconf 82' lang='lat' dir='ltr'><strong>nuncupatur;</strong></span> <span class='ocrx_word' id='word_1_208' title='bbox 1035 2507 1424 2579; x_wconf 81' lang='lat' dir='ltr'><strong>Conceptionis</strong></span> <span class='ocrx_word' id='word_1_209' title='bbox 1472 2527 1668 2566; x_wconf 84' lang='lat' dir='ltr'><strong>nomen</strong></span> 
     </span>
    </p>
   </div>
   <div class='ocr_carea' id='block_1_33' title="bbox 107 2583 1668 2654">
    <p class='ocr_par' dir='ltr' id='par_1_33' title="bbox 107 2583 1668 2654">
     <span class='ocr_line' id='line_1_33' title="bbox 107 2583 1668 2654; baseline 0.004 -21"><span class='ocrx_word' id='word_1_210' title='bbox 107 2595 195 2654; x_wconf 80' lang='lat' dir='ltr'><strong>non</strong></span> <span class='ocrx_word' id='word_1_211' title='bbox 228 2584 276 2636; x_wconf 91' lang='lat' dir='ltr'><strong>in</strong></span> <span class='ocrx_word' id='word_1_212' title='bbox 305 2586 544 2652; x_wconf 83' lang='lat' dir='ltr'><strong>passiva,</strong></span> <span class='ocrx_word' id='word_1_213' title='bbox 573 2583 670 2638; x_wconf 88' lang='lat' dir='ltr'><strong>sed</strong></span> <span class='ocrx_word' id='word_1_214' title='bbox 706 2585 888 2638; x_wconf 87' lang='lat' dir='ltr'><strong>activa</strong></span> <span class='ocrx_word' id='word_1_215' title='bbox 921 2583 1321 2654; x_wconf 80' lang='lat' dir='ltr'><strong>signiﬁcatione</strong></span> <span class='ocrx_word' id='word_1_216' title='bbox 1348 2598 1622 2654; x_wconf 74' lang='lat' dir='ltr'><strong>usurpans</strong></span> <span class='ocrx_word' id='word_1_217' title='bbox 1653 2601 1668 2640; x_wconf 89' lang='lat'><strong>:</strong></span> 
     </span>
    </p>
   </div>
   <div class='ocr_carea' id='block_1_34' title="bbox 106 2650 1671 2724">
    <p class='ocr_par' dir='ltr' id='par_1_34' title="bbox 106 2650 1671 2724">
     <span class='ocr_line' id='line_1_34' title="bbox 106 2650 1671 2724; baseline 0.004 -21"><span class='ocrx_word' id='word_1_218' title='bbox 106 2650 150 2704; x_wconf 93' lang='lat' dir='ltr'><strong>id</strong></span> <span class='ocrx_word' id='word_1_219' title='bbox 177 2663 271 2718; x_wconf 88' lang='lat' dir='ltr'><strong>est,</strong></span> <span class='ocrx_word' id='word_1_220' title='bbox 302 2650 400 2723; x_wconf 87' lang='lat' dir='ltr'><strong>pro</strong></span> <span class='ocrx_word' id='word_1_221' title='bbox 432 2670 498 2710; x_wconf 88' lang='lat' dir='ltr'><strong>ea</strong></span> <span class='ocrx_word' id='word_1_222' title='bbox 539 2657 906 2724; x_wconf 85' lang='lat' dir='ltr'><strong>conceptione</strong></span> <span class='ocrx_word' id='word_1_223' title='bbox 935 2650 1040 2721; x_wconf 78' lang='lat' dir='ltr'><strong>qua</strong></span> <span class='ocrx_word' id='word_1_224' title='bbox 1077 2653 1308 2722; x_wconf 91' lang='lat' dir='ltr'><strong>Deipara</strong></span> <span class='ocrx_word' id='word_1_225' title='bbox 1346 2650 1512 2723; x_wconf 79' lang='lat' dir='ltr'><strong>Virgo</strong></span> <span class='ocrx_word' id='word_1_226' title='bbox 1549 2655 1671 2710; x_wconf 87' lang='lat' dir='ltr'><strong>sine</strong></span> 
     </span>
    </p>
   </div>
   <div class='ocr_carea' id='block_1_35' title="bbox 105 2723 1671 2782">
    <p class='ocr_par' dir='ltr' id='par_1_35' title="bbox 105 2723 1671 2782">
     <span class='ocr_line' id='line_1_35' title="bbox 105 2723 1671 2782; baseline 0.003 -8"><span class='ocrx_word' id='word_1_227' title='bbox 105 2726 290 2777; x_wconf 82' lang='lat' dir='ltr'><strong>macula</strong></span> <span class='ocrx_word' id='word_1_228' title='bbox 323 2739 377 2781; x_wconf 88' lang='lat' dir='ltr'><strong>et</strong></span> <span class='ocrx_word' id='word_1_229' title='bbox 406 2726 531 2782; x_wconf 86' lang='lat' dir='ltr'><strong>labe</strong></span> <span class='ocrx_word' id='word_1_230' title='bbox 555 2725 650 2780; x_wconf 89' lang='lat' dir='ltr'><strong>Dei</strong></span> <span class='ocrx_word' id='word_1_231' title='bbox 676 2725 873 2780; x_wconf 85' lang='lat' dir='ltr'><strong>Filium</strong></span> <span class='ocrx_word' id='word_1_232' title='bbox 902 2723 956 2778; x_wconf 92' lang='lat' dir='ltr'><strong>in</strong></span> <span class='ocrx_word' id='word_1_233' title='bbox 990 2723 1104 2779; x_wconf 85' lang='lat' dir='ltr'><strong>suis</strong></span> <span class='ocrx_word' id='word_1_234' title='bbox 1125 2725 1452 2780; x_wconf 87' lang='lat' dir='ltr'><strong>castissitnis</strong></span> <span class='ocrx_word' id='word_1_235' title='bbox 1474 2741 1671 2780; x_wconf 86' lang='lat' dir='ltr'><strong>concc-</strong></span> 
     </span>
    </p>
   </div>
   <div class='ocr_carea' id='block_1_36' title="bbox 105 2795 1667 2866">
    <p class='ocr_par' dir='ltr' id='par_1_36' title="bbox 105 2795 1667 2866">
     <span class='ocr_line' id='line_1_36' title="bbox 105 2795 1667 2866; baseline 0.002 -19"><span class='ocrx_word' id='word_1_236' title='bbox 105 2795 170 2866; x_wconf 83' lang='lat' dir='ltr'><strong>pit</strong></span> <span class='ocrx_word' id='word_1_237' title='bbox 200 2796 518 2866; x_wconf 74' lang='lat' dir='ltr'><strong>visceribus,</strong></span> <span class='ocrx_word' id='word_1_238' title='bbox 553 2813 658 2852; x_wconf 93' lang='lat' dir='ltr'><strong>non</strong></span> <span class='ocrx_word' id='word_1_239' title='bbox 695 2813 792 2862; x_wconf 91' lang='lat' dir='ltr'><strong>pro</strong></span> <span class='ocrx_word' id='word_1_240' title='bbox 832 2811 894 2852; x_wconf 87' lang='lat' dir='ltr'><strong>ea</strong></span> <span class='ocrx_word' id='word_1_241' title='bbox 927 2812 1031 2866; x_wconf 86' lang='lat' dir='ltr'><strong>qua</strong></span> <span class='ocrx_word' id='word_1_242' title='bbox 1058 2811 1088 2849; x_wconf 92' lang='lat' dir='ltr'><strong>a</strong></span> <span class='ocrx_word' id='word_1_243' title='bbox 1119 2795 1178 2849; x_wconf 85' lang='grc' dir='ltr'><strong>Β.</strong></span> <span class='ocrx_word' id='word_1_244' title='bbox 1209 2799 1364 2850; x_wconf 79' lang='lat' dir='ltr'><strong>Anna</strong></span> <span class='ocrx_word' id='word_1_245' title='bbox 1402 2806 1667 2863; x_wconf 87' lang='lat' dir='ltr'><strong>concepta</strong></span> 
     </span>
    </p>
   </div>
   <div class='ocr_carea' id='block_1_37' title="bbox 103 2864 1668 2939">
    <p class='ocr_par' dir='ltr' id='par_1_37' title="bbox 103 2864 1668 2939">
     <span class='ocr_line' id='line_1_37' title="bbox 103 2864 1668 2939; baseline 0.003 -22"><span class='ocrx_word' id='word_1_246' title='bbox 103 2864 205 2939; x_wconf 72' lang='lat' dir='ltr'><strong>luit.</strong></span> <span class='ocrx_word' id='word_1_247' title='bbox 233 2865 424 2939; x_wconf 12' lang='lat' dir='ltr'><strong>Neque,</strong></span> <span class='ocrx_word' id='word_1_248' title='bbox 447 2883 580 2922; x_wconf 83' lang='lat' dir='ltr'><strong>vero</strong></span> <span class='ocrx_word' id='word_1_249' title='bbox 609 2870 731 2939; x_wconf 91' lang='lat' dir='ltr'><strong>quis</strong></span> <span class='ocrx_word' id='word_1_250' title='bbox 762 2864 1015 2936; x_wconf 45' lang='lat' dir='ltr'><strong>putet,&#39;in</strong></span> <span class='ocrx_word' id='word_1_251' title='bbox 1045 2867 1285 2939; x_wconf 86' lang='lat' dir='ltr'><strong>alienum</strong></span> <span class='ocrx_word' id='word_1_252' title='bbox 1315 2882 1536 2939; x_wconf 81' lang='lat' dir='ltr'><strong>sensum</strong></span> <span class='ocrx_word' id='word_1_253' title='bbox 1569 2884 1668 2921; x_wconf 90' lang='lat' dir='ltr'><strong>nos</strong></span> 
     </span>
    </p>
   </div>
   <div class='ocr_carea' id='block_1_38' title="bbox 102 2937 1670 3008">
    <p class='ocr_par' dir='ltr' id='par_1_38' title="bbox 102 2937 1670 3008">
     <span class='ocr_line' id='line_1_38' title="bbox 102 2937 1670 3008; baseline 0.004 -21"><span class='ocrx_word' id='word_1_254' title='bbox 102 2937 253 2990; x_wconf 76' lang='lat' dir='ltr'><strong>verba</strong></span> <span class='ocrx_word' id='word_1_255' title='bbox 288 2937 541 3004; x_wconf 65' lang='lat' dir='ltr'><strong>praedicta</strong></span> <span class='ocrx_word' id='word_1_256' title='bbox 584 2937 974 3008; x_wconf 82' lang='lat' dir='ltr'><strong>contorquere,</strong></span> <span class='ocrx_word' id='word_1_257' title='bbox 1011 2954 1078 2993; x_wconf 90' lang='lat' dir='ltr'><strong>eo</strong></span> <span class='ocrx_word' id='word_1_258' title='bbox 1113 2937 1258 3004; x_wconf 89' lang='lat' dir='ltr'><strong>quod</strong></span> <span class='ocrx_word' id='word_1_259' title='bbox 1303 2937 1485 3008; x_wconf 80' lang='lat' dir='ltr'><strong>videat</strong></span> <span class='ocrx_word' id='word_1_260' title='bbox 1526 2954 1670 2993; x_wconf 92' lang='lat' dir='ltr'><strong>nunc</strong></span> 
     </span>
    </p>
   </div>
   <div class='ocr_carea' id='block_1_39' title="bbox 101 3007 1665 3080">
    <p class='ocr_par' dir='ltr' id='par_1_39' title="bbox 101 3007 1665 3080">
     <span class='ocr_line' id='line_1_39' title="bbox 101 3007 1665 3080; baseline 0.001 -18"><span class='ocrx_word' id='word_1_261' title='bbox 101 3009 350 3080; x_wconf 79' lang='lat' dir='ltr'><strong>temporis</strong></span> <span class='ocrx_word' id='word_1_262' title='bbox 384 3010 764 3080; x_wconf 85' lang='lat' dir='ltr'><strong>conceptionis</strong></span> <span class='ocrx_word' id='word_1_263' title='bbox 806 3025 1029 3074; x_wconf 90' lang='lat' dir='ltr'><strong>nomen,</strong></span> <span class='ocrx_word' id='word_1_264' title='bbox 1059 3023 1183 3064; x_wconf 89' lang='lat' dir='ltr'><strong>cum</strong></span> <span class='ocrx_word' id='word_1_265' title='bbox 1215 3008 1278 3075; x_wconf 72' lang='grc' dir='ltr'><strong>Β,</strong></span> <span class='ocrx_word' id='word_1_266' title='bbox 1316 3007 1521 3078; x_wconf 81' lang='lat' dir='ltr'><strong>Virgini</strong></span> <span class='ocrx_word' id='word_1_267' title='bbox 1565 3014 1665 3064; x_wconf 88' lang='lat' dir='ltr'><strong>tri-</strong></span> 
     </span>
    </p>
   </div>
   <div class='ocr_carea' id='block_1_40' title="bbox 101 3078 1666 3151">
    <p class='ocr_par' dir='ltr' id='par_1_40' title="bbox 101 3078 1666 3151">
     <span class='ocr_line' id='line_1_40' title="bbox 101 3078 1666 3151; baseline 0.003 -19"><span class='ocrx_word' id='word_1_268' title='bbox 101 3078 288 3151; x_wconf 84' lang='lat' dir='ltr'><strong>buitur,</strong></span> <span class='ocrx_word' id='word_1_269' title='bbox 323 3079 377 3134; x_wconf 90' lang='lat' dir='ltr'><strong>in</strong></span> <span class='ocrx_word' id='word_1_270' title='bbox 408 3078 680 3149; x_wconf 69' lang='lat' dir='ltr'><strong>passivum</strong></span> <span class='ocrx_word' id='word_1_271' title='bbox 724 3081 898 3151; x_wconf 82' lang='lat' dir='ltr'><strong>accipi</strong></span> <span class='ocrx_word' id='word_1_272' title='bbox 933 3095 1193 3144; x_wconf 88' lang='lat' dir='ltr'><strong>sensum;</strong></span> <span class='ocrx_word' id='word_1_273' title='bbox 1227 3080 1358 3135; x_wconf 92' lang='lat' dir='ltr'><strong>olim</strong></span> <span class='ocrx_word' id='word_1_274' title='bbox 1397 3080 1666 3150; x_wconf 84' lang='lat' dir='ltr'><strong>siquidem</strong></span> 
     </span>
    </p>
   </div>
   <div class='ocr_carea' id='block_1_41' title="bbox 102 3147 1666 3222">
    <p class='ocr_par' dir='ltr' id='par_1_41' title="bbox 102 3147 1666 3222">
     <span class='ocr_line' id='line_1_41' title="bbox 102 3147 1666 3222; baseline 0.003 -20"><span class='ocrx_word' id='word_1_275' title='bbox 102 3147 148 3204; x_wconf 88' lang='lat' dir='ltr'><strong>in</strong></span> <span class='ocrx_word' id='word_1_276' title='bbox 173 3147 600 3222; x_wconf 31' lang='lat' dir='ltr'><strong>activum-accipi</strong></span> <span class='ocrx_word' id='word_1_277' title='bbox 622 3147 867 3217; x_wconf 70' lang='lat' dir='ltr'><strong>solitum,</strong></span> <span class='ocrx_word' id='word_1_278' title='bbox 893 3154 1061 3206; x_wconf 90' lang='lat' dir='ltr'><strong>multa</strong></span> <span class='ocrx_word' id='word_1_279' title='bbox 1092 3147 1477 3206; x_wconf 73' lang='lat' dir='ltr'><strong>demonstrant</strong></span> <span class='ocrx_word' id='word_1_280' title='bbox 1499 3168 1666 3221; x_wconf 88' lang='lat' dir='ltr'><strong>argu-</strong></span> 
     </span>
    </p>
   </div>
   <div class='ocr_carea' id='block_1_42' title="bbox 103 3226 1664 3290">
    <p class='ocr_par' dir='ltr' id='par_1_42' title="bbox 103 3226 1664 3290">
     <span class='ocr_line' id='line_1_42' title="bbox 103 3226 1664 3290; baseline 0.004 -16"><span class='ocrx_word' id='word_1_281' title='bbox 103 3231 262 3275; x_wconf 84' lang='lat' dir='ltr'><strong>menta</strong></span> <span class='ocrx_word' id='word_1_282' title='bbox 303 3240 318 3277; x_wconf 90' lang='lat'><strong>:</strong></span> <span class='ocrx_word' id='word_1_283' title='bbox 361 3238 486 3277; x_wconf 88' lang='lat' dir='ltr'><strong>nam</strong></span> <span class='ocrx_word' id='word_1_284' title='bbox 531 3233 591 3278; x_wconf 89' lang='lat' dir='ltr'><strong>ut</strong></span> <span class='ocrx_word' id='word_1_285' title='bbox 632 3226 951 3279; x_wconf 88' lang='lat' dir='ltr'><strong>omittamus</strong></span> <span class='ocrx_word' id='word_1_286' title='bbox 994 3238 1062 3279; x_wconf 93' lang='lat' dir='ltr'><strong>eo</strong></span> <span class='ocrx_word' id='word_1_287' title='bbox 1109 3238 1272 3278; x_wconf 90' lang='lat' dir='ltr'><strong>sensu</strong></span> <span class='ocrx_word' id='word_1_288' title='bbox 1313 3233 1594 3290; x_wconf 91' lang='lat' dir='ltr'><strong>acceptum</strong></span> <span class='ocrx_word' id='word_1_289' title='bbox 1634 3241 1664 3280; x_wconf 90' lang='lat' dir='ltr'><strong>a</strong></span> 
     </span>
    </p>
   </div>
   <div class='ocr_carea' id='block_1_43' title="bbox 102 3291 1664 3365">
    <p class='ocr_par' dir='ltr' id='par_1_43' title="bbox 102 3291 1664 3365">
     <span class='ocr_line' id='line_1_43' title="bbox 102 3291 1664 3365; baseline 0.003 -20"><span class='ocrx_word' id='word_1_290' title='bbox 102 3291 334 3365; x_wconf 69' lang='lat' dir='ltr'><strong>Doiuioo,</strong></span> <span class='ocrx_word' id='word_1_291' title='bbox 392 3310 516 3349; x_wconf 88' lang='lat' dir='ltr'><strong>cum</strong></span> <span class='ocrx_word' id='word_1_292' title='bbox 581 3295 651 3350; x_wconf 91' lang='lat' dir='ltr'><strong>de</strong></span> <span class='ocrx_word' id='word_1_293' title='bbox 718 3297 924 3364; x_wconf 87' lang='lat' dir='ltr'><strong>peccati</strong></span> <span class='ocrx_word' id='word_1_294' title='bbox 994 3294 1278 3364; x_wconf 87' lang='lat' dir='ltr'><strong>originalis</strong></span> <span class='ocrx_word' id='word_1_295' title='bbox 1338 3308 1499 3362; x_wconf 65' lang='lat' dir='ltr'><strong>pinna</strong></span> <span class='ocrx_word' id='word_1_296' title='bbox 1555 3297 1664 3365; x_wconf 86' lang='lat' dir='ltr'><strong>egit</strong></span> 
     </span>
    </p>
   </div>
   <div class='ocr_carea' id='block_1_44' title="bbox 1778 661 3381 747">
    <p class='ocr_par' dir='ltr' id='par_1_44' title="bbox 1778 661 3381 747">
     <span class='ocr_line' id='line_1_44' title="bbox 1778 661 3381 747; baseline 0.011 -32"><span class='ocrx_word' id='word_1_297' title='bbox 1778 661 2000 747; x_wconf 52' lang='lat' dir='ltr'><strong>Remitte</strong></span> <span class='ocrx_word' id='word_1_298' title='bbox 2027 665 2154 722; x_wconf 85' lang='lat' dir='ltr'><strong>Jesu</strong></span> <span class='ocrx_word' id='word_1_299' title='bbox 2181 661 2414 742; x_wconf 74' lang='lat' dir='ltr'><strong>Christe,</strong></span> <span class='ocrx_word' id='word_1_300' title='bbox 2447 676 2536 740; x_wconf 89' lang='lat' dir='ltr'><strong>qui</strong></span> <span class='ocrx_word' id='word_1_301' title='bbox 2569 677 2641 730; x_wconf 80' lang='lat' dir='ltr'><strong>sic</strong></span> <span class='ocrx_word' id='word_1_302' title='bbox 2674 661 2937 746; x_wconf 76' lang='lat' dir='ltr'><strong>Virginem</strong></span> <span class='ocrx_word' id='word_1_303' title='bbox 2964 661 3181 731; x_wconf 75' lang='lat' dir='ltr'><strong>matrem</strong></span> <span class='ocrx_word' id='word_1_304' title='bbox 3210 661 3381 732; x_wconf 50' lang='lat' dir='ltr'><strong>nono;-</strong></span> 
     </span>
    </p>
   </div>
   <div class='ocr_carea' id='block_1_45' title="bbox 1778 735 3382 819">
    <p class='ocr_par' dir='ltr' id='par_1_45' title="bbox 1778 735 3382 819">
     <span class='ocr_line' id='line_1_45' title="bbox 1778 735 3382 819; baseline 0.01 -33"><span class='ocrx_word' id='word_1_305' title='bbox 1778 735 2021 819; x_wconf 8' lang='lat' dir='ltr'><strong>riﬁcaﬁsti,</strong></span> <span class='ocrx_word' id='word_1_306' title='bbox 2067 756 2330 819; x_wconf 68' lang='lat' dir='ltr'><strong>quousque</strong></span> <span class='ocrx_word' id='word_1_307' title='bbox 2383 735 2884 819; x_wconf 13' lang='lat' dir='ltr'><strong>conceptionisrejus</strong></span> <span class='ocrx_word' id='word_1_308' title='bbox 2924 749 3117 819; x_wconf 82' lang='lat' dir='ltr'><strong>gratia,</strong></span> <span class='ocrx_word' id='word_1_309' title='bbox 3154 766 3266 802; x_wconf 87' lang='lat' dir='ltr'><strong>eam</strong></span> <span class='ocrx_word' id='word_1_310' title='bbox 3295 767 3382 802; x_wconf 79' lang='lat' dir='ltr'><strong>co-</strong></span> 
     </span>
    </p>
   </div>
   <div class='ocr_carea' id='block_1_46' title="bbox 1777 809 3376 885">
    <p class='ocr_par' dir='ltr' id='par_1_46' title="bbox 1777 809 3376 885">
     <span class='ocr_line' id='line_1_46' title="bbox 1777 809 3376 885; baseline 0.01 -27"><span class='ocrx_word' id='word_1_311' title='bbox 1777 823 1888 885; x_wconf 60' lang='lat' dir='ltr'><strong>ram</strong></span> <span class='ocrx_word' id='word_1_312' title='bbox 1916 818 1964 885; x_wconf 83' lang='lat' dir='ltr'><strong>te_</strong></span> <span class='ocrx_word' id='word_1_313' title='bbox 2001 809 2416 880; x_wconf 74' lang='lat' dir='ltr'><strong>su/fragatricem</strong></span> <span class='ocrx_word' id='word_1_314' title='bbox 2446 809 2901 885; x_wconf 75' lang='lat' dir='ltr'><strong>incomparabilem</strong></span> <span class='ocrx_word' id='word_1_315' title='bbox 2925 809 3240 882; x_wconf 74' lang='lat' dir='ltr'><strong>invenimus.</strong></span> <span class='ocrx_word' id='word_1_316' title='bbox 3269 829 3376 874; x_wconf 85' lang='lat' dir='ltr'><strong>etc.</strong></span> 
     </span>
    </p>
   </div>
   <div class='ocr_carea' id='block_1_47' title="bbox 1779 875 3379 954">
    <p class='ocr_par' dir='ltr' id='par_1_47' title="bbox 1779 875 3379 954">
     <span class='ocr_line' id='line_1_47' title="bbox 1779 875 3379 954; baseline 0.011 -26"><span class='ocrx_word' id='word_1_317' title='bbox 1779 875 2094 954; x_wconf 63' lang='lat' dir='ltr'><strong>invenimus</strong></span> <span class='ocrx_word' id='word_1_318' title='bbox 2120 875 2269 954; x_wconf 75' lang='lat' dir='ltr'><strong>certe</strong></span> <span class='ocrx_word' id='word_1_319' title='bbox 2297 899 2418 938; x_wconf 87' lang='lat' dir='ltr'><strong>eam</strong></span> <span class='ocrx_word' id='word_1_320' title='bbox 2445 875 2900 954; x_wconf 64' lang='lat' dir='ltr'><strong>Sttﬂ‘ragatricem,</strong></span> <span class='ocrx_word' id='word_1_321' title='bbox 2928 888 3054 943; x_wconf 90' lang='lat' dir='ltr'><strong>dum</strong></span> <span class='ocrx_word' id='word_1_322' title='bbox 3106 890 3200 944; x_wconf 87' lang='lat' dir='ltr'><strong>Dei</strong></span> <span class='ocrx_word' id='word_1_323' title='bbox 3231 875 3379 944; x_wconf 44' lang='lat' dir='ltr'><strong>&#39;Ver-</strong></span> 
     </span>
    </p>
   </div>
   <div class='ocr_carea' id='block_1_48' title="bbox 1778 947 3378 1030">
    <p class='ocr_par' dir='ltr' id='par_1_48' title="bbox 1778 947 3378 1030">
     <span class='ocr_line' id='line_1_48' title="bbox 1778 947 3378 1030; baseline 0.009 -29"><span class='ocrx_word' id='word_1_324' title='bbox 1778 947 1920 1030; x_wconf 81' lang='lat' dir='ltr'><strong>bum_</strong></span> <span class='ocrx_word' id='word_1_325' title='bbox 1946 951 2217 1030; x_wconf 57' lang='lat' dir='ltr'><strong>concepit,</strong></span> <span class='ocrx_word' id='word_1_326' title='bbox 2250 970 2356 1030; x_wconf 84' lang='lat' dir='ltr'><strong>non</strong></span> <span class='ocrx_word' id='word_1_327' title='bbox 2398 971 2531 1010; x_wconf 89' lang='lat' dir='ltr'><strong>vero</strong></span> <span class='ocrx_word' id='word_1_328' title='bbox 2558 947 2685 1012; x_wconf 63' lang='lat' dir='ltr'><strong>dum</strong></span> <span class='ocrx_word' id='word_1_329' title='bbox 2727 947 2999 1030; x_wconf 16' lang='lat' dir='ltr'><strong>concepta,</strong></span> <span class='ocrx_word' id='word_1_330' title='bbox 3019 969 3121 1013; x_wconf 89' lang='lat' dir='ltr'><strong>est.</strong></span> <span class='ocrx_word' id='word_1_331' title='bbox 3153 961 3378 1029; x_wconf 87' lang='lat' dir='ltr'><strong>Insuper</strong></span> 
     </span>
    </p>
   </div>
   <div class='ocr_carea' id='block_1_49' title="bbox 1781 1020 3378 1096">
    <p class='ocr_par' dir='ltr' id='par_1_49' title="bbox 1781 1020 3378 1096">
     <span class='ocr_line' id='line_1_49' title="bbox 1781 1020 3378 1096; baseline 0.009 -24"><span class='ocrx_word' id='word_1_332' title='bbox 1781 1020 1834 1096; x_wconf 83' lang='lat' dir='ltr'><strong>i_n</strong></span> <span class='ocrx_word' id='word_1_333' title='bbox 1870 1020 2012 1096; x_wconf 78' lang='lat' dir='ltr'><strong>idem</strong></span> <span class='ocrx_word' id='word_1_334' title='bbox 2044 1020 2260 1087; x_wconf 85' lang='lat' dir='ltr'><strong>reeidit,</strong></span> <span class='ocrx_word' id='word_1_335' title='bbox 2286 1027 2338 1096; x_wconf 84' lang='lat' dir='ltr'><strong>si</strong></span> <span class='ocrx_word' id='word_1_336' title='bbox 2369 1042 2557 1081; x_wconf 85' lang='lat' dir='ltr'><strong>verum</strong></span> <span class='ocrx_word' id='word_1_337' title='bbox 2591 1038 2675 1083; x_wconf 90' lang='lat' dir='ltr'><strong>est</strong></span> <span class='ocrx_word' id='word_1_338' title='bbox 2704 1029 2847 1096; x_wconf 90' lang='lat' dir='ltr'><strong>quod</strong></span> <span class='ocrx_word' id='word_1_339' title='bbox 2885 1020 2948 1083; x_wconf 78' lang='lat' dir='ltr'><strong>ex</strong></span> <span class='ocrx_word' id='word_1_340' title='bbox 2987 1029 3155 1084; x_wconf 85' lang='lat' dir='ltr'><strong>Paulo</strong></span> <span class='ocrx_word' id='word_1_341' title='bbox 3178 1020 3378 1085; x_wconf 63' lang='lat' dir='ltr'><strong>Oru&#39;sio</strong></span> 
     </span>
    </p>
   </div>
   <div class='ocr_carea' id='block_1_50' title="bbox 1780 1089 3376 1168">
    <p class='ocr_par' dir='ltr' id='par_1_50' title="bbox 1780 1089 3376 1168">
     <span class='ocr_line' id='line_1_50' title="bbox 1780 1089 3376 1168; baseline 0.008 -24"><span class='ocrx_word' id='word_1_342' title='bbox 1780 1089 1967 1168; x_wconf 73' lang='lat' dir='ltr'><strong>Dextri</strong></span> <span class='ocrx_word' id='word_1_343' title='bbox 1993 1108 2182 1168; x_wconf 65' lang='lat' dir='ltr'><strong>cogevo</strong></span> <span class='ocrx_word' id='word_1_344' title='bbox 2212 1095 2456 1151; x_wconf 81' lang='lat' dir='ltr'><strong>referunt</strong></span> <span class='ocrx_word' id='word_1_345' title='bbox 2486 1089 2780 1154; x_wconf 82' lang='lat' dir='ltr'><strong>Mauricius</strong></span> <span class='ocrx_word' id='word_1_346' title='bbox 2811 1099 2880 1152; x_wconf 91' lang='lat' dir='ltr'><strong>de</strong></span> <span class='ocrx_word' id='word_1_347' title='bbox 2926 1098 3291 1168; x_wconf 88' lang='lat' dir='ltr'><strong>Villaprobata</strong></span> <span class='ocrx_word' id='word_1_348' title='bbox 3323 1103 3376 1156; x_wconf 92' lang='lat' dir='ltr'><strong>in</strong></span> 
     </span>
    </p>
   </div>
   <div class='ocr_carea' id='block_1_51' title="bbox 1777 1160 3377 1228">
    <p class='ocr_par' dir='ltr' id='par_1_51' title="bbox 1777 1160 3377 1228">
     <span class='ocr_line' id='line_1_51' title="bbox 1777 1160 3377 1228; baseline 0.009 -14"><span class='ocrx_word' id='word_1_349' title='bbox 1777 1160 2018 1228; x_wconf 86' lang='lat' dir='ltr'><strong>Corona,</strong></span> <span class='ocrx_word' id='word_1_350' title='bbox 2068 1165 2307 1222; x_wconf 80' lang='lat' dir='ltr'><strong>Mariana</strong></span> <span class='ocrx_word' id='word_1_351' title='bbox 2359 1168 2541 1224; x_wconf 88' lang='lat' dir='ltr'><strong>Serm.</strong></span> <span class='ocrx_word' id='word_1_352' title='bbox 2602 1169 2670 1225; x_wconf 83' lang='grc'>16</span> <span class='ocrx_word' id='word_1_353' title='bbox 2714 1181 2769 1225; x_wconf 92' lang='lat' dir='ltr'><strong>et</strong></span> <span class='ocrx_word' id='word_1_354' title='bbox 2812 1160 3176 1225; x_wconf 57' lang='lat' dir='ltr'><strong>Bernardi&#39;uus</strong></span> <span class='ocrx_word' id='word_1_355' title='bbox 3226 1171 3377 1228; x_wconf 87' lang='lat' dir='ltr'><strong>Busti</strong></span> 
     </span>
    </p>
   </div>
   <div class='ocr_carea' id='block_1_52' title="bbox 1778 1230 3374 1312">
    <p class='ocr_par' dir='ltr' id='par_1_52' title="bbox 1778 1230 3374 1312">
     <span class='ocr_line' id='line_1_52' title="bbox 1778 1230 3374 1312; baseline 0.006 -25"><span class='ocrx_word' id='word_1_356' title='bbox 1778 1230 1956 1312; x_wconf 84' lang='lat' dir='ltr'><strong>Serm.</strong></span> <span class='ocrx_word' id='word_1_357' title='bbox 2007 1237 2040 1290; x_wconf 90' lang='lat'><strong>8</strong></span> <span class='ocrx_word' id='word_1_358' title='bbox 2082 1235 2151 1312; x_wconf 84' lang='lat' dir='ltr'><strong>de</strong></span> <span class='ocrx_word' id='word_1_359' title='bbox 2190 1236 2453 1312; x_wconf 13' lang='lat' dir='ltr'><strong>Cgoncept.</strong></span> <span class='ocrx_word' id='word_1_360' title='bbox 2497 1255 2613 1309; x_wconf 89' lang='lat' dir='ltr'><strong>par.</strong></span> <span class='ocrx_word' id='word_1_361' title='bbox 2645 1243 2680 1296; x_wconf 78' lang='lat'><strong>5</strong></span> <span class='ocrx_word' id='word_1_362' title='bbox 2709 1241 2996 1312; x_wconf 78' lang='lat' dir='ltr'><strong>scripsisse</strong></span> <span class='ocrx_word' id='word_1_363' title='bbox 3024 1241 3278 1297; x_wconf 87' lang='lat' dir='ltr'><strong>videlicet</strong></span> <span class='ocrx_word' id='word_1_364' title='bbox 3319 1243 3374 1297; x_wconf 92' lang='lat' dir='ltr'><strong>in</strong></span> 
     </span>
    </p>
   </div>
   <div class='ocr_carea' id='block_1_53' title="bbox 1779 1304 3378 1384">
    <p class='ocr_par' dir='ltr' id='par_1_53' title="bbox 1779 1304 3378 1384">
     <span class='ocr_line' id='line_1_53' title="bbox 1779 1304 3378 1384; baseline 0.009 -29"><span class='ocrx_word' id='word_1_365' title='bbox 1779 1304 2010 1384; x_wconf 74' lang='lat' dir='ltr'><strong>quadam</strong></span> <span class='ocrx_word' id='word_1_366' title='bbox 2043 1307 2275 1384; x_wconf 72' lang='lat' dir='ltr'><strong>epistgla</strong></span> <span class='ocrx_word' id='word_1_367' title='bbox 2305 1304 2648 1384; x_wconf 52' lang='lat' dir='ltr'><strong>ad&#39;san&#39;ctam</strong></span> <span class='ocrx_word' id='word_1_368' title='bbox 2673 1304 3025 1367; x_wconf 80' lang='lat' dir='ltr'><strong>Eustochium</strong></span> <span class='ocrx_word' id='word_1_369' title='bbox 3059 1313 3378 1384; x_wconf 82' lang='lat' dir='ltr'><strong>Hieronymi</strong></span> 
     </span>
    </p>
   </div>
   <div class='ocr_carea' id='block_1_54' title="bbox 1777 1373 3372 1455">
    <p class='ocr_par' dir='ltr' id='par_1_54' title="bbox 1777 1373 3372 1455">
     <span class='ocr_line' id='line_1_54' title="bbox 1777 1373 3372 1455; baseline 0.006 -27"><span class='ocrx_word' id='word_1_370' title='bbox 1777 1373 2099 1455; x_wconf 75' lang='lat' dir='ltr'><strong>discipulam</strong></span> <span class='ocrx_word' id='word_1_371' title='bbox 2131 1396 2145 1432; x_wconf 87' lang='lat'><strong>:</strong></span> <span class='ocrx_word' id='word_1_372' title='bbox 2174 1377 2497 1455; x_wconf 22' lang='lat' dir='ltr'><strong>GaramADeo</strong></span> <span class='ocrx_word' id='word_1_373' title='bbox 2532 1383 2672 1450; x_wconf 85' lang='lat' dir='ltr'><strong>novi,</strong></span> <span class='ocrx_word' id='word_1_374' title='bbox 2709 1392 2759 1436; x_wconf 81' lang='lat' dir='ltr'><strong>et</strong></span> <span class='ocrx_word' id='word_1_375' title='bbox 2795 1383 2852 1455; x_wconf 81' lang='lat' dir='ltr'><strong>in</strong></span> <span class='ocrx_word' id='word_1_376' title='bbox 2888 1385 3098 1437; x_wconf 81' lang='lat' dir='ltr'><strong>veritate</strong></span> <span class='ocrx_word' id='word_1_377' title='bbox 3127 1373 3372 1455; x_wconf 63' lang='lat' dir='ltr'><strong>comperi,</strong></span> 
     </span>
    </p>
   </div>
   <div class='ocr_carea' id='block_1_55' title="bbox 1777 1447 3378 1526">
    <p class='ocr_par' dir='ltr' id='par_1_55' title="bbox 1777 1447 3378 1526">
     <span class='ocr_line' id='line_1_55' title="bbox 1777 1447 3378 1526; baseline 0.007 -29"><span class='ocrx_word' id='word_1_378' title='bbox 1777 1447 1915 1526; x_wconf 66' lang='lat' dir='ltr'><strong>quod</strong></span> <span class='ocrx_word' id='word_1_379' title='bbox 1954 1447 2099 1526; x_wconf 63' lang='lat' dir='ltr'><strong>nulla</strong></span> <span class='ocrx_word' id='word_1_380' title='bbox 2131 1449 2326 1526; x_wconf 73' lang='lat' dir='ltr'><strong>mulier</strong></span> <span class='ocrx_word' id='word_1_381' title='bbox 2356 1453 2415 1526; x_wconf 77' lang='lat' dir='ltr'><strong>in</strong></span> <span class='ocrx_word' id='word_1_382' title='bbox 2442 1465 2614 1526; x_wconf 80' lang='lat' dir='ltr'><strong>partu</strong></span> <span class='ocrx_word' id='word_1_383' title='bbox 2653 1447 2999 1526; x_wconf 62' lang='lat' dir='ltr'><strong>periclitatur,</strong></span> <span class='ocrx_word' id='word_1_384' title='bbox 3037 1472 3192 1526; x_wconf 80' lang='lat' dir='ltr'><strong>super</strong></span> <span class='ocrx_word' id='word_1_385' title='bbox 3219 1447 3378 1525; x_wconf 71' lang='lat' dir='ltr'><strong>quam</strong></span> 
     </span>
    </p>
   </div>
   <div class='ocr_carea' id='block_1_56' title="bbox 1778 1517 3375 1597">
    <p class='ocr_par' dir='ltr' id='par_1_56' title="bbox 1778 1517 3375 1597">
     <span class='ocr_line' id='line_1_56' title="bbox 1778 1517 3375 1597; baseline 0.008 -29"><span class='ocrx_word' id='word_1_386' title='bbox 1778 1517 1957 1597; x_wconf 78' lang='lat' dir='ltr'><strong>devote</strong></span> <span class='ocrx_word' id='word_1_387' title='bbox 1987 1518 2191 1597; x_wconf 51' lang='lat' dir='ltr'><strong>diaria:</strong></span> <span class='ocrx_word' id='word_1_388' title='bbox 2229 1523 2402 1594; x_wconf 87' lang='lat' dir='ltr'><strong>gratia</strong></span> <span class='ocrx_word' id='word_1_389' title='bbox 2433 1517 2768 1597; x_wconf 65' lang='lat' dir='ltr'><strong>imploratur,</strong></span> <span class='ocrx_word' id='word_1_390' title='bbox 2804 1534 2850 1597; x_wconf 84' lang='lat' dir='ltr'><strong>et</strong></span> <span class='ocrx_word' id='word_1_391' title='bbox 2891 1525 2999 1578; x_wconf 91' lang='lat' dir='ltr'><strong>dies</strong></span> <span class='ocrx_word' id='word_1_392' title='bbox 3028 1517 3375 1597; x_wconf 78' lang='lat' dir='ltr'><strong>conceptionis</strong></span> 
     </span>
    </p>
   </div>
   <div class='ocr_carea' id='block_1_57' title="bbox 1778 1589 3375 1668">
    <p class='ocr_par' dir='ltr' id='par_1_57' title="bbox 1778 1589 3375 1668">
     <span class='ocr_line' id='line_1_57' title="bbox 1778 1589 3375 1668; baseline 0.008 -29"><span class='ocrx_word' id='word_1_393' title='bbox 1778 1592 1892 1668; x_wconf 58' lang='lat' dir='ltr'><strong>ejus</strong></span> <span class='ocrx_word' id='word_1_394' title='bbox 1920 1589 2252 1668; x_wconf 73' lang='lat' dir='ltr'><strong>celebratur</strong></span> <span class='ocrx_word' id='word_1_395' title='bbox 2279 1589 2782 1668; x_wconf 71' lang='lat' dir='ltr'><strong>quiattddttimirttiit</strong></span> <span class='ocrx_word' id='word_1_396' title='bbox 2807 1595 3156 1668; x_wconf 89' lang='lat' dir='ltr'><strong>sinepudore</strong></span> <span class='ocrx_word' id='word_1_397' title='bbox 3177 1589 3375 1668; x_wconf 71' lang='lat' dir='ltr'><strong>conce-</strong></span> 
     </span>
    </p>
   </div>
   <div class='ocr_carea' id='block_1_58' title="bbox 1780 1664 3373 1734">
    <p class='ocr_par' dir='ltr' id='par_1_58' title="bbox 1780 1664 3373 1734">
     <span class='ocr_line' id='line_1_58' title="bbox 1780 1664 3373 1734; baseline 0.006 -24"><span class='ocrx_word' id='word_1_398' title='bbox 1780 1664 1880 1726; x_wconf 88' lang='lat' dir='ltr'><strong>pit,</strong></span> <span class='ocrx_word' id='word_1_399' title='bbox 1906 1671 1973 1734; x_wconf 83' lang='lat' dir='ltr'><strong>ut</strong></span> <span class='ocrx_word' id='word_1_400' title='bbox 2019 1665 2137 1714; x_wconf 86' lang='lat' dir='ltr'><strong>sine</strong></span> <span class='ocrx_word' id='word_1_401' title='bbox 2169 1664 2358 1718; x_wconf 90' lang='lat' dir='ltr'><strong>dolore</strong></span> <span class='ocrx_word' id='word_1_402' title='bbox 2403 1676 2640 1734; x_wconf 90' lang='lat' dir='ltr'><strong>pareret.</strong></span> <span class='ocrx_word' id='word_1_403' title='bbox 2693 1667 2817 1721; x_wconf 76' lang='lat' dir='ltr'><strong>llmc</strong></span> <span class='ocrx_word' id='word_1_404' title='bbox 2860 1667 3002 1720; x_wconf 90' lang='lat' dir='ltr'><strong>enim</strong></span> <span class='ocrx_word' id='word_1_405' title='bbox 3034 1675 3152 1722; x_wconf 89' lang='lat' dir='ltr'><strong>erat</strong></span> <span class='ocrx_word' id='word_1_406' title='bbox 3190 1667 3373 1720; x_wconf 75' lang='lat' dir='ltr'><strong>Maria:</strong></span> 
     </span>
    </p>
   </div>
   <div class='ocr_carea' id='block_1_59' title="bbox 1777 1733 3370 1807">
    <p class='ocr_par' dir='ltr' id='par_1_59' title="bbox 1777 1733 3370 1807">
     <span class='ocr_line' id='line_1_59' title="bbox 1777 1733 3370 1807; baseline 0.007 -26"><span class='ocrx_word' id='word_1_407' title='bbox 1777 1733 1950 1798; x_wconf 87' lang='lat' dir='ltr'><strong>gratia</strong></span> <span class='ocrx_word' id='word_1_408' title='bbox 2009 1733 2438 1807; x_wconf 84' lang='lat' dir='ltr'><strong>periclitantibus</strong></span> <span class='ocrx_word' id='word_1_409' title='bbox 2493 1738 2778 1807; x_wconf 88' lang='lat' dir='ltr'><strong>puerperis</strong></span> <span class='ocrx_word' id='word_1_410' title='bbox 2833 1752 3071 1805; x_wconf 81' lang='lat' dir='ltr'><strong>congrua</strong></span> <span class='ocrx_word' id='word_1_411' title='bbox 3104 1779 3120 1802; x_wconf 92' lang='lat'><strong>,</strong></span> <span class='ocrx_word' id='word_1_412' title='bbox 3182 1739 3251 1790; x_wconf 87' lang='lat' dir='ltr'><strong>ab</strong></span> <span class='ocrx_word' id='word_1_413' title='bbox 3307 1752 3370 1792; x_wconf 88' lang='lat' dir='ltr'><strong>ea</strong></span> 
     </span>
    </p>
   </div>
   <div class='ocr_carea' id='block_1_60' title="bbox 1778 1805 3372 1877">
    <p class='ocr_par' dir='ltr' id='par_1_60' title="bbox 1778 1805 3372 1877">
     <span class='ocr_line' id='line_1_60' title="bbox 1778 1805 3372 1877; baseline 0.007 -24"><span class='ocrx_word' id='word_1_414' title='bbox 1778 1817 2028 1877; x_wconf 65' lang='lat' dir='ltr'><strong>quaerere</strong></span> <span class='ocrx_word' id='word_1_415' title='bbox 2055 1805 2340 1873; x_wconf 78' lang='lat' dir='ltr'><strong>auxilium,</strong></span> <span class='ocrx_word' id='word_1_416' title='bbox 2367 1805 2728 1877; x_wconf 69' lang='lat' dir='ltr'><strong>qureaccepit</strong></span> <span class='ocrx_word' id='word_1_417' title='bbox 2766 1809 2820 1862; x_wconf 92' lang='lat' dir='ltr'><strong>in</strong></span> <span class='ocrx_word' id='word_1_418' title='bbox 2850 1809 3205 1874; x_wconf 89' lang='lat' dir='ltr'><strong>conceptione</strong></span> <span class='ocrx_word' id='word_1_419' title='bbox 3249 1807 3372 1864; x_wconf 81' lang='lat' dir='ltr'><strong>Filii</strong></span> 
     </span>
    </p>
   </div>
   <div class='ocr_carea' id='block_1_61' title="bbox 1777 1874 3371 1948">
    <p class='ocr_par' dir='ltr' id='par_1_61' title="bbox 1777 1874 3371 1948">
     <span class='ocr_line' id='line_1_61' title="bbox 1777 1874 3371 1948; baseline 0.009 -27"><span class='ocrx_word' id='word_1_420' title='bbox 1777 1874 2030 1948; x_wconf 81' lang='lat' dir='ltr'><strong>gratiam,</strong></span> <span class='ocrx_word' id='word_1_421' title='bbox 2057 1885 2115 1928; x_wconf 90' lang='lat' dir='ltr'><strong>ut</strong></span> <span class='ocrx_word' id='word_1_422' title='bbox 2157 1888 2300 1930; x_wconf 81' lang='lat' dir='ltr'><strong>eSset</strong></span> <span class='ocrx_word' id='word_1_423' title='bbox 2352 1874 2472 1932; x_wconf 86' lang='lat' dir='ltr'><strong>sine</strong></span> <span class='ocrx_word' id='word_1_424' title='bbox 2513 1874 2826 1947; x_wconf 86' lang='lat' dir='ltr'><strong>gravantine</strong></span> <span class='ocrx_word' id='word_1_425' title='bbox 2871 1879 3112 1948; x_wconf 87' lang='lat' dir='ltr'><strong>gravida,</strong></span> <span class='ocrx_word' id='word_1_426' title='bbox 3154 1889 3211 1933; x_wconf 89' lang='lat' dir='ltr'><strong>et</strong></span> <span class='ocrx_word' id='word_1_427' title='bbox 3251 1881 3371 1936; x_wconf 88' lang='lat' dir='ltr'><strong>sine</strong></span> 
     </span>
    </p>
   </div>
   <div class='ocr_carea' id='block_1_62' title="bbox 1780 1943 3114 2014">
    <p class='ocr_par' dir='ltr' id='par_1_62' title="bbox 1780 1943 3114 2014">
     <span class='ocr_line' id='line_1_62' title="bbox 1780 1943 3114 2014; baseline 0.004 -18"><span class='ocrx_word' id='word_1_428' title='bbox 1780 1943 1968 1997; x_wconf 85' lang='lat' dir='ltr'><strong>dolore</strong></span> <span class='ocrx_word' id='word_1_429' title='bbox 1993 1960 2279 2014; x_wconf 87' lang='lat' dir='ltr'><strong>puerpera,</strong></span> <span class='ocrx_word' id='word_1_430' title='bbox 2315 1957 2372 2000; x_wconf 91' lang='lat' dir='ltr'><strong>ut</strong></span> <span class='ocrx_word' id='word_1_431' title='bbox 2394 1943 2698 2003; x_wconf 78' lang='lat' dir='ltr'><strong>Bertiardus</strong></span> <span class='ocrx_word' id='word_1_432' title='bbox 2723 1943 2924 2004; x_wconf 81' lang='lat' dir='ltr'><strong>alicubi</strong></span> <span class='ocrx_word' id='word_1_433' title='bbox 2955 1943 3114 2003; x_wconf 77' lang='lat' dir='ltr'><strong>dixit.</strong></span> 
     </span>
    </p>
   </div>
   <div class='ocr_carea' id='block_1_63' title="bbox 1854 2014 3376 2090">
    <p class='ocr_par' dir='ltr' id='par_1_63' title="bbox 1854 2014 3376 2090">
     <span class='ocr_line' id='line_1_63' title="bbox 1854 2014 3376 2090; baseline 0.005 -23"><span class='ocrx_word' id='word_1_434' title='bbox 1854 2014 2262 2090; x_wconf 28' lang='lat' dir='ltr'><strong>Demumdltinc</strong></span> <span class='ocrx_word' id='word_1_435' title='bbox 2289 2019 2399 2086; x_wconf 89' lang='lat' dir='ltr'><strong>jam</strong></span> <span class='ocrx_word' id='word_1_436' title='bbox 2427 2033 2693 2075; x_wconf 84' lang='lat' dir='ltr'><strong>canonem</strong></span> <span class='ocrx_word' id='word_1_437' title='bbox 2723 2021 3102 2090; x_wconf 79' lang='lat' dir='ltr'><strong>Apostolorum</strong></span> <span class='ocrx_word' id='word_1_438' title='bbox 3131 2018 3376 2074; x_wconf 89' lang='lat' dir='ltr'><strong>vindica-</strong></span> 
     </span>
    </p>
   </div>
   <div class='ocr_carea' id='block_1_64' title="bbox 1779 2082 3373 2159">
    <p class='ocr_par' dir='ltr' id='par_1_64' title="bbox 1779 2082 3373 2159">
     <span class='ocr_line' id='line_1_64' title="bbox 1779 2082 3373 2159; baseline 0.004 -22"><span class='ocrx_word' id='word_1_439' title='bbox 1779 2082 1962 2159; x_wconf 84' lang='lat' dir='ltr'><strong>bitaus</strong></span> <span class='ocrx_word' id='word_1_440' title='bbox 1987 2102 2017 2138; x_wconf 89' lang='lat' dir='ltr'><strong>a</strong></span> <span class='ocrx_word' id='word_1_441' title='bbox 2047 2085 2252 2140; x_wconf 82' lang='lat' dir='ltr'><strong>difﬁcili</strong></span> <span class='ocrx_word' id='word_1_442' title='bbox 2285 2082 2471 2153; x_wconf 73' lang='lat' dir='ltr'><strong>sensu,</strong></span> <span class='ocrx_word' id='word_1_443' title='bbox 2497 2106 2605 2154; x_wconf 84' lang='lat' dir='ltr'><strong>quo</strong></span> <span class='ocrx_word' id='word_1_444' title='bbox 2632 2082 2793 2159; x_wconf 75' lang='lat' dir='ltr'><strong>vulgo</strong></span> <span class='ocrx_word' id='word_1_445' title='bbox 2817 2091 2992 2158; x_wconf 87' lang='lat' dir='ltr'><strong>accipi</strong></span> <span class='ocrx_word' id='word_1_446' title='bbox 3014 2091 3175 2157; x_wconf 87' lang='lat' dir='ltr'><strong>solet,</strong></span> <span class='ocrx_word' id='word_1_447' title='bbox 3205 2105 3373 2145; x_wconf 81' lang='lat' dir='ltr'><strong>cano-</strong></span> 
     </span>
    </p>
   </div>
   <div class='ocr_carea' id='block_1_65' title="bbox 1778 2156 3370 2230">
    <p class='ocr_par' dir='ltr' id='par_1_65' title="bbox 1778 2156 3370 2230">
     <span class='ocr_line' id='line_1_65' title="bbox 1778 2156 3370 2230; baseline 0.006 -22"><span class='ocrx_word' id='word_1_448' title='bbox 1778 2170 1902 2230; x_wconf 81' lang='lat' dir='ltr'><strong>nem</strong></span> <span class='ocrx_word' id='word_1_449' title='bbox 1934 2156 2150 2230; x_wconf 81' lang='lat' dir='ltr'><strong>inquam</strong></span> <span class='ocrx_word' id='word_1_450' title='bbox 2170 2159 2362 2230; x_wconf 85' lang='lat' dir='ltr'><strong>illum,</strong></span> <span class='ocrx_word' id='word_1_451' title='bbox 2388 2163 2478 2228; x_wconf 78' lang='lat' dir='ltr'><strong>qui</strong></span> <span class='ocrx_word' id='word_1_452' title='bbox 2510 2161 2563 2214; x_wconf 88' lang='lat' dir='ltr'><strong>in</strong></span> <span class='ocrx_word' id='word_1_453' title='bbox 2596 2156 2750 2215; x_wconf 73' lang='lat' dir='ltr'><strong>libris</strong></span> <span class='ocrx_word' id='word_1_454' title='bbox 2777 2163 2836 2216; x_wconf 90' lang='lat' dir='ltr'><strong>S.</strong></span> <span class='ocrx_word' id='word_1_455' title='bbox 2867 2156 3214 2230; x_wconf 85' lang='lat' dir='ltr'><strong>Ctesiphonis</strong></span> <span class='ocrx_word' id='word_1_456' title='bbox 3239 2177 3370 2227; x_wconf 82' lang='lat' dir='ltr'><strong>apo-</strong></span> 
     </span>
    </p>
   </div>
   <div class='ocr_carea' id='block_1_66' title="bbox 1776 2226 3368 2300">
    <p class='ocr_par' dir='ltr' id='par_1_66' title="bbox 1776 2226 3368 2300">
     <span class='ocr_line' id='line_1_66' title="bbox 1776 2226 3368 2300; baseline 0.005 -22"><span class='ocrx_word' id='word_1_457' title='bbox 1776 2227 1902 2300; x_wconf 76' lang='lat' dir='ltr'><strong>stoli</strong></span> <span class='ocrx_word' id='word_1_458' title='bbox 1927 2226 2118 2300; x_wconf 74' lang='lat' dir='ltr'><strong>Jacobi</strong></span> <span class='ocrx_word' id='word_1_459' title='bbox 2148 2226 2421 2299; x_wconf 79' lang='lat' dir='ltr'><strong>discipuli,</strong></span> <span class='ocrx_word' id='word_1_460' title='bbox 2457 2232 2598 2300; x_wconf 88' lang='lat' dir='ltr'><strong>apud</strong></span> <span class='ocrx_word' id='word_1_461' title='bbox 2631 2234 2869 2287; x_wconf 82' lang='lat' dir='ltr'><strong>Montem</strong></span> <span class='ocrx_word' id='word_1_462' title='bbox 2913 2226 3170 2288; x_wconf 77' lang='lat' dir='ltr'><strong>Sanctum</strong></span> <span class='ocrx_word' id='word_1_463' title='bbox 3205 2226 3368 2300; x_wconf 87' lang='lat' dir='ltr'><strong>Ilipu-</strong></span> 
     </span>
    </p>
   </div>
   <div class='ocr_carea' id='block_1_67' title="bbox 1779 2296 3370 2370">
    <p class='ocr_par' dir='ltr' id='par_1_67' title="bbox 1779 2296 3370 2370">
     <span class='ocr_line' id='line_1_67' title="bbox 1779 2296 3370 2370; baseline 0.005 -20"><span class='ocrx_word' id='word_1_464' title='bbox 1779 2296 2005 2370; x_wconf 88' lang='lat' dir='ltr'><strong>litanum</strong></span> <span class='ocrx_word' id='word_1_465' title='bbox 2032 2296 2304 2354; x_wconf 50' lang='lat' dir='ltr'><strong>Granatae&#39;</strong></span> <span class='ocrx_word' id='word_1_466' title='bbox 2323 2296 2573 2370; x_wconf 79' lang='lat' dir='ltr'><strong>repertus</strong></span> <span class='ocrx_word' id='word_1_467' title='bbox 2603 2313 2687 2357; x_wconf 87' lang='lat' dir='ltr'><strong>est</strong></span> <span class='ocrx_word' id='word_1_468' title='bbox 2715 2317 2838 2356; x_wconf 91' lang='lat' dir='ltr'><strong>cum</strong></span> <span class='ocrx_word' id='word_1_469' title='bbox 2867 2305 3194 2358; x_wconf 69' lang='lat' dir='ltr'><strong>venerandae</strong></span> <span class='ocrx_word' id='word_1_470' title='bbox 3227 2296 3370 2358; x_wconf 83' lang='lat' dir='ltr'><strong>anti-</strong></span> 
     </span>
    </p>
   </div>
   <div class='ocr_carea' id='block_1_68' title="bbox 1777 2369 3364 2443">
    <p class='ocr_par' dir='ltr' id='par_1_68' title="bbox 1777 2369 3364 2443">
     <span class='ocr_line' id='line_1_68' title="bbox 1777 2369 3364 2443; baseline 0.006 -22"><span class='ocrx_word' id='word_1_471' title='bbox 1777 2369 2000 2443; x_wconf 72' lang='lat' dir='ltr'><strong>quitatis</strong></span> <span class='ocrx_word' id='word_1_472' title='bbox 2022 2371 2295 2443; x_wconf 85' lang='lat' dir='ltr'><strong>vestigiis;</strong></span> <span class='ocrx_word' id='word_1_473' title='bbox 2327 2369 2401 2427; x_wconf 88' lang='lat' dir='ltr'><strong>ait</strong></span> <span class='ocrx_word' id='word_1_474' title='bbox 2424 2373 2692 2443; x_wconf 85' lang='lat' dir='ltr'><strong>siquidem</strong></span> <span class='ocrx_word' id='word_1_475' title='bbox 2713 2373 2772 2429; x_wconf 91' lang='lat' dir='ltr'><strong>S.</strong></span> <span class='ocrx_word' id='word_1_476' title='bbox 2797 2373 3116 2442; x_wconf 86' lang='lat' dir='ltr'><strong>Ctesiphon,</strong></span> <span class='ocrx_word' id='word_1_477' title='bbox 3143 2384 3364 2430; x_wconf 90' lang='lat' dir='ltr'><strong>sanctos</strong></span> 
     </span>
    </p>
   </div>
   <div class='ocr_carea' id='block_1_69' title="bbox 1778 2436 3373 2511">
    <p class='ocr_par' dir='ltr' id='par_1_69' title="bbox 1778 2436 3373 2511">
     <span class='ocr_line' id='line_1_69' title="bbox 1778 2436 3373 2511; baseline 0.003 -20"><span class='ocrx_word' id='word_1_478' title='bbox 1778 2436 1874 2492; x_wconf 89' lang='lat' dir='ltr'><strong>Dei</strong></span> <span class='ocrx_word' id='word_1_479' title='bbox 1909 2436 2204 2511; x_wconf 72' lang='lat' dir='ltr'><strong>Apostolus</strong></span> <span class='ocrx_word' id='word_1_480' title='bbox 2248 2443 2350 2498; x_wconf 90' lang='lat' dir='ltr'><strong>sub</strong></span> <span class='ocrx_word' id='word_1_481' title='bbox 2381 2436 2727 2499; x_wconf 83' lang='lat' dir='ltr'><strong>anailtemate</strong></span> <span class='ocrx_word' id='word_1_482' title='bbox 2779 2444 2832 2497; x_wconf 93' lang='lat' dir='ltr'><strong>in</strong></span> <span class='ocrx_word' id='word_1_483' title='bbox 2863 2436 3111 2511; x_wconf 79' lang='lat' dir='ltr'><strong>quodam</strong></span> <span class='ocrx_word' id='word_1_484' title='bbox 3138 2446 3373 2499; x_wconf 82' lang='lat' dir='ltr'><strong>concilio</strong></span> 
     </span>
    </p>
   </div>
   <div class='ocr_carea' id='block_1_70' title="bbox 1775 2510 3367 2584">
    <p class='ocr_par' dir='ltr' id='par_1_70' title="bbox 1775 2510 3367 2584">
     <span class='ocr_line' id='line_1_70' title="bbox 1775 2510 3367 2584; baseline 0.006 -23"><span class='ocrx_word' id='word_1_485' title='bbox 1775 2510 2078 2578; x_wconf 85' lang='lat' dir='ltr'><strong>deliniisse,</strong></span> <span class='ocrx_word' id='word_1_486' title='bbox 2115 2512 2389 2582; x_wconf 80' lang='lat' dir='ltr'><strong>Virginem</strong></span> <span class='ocrx_word' id='word_1_487' title='bbox 2434 2516 2714 2582; x_wconf 85' lang='lat' dir='ltr'><strong>Deiparam</strong></span> <span class='ocrx_word' id='word_1_488' title='bbox 2757 2515 2812 2569; x_wconf 93' lang='lat' dir='ltr'><strong>in</strong></span> <span class='ocrx_word' id='word_1_489' title='bbox 2845 2510 2963 2584; x_wconf 91' lang='lat' dir='ltr'><strong>ipso</strong></span> <span class='ocrx_word' id='word_1_490' title='bbox 2990 2515 3367 2584; x_wconf 86' lang='lat' dir='ltr'><strong>conceptiunis</strong></span> 
     </span>
    </p>
   </div>
   <div class='ocr_carea' id='block_1_71' title="bbox 1774 2584 3362 2651">
    <p class='ocr_par' dir='ltr' id='par_1_71' title="bbox 1774 2584 3362 2651">
     <span class='ocr_line' id='line_1_71' title="bbox 1774 2584 3362 2651; baseline 0.004 -18"><span class='ocrx_word' id='word_1_491' title='bbox 1774 2593 1886 2634; x_wconf 72' lang='lat' dir='ltr'><strong>sum</strong></span> <span class='ocrx_word' id='word_1_492' title='bbox 1927 2592 2203 2637; x_wconf 88' lang='lat' dir='ltr'><strong>momento</strong></span> <span class='ocrx_word' id='word_1_493' title='bbox 2254 2598 2640 2651; x_wconf 67' lang='lat' dir='ltr'><strong>prieservatam</strong></span> <span class='ocrx_word' id='word_1_494' title='bbox 2681 2584 2849 2639; x_wconf 80' lang='lat' dir='ltr'><strong>fuisse</strong></span> <span class='ocrx_word' id='word_1_495' title='bbox 2879 2585 2946 2640; x_wconf 92' lang='lat' dir='ltr'><strong>ab</strong></span> <span class='ocrx_word' id='word_1_496' title='bbox 2987 2586 3132 2640; x_wconf 88' lang='lat' dir='ltr'><strong>omni</strong></span> <span class='ocrx_word' id='word_1_497' title='bbox 3175 2586 3362 2651; x_wconf 67' lang='lat' dir='ltr'><strong>primae</strong></span> 
     </span>
    </p>
   </div>
   <div class='ocr_carea' id='block_1_72' title="bbox 1773 2652 3364 2724">
    <p class='ocr_par' dir='ltr' id='par_1_72' title="bbox 1773 2652 3364 2724">
     <span class='ocr_line' id='line_1_72' title="bbox 1773 2652 3364 2724; baseline 0.004 -19"><span class='ocrx_word' id='word_1_498' title='bbox 1773 2652 1998 2721; x_wconf 83' lang='lat' dir='ltr'><strong>originis</strong></span> <span class='ocrx_word' id='word_1_499' title='bbox 2025 2655 2298 2724; x_wconf 87' lang='lat' dir='ltr'><strong>contagio,</strong></span> <span class='ocrx_word' id='word_1_500' title='bbox 2323 2666 2375 2710; x_wconf 91' lang='lat' dir='ltr'><strong>et</strong></span> <span class='ocrx_word' id='word_1_501' title='bbox 2408 2657 2633 2711; x_wconf 88' lang='lat' dir='ltr'><strong>liberam</strong></span> <span class='ocrx_word' id='word_1_502' title='bbox 2661 2657 2926 2711; x_wconf 80' lang='lat' dir='ltr'><strong>redditam</strong></span> <span class='ocrx_word' id='word_1_503' title='bbox 2957 2655 3028 2709; x_wconf 91' lang='lat' dir='ltr'><strong>ab</strong></span> <span class='ocrx_word' id='word_1_504' title='bbox 3056 2657 3203 2710; x_wconf 91' lang='lat' dir='ltr'><strong>omni</strong></span> <span class='ocrx_word' id='word_1_505' title='bbox 3241 2657 3364 2712; x_wconf 85' lang='lat' dir='ltr'><strong>labe</strong></span> 
     </span>
    </p>
   </div>
   <div class='ocr_carea' id='block_1_73' title="bbox 1773 2723 3363 2790">
    <p class='ocr_par' dir='ltr' id='par_1_73' title="bbox 1773 2723 3363 2790">
     <span class='ocr_line' id='line_1_73' title="bbox 1773 2723 3363 2790; baseline 0.003 -14"><span class='ocrx_word' id='word_1_506' title='bbox 1773 2725 2004 2790; x_wconf 89' lang='lat' dir='ltr'><strong>peccati.</strong></span> <span class='ocrx_word' id='word_1_507' title='bbox 2031 2723 2207 2779; x_wconf 76' lang='lat' dir='ltr'><strong>Verba</strong></span> <span class='ocrx_word' id='word_1_508' title='bbox 2239 2729 2477 2782; x_wconf 88' lang='lat' dir='ltr'><strong>auctoris</strong></span> <span class='ocrx_word' id='word_1_509' title='bbox 2508 2730 2559 2780; x_wconf 94' lang='lat' dir='ltr'><strong>in</strong></span> <span class='ocrx_word' id='word_1_510' title='bbox 2591 2727 2729 2781; x_wconf 93' lang='lat' dir='ltr'><strong>libro</strong></span> <span class='ocrx_word' id='word_1_511' title='bbox 2761 2726 2830 2782; x_wconf 91' lang='lat' dir='ltr'><strong>de</strong></span> <span class='ocrx_word' id='word_1_512' title='bbox 2865 2726 3219 2782; x_wconf 84' lang='lat' dir='ltr'><strong>fundamento</strong></span> <span class='ocrx_word' id='word_1_513' title='bbox 3257 2727 3363 2781; x_wconf 81' lang='lat' dir='ltr'><strong>Ec—</strong></span> 
     </span>
    </p>
   </div>
   <div class='ocr_carea' id='block_1_74' title="bbox 1772 2793 3359 2864">
    <p class='ocr_par' dir='ltr' id='par_1_74' title="bbox 1772 2793 3359 2864">
     <span class='ocr_line' id='line_1_74' title="bbox 1772 2793 3359 2864; baseline 0.002 -16"><span class='ocrx_word' id='word_1_514' title='bbox 1772 2793 1975 2857; x_wconf 67' lang='lat' dir='ltr'><strong>clesizc,</strong></span> <span class='ocrx_word' id='word_1_515' title='bbox 2008 2804 2068 2848; x_wconf 92' lang='lat' dir='ltr'><strong>ut</strong></span> <span class='ocrx_word' id='word_1_516' title='bbox 2107 2796 2267 2864; x_wconf 91' lang='lat' dir='ltr'><strong>vulgo</strong></span> <span class='ocrx_word' id='word_1_517' title='bbox 2291 2799 2772 2864; x_wconf 82' lang='lat' dir='ltr'><strong>circumferuntur,</strong></span> <span class='ocrx_word' id='word_1_518' title='bbox 2817 2812 2882 2851; x_wconf 83' lang='lat' dir='ltr'><strong>ex</strong></span> <span class='ocrx_word' id='word_1_519' title='bbox 2931 2797 3170 2852; x_wconf 87' lang='lat' dir='ltr'><strong>Arabico</strong></span> <span class='ocrx_word' id='word_1_520' title='bbox 3220 2799 3359 2851; x_wconf 79' lang='lat' dir='ltr'><strong>idio-</strong></span> 
     </span>
    </p>
   </div>
   <div class='ocr_carea' id='block_1_75' title="bbox 1773 2867 3358 2936">
    <p class='ocr_par' dir='ltr' id='par_1_75' title="bbox 1773 2867 3358 2936">
     <span class='ocr_line' id='line_1_75' title="bbox 1773 2867 3358 2936; baseline 0.003 -18"><span class='ocrx_word' id='word_1_521' title='bbox 1773 2873 2072 2936; x_wconf 56' lang='lat' dir='ltr'><strong>mate,quo</strong></span> <span class='ocrx_word' id='word_1_522' title='bbox 2101 2870 2304 2936; x_wconf 91' lang='lat' dir='ltr'><strong>scripta</strong></span> <span class='ocrx_word' id='word_1_523' title='bbox 2334 2881 2480 2932; x_wconf 88' lang='lat' dir='ltr'><strong>sunt,</strong></span> <span class='ocrx_word' id='word_1_524' title='bbox 2499 2868 2786 2923; x_wconf 73' lang='lat' dir='ltr'><strong>Latinitate</strong></span> <span class='ocrx_word' id='word_1_525' title='bbox 2805 2867 3024 2930; x_wconf 89' lang='lat' dir='ltr'><strong>donata,</strong></span> <span class='ocrx_word' id='word_1_526' title='bbox 3053 2877 3181 2922; x_wconf 91' lang='lat' dir='ltr'><strong>sunt</strong></span> <span class='ocrx_word' id='word_1_527' title='bbox 3203 2869 3319 2922; x_wconf 67' lang='lat' dir='ltr'><strong>hinc</strong></span> <span class='ocrx_word' id='word_1_528' title='bbox 3343 2885 3358 2923; x_wconf 90' lang='lat'><strong>:</strong></span> 
     </span>
    </p>
   </div>
   <div class='ocr_carea' id='block_1_76' title="bbox 1772 2932 3362 3008">
    <p class='ocr_par' dir='ltr' id='par_1_76' title="bbox 1772 2932 3362 3008">
     <span class='ocr_line' id='line_1_76' title="bbox 1772 2932 3362 3008; baseline 0.005 -22"><span class='ocrx_word' id='word_1_529' title='bbox 1772 2932 1881 2989; x_wconf 85' lang='lat' dir='ltr'><strong>Illa</strong></span> <span class='ocrx_word' id='word_1_530' title='bbox 1915 2932 2095 3008; x_wconf 83' lang='lat' dir='ltr'><strong>Virgo,</strong></span> <span class='ocrx_word' id='word_1_531' title='bbox 2130 2932 2227 2991; x_wconf 79' lang='lat' dir='ltr'><strong>illa</strong></span> <span class='ocrx_word' id='word_1_532' title='bbox 2255 2938 2451 3004; x_wconf 77' lang='lat' dir='ltr'><strong>Maria,</strong></span> <span class='ocrx_word' id='word_1_533' title='bbox 2490 2939 2584 2994; x_wconf 83' lang='lat' dir='ltr'><strong>illa</strong></span> <span class='ocrx_word' id='word_1_534' title='bbox 2626 2939 2822 2994; x_wconf 88' lang='lat' dir='ltr'><strong>Sancta</strong></span> <span class='ocrx_word' id='word_1_535' title='bbox 2855 2947 3161 3004; x_wconf 74' lang='lat' dir='ltr'><strong>prwserrata</strong></span> <span class='ocrx_word' id='word_1_536' title='bbox 3198 2939 3298 3008; x_wconf 80' lang='lat' dir='ltr'><strong>fuit</strong></span> <span class='ocrx_word' id='word_1_537' title='bbox 3328 2957 3362 2994; x_wconf 77' lang='grc' dir='ltr'><em>α</em></span> 
     </span>
    </p>
   </div>
   <div class='ocr_carea' id='block_1_77' title="bbox 1772 3008 3356 3081">
    <p class='ocr_par' dir='ltr' id='par_1_77' title="bbox 1772 3008 3356 3081">
     <span class='ocr_line' id='line_1_77' title="bbox 1772 3008 3356 3081; baseline 0.004 -23"><span class='ocrx_word' id='word_1_538' title='bbox 1772 3016 1980 3081; x_wconf 65' lang='lat' dir='ltr'><strong>peceato</strong></span> <span class='ocrx_word' id='word_1_539' title='bbox 2007 3008 2251 3077; x_wconf 79' lang='lat' dir='ltr'><strong>originali</strong></span> <span class='ocrx_word' id='word_1_540' title='bbox 2280 3013 2334 3062; x_wconf 84' lang='lat' dir='ltr'><strong>in</strong></span> <span class='ocrx_word' id='word_1_541' title='bbox 2365 3013 2530 3076; x_wconf 86' lang='lat' dir='ltr'><strong>primo</strong></span> <span class='ocrx_word' id='word_1_542' title='bbox 2567 3011 2784 3081; x_wconf 77' lang='lat' dir='ltr'><strong>instanti</strong></span> <span class='ocrx_word' id='word_1_543' title='bbox 2827 3025 2936 3064; x_wconf 71' lang='lat' dir='ltr'><strong>sua:</strong></span> <span class='ocrx_word' id='word_1_544' title='bbox 2983 3011 3356 3081; x_wconf 82' lang='lat' dir='ltr'><strong>conceptionis,</strong></span> 
     </span>
    </p>
   </div>
   <div class='ocr_carea' id='block_1_78' title="bbox 1771 3076 3360 3150">
    <p class='ocr_par' dir='ltr' id='par_1_78' title="bbox 1771 3076 3360 3150">
     <span class='ocr_line' id='line_1_78' title="bbox 1771 3076 3360 3150; baseline 0.005 -21"><span class='ocrx_word' id='word_1_545' title='bbox 1771 3088 1818 3129; x_wconf 91' lang='lat' dir='ltr'><strong>et</strong></span> <span class='ocrx_word' id='word_1_546' title='bbox 1865 3076 2026 3141; x_wconf 66' lang='lat' dir='ltr'><strong>littera</strong></span> <span class='ocrx_word' id='word_1_547' title='bbox 2067 3076 2131 3131; x_wconf 79' lang='lat' dir='ltr'><strong>ab</strong></span> <span class='ocrx_word' id='word_1_548' title='bbox 2177 3081 2317 3133; x_wconf 88' lang='lat' dir='ltr'><strong>omni</strong></span> <span class='ocrx_word' id='word_1_549' title='bbox 2345 3081 2521 3150; x_wconf 84' lang='lat' dir='ltr'><strong>culpa.</strong></span> <span class='ocrx_word' id='word_1_550' title='bbox 2558 3080 2625 3134; x_wconf 87' lang='lat' dir='ltr'><strong>Et</strong></span> <span class='ocrx_word' id='word_1_551' title='bbox 2649 3081 2737 3148; x_wconf 85' lang='lat' dir='ltr'><strong>qui</strong></span> <span class='ocrx_word' id='word_1_552' title='bbox 2769 3083 2844 3135; x_wconf 88' lang='lat' dir='ltr'><strong>ita</strong></span> <span class='ocrx_word' id='word_1_553' title='bbox 2871 3098 2972 3134; x_wconf 87' lang='lat' dir='ltr'><strong>non</strong></span> <span class='ocrx_word' id='word_1_554' title='bbox 3016 3076 3228 3135; x_wconf 74' lang='lat' dir='ltr'><strong>senserit</strong></span> <span class='ocrx_word' id='word_1_555' title='bbox 3256 3097 3360 3136; x_wconf 86' lang='lat' dir='ltr'><strong>non</strong></span> 
     </span>
    </p>
   </div>
   <div class='ocr_carea' id='block_1_79' title="bbox 1770 3151 3355 3218">
    <p class='ocr_par' dir='ltr' id='par_1_79' title="bbox 1770 3151 3355 3218">
     <span class='ocr_line' id='line_1_79' title="bbox 1770 3151 3355 3218; baseline 0.004 -18"><span class='ocrx_word' id='word_1_556' title='bbox 1770 3159 2106 3218; x_wconf 82' lang='lat' dir='ltr'><strong>consequetur</strong></span> <span class='ocrx_word' id='word_1_557' title='bbox 2134 3151 2350 3204; x_wconf 87' lang='lat' dir='ltr'><strong>salutem</strong></span> <span class='ocrx_word' id='word_1_558' title='bbox 2391 3165 2660 3207; x_wconf 72' lang='lat' dir='ltr'><strong>retentam.</strong></span> <span class='ocrx_word' id='word_1_559' title='bbox 2694 3151 2809 3205; x_wconf 85' lang='lat' dir='ltr'><strong>Non</strong></span> <span class='ocrx_word' id='word_1_560' title='bbox 2842 3154 3008 3206; x_wconf 87' lang='lat' dir='ltr'><strong>credo</strong></span> <span class='ocrx_word' id='word_1_561' title='bbox 3036 3153 3101 3206; x_wconf 85' lang='lat' dir='ltr'><strong>ad</strong></span> <span class='ocrx_word' id='word_1_562' title='bbox 3131 3153 3355 3208; x_wconf 85' lang='lat' dir='ltr'><strong>verbum</strong></span> 
     </span>
    </p>
   </div>
   <div class='ocr_carea' id='block_1_80' title="bbox 1774 3221 3359 3289">
    <p class='ocr_par' dir='ltr' id='par_1_80' title="bbox 1774 3221 3359 3289">
     <span class='ocr_line' id='line_1_80' title="bbox 1774 3221 3359 3289; baseline 0.004 -19"><span class='ocrx_word' id='word_1_563' title='bbox 1774 3223 2034 3289; x_wconf 78' lang='lat' dir='ltr'><strong>translata</strong></span> <span class='ocrx_word' id='word_1_564' title='bbox 2064 3221 2248 3289; x_wconf 77' lang='lat' dir='ltr'><strong>fuisse,</strong></span> <span class='ocrx_word' id='word_1_565' title='bbox 2280 3222 2376 3278; x_wconf 91' lang='lat' dir='ltr'><strong>sed</strong></span> <span class='ocrx_word' id='word_1_566' title='bbox 2405 3223 2617 3278; x_wconf 84' lang='lat' dir='ltr'><strong>felicius</strong></span> <span class='ocrx_word' id='word_1_567' title='bbox 2646 3222 2822 3277; x_wconf 83' lang='lat' dir='ltr'><strong>adhuc</strong></span> <span class='ocrx_word' id='word_1_568' title='bbox 2850 3232 2907 3277; x_wconf 89' lang='lat' dir='ltr'><strong>et</strong></span> <span class='ocrx_word' id='word_1_569' title='bbox 2933 3221 3146 3276; x_wconf 79' lang='lat' dir='ltr'><strong>facilius</strong></span> <span class='ocrx_word' id='word_1_570' title='bbox 3182 3235 3359 3278; x_wconf 87' lang='lat' dir='ltr'><strong>trans-</strong></span> 
     </span>
    </p>
   </div>
   <div class='ocr_carea' id='block_1_81' title="bbox 1771 3286 3358 3366">
    <p class='ocr_par' dir='ltr' id='par_1_81' title="bbox 1771 3286 3358 3366">
     <span class='ocr_line' id='line_1_81' title="bbox 1771 3286 3358 3366; baseline 0.004 -24"><span class='ocrx_word' id='word_1_571' title='bbox 1771 3286 1902 3366; x_wconf 77' lang='lat' dir='ltr'><strong>ferri</strong></span> <span class='ocrx_word' id='word_1_572' title='bbox 1947 3306 2125 3366; x_wconf 74' lang='lat' dir='ltr'><strong>posse,</strong></span> <span class='ocrx_word' id='word_1_573' title='bbox 2173 3286 2296 3366; x_wconf 83' lang='lat' dir='ltr'><strong>nam</strong></span> <span class='ocrx_word' id='word_1_574' title='bbox 2344 3296 2508 3348; x_wconf 82' lang='lat' dir='ltr'><strong>verba</strong></span> <span class='ocrx_word' id='word_1_575' title='bbox 2545 3295 2675 3349; x_wconf 91' lang='lat' dir='ltr'><strong>illa:</strong></span> <span class='ocrx_word' id='word_1_576' title='bbox 2725 3303 3038 3366; x_wconf 70' lang='lat' dir='ltr'><strong>prcesercata</strong></span> <span class='ocrx_word' id='word_1_577' title='bbox 3075 3310 3106 3346; x_wconf 92' lang='lat' dir='ltr'><strong>a</strong></span> <span class='ocrx_word' id='word_1_578' title='bbox 3149 3306 3358 3366; x_wconf 84' lang='lat' dir='ltr'><strong>peccato</strong></span> 
     </span>
    </p>
   </div>
   <div class='ocr_carea' id='block_1_82' title="bbox 101 3351 3358 3434">
    <p class='ocr_par' dir='ltr' id='par_1_82' title="bbox 101 3351 3358 3434">
     <span class='ocr_line' id='line_1_82' title="bbox 101 3351 3358 3434; baseline 0 -17"><span class='ocrx_word' id='word_1_579' title='bbox 101 3360 284 3419; x_wconf 76' lang='lat' dir='ltr'><strong>Cenes.</strong></span> <span class='ocrx_word' id='word_1_580' title='bbox 318 3351 384 3420; x_wconf 71' lang='grc' dir='ltr'><strong>ιιι</strong></span> <span class='ocrx_word' id='word_1_581' title='bbox 419 3367 527 3420; x_wconf 89' lang='lat' dir='ltr'><strong>illis</strong></span> <span class='ocrx_word' id='word_1_582' title='bbox 554 3351 735 3422; x_wconf 76' lang='lat' dir='ltr'><strong>verbis</strong></span> <span class='ocrx_word' id='word_1_583' title='bbox 763 3385 774 3419; x_wconf 92' lang='lat'>:</span> <span class='ocrx_word' id='word_1_584' title='bbox 805 3351 1169 3434; x_wconf 46' lang='lat' dir='ltr'><strong>Multiplicu&#39;lto</strong></span> <span class='ocrx_word' id='word_1_585' title='bbox 1207 3351 1483 3432; x_wconf 76' lang='lat' dir='ltr'><strong>conceptus</strong></span> <span class='ocrx_word' id='word_1_586' title='bbox 1525 3351 1660 3433; x_wconf 55' lang='lat' dir='ltr'><strong>tuos,</strong></span> <span class='ocrx_word' id='word_1_587' title='bbox 1688 3351 1738 3415; x_wconf 87' lang='lat' dir='ltr'><strong>C</strong></span> <span class='ocrx_word' id='word_1_588' title='bbox 1770 3351 2014 3432; x_wconf 73' lang='lat' dir='ltr'><strong>originali</strong></span> <span class='ocrx_word' id='word_1_589' title='bbox 2044 3351 2298 3432; x_wconf 45' lang='lat' dir='ltr'><strong>in&#39;primo</strong></span> <span class='ocrx_word' id='word_1_590' title='bbox 2326 3366 2544 3419; x_wconf 82' lang='lat' dir='ltr'><strong>instanti</strong></span> <span class='ocrx_word' id='word_1_591' title='bbox 2583 3381 2693 3419; x_wconf 63' lang='lat' dir='ltr'><strong>suae</strong></span> <span class='ocrx_word' id='word_1_592' title='bbox 2715 3351 3085 3434; x_wconf 71' lang='lat' dir='ltr'><strong>conceptionis,</strong></span> <span class='ocrx_word' id='word_1_593' title='bbox 3116 3351 3243 3419; x_wconf 78' lang='lat' dir='ltr'><strong>situt</strong></span> <span class='ocrx_word' id='word_1_594' title='bbox 3270 3381 3358 3420; x_wconf 89' lang='lat' dir='ltr'><strong>re-</strong></span> 
     </span>
    </p>
   </div>
   <div class='ocr_carea' id='block_1_83' title="bbox 102 3436 1665 3506">
    <p class='ocr_par' dir='ltr' id='par_1_83' title="bbox 102 3436 1665 3506">
     <span class='ocr_line' id='line_1_83' title="bbox 102 3436 1665 3506; baseline 0.004 -22"><span class='ocrx_word' id='word_1_595' title='bbox 102 3436 172 3487; x_wconf 73' lang='lat' dir='ltr'><strong>vel</strong></span> <span class='ocrx_word' id='word_1_596' title='bbox 200 3448 249 3488; x_wconf 89' lang='lat' dir='ltr'><strong>ut</strong></span> <span class='ocrx_word' id='word_1_597' title='bbox 278 3437 386 3490; x_wconf 89' lang='lat' dir='ltr'><strong>alia</strong></span> <span class='ocrx_word' id='word_1_598' title='bbox 408 3437 697 3494; x_wconf 84' lang='lat' dir='ltr'><strong>translatio</strong></span> <span class='ocrx_word' id='word_1_599' title='bbox 720 3437 916 3504; x_wconf 86' lang='lat' dir='ltr'><strong>habet,</strong></span> <span class='ocrx_word' id='word_1_600' title='bbox 945 3437 1304 3504; x_wconf 68' lang='lat' dir='ltr'><strong>conceptiones</strong></span> <span class='ocrx_word' id='word_1_601' title='bbox 1343 3445 1504 3492; x_wconf 85' lang='lat' dir='ltr'><strong>tuas:</strong></span> <span class='ocrx_word' id='word_1_602' title='bbox 1527 3453 1665 3506; x_wconf 82' lang='lat' dir='ltr'><strong>pra:-</strong></span> 
     </span>
    </p>
   </div>
   <div class='ocr_carea' id='block_1_84' title="bbox 101 3508 1667 3577">
    <p class='ocr_par' dir='ltr' id='par_1_84' title="bbox 101 3508 1667 3577">
     <span class='ocr_line' id='line_1_84' title="bbox 101 3508 1667 3577; baseline 0.003 -20"><span class='ocrx_word' id='word_1_603' title='bbox 101 3518 292 3577; x_wconf 76' lang='lat' dir='ltr'><strong>ceptum</strong></span> <span class='ocrx_word' id='word_1_604' title='bbox 325 3511 420 3573; x_wconf 89' lang='lat' dir='ltr'><strong>sit,</strong></span> <span class='ocrx_word' id='word_1_605' title='bbox 447 3509 592 3577; x_wconf 86' lang='lat' dir='ltr'><strong>quod</strong></span> <span class='ocrx_word' id='word_1_606' title='bbox 620 3520 831 3564; x_wconf 86' lang='lat' dir='ltr'><strong>veteres</strong></span> <span class='ocrx_word' id='word_1_607' title='bbox 853 3511 919 3563; x_wconf 89' lang='lat' dir='ltr'><strong>ad</strong></span> <span class='ocrx_word' id='word_1_608' title='bbox 951 3508 1322 3564; x_wconf 87' lang='lat' dir='ltr'><strong>denatandum</strong></span> <span class='ocrx_word' id='word_1_609' title='bbox 1355 3509 1667 3574; x_wconf 58' lang='lat' dir='ltr'><strong>conceptio-</strong></span> 
     </span>
    </p>
   </div>
   <div class='ocr_carea' id='block_1_85' title="bbox 102 3575 1663 3648">
    <p class='ocr_par' dir='ltr' id='par_1_85' title="bbox 102 3575 1663 3648">
     <span class='ocr_line' id='line_1_85' title="bbox 102 3575 1663 3648; baseline 0.001 -18"><span class='ocrx_word' id='word_1_610' title='bbox 102 3575 174 3630; x_wconf 85' lang='lat' dir='ltr'><strong>nis</strong></span> <span class='ocrx_word' id='word_1_611' title='bbox 204 3576 399 3633; x_wconf 77' lang='lat' dir='ltr'><strong>festum</strong></span> <span class='ocrx_word' id='word_1_612' title='bbox 434 3575 542 3634; x_wconf 77' lang='lat' dir='ltr'><strong>non</strong></span> <span class='ocrx_word' id='word_1_613' title='bbox 573 3581 862 3636; x_wconf 87' lang='lat' dir='ltr'><strong>utebantur</strong></span> <span class='ocrx_word' id='word_1_614' title='bbox 893 3579 1061 3634; x_wconf 90' lang='lat' dir='ltr'><strong>verbo</strong></span> <span class='ocrx_word' id='word_1_615' title='bbox 1098 3577 1477 3648; x_wconf 86' lang='lat' dir='ltr'><strong>conceptionts</strong></span> <span class='ocrx_word' id='word_1_616' title='bbox 1534 3578 1663 3632; x_wconf 84' lang='lat' dir='ltr'><strong>Dei-</strong></span> 
     </span>
    </p>
   </div>
   <div class='ocr_carea' id='block_1_86' title="bbox 100 3648 1662 3727">
    <p class='ocr_par' dir='ltr' id='par_1_86' title="bbox 100 3648 1662 3727">
     <span class='ocr_line' id='line_1_86' title="bbox 100 3648 1662 3727; baseline 0.001 -25"><span class='ocrx_word' id='word_1_617' title='bbox 100 3661 249 3727; x_wconf 60' lang='grc' dir='ltr'><strong>μη.</strong></span> <span class='ocrx_word' id='word_1_618' title='bbox 285 3651 382 3727; x_wconf 78' lang='lat' dir='ltr'><strong>sed</strong></span> <span class='ocrx_word' id='word_1_619' title='bbox 419 3651 605 3727; x_wconf 74' lang='lat' dir='ltr'><strong>potius</strong></span> <span class='ocrx_word' id='word_1_620' title='bbox 636 3649 1105 3727; x_wconf 18' lang='lat' dir='ltr'><strong>coneeptionis‘S.</strong></span> <span class='ocrx_word' id='word_1_621' title='bbox 1137 3653 1336 3727; x_wconf 52' lang='grc' dir='ltr'><strong>ῥηηω.</strong></span> <span class='ocrx_word' id='word_1_622' title='bbox 1364 3648 1662 3727; x_wconf 50' lang='grc' dir='ltr'><strong>διαρρεερ</strong></span> 
     </span>
    </p>
   </div>
   <div class='ocr_carea' id='block_1_87' title="bbox 99 3717 1657 3791">
    <p class='ocr_par' dir='ltr' id='par_1_87' title="bbox 99 3717 1657 3791">
     <span class='ocr_line' id='line_1_87' title="bbox 99 3717 1657 3791; baseline 0.001 -19"><span class='ocrx_word' id='word_1_623' title='bbox 99 3717 146 3772; x_wconf 91' lang='lat' dir='ltr'><strong>in</strong></span> <span class='ocrx_word' id='word_1_624' title='bbox 189 3717 525 3791; x_wconf 74' lang='lat' dir='ltr'><strong>menologio,</strong></span> <span class='ocrx_word' id='word_1_625' title='bbox 557 3722 644 3778; x_wconf 89' lang='lat' dir='ltr'><strong>die</strong></span> <span class='ocrx_word' id='word_1_626' title='bbox 682 3723 716 3778; x_wconf 90' lang='lat'><strong>9</strong></span> <span class='ocrx_word' id='word_1_627' title='bbox 749 3717 1098 3786; x_wconf 86' lang='lat' dir='ltr'><strong>Decembris,</strong></span> <span class='ocrx_word' id='word_1_628' title='bbox 1128 3717 1409 3791; x_wconf 84' lang='lat' dir='ltr'><strong>Conceptio</strong></span> <span class='ocrx_word' id='word_1_629' title='bbox 1460 3720 1657 3789; x_wconf 86' lang='lat' dir='ltr'><strong>(aiunt)</strong></span> 
     </span>
    </p>
   </div>
   <div class='ocr_carea' id='block_1_88' title="bbox 101 3789 1663 3856">
    <p class='ocr_par' dir='ltr' id='par_1_88' title="bbox 101 3789 1663 3856">
     <span class='ocr_line' id='line_1_88' title="bbox 101 3789 1663 3856; baseline 0.001 -16"><span class='ocrx_word' id='word_1_630' title='bbox 101 3791 277 3844; x_wconf 76' lang='lat' dir='ltr'><strong>munda</strong></span> <span class='ocrx_word' id='word_1_631' title='bbox 304 3789 372 3845; x_wconf 88' lang='lat' dir='ltr'><strong>B.</strong></span> <span class='ocrx_word' id='word_1_632' title='bbox 407 3789 573 3847; x_wconf 59' lang='lat' dir='ltr'><strong>Anna:</strong></span> <span class='ocrx_word' id='word_1_633' title='bbox 614 3792 710 3848; x_wconf 88' lang='lat' dir='ltr'><strong>Dei</strong></span> <span class='ocrx_word' id='word_1_634' title='bbox 738 3804 785 3847; x_wconf 86' lang='lat' dir='ltr'><strong>et</strong></span> <span class='ocrx_word' id='word_1_635' title='bbox 812 3793 1023 3848; x_wconf 82' lang='lat' dir='ltr'><strong>Domini</strong></span> <span class='ocrx_word' id='word_1_636' title='bbox 1060 3793 1219 3846; x_wconf 89' lang='lat' dir='ltr'><strong>nostri</strong></span> <span class='ocrx_word' id='word_1_637' title='bbox 1253 3789 1404 3846; x_wconf 61' lang='lat' dir='ltr'><strong>abite.</strong></span> <span class='ocrx_word' id='word_1_638' title='bbox 1444 3792 1547 3846; x_wconf 86' lang='lat' dir='ltr'><strong>l’ro</strong></span> <span class='ocrx_word' id='word_1_639' title='bbox 1574 3809 1663 3856; x_wconf 87' lang='lat' dir='ltr'><strong>eo,</strong></span> 
     </span>
    </p>
   </div>
   <div class='ocr_carea' id='block_1_89' title="bbox 102 3862 1659 3934">
    <p class='ocr_par' dir='ltr' id='par_1_89' title="bbox 102 3862 1659 3934">
     <span class='ocr_line' id='line_1_89' title="bbox 102 3862 1659 3934; baseline 0 -20"><span class='ocrx_word' id='word_1_640' title='bbox 102 3862 223 3934; x_wconf 83' lang='lat' dir='ltr'><strong>quod</strong></span> <span class='ocrx_word' id='word_1_641' title='bbox 252 3879 354 3919; x_wconf 81' lang='lat' dir='ltr'><strong>nos</strong></span> <span class='ocrx_word' id='word_1_642' title='bbox 380 3865 649 3934; x_wconf 87' lang='lat' dir='ltr'><strong>dicimus,</strong></span> <span class='ocrx_word' id='word_1_643' title='bbox 683 3865 967 3934; x_wconf 89' lang='lat' dir='ltr'><strong>conceptio</strong></span> <span class='ocrx_word' id='word_1_644' title='bbox 996 3862 1056 3918; x_wconf 91' lang='lat' dir='ltr'><strong>S.</strong></span> <span class='ocrx_word' id='word_1_645' title='bbox 1089 3863 1186 3917; x_wconf 88' lang='lat' dir='ltr'><strong>Dei</strong></span> <span class='ocrx_word' id='word_1_646' title='bbox 1223 3865 1525 3934; x_wconf 83' lang='lat' dir='ltr'><strong>genitricis.</strong></span> <span class='ocrx_word' id='word_1_647' title='bbox 1558 3864 1659 3917; x_wconf 79' lang='lat' dir='ltr'><strong>Ea-</strong></span> 
     </span>
    </p>
   </div>
   <div class='ocr_carea' id='block_1_90' title="bbox 103 3933 1667 4006">
    <p class='ocr_par' dir='ltr' id='par_1_90' title="bbox 103 3933 1667 4006">
     <span class='ocr_line' id='line_1_90' title="bbox 103 3933 1667 4006; baseline 0.001 -21"><span class='ocrx_word' id='word_1_648' title='bbox 103 3933 207 4006; x_wconf 73' lang='lat' dir='ltr'><strong>tlem</strong></span> <span class='ocrx_word' id='word_1_649' title='bbox 249 3949 476 4006; x_wconf 71' lang='lat' dir='ltr'><strong>prorsus</strong></span> <span class='ocrx_word' id='word_1_650' title='bbox 504 3935 685 4001; x_wconf 87' lang='lat' dir='ltr'><strong>pbrasi</strong></span> <span class='ocrx_word' id='word_1_651' title='bbox 718 3933 943 3991; x_wconf 87' lang='lat' dir='ltr'><strong>utuntur</strong></span> <span class='ocrx_word' id='word_1_652' title='bbox 970 3934 1235 4006; x_wconf 83' lang='lat' dir='ltr'><strong>Syri,_qui</strong></span> <span class='ocrx_word' id='word_1_653' title='bbox 1270 3935 1320 3987; x_wconf 92' lang='lat' dir='ltr'><strong>in</strong></span> <span class='ocrx_word' id='word_1_654' title='bbox 1352 3933 1667 3989; x_wconf 79' lang='lat' dir='ltr'><strong>kalendaria</strong></span> 
     </span>
    </p>
   </div>
   <div class='ocr_carea' id='block_1_91' title="bbox 102 4001 1665 4078">
    <p class='ocr_par' dir='ltr' id='par_1_91' title="bbox 102 4001 1665 4078">
     <span class='ocr_line' id='line_1_91' title="bbox 102 4001 1665 4078; baseline 0 -20"><span class='ocrx_word' id='word_1_655' title='bbox 102 4001 279 4078; x_wconf 75' lang='lat' dir='ltr'><strong>habent</strong></span> <span class='ocrx_word' id='word_1_656' title='bbox 300 4022 333 4078; x_wconf 72' lang='lat'><strong>:_</strong></span> <span class='ocrx_word' id='word_1_657' title='bbox 352 4004 629 4078; x_wconf 74' lang='lat' dir='ltr'><strong>conceptio</strong></span> <span class='ocrx_word' id='word_1_658' title='bbox 659 4009 823 4078; x_wconf 74' lang='lat' dir='ltr'><strong>Anna:</strong></span> <span class='ocrx_word' id='word_1_659' title='bbox 848 4001 1083 4078; x_wconf 57' lang='lat' dir='ltr'><strong>justaz&#39;in</strong></span> <span class='ocrx_word' id='word_1_660' title='bbox 1117 4001 1340 4060; x_wconf 80' lang='lat' dir='ltr'><strong>Domina</strong></span> <span class='ocrx_word' id='word_1_661' title='bbox 1363 4014 1540 4060; x_wconf 88' lang='lat' dir='ltr'><strong>nostra</strong></span> <span class='ocrx_word' id='word_1_662' title='bbox 1577 4023 1665 4078; x_wconf 82' lang='lat' dir='ltr'><strong>ge-</strong></span> 
     </span>
    </p>
   </div>
   <div class='ocr_carea' id='block_1_92' title="bbox 103 4074 956 4141">
    <p class='ocr_par' dir='ltr' id='par_1_92' title="bbox 103 4074 956 4141">
     <span class='ocr_line' id='line_1_92' title="bbox 103 4074 956 4141; baseline 0.012 -20"><span class='ocrx_word' id='word_1_663' title='bbox 103 4075 261 4130; x_wconf 81' lang='lat' dir='ltr'><strong>nitrice</strong></span> <span class='ocrx_word' id='word_1_664' title='bbox 288 4074 421 4141; x_wconf 89' lang='lat' dir='ltr'><strong>Dei,</strong></span> <span class='ocrx_word' id='word_1_665' title='bbox 455 4078 538 4132; x_wconf 88' lang='lat' dir='ltr'><strong>die</strong></span> <span class='ocrx_word' id='word_1_666' title='bbox 577 4077 610 4133; x_wconf 89' lang='lat'><strong>9</strong></span> <span class='ocrx_word' id='word_1_667' title='bbox 641 4074 956 4132; x_wconf 75' lang='lat' dir='ltr'><strong>Decemliris.</strong></span> 
     </span>
    </p>
   </div>
   <div class='ocr_carea' id='block_1_93' title="bbox 160 4144 1661 4218">
    <p class='ocr_par' dir='ltr' id='par_1_93' title="bbox 160 4144 1661 4218">
     <span class='ocr_line' id='line_1_93' title="bbox 160 4144 1661 4218; baseline 0.001 -19"><span class='ocrx_word' id='word_1_668' title='bbox 160 4144 295 4218; x_wconf 85' lang='lat' dir='ltr'><strong>Lego</strong></span> <span class='ocrx_word' id='word_1_669' title='bbox 326 4148 494 4203; x_wconf 87' lang='lat' dir='ltr'><strong>etiam</strong></span> <span class='ocrx_word' id='word_1_670' title='bbox 539 4161 756 4204; x_wconf 88' lang='lat' dir='ltr'><strong>sanctos</strong></span> <span class='ocrx_word' id='word_1_671' title='bbox 797 4151 986 4205; x_wconf 88' lang='lat' dir='ltr'><strong>Patres</strong></span> <span class='ocrx_word' id='word_1_672' title='bbox 1027 4147 1329 4218; x_wconf 64' lang='lat' dir='ltr'><strong>saepissime</strong></span> <span class='ocrx_word' id='word_1_673' title='bbox 1357 4147 1661 4216; x_wconf 83' lang='lat' dir='ltr'><strong>conceptio-</strong></span> 
     </span>
    </p>
   </div>
   <div class='ocr_carea' id='block_1_94' title="bbox 103 4219 1668 4291">
    <p class='ocr_par' dir='ltr' id='par_1_94' title="bbox 103 4219 1668 4291">
     <span class='ocr_line' id='line_1_94' title="bbox 103 4219 1668 4291; baseline 0.002 -24"><span class='ocrx_word' id='word_1_674' title='bbox 103 4229 210 4270; x_wconf 82' lang='lat' dir='ltr'><strong>nem</strong></span> <span class='ocrx_word' id='word_1_675' title='bbox 240 4219 505 4288; x_wconf 85' lang='lat' dir='ltr'><strong>Virginis,</strong></span> <span class='ocrx_word' id='word_1_676' title='bbox 538 4236 656 4274; x_wconf 84' lang='lat' dir='ltr'><strong>eam</strong></span> <span class='ocrx_word' id='word_1_677' title='bbox 682 4237 788 4291; x_wconf 82' lang='lat' dir='ltr'><strong>qua</strong></span> <span class='ocrx_word' id='word_1_678' title='bbox 822 4222 994 4276; x_wconf 89' lang='lat' dir='ltr'><strong>Deutn</strong></span> <span class='ocrx_word' id='word_1_679' title='bbox 1029 4222 1205 4291; x_wconf 88' lang='lat' dir='ltr'><strong>ipsum</strong></span> <span class='ocrx_word' id='word_1_680' title='bbox 1245 4219 1509 4291; x_wconf 70' lang='lat' dir='ltr'><strong>concepit</strong></span> <span class='ocrx_word' id='word_1_681' title='bbox 1526 4233 1668 4291; x_wconf 84' lang='lat' dir='ltr'><strong>nuu-</strong></span> 
     </span>
    </p>
   </div>
   <div class='ocr_carea' id='block_1_95' title="bbox 105 4289 1668 4360">
    <p class='ocr_par' dir='ltr' id='par_1_95' title="bbox 105 4289 1668 4360">
     <span class='ocr_line' id='line_1_95' title="bbox 105 4289 1668 4360; baseline 0.001 -17"><span class='ocrx_word' id='word_1_682' title='bbox 105 4300 310 4360; x_wconf 70' lang='lat' dir='ltr'><strong>gupare;</strong></span> <span class='ocrx_word' id='word_1_683' title='bbox 347 4292 434 4345; x_wconf 82' lang='lat' dir='ltr'><strong>sic</strong></span> <span class='ocrx_word' id='word_1_684' title='bbox 464 4289 790 4354; x_wconf 76' lang='lat' dir='ltr'><strong>Bernardits,</strong></span> <span class='ocrx_word' id='word_1_685' title='bbox 823 4294 873 4347; x_wconf 92' lang='lat' dir='ltr'><strong>in</strong></span> <span class='ocrx_word' id='word_1_686' title='bbox 901 4294 1084 4347; x_wconf 86' lang='lat' dir='ltr'><strong>Serm.</strong></span> <span class='ocrx_word' id='word_1_687' title='bbox 1111 4293 1146 4345; x_wconf 76' lang='grc'><strong>4</strong></span> <span class='ocrx_word' id='word_1_688' title='bbox 1175 4289 1229 4345; x_wconf 90' lang='lat' dir='ltr'><strong>in</strong></span> <span class='ocrx_word' id='word_1_689' title='bbox 1257 4289 1435 4360; x_wconf 85' lang='lat' dir='ltr'><strong>vigilia</strong></span> <span class='ocrx_word' id='word_1_690' title='bbox 1467 4289 1668 4344; x_wconf 85' lang='lat' dir='ltr'><strong>Natalis</strong></span> 
     </span>
    </p>
   </div>
   <div class='ocr_carea' id='block_1_96' title="bbox 105 4354 1672 4434">
    <p class='ocr_par' dir='ltr' id='par_1_96' title="bbox 105 4354 1672 4434">
     <span class='ocr_line' id='line_1_96' title="bbox 105 4354 1672 4434; baseline 0.003 -24"><span class='ocrx_word' id='word_1_691' title='bbox 105 4354 330 4434; x_wconf 77' lang='lat' dir='ltr'><strong>Domini,</strong></span> <span class='ocrx_word' id='word_1_692' title='bbox 372 4362 594 4434; x_wconf 79' lang='lat' dir='ltr'><strong>Attende</strong></span> <span class='ocrx_word' id='word_1_693' title='bbox 631 4363 850 4434; x_wconf 88' lang='lat' dir='ltr'><strong>(inquit)</strong></span> <span class='ocrx_word' id='word_1_694' title='bbox 896 4373 942 4418; x_wconf 89' lang='lat' dir='ltr'><strong>et</strong></span> <span class='ocrx_word' id='word_1_695' title='bbox 983 4370 1283 4430; x_wconf 84' lang='lat' dir='ltr'><strong>conceptum</strong></span> <span class='ocrx_word' id='word_1_696' title='bbox 1311 4354 1516 4434; x_wconf 65' lang='lat' dir='ltr'><strong>invenis</strong></span> <span class='ocrx_word' id='word_1_697' title='bbox 1560 4361 1672 4414; x_wconf 84' lang='lat' dir='ltr'><strong>sine</strong></span> 
     </span>
    </p>
   </div>
   <div class='ocr_carea' id='block_1_97' title="bbox 103 4431 1671 4504">
    <p class='ocr_par' dir='ltr' id='par_1_97' title="bbox 103 4431 1671 4504">
     <span class='ocr_line' id='line_1_97' title="bbox 103 4431 1671 4504; baseline 0.001 -22"><span class='ocrx_word' id='word_1_698' title='bbox 103 4431 278 4504; x_wconf 66' lang='lat' dir='ltr'><strong>semine</strong></span> <span class='ocrx_word' id='word_1_699' title='bbox 299 4450 317 4486; x_wconf 89' lang='lat'><strong><em>:</em></strong></span> <span class='ocrx_word' id='word_1_700' title='bbox 337 4433 465 4501; x_wconf 84' lang='lat' dir='ltr'><strong>quid</strong></span> <span class='ocrx_word' id='word_1_701' title='bbox 492 4431 768 4503; x_wconf 70' lang='lat' dir='ltr'><strong>gloriosius</strong></span> <span class='ocrx_word' id='word_1_702' title='bbox 806 4452 965 4504; x_wconf 85' lang='lat' dir='ltr'><strong>quam</strong></span> <span class='ocrx_word' id='word_1_703' title='bbox 988 4441 1166 4504; x_wconf 82' lang='lat' dir='ltr'><strong>sancta</strong></span> <span class='ocrx_word' id='word_1_704' title='bbox 1191 4443 1236 4486; x_wconf 86' lang='lat' dir='ltr'><strong>et</strong></span> <span class='ocrx_word' id='word_1_705' title='bbox 1275 4433 1473 4485; x_wconf 82' lang='lat' dir='ltr'><strong>sincera</strong></span> <span class='ocrx_word' id='word_1_706' title='bbox 1499 4445 1671 4504; x_wconf 76' lang='lat' dir='ltr'><strong>conce-</strong></span> 
     </span>
    </p>
   </div>
   <div class='ocr_carea' id='block_1_98' title="bbox 103 4501 1672 4574">
    <p class='ocr_par' dir='ltr' id='par_1_98' title="bbox 103 4501 1672 4574">
     <span class='ocr_line' id='line_1_98' title="bbox 103 4501 1672 4574; baseline -0.001 -19"><span class='ocrx_word' id='word_1_707' title='bbox 103 4502 230 4567; x_wconf 68' lang='lat' dir='ltr'><strong>ptio,</strong></span> <span class='ocrx_word' id='word_1_708' title='bbox 259 4503 314 4554; x_wconf 88' lang='lat' dir='ltr'><strong>in</strong></span> <span class='ocrx_word' id='word_1_709' title='bbox 334 4521 438 4573; x_wconf 86' lang='lat' dir='ltr'><strong>qua</strong></span> <span class='ocrx_word' id='word_1_710' title='bbox 467 4501 600 4559; x_wconf 71' lang='lat' dir='ltr'><strong>nihil</strong></span> <span class='ocrx_word' id='word_1_711' title='bbox 624 4501 838 4574; x_wconf 81' lang='lat' dir='ltr'><strong>pudoris</strong></span> <span class='ocrx_word' id='word_1_712' title='bbox 864 4514 962 4571; x_wconf 86' lang='lat' dir='ltr'><strong>est,</strong></span> <span class='ocrx_word' id='word_1_713' title='bbox 994 4501 1126 4557; x_wconf 82' lang='lat' dir='ltr'><strong>nihil</strong></span> <span class='ocrx_word' id='word_1_714' title='bbox 1161 4505 1354 4567; x_wconf 80' lang='lat' dir='ltr'><strong>sordis,</strong></span> <span class='ocrx_word' id='word_1_715' title='bbox 1386 4503 1516 4556; x_wconf 86' lang='lat' dir='ltr'><strong>nihil</strong></span> <span class='ocrx_word' id='word_1_716' title='bbox 1556 4518 1672 4574; x_wconf 83' lang='lat' dir='ltr'><strong>cor—</strong></span> 
     </span>
    </p>
   </div>
   <div class='ocr_carea' id='block_1_99' title="bbox 101 4573 1671 4646">
    <p class='ocr_par' dir='ltr' id='par_1_99' title="bbox 101 4573 1671 4646">
     <span class='ocr_line' id='line_1_99' title="bbox 101 4573 1671 4646; baseline 0.006 -25"><span class='ocrx_word' id='word_1_717' title='bbox 101 4573 385 4646; x_wconf 58' lang='lat' dir='ltr'><strong>ruptionis}</strong></span> <span class='ocrx_word' id='word_1_718' title='bbox 416 4576 482 4629; x_wconf 82' lang='lat' dir='ltr'><strong>Et</strong></span> <span class='ocrx_word' id='word_1_719' title='bbox 502 4574 809 4646; x_wconf 86' lang='lat' dir='ltr'><strong>Cyprianus</strong></span> <span class='ocrx_word' id='word_1_720' title='bbox 838 4592 934 4632; x_wconf 90' lang='lat' dir='ltr'><strong>seu</strong></span> <span class='ocrx_word' id='word_1_721' title='bbox 964 4578 1084 4644; x_wconf 88' lang='lat' dir='ltr'><strong>ejus</strong></span> <span class='ocrx_word' id='word_1_722' title='bbox 1111 4575 1369 4643; x_wconf 79' lang='lat' dir='ltr'><strong>aequalis,</strong></span> <span class='ocrx_word' id='word_1_723' title='bbox 1398 4573 1467 4646; x_wconf 67' lang='lat' dir='ltr'><strong>de</strong></span> <span class='ocrx_word' id='word_1_724' title='bbox 1495 4573 1671 4646; x_wconf 59' lang='lat' dir='ltr'><strong>cardi-</strong></span> 
     </span>
    </p>
   </div>
   <div class='ocr_carea' id='block_1_100' title="bbox 102 4642 1671 4721">
    <p class='ocr_par' dir='ltr' id='par_1_100' title="bbox 102 4642 1671 4721">
     <span class='ocr_line' id='line_1_100' title="bbox 102 4642 1671 4721; baseline 0.004 -31"><span class='ocrx_word' id='word_1_725' title='bbox 102 4642 307 4721; x_wconf 78' lang='lat' dir='ltr'><strong>nalibus</strong></span> <span class='ocrx_word' id='word_1_726' title='bbox 326 4642 516 4721; x_wconf 82' lang='lat' dir='ltr'><strong>Christi</strong></span> <span class='ocrx_word' id='word_1_727' title='bbox 541 4642 817 4721; x_wconf 80' lang='lat' dir='ltr'><strong>operibus,</strong></span> <span class='ocrx_word' id='word_1_728' title='bbox 851 4642 1035 4721; x_wconf 80' lang='lat' dir='ltr'><strong>Serui.</strong></span> <span class='ocrx_word' id='word_1_729' title='bbox 1064 4648 1131 4700; x_wconf 90' lang='lat' dir='ltr'><strong>de</strong></span> <span class='ocrx_word' id='word_1_730' title='bbox 1163 4642 1402 4710; x_wconf 75' lang='lat' dir='ltr'><strong>Nativit.,</strong></span> <span class='ocrx_word' id='word_1_731' title='bbox 1431 4643 1671 4721; x_wconf 27' lang='lat' dir='ltr'><strong>OAVirgo</strong></span> 
     </span>
    </p>
   </div>
   <div class='ocr_carea' id='block_1_101' title="bbox 93 4717 1666 4790">
    <p class='ocr_par' dir='ltr' id='par_1_101' title="bbox 93 4717 1666 4790">
     <span class='ocr_line' id='line_1_101' title="bbox 93 4717 1666 4790; baseline 0.001 -25"><span class='ocrx_word' id='word_1_732' title='bbox 93 4717 320 4790; x_wconf 57' lang='lat' dir='ltr'><strong>jus/aet</strong></span> <span class='ocrx_word' id='word_1_733' title='bbox 342 4719 705 4790; x_wconf 26' lang='lat' dir='ltr'><strong>omni‘justitia</strong></span> <span class='ocrx_word' id='word_1_734' title='bbox 734 4720 1054 4788; x_wconf 79' lang='lat' dir='ltr'><strong>plenissima,</strong></span> <span class='ocrx_word' id='word_1_735' title='bbox 1086 4722 1236 4790; x_wconf 83' lang='lat' dir='ltr'><strong>cujus</strong></span> <span class='ocrx_word' id='word_1_736' title='bbox 1267 4717 1666 4790; x_wconf 76' lang='lat' dir='ltr'><strong>conceptio_sin-</strong></span> 
     </span>
    </p>
   </div>
   <div class='ocr_carea' id='block_1_102' title="bbox 101 4784 1668 4859">
    <p class='ocr_par' dir='ltr' id='par_1_102' title="bbox 101 4784 1668 4859">
     <span class='ocr_line' id='line_1_102' title="bbox 101 4784 1668 4859; baseline 0.003 -25"><span class='ocrx_word' id='word_1_737' title='bbox 101 4784 320 4859; x_wconf 71' lang='lat' dir='ltr'><strong>galeris!</strong></span> <span class='ocrx_word' id='word_1_738' title='bbox 357 4784 613 4859; x_wconf 80' lang='lat' dir='ltr'><strong>nimirum</strong></span> <span class='ocrx_word' id='word_1_739' title='bbox 665 4784 790 4859; x_wconf 83' lang='lat' dir='ltr'><strong>quia</strong></span> <span class='ocrx_word' id='word_1_740' title='bbox 844 4791 963 4844; x_wconf 90' lang='lat' dir='ltr'><strong>sine</strong></span> <span class='ocrx_word' id='word_1_741' title='bbox 1021 4784 1668 4859; x_wconf 10' lang='lat' dir='ltr'><strong>t-iri&#39;semineg&#39;perlceta</strong></span> 
     </span>
    </p>
   </div>
   <div class='ocr_carea' id='block_1_103' title="bbox 102 4854 1675 4933">
    <p class='ocr_par' dir='ltr' id='par_1_103' title="bbox 102 4854 1675 4933">
     <span class='ocr_line' id='line_1_103' title="bbox 102 4854 1675 4933; baseline 0.006 -29"><span class='ocrx_word' id='word_1_742' title='bbox 102 4854 236 4933; x_wconf 64' lang='lat' dir='ltr'><strong>luit;</strong></span> <span class='ocrx_word' id='word_1_743' title='bbox 263 4858 406 4913; x_wconf 87' lang='lat' dir='ltr'><strong>unde</strong></span> <span class='ocrx_word' id='word_1_744' title='bbox 438 4870 495 4933; x_wconf 85' lang='lat' dir='ltr'><strong>et</strong></span> <span class='ocrx_word' id='word_1_745' title='bbox 536 4854 741 4926; x_wconf 78' lang='lat' dir='ltr'><strong>subdit,</strong></span> <span class='ocrx_word' id='word_1_746' title='bbox 774 4861 979 4933; x_wconf 85' lang='lat' dir='ltr'><strong>Spiritu</strong></span> <span class='ocrx_word' id='word_1_747' title='bbox 1011 4871 1188 4933; x_wconf 84' lang='lat' dir='ltr'><strong>sancto</strong></span> <span class='ocrx_word' id='word_1_748' title='bbox 1227 4854 1565 4933; x_wconf 61' lang='lat' dir='ltr'><strong>obumbrante</strong></span> <span class='ocrx_word' id='word_1_749' title='bbox 1592 4858 1675 4913; x_wconf 83' lang='lat' dir='ltr'><strong>itt-</strong></span> 
     </span>
    </p>
   </div>
   <div class='ocr_carea' id='block_1_104' title="bbox 103 4928 1675 5000">
    <p class='ocr_par' dir='ltr' id='par_1_104' title="bbox 103 4928 1675 5000">
     <span class='ocr_line' id='line_1_104' title="bbox 103 4928 1675 5000; baseline 0.004 -23"><span class='ocrx_word' id='word_1_750' title='bbox 103 4928 323 4983; x_wconf 81' lang='lat' dir='ltr'><strong>cendium</strong></span> <span class='ocrx_word' id='word_1_751' title='bbox 367 4931 617 5000; x_wconf 83' lang='lat' dir='ltr'><strong>originale</strong></span> <span class='ocrx_word' id='word_1_752' title='bbox 650 4928 962 4986; x_wconf 78' lang='lat' dir='ltr'><strong>exstinctum</strong></span> <span class='ocrx_word' id='word_1_753' title='bbox 989 4941 1060 4985; x_wconf 87' lang='lat' dir='ltr'><strong>est</strong></span> <span class='ocrx_word' id='word_1_754' title='bbox 1096 4932 1170 4997; x_wconf 87' lang='lat' dir='ltr'><strong>(id</strong></span> <span class='ocrx_word' id='word_1_755' title='bbox 1219 4943 1325 4995; x_wconf 88' lang='lat' dir='ltr'><strong>est,</strong></span> <span class='ocrx_word' id='word_1_756' title='bbox 1356 4930 1675 4986; x_wconf 88' lang='lat' dir='ltr'><strong>libidinosus</strong></span> 
     </span>
    </p>
   </div>
   <div class='ocr_carea' id='block_1_105' title="bbox 104 5001 1670 5074">
    <p class='ocr_par' dir='ltr' id='par_1_105' title="bbox 104 5001 1670 5074">
     <span class='ocr_line' id='line_1_105' title="bbox 104 5001 1670 5074; baseline 0.004 -26"><span class='ocrx_word' id='word_1_757' title='bbox 104 5002 369 5074; x_wconf 71' lang='lat' dir='ltr'><strong>prurittts),</strong></span> <span class='ocrx_word' id='word_1_758' title='bbox 414 5002 633 5074; x_wconf 77' lang='lat' dir='ltr'><strong>ideoque</strong></span> <span class='ocrx_word' id='word_1_759' title='bbox 662 5004 932 5074; x_wconf 76' lang='lat' dir='ltr'><strong>innoxiam</strong></span> <span class='ocrx_word' id='word_1_760' title='bbox 965 5003 1154 5074; x_wconf 67' lang='lat' dir='ltr'><strong>afﬂigi</strong></span> <span class='ocrx_word' id='word_1_761' title='bbox 1189 5017 1292 5056; x_wconf 90' lang='lat' dir='ltr'><strong>non</strong></span> <span class='ocrx_word' id='word_1_762' title='bbox 1337 5001 1529 5068; x_wconf 86' lang='lat' dir='ltr'><strong>decuit,</strong></span> <span class='ocrx_word' id='word_1_763' title='bbox 1567 5015 1670 5057; x_wconf 89' lang='lat' dir='ltr'><strong>etc.</strong></span> 
     </span>
    </p>
   </div>
   <div class='ocr_carea' id='block_1_106' title="bbox 105 5064 1677 5144">
    <p class='ocr_par' dir='ltr' id='par_1_106' title="bbox 105 5064 1677 5144">
     <span class='ocr_line' id='line_1_106' title="bbox 105 5064 1677 5144; baseline 0.004 -23"><span class='ocrx_word' id='word_1_764' title='bbox 105 5064 398 5144; x_wconf 78' lang='lat' dir='ltr'><strong>Bernardus</strong></span> <span class='ocrx_word' id='word_1_765' title='bbox 429 5064 626 5128; x_wconf 77' lang='lat' dir='ltr'><strong>iterum</strong></span> <span class='ocrx_word' id='word_1_766' title='bbox 664 5073 810 5128; x_wconf 87' lang='lat' dir='ltr'><strong>hom.</strong></span> <span class='ocrx_word' id='word_1_767' title='bbox 844 5077 878 5129; x_wconf 75' lang='grc'><strong>4</strong></span> <span class='ocrx_word' id='word_1_768' title='bbox 908 5064 1295 5144; x_wconf 66' lang='grc' dir='ltr'><strong>ευρἑἮὶεειιε</strong></span> <span class='ocrx_word' id='word_1_769' title='bbox 1336 5082 1434 5144; x_wconf 76' lang='lat' dir='ltr'><strong>est,</strong></span> <span class='ocrx_word' id='word_1_770' title='bbox 1479 5064 1677 5144; x_wconf 76' lang='lat' dir='ltr'><strong>conce-</strong></span> 
     </span>
    </p>
   </div>
   <div class='ocr_carea' id='block_1_107' title="bbox 106 5141 1677 5218">
    <p class='ocr_par' dir='ltr' id='par_1_107' title="bbox 106 5141 1677 5218">
     <span class='ocr_line' id='line_1_107' title="bbox 106 5141 1677 5218; baseline 0.006 -28"><span class='ocrx_word' id='word_1_771' title='bbox 106 5141 322 5218; x_wconf 65' lang='lat' dir='ltr'><strong>ptionem</strong></span> <span class='ocrx_word' id='word_1_772' title='bbox 353 5143 610 5212; x_wconf 67' lang='lat' dir='ltr'><strong>Baptista:</strong></span> <span class='ocrx_word' id='word_1_773' title='bbox 639 5155 798 5218; x_wconf 86' lang='lat' dir='ltr'><strong>vocat</strong></span> <span class='ocrx_word' id='word_1_774' title='bbox 824 5141 1232 5218; x_wconf 80' lang='lat' dir='ltr'><strong>conceptionem</strong></span> <span class='ocrx_word' id='word_1_775' title='bbox 1259 5143 1677 5218; x_wconf 67' lang='lat' dir='ltr'><strong>Elisabetb.i‘icc</strong></span> 
     </span>
    </p>
   </div>
   <div class='ocr_carea' id='block_1_108' title="bbox 106 5215 1677 5286">
    <p class='ocr_par' dir='ltr' id='par_1_108' title="bbox 106 5215 1677 5286">
     <span class='ocr_line' id='line_1_108' title="bbox 106 5215 1677 5286; baseline 0.008 -28"><span class='ocrx_word' id='word_1_776' title='bbox 106 5215 304 5280; x_wconf 86' lang='lat' dir='ltr'><strong>tttirum,</strong></span> <span class='ocrx_word' id='word_1_777' title='bbox 352 5230 474 5286; x_wconf 86' lang='lat' dir='ltr'><strong>cum</strong></span> <span class='ocrx_word' id='word_1_778' title='bbox 505 5217 792 5282; x_wconf 74' lang='lat' dir='ltr'><strong>citttceptio</strong></span> <span class='ocrx_word' id='word_1_779' title='bbox 828 5217 1051 5272; x_wconf 87' lang='lat' dir='ltr'><strong>actionis</strong></span> <span class='ocrx_word' id='word_1_780' title='bbox 1085 5232 1280 5269; x_wconf 89' lang='lat' dir='ltr'><strong>nomen</strong></span> <span class='ocrx_word' id='word_1_781' title='bbox 1317 5215 1386 5268; x_wconf 92' lang='lat' dir='ltr'><strong>sit</strong></span> <span class='ocrx_word' id='word_1_782' title='bbox 1425 5216 1677 5286; x_wconf 87' lang='lat' dir='ltr'><strong>proprius</strong></span> 
     </span>
    </p>
   </div>
   <div class='ocr_carea' id='block_1_109' title="bbox 105 5285 1675 5358">
    <p class='ocr_par' dir='ltr' id='par_1_109' title="bbox 105 5285 1675 5358">
     <span class='ocr_line' id='line_1_109' title="bbox 105 5285 1675 5358; baseline 0.004 -25"><span class='ocrx_word' id='word_1_783' title='bbox 105 5293 244 5358; x_wconf 66' lang='lat' dir='ltr'><strong>quam</strong></span> <span class='ocrx_word' id='word_1_784' title='bbox 275 5285 567 5349; x_wconf 84' lang='lat' dir='ltr'><strong>passionis.</strong></span> <span class='ocrx_word' id='word_1_785' title='bbox 604 5286 761 5340; x_wconf 83' lang='lat' dir='ltr'><strong>ilunc</strong></span> <span class='ocrx_word' id='word_1_786' title='bbox 799 5295 946 5341; x_wconf 88' lang='lat' dir='ltr'><strong>certe</strong></span> <span class='ocrx_word' id='word_1_787' title='bbox 987 5304 1206 5343; x_wconf 81' lang='lat' dir='ltr'><strong>sensum</strong></span> <span class='ocrx_word' id='word_1_788' title='bbox 1241 5285 1470 5358; x_wconf 90' lang='lat' dir='ltr'><strong>reddunt</strong></span> <span class='ocrx_word' id='word_1_789' title='bbox 1517 5288 1675 5358; x_wconf 83' lang='lat' dir='ltr'><strong>verba</strong></span> 
     </span>
    </p>
   </div>
   <div class='ocr_carea' id='block_1_110' title="bbox 105 5353 1679 5430">
    <p class='ocr_par' dir='ltr' id='par_1_110' title="bbox 105 5353 1679 5430">
     <span class='ocr_line' id='line_1_110' title="bbox 105 5353 1679 5430; baseline 0.006 -28"><span class='ocrx_word' id='word_1_790' title='bbox 105 5353 185 5404; x_wconf 91' lang='lat' dir='ltr'><strong>illa</strong></span> <span class='ocrx_word' id='word_1_791' title='bbox 214 5355 438 5430; x_wconf 69' lang='lat' dir='ltr'><strong>liturgia:</strong></span> <span class='ocrx_word' id='word_1_792' title='bbox 459 5357 692 5430; x_wconf 70' lang='lat' dir='ltr'><strong>deeimze</strong></span> <span class='ocrx_word' id='word_1_793' title='bbox 723 5371 788 5411; x_wconf 79' lang='lat' dir='ltr'><strong>ex</strong></span> <span class='ocrx_word' id='word_1_794' title='bbox 817 5358 1040 5424; x_wconf 68' lang='lat' dir='ltr'><strong>Graecis,</strong></span> <span class='ocrx_word' id='word_1_795' title='bbox 1068 5372 1201 5430; x_wconf 88' lang='lat' dir='ltr'><strong>quas</strong></span> <span class='ocrx_word' id='word_1_796' title='bbox 1224 5357 1478 5430; x_wconf 82' lang='lat' dir='ltr'><strong>Claudius</strong></span> <span class='ocrx_word' id='word_1_797' title='bbox 1505 5357 1679 5427; x_wconf 87' lang='lat' dir='ltr'><strong>Spen-</strong></span> 
     </span>
    </p>
   </div>
   <div class='ocr_carea' id='block_1_111' title="bbox 105 5427 1678 5500">
    <p class='ocr_par' dir='ltr' id='par_1_111' title="bbox 105 5427 1678 5500">
     <span class='ocr_line' id='line_1_111' title="bbox 105 5427 1678 5500; baseline 0.007 -27"><span class='ocrx_word' id='word_1_798' title='bbox 105 5434 232 5478; x_wconf 70' lang='lat' dir='ltr'><strong>catus</strong></span> <span class='ocrx_word' id='word_1_799' title='bbox 270 5428 479 5481; x_wconf 87' lang='lat' dir='ltr'><strong>edidit:</strong></span> <span class='ocrx_word' id='word_1_800' title='bbox 517 5427 623 5495; x_wconf 84' lang='lat' dir='ltr'><strong>Qui</strong></span> <span class='ocrx_word' id='word_1_801' title='bbox 667 5431 920 5500; x_wconf 78' lang='lat' dir='ltr'><strong>consecuti</strong></span> <span class='ocrx_word' id='word_1_802' title='bbox 965 5427 1144 5484; x_wconf 78' lang='lat' dir='ltr'><strong>sumus</strong></span> <span class='ocrx_word' id='word_1_803' title='bbox 1191 5428 1441 5500; x_wconf 87' lang='lat' dir='ltr'><strong>gaudium</strong></span> <span class='ocrx_word' id='word_1_804' title='bbox 1485 5429 1538 5481; x_wconf 84' lang='lat' dir='ltr'><strong>in</strong></span> <span class='ocrx_word' id='word_1_805' title='bbox 1588 5437 1678 5484; x_wconf 89' lang='lat' dir='ltr'><strong>tuo</strong></span> 
     </span>
    </p>
   </div>
   <div class='ocr_carea' id='block_1_112' title="bbox 107 5498 1680 5569">
    <p class='ocr_par' dir='ltr' id='par_1_112' title="bbox 107 5498 1680 5569">
     <span class='ocr_line' id='line_1_112' title="bbox 107 5498 1680 5569; baseline 0.006 -26"><span class='ocrx_word' id='word_1_806' title='bbox 107 5507 359 5569; x_wconf 78' lang='lat' dir='ltr'><strong>conceptu,</strong></span> <span class='ocrx_word' id='word_1_807' title='bbox 385 5515 416 5552; x_wconf 90' lang='grc' dir='ltr'><strong><em>ο</em></strong></span> <span class='ocrx_word' id='word_1_808' title='bbox 451 5501 615 5569; x_wconf 84' lang='lat' dir='ltr'><strong>plane</strong></span> <span class='ocrx_word' id='word_1_809' title='bbox 659 5498 1006 5569; x_wconf 80' lang='lat' dir='ltr'><strong>immaculata,</strong></span> <span class='ocrx_word' id='word_1_810' title='bbox 1037 5498 1326 5554; x_wconf 81' lang='lat' dir='ltr'><strong>salutamus</strong></span> <span class='ocrx_word' id='word_1_811' title='bbox 1364 5509 1411 5552; x_wconf 90' lang='lat' dir='ltr'><strong>te</strong></span> <span class='ocrx_word' id='word_1_812' title='bbox 1439 5515 1558 5553; x_wconf 84' lang='lat' dir='ltr'><strong>cum</strong></span> <span class='ocrx_word' id='word_1_813' title='bbox 1587 5518 1680 5553; x_wconf 88' lang='lat' dir='ltr'><strong>an-</strong></span> 
     </span>
    </p>
   </div>
   <div class='ocr_carea' id='block_1_113' title="bbox 106 5567 1681 5642">
    <p class='ocr_par' dir='ltr' id='par_1_113' title="bbox 106 5567 1681 5642">
     <span class='ocr_line' id='line_1_113' title="bbox 106 5567 1681 5642; baseline 0.006 -25"><span class='ocrx_word' id='word_1_814' title='bbox 106 5567 205 5642; x_wconf 68' lang='lat' dir='ltr'><strong>gelo</strong></span> <span class='ocrx_word' id='word_1_815' title='bbox 225 5567 540 5642; x_wconf 81' lang='lat' dir='ltr'><strong>clamantes,</strong></span> <span class='ocrx_word' id='word_1_816' title='bbox 571 5568 702 5632; x_wconf 81' lang='lat' dir='ltr'><strong>Ave,</strong></span> <span class='ocrx_word' id='word_1_817' title='bbox 729 5579 832 5622; x_wconf 87' lang='lat' dir='ltr'><strong>etc.</strong></span> <span class='ocrx_word' id='word_1_818' title='bbox 859 5567 1182 5638; x_wconf 37' lang='lat' dir='ltr'><strong>Quze&#39;tamen</strong></span> <span class='ocrx_word' id='word_1_819' title='bbox 1212 5572 1457 5626; x_wconf 91' lang='lat' dir='ltr'><strong>nonnulli</strong></span> <span class='ocrx_word' id='word_1_820' title='bbox 1487 5572 1681 5627; x_wconf 86' lang='lat' dir='ltr'><strong>imme-</strong></span> 
     </span>
    </p>
   </div>
   <div class='ocr_carea' id='block_1_114' title="bbox 108 5639 1678 5711">
    <p class='ocr_par' dir='ltr' id='par_1_114' title="bbox 108 5639 1678 5711">
     <span class='ocr_line' id='line_1_114' title="bbox 108 5639 1678 5711; baseline 0.006 -26"><span class='ocrx_word' id='word_1_821' title='bbox 108 5639 199 5689; x_wconf 81' lang='lat' dir='ltr'><strong>rito</strong></span> <span class='ocrx_word' id='word_1_822' title='bbox 239 5639 308 5695; x_wconf 89' lang='lat' dir='ltr'><strong>de</strong></span> <span class='ocrx_word' id='word_1_823' title='bbox 348 5641 573 5711; x_wconf 85' lang='lat' dir='ltr'><strong>passiva</strong></span> <span class='ocrx_word' id='word_1_824' title='bbox 616 5642 966 5710; x_wconf 82' lang='lat' dir='ltr'><strong>conceptione</strong></span> <span class='ocrx_word' id='word_1_825' title='bbox 1015 5643 1240 5711; x_wconf 87' lang='lat' dir='ltr'><strong>intelligi</strong></span> <span class='ocrx_word' id='word_1_826' title='bbox 1281 5644 1486 5707; x_wconf 84' lang='lat' dir='ltr'><strong>volunt,</strong></span> <span class='ocrx_word' id='word_1_827' title='bbox 1535 5644 1678 5696; x_wconf 84' lang='lat' dir='ltr'><strong>relu-.</strong></span> 
     </span>
    </p>
   </div>
   <div class='ocr_carea' id='block_1_115' title="bbox 106 5711 1679 5795">
    <p class='ocr_par' dir='ltr' id='par_1_115' title="bbox 106 5711 1679 5795">
     <span class='ocr_line' id='line_1_115' title="bbox 106 5711 1679 5795; baseline 0.003 -31"><span class='ocrx_word' id='word_1_828' title='bbox 106 5716 268 5795; x_wconf 57' lang='lat' dir='ltr'><strong>Stante</strong></span> <span class='ocrx_word' id='word_1_829' title='bbox 295 5711 418 5795; x_wconf 75' lang='lat' dir='ltr'><strong>ipso</strong></span> <span class='ocrx_word' id='word_1_830' title='bbox 442 5717 750 5795; x_wconf 63' lang='lat' dir='ltr'><strong>contextu,</strong></span> <span class='ocrx_word' id='word_1_831' title='bbox 777 5714 856 5779; x_wconf 90' lang='lat' dir='ltr'><strong>qui</strong></span> <span class='ocrx_word' id='word_1_832' title='bbox 881 5713 954 5795; x_wconf 42' lang='lat' dir='ltr'><strong>de.</strong></span> <span class='ocrx_word' id='word_1_833' title='bbox 976 5713 1679 5795; x_wconf 41' lang='lat' dir='ltr'><strong>ettnuntiatione_Ange.lica</strong></span> 
     </span>
    </p>
   </div>
   <div class='ocr_carea' id='block_1_116' title="bbox 107 5777 1683 5863">
    <p class='ocr_par' dir='ltr' id='par_1_116' title="bbox 107 5777 1683 5863">
     <span class='ocr_line' id='line_1_116' title="bbox 107 5777 1683 5863; baseline 0.006 -23"><span class='ocrx_word' id='word_1_834' title='bbox 107 5777 284 5853; x_wconf 81' lang='lat' dir='ltr'><strong>planus</strong></span> <span class='ocrx_word' id='word_1_835' title='bbox 307 5777 416 5847; x_wconf 68' lang='lat' dir='ltr'><strong>est.</strong></span> <span class='ocrx_word' id='word_1_836' title='bbox 445 5782 650 5863; x_wconf 71' lang='lat' dir='ltr'><strong>Neque</strong></span> <span class='ocrx_word' id='word_1_837' title='bbox 682 5777 842 5846; x_wconf 82' lang='lat' dir='ltr'><strong>aliuiu</strong></span> <span class='ocrx_word' id='word_1_838' title='bbox 866 5785 1091 5852; x_wconf 78' lang='lat' dir='ltr'><strong>reddere</strong></span> <span class='ocrx_word' id='word_1_839' title='bbox 1116 5784 1282 5851; x_wconf 78' lang='lat' dir='ltr'><strong>credo</strong></span> <span class='ocrx_word' id='word_1_840' title='bbox 1311 5783 1474 5850; x_wconf 78' lang='lat' dir='ltr'><strong>verba</strong></span> <span class='ocrx_word' id='word_1_841' title='bbox 1501 5777 1683 5863; x_wconf 68' lang='lat' dir='ltr'><strong>cujus—</strong></span> 
     </span>
    </p>
   </div>
   <div class='ocr_carea' id='block_1_117' title="bbox 1769 3435 3358 3506">
    <p class='ocr_par' dir='ltr' id='par_1_117' title="bbox 1769 3435 3358 3506">
     <span class='ocr_line' id='line_1_117' title="bbox 1769 3435 3358 3506; baseline 0.004 -22"><span class='ocrx_word' id='word_1_842' title='bbox 1769 3435 2069 3506; x_wconf 75' lang='lat' dir='ltr'><strong>cetttissinti</strong></span> <span class='ocrx_word' id='word_1_843' title='bbox 2104 3437 2225 3506; x_wconf 78' lang='lat' dir='ltr'><strong>styli</strong></span> <span class='ocrx_word' id='word_1_844' title='bbox 2279 3435 2653 3506; x_wconf 82' lang='lat' dir='ltr'><strong>theologorum</strong></span> <span class='ocrx_word' id='word_1_845' title='bbox 2706 3435 2866 3505; x_wconf 85' lang='lat' dir='ltr'><strong>hujus</strong></span> <span class='ocrx_word' id='word_1_846' title='bbox 2915 3436 3036 3500; x_wconf 58' lang='lat' dir='ltr'><strong>arvi,</strong></span> <span class='ocrx_word' id='word_1_847' title='bbox 3071 3445 3125 3491; x_wconf 90' lang='lat' dir='ltr'><strong>et</strong></span> <span class='ocrx_word' id='word_1_848' title='bbox 3178 3437 3358 3502; x_wconf 87' lang='lat' dir='ltr'><strong>potius</strong></span> 
     </span>
    </p>
   </div>
   <div class='ocr_carea' id='block_1_118' title="bbox 1768 3503 3363 3578">
    <p class='ocr_par' dir='ltr' id='par_1_118' title="bbox 1768 3503 3363 3578">
     <span class='ocr_line' id='line_1_118' title="bbox 1768 3503 3363 3578; baseline 0.003 -23"><span class='ocrx_word' id='word_1_849' title='bbox 1768 3503 2102 3578; x_wconf 85' lang='lat' dir='ltr'><strong>reddendum</strong></span> <span class='ocrx_word' id='word_1_850' title='bbox 2136 3503 2300 3573; x_wconf 80' lang='lat' dir='ltr'><strong>esset,</strong></span> <span class='ocrx_word' id='word_1_851' title='bbox 2332 3503 2605 3562; x_wconf 79' lang='lat' dir='ltr'><strong>liberatum</strong></span> <span class='ocrx_word' id='word_1_852' title='bbox 2632 3503 2791 3575; x_wconf 71' lang='lat' dir='ltr'><strong>fuisse</strong></span> <span class='ocrx_word' id='word_1_853' title='bbox 2819 3524 2850 3559; x_wconf 95' lang='lat' dir='ltr'><strong>a</strong></span> <span class='ocrx_word' id='word_1_854' title='bbox 2878 3507 3018 3560; x_wconf 87' lang='lat' dir='ltr'><strong>malo</strong></span> <span class='ocrx_word' id='word_1_855' title='bbox 3046 3507 3228 3578; x_wconf 82' lang='lat' dir='ltr'><strong>printte</strong></span> <span class='ocrx_word' id='word_1_856' title='bbox 3255 3508 3363 3560; x_wconf 84' lang='lat' dir='ltr'><strong>ori-</strong></span> 
     </span>
    </p>
   </div>
   <div class='ocr_carea' id='block_1_119' title="bbox 1769 3574 3352 3647">
    <p class='ocr_par' dir='ltr' id='par_1_119' title="bbox 1769 3574 3352 3647">
     <span class='ocr_line' id='line_1_119' title="bbox 1769 3574 3352 3647; baseline 0.004 -22"><span class='ocrx_word' id='word_1_857' title='bbox 1769 3574 1905 3647; x_wconf 68' lang='lat' dir='ltr'><strong>ginis</strong></span> <span class='ocrx_word' id='word_1_858' title='bbox 1947 3575 2001 3627; x_wconf 90' lang='lat' dir='ltr'><strong>in</strong></span> <span class='ocrx_word' id='word_1_859' title='bbox 2032 3588 2286 3631; x_wconf 88' lang='lat' dir='ltr'><strong>montento</strong></span> <span class='ocrx_word' id='word_1_860' title='bbox 2312 3574 2664 3647; x_wconf 80' lang='lat' dir='ltr'><strong>conceptionis</strong></span> <span class='ocrx_word' id='word_1_861' title='bbox 2694 3593 2800 3632; x_wconf 74' lang='lat' dir='ltr'><strong>sua:</strong></span> <span class='ocrx_word' id='word_1_862' title='bbox 2822 3594 2840 3631; x_wconf 91' lang='lat'><strong><em>:</em></strong></span> <span class='ocrx_word' id='word_1_863' title='bbox 2875 3579 2959 3632; x_wconf 87' lang='lat' dir='ltr'><strong>vel</strong></span> <span class='ocrx_word' id='word_1_864' title='bbox 2991 3574 3118 3647; x_wconf 82' lang='lat' dir='ltr'><strong>quid</strong></span> <span class='ocrx_word' id='word_1_865' title='bbox 3155 3579 3352 3634; x_wconf 79' lang='lat' dir='ltr'><strong>simile.</strong></span> 
     </span>
    </p>
   </div>
   <div class='ocr_carea' id='block_1_120' title="bbox 1770 3644 3363 3715">
    <p class='ocr_par' dir='ltr' id='par_1_120' title="bbox 1770 3644 3363 3715">
     <span class='ocr_line' id='line_1_120' title="bbox 1770 3644 3363 3715; baseline 0.004 -17"><span class='ocrx_word' id='word_1_866' title='bbox 1770 3644 1878 3699; x_wconf 85' lang='lat' dir='ltr'><strong>Sed</strong></span> <span class='ocrx_word' id='word_1_867' title='bbox 1901 3647 2163 3715; x_wconf 77' lang='lat' dir='ltr'><strong>quidquid</strong></span> <span class='ocrx_word' id='word_1_868' title='bbox 2204 3649 2276 3702; x_wconf 87' lang='lat' dir='ltr'><strong>sit</strong></span> <span class='ocrx_word' id='word_1_869' title='bbox 2301 3648 2368 3703; x_wconf 86' lang='lat' dir='ltr'><strong>de</strong></span> <span class='ocrx_word' id='word_1_870' title='bbox 2399 3644 2778 3714; x_wconf 84' lang='lat' dir='ltr'><strong>translatione,</strong></span> <span class='ocrx_word' id='word_1_871' title='bbox 2835 3644 3026 3703; x_wconf 80' lang='lat' dir='ltr'><strong>sensus</strong></span> <span class='ocrx_word' id='word_1_872' title='bbox 3064 3649 3235 3704; x_wconf 78' lang='lat' dir='ltr'><strong>facilis</strong></span> <span class='ocrx_word' id='word_1_873' title='bbox 3274 3659 3363 3704; x_wconf 88' lang='lat' dir='ltr'><strong>est</strong></span> 
     </span>
    </p>
   </div>
   <div class='ocr_carea' id='block_1_121' title="bbox 1771 3719 3350 3790">
    <p class='ocr_par' dir='ltr' id='par_1_121' title="bbox 1771 3719 3350 3790">
     <span class='ocr_line' id='line_1_121' title="bbox 1771 3719 3350 3790; baseline 0.003 -22"><span class='ocrx_word' id='word_1_874' title='bbox 1771 3724 1828 3768; x_wconf 91' lang='lat' dir='ltr'><strong>et</strong></span> <span class='ocrx_word' id='word_1_875' title='bbox 1867 3719 2246 3783; x_wconf 86' lang='lat' dir='ltr'><strong>necessarius;</strong></span> <span class='ocrx_word' id='word_1_876' title='bbox 2291 3720 2547 3776; x_wconf 86' lang='lat' dir='ltr'><strong>videlicet</strong></span> <span class='ocrx_word' id='word_1_877' title='bbox 2591 3721 2692 3774; x_wconf 91' lang='lat' dir='ltr'><strong>sub</strong></span> <span class='ocrx_word' id='word_1_878' title='bbox 2735 3720 3174 3774; x_wconf 82' lang='lat' dir='ltr'><strong>interminatione</strong></span> <span class='ocrx_word' id='word_1_879' title='bbox 3204 3721 3350 3790; x_wconf 76' lang='lat' dir='ltr'><strong>vitae,</strong></span> 
     </span>
    </p>
   </div>
   <div class='ocr_carea' id='block_1_122' title="bbox 1768 3790 3356 3860">
    <p class='ocr_par' dir='ltr' id='par_1_122' title="bbox 1768 3790 3356 3860">
     <span class='ocr_line' id='line_1_122' title="bbox 1768 3790 3356 3860; baseline 0.004 -24"><span class='ocrx_word' id='word_1_880' title='bbox 1768 3795 1862 3860; x_wconf 81' lang='lat' dir='ltr'><strong>aut</strong></span> <span class='ocrx_word' id='word_1_881' title='bbox 1886 3790 2074 3842; x_wconf 91' lang='lat' dir='ltr'><strong>mortis</strong></span> <span class='ocrx_word' id='word_1_882' title='bbox 2097 3799 2316 3844; x_wconf 64' lang='lat' dir='ltr'><strong>internae</strong></span> <span class='ocrx_word' id='word_1_883' title='bbox 2345 3793 2412 3844; x_wconf 89' lang='lat' dir='ltr'><strong>ab</strong></span> <span class='ocrx_word' id='word_1_884' title='bbox 2439 3791 2692 3846; x_wconf 90' lang='lat' dir='ltr'><strong>omnibus</strong></span> <span class='ocrx_word' id='word_1_885' title='bbox 2717 3791 3000 3860; x_wconf 80' lang='lat' dir='ltr'><strong>catholicis</strong></span> <span class='ocrx_word' id='word_1_886' title='bbox 3021 3791 3356 3860; x_wconf 83' lang='lat' dir='ltr'><strong>amplecten-</strong></span> 
     </span>
    </p>
   </div>
   <div class='ocr_carea' id='block_1_123' title="bbox 1769 3855 3353 3929">
    <p class='ocr_par' dir='ltr' id='par_1_123' title="bbox 1769 3855 3353 3929">
     <span class='ocr_line' id='line_1_123' title="bbox 1769 3855 3353 3929; baseline 0.004 -20"><span class='ocrx_word' id='word_1_887' title='bbox 1769 3855 1898 3929; x_wconf 91' lang='lat' dir='ltr'><strong>du_m</strong></span> <span class='ocrx_word' id='word_1_888' title='bbox 1949 3873 2091 3925; x_wconf 81' lang='lat' dir='ltr'><strong>esse,</strong></span> <span class='ocrx_word' id='word_1_889' title='bbox 2149 3869 2205 3914; x_wconf 85' lang='lat' dir='ltr'><strong>et</strong></span> <span class='ocrx_word' id='word_1_890' title='bbox 2253 3863 2638 3928; x_wconf 88' lang='lat' dir='ltr'><strong>prolitendnm,</strong></span> <span class='ocrx_word' id='word_1_891' title='bbox 2699 3859 2971 3929; x_wconf 77' lang='lat' dir='ltr'><strong>Virginem</strong></span> <span class='ocrx_word' id='word_1_892' title='bbox 3027 3855 3250 3914; x_wconf 74' lang='lat' dir='ltr'><strong>Mariam</strong></span> <span class='ocrx_word' id='word_1_893' title='bbox 3299 3861 3353 3916; x_wconf 91' lang='lat' dir='ltr'><strong>in</strong></span> 
     </span>
    </p>
   </div>
   <div class='ocr_carea' id='block_1_124' title="bbox 1771 3927 3355 4001">
    <p class='ocr_par' dir='ltr' id='par_1_124' title="bbox 1771 3927 3355 4001">
     <span class='ocr_line' id='line_1_124' title="bbox 1771 3927 3355 4001; baseline 0.003 -21"><span class='ocrx_word' id='word_1_894' title='bbox 1771 3927 1948 4001; x_wconf 84' lang='lat' dir='ltr'><strong>primo</strong></span> <span class='ocrx_word' id='word_1_895' title='bbox 1989 3927 2264 4001; x_wconf 29' lang='lat' dir='ltr'><strong>ipsosute’</strong></span> <span class='ocrx_word' id='word_1_896' title='bbox 2287 3934 2660 4001; x_wconf 84' lang='lat' dir='ltr'><strong>conceptionis</strong></span> <span class='ocrx_word' id='word_1_897' title='bbox 2691 3927 2986 3998; x_wconf 82' lang='lat' dir='ltr'><strong>momento,</strong></span> <span class='ocrx_word' id='word_1_898' title='bbox 3023 3929 3242 3998; x_wconf 90' lang='lat' dir='ltr'><strong>quando</strong></span> <span class='ocrx_word' id='word_1_899' title='bbox 3273 3931 3355 3984; x_wconf 85' lang='lat' dir='ltr'><strong>ni-</strong></span> 
     </span>
    </p>
   </div>
   <div class='ocr_carea' id='block_1_125' title="bbox 1771 3999 3354 4070">
    <p class='ocr_par' dir='ltr' id='par_1_125' title="bbox 1771 3999 3354 4070">
     <span class='ocr_line' id='line_1_125' title="bbox 1771 3999 3354 4070; baseline 0.001 -18"><span class='ocrx_word' id='word_1_900' title='bbox 1771 3999 1967 4054; x_wconf 90' lang='lat' dir='ltr'><strong>mirum</strong></span> <span class='ocrx_word' id='word_1_901' title='bbox 1995 3999 2086 4054; x_wconf 92' lang='lat' dir='ltr'><strong>Dei</strong></span> <span class='ocrx_word' id='word_1_902' title='bbox 2117 3999 2356 4055; x_wconf 80' lang='lat' dir='ltr'><strong>Verbum</strong></span> <span class='ocrx_word' id='word_1_903' title='bbox 2383 3999 2536 4069; x_wconf 79' lang='lat' dir='ltr'><strong>virgo</strong></span> <span class='ocrx_word' id='word_1_904' title='bbox 2565 4015 2790 4054; x_wconf 86' lang='lat' dir='ltr'><strong>manens</strong></span> <span class='ocrx_word' id='word_1_905' title='bbox 2819 4001 3090 4067; x_wconf 88' lang='lat' dir='ltr'><strong>concepit,</strong></span> <span class='ocrx_word' id='word_1_906' title='bbox 3120 4014 3354 4070; x_wconf 65' lang='lat' dir='ltr'><strong>praeser-</strong></span> 
     </span>
    </p>
   </div>
   <div class='ocr_carea' id='block_1_126' title="bbox 1769 4070 3356 4140">
    <p class='ocr_par' dir='ltr' id='par_1_126' title="bbox 1769 4070 3356 4140">
     <span class='ocr_line' id='line_1_126' title="bbox 1769 4070 3356 4140; baseline 0.003 -17"><span class='ocrx_word' id='word_1_907' title='bbox 1769 4078 1948 4124; x_wconf 83' lang='lat' dir='ltr'><strong>vatam</strong></span> <span class='ocrx_word' id='word_1_908' title='bbox 1979 4071 2149 4125; x_wconf 78' lang='lat' dir='ltr'><strong>fuisse</strong></span> <span class='ocrx_word' id='word_1_909' title='bbox 2187 4071 2255 4124; x_wconf 88' lang='lat' dir='ltr'><strong>ab</strong></span> <span class='ocrx_word' id='word_1_910' title='bbox 2278 4071 2524 4140; x_wconf 88' lang='lat' dir='ltr'><strong>originali</strong></span> <span class='ocrx_word' id='word_1_911' title='bbox 2557 4079 2810 4139; x_wconf 87' lang='lat' dir='ltr'><strong>peccato;</strong></span> <span class='ocrx_word' id='word_1_912' title='bbox 2846 4070 2949 4124; x_wconf 86' lang='lat' dir='ltr'><strong>hoc</strong></span> <span class='ocrx_word' id='word_1_913' title='bbox 2973 4079 3078 4137; x_wconf 87' lang='lat' dir='ltr'><strong>est,</strong></span> <span class='ocrx_word' id='word_1_914' title='bbox 3114 4088 3147 4126; x_wconf 75' lang='grc' dir='ltr'>ει</span> <span class='ocrx_word' id='word_1_915' title='bbox 3177 4073 3356 4140; x_wconf 69' lang='lat' dir='ltr'><strong>pmnis</strong></span> 
     </span>
    </p>
   </div>
   <div class='ocr_carea' id='block_1_127' title="bbox 1771 4140 3355 4210">
    <p class='ocr_par' dir='ltr' id='par_1_127' title="bbox 1771 4140 3355 4210">
     <span class='ocr_line' id='line_1_127' title="bbox 1771 4140 3355 4210; baseline 0.003 -18"><span class='ocrx_word' id='word_1_916' title='bbox 1771 4141 1965 4210; x_wconf 66' lang='lat' dir='ltr'><strong>prima:</strong></span> <span class='ocrx_word' id='word_1_917' title='bbox 1995 4140 2234 4203; x_wconf 89' lang='lat' dir='ltr'><strong>mulieri,</strong></span> <span class='ocrx_word' id='word_1_918' title='bbox 2263 4151 2316 4194; x_wconf 89' lang='lat' dir='ltr'><strong>et</strong></span> <span class='ocrx_word' id='word_1_919' title='bbox 2341 4143 2556 4195; x_wconf 66' lang='lat' dir='ltr'><strong>caneris</strong></span> <span class='ocrx_word' id='word_1_920' title='bbox 2588 4141 2638 4193; x_wconf 90' lang='lat' dir='ltr'><strong>in</strong></span> <span class='ocrx_word' id='word_1_921' title='bbox 2667 4156 2727 4194; x_wconf 88' lang='lat' dir='ltr'><strong>ea</strong></span> <span class='ocrx_word' id='word_1_922' title='bbox 2760 4151 2981 4209; x_wconf 92' lang='lat' dir='ltr'><strong>propter</strong></span> <span class='ocrx_word' id='word_1_923' title='bbox 3009 4143 3222 4210; x_wconf 89' lang='lat' dir='ltr'><strong>culpam</strong></span> <span class='ocrx_word' id='word_1_924' title='bbox 3245 4142 3355 4196; x_wconf 88' lang='lat' dir='ltr'><strong>ori-</strong></span> 
     </span>
    </p>
   </div>
   <div class='ocr_carea' id='block_1_128' title="bbox 1768 4210 3356 4282">
    <p class='ocr_par' dir='ltr' id='par_1_128' title="bbox 1768 4210 3356 4282">
     <span class='ocr_line' id='line_1_128' title="bbox 1768 4210 3356 4282; baseline 0.001 -17"><span class='ocrx_word' id='word_1_925' title='bbox 1768 4211 2007 4282; x_wconf 91' lang='lat' dir='ltr'><strong>ginalem</strong></span> <span class='ocrx_word' id='word_1_926' title='bbox 2038 4211 2253 4266; x_wconf 85' lang='lat' dir='ltr'><strong>inﬂictis</strong></span> <span class='ocrx_word' id='word_1_927' title='bbox 2278 4211 2502 4272; x_wconf 88' lang='lat' dir='ltr'><strong>subillis</strong></span> <span class='ocrx_word' id='word_1_928' title='bbox 2526 4211 2740 4266; x_wconf 88' lang='lat' dir='ltr'><strong>verbis:</strong></span> <span class='ocrx_word' id='word_1_929' title='bbox 2769 4210 3136 4279; x_wconf 83' lang='lat' dir='ltr'><strong>Multiplicabo</strong></span> <span class='ocrx_word' id='word_1_930' title='bbox 3161 4229 3356 4267; x_wconf 65' lang='lat' dir='ltr'><strong>aerum-</strong></span> 
     </span>
    </p>
   </div>
   <div class='ocr_carea' id='block_1_129' title="bbox 1773 4282 3360 4352">
    <p class='ocr_par' dir='ltr' id='par_1_129' title="bbox 1773 4282 3360 4352">
     <span class='ocr_line' id='line_1_129' title="bbox 1773 4282 3360 4352; baseline 0.003 -17"><span class='ocrx_word' id='word_1_931' title='bbox 1773 4299 1866 4335; x_wconf 86' lang='lat' dir='ltr'><strong>nas</strong></span> <span class='ocrx_word' id='word_1_932' title='bbox 1897 4293 2035 4350; x_wconf 89' lang='lat' dir='ltr'><strong>tuas,</strong></span> <span class='ocrx_word' id='word_1_933' title='bbox 2068 4291 2113 4336; x_wconf 88' lang='lat' dir='ltr'><strong>et</strong></span> <span class='ocrx_word' id='word_1_934' title='bbox 2147 4293 2422 4351; x_wconf 86' lang='lat' dir='ltr'><strong>conceptus</strong></span> <span class='ocrx_word' id='word_1_935' title='bbox 2460 4291 2598 4346; x_wconf 86' lang='lat' dir='ltr'><strong>tuos,</strong></span> <span class='ocrx_word' id='word_1_936' title='bbox 2630 4284 2682 4335; x_wconf 88' lang='lat' dir='ltr'><strong>in</strong></span> <span class='ocrx_word' id='word_1_937' title='bbox 2714 4282 2894 4335; x_wconf 86' lang='lat' dir='ltr'><strong>dolore</strong></span> <span class='ocrx_word' id='word_1_938' title='bbox 2919 4283 3090 4352; x_wconf 87' lang='lat' dir='ltr'><strong>paries</strong></span> <span class='ocrx_word' id='word_1_939' title='bbox 3124 4285 3279 4351; x_wconf 77' lang='lat' dir='ltr'><strong>ﬁlios,</strong></span> <span class='ocrx_word' id='word_1_940' title='bbox 3308 4295 3360 4340; x_wconf 87' lang='lat' dir='ltr'><strong>ct</strong></span> 
     </span>
    </p>
   </div>
   <div class='ocr_carea' id='block_1_130' title="bbox 1773 4353 3352 4426">
    <p class='ocr_par' dir='ltr' id='par_1_130' title="bbox 1773 4353 3352 4426">
     <span class='ocr_line' id='line_1_130' title="bbox 1773 4353 3352 4426; baseline 0.003 -18"><span class='ocrx_word' id='word_1_941' title='bbox 1773 4353 1866 4426; x_wconf 77' lang='lat' dir='ltr'><strong>sub</strong></span> <span class='ocrx_word' id='word_1_942' title='bbox 1887 4354 1983 4426; x_wconf 78' lang='lat' dir='ltr'><strong>viri</strong></span> <span class='ocrx_word' id='word_1_943' title='bbox 1999 4363 2248 4426; x_wconf 80' lang='lat' dir='ltr'><strong>potestate</strong></span> <span class='ocrx_word' id='word_1_944' title='bbox 2268 4355 2390 4418; x_wconf 86' lang='lat' dir='ltr'><strong>eris,</strong></span> <span class='ocrx_word' id='word_1_945' title='bbox 2405 4363 2453 4406; x_wconf 85' lang='lat' dir='ltr'><strong>et</strong></span> <span class='ocrx_word' id='word_1_946' title='bbox 2475 4354 2583 4422; x_wconf 89' lang='lat' dir='ltr'><strong>ipse</strong></span> <span class='ocrx_word' id='word_1_947' title='bbox 2605 4353 2958 4426; x_wconf 74' lang='lat' dir='ltr'><strong>dominabitur</strong></span> <span class='ocrx_word' id='word_1_948' title='bbox 2974 4356 3048 4407; x_wconf 91' lang='lat' dir='ltr'><strong>tui</strong></span> <span class='ocrx_word' id='word_1_949' title='bbox 3071 4354 3224 4426; x_wconf 80' lang='lat' dir='ltr'><strong>(Gen.</strong></span> <span class='ocrx_word' id='word_1_950' title='bbox 3247 4363 3352 4426; x_wconf 85' lang='lat' dir='ltr'><strong>tit).</strong></span> 
     </span>
    </p>
   </div>
   <div class='ocr_carea' id='block_1_131' title="bbox 1776 4423 3358 4494">
    <p class='ocr_par' dir='ltr' id='par_1_131' title="bbox 1776 4423 3358 4494">
     <span class='ocr_line' id='line_1_131' title="bbox 1776 4423 3358 4494; baseline -0.001 -15"><span class='ocrx_word' id='word_1_951' title='bbox 1776 4423 2198 4479; x_wconf 63' lang='lat' dir='ltr'><strong>USilaliSSiIIIUIII</strong></span> <span class='ocrx_word' id='word_1_952' title='bbox 2233 4439 2466 4494; x_wconf 87' lang='lat' dir='ltr'><strong>namque</strong></span> <span class='ocrx_word' id='word_1_953' title='bbox 2513 4439 2636 4480; x_wconf 90' lang='lat' dir='ltr'><strong>esse</strong></span> <span class='ocrx_word' id='word_1_954' title='bbox 2685 4425 2737 4478; x_wconf 91' lang='lat' dir='ltr'><strong>in</strong></span> <span class='ocrx_word' id='word_1_955' title='bbox 2772 4423 3149 4494; x_wconf 33' lang='lat' dir='ltr'><strong>Scripturis‘et</strong></span> <span class='ocrx_word' id='word_1_956' title='bbox 3181 4423 3358 4480; x_wconf 85' lang='lat' dir='ltr'><strong>Patri-</strong></span> 
     </span>
    </p>
   </div>
   <div class='ocr_carea' id='block_1_132' title="bbox 1775 4494 3353 4567">
    <p class='ocr_par' dir='ltr' id='par_1_132' title="bbox 1775 4494 3353 4567">
     <span class='ocr_line' id='line_1_132' title="bbox 1775 4494 3353 4567; baseline 0.001 -18"><span class='ocrx_word' id='word_1_957' title='bbox 1775 4494 1874 4549; x_wconf 89' lang='lat' dir='ltr'><strong>bus</strong></span> <span class='ocrx_word' id='word_1_958' title='bbox 1923 4507 2201 4564; x_wconf 79' lang='lat' dir='ltr'><strong>peccatum</strong></span> <span class='ocrx_word' id='word_1_959' title='bbox 2250 4512 2349 4566; x_wconf 86' lang='lat' dir='ltr'><strong>pro</strong></span> <span class='ocrx_word' id='word_1_960' title='bbox 2384 4510 2540 4567; x_wconf 65' lang='lat' dir='ltr'><strong>paena</strong></span> <span class='ocrx_word' id='word_1_961' title='bbox 2586 4497 2856 4566; x_wconf 89' lang='lat' dir='ltr'><strong>accipere,</strong></span> <span class='ocrx_word' id='word_1_962' title='bbox 2905 4496 3120 4567; x_wconf 85' lang='lat' dir='ltr'><strong>negabit</strong></span> <span class='ocrx_word' id='word_1_963' title='bbox 3169 4511 3353 4562; x_wconf 90' lang='lat' dir='ltr'><strong>nemo,</strong></span> 
     </span>
    </p>
   </div>
   <div class='ocr_carea' id='block_1_133' title="bbox 1775 4566 3352 4634">
    <p class='ocr_par' dir='ltr' id='par_1_133' title="bbox 1775 4566 3352 4634">
     <span class='ocr_line' id='line_1_133' title="bbox 1775 4566 3352 4634; baseline 0.001 -15"><span class='ocrx_word' id='word_1_964' title='bbox 1775 4567 1866 4634; x_wconf 91' lang='lat' dir='ltr'><strong>qui</strong></span> <span class='ocrx_word' id='word_1_965' title='bbox 1918 4569 2001 4620; x_wconf 89' lang='lat' dir='ltr'><strong>vel</strong></span> <span class='ocrx_word' id='word_1_966' title='bbox 2047 4568 2275 4621; x_wconf 88' lang='lat' dir='ltr'><strong>summis</strong></span> <span class='ocrx_word' id='word_1_967' title='bbox 2323 4566 2482 4622; x_wconf 88' lang='lat' dir='ltr'><strong>labiis</strong></span> <span class='ocrx_word' id='word_1_968' title='bbox 2532 4583 2720 4622; x_wconf 91' lang='lat' dir='ltr'><strong>eorum</strong></span> <span class='ocrx_word' id='word_1_969' title='bbox 2771 4566 3352 4634; x_wconf 36' lang='lat' dir='ltr'><strong>seripta’tractaverit.</strong></span> 
     </span>
    </p>
   </div>
   <div class='ocr_carea' id='block_1_134' title="bbox 1776 4637 3358 4708">
    <p class='ocr_par' dir='ltr' id='par_1_134' title="bbox 1776 4637 3358 4708">
     <span class='ocr_line' id='line_1_134' title="bbox 1776 4637 3358 4708; baseline 0.002 -17"><span class='ocrx_word' id='word_1_970' title='bbox 1776 4637 1954 4707; x_wconf 85' lang='lat' dir='ltr'><strong>Atque</strong></span> <span class='ocrx_word' id='word_1_971' title='bbox 1983 4637 2130 4693; x_wconf 91' lang='lat' dir='ltr'><strong>hunc</strong></span> <span class='ocrx_word' id='word_1_972' title='bbox 2159 4638 2374 4706; x_wconf 90' lang='lat' dir='ltr'><strong>quidem</strong></span> <span class='ocrx_word' id='word_1_973' title='bbox 2409 4639 2727 4708; x_wconf 89' lang='lat' dir='ltr'><strong>legitimum,</strong></span> <span class='ocrx_word' id='word_1_974' title='bbox 2752 4650 2805 4692; x_wconf 88' lang='lat' dir='ltr'><strong>et</strong></span> <span class='ocrx_word' id='word_1_975' title='bbox 2829 4639 3198 4694; x_wconf 82' lang='lat' dir='ltr'><strong>necessarium</strong></span> <span class='ocrx_word' id='word_1_976' title='bbox 3233 4653 3358 4694; x_wconf 87' lang='lat' dir='ltr'><strong>esse</strong></span> 
     </span>
    </p>
   </div>
   <div class='ocr_carea' id='block_1_135' title="bbox 1779 4709 3354 4778">
    <p class='ocr_par' dir='ltr' id='par_1_135' title="bbox 1779 4709 3354 4778">
     <span class='ocr_line' id='line_1_135' title="bbox 1779 4709 3354 4778; baseline 0.001 -16"><span class='ocrx_word' id='word_1_977' title='bbox 1779 4711 2010 4764; x_wconf 90' lang='lat' dir='ltr'><strong>canonis</strong></span> <span class='ocrx_word' id='word_1_978' title='bbox 2057 4726 2301 4776; x_wconf 89' lang='lat' dir='ltr'><strong>sensum,</strong></span> <span class='ocrx_word' id='word_1_979' title='bbox 2347 4713 2634 4765; x_wconf 91' lang='lat' dir='ltr'><strong>anatbema</strong></span> <span class='ocrx_word' id='word_1_980' title='bbox 2683 4709 3032 4778; x_wconf 87' lang='lat' dir='ltr'><strong>subjunctum</strong></span> <span class='ocrx_word' id='word_1_981' title='bbox 3093 4710 3354 4776; x_wconf 90' lang='lat' dir='ltr'><strong>ostendit,</strong></span> 
     </span>
    </p>
   </div>
   <div class='ocr_carea' id='block_1_136' title="bbox 1781 4778 3360 4850">
    <p class='ocr_par' dir='ltr' id='par_1_136' title="bbox 1781 4778 3360 4850">
     <span class='ocr_line' id='line_1_136' title="bbox 1781 4778 3360 4850; baseline 0.002 -17"><span class='ocrx_word' id='word_1_982' title='bbox 1781 4778 1903 4847; x_wconf 87' lang='lat' dir='ltr'><strong>quis</strong></span> <span class='ocrx_word' id='word_1_983' title='bbox 1930 4781 2073 4834; x_wconf 89' lang='lat' dir='ltr'><strong>enim</strong></span> <span class='ocrx_word' id='word_1_984' title='bbox 2107 4781 2254 4836; x_wconf 90' lang='lat' dir='ltr'><strong>dicat</strong></span> <span class='ocrx_word' id='word_1_985' title='bbox 2294 4782 2549 4836; x_wconf 84' lang='lat' dir='ltr'><strong>homines</strong></span> <span class='ocrx_word' id='word_1_986' title='bbox 2579 4781 2876 4838; x_wconf 88' lang='lat' dir='ltr'><strong>sentientes</strong></span> <span class='ocrx_word' id='word_1_987' title='bbox 2903 4790 3088 4836; x_wconf 87' lang='lat' dir='ltr'><strong>contra</strong></span> <span class='ocrx_word' id='word_1_988' title='bbox 3130 4780 3184 4835; x_wconf 91' lang='lat' dir='ltr'><strong>id</strong></span> <span class='ocrx_word' id='word_1_989' title='bbox 3213 4781 3360 4850; x_wconf 87' lang='lat' dir='ltr'><strong>quod</strong></span> 
     </span>
    </p>
   </div>
   <div class='ocr_carea' id='block_1_137' title="bbox 1781 4851 3360 4921">
    <p class='ocr_par' dir='ltr' id='par_1_137' title="bbox 1781 4851 3360 4921">
     <span class='ocr_line' id='line_1_137' title="bbox 1781 4851 3360 4921; baseline 0.001 -15"><span class='ocrx_word' id='word_1_990' title='bbox 1781 4851 2030 4917; x_wconf 82' lang='lat' dir='ltr'><strong>Aposluli</strong></span> <span class='ocrx_word' id='word_1_991' title='bbox 2061 4852 2375 4916; x_wconf 87' lang='lat' dir='ltr'><strong>docuerint,</strong></span> <span class='ocrx_word' id='word_1_992' title='bbox 2401 4853 2636 4907; x_wconf 88' lang='lat' dir='ltr'><strong>salvari?</strong></span> <span class='ocrx_word' id='word_1_993' title='bbox 2664 4860 2758 4907; x_wconf 90' lang='lat' dir='ltr'><strong>aut</strong></span> <span class='ocrx_word' id='word_1_994' title='bbox 2794 4852 2943 4921; x_wconf 91' lang='lat' dir='ltr'><strong>ipsos</strong></span> <span class='ocrx_word' id='word_1_995' title='bbox 2964 4852 3016 4904; x_wconf 91' lang='lat' dir='ltr'><strong>in</strong></span> <span class='ocrx_word' id='word_1_996' title='bbox 3057 4852 3360 4907; x_wconf 88' lang='lat' dir='ltr'><strong>canonibus</strong></span> 
     </span>
    </p>
   </div>
   <div class='ocr_carea' id='block_1_138' title="bbox 1780 4921 3359 4994">
    <p class='ocr_par' dir='ltr' id='par_1_138' title="bbox 1780 4921 3359 4994">
     <span class='ocr_line' id='line_1_138' title="bbox 1780 4921 3359 4994; baseline 0.002 -19"><span class='ocrx_word' id='word_1_997' title='bbox 1780 4921 2009 4994; x_wconf 84' lang='lat' dir='ltr'><strong>edendis</strong></span> <span class='ocrx_word' id='word_1_998' title='bbox 2048 4939 2237 4978; x_wconf 87' lang='lat' dir='ltr'><strong>errare</strong></span> <span class='ocrx_word' id='word_1_999' title='bbox 2282 4925 2560 4994; x_wconf 73' lang='lat' dir='ltr'><strong>potuisse?</strong></span> <span class='ocrx_word' id='word_1_1000' title='bbox 2599 4934 2652 4978; x_wconf 92' lang='lat' dir='ltr'><strong>et</strong></span> <span class='ocrx_word' id='word_1_1001' title='bbox 2694 4934 2868 4977; x_wconf 88' lang='lat' dir='ltr'><strong>tamen</strong></span> <span class='ocrx_word' id='word_1_1002' title='bbox 2906 4922 3062 4976; x_wconf 90' lang='lat' dir='ltr'><strong>multi</strong></span> <span class='ocrx_word' id='word_1_1003' title='bbox 3097 4927 3359 4978; x_wconf 83' lang='lat' dir='ltr'><strong>baetenus</strong></span> 
     </span>
    </p>
   </div>
   <div class='ocr_carea' id='block_1_139' title="bbox 1782 4992 3362 5064">
    <p class='ocr_par' dir='ltr' id='par_1_139' title="bbox 1782 4992 3362 5064">
     <span class='ocr_line' id='line_1_139' title="bbox 1782 4992 3362 5064; baseline 0.003 -19"><span class='ocrx_word' id='word_1_1004' title='bbox 1782 4992 1916 5064; x_wconf 82' lang='lat' dir='ltr'><strong>salvi</strong></span> <span class='ocrx_word' id='word_1_1005' title='bbox 1950 4995 2076 5049; x_wconf 87' lang='lat' dir='ltr'><strong>lacti</strong></span> <span class='ocrx_word' id='word_1_1006' title='bbox 2109 5005 2238 5049; x_wconf 86' lang='lat' dir='ltr'><strong>sunt</strong></span> <span class='ocrx_word' id='word_1_1007' title='bbox 2277 4992 2395 5049; x_wconf 81' lang='lat' dir='ltr'><strong>sine</strong></span> <span class='ocrx_word' id='word_1_1008' title='bbox 2425 4994 2530 5050; x_wconf 85' lang='lat' dir='ltr'><strong>ﬁde</strong></span> <span class='ocrx_word' id='word_1_1009' title='bbox 2557 4994 2798 5064; x_wconf 85' lang='lat' dir='ltr'><strong>mysterii</strong></span> <span class='ocrx_word' id='word_1_1010' title='bbox 2829 4993 3202 5064; x_wconf 75' lang='lat' dir='ltr'><strong>conceptionis</strong></span> <span class='ocrx_word' id='word_1_1011' title='bbox 3232 5009 3362 5063; x_wconf 88' lang='lat' dir='ltr'><strong>pas-</strong></span> 
     </span>
    </p>
   </div>
   <div class='ocr_carea' id='block_1_140' title="bbox 1781 5062 3363 5136">
    <p class='ocr_par' dir='ltr' id='par_1_140' title="bbox 1781 5062 3363 5136">
     <span class='ocr_line' id='line_1_140' title="bbox 1781 5062 3363 5136; baseline 0.003 -20"><span class='ocrx_word' id='word_1_1012' title='bbox 1781 5062 1932 5118; x_wconf 67' lang='lat' dir='ltr'><strong>siva).</strong></span> <span class='ocrx_word' id='word_1_1013' title='bbox 1962 5064 2210 5135; x_wconf 84' lang='lat' dir='ltr'><strong>Insuper,</strong></span> <span class='ocrx_word' id='word_1_1014' title='bbox 2244 5077 2299 5121; x_wconf 91' lang='lat' dir='ltr'><strong>ut</strong></span> <span class='ocrx_word' id='word_1_1015' title='bbox 2325 5065 2453 5136; x_wconf 90' lang='lat' dir='ltr'><strong>quid</strong></span> <span class='ocrx_word' id='word_1_1016' title='bbox 2485 5062 2732 5134; x_wconf 82' lang='lat' dir='ltr'><strong>Apostoli</strong></span> <span class='ocrx_word' id='word_1_1017' title='bbox 2756 5077 3018 5120; x_wconf 89' lang='lat' dir='ltr'><strong>canonem</strong></span> <span class='ocrx_word' id='word_1_1018' title='bbox 3043 5062 3271 5120; x_wconf 87' lang='lat' dir='ltr'><strong>ederent</strong></span> <span class='ocrx_word' id='word_1_1019' title='bbox 3294 5065 3363 5121; x_wconf 90' lang='lat' dir='ltr'><strong>de</strong></span> 
     </span>
    </p>
   </div>
   <div class='ocr_carea' id='block_1_141' title="bbox 1783 5135 3362 5206">
    <p class='ocr_par' dir='ltr' id='par_1_141' title="bbox 1783 5135 3362 5206">
     <span class='ocr_line' id='line_1_141' title="bbox 1783 5135 3362 5206; baseline -0.001 -16"><span class='ocrx_word' id='word_1_1020' title='bbox 1783 5149 1845 5190; x_wconf 80' lang='lat' dir='ltr'><strong>re</strong></span> <span class='ocrx_word' id='word_1_1021' title='bbox 1873 5151 2048 5206; x_wconf 91' lang='lat' dir='ltr'><strong>neque</strong></span> <span class='ocrx_word' id='word_1_1022' title='bbox 2073 5135 2398 5200; x_wconf 80' lang='lat' dir='ltr'><strong>necessaria,</strong></span> <span class='ocrx_word' id='word_1_1023' title='bbox 2425 5151 2604 5206; x_wconf 89' lang='lat' dir='ltr'><strong>neque</strong></span> <span class='ocrx_word' id='word_1_1024' title='bbox 2632 5137 2772 5190; x_wconf 90' lang='lat' dir='ltr'><strong>inter</strong></span> <span class='ocrx_word' id='word_1_1025' title='bbox 2795 5135 3079 5190; x_wconf 69' lang='lat' dir='ltr'><strong>haereticos</strong></span> <span class='ocrx_word' id='word_1_1026' title='bbox 3108 5138 3190 5191; x_wconf 89' lang='lat' dir='ltr'><strong>sui</strong></span> <span class='ocrx_word' id='word_1_1027' title='bbox 3224 5147 3362 5192; x_wconf 88' lang='lat' dir='ltr'><strong>tein-</strong></span> 
     </span>
    </p>
   </div>
   <div class='ocr_carea' id='block_1_142' title="bbox 1785 5207 3364 5276">
    <p class='ocr_par' dir='ltr' id='par_1_142' title="bbox 1785 5207 3364 5276">
     <span class='ocr_line' id='line_1_142' title="bbox 1785 5207 3364 5276; baseline 0 -16"><span class='ocrx_word' id='word_1_1028' title='bbox 1785 5207 1932 5276; x_wconf 88' lang='lat' dir='ltr'><strong>poris</strong></span> <span class='ocrx_word' id='word_1_1029' title='bbox 1961 5209 2349 5264; x_wconf 84' lang='lat' dir='ltr'><strong>controversa?</strong></span> <span class='ocrx_word' id='word_1_1030' title='bbox 2379 5223 2504 5261; x_wconf 86' lang='lat' dir='ltr'><strong>nam</strong></span> <span class='ocrx_word' id='word_1_1031' title='bbox 2537 5207 2582 5260; x_wconf 89' lang='lat' dir='ltr'><strong>si</strong></span> <span class='ocrx_word' id='word_1_1032' title='bbox 2615 5207 2918 5262; x_wconf 85' lang='lat' dir='ltr'><strong>necessaria</strong></span> <span class='ocrx_word' id='word_1_1033' title='bbox 2948 5215 3094 5262; x_wconf 89' lang='lat' dir='ltr'><strong>esset</strong></span> <span class='ocrx_word' id='word_1_1034' title='bbox 3121 5207 3188 5263; x_wconf 86' lang='lat' dir='ltr'><strong>ad</strong></span> <span class='ocrx_word' id='word_1_1035' title='bbox 3217 5209 3364 5262; x_wconf 88' lang='lat' dir='ltr'><strong>salu-</strong></span> 
     </span>
    </p>
   </div>
   <div class='ocr_carea' id='block_1_143' title="bbox 1786 5277 3362 5346">
    <p class='ocr_par' dir='ltr' id='par_1_143' title="bbox 1786 5277 3362 5346">
     <span class='ocr_line' id='line_1_143' title="bbox 1786 5277 3362 5346; baseline 0.002 -16"><span class='ocrx_word' id='word_1_1036' title='bbox 1786 5288 1918 5344; x_wconf 86' lang='lat' dir='ltr'><strong>teut,</strong></span> <span class='ocrx_word' id='word_1_1037' title='bbox 1954 5278 2154 5333; x_wconf 87' lang='lat' dir='ltr'><strong>Paulus</strong></span> <span class='ocrx_word' id='word_1_1038' title='bbox 2181 5295 2302 5333; x_wconf 91' lang='lat' dir='ltr'><strong>cum</strong></span> <span class='ocrx_word' id='word_1_1039' title='bbox 2342 5281 2409 5332; x_wconf 92' lang='lat' dir='ltr'><strong>ad</strong></span> <span class='ocrx_word' id='word_1_1040' title='bbox 2439 5278 2714 5332; x_wconf 80' lang='lat' dir='ltr'><strong>Romanos</strong></span> <span class='ocrx_word' id='word_1_1041' title='bbox 2741 5278 2809 5332; x_wconf 90' lang='lat' dir='ltr'><strong>de</strong></span> <span class='ocrx_word' id='word_1_1042' title='bbox 2844 5287 3071 5346; x_wconf 87' lang='lat' dir='ltr'><strong>peccato</strong></span> <span class='ocrx_word' id='word_1_1043' title='bbox 3110 5277 3362 5345; x_wconf 85' lang='lat' dir='ltr'><strong>originali</strong></span> 
     </span>
    </p>
   </div>
   <div class='ocr_carea' id='block_1_144' title="bbox 1783 5347 3358 5419">
    <p class='ocr_par' dir='ltr' id='par_1_144' title="bbox 1783 5347 3358 5419">
     <span class='ocr_line' id='line_1_144' title="bbox 1783 5347 3358 5419; baseline 0 -18"><span class='ocrx_word' id='word_1_1044' title='bbox 1783 5347 2046 5419; x_wconf 79' lang='lat' dir='ltr'><strong>latissime</strong></span> <span class='ocrx_word' id='word_1_1045' title='bbox 2090 5349 2330 5419; x_wconf 80' lang='lat' dir='ltr'><strong>scripsit,</strong></span> <span class='ocrx_word' id='word_1_1046' title='bbox 2367 5352 2554 5418; x_wconf 88' lang='lat' dir='ltr'><strong>utique</strong></span> <span class='ocrx_word' id='word_1_1047' title='bbox 2592 5347 2709 5419; x_wconf 85' lang='lat' dir='ltr'><strong>ejus</strong></span> <span class='ocrx_word' id='word_1_1048' title='bbox 2739 5363 2951 5418; x_wconf 84' lang='lat' dir='ltr'><strong>quoque</strong></span> <span class='ocrx_word' id='word_1_1049' title='bbox 2995 5349 3358 5405; x_wconf 87' lang='lat' dir='ltr'><strong>meminisset.</strong></span> 
     </span>
    </p>
   </div>
   <div class='ocr_carea' id='block_1_145' title="bbox 1784 5417 3360 5489">
    <p class='ocr_par' dir='ltr' id='par_1_145' title="bbox 1784 5417 3360 5489">
     <span class='ocr_line' id='line_1_145' title="bbox 1784 5417 3360 5489; baseline 0.002 -15"><span class='ocrx_word' id='word_1_1050' title='bbox 1784 5417 1968 5489; x_wconf 87' lang='lat' dir='ltr'><strong>Longe</strong></span> <span class='ocrx_word' id='word_1_1051' title='bbox 1995 5434 2123 5488; x_wconf 82' lang='lat' dir='ltr'><strong>ergo</strong></span> <span class='ocrx_word' id='word_1_1052' title='bbox 2160 5417 2228 5474; x_wconf 80' lang='lat' dir='ltr'><strong>ab</strong></span> <span class='ocrx_word' id='word_1_1053' title='bbox 2258 5433 2323 5474; x_wconf 89' lang='lat' dir='ltr'><strong>eo</strong></span> <span class='ocrx_word' id='word_1_1054' title='bbox 2360 5417 2526 5474; x_wconf 69' lang='lat' dir='ltr'><strong>seuSu</strong></span> <span class='ocrx_word' id='word_1_1055' title='bbox 2572 5417 2876 5473; x_wconf 78' lang='lat' dir='ltr'><strong>abfuerunt</strong></span> <span class='ocrx_word' id='word_1_1056' title='bbox 2903 5419 3169 5489; x_wconf 84' lang='lat' dir='ltr'><strong>Apostoli,</strong></span> <span class='ocrx_word' id='word_1_1057' title='bbox 3199 5436 3360 5488; x_wconf 79' lang='lat' dir='ltr'><strong>quem</strong></span> 
     </span>
    </p>
   </div>
   <div class='ocr_carea' id='block_1_146' title="bbox 1787 5490 3364 5560">
    <p class='ocr_par' dir='ltr' id='par_1_146' title="bbox 1787 5490 3364 5560">
     <span class='ocr_line' id='line_1_146' title="bbox 1787 5490 3364 5560; baseline -0.002 -14"><span class='ocrx_word' id='word_1_1058' title='bbox 1787 5491 2031 5546; x_wconf 90' lang='lat' dir='ltr'><strong>ttonnulli</strong></span> <span class='ocrx_word' id='word_1_1059' title='bbox 2064 5491 2187 5544; x_wconf 88' lang='lat' dir='ltr'><strong>huic</strong></span> <span class='ocrx_word' id='word_1_1060' title='bbox 2217 5493 2411 5543; x_wconf 80' lang='lat' dir='ltr'><strong>cationi</strong></span> <span class='ocrx_word' id='word_1_1061' title='bbox 2445 5490 2710 5555; x_wconf 87' lang='lat' dir='ltr'><strong>tribuunt,</strong></span> <span class='ocrx_word' id='word_1_1062' title='bbox 2736 5499 2789 5560; x_wconf 89' lang='lat' dir='ltr'><strong>et</strong></span> <span class='ocrx_word' id='word_1_1063' title='bbox 2832 5505 2954 5544; x_wconf 90' lang='lat' dir='ltr'><strong>cum</strong></span> <span class='ocrx_word' id='word_1_1064' title='bbox 3001 5491 3203 5560; x_wconf 89' lang='lat' dir='ltr'><strong>aliquid</strong></span> <span class='ocrx_word' id='word_1_1065' title='bbox 3245 5508 3364 5545; x_wconf 87' lang='lat' dir='ltr'><strong>ont-</strong></span> 
     </span>
    </p>
   </div>
   <div class='ocr_carea' id='block_1_147' title="bbox 1787 5559 3365 5632">
    <p class='ocr_par' dir='ltr' id='par_1_147' title="bbox 1787 5559 3365 5632">
     <span class='ocr_line' id='line_1_147' title="bbox 1787 5559 3365 5632; baseline -0.001 -16"><span class='ocrx_word' id='word_1_1066' title='bbox 1787 5562 1915 5616; x_wconf 90' lang='lat' dir='ltr'><strong>nino</strong></span> <span class='ocrx_word' id='word_1_1067' title='bbox 1945 5560 2012 5614; x_wconf 88' lang='lat' dir='ltr'><strong>ad</strong></span> <span class='ocrx_word' id='word_1_1068' title='bbox 2043 5564 2288 5632; x_wconf 85' lang='lat' dir='ltr'><strong>salutem</strong></span> <span class='ocrx_word' id='word_1_1069' title='bbox 2317 5560 2683 5615; x_wconf 89' lang='lat' dir='ltr'><strong>necessarium</strong></span> <span class='ocrx_word' id='word_1_1070' title='bbox 2721 5559 3048 5630; x_wconf 79' lang='lat' dir='ltr'><strong>deﬁnierint,</strong></span> <span class='ocrx_word' id='word_1_1071' title='bbox 3083 5559 3261 5632; x_wconf 78' lang='lat' dir='ltr'><strong>quale</strong></span> <span class='ocrx_word' id='word_1_1072' title='bbox 3281 5570 3365 5614; x_wconf 87' lang='lat' dir='ltr'><strong>est</strong></span> 
     </span>
    </p>
   </div>
   <div class='ocr_carea' id='block_1_148' title="bbox 1787 5630 3367 5701">
    <p class='ocr_par' dir='ltr' id='par_1_148' title="bbox 1787 5630 3367 5701">
     <span class='ocr_line' id='line_1_148' title="bbox 1787 5630 3367 5701; baseline -0.002 -15"><span class='ocrx_word' id='word_1_1073' title='bbox 1787 5632 2155 5700; x_wconf 86' lang='lat' dir='ltr'><strong>conceptionis</strong></span> <span class='ocrx_word' id='word_1_1074' title='bbox 2193 5630 2420 5687; x_wconf 73' lang='lat' dir='ltr'><strong>illibata:</strong></span> <span class='ocrx_word' id='word_1_1075' title='bbox 2459 5634 2798 5700; x_wconf 79' lang='lat' dir='ltr'><strong>mysterium,</strong></span> <span class='ocrx_word' id='word_1_1076' title='bbox 2830 5647 2933 5701; x_wconf 89' lang='lat' dir='ltr'><strong>qua</strong></span> <span class='ocrx_word' id='word_1_1077' title='bbox 2977 5630 3212 5689; x_wconf 83' lang='lat' dir='ltr'><strong>Verbum</strong></span> <span class='ocrx_word' id='word_1_1078' title='bbox 3249 5631 3367 5696; x_wconf 90' lang='lat' dir='ltr'><strong>Dei,</strong></span> 
     </span>
    </p>
   </div>
   <div class='ocr_carea' id='block_1_149' title="bbox 1789 5701 3361 5772">
    <p class='ocr_par' dir='ltr' id='par_1_149' title="bbox 1789 5701 3361 5772">
     <span class='ocr_line' id='line_1_149' title="bbox 1789 5701 3361 5772; baseline -0.003 -12"><span class='ocrx_word' id='word_1_1079' title='bbox 1789 5703 2020 5772; x_wconf 83' lang='lat' dir='ltr'><strong>Spiritus</strong></span> <span class='ocrx_word' id='word_1_1080' title='bbox 2049 5703 2220 5757; x_wconf 86' lang='lat' dir='ltr'><strong>sancti</strong></span> <span class='ocrx_word' id='word_1_1081' title='bbox 2251 5704 2452 5758; x_wconf 82' lang='lat' dir='ltr'><strong>virtute</strong></span> <span class='ocrx_word' id='word_1_1082' title='bbox 2483 5703 2643 5758; x_wconf 88' lang='lat' dir='ltr'><strong>homo</strong></span> <span class='ocrx_word' id='word_1_1083' title='bbox 2670 5704 2918 5761; x_wconf 76' lang='lat' dir='ltr'><strong>clicctum</strong></span> <span class='ocrx_word' id='word_1_1084' title='bbox 2956 5712 3060 5770; x_wconf 87' lang='lat' dir='ltr'><strong>est,</strong></span> <span class='ocrx_word' id='word_1_1085' title='bbox 3088 5713 3143 5761; x_wconf 88' lang='lat' dir='ltr'><strong>et</strong></span> <span class='ocrx_word' id='word_1_1086' title='bbox 3179 5701 3361 5757; x_wconf 86' lang='lat' dir='ltr'><strong>omnia</strong></span> 
     </span>
    </p>
   </div>
   <div class='ocr_carea' id='block_1_150' title="bbox 1795 5773 3360 5864">
    <p class='ocr_par' dir='ltr' id='par_1_150' title="bbox 1795 5773 3360 5864">
     <span class='ocr_line' id='line_1_150' title="bbox 1795 5773 3360 5864; baseline -0.003 -24"><span class='ocrx_word' id='word_1_1087' title='bbox 1795 5775 1959 5840; x_wconf 76' lang='lat' dir='ltr'><strong>verba</strong></span> <span class='ocrx_word' id='word_1_1088' title='bbox 1991 5776 2256 5854; x_wconf 71' lang='lat' dir='ltr'><strong>quadrare</strong></span> <span class='ocrx_word' id='word_1_1089' title='bbox 2287 5774 2594 5849; x_wconf 74' lang='lat' dir='ltr'><strong>vidcantur,</strong></span> <span class='ocrx_word' id='word_1_1090' title='bbox 2640 5789 2753 5840; x_wconf 85' lang='lat' dir='ltr'><strong>ttoa</strong></span> <span class='ocrx_word' id='word_1_1091' title='bbox 2795 5785 2880 5840; x_wconf 80' lang='lat' dir='ltr'><strong>est</strong></span> <span class='ocrx_word' id='word_1_1092' title='bbox 2915 5791 3013 5840; x_wconf 89' lang='lat' dir='ltr'><strong>cur</strong></span> <span class='ocrx_word' id='word_1_1093' title='bbox 3052 5777 3124 5851; x_wconf 76' lang='lat' dir='ltr'><strong>in</strong></span> <span class='ocrx_word' id='word_1_1094' title='bbox 3156 5773 3360 5864; x_wconf 79' lang='lat' dir='ltr'><strong>alienos</strong></span> 
     </span>
    </p>
   </div>
  </div>
