3956 6282
527 257 633 320 467

1561 254 1791 314 FLAVI]
1831 253 2008 311 LUCll
2047 249 2308 311 DEXTRI
2345 247 2764 349 CﬂRONICQN.

3724 249 3826 311 468

1740 387 1998 446 BlVAlill
2034 384 2602 445 COMMENTARIUS.

538 527 731 571 sensus
758 526 823 568 ea
867 517 1326 578 center-queamus
1360 521 1483 580 quae,
1503 521 1632 580 _cum
1666 521 1794 580 vero
1821 507 2124 580 consistere
2152 509 2196 564 Α
2228 504 2420 580 quitur
2443 502 2512 559 de
2542 503 2721 580 prima
2750 505 2930 574 culpa,
2963 520 3084 577 qua:
3112 505 3230 561 sine
3257 505 3426 580 dubio
3455 505 3569 580 fuit
3591 507 3831 578 origina-

542 601 652 642 non
684 591 926 653 possunt.
959 580 1016 636 In
1047 577 1114 636 eo
1155 583 1300 653 enim
1343 577 1686 653 manifestam
1724 578 1874 632 libris
1920 577 2124 653 sanctis

544 648 802 726 injuriam
817 649 1139 726 inferimus,
1171 662 1229 706 et
1255 651 1400 706 inter
1429 649 1805 726 apocryphos,_
1825 655 1881 703 et
1923 648 2124 703 nullius

543 719 700 793 pretii
730 723 882 792 rejici
911 725 1176 795 cogimus,
1205 731 1540 795 cumtamen
1574 719 1626 774 in
1672 720 1722 795 id
1757 719 1902 774 vires
1933 732 2125 795 omnes

546 791 828 854 intendere
867 791 1174 864 oporteret,
1227 803 1286 848 ut
1327 792 1630 849 doetrinam
1674 791 1966 864 (_iutntaxatl
1993 804 2124 859 apo-

541 867 696 925 stolis
727 861 945 935 dignam
978 866 1032 921 in
1073 863 1157 920 eis
1180 864 1426 920 invenire
1450 863 1632 918 liceat.
1661 861 1986 935 Concilium,
2018 877 2126 930 quo

540 940 631 994 hic
661 931 837 993 canon
859 936 1040 992 editus
1077 944 1182 1002 cst,
1222 951 1332 991 non
1361 935 1505 989 aliud
1533 949 1634 1004 ego
1663 931 1928 1004 intelligo,
1964 947 2123 1001 quam

543 1009 698 1073 illud,
727 1007 871 1079 quod
902 1007 1136 1076 apostoli
1160 1024 1190 1061 a
1217 1023 1277 1062 se
1298 1007 1531 1079 invicem
1562 1003 1859 1079 discessuri
1887 1004 2127 1058 celebra-

546 1089 696 1147 runt,
731 1075 785 1134 ét
809 1079 859 1134 in
883 1075 994 1156 quo
1017 1079 1139 1134 ﬁdei
1166 1077 1482 1156 Symbolum
1513 1075 1831 1156 ediderunt;
1861 1088 2124 1156 cntionem

545 1145 806 1208 veronun
846 1145 1035 1216 alium,
1065 1145 1224 1216 quani
1257 1165 1318 1203 ea
1356 1149 1518 1204 verba
1561 1147 1843 1218 Symboli:
1884 1145 1962 1218 Et
2002 1162 2124 1198 con-

547 1231 722 1294 ceptus
752 1222 916 1296 estde
946 1221 1148 1296 Spiritu
1170 1231 1374 1296 sancto,
1405 1228 1557 1296 natus
1587 1216 1653 1273 ea:
1674 1216 1847 1272 Maria
1884 1216 2129 1296 Virgine:

546 1290 711 1362 quem
755 1293 974 1362 quidem
995 1290 1075 1347 IS.
1105 1291 1399 1360 Ctesiphon
1439 1290 1507 1345 ad
1553 1305 1789 1362 sensum,
1820 1290 2126 1362 excerpsit,

547 1359 730 1420 forsan
761 1359 863 1418 sub
885 1363 948 1417 iis
972 1364 1173 1429 verbis,
1203 1359 1398 1433 quibus
1421 1370 1547 1416 ante
1572 1359 1816 1430 Symboli
1845 1359 2129 1414 formalem

550 1434 1013 1491 constructionem
1065 1433 1134 1490 ab
1189 1433 1452 1501 apostolis
1500 1433 1758 1488 deﬁnitus
1819 1440 1950 1486 est:
2006 1444 2129 1484 nam

551 1507 866 1576 priusquam
915 1504 1142 1559 formam
1174 1502 1311 1576 ﬁdei
1344 1503 1738 1576 resolutissime
1773 1501 2127 1576 conﬁcerent,

549 1572 844 1631 verisimile
861 1584 946 1631 est
965 1577 1133 1630 fusius
1154 1575 1221 1630 de
1241 1575 1362 1644 ejus
1383 1574 1656 1644 mysteriis
1676 1573 1744 1627 ab
1760 1572 2022 1644 apostolis
2044 1588 2135 1626 ac-

547 1657 686 1707 tum.
703 1660 758 1702 et
777 1647 934 1717 plura
952 1645 1057 1701 alia
1081 1646 1242 1702 verba
1260 1661 1420 1716 quam
1439 1643 1547 1717 sint
1563 1644 1618 1699 in
1632 1645 1889 1717 Sytmholo
1904 1643 2133 1717 locutos.

620 1713 996 1773 Nihil'minus
1053 1713 1293 1773 voluisse
1337 1715 1504 1771 credo
1552 1713 1805 1770 eumdem
1849 1713 2140 1782 Ctesipho-

551 1805 700 1853 nem,
739 1789 867 1844 dum
905 1788 1035 1844 alibi
1079 1788 1238 1854 dixit,
1290 1787 1516 1842 Mariam
1564 1804 1664 1841 non
1713 1788 1878 1856 tetigit
1915 1786 2139 1857 primum

553 1870 869 1932 peccatum;
909 1874 1148 1928 penam,
1180 1859 1618 1932 inquam,_primi
1662 1857 1868 1927 peccati
1905 1859 2033 1911 Eva:
2069 1857 2134 1932 ﬁ_-

555 1928 731 1986 liabus
762 1930 1047 1994 inilictam,
1079 1931 1338 1985 nimirum
1363 1928 1490 1997 quia
1515 1943 1688 1998 neque
1719 1943 1843 1998 cum
1879 1928 2138 1982 aerumnis

556 2003 826 2070 concepit,
863 2014 1037 2071 neque
1062 2015 1187 2056 cum
1217 2000 1405 2055 dolore
1437 1999 1750 2070 parturivit.’
1774 1997 1929 2071 Quod
1965 2007 2032 2071 ut
2054 1997 2137 2071 ad

561 2069 754 2139 purum
812 2069 1132 2142 explicetur,
1187 2085 1467 2142 necessum
1513 2069 2012 2142 estprzecedentia
2053 2070 2141 2125 hic

562 2141 899 2211 subjungere’
918 2143 1106 2206 verba,
1156 2157 1221 2198 ex
1267 2141 1464 2212 quibus
1498 2142 1556 2198 S.
1594 2141 1939 2212 Ctesiphonis
1989 2155 2143 2196 mens

560 2213 774 2283 facilius
826 2213 1030 2282 percipi
1071 2222 1251 2283 queat.
1279 2213 1418 2268 Cum
1470 2214 1525 2268 in
1555 2214 1652 2268 lib.
1693 2229 1711 2268 1
1760 2213 1912 2283 cujus
1953 2213 2142 2268 titulus

562 2295 668 2347 est,
720 2277 1145 2338 Fundamentum
1196 2283 1464 2349 Ecclesiaz,
1515 2285 1765 2340 universa
1818 2277 2144 2338 Christiana:

565 2355 688 2411 ﬁdei
729 2353 982 2423 dogmata
1035 2357 1284 2412 ordinate
1329 2365 1770 2426 prosequerelur,
1822 2364 1872 2410 et
1918 2355 2032 2423 jam
2074 2354 2146 2410 de

563 2426 844 2482 creatione
871 2436 928 2484 et
959 2441 1088 2482 casu
1119 2429 1460 2497 angelorum,
1492 2425 1556 2481 ac
1583 2427 1650 2482 de
1679 2425 2003 2482 formatione
2032 2425 2145 2495 pri-

566 2512 780 2553 morum
828 2497 1050 2553 humani
1097 2497 1310 2567 generis
1350 2506 1660 2568 parentum,
1699 2498 1875 2568 deque
1926 2504 2148 2567 peccato

566 2568 910 2634 eorumdem,
952 2569 1096 2639 quod
1133 2571 1186 2624 in
1210 2571 1492 2624 universos
1517 2571 1766 2624 homines
1798 2578 2146 2638 propagatum

566 2648 671 2706 est,
708 2641 1054 2696 exactissime
1082 2642 1312 2711 egisset;
1353 2639 1569 2695 tandem
1599 2641 1666 2694 ad
1719 2639 2150 2711 redemptionem

568 2712 863 2767 humanam
890 2708 1266 2780 exponendam
1293 2713 1553 2776 accessit;
1584 2719 1641 2767 et
1667 2711 1719 2766 in
1749 2727 1802 2766 ν.
1829 2708 1901 2763 24
1933 2710 2103 2780 inquit
2134 2725 2148 2762 :

575 2781 772 2838 Missus
802 2783 902 2852 fuit
943 2780 1101 2838 Jesus
1138 2785 1192 2837 in
1240 2781 1470 2837 Mariam
1509 2785 1572 2838 de
1621 2783 1776 2838 domo
1805 2780 1999 2846 David,
2043 2781 2155 2835 sine

571 2853 714 2926 uiro;
742 2865 788 2908 et
818 2856 916 2926 {uit
954 2855 1101 2926 virgo
1145 2863 1260 2925 post
1297 2864 1528 2926 partum,
1559 2854 1692 2910 sicut
1730 2855 1784 2926 in
1807 2855 1923 2922 ipso
1947 2863 1995 2908 et
2033 2862 2154 2926 ante

572 2923 767 2997 ipsum.
819 2923 935 2980 lloc
966 2923 1310 2997 ut'ex'plicet'
1351 2926 1531 2982 subdit
1575 2925 1891 2997 immediate
1933 2939 1987 2980 v.
2033 2923 2152 2978 25:

577 2993 750 3068 Adam
770 3006 970 3051 creatus
1019 2997 1120 3067 fuit
1147 2993 1259 3052 sine
1286 2997 1624 3068 genitoribus,
1654 3007 1702 3051 et
1751 2995 1863 3052 Era
1896 3011 1963 3052 ex
2007 3006 2159 3065 patre

577 3065 691 3119 sine
729 3075 914 3141 ntatre,
944 3068 997 3120 in
1020 3065 1232 3141 'gratia;
1277 3065 1327 3123 ὖ.
1359 3069 1430 3124 26
1463 3068 1586 3141 ενΑά
1614 3069 1979 3141 perfectionem
2014 3082 2160 3141 crea-

577 3145 709 3218 tum
753 3136 885 3218 (alia
922 3135 1100 3194 versio
1130 3135 1312 3204 habet,
1335 3135 1632 3223 creationis)
1672 3135 1877 3223 creatus
1907 3149 1981 3193 est
2005 3135 2159 3191 Iesus

570 3207 629 3260 in
648 3207 950 3290 ntatresin‘e
969 3219 1164 3290 patrei
1199 3219 1517 3290 quapropter
1539 3207 1706 3290 prima
1735 3211 1891 3290 culpa
1921 3225 2027 3263 non
2044 3225 2157 3290 Διιρο

2169 1897 2216 1957 Β

2227 575 2335 629 lis?
2380 574 2596 636 Fateor,
2630 575 2722 649 sed
2757 585 2934 649 tamen
2982 574 3050 632 eo
3080 592 3240 632 sensu
3267 578 3337 634 de
3374 593 3441 634 ea
3487 574 3705 646 agitur;
3725 595 3834 649 quo

2227 662 2350 727 cum
2383 655 2645 729 perpetua
2671 646 3408 729 virginitateconnexionem
3442 650 3609 729 habet
3639 646 3834 729 neces-

2227 720 2424 790 sat-iam
2461 720 2579 786 ejus
2631 720 2911 790 carentia;
2959 720 3218 774 nimirum
3260 730 3320 775 ut
3365 723 3591 777 nomine
3638 723 3835 790 prima:

2227 787 2421 856 culpae,
2456 789 2808 862 seu__peccati
2859 791 3016 862 primi
3063 800 3116 846 et
3146 792 3448 862 originalis.
3493 787 3835 862 intelligatur

2230 861 2504 913 sententia
2531 859 2619 913 illa
2656 861 2778 914 liva:
2809 870 2864 914 ct
2908 861 3120 915 ﬁliabus
3173 859 3294 917 suis
3319 864 3586 919 universis
3625 859 3763 920 olim
3803 880 3832 918 a

2230 930 2342 1004 Deo
2369 930 2566 1004 inﬂicta
2593 948 2605 984 :
2637 930 2996 1004 Muttiplicabo
3024 945 3298 1004 conreptus
3321 945 3370 987 et
3390 951 3653 990 (erumnas
3687 947 3832 1001 tuas,

2228 1002 2284 1054 in
2312 1002 2491 1075 dolore
2519 1003 2686 1073 paries
2713 1002 2876 1075 filios,
2908 1013 2955 1057 et
2982 1005 3074 1058 sub
3104 1002 3202 1058 viri
3247 1014 3496 1075 potestate
3527 1008 3631 1060 eris
3664 1005 3832 1074 (Gen.

2230 1075 2335 1146 nt).
2369 1073 2494 1128 llazc
2517 1074 2786 1146 sententia
2817 1076 2868 1129 in
2902 1081 3038 1140 toto,
3064 1091 3162 1131 nec
3193 1073 3254 1131 in
3276 1088 3428 1146 parte
3457 1073 3836 1146 comprehen-

2232 1143 2332 1217 dit,
2363 1159 2467 1198 nec
2493 1144 2669 1211 tetigit
2709 1144 2960 1217 Mariam,
2991 1162 3056 1202 eo
3087 1148 3202 1216 ipso
3242 1143 3384 1217 quod
3415 1149 3532 1204 sine
3569 1143 3693 1203 viro
3731 1150 3838 1203 Do-

2235 1213 2766 1290 minumhconcepil.
2826 1213 2990 1286 quue
3046 1213 3333 1274 manifeste
3377 1221 3681 1290 expressit,
3730 1221 3836 1290 qui

2235 1285 2515 1359 transtulit
2543 1303 2557 1340 :
2587 1285 2652 1359 Et
2681 1296 2812 1359 tunc,
2831 1285 3000 1358 prima
3022 1291 3179 1358 t‘ulpa
3200 1305 3303 1344 non
3333 1285 3684 1359 apprehendit
3716 1289 3838 1344 Ha-

2234 1357 2367 1410 riam
2401 1372 2420 1410 :
2467 1357 2907 1428 quandoquidem
2943 1369 3064 1412 tunc
3086 1357 3136 1414 in
3174 1360 3336 1415 \‘erlii
3361 1357 3527 1416 divini
3563 1363 3838 1418 incarna-

2237 1428 2386 1504 tione
2423 1443 2531 1504 non
2556 1437 2674 1484 erat
2704 1440 2916 1504 tempus
2943 1431 3303 1487 contrahendi
3334 1433 3616 1488 formalem
3661 1434 3837 1504 origi-

2237 1498 2321 1574 nis
2355 1499 2592 1574 culpam,
2623 1500 2718 1574 so_d
2747 1515 2959 1569 ptenam
2987 1507 3390 1574 et_sententiam
3421 1505 3519 1574 ipsi
3561 1498 3835 1560 debitam.

2237 1568 2390 1637 Quod
2431 1568 2486 1646 si
2524 1587 2626 1646 non
2650 1568 2827 1646 tunc,
2862 1574 2958 1627 scd
3012 1571 3307 1644 Eapropter
3335 1568 3838 1646 veliQttapropter,

2239 1655 2334 1694 seu
2361 1642 2489 1717 quid
2539 1643 2718 1717 simile
2743 1653 3024 1717 vertamus
3073 1642 3181 1712 (est
3210 1647 3353 1701 enim
3414 1642 3844 1717 Hinda‘de'lique

2243 1713 2504 1778 particula
2538 1712 2787 1784 illativa),
2818 1716 3001 1784 nequit
3031 1731 3138 1770 non
3163 1717 3395 1771 reddere
3424 1716 3680 1772 eumdem
3717 1712 3841 1772 sen-

2243 1796 2359 1858 sum
2397 1801 2411 1837 :
2443 1784 2664 1858 denotat
2694 1785 2956 1858 siquidem
2989 1785 3117 1853 hoc,
3152 1789 3294 1855 quod
3338 1788 3560 1842 Mariam
3591 1804 3704 1843 non
3750 1804 3842 1858 ap-

2247 1855 2596 1920 prehenderit
2644 1856 2876 1925 primum
2929 1868 3231 1925 peccatum,
3290 1860 3605 1914 necessario
3651 1855 3842 1915 inferri

2242 1940 2308 2001 ex
2349 1925 2884 2001 immediatedicﬁs,
2920 1928 3232 2001 Progenitus
3261 1939 3339 1983 est
3387 1929 3544 2001 Jesus
3569 1932 3626 1984 in
3677 1941 3845 1986 matre

2241 1995 2355 2050 sine
2379 2006 2550 2072 patre,
2590 1996 2684 2068 qui
2708 2007 2792 2054 est
2821 1995 3080 2072 articulus
3106 1999 3345 2072 Virginis
3376 2000 3584 2068 Matris,
3624 2018 3693 2056 ex
3738 2018 3844 2072 quo

2243 2068 2569 2143 necessitate
2595 2071 3001 2143 consequentiae
3037 2068 3290 2139 infertur,
3321 2072 3465 2143 quod
3495 2074 3548 2127 in
3599 2072 3735 2128 Filii
3758 2068 3841 2127 sui

2243 2139 2623 2218 procreatione
2648 2139 2846 2218 _ntillas
2875 2155 3033 2212 passa
3071 2144 3142 2218 sit
3179 2139 3471 2218 aerumnas,
3505 2143 3558 2198 in
3579 2145 3844 2218 _parturi-

2246 2210 2394 2281 tione
2424 2210 2604 2281 nullos
2630 2210 2886 2279 dolores,
2911 2223 2969 2268 et
2997 2215 3141 2281 quod
3171 2228 3199 2268 a
3225 2214 3346 2270 viro
3386 2210 3686 2270 constricta
3733 2232 3842 2271 non

2245 2279 2336 2357 sit,
2365 2279 2510 2357 quod
2538 2291 2621 2336 est
2670 2282 2857 2337 dicere
2891 2300 2904 2336 :
2943 2279 3274 2357 Quapropter
3299 2285 3542 2357 Mariam
3585 2302 3693 2340 non
3732 2288 3847 2340 teti-

2247 2351 2321 2420 git
2374 2353 2602 2423 primum
2657 2366 2946 2422 peccatum.
2991 2351 3090 2409 Cui
3145 2351 3353 2412 accedit
3403 2356 3540 2412 hanc
3592 2359 3844 2413 eamdem

2249 2437 2476 2546 prorsus
2523 2425 2848 2480 sententiam
2903 2427 3205 2493 saepissime
3251 2429 3303 2482 in
3357 2428 3481 2483 aliis
3533 2427 3659 2496 eius
3707 2429 3849 2484 sacri

2279 2492 2447 2546 loutis
2475 2493 2630 2546 libris
2659 2496 2910 2546 reperiri.
2941 2507 2997 2546 ul.
3025 2497 3182 2546 facile
3209 2499 3388 2546 nnivis
3433 2498 3725 2546 intellizat-
3771 2502 3849 2546 ni-

2279 2492 2447 2569 lontis
2475 2493 2630 2569 libris
2659 2496 2913 2569 reperiri,
2941 2492 2997 2551 ut
3011 2497 3182 2569 facile
3209 2499 3388 2569 quivis
3433 2492 3725 2568 intelligat,
3770 2502 3854 2554 ni-

2251 2563 2330 2618 hil
2375 2564 2523 2640 aliud
2561 2563 2836 2640 hochloco
2882 2567 2942 2623 S.
2998 2563 3384 2640 Ctesiphonem
3428 2569 3530 2624 sibi
3583 2563 3848 2636 voluisse,

2253 2650 2376 2690 nam
2420 2635 2491 2710 in_
2515 2652 2622 2710 uno
2666 2637 2886 2710 illorum
2930 2635 3219 2702 asseritiir,
3262 2641 3404 2710 quod
3464 2640 3687 2696 Mariam
3747 2635 3854 2697 non

2251 2707 2664 2780 comprehendit
2695 2708 2787 2763 illa
2817 2708 2944 2765 Eva:
2976 2707 3310 2777 maledictio,
3343 2710 3438 2766 sub
3469 2712 3562 2764 viri
3585 2723 3858 2780 potestate

2253 2777 2401 2842 eris;
2456 2790 2511 2833 et
2573 2778 2628 2832 in
2685 2780 2899 2845 altero,
2967 2782 3114 2851 quod
3168 2783 3486 2838 vexationes
3551 2777 3856 2840 mulierum

2257 2851 2650 2923 prtegnantium
2685 2851 2845 2923 longe
2884 2852 3107 2908 fuerunt
3149 2855 3220 2908 ab
3269 2854 3406 2922 ipsa,
3449 2853 3514 2908 de
3557 2853 3774 2923 quibus
3804 2857 3856 2909 in

2257 2919 2641 2977 maledictione
2668 2919 2872 2995 dictum
2909 2923 3104 2995 fuerat,
3137 2919 3507 2994 Multiplicabo
3545 2919 3856 2995 conceptus.

2259 2999 2309 3044 et
2335 3006 2596 3065 teruntnas
2626 3001 2761 3048 tuas.
2793 2993 3266 3065 Quandoquidem.
3299 2993 3359 3051 ut
3386 2995 3651 3065 Bernardi
3674 2993 3858 3052 verbis

2260 3064 2535 3135 utar,_sine
2560 3066 2859 3135 gravantine
2877 3067 3015 3129 tulit,
3047 3064 3156 3121 sine
3185 3067 3366 3122 dolore
3390 3064 3590 3121 Filium
3621 3071 3856 3132 parturi-

2261 3133 2349 3186 vit.
2397 3133 2640 3208 Denique
2673 3137 2724 3208 in
2772 3137 2882 3191 alio
2919 3140 3206 3204 asseritur,
3234 3139 3378 3208 quod
3421 3138 3739 3194 nullatenus
3777 3138 3859 3193 di-

2260 3215 2409 3259 ceret
2436 3205 2489 3260 ei
2535 3207 2784 3276 angelus,
2813 3209 2933 3274 Ave,
2977 3211 3148 3278 gratia
3177 3205 3350 3277 plena.
3381 3219 3514 3277 etc.,
3547 3210 3593 3265 si
3622 3212 3856 3278 primum

642 3275 851 3331 eltendit
874 3275 1123 3354 Mariam.
1143 3275 1332 3334 ln'hac
1351 3275 1707 3354 translatione
1727 3275 2016 3354 peritiores
2031 3275 2166 3354 Ara-
2192 3279 2240 3344 C
2269 3289 2386 3330 eam
2419 3275 2699 3354 peccatum
2727 3275 3259 3354 comprehendisset.
3295 3280 3396 3338 Ubi
3427 3275 3513 3352 (ut
3537 3275 3720 3351 vides)
3749 3282 3861 3354 agi-

696 3347 1060 3416 conveniunt;
1093 3361 1320 3416 excepto
1370 3351 1513 3420 quod
1558 3353 1680 3406 loco
1711 3347 1852 3406 illius
1882 3350 2164 3420 particula:

581 3428 916 3544 yapmpter,
962 3435 1060 3490 pro
1088 3437 1192 3492 qua
1242 3421 1298 3477 in
1327 3432 1477 3478 textu
1509 3421 1749 3503 Arabico
1779 3421 2029 3492 originali
2055 3431 2162 3487 est,

641 3489 770 3543 tnda
800 3489 1024 3544 deltaue.
1058 3507 1164 3544 non
1197 3507 1358 3544 nemo
1386 3503 1567 3544 vertit.
1596 3503 1717 3544 tunc
1740 3509 1758 3544 :
1789 3501 1844 3544 et
1873 3507 1970 3544 oro
2001 3492 2162 3544 verbo

641 3489 770 3543 inda
800 3489 1024 3558 deliqu’e,
1058 3489 1164 3548 non
1197 3507 1358 3549 nemo
1386 3494 1567 3560 vertit,
1596 3503 1758 3560 tunc;
1789 3501 1844 3546 et
1868 3489 1970 3562 pro
2001 3492 2165 3547 verbo

582 3561 925 3636 apprehendit
949 3563 1168 3636 quidam
1192 3564 1596 3636 comprehendit,
1627 3561 1883 3620 nonnulli
1899 3565 2060 3619 etiam
2093 3575 2166 3618 te-

583 3631 701 3704 tigit
737 3631 1087 3689 transferunt.
1121 3634 1184 3692 Ut
1212 3647 1268 3689 ut
1293 3631 1382 3704 sit,
1429 3639 1612 3692 omnia
1645 3637 1696 3690 in
1727 3637 1870 3690 idem
1893 3636 2160 3690 recidunt.

635 3717 832 3774 nmque
861 3705 1005 3778 quod
1033 3705 1090 3762 S.
1117 3708 1413 3778 Ctesiphon
1445 3707 1780 3778 probandum
1811 3708 1912 3760 sibi
1959 3720 2167 3761 assum-

584 3785 770 3843 pserat
799 3777 983 3850 μμ,
1014 3793 1120 3850 non
1150 3777 1279 3834 erat
1305 3777 1654 3850 pra-servatio
1684 3779 1926 3850 Deipara:
1964 3793 1994 3831 a
2036 3785 2166 3850 pec-

583 3855 719 3920 cato
737 3847 987 3920 originali
1019 3849 1071 3904 in
1119 3865 1220 3905 sua
1247 3847 1596 3918 formatione,
1623 3849 1721 3906 sed
1749 3847 2009 3920 perpetua
2034 3847 2167 3920 :ejus

585 3915 888 3993 virginitas,
921 3932 979 3974 ut
1007 3922 1168 3977 verba
1193 3921 1304 3991 ipsa
1326 3915 1627 3992 declarant,
1667 3915 1863 3976 Miisui
1890 3922 1988 3993 fuit
2015 3915 2168 3975 Jews

586 3987 641 4041 in
677 3987 908 4068 _Mart'am
935 3993 1048 4048 sine
1077 3993 1190 4068 viro
1216 3987 1238 4047 ἓ
1280 4003 1328 4049 et
1353 3995 1455 4068 fuit
1495 3987 1640 4068 uirgo
1670 4003 1782 4064 post
1812 3987 2035 4068 portant,
2069 3994 2171 4068 sic-

587 4073 645 4137 ut
671 4063 896 4137 itthipso,
921 4074 966 4118 et
1001 4076 1120 4120 ante
1161 4063 1362 4137 ipsum.
1403 4066 1516 4122 Hoc
1554 4063 1684 4122 v'ero
1721 4063 1979 4135 quonaml
2009 4063 2170 4137 modo

587 4133 817 4207 intelligi
849 4145 1029 4206 queat,
1059 4133 1324 4206 exemplis
1353 4137 1544 4193 suadet
1589 4133 2024 4206 procreationu'm
2059 4133 2170 4202 pri-

591 4220 805 4261 morum
838 4215 1155 4276 parentum;
1192 4207 1437 4263 Adamus
1477 4209 1744 4279 siquidem
1792 4207 1964 4264 factus
1990 4210 2173 4279 inerat

593 4279 712 4348 sine
739 4289 912 4346 patre,
939 4288 995 4332 et
1013 4281 1133 4334 sine
1163 4291 1356 4344 matre,
1387 4279 1496 4334 Eva
1531 4278 1662 4334 vero
1688 4279 1758 4334 de
1781 4290 1952 4348 patre,
1985 4278 2038 4333 id
2065 4287 2169 4343 est,

593 4346 664 4404 de
691 4358 840 4421 costa
868 4350 991 4415 viri,
1024 4350 1144 4421 sine
1175 4350 1366 4404 matris
1402 4364 1706 4416 concursu;
1753 4346 1882 4420 quid
1903 4364 2042 4421 ergo
2073 4351 2174 4404 mi-

593 4433 737 4488 rum,
772 4420 817 4474 si
848 4435 1018 4475 novus
1060 4420 1233 4475 Adam
1261 4421 1422 4476 Jesus
1461 4422 1632 4477 factus
1673 4422 1836 4477 fuerit
1881 4420 1949 4476 de
1985 4420 2175 4478 matre

592 4489 732 4553 sola,
792 4491 912 4546 sine
956 4491 1123 4559 patris
1168 4491 1311 4564 ope?
1349 4493 1661 4560 Quinimmo
1697 4493 1766 4546 ad
1810 4491 2175 4564 perfectionem

592 4568 870 4624 creatura,
908 4575 1004 4618 seu
1037 4562 1312 4616 creationis
1343 4565 1424 4688 qut
1447 4564 1549 4618 alia
1589 4564 1752 4619 habet
1792 4560 1998 4634 littera)
2045 4579 2177 4618 con-

592 4632 821 4688 veniens
843 4642 981 4688 erat.
1017 4642 1074 4687 ut
1111 4647 1284 4688 novus
1321 4648 1351 4688 a
1378 4635 1519 4688 iouis
1550 4636 1714 4688 homo
1753 4649 1819 4688 ex
1850 4646 2023 4688 matre
2060 4637 2176 4688 sine

591 4632 821 4688 veniens
843 4642 981 4695 erat,
1017 4642 1074 4687 ut
1111 4647 1284 4688 novus
1321 4632 1519 4704 aliquis
1550 4636 1714 4690 homo
1753 4649 1819 4691 ex
1850 4632 2023 4690 matre
2060 4637 2176 4692 sine

594 4704 768 4777 patris
793 4718 900 4774 ope
924 4705 1289 4777 formaretur;
1321 4707 1401 4760 sic
1441 4707 1589 4762 enim
1620 4707 1804 4771 ﬁeret,
1844 4715 1902 4760 ut
1948 4720 2176 4777 genera-

595 4774 806 4848 _tiunum
836 4789 1029 4831 omnes
1050 4775 1200 4831 modi
1229 4777 1614 4848 excogitabiles
1641 4789 1829 4833 essent
1855 4779 1907 4833 in
1948 4774 2170 4848 mundo,

596 4845 651 4901 id
679 4857 786 4915 est,
828 4860 955 4901 cum
985 4855 1153 4920 patre
1192 4857 1247 4902 et
1291 4845 1486 4913 matre,
1533 4864 1642 4920 quo
1693 4859 1851 4918 pacto
1900 4845 2176 4906 nascimur

595 4931 807 4985 omnes,
834 4926 926 4972 aut
953 4918 1070 4974 sine
1092 4927 1244 4988 patre
1268 4929 1325 4976 et
1354 4918 1656 4986 matre,'uti
1682 4921 1833 4976 solus
1867 4921 2039 4975 Adam
2067 4920 2176 4974 lor-

600 5000 776 5042 matus
804 4998 919 5055 est;
955 4999 1050 5044 aut
1096 5004 1162 5044 ex
1203 4999 1356 5060 patre
1383 4992 1684 5057 dumtaxat,
1734 4991 1874 5048 sicut
1905 4993 2052 5056 Eva;
2084 5002 2176 5048 aut

600 5060 817 5134 tandem
852 5075 925 5134 _ex
957 5071 1138 5134 matre
1155 5063 1274 5118 sine
1301 5072 1475 5134 patre,
1515 5063 1659 5133 quod
1704 5062 1967 5118 Dominus
2012 5063 2172 5118 .Iesus

599 5126 703 5209 sibi
731 5129 890 5209 elegit
937 5131 1058 5209 soli.
1106 5131 1226 5200 Quo
1255 5126 1574 5209 argumento
1621 5134 1987 5209 communiter
2017 5134 2171 5189 theo-

600 5199 707 5270 logi
753 5199 1097 5258 ex’Patribus
1126 5199 1367 5261 utuntuF.
1411 5207 1548 5262 lline
1592 5219 1722 5261 vero
1763 5204 2066 5261 rectissime
2119 5217 2176 5262 et

600 5271 924 5346 immediate
940 5272 1169 5330 infertur
1196 5278 1459 5334 articulus
1487 5278 1579 5333 ille
1619 5276 1902 5333 catholica:
1928 5276 2072 5346 ﬁdei,
2105 5276 2175 5334 de

601 5352 864 5413 perpetua
911 5345 1091 5419 Mariae
1119 5348 1445 5419 virginitate,
1475 5348 1622 5419 quod
1664 5356 1783 5404 erat
1821 5345 2065 5406 auctoris
2099 5351 2174 5404 in-

600 5423 850 5490 teritum;
883 5416 1138 5472 nimirum
1167 5416 1310 5489 quod
1349 5416 1602 5490 concepit
1638 5427 1696 5474 et
1731 5421 1938 5490 peperit
1975 5420 2125 5489 virgo
2159 5438 2171 5473 :

602 5483 747 5557 quod
776 5500 906 5562 vero
936 5483 1259 5562 praeservata
1303 5491 1464 5546 fuerit
1491 5483 1745 5562 a'prima'
1772 5483 1952 5562 culpa,
2000 5483 2176 5560 ne'quc

601 5566 720 5632 erat
752 5557 820 5612 ad
855 5559 1214 5632 propositum,
1261 5577 1438 5632 neque
1475 5557 1788 5619 immediate
1819 5557 2173 5632 inferebatur,

599 5628 1116 5704 sed‘remotissime;
1151 5639 1207 5684 et
1231 5628 1374 5701 quod
1403 5633 1621 5702 majoris
1648 5648 1730 5689 est
1760 5634 2040 5704 ponderis,
2065 5628 2174 5689 non

597 5702 666 5758 de
690 5701 818 5765 fide,
841 5715 968 5771 cum
1009 5709 1185 5753 tatnen
1218 5704 1551 5771 propositum
1581 5706 1684 5760 sibi
1737 5701 1883 5760 esset
1928 5705 1996 5759 de
2043 5705 2175 5762 solis

596 5772 723 5830 ﬁdei
751 5769 995 5827 articulis
1025 5769 1331 5842 agere-1t
1364 5789 1544 5830 nonne
1575 5776 1702 5849 (ais)
1751 5775 2056 5834 clarissime
2089 5775 2171 5835 lo-

2205 4670 2259 4732 D

2271 3354 2358 3400 tur
2408 3349 2477 3423 de
2527 3348 2693 3423 Maria
2753 3360 2999 3423 tempore
3051 3353 3308 3423 angelica:
3362 3348 3853 3416 Annuintiationis,

2267 3418 2485 3494 quando
2527 3420 2779 3494 nimirum
2830 3418 3326 3492 originalis'culpte
3373 3438 3543 3494 capax
3576 3439 3686 3479 non
3719 3432 3856 3490 erat,

2267 3488 2363 3544 sed
2407 3504 2604 3564 pinnae.
2640 3493 2716 3546 En
2758 3488 3048 3564 genuinam
3077 3488 3359 3550 sacrorum
3407 3488 3660 3550 codicum
3689 3488 3856 3551 inter;

2268 3562 2627 3637 pretationem
2660 3579 2676 3637 ς
2703 3562 2857 3637 juxta
2885 3580 3046 3636 quam
3077 3565 3213 3637 nihil
3263 3566 3369 3620 illis
3399 3581 3521 3637 cum
3553 3576 3856 3637 praesens.

2271 3631 2421 3706 tione
2474 3631 2719 3706 Virginis
2757 3635 2827 3690 ab
2875 3631 3129 3706 originali
3183 3645 3407 3704 peccato
3461 3636 3517 3692 in
3553 3631 3671 3692 'sua
3725 3651 3858 3691 eon-

2268 3703 2543 3787 ceptione,
2569 3703 2811 3778 nihilque
2837 3703 3150 3777 apostolica:
3171 3703 3438 3764 doctrina:
3457 3707 3728 3764 absonum
3752 3707 3859 3763 illis

2270 3784 2592 3830 llIlDOnilIJl'.

2395 3846 2604 3916 tigitur
2639 3849 2706 3922 ad
2752 3850 3007 3906 Dextrum
3047 3850 3446 3922 regrediamur,
3497 3851 3619 3922 hoc
3649 3857 3859 3905 certum

2271 3913 2530 3988 deinceps
2560 3919 2700 3988 apud
2742 3934 2932 3976 omnes
2964 3921 3055 3988 sit,
3110 3913 3250 3977 nihil
3302 3922 3449 3978 aliud
3481 3921 3721 3976 voluisse
3761 3922 3860 3976 hoc

2273 3986 2415 4062 loco,
2441 3986 2606 4062 quam
2635 3991 2904 4061 Hispanos
2933 3993 3003 4045 ab
3026 3986 3277 4062 apostolo
3307 4009 3405 4050 suo
3432 3991 3638 4048 Jacobo
3665 3991 3861 4048 festum

2274 4059 2714 4135 Annuntiationis
2736 4059 3004 4133 angelicae
3033 4059 3326 4135 recepisse.
3357 4063 3460 4121 Cui
3482 4065 3648 4120 etiam
3671 4078 3863 4120 conso-

2275 4138 2388 4195 nat,
2419 4131 2562 4201 quod
2593 4135 2735 4204 apud
2765 4131 3432 4204 Augustinumﬁuﬁnum
3480 4144 3538 4191 et
3566 4135 3708 4192 alios
3738 4136 3868 4205 legi-

2276 4216 2418 4278 mus,
2446 4216 2570 4257 cum
2601 4207 2836 4275 apostoli
2886 4207 3202 4278 Symbolum
3252 4211 3480 4264 ederent
3509 4221 3608 4278 per
3661 4216 3863 4275 partes.

2275 4282 2332 4328 et
2371 4272 2565 4330 Petrus
2595 4272 2944 4346 praemisisset
2979 4295 2992 4332 :
3025 4277 3192 4333 Credo
3219 4281 3274 4333 in
3305 4278 3478 4333 Deum
3510 4272 3723 4334 Patrem
3759 4294 3868 4332 om-

2277 4345 2610 4418 nipotentem,
2657 4351 2902 4418 factorem
2928 4351 3041 4404 coeti
3073 4361 3123 4403 et
3154 4361 3336 4417 teme;
3375 4360 3431 4406 et
3460 4349 3707 4405 Andreas
3740 4366 3755 4403 :
3804 4347 3867 4401 Et

2274 4415 2342 4471 in
2373 4415 2556 4472 Jesunt
2592 4415 2856 4494 _Cliristitnt
2909 4418 3112 4474 Filium
3136 4424 3249 4494 ejus
3287 4415 3500 4476 unicum
3522 4461 3537 4485 ,
3567 4420 3871 4494 ﬂaminum

2276 4497 2510 4562 nostrum
2542 4490 2846 4546 :Jacobum
2875 4503 3122 4547 nostrum
3156 4490 3320 4549 iertio
3366 4494 3488 4548 loco
3527 4491 3672 4546 illam
3706 4494 3872 4562 parti-

2276 4560 2452 4615 culam
2513 4562 2937 4636 SUIDjIIIIXiSSBU:
2987 4563 3365 4636 Et_concepttts
3405 4574 3492 4636 est
3545 4562 3609 4616 de
3670 4560 3872 4636 Spiritu

2281 4641 2484 4706 sancto,
2539 4644 2693 4687 natus
2739 4651 2806 4689 ea;
2847 4634 3020 4691 Maria
3055 4633 3314 4706 Virgine:
3363 4635 3624 4690 nimirum
3674 4633 3872 4706 innuit,

2285 4702 2390 4778 hoc
2415 4707 2728 4778 mysterium
2759 4707 2861 4761 sibi
2891 4723 3001 4778 pra:
3025 4702 3387 4762 aliis'dulcius
3415 4720 3638 4778 semper
3662 4704 3875 4778 _iuissc.

2282 4773 2427 4828 unde
2455 4773 2508 4831 et
2534 4775 2588 4830 in
2633 4777 2754 4845 ejus
2786 4773 3044 4834 honorem
3079 4779 3307 4847 primum
3347 4773 3612 4846 templum
3651 4773 3873 4847 Caesar-

2280 4855 2523 4919 augustae
2560 4848 2696 4918 erigi
2723 4851 2952 4914 curavit,
2979 4857 3040 4904 ut
3064 4845 3281 4919 egregie
3313 4850 3383 4905 M.
3433 4845 3695 4903 Maximus
3730 4845 3872 4919 ceci-

2281 4914 2362 4993 nit
2389 4916 2456 4993 in_
2479 4914 2703 4993 hymno.
2734 4936 2897 4991 quem
2925 4919 2996 4978 de
3025 4914 3411 4993 ipsius'templi
3443 4919 3720 4976 ercetione
3751 4917 3874 4975 edi-

2279 4985 2380 5056 dit,
2407 4989 2496 5045 ubi
2518 4985 2698 5062 inquit
2729 5007 2744 5046 :

2527 5114 2646 5188 Qste
2654 5114 2759 5165 ndit
2780 5115 2846 5188 illi
2863 5115 3154 5188 sebilarem
3179 5112 3420 5179 (Deipara
3439 5112 3652 5174 Iacobo)

2527 5178 2728 5240 Suoque
2755 5177 2975 5228 natalitio

2527 5239 2876 5302 Conceptionis
2897 5253 3082 5302 aurem,

2529 5297 2736 5365 'l‘empio
2761 5309 2960 5352 manent
2981 5297 3197 5365 enrcieuia
3218 5297 3322 5364 [AL
3347 5301 3618 5365 eucomia].

2529 5363 2870 5427 (_Zonceptionis
2891 5366 3003 5415 hinc
3023 5364 3155 5414 diem

2528 5425 2742 5488 Jacobus
2763 5425 3004 5488 Hispanos
3021 5428 3194 5486 docet;

2530 5487 2593 5560 Et
2617 5485 2868 5560 ρτεεάὶρρξξ
2884 5501 2978 5560 cesi.
2997 5485 3438 5560 maritatam“)
3572 5547 3601 5560 _.
3807 5546 3818 5555 .

2532 5550 2773 5602 Ab’omni'
2787 5550 2897 5602 labe
2931 5550 3140 5602 liberam
3168 5550 3353 5612 (idest
3381 5550 3736 5612 conceptionem
3775 5550 3879 5599 sine

3168 5564 3241 5612 tta
3281 5564 3352 5600 est
3381 5564 3502 5602 conc

3147 5609 3328 5665 sentiae
3351 5564 3575 5675 facta»?

2276 5717 2429 5785 Quod
2460 5733 2588 5774 vero
2618 5718 2687 5774 de
2730 5716 3086 5786 conceptione
3131 5718 3308 5772 active
3357 5726 3582 5786 accepta
3630 5713 3888 5786 loquatur

2276 5784 2562 5862 Maximus,
2615 5791 2747 5849 satis
2796 5784 3138 5862 convincitur
3193 5803 3259 5847 es
3307 5801 3399 5858 eo,
3462 5784 3607 5863 quod
3657 5784 3885 5851 asserit,
