3956 6294
140 274 246 335 475

1183 269 1413 331 FLAVI!
1452 269 1635 330 LUCll
1675 269 1939 328 DEXTRI
1977 271 2392 333 CIIRONICON.

3341 280 3449 339 471

143 393 433 454 Αοϐ.508.
511 396 724 456 Pamiae
767 396 820 452 in
866 393 1121 468 Hispania
1163 393 1560 452 Tarraconensi
1610 392 1666 449 in
1714 392 1916 463 oppido
1943 390 2293 450 Vaccaeorum
2337 393 2406 451 ad
2439 395 2662 455 ﬂuvium
2702 397 3460 469 Arlanconem,A.It.lO59.

573 491 762 562 passio
786 483 957 544 sancti
982 487 1248 543 Antonini
1271 487 1550 559 martyris.

497 585 764 640 Emerita:
792 584 1049 653 Augustae
1071 580 1124 635 in
1151 579 1427 636 Lusitania
1458 579 1520 636 S.
1547 579 1800 638 Lucretia
1819 582 1973 653 virgo
2002 592 2058 639 et
2087 595 2314 656 martyr.

499 677 615 750 Ega
647 677 832 732 attulit
855 692 920 731 ex
946 674 1170 732 Oriente
1193 675 1516 730 memoriam
1539 684 1742 730 sancta:
1764 674 2076 732 Catherina:
2104 678 2156 731 in
2189 677 2530 747 Hispaniam.

500 767 663 839 Apud
691 767 887 822 Pacem
910 768 1210 836 Augustam
1241 767 1376 819 Ante
1404 763 1614 820 ﬂumini
1643 765 1971 836 appositam,
2004 767 2314 837 triumphus
2345 769 2448 824 SS.
2478 780 2778 843 martyrum
2807 771 3098 838 Vincentii,

570 859 779 917 Orentii
799 901 814 926 ,
843 867 900 916 et
926 859 1155 914 aliorum
1181 873 1196 925 ;
1230 856 1424 914 Pontio
1453 855 1683 913 Paulino
1707 857 1966 914 divinitus
1995 858 2298 928 admonito,
2322 875 2557 934 quorum
2587 878 2819 935 corpora
2847 864 3096 922 ministe-

569 955 654 1010 rio
675 953 990 1024 angelorum
1016 951 1085 1007 ad
1107 951 1299 1008 urbem
1330 950 1679 1006 Ebredunum
1709 952 2097 1009 constiterunt.

490 1046 551 1104 1n
576 1047 708 1103 sede
734 1045 880 1103 Petri
901 1044 1036 1102 Caio
1071 1045 1344 1101 successit
1379 1042 1758 1109 Marcellinus;
1787 1045 2109 1102 Marcellino
2146 1047 2472 1117 Marcellus;
2505 1050 2761 1109 Marcello
2801 1052 3098 1120 Eusebius;

570 1140 810 1198 Eusebio
849 1138 1183 1196 Melehiades
1221 1137 1385 1193 domo
1414 1136 1798 1211 natalibusque
1835 1138 2140 1210 Hispanus,
2184 1157 2385 1213 genere
2422 1159 2552 1202 vero
2582 1145 2715 1202 Afer
2747 1162 2764 1204 :
2809 1145 3098 1204 Melcliiadi

569 1247 702 1290 vero
747 1241 977 1289 sanctus
1001 1230 1289 1300 Silvester,
1322 1228 1423 1286 sub
1449 1243 1590 1301 quo,
1623 1232 1868 1303 Augusto
1896 1231 2290 1304 Constantino,
2320 1233 2556 1294 felicitas
2595 1248 2650 1295 et
2679 1254 2781 1312 pax
2812 1254 2978 1296 aurea
3006 1255 3098 1297 re-

563 1326 666 1384 diit
687 1325 970 1384 Ecclesiis.

1347 1417 1606 1479 BIVARII
1640 1419 2210 1482 COMMENTARIUS.

145 1513 286 1585 gensi
331 1521 506 1589 portu
542 1511 942 1589 consule_quaz
986 1509 1225 1589 diximus
1265 1509 1334 1566 ad
1377 1525 1581 1589 annum
1610 1511 1739 1589 500,
1767 1513 1900 1576 Ain
1953 1513 2219 1589 liispania
2264 1516 2760 1589 sanctte_Lucretite
2815 1517 3030 1589 uirginis
3080 1525 3128 1572 et
3174 1519 3449 1589 martyris,

144 1582 432 1642 comment.
473 1584 536 1650 2,
583 1599 737 1639 num.
782 1585 840 1650 5,
868 1592 1091 1653 agentes
1119 1582 1190 1638 de
1215 1592 1400 1638 sancta
1428 1582 1591 1638 Lucia
1623 1583 1742 1650 ejus

147 1659 288 1712 urbis
319 1657 462 1712 cive.
498 1657 575 1710 De
612 1667 800 1710 sancta
822 1654 1032 1709 Anania
1060 1662 1116 1707 et
1142 1655 1308 1708 sociis
1336 1655 1512 1709 sacris
1539 1663 1745 1724 marty-

146 1729 291 1782 ribus
324 1726 516 1782 multis
546 1737 712 1796 agunt
741 1725 920 1780 Graeci
951 1724 1376 1796 inhienologio,
1409 1724 1555 1796 unde
1583 1723 1746 1780 Gale-

147 1798 292 1853 sinus
321 1799 442 1853 haec
471 1795 991 1868 suo’Martyrologio
1017 1795 1250 1868 inseruit
1273 1795 1340 1851 ad
1363 1795 1701 1868 27ilanuarii
1729 1811 1745 1850 :

148 1869 339 1924 Eodem
386 1870 474 1922 die
514 1869 681 1923 sancti
711 1865 929 1922 A—nanits:
976 1867 1257 1937 martyris,
1304 1870 1390 1936 qui
1419 1865 1748 1937 Diocletiano

152 1940 350 1996 Cursore
379 1939 529 2004 apud
577 1939 869 1993 Maximum
888 1936 1186 2008 prazfectum
1212 1936 1564 1992 Christianam
1591 1936 1748 2007 ﬁdem

146 2022 322 2082 sponte
350 2015 643 2082 professus,
671 2011 897 2078 graviter
927 2011 979 2063 in
1008 2008 1271 2082 idolorum
1297 2011 1492 2082 cultum
1519 2011 1748 2082 inuectus

146 2080 234 2135 est.
277 2080 468 2153 Itaque
508 2082 911 2149 comprehensus
936 2122 951 2153 ,
997 2081 1219 2153 primum
1267 2080 1561 2153 uerberibus
1590 2080 1750 2153 credi-

153 2165 250 2212 tur.
280 2149 474 2207 deinde
501 2153 844 2207 candentibus
864 2152 1060 2205 subtilis
1089 2151 1402 2221 perfoditur,
1431 2160 1543 2222 post
1571 2149 1750 2204 vulne-

157 2224 316 2290 ribus,
349 2239 468 2294 quia
487 2224 564 2278 sic
593 2223 907 2294 acceperatj,
953 2222 1062 2277 sale
1099 2232 1149 2275 et
1174 2232 1319 2294 aceto
1344 2222 1664 2294 perfricans,
1695 2222 1751 2276 in

151 2293 435 2348 custodiam
477 2293 791 2358 includitur,
824 2303 880 2346 ut
933 2297 988 2347 in
1034 2309 1094 2347 eo
1135 2296 1248 2348 loco
1285 2293 1422 2362 [ante
1453 2301 1748 2359 necaretur;

149 2367 230 2419 sed
253 2368 505 2420 diuinitus
527 2368 725 2436 factum
747 2375 853 2436 est.
903 2376 956 2418 ut
1003 2379 1116 2436 per,
1139 2374 1334 2433 septem
1370 2363 1483 2418 dies
1508 2363 1624 2417 cibo
1651 2380 1751 2417 caa-

153 2437 256 2490 lesti
288 2435 545 2491 aleretur.
590 2436 742 2504 Quod
775 2435 862 2489 ubi
904 2435 1267 2489 animaduertit
1313 2436 1534 2489 carceris
1580 2444 1751 2488 custos

153 2507 357 2575 Petrus,
388 2509 577 2563 relicta
616 2507 921 2578 impietate,
965 2505 1316 2562 Christianam
1357 2507 1652 2578 complexus
1676 2514 1750 2559 est

152 2580 449 2650 religionem
472 2597 490 2643 ;
519 2576 851 2650 quamobrem
872 2576 1088 2650 hicruna
1118 2594 1235 2630 cum
1263 2593 1323 2630 eo
1349 2577 1578 2650 prtelecti
1594 2579 1752 2648 jussu

150 2647 264 2704 rota:
310 2652 566 2722 alligatus
592 2692 607 2715 ,
653 2649 712 2722 in
751 2649 1007 2722 craticula
1047 2657 1257 2722 uterque
1301 2647 1607 2722 collocatur,
1636 2663 1752 2701 suc—

151 2736 292 2774 censo
317 2719 470 2792 igne,
501 2738 601 2790 quo
620 2720 903 2790 derepente
939 2719 1242 2772 mirabiliter
1280 2720 1555 2792 restincto,
1585 2727 1750 2792 torto-

151 2808 242 2861 res,
274 2788 360 2845 ubi
393 2794 469 2846 rei
513 2788 974 2846 admirabilitatem
1027 2798 1439 2861 perspexerant,
1488 2788 1752 2861 Christum

149 2860 310 2916 Deum
344 2864 510 2918 libera
542 2879 662 2916 uoce
705 2861 1059 2931 proﬁtentur:
1091 2859 1248 2931 atque
1283 2862 1358 2931 s_ic
1386 2861 1589 2928 quidem
1615 2898 1630 2922 ,
1659 2859 1748 2928 qui

149 2943 341 3002 septem
379 2944 544 2999 erant,
575 2943 622 2988 et
651 2929 732 2986 illi
760 2929 911 2986 ambo
942 2929 1170 2986 Ananias
1206 2941 1254 2987 et
1284 2929 1472 2984 Petrus
1524 2931 1577 2983 in
1605 2946 1747 2984 mare

151 3006 370 3077 projecti
420 3006 498 3077 ad
521 3005 761 3075 martyrii
791 3006 1028 3074 palmam
1062 3010 1422 3074 peruenerunt.
1473 3002 1746 3057 Hactenus

147 3075 264 3128 acta
295 3076 437 3144 apud
465 3075 801 3131 Galesinum.

211 3147 302 3202 21.
331 3143 554 3200 ’Pamia:
573 3189 588 3213 ,
621 3158 728 3202 etc.
762 3145 1044 3202 Altissimo
1073 3159 1204 3200 sane
1229 3143 1479 3200 moderni
1511 3143 1746 3213 scripto-

149 3232 228 3272 rcs
252 3233 444 3272 errore
473 3219 821 3283 laborarunt,
853 3219 978 3272 dum
1011 3216 1352 3271 Palentinum
1383 3216 1586 3280 civem,
1621 3230 1748 3270 san-

149 3299 282 3343 ctum
312 3289 653 3343 Antoninum
697 3287 912 3345 Gallum
944 3297 1064 3343 ortu
1104 3297 1158 3342 ct
1199 3303 1398 3354 genere
1420 3285 1740 3344 credebant.

146 3357 423 3429 Legebant
470 3359 742 3430 siquidem
791 3361 846 3415 in
886 3359 1024 3414 actis
1059 3359 1304 3430 martyrii
1343 3358 1482 3428 ejus,
1518 3358 1740 3426 l’amiae,

147 3442 235 3484 sco
269 3431 517 3501 Apamia:
542 3429 735 3485 natum
765 3442 821 3485 et
840 3432 1083 3486 occisum
1111 3445 1125 3494 ;
1154 3429 1273 3501 cum
1300 3441 1481 3484 autem
1504 3429 1619 3497 ejus
1649 3444 1744 3483 no-

146 3503 301 3558 minis
325 3500 519 3558 urbent
546 3503 600 3557 in
633 3501 886 3570 Hispania
913 3502 1219 3565 nescirent,
1252 3500 1305 3555 in
1337 3501 1511 3556 Gallia
1542 3515 1743 3569 cogno-

145 3583 359 3645 scerent
379 3613 397 3639 ,
430 3574 579 3628 illam
623 3577 844 3645 martyri
877 3574 1063 3645 urbem
1079 3576 1500 3645 consignatum.
1551 3571 1741 3645 Mirum

146 3644 282 3710 quod
332 3648 577 3714 Apamia:
626 3641 798 3715 Syriae
839 3659 946 3700 non
991 3641 1334 3706 addixeritit,
1378 3659 1503 3715 cum
1551 3641 1741 3715 eadem

146 3709 426 3786 utriusque
471 3716 546 3770 sit
585 3709 994 3772 noinenclatura
1021 3755 1036 3780 ,
1067 3723 1122 3769 et
1146 3715 1415 3786 celebrior
1445 3709 1743 3786 Syra.§ed

143 3785 249 3851 jam
280 3783 539 3842 tenebras
581 3786 730 3855 fugat
759 3787 978 3845 Dexter.
1030 3786 1158 3840 dum
1203 3785 1443 3839 Pamiam
1492 3783 1548 3838 in
1604 3783 1746 3839 Vac-

149 3858 270 3912 ca:is
303 3857 471 3914 fuisse
491 3857 854 3924 demonstrat,
882 3857 948 3912 ad
979 3857 1196 3912 ﬂuvium
1227 3858 1604 3919 Arlanconcm,
1637 3870 1744 3924 quo

148 3927 242 3983 loci
269 3944 416 3984 nunc
443 3929 686 3984 Palentia
711 3929 837 3985 urbs
867 3929 1048 3984 existit
1070 3939 1157 3985 :et
1178 3928 1509 3982 Antoninum
1542 3926 1742 3981 Pamiai

149 4010 328 4069 uatum
348 4043 361 4063 ,
391 4011 446 4056 et
491 4001 730 4056 occisum
760 4016 777 4064 ;
808 4015 909 4057 nec
938 3999 1064 4053 alibi
1096 4014 1254 4069 quam
1289 3999 1381 4054 ubi
1408 4013 1551 4052 nunc
1576 3998 1741 4066 jacet.

147 4067 301 4125 Certe
345 4072 602 4140 quamdiu
637 4071 892 4126 Palentiae
911 4067 1140 4139 jacuerit
1165 4110 1180 4135 ,
1217 4071 1533 4126 memoriam
1564 4069 1743 4123 homi-

150 4157 270 4195 num
316 4142 813 4214 excedit,quando
861 4142 1081 4195 aliunde
1130 4151 1402 4210 portatum
1443 4155 1608 4214 nemo
1653 4156 1742 4195 us-

148 4227 303 4279 quam
364 4215 551 4279 novit;
598 4212 970 4268 inventionem
1041 4214 1278 4268 Ecclesia
1329 4227 1429 4267 sua
1474 4212 1737 4275 celebrat,

1846 1601 1962 1655 qua:
1989 1586 2044 1639 in
2076 1586 2431 1656 persecutione
2460 1587 2781 1642 Diocletiani
2806 1586 2908 1642 sub
2945 1588 3181 1643 Deciano
3229 1586 3451 1656 prtcside

1846 1658 2158 1732 martyrium
2187 1661 2582 1732 consummavit.
2609 1659 2685 1714 De
2711 1659 2900 1732 eadem
2924 1662 3000 1714 ait
3024 1658 3306 1716 Usuardus
3329 1662 3448 1732 ipsa

1847 1728 1958 1789 die,
1988 1730 2354 1800 ctquuilinns
2380 1731 2472 1786 lib.
2501 1745 2563 1794 ιι,
2592 1747 2712 1800 cap.
2758 1731 2878 1798 150,
2913 1748 3062 1786 num.
3105 1732 3229 1787 550.

1918 1797 2157 1872 9.5.Ega
2181 1800 2382 1865 attulit,
2411 1815 2520 1857 etc.
2549 1797 2785 1857 Consule
2827 1797 2946 1872 quae
2975 1803 3041 1858 de
3061 1801 3114 1857 S.
3151 1801 3446 1858 Catherina

1848 1871 2102 1934 superius
2152 1880 2338 1928 notata
2389 1887 2420 1927 a
2467 1872 2625 1928 nobis
2667 1883 2797 1928 sunt
2827 1871 2896 1928 ad
2933 1888 3062 1928 ann.
3111 1874 3236 1941 500,
3279 1873 3445 1930 Com-

1849 1950 2020 1996 ment.
2053 1943 2106 1996 5.

1883 2080 1894 2092 .
1920 2011 2010 2092 24:
2041 2012 2196 2092 Apud
2241 2031 2425 2092 pacem
2468 2016 2791 2092 Augustam,
2837 2024 2948 2071 etc.
3006 2014 3354 2092 Sedavimus-
3380 2015 3451 2074 de

1851 2082 1958 2162 situ
1990 2082 2323 2162 hujusurbis
2343 2082 2586 2162 veterem
2603 2086 2997 2162 etobduratam
3013 2088 3448 2162 controversiam

1852 2153 1904 2206 in
1936 2153 2074 2226 notis
2099 2157 2164 2210 ad
2194 2172 2394 2212 annum
2429 2156 2519 2219 64,
2556 2157 3011 2226 probavimusque
3048 2173 3159 2212 non
3195 2172 3318 2213 esse
3346 2156 3452 2213 Be-

1841 2223 2352 2300 jam_Portugallim,
2381 2228 2477 2282 sed
2505 2223 2742 2300 Badajcz
2759 2223 3139 2300 extreniaturaa
3165 2229 3448 2300 regniQa-

1851 2296 2056 2369 stellae;
2083 2296 2286 2369 _dnrum
2325 2310 2408 2354 e5t
2437 2299 2618 2354 omnia
2648 2296 2935 2369 repetere.
2970 2299 3142 2354 Porro
3180 2297 3278 2354 SS.
3315 2299 3445 2355 Vin-

1851 2367 2036 2440 centii,
2069 2367 2281 2440 Orentii
2308 2382 2364 2424 et
2398 2369 2626 2425 Victoris
2656 2367 2807 2425 sacra
2842 2370 3063 2424 nomina
3091 2372 3292 2440 scripta
3317 2382 3448 2427 sunt

1853 2436 1906 2490 in
1960 2436 2204 2494 Romano
2241 2439 2627 2510 Martyrologio
2664 2443 2752 2496 die
2791 2442 2862 2494 22
2903 2441 3148 2496 Januarii
3174 2436 3219 2504 ,⁷
3247 2444 3335 2500 ubi
3391 2445 3445 2498 in

1852 2512 2236 2584 persecutione
2263 2511 2582 2584 Diocletiani
2614 2512 2896 2584 martyrio
2918 2512 3164 2584 coronati
3191 2513 3440 2568 reicrun-

1855 2591 1976 2643 tur;
2007 2580 2166 2648 idque
2205 2583 2366 2637 etiam
2409 2583 2610 2638 habent
2655 2580 2821 2648 Beda,
2857 2583 3166 2645 llsuartlus,
3221 2593 3275 2638 et
3301 2585 3441 2639 Ado.

1852 2648 1996 2725 Acta
2015 2665 2147 2706 vero
2179 2654 2248 2706 ali
2277 2653 2531 2709 Etherio
2561 2655 2937 2710 Elitednnensi
2968 2653 3212 2708 antistite
3239 2655 3444 2725 scripta

1854 2720 2024 2775 edidit
2056 2737 2125 2776 ex
2158 2740 2289 2778 mss.
2321 2725 2600 2779 codicibus
2632 2725 2844 2792 Surius,
2870 2735 3017 2779 torno
3047 2740 3086 2789 ι,
3133 2733 3192 2780 et
3229 2720 3444 2792 Equiti-

1854 2805 1958 2865 r_t_ns
1989 2794 2041 2846 in
2072 2797 2450 2863 compendium
2482 2796 2582 2850 hoc
2611 2799 2847 2864 redegit,
2885 2797 2977 2851 lib.
3013 2811 3072 2863 tt,
3105 2811 3224 2865 cap.
3283 2796 3384 2852 112
3425 2815 3440 2852 :

1862 2859 2163 2942 Vincentius
2194 2859 2241 2918 ὲε
2273 2859 2979 2942 Orentius_ntartyrEs_passi
3010 2859 3313 2942 ‘suntapud
3341 2867 3446 2942 lli-7

1850 2937 2110 3055 ipaniam,
2143 2947 2370 3006 (t'mpore
2395 2937 2702 2991 Diocletiani
2725 2948 2774 2992 et
2799 2937 3110 2992 Maximiani
3139 2938 3327 3004 imper.
3349 2939 3444 2992 sub

1881 3003 2045 3055 iuﬁno
2074 3010 2294 3055 nra’side
2329 3009 2728 3055 Ilisnaniarmn.
2763 3010 3014 3055 (Ruﬁnus
3068 3009 3170 3055 iste
3195 3021 3442 3055 sanctum

1881 3003 2045 3078 iuﬁno
2073 3003 2294 3076 preside
2329 3009 2728 3074 Hispaniarum.
2763 3010 3014 3078 (Rutilius
3066 3009 3170 3063 istc
3195 3003 3444 3078 Sanctum

1849 3073 2233 3148 Cucuphatem
2263 3073 2564 3134 Barcinone
2596 3073 2978 3146 coronaverat,
3010 3079 3237 3135 Daciani
3268 3077 3444 3148 Lega-

1851 3155 1937 3223 tu_s
1959 3147 2350 3223 existens.)A_Hi
2372 3152 2572 3222 feruore
2592 3151 2717 3220 fidei
2738 3152 2962 3216 accensi,
2989 3167 3043 3206 se
3065 3159 3252 3223 sponte
3269 3147 3442 3220 judici

1849 3215 2142 3295 offerentes,
2172 3215 2503 3295 etA'Cltri'stunt
2527 3215 2926 3295 magnanimiter
2941 3215 3034 3295 con
3043 3215 3283 3292 ﬁtentes,
3285 3225 3444 3293 jussu

1848 3289 2089 3362 prasidis
2115 3293 2326 3360 capitali
2349 3294 2598 3348 sententia
2614 3289 2926 3362 puniuntur.
2963 3289 3194 3360 Quorum
3222 3289 3443 3361 corpora

1855 3357 2030 3436 Yictor
2057 3357 2269 3431 quidam
2297 3362 2476 3418 Levita
2497 3366 2582 3434 qui
2604 3357 2690 3419 eos
2710 3364 2933 3436 hospitio
2959 3357 3274 3436 susceperat,
3299 3357 3442 3436 sepe-

1847 3429 1959 3507 (iuit
1988 3448 2006 3485 :
2039 3429 2246 3506 propter
2274 3441 2414 3506 quod
2443 3446 2489 3491 et
2509 3429 2629 3507 ipse
2667 3452 2701 3488 a
2733 3429 2915 3507 judice
2951 3429 3154 3507 tentus,
3196 3429 3442 3507 brachiis

1844 3502 1943 3578 sibi
1972 3520 2002 3556 a
2030 3502 2213 3560 cubitis
2242 3502 2490 3578 pi-tecisis,
2539 3502 2592 3561 in
2634 3502 2815 3560 eodem
2846 3509 2956 3559 loco
2986 3505 3074 3559 ubi
3100 3517 3147 3560 et
3188 3504 3271 3578 illi
3302 3507 3442 3576 passi

1847 3573 2076 3648 fuerant,
2102 3573 2352 3648 decollari
2371 3580 2605 3648 jubt-tur.
2635 3579 2784 3642 Quod
2811 3578 2982 3632 uidens
3013 3586 3160 3646 pater
3192 3573 3439 3646 Victoris,

1845 3645 1969 3722 quia
1995 3648 2102 3722 ipse
2127 3645 2448 3722 Christianus
2489 3661 2620 3722 erat,
2664 3655 2843 3722 fugam
2868 3645 3110 3720 arripuit,
3147 3648 3237 3702 sed
3266 3665 3298 3701 a
3319 3645 3444 3722 conf-

1835 3719 1989 3788 juge,
2021 3718 2269 3788 Aquilino
2300 3722 2524 3784 nomine,
2557 3718 2828 3783 hortatus,
2850 3718 3050 3773 rediens
3080 3736 3186 3772 una
3227 3736 3346 3788 cum
3378 3721 3445 3787 ﬁ-

1846 3787 1918 3839 lio
1940 3787 2106 3858 capite
2147 3807 2310 3845 cwsus
2339 3802 2432 3846 est.
2463 3791 2666 3845 Horum
2695 3791 2922 3844 omnium
2966 3805 3184 3858 corpora
3219 3787 3443 3844 Pontius

1845 3858 2134 3928 episcOpus,
2164 3862 2338 3915 divina
2365 3862 2674 3916 reuelatione
2693 3861 3052 3925 commonitus,
3083 3858 3316 3929 plaustro
3343 3862 3444 3912 int-

1847 3929 2016 3995 posita
2045 3931 2114 3983 ad
2149 3931 2261 3985 loca
2296 3935 2510 3998 pristina
2538 3931 2712 3986 Italia:
2756 3931 3047 3997 deferebat,
3076 3931 3239 3981 donec
3279 3931 3443 3996 juxta

1845 3998 2099 4052 civitatem
2136 4000 2558 4057 Ebredunensem
2590 4012 2957 4068 pervenerunt;
2984 3999 3070 4052 ubi
3096 3998 3256 4052 bobus
3279 4016 3335 4054 se
3377 4000 3444 4068 [i-

1845 4070 2102 4138 gentibus,
2152 4073 2490 4134 nullo_modo
2539 4073 2675 4125 ultra
2706 4072 2847 4124 abire
2877 4069 3184 4131 valentibus,
3224 4084 3443 4138 corpora

1846 4151 2132 4211 martyrum
2157 4143 2362 4214 sepulta
2382 4153 2522 4214 sunt,
2552 4143 2723 4195 ditina
2752 4141 2957 4214 cognita
2980 4143 3259 4214 voluntate.
3286 4142 3437 4214 tion-

1845 4215 2076 4282 cordant
2101 4211 2280 4282 omnia
2313 4214 2470 4268 dictis
2501 4213 2708 4267 Dextri.
2742 4211 2894 4280 Quod
2945 4213 2997 4264 itt
3041 4211 3442 4282 Mai-tyrologiis

150 4286 555 4340 translationem
603 4286 812 4354 ignorat
840 4301 853 4338 :
908 4284 1098 4338 subtus
1149 4294 1347 4338 terram
1393 4286 1629 4350 sepulcri
1659 4282 1740 4354 sui
1767 4282 1814 4344 C
1846 4281 2062 4348 dicitur,
2088 4281 2353 4338 Ebreduni
2383 4301 2435 4338 in
2467 4283 2641 4338 Gallia
2661 4292 2960 4345 sanctorum
2983 4281 3438 4354 martyrum,eic.,

150 4369 246 4421 pro
274 4358 533 4426 temporis
581 4353 777 4426 injuria
827 4357 878 4410 in
913 4355 1199 4423 llisiianica
1225 4354 1531 4409 Maurorum
1561 4353 1739 4422 clade,

153 4428 392 4492 positus;
449 4427 519 4482 iis
567 4428 807 4482 subactis
851 4428 1046 4481 iterum
1091 4437 1340 4496 repet-tus
1374 4435 1458 4496 est
1500 4427 1743 4481 caelestis

154 4496 452 4553 thesaurus.
487 4498 598 4554 Sed
628 4509 683 4552 et
703 4508 822 4552 acta
853 4497 1137 4569 martyris,
1160 4495 1370 4569 nomen
1401 4495 1588 4569 Gallia:
1610 4497 1743 4550 sub-

151 4577 337 4637 t.cent.
369 4569 579 4623 Notiora
605 4581 932 4637 sunt,quatn
962 4567 1017 4622 ut
1043 4567 1147 4622 hoc
1173 4568 1291 4624 loco
1317 4567 1487 4636 repeti
1510 4579 1742 4635 queant;

151 4636 401 4692 habetest
434 4653 657 4694 sanctus
695 4636 1004 4694 Antoninus
1029 4638 1272 4694 Floreut.
1292 4680 1307 4701 ,
1336 4655 1354 4694 ι
1379 4653 1431 4706 p.
1462 4638 1624 4703 llist.,
1660 4640 1740 4693 tit.

150 4709 233 4773 8.,
258 4723 374 4779 cap.
402 4710 449 4766 1,
478 4710 782 4780 Equilinns,
816 4711 913 4766 lib.
939 4726 1053 4772 vui.
1085 4726 1206 4780 cap.
1240 4711 1341 4777 9.4;
1379 4709 1742 4776 Montbtitius,

152 4787 298 4833 torno
322 4794 360 4846 ι,
389 4793 440 4836 et
469 4783 809 4837 Palentinum
845 4782 1204 4852 Brieviariutn,
1241 4799 1270 4835 a
1303 4796 1414 4852 quo
1445 4793 1621 4852 tamen
1653 4797 1744 4836 ett-

153 4854 484 4924 pungendum
518 4863 604 4909 est
634 4853 855 4908 verbum
885 4851 1094 4916 Gallice,
1127 4864 1181 4907 et
1208 4867 1238 4905 a
1273 4851 1516 4907 Itomano
1545 4851 1746 4924 Marty-

150 4921 388 4996 rologio,
434 4941 560 4980 nam
614 4935 803 4996 vetera
835 4924 954 4994 ejus
989 4938 1121 4996 mss.
1152 4931 1206 4978 et
1234 4924 1616 4996 Martyrologia
1647 4921 1746 4978 se.

153 4993 257 5058 (ιω,
287 4995 536 5058 Usuardi,
562 4995 806 5061 Adonis,
831 4993 886 5049 et
915 4995 1238 5050 modernum
1268 4993 1507 5050 Galesini
1533 4993 1624 5049 illo
1654 5010 1745 5048 ca-

152 5065 555 5136 rcnttDecepit
587 5067 883 5121 Baronium
929 5082 1084 5122 error
1115 5065 1420 5121 tabularum
1452 5065 1745 5121 moderna-

153 5149 269 5209 _rm_n
305 5135 559 5194 Palentia:
593 5144 625 5209 ,ξ
651 5153 788 5209 quas
821 5141 935 5207 ipse
979 5138 1128 5193 citat.
1181 5136 1340 5209 Brevi
1381 5139 1598 5208 epilogo
1644 5138 1748 5192 Ga-

157 5205 374 5262 Icsinus.
407 5205 788 5280 Apamitefait,
821 5205 988 5263 sancti
1010 5208 1260 5262 Antonini
1287 5205 1554 5279 martyris;
1585 5210 1667 5262 cui
1695 5214 1748 5264 in

157 5287 408 5352 postrema
463 5281 788 5352 Diocletiani
850 5282 974 5352 imp.
1022 5281 1408 5352 persecutione,
1457 5290 1608 5352 caput
1653 5297 1748 5351 pro

156 5347 352 5404 (.hrislo
374 5350 500 5406 Jesu
538 5351 830 5408 abscissum
851 5392 867 5417 ,
914 5347 961 5408 et
990 5347 1177 5422 carpas
1207 5347 1532 5406 membratim
1555 5347 1750 5408 discer-

158 5427 299 5484 ptsttn
327 5432 419 5479 est,

231 5489 313 5546 22.
345 5491 606 5564 Emeritaa,
641 5502 752 5550 etc.
781 5493 1074 5551 Notissima
1100 5495 1254 5565 virgo
1286 5505 1370 5552 est
1392 5497 1632 5553 omnium
1656 5496 1752 5551 dc-

160 5571 372 5618 cantata
400 5567 626 5636 scriptis
659 5565 1050 5635 Hispanorum,
1078 5566 1252 5621 Vasaﬁ
1281 5568 1332 5623 in
1357 5570 1649 5632 Chronico,
1681 5569 1747 5624 ad

155 5645 348 5708 annum
375 5637 500 5708 δρᾷς
532 5637 888 5708 Moralislib.
917 5653 972 5704 x,
996 5652 1117 5704 cap.
1143 5638 1240 5703 10;
1267 5638 1636 5708 hlarictaeth.
1669 5657 1747 5708 tv,

153 5714 276 5779 cap.
293 5706 381 5772 64;
412 5707 665 5777 Trugilli,
702 5705 923 5777 Viilcgte
953 5719 1006 5766 et
1034 5708 1303 5778 Sanctori,
1327 5712 1394 5766 ad
1418 5715 1488 5768 25
1511 5705 1745 5768 Novem;

157 5771 270 5834 bris
288 5771 413 5852 :quo
429 5771 1304 5857 dicitomanutu'ilartyrologinm
1324 5797 1339 5841 :
1359 5783 1621 5857 liineritaz,
1646 5784 1743 5852 ait,

1849 4369 1957 4428 non
2015 4357 2232 4411 deloco
2263 4358 2552 4428 martyrii,
2601 4355 2697 4410 sed
2743 4354 2974 4428 sepulcri
3027 4361 3087 4406 ct
3127 4353 3443 4428 festivitatis

1848 4424 2224 4497 accipiendum
2277 4437 2381 4482 est.
2410 4423 2473 4481 1n
2518 4428 2651 4497 ipsis
2692 4423 2853 4482 etiain
2909 4425 3108 4479 desunt
3157 4423 3354 4497 fratres
3383 4425 3441 4480 S.

1851 4493 2104 4559 Victoris,
2147 4514 2285 4568 quos
2319 4499 2520 4554 Dexter
2541 4493 2724 4553 'vocat
2760 4499 2938 4551 Socios
2965 4505 3277 4568 sanctorum
3313 4493 3442 4568 Vin-

1847 4569 2010 4622 centii
2033 4565 2330 4624 et0retitii.
2355 4569 2487 4625 Vide
2510 4571 2578 4627 de
2599 4570 2680 4624 his
2697 4569 2979 4623 Moralium
3002 4567 3095 4622 lib.
3126 4581 3181 4634 it,
3205 4581 3326 4636 cap.
3345 4565 3435 4636 14,

1837 4648 1903 4692 et
1933 4639 2208 4710 statim".
2241 4656 2258 4694 ι
2288 4657 2365 4710 p.,
2389 4642 2479 4696 lib.
2515 4657 2573 4709 ll,
2607 4657 2657 4695 c.
2694 4643 2783 4696 50.

1918 4709 2010 4763 25.
2043 4709 2111 4764 1η
2148 4713 2269 4764 sede
2288 4705 2476 4778 ’Petri,
2525 4705 2629 4767 etc.
2679 4715 2850 4778 Quam
2885 4725 3028 4764 anno
3075 4705 3288 4764 Domini
3335 4707 3442 4763 296

1851 4780 2222 4837 Romanorum
2251 4782 2570 4839 Pontiﬁcum
2601 4787 2796 4838 seriem
2827 4784 2876 4835 in
2907 4781 3222 4834 Marcellino
3255 4781 3441 4833 tet-int-

1850 4861 2006 4925 narat
2026 4869 2169 4908 nunc
2187 4855 2251 4908 ad
2267 4868 2511 4909 sanctnnt
2532 4869 2706 4925 usque
2731 4854 3047 4910 Silvestre-in
3073 4849 3442 4925 prosequitur,

1849 4924 1940 4993 qui
1961 4936 2208 4980 sanctum
2234 4927 2588 4981 Melchiadeni
2617 4923 2790 4994 patria
2815 4923 3439 4994 MaravaCarpetanum,

1849 5009 2050 5065 genere
2081 5013 2212 5052 vero
2240 4997 2429 5052 Afrum
2456 4998 2778 5053 subsecutus
2802 5004 2904 5048 est.
2938 4993 3013 5047 Dc
3034 4993 3338 5047 Melchiade
3361 5009 3443 5044 sa-

1853 5067 1921 5120 tis
1948 5070 2156 5136 egimus
2185 5070 2254 5122 ad
2285 5086 2483 5124 annum
2506 5069 2612 5124 248
2658 5077 2712 5122 et
2756 5066 2883 5131 299,
2910 5072 2964 5117 et
2994 5065 3193 5136 iterum
3222 5077 3446 5133 agemus

1850 5137 1918 5190 ad
1950 5135 2076 5194 ann.
2109 5140 2232 5195 511.
2289 5139 2462 5196 Porro
2519 5149 2738 5195 sanctus
2791 5135 3134 5209 Marcellinus
3182 5141 3445 5209 martyrio

1853 5209 2102 5280 sublatus
2122 5221 2207 5266 est
2232 5227 2362 5265 ann.
2393 5213 2517 5280 504,
2550 5211 2582 5265 6
2607 5209 2842 5280 Kalend.
2869 5205 3022 5270 Maii,
3055 5221 3177 5262 cum
3198 5205 3445 5262 sedisset

1854 5279 1969 5334 fere
1996 5298 2169 5336 annos
2196 5295 2342 5337 octo.
2387 5278 2619 5337 Sanctus
2651 5278 2934 5334 Marcellus
2981 5284 3193 5333 occisits
3239 5287 3322 5332 est
3348 5293 3445 5346 pio

1852 5350 2084 5424 Domino
2111 5369 2254 5407 anno
2277 5355 2404 5420 509,
2433 5363 2555 5424 post
2574 5353 2819 5422 quintum
2848 5350 2930 5404 sui
2964 5351 3335 5424 pontiﬁcatus.
3379 5350 3437 5402 S.

1852 5422 2124 5478 Eusebius
2170 5419 2450 5493 produxit'
2482 5419 2638 5478 suum
2695 5436 2866 5493 usque
2909 5423 2976 5493 ad
3025 5436 3172 5493 ann.’
3203 5419 3339 5486 511,
3391 5428 3447 5472 et

1853 5493 1996 5568 diem
2028 5494 2098 5548 26
2122 5492 2412 5568 Septemb.
2440 5497 2609 5568 ipsius
2647 5496 2798 5568 anni.
2825 5492 2884 5548 S.
2915 5492 3243 5568 Melcltiades
3275 5504 3444 5568 usque

1855 5565 1921 5620 ad
1952 5581 2078 5619 ann.
2102 5567 2247 5638 515,
2278 5569 2310 5620 4
2342 5563 2472 5622 idus
2497 5565 2875 5638 Decembris,_
2896 5563 3142 5638 seditque
3187 5575 3358 5638 annos
3385 5563 3446 5638 5,

1855 5651 2073 5710 incuses
2101 5637 2153 5702 7,
2193 5631 2310 5691 dies
2356 5638 2408 5694 8.
2466 5637 2602 5695 Tota
2660 5636 2779 5695 haec
2829 5631 3180 5710 tltronologia
3226 5631 3450 5691 Batonii

1857 5707 2158 5770 Annalibus
2179 5711 2448 5784 congruit.
