3956 6310
165 294 270 352 877

1229 295 1460 355 FLAVI!
1503 297 1686 356 LUCll
1724 295 1984 354 DEXTRI
2022 296 2445 358 CIIRONICON.

3394 305 3506 365 I78

485 441 490 446 ·
535 417 788 476 Sanctus
817 417 1061 476 Licerius
1090 417 1383 490 episcopus
1408 415 1687 487 Carensis,
1731 417 1786 475 in
1821 415 2078 490 Hispania
2114 415 2312 476 llerda:
2336 419 2668 488 celebratur,
2698 435 2807 494 quo
2837 421 3134 480 translatus

613 510 792 570 fuisse
821 509 1024 568 dicitur
1051 525 1171 568 cum
1200 509 1354 568 sede.

1397 623 1652 682 BlVARIl
1691 619 2255 682 COMMENTARIUS.

170 765 349 838 obesse
383 781 492 819 non
526 766 701 834 potuit
724 783 742 832 ;
767 782 800 819 a
821 763 1007 834 quibus
1034 779 1088 838 se
1114 764 1200 818 isti
1227 763 1774 838 innocentibussepa-
1801 764 1856 824 Α
1879 775 2002 838 esp.
2039 762 2164 838 ωδ,
2195 771 2251 818 et
2275 761 2579 838 Romanum
2610 765 2995 824 Panitentiale
3020 767 3162 838 apud
3189 767 3480 823 Antonium

171 837 364 904 rando,
399 846 621 905 propter
641 838 797 891 istaut
827 837 1167 907 separationis
1189 837 1502 907 sacrilegam
1527 836 1776 905 iniquita-

171 919 302 964 tem.
329 910 630 962 innocentes
656 925 765 964 esse
789 906 890 978 non
913 917 1154 978 possunt.
1174 906 1291 961 Hoc
1312 907 1448 978 enim
1479 907 1640 976 magis
1662 922 1770 959 cre-

173 980 340 1033 dibile
369 990 474 1041 est,
513 980 557 1032 si
591 987 755 1033 tamen
784 976 982 1032 Hosius
1011 979 1073 1032 ab
1105 977 1358 1048 Hispanis
1389 976 1700 1048 damnatus,
1740 989 1772 1048 a

171 1048 353 1104 Gallis
376 1061 451 1105 est
481 1050 773 1113 absolutus,
795 1051 869 1103 sic
898 1050 1012 1119 ﬁeri
1043 1047 1270 1115 potuisse
1291 1092 1305 1114 ,
1339 1057 1395 1102 ut
1423 1050 1572 1118 {alsia
1600 1047 1775 1100 crimi-

172 1122 448 1194 natoribus
484 1119 715 1194 Hispani
744 1123 1105 1194 circumuenti,
1147 1131 1195 1174 et
1222 1119 1430 1194 callida
1463 1120 1773 1194 insidiarum

171 1192 368 1260 fraude
398 1191 623 1261 decepti,
656 1202 835 1246 contra
861 1193 1179 1246 innocentem
1205 1191 1399 1260 ferrent
1423 1191 1728 1246 sententiam
1753 1205 1773 1244 :

170 1273 227 1316 et
249 1275 426 1332 postea
446 1264 666 1333 paciﬁce
685 1265 740 1316 in
764 1261 1054 1333 humilitate
1077 1261 1372 1316 Christiana
1398 1262 1635 1316 cederent
1655 1275 1773 1314 sen-

173 1335 356 1406 (fatim
378 1332 722 1406 collegarum,
743 1334 928 1406 quibus
955 1332 1097 1387 illius
1119 1334 1410 1406 innocentia
1435 1333 1650 1402 probata
1674 1342 1768 1406 est.

171 1405 246 1476 Et
278 1405 438 1474 paulo
468 1402 1073 1476 inTeriusz'Numquam
1115 1404 1203 1476 isti
1243 1421 1298 1458 se
1338 1413 1444 1476 tam
1473 1413 1650 1470 aperte
1686 1404 1769 1457 in-

170 1474 464 1542 dicarunt,
507 1493 604 1530 cur
631 1494 724 1530 nec
768 1474 1002 1542 separati
1040 1475 1232 1546 corrigi
1272 1474 1578 1539 voluerunt,
1616 1491 1808 1544 quam~

170 1565 293 1620 cum
322 1549 646 1620 detestantur
675 1547 981 1620 Hispanos,
1011 1547 1149 1617 quod
1178 1557 1292 1620 post
1327 1547 1604 1620 sententi/ts
1648 1563 1770 1601 suas

169 1619 332 1672 aliter
355 1619 588 1684 prolatas
608 1661 623 1683 ,
652 1617 959 1672 discussioni
976 1663 989 1684 ,
1020 1617 1394 1688 posteriorique
1425 1618 1623 1681 iudicio
1654 1634 1769 1671 ces-

171 1704 360 1761 serunt
391 1706 410 1744 :
438 1706 597 1761 quam
635 1690 767 1761 enim
805 1688 902 1741 hoc
929 1691 1125 1760 factum
1167 1698 1242 1761 est
1271 1688 1345 1761 de
1378 1689 1770 1761 mansuetudine

172 1757 504 1827 Christiana,
538 1772 647 1814 tam
674 1760 809 1815 illud
845 1761 909 1814 de
931 1757 1275 1814 contentione
1309 1758 1590 1813 diabolica.
1626 1757 1770 1814 Catt-

172 1846 295 1885 sam
325 1847 450 1885 vero
484 1833 619 1886 tanti
661 1831 772 1886 odii
813 1833 880 1886 ab
917 1829 1244 1886 adversariis
1277 1831 1328 1885 in
1369 1829 1594 1885 ilosiqu
1631 1845 1765 1884 con-

171 1902 350 1973 cepti,
379 1902 556 1973 zelum
589 1901 706 1972 ejus
735 1903 898 1957 luisse
925 1901 1179 1970 conjicio,
1205 1917 1311 1971 quo
1343 1901 1395 1956 in
1425 1909 1765 1973 peccatores,

172 1972 470 2042 etiniquos
492 1972 792 2042 ﬂagrabat;
819 1989 938 2027 nam
964 1973 1106 2038 apud
1129 1973 1381 2028 eumdem
1405 1972 1764 2042 Augustinum

174 2044 304 2112 lego
335 2039 452 2108 cap.
481 2045 515 2099 8
544 2039 666 2098 libri
698 2042 960 2114 praedicti,
995 2043 1339 2114 crudelitatis
1367 2039 1763 2114 nota'inustum

174 2114 253 2168 ab
280 2114 540 2204 inimicis.
567 2112 717 2186 quasi
730 2113 1372 2204 [suspicionibus-diutine
1403 2112 1674 2204 inauditos
1697 2114 1766 2204 de
1799 2143 1842 2204 Β

177 2200 338 2240 more
377 2183 684 2242 damnaret.
728 2183 1048 2252 Conqucstus
1087 2194 1161 2256 est
1213 2183 1594 2240 Parmenianus
1644 2183 1764 2256 (ait)

173 2259 320 2328 quod
349 2257 466 2312 victi
496 2256 640 2328 apud
666 2255 1038 2328 ecclesiasticos
1053 2255 1296 2328 judices,
1337 2273 1400 2311 ne
1427 2256 1571 2328 apud
1601 2255 1772 2328 ipsum

176 2326 620 2395 (Constantinum
662 2327 936 2398 videlicet)
976 2326 1093 2398 quia
1135 2327 1368 2382 dicebant
1408 2326 1628 2396 probare
1678 2345 1771 2398 po-

178 2399 520 2472 tuissen',_ad
552 2416 789 2472 campum
813 2438 830 2462 ,
863 2397 958 2452 bac
986 2397 1061 2454 est
1087 2440 1102 2463 ,
1129 2398 1198 2472 ad
1223 2397 1536 2472 supplicium
1562 2441 1578 2466 ,
1610 2397 1770 2472 duce-

175 2479 378 2542 (ξηαπ.
415 2469 536 2542 Hoc
575 2469 710 2525 enim
745 2486 862 2523 eum
895 2479 1158 2540 tamquam
1182 2469 1479 2524 immaniter
1507 2471 1728 2542 jussisse
1752 2512 1767 2536 ,

182 2539 423 2607 Hispano
456 2540 627 2596 Hosio
661 2552 996 2611 suggerente,
1018 2539 1774 2609 criminabantur{suspicio-

177 2612 334 2684 nibus
353 2611 594 2667 videlicet
616 2613 745 2676 suis,
767 2613 900 2666 sicut
921 2629 1136 2684 semper,
1161 2612 1462 2666 damnando
1482 2611 1770 2666 inauditos.

181 2682 320 2738 Eum
353 2695 536 2741 tamen
569 2685 648 2739 sic
678 2693 903 2738 excusat
933 2682 1257 2752 Augustinus
1284 2699 1300 2737 :
1332 2684 1480 2751 quasi
1523 2700 1641 2738 vero
1671 2699 1773 2737 non

178 2756 484 2819 humanius,
512 2770 574 2808 ac
598 2753 918 2825 probabilius
953 2756 1088 2809 alius
1117 2753 1413 2820 crediderit,
1446 2752 1614 2809 Hosio
1641 2765 1775 2809 tant-

177 2843 338 2896 quam
375 2828 616 2908 episcopo
658 2835 956 2897 suggerente
974 2828 1158 2908 potius
1189 2826 1417 2908 factum,
1447 2836 1502 2878 ut
1534 2830 1586 2908 in
1613 2825 1776 2908 lenio:

179 2895 293 2950 rem
315 2895 1011 2962 corrcitaiionem,‘quamris
1051 2895 1410 2952 immanissimi
1454 2897 1680 2960 sceleris,
1719 2895 1776 2950 id

179 2977 287 3041 est,
317 2969 545 3041 sacrilegi
575 2968 868 3022 schismatis
891 2970 1196 3041 sententiam
1220 2971 1448 3041 ﬂecteret
1474 2969 1774 3041 imperator.

183 3039 331 3093 llinc
361 3039 516 3107 igitur
547 3041 859 3102 conjectura
890 3051 996 3106 est,
1025 3039 1168 3109 apud
1201 3039 1470 3107 Hispanos
1499 3039 1777 3095 antistites

182 3109 414 3165 ilosium
440 3111 506 3165 de
531 3109 857 3165 crudelitate
885 3122 1192 3165 accusatum
1219 3151 1236 3178 ,
1259 3110 1550 3166 occasione
1588 3110 1657 3166 ab
1684 3127 1779 3163 au-

179 3181 436 3238 steritate
467 3197 774 3251 poenarum,
797 3198 917 3250 qua:
951 3195 1046 3249 per
1074 3181 1218 3236 illius
1245 3182 1499 3237 Canones
1519 3183 1587 3236 ab
1615 3179 1778 3235 Ilosio

181 3256 361 3308 editos
390 3253 838 3324 imponebantur,
867 3263 1089 3324 accepta
1124 3270 1139 3306 :
1173 3253 1262 3308 ubi
1297 3254 1513 3324 tannetsi
1547 3252 1598 3307 in
1627 3252 1777 3308 llosii

181 3322 486 3394 personam
509 3339 676 3392 super
710 3325 970 3379 nonnulla
1006 3322 1241 3379 erimina
1287 3322 1393 3378 sibi
1434 3338 1532 3392 per
1574 3325 1781 3380 calum-

188 3397 335 3450 niam
381 3396 639 3466 imposita
665 3437 681 3462 ,
720 3396 991 3450 sententia
1032 3395 1140 3450 lata
1182 3395 1343 3450 fuerit
1375 3437 1389 3462 ,
1425 3394 1779 3449 lliberritanze

179 3468 549 3523 nihilominus
587 3465 796 3538 Synodi
833 3466 1131 3522 auctoritas
1173 3467 1439 3538 integrata
1479 3475 1535 3521 et
1573 3466 1781 3522 illibata

180 3540 508 3610 permansit.
632 3604 634 3606 ν

253 3609 313 3664 ld
366 3624 499 3665 vero
543 3625 650 3665 non
697 3609 872 3664 solum
918 3619 1132 3665 constat
1181 3607 1432 3679 presenti
1473 3607 1787 3664 testimonio

186 3679 404 3752 Dextri,
433 3680 530 3736 sed
563 3697 630 3736 ex
662 3695 730 3734 eo
757 3681 897 3751 quod
928 3681 979 3735 in
1010 3681 1253 3737 Ecclesia
1283 3686 1423 3752 apud
1454 3679 1787 3738 recentiores

186 3751 378 3806 Patres
411 3762 470 3808 et
509 3752 740 3807 concilia
790 3763 1054 3820 perpetuo
1102 3755 1156 3808 in
1199 3769 1297 3808 usu
1322 3751 1404 3808 ’et
1440 3752 1786 3808 veneratione

184 3821 305 3878 fuit.
337 3823 403 3878 Et
444 3824 622 3892 primo
663 3823 953 3879 concilium
997 3824 1320 3880 Arelatense
1358 3831 1567 3890 septem
1610 3837 1674 3877 ex
1721 3839 1785 3879 ea

187 3909 431 3950 canones
460 3903 762 3965 mutuatum
801 3905 904 3961 est,
933 3895 1185 3952 videlicet
1213 3906 1465 3965 quartum
1503 3895 1570 3947 de
1605 3893 1786 3963 Agita-

186 3965 383 4038 toribus
413 3983 430 4019 :
459 3967 612 4038 5,7de
643 3964 962 4038 Theatricis;
991 3965 1046 4035 6,
1073 3968 1139 4022 de
1164 3964 1246 4022 Itis
1283 3966 1370 4038 qui
1398 3966 1453 4020 in
1487 3965 1788 4038 infirmitate

187 4037 398 4091 credere
449 4037 661 4108 volunt;
700 4039 754 4101 7,
800 4037 864 4090 de
904 4036 987 4092 his
1031 4039 1117 4108 qui
1156 4035 1488 4108 magistratus
1517 4035 1787 4108 gentilium

187 4119 408 4176 gerunt;
439 4107 496 4172 9,
522 4109 586 4162 de
611 4108 793 4163 litteris
819 4107 1212 4178 confessorum;
1236 4107 1326 4174 ll,
1349 4109 1413 4164 de
1437 4107 1787 4178 matrimoniis

189 4180 478 4246 inﬁdeLum
495 4197 517 4248 ;
548 4191 602 4236 et
625 4180 717 4245 ‘25,
761 4180 824 4232 de
847 4176 1121 4246 apostatis.
1151 4179 1320 4235 Conc.
1353 4193 1480 4234 vero
1511 4176 1786 4232 Nicaenum

191 4253 452 4322 quinque,
478 4253 598 4307 scil.
637 4267 651 4304 :
681 4251 738 4314 5,
771 4250 834 4303 de
856 4251 1260 4306 subintroductis
1288 4248 1625 4322 mulieribus;
1649 4248 1789 4322 5.,Ade

195 4319 657 4394 excommunicatis
710 4338 742 4375 a
796 4323 1006 4394 proprio
1062 4323 1304 4394 episcopo
1351 4319 1788 4394 reconciliandis;

195 4392 283 4460 i0,
308 4393 370 4446 de
399 4393 658 4447 haereticis
680 4411 782 4446 non
798 4391 1136 4462 ordinandis,
1178 4405 1222 4446 et
1238 4391 1506 4447 ordinatis
1530 4391 1785 4462 deponen.

195 4464 309 4527 dis;
341 4466 428 4530 l5,
454 4464 518 4518 de
554 4463 932 4518 catechumenis
959 4459 1324 4532 peccantibus;
1351 4463 1441 4533 18,
1475 4463 1539 4516 de
1579 4459 1790 4517 Clericis

199 4550 384 4587 usuras
414 4536 802 4607 accipientibus.
840 4535 1172 4607 Sardicense
1211 4549 1429 4607 quoque
1473 4533 1686 4607 accepit
1711 4534 1790 4607 _ab

201 4618 271 4657 eo
293 4604 547 4661 canonem
573 4607 663 4670 14,
687 4607 780 4676 qui
814 4607 865 4659 in
894 4604 1246 4661 lliberritano
1265 4604 1352 4661 est
1369 4605 1461 4676 “Il,
1492 4604 1563 4676 ibi
1597 4604 1790 4660 llosius

203 4677 366 4728 tacite
391 4676 455 4731 de
481 4691 548 4732 eo
578 4675 907 4732 mentionem
937 4677 1140 4732 faciens
1171 4677 1305 4733 dixit
1333 4693 1349 4730 :
1383 4675 1600 4730 Memini
1638 4691 1791 4741 supe-

197 4747 341 4819 riore
373 4749 585 4819 concilio
633 4751 824 4819 fratres
857 4759 1060 4802 nostros
1107 4749 1460 4811 constituisse,
1507 4755 1564 4800 ut
1605 4747 1648 4800 si
1677 4747 1790 4816 quis

195 4815 366 4871 laicus
389 4828 487 4873 tres
519 4815 820 4874 Dominicas
842 4820 952 4874 dies
981 4837 1084 4873 non
1126 4819 1430 4873 celebrasset
1462 4815 1787 4884 conventum,

194 4892 559 4980 iommum'one
599 4889 1008 4980 priuareturzwln
1037 4890 1303 4980 'l‘qletaito
1342 4906 1423 4958 xt,
1473 4889 1574 4980 sub
1604 4887 1790 4980 Wa‘m-
1814 4920 1869 4980 Β

194 4959 344 5015 bane
371 4977 493 5032 rege
519 4978 630 5017 mra
673 4966 815 5016 Caes.
851 4961 958 5032 715
991 4962 1282 5024 celebrato,
1320 4976 1442 5030 cap.
1477 4961 1564 5021 l3,
1594 4961 1790 5032 citatur

193 5043 374 5098 canon
411 5029 478 5089 i9
522 5033 872 5089 lliberritaui.
920 5031 977 5087 ln
1024 5029 1427 5096 Suessoniensi,
1470 5029 1616 5098 quod
1658 5045 1786 5086 ann.

189 5097 360 5170 Dom.
387 5104 490 5162 855
523 5104 856 5161 celebratum
903 5105 1022 5170 luit,
1065 5103 1120 5159 in
1160 5105 1294 5159 actis
1341 5097 1568 5157 actionis
1615 5101 1671 5168 6,
1719 5101 1791 5156 ad

195 5168 365 5242 fidem
392 5176 562 5231 ultimi
593 5177 843 5242 canonis,
878 5168 1110 5232 relertur
1134 5189 1308 5230 canon
1343 5173 1411 5228 75
1442 5171 1790 5228 lliberritaui.

194 5239 628 5307 Wormaciense.
661 5247 762 5302 sub
785 5239 1060 5302 Ludovico
1091 5262 1217 5317 rege
1244 5261 1389 5300 anno
1415 5242 1631 5317 Domini
1662 5243 1790 5317 86$,

195 5326 324 5368 can.
362 5317 449 5380 39,
475 5317 719 5374 admittit
755 5332 1020 5374 canonem
1055 5319 1087 5373 5
1131 5313 1474 5374 lliberritaui.
1525 5313 1792 5385 Mogunti-

201 5399 328 5460 lgum
355 5389 453 5460 sub
476 5389 703 5444 Rabano
723 5390 1003 5460 episcopo,
1032 5404 1152 5443 can.
1183 5391 1276 5452 9.2,
1308 5385 1537 5460 suscipit
1559 5401 1796 5460 canones

205 5454 242 5511 5
266 5468 319 5514 et
337 5459 404 5515 65
431 5454 785 5517 lliberritaui.
834 5454 1311 5531 Moguntinumque
1341 5454 1500 5531 aliud
1545 5457 1792 5531 subepi-

204 5538 368 5600 κορο
388 5531 700 5601 Arnulpho,
734 5547 864 5586 ann.
899 5528 1026 5599 8'88,
1049 5528 1257 5586 canone
1286 5529 1380 5596 26,
1411 5531 1576 5585 refert
1595 5528 1792 5583 admit-

213 5601 666 5673 litque‘canonem
711 5603 780 5659 13
814 5603 1480 5673 ejusdem;eutndemque
1521 5614 1786 5673 pauonem

211 5669 387 5727 laudat
423 5684 477 5730 et
507 5677 736 5730 innovat
761 5669 1052 5730 concilium
1080 5669 1409 5730 Coloniense
1449 5670 1552 5728 sub
1597 5669 1793 5725 Carolo

210 5738 399 5799 Crasso
423 5746 474 5801 in
500 5759 714 5802 canone
734 5743 769 5800 6
787 5759 1033 5800 suorum.
1063 5744 1194 5802 item
1220 5745 1543 5800 Arelatense
1566 5758 1623 5807 ιι,
1649 5741 1791 5811 apud

213 5811 650 5894 Brucardurnlib.
679 5830 811 5890 xvn,
837 5830 956 5890 cap.
981 5818 1052 5877 5'5
1079 5825 1136 5877 et
1159 5816 1384 5878 lvonem
1402 5830 1454 5875 tx
1473 5831 1526 5889 p.
1543 5813 1788 5885 Decret.,

1882 833 2242 902 Augustinum
2287 835 2368 888 tit.
2418 851 2470 899 ι,
2506 851 2628 902 cap.
2667 838 2761 902 27,
2805 841 2975 894 citant
3023 833 3088 895 ex
3136 839 3482 895 lliberritano

1877 919 2140 976 canonem
2171 904 2262 976 65Σ
2296 904 2550 960 Rabanus
2580 905 2801 976 insuper
2839 910 2889 962 in
2919 923 3022 963 suo
3060 905 3426 965 Pmnitentiali
3459 927 3474 963 :

1877 973 2197 1029 Theodorus
2227 975 2470 1040 Graecus,
2499 973 2758 1043 Isidorus,
2797 987 2852 1033 et
2875 978 2934 1034 S.
2977 978 3237 1034 Martinus
3269 980 3471 1035 Braca-

1877 1046 2056 1117 rensis
2077 1047 2130 1100 in
2150 1048 2264 1101 suis
2289 1047 2656 1103 Conciliorum
2677 1048 3133 1114 Collectionibus;
3155 1050 3470 1117 Gratianus,

1875 1116 1988 1182 lvo,
2034 1128 2089 1171 et
2119 1116 2426 1174 Brucardus
2458 1121 2511 1174 in
2554 1119 2795 1176 Decretis
2833 1121 3004 1176 multa
3039 1121 3109 1175 ab
3133 1121 3327 1176 eodem
3375 1116 3467 1176 lli;

1876 1185 2152 1261 hauritano
2179 1189 2405 1261 mutuati
2437 1189 2686 1261 luerunt;
2719 1200 2775 1246 et
2805 1192 2946 1257 quod
2977 1194 3192 1246 caeteris
3223 1200 3467 1261 praestat,

1876 1259 2180 1331 liadrianus
2207 1273 2343 1331 papa
2372 1259 2418 1326 Ι,
2448 1277 2568 1330 cap.
2604 1260 2692 1328 60,
2717 1270 2773 1318 et
2793 1262 2858 1318 61
2886 1259 3468 1318 οοΙιθοιὶοηίεέιιοτιιηι

1877 1329 2247 1397 Decretornm,
2280 1329 2428 1386 'citat
2474 1329 2740 1388 canonem
2789 1333 2860 1388 52
2899 1343 2952 1388 et
3001 1334 3070 1388 75
3113 1331 3465 1388 lliberritaui.

1872 1403 1992 1475 Quo
2023 1401 2206 1475 videas
2249 1411 2451 1472 quanta
2491 1405 2799 1459 reverentia
2845 1413 3108 1475 perpetuo
3142 1405 3191 1458 in
3227 1403 3465 1459 Ecclesia

1875 1471 2114 1526 habitum
2146 1473 2235 1538 sit,
2265 1471 2500 1557 etquam
2528 1490 2715 1557 parum
2750 1471 3146 1557 circuitispecte
3177 1475 3462 1557 nonnulli,

1871 1558 2007 1610 quos
2037 1543 2380 1615 verecundia:
2410 1543 2579 1615 gratia
2611 1561 2717 1600 non
2765 1543 3009 1613 nomino,
3042 1556 3320 1602 tantorum
3360 1544 3466 1602 Pa-

1873 1625 2014 1668 trum
2044 1616 2231 1668 honori
2255 1614 2610 1671 detraxerint.

1941 1686 2170 1759 Quodsi
2194 1687 2330 1759 dura
2351 1686 2454 1759 illa
2487 1701 2647 1759 pugna
2669 1687 2936 1753 videatur,
2965 1703 3127 1759 quam
3170 1687 3461 1744 concilium

1869 1755 2136 1831 ejusmodi
2192 1755 2420 1824 inﬂixit,
2470 1755 2686 1831 privans
2735 1755 3118 1831 delinquentes
3165 1759 3361 1813 viatico
3406 1759 3463 1815 in

1869 1829 2158 1898 extremis;
2206 1843 2302 1895 pro
2348 1829 2609 1894 temporis
2659 1839 2838 1885 tamen
2890 1829 3086 1898 injuria
3147 1831 3456 1884 necessaria

1869 1897 2197 1971 l'nit,ratque
2228 1898 2280 1952 in
2320 1898 2422 1955 hac
2461 1910 2614 1970 parte
2659 1913 2882 1956 sanctus
2930 1897 3280 1971 Innocentius
3327 1916 3462 1971 papa

1868 1968 2158 2023 concilium
2189 1978 2369 2024 tuetur
2398 1968 2725 2041 inepistola
2767 1972 2833 2027 ad
2872 1972 3201 2040 Exuperium
3234 1968 3463 2041 Tolosa-

1871 2055 2020 2106 nnm,
2052 2041 2208 2110 cujus
2253 2042 2304 2095 in
2336 2040 2709 2110 superioribus
2737 2045 2904 2100 verba
2944 2043 3217 2098 dedimus.
3255 2040 3465 2098 Caetera

1874 2125 2002 2184 vero
2031 2126 2150 2182 quae
2181 2126 2249 2184 ex
2283 2128 2348 2167 eo
2370 2113 2702 2184 objiciuntur
2730 2130 2836 2170 non
2860 2125 2986 2171 sunt
3011 2115 3077 2169 ad
3111 2129 3258 2182 rem,
3289 2128 3464 2184 neque

1875 2183 2020 2237 enim
2047 2182 2294 2254 absolute
2335 2182 2692 2254 prohibentur
2729 2186 2876 2243 cerei
2924 2187 2976 2241 in
3007 2184 3330 2242 ccemiteriis
3375 2182 3469 2238 ac-

1875 2255 2048 2326 censi,
2078 2253 2174 2326 sed
2216 2256 2630 2323 superstitiosus
2661 2273 2851 2312 eorum
2885 2273 3041 2322 usus;
3075 2255 3220 2326 quod
3258 2256 3467 2310 scilicet

1876 2325 2026 2378 rudis
2064 2324 2217 2394 plebs
2241 2340 2349 2400 _per
2372 2341 2466 2400 eos
2505 2328 2764 2400 credebat
2807 2340 3039 2400 sanctos
3075 2324 3344 2400 martyres
3396 2326 3466 2383 ad

1874 2410 2134 2468 responsa
2161 2396 2434 2468 reddenda
2459 2399 2733 2466 revocari;
2761 2416 2885 2456 nam
2910 2399 3160 2455 subditur
3182 2396 3322 2452 ratio
3345 2413 3469 2468 pro-

1877 2465 2160 2522 hibitionis
2191 2483 2205 2520 :
2237 2465 2576 2542 Inquietandt'
2621 2465 2760 2542 enim,
2779 2472 2998 2542 spiritus
3028 2480 3325 2524 sanctorum
3346 2465 3470 2542 'non

1875 2548 2001 2610 s_unt_
2040 2553 2058 2590 :
2102 2552 2211 2610 quo
2259 2550 2420 2610 pacto
2467 2541 2682 2596 Samuel
2733 2540 2817 2598 de
2850 2554 3024 2598 morte
3066 2550 3352 2596 revocatus
3399 2540 3466 2595 ad

1877 2608 2096 2684 _S_aulet_n
2125 2608 2307 2684 dixit:
2343 2611 2518 2679 Quare
2559 2613 2854 2684 inquietasti
2896 2631 2975 2668 me
3005 2613 3046 2684 (Ι
3081 2613 3210 2684 Reg.
3241 2611 3468 2684 xxvttt)?

1878 2679 2065 2734 Nolari
2099 2681 2263 2734 etiam
2305 2692 2520 2752 oportet
2573 2679 2678 2738 non
2719 2687 2931 2741 cavisse
2970 2679 3281 2749 concilium,
3323 2679 3469 2751 quad

1879 2765 2045 2826 super
2071 2752 2324 2820 sepulcra
2356 2766 2653 2826 martyrum
2697 2758 2840 2811 cerei
2885 2754 3164 2812 nocturnis
3191 2753 3340 2809 horis
3370 2771 3466 2810 ac-

1877 2821 2267 2896 cenderentur,
2297 2824 2392 2879 sed
2424 2821 2704 2880 dumtaxat
2730 2844 2819 2896 per
2841 2827 3013 2893 diem;
3038 2842 3159 2880 nam
3183 2825 3380 2881 dicitur
3413 2827 3469 2882 in

1877 2892 2130 2967 Canone;
2157 2891 2346 2948 Cereos
2374 2912 2463 2967 per
2493 2899 2625 2951 diem
2654 2891 2848 2965 placuit
2879 2899 2934 2952 in
2962 2891 3238 2953 carmiterio
3259 2914 3359 2951 non
3387 2899 3471 2954 in-

1879 2964 2053 3040 cendi.
2083 2964 2843 3040 Quosane'aliasuperstitio
2877 2968 3171 3040 detegitur,
3204 2985 3308 3040 qua
3340 2968 3472 3024 sim-

1884 3033 2054 3116 plices
2090 3034 2281 3116 ﬁdeles
2325 3033 2648 3106 credebant,
2682 3055 2872 3116 cereos
2913 3033 3131 3116 incendi
3169 3033 3471 3116 adillumi-

1882 3105 2087 3182 pandas
2115 3106 2326 3161 animas
2348 3118 2706 3176 mortuorum,
2733 3111 2823 3182 qni
2848 3113 2898 3166 in
2927 3111 3164 3167 tenebris
3185 3110 3471 3167 delitesce-

1882 3177 2055 3258 bant,
2115 3187 2170 3232 et
2228 3193 2335 3258 non
2391 3183 2566 3247 potius
2621 3177 2763 3236 lidei'
2799 3183 3040 3239 vivorqu
3100 3183 3470 3258 signiﬁcanda;

1881 3249 2087 3319 gratia;
2115 3249 2433 3323 permissum
2459 3268 2588 3310 vero
2613 3267 2804 3310 cereos
2841 3264 3002 3310 noctu
3033 3249 3256 3310 accendi
3275 3296 3290 3318 ,
3324 3251 3470 3323 quod

1882 3329 2215 3396 eo_tempore
2239 3321 2344 3396 vivi
2376 3323 2498 3396 ipsi.
2531 3327 2623 3396 qui
2655 3325 2720 3396 ad
2753 3327 3001 3395 sepulcra
3031 3321 3353 3396 sanctorum
3371 3340 3488 3395 exn

1883 3389 2176 3466 cubabant,
2205 3389 2446 3450 candelae
2477 3389 2677 3451 lumine
2703 3389 3025 3466 indigerent.
3048 3395 3316 3452 Cancrum
3342 3411 3466 3451 suc-

1883 3461 2110 3538 cedente
2143 3469 2410 3538 tempore,
2437 3476 2723 3538 postquam
2767 3461 2949 3534 plebes
2992 3467 3471 3538 superstitinniluts

1810 3531 1856 3594 C
1887 3533 2202 3608 gentilitatis
2228 3531 2469 3608 purgatae
2512 3531 2658 3603 sunt,
2691 3531 2928 3594 cessavit
2971 3531 3281 3608 prohibitio.
3316 3537 3472 3593 Faci-

1889 3604 2126 3681 lins_e_st,
2155 3604 2299 3681 quod
2334 3604 2414 3664 de
2443 3623 2650 3666 Canone
2684 3611 2753 3666 55
2789 3604 3168 3681 objiciebntur,
3224 3613 3294 3665 ita
3317 3610 3472 3681 enim

1890 3675 2219 3746 prohibitum
2249 3680 2348 3751 iuit
2369 3683 2684 3736 mulieribus
2714 3682 2765 3734 in
2789 3675 3105 3738 eterniteriis
3130 3680 3468 3751 pervigilare,

1889 3760 1943 3799 ιιι
1966 3759 2187 3822 oausam
2219 3749 2339 3816 ejus
2367 3753 2743 3820 prohibitionis
2769 3753 3056 3808 concilium
3083 3749 3433 3822 subjungeret
3456 3749 3476 3817 ,

1889 3833 1948 3871 eo
1973 3819 2112 3885 quod
2156 3835 2290 3891 stupe
2329 3821 2424 3876 sub
2452 3824 2657 3878 obtentu
2699 3825 2970 3890 orationis,
3016 3819 3234 3878 latenter
3277 3819 3475 3877 ἔθειραι

1888 3891 2231 3963 committant,
2265 3891 2378 3946 Non
2411 3893 2570 3963 igitur
2593 3894 2802 3961 vigilias
2825 3893 2972 3963 ipsas
2997 3894 3294 3963 prohibuit,
3319 3893 3474 3960 quasi

1887 3972 1953 4012 ex
1989 3973 2059 4032 _se
2105 3959 2320 4015 illicitas
2361 3980 2375 4016 :
2417 3959 2588 4028 absit;
2637 3959 2730 4017 sed
2780 3959 3034 4032 quoniam
3072 3965 3153 4020 eis
3199 3959 3476 4019 nonnulla

1890 4030 2150 4104 mulieres
2181 4047 2344 4098 prave
2375 4033 2684 4087 utebantur.
2719 4030 2861 4086 Idem
2887 4035 3152 4104 judicium
3191 4034 3474 4090 ferendum

1890 4114 1969 4155 cst
1996 4101 2064 4174 de
2102 4114 2310 4157 canone
2342 4103 2618 4171 trigesimo
2649 4111 2825 4168 sexto,
2869 4101 2976 4174 quo
3007 4120 3112 4158 non
3157 4105 3476 4174 prohibetur

1889 4172 2138 4246 absolute
2171 4186 2303 4246 usus
2332 4174 2650 4246 imaginum,
2685 4175 2780 4228 sed
2813 4172 2954 4245 quod
2984 4193 3089 4231 non
3117 4172 3477 4246 depingeren-

1892 4251 1980 4298 tur
2007 4242 2058 4318 in
2084 4243 2382 4311 parietibus
2417 4242 2742 4315 templorum
2762 4290 2777 4313 ,
2806 4242 2927 4302 sive
2957 4248 3084 4318 quia
3112 4242 3477 4318 eo'ten'ipore,

1891 4315 2149 4387 szeviente
2188 4318 2592 4384 persiicutione,
2625 4318 2940 4387 plerumque
2968 4315 3476 4376 rexnanerent'cum

1893 4385 2111 4458 templis
2133 4387 2186 4438 in
2210 4396 2475 4456 potestate
2495 4388 2802 4458 gentilium,
2830 4385 3066 4444 irrisioni
3090 4406 3276 4444 eorum
3302 4403 3476 4456 expo-

1891 4459 2044 4514 sitae:
2073 4457 2188 4513 sive
2213 4461 2468 4528 quoniam
2495 4457 2771 4514 murorum
2803 4461 3004 4516 crustis
3029 4461 3186 4516 facile
3213 4461 3476 4528 diruptis,

1889 4537 2204 4601 sanctorum
2254 4529 2520 4601 imagines
2562 4530 3033 4600 deformarentur,
3085 4535 3202 4588 sive
3255 4532 3475 4585 tandem

1892 4600 2018 4672 quia
2048 4599 2102 4654 in
2131 4611 2275 4655 tanta
2307 4599 2608 4658 reverentia
2647 4617 2714 4659 eo
2750 4605 3008 4672 temporis
3047 4613 3203 4660 erant
3231 4601 3373 4670 apud
3415 4602 3476 4657 li-

1892 4671 2043 4746 deles
2079 4681 2392 4746 sanctorum
2424 4675 2704 4746 imagines,
2737 4671 2880 4746 quod
2905 4692 3012 4731 non
3043 4677 3094 4730 in
3136 4673 3328 4745 quavis
3350 4689 3475 4746 ima-

1895 4742 2030 4795 teria
2054 4742 2361 4830 visum-iuit
2383 4742 2581 4828 decere
2609 4742 2859 4830 depi'rigi;
2892 4763 3013 4830 quae
3041 4742 3224 4801 omnia
3251 4745 3476 4830 .sati'slin

1894 4827 2056 4888 causa
2101 4814 2482 4888 prohibitionis
2528 4833 2559 4871 a
2603 4814 2836 4874 concilio
2873 4814 3202 4888 suhjnncta,
3250 4815 3479 4888 intelligi

1895 4883 2113 4956 dantur,
2147 4885 2232 4940 Ne
2264 4890 2402 4956 quod
2448 4889 2654 4955 colitur,
2703 4897 2751 4943 et
2793 4883 3064 4953 aduratur,
3099 4889 3156 4942 in
3191 4883 3480 4956 parietibus

1895 4955 2220 5029 depingatur.
2255 4955 2360 5029 Sed
2394 4959 2510 5015 haec
2538 4960 2671 5015 satis
2707 4975 2806 5029 pro
2847 4959 3095 5016 instituto
3125 4955 3312 5014 noStro
3347 4975 3480 5015 cen-

1894 5028 2140 5100 seantur,
2167 5028 2312 5097 quod
2355 5029 2401 5083 si
2445 5032 2565 5100 quis
2607 5028 2757 5100 plura
2789 5031 3063 5086 desiderat
3098 5032 3148 5085 in
3181 5031 3482 5100 expositio-

1895 5113 2021 5153 nem
2067 5098 2259 5154 horum
2290 5098 2568 5156 Canonum
2608 5098 2864 5156 consulat
2911 5101 2971 5155 D.
3010 5098 3356 5159 Fernand‘um
3409 5103 3480 5158 de

1895 5169 2152 5245 Mendoza
2183 5171 2322 5227 libro
2347 5173 2536 5245 citato,
2567 5173 2800 5245 Alanum
2836 5171 3044 5245 Copam
3083 5173 3300 5245 dialogo
3341 5171 3394 5239 5,
3425 5188 3476 5229 c.

1898 5242 1989 5316 16,
2018 5253 2071 5297 et
2093 5256 2158 5298 ex
2183 5243 2578 5316 recentioribus
2610 5243 3204 5316 tbeologis,7Yazquez,
3237 5242 3443 5301 Snarez
3464 5286 3480 5311 ,

1896 5312 2200 5440 2::a0508‘llé
2213 5315 2268 5368 in
2289 5315 2716 5372 Commentariis
2738 5322 2878 5386 adq.
2898 5312 3086 5382 25nd.
3116 5333 3198 5389 p.,
3223 5317 3290 5373 D.
3318 5316 3482 5382 Tho.,

1987 5423 2002 5439 .
2036 5403 2070 5438 ι)
2094 5401 2122 5438 e
2204 5423 2218 5437 .

1895 5393 2002 5439 art.
2036 5386 2070 5438 5
2094 5394 2146 5439 et
2166 5388 2218 5439 6.

1968 5456 2024 5508 2.
2056 5454 2117 5510 S.
2149 5455 2404 5523 Licerius,
2441 5466 2548 5513 etc.
2581 5457 2794 5513 Floruit
2832 5457 2892 5512 S.
2924 5457 3168 5514 Licerins
3193 5472 3339 5514 anno
3378 5459 3486 5514 Do-

1899 5524 2031 5581 mini
2054 5525 2324 5600 268,‘quo
2355 5528 2424 5583 de
2449 5531 2571 5600 ipso
2597 5530 2808 5600 egimus
2840 5543 2962 5585 cum
2998 5531 3220 5598 Dextro,
3251 5530 3340 5597 qui
3391 5541 3475 5600 ta-

1897 5613 2020 5671 men
2053 5596 2156 5671 hoc
2191 5597 2312 5671 loco
2339 5600 2407 5654 de
2436 5596 2580 5654 fama
2620 5596 2683 5656 ac
2715 5601 2886 5671 gloria
2920 5603 3156 5656 nominis
3193 5596 3310 5669 ejus
3342 5599 3475 5671 agit.

1896 5668 2068 5743 Porro
2095 5667 2348 5743 Gai-ensis
2377 5671 2547 5735 urbis.
2580 5667 2742 5741 cujus
2765 5673 3054 5743 episcopus
3089 5667 3252 5743 luisse
3278 5669 3477 5743 scribi-

1897 5749 1984 5795 tur
2031 5739 2088 5796 S.
2133 5741 2395 5808 Licerius,
2444 5739 2691 5798 meminit
2735 5739 3044 5800 Antoninus
3091 5743 3144 5798 in
3193 5739 3478 5795 Itinerario

1899 5811 2038 5871 inter
2068 5811 2374 5873 Laminium
2408 5822 2466 5875 et
2499 5813 2990 5891 Caesaraugustam.
3034 5809 3271 5886 Scripsit
3308 5809 3473 5868 etiam
