3956 6296
17 540 33 593 ’ἶ
72 492 99 513 ί
134 491 201 575 ἦ.
303 514 437 600 ὲῖέθλῖ
463 528 527 593 μῘ³

40 744 71 759 ο.
330 722 383 797 ξι,
442 632 455 787 )
490 726 516 741 ο

72 826 91 843 1
114 824 140 857 ρ
308 801 362 828 ..δ’
421 798 469 859 Ι)-

60 866 67 867 7
164 888 173 893 ,
240 869 263 889 ο

18 936 105 1017 δή
350 1002 359 1010 ι
398 958 460 1017 θδ

18 1016 37 1045 ι.
86 1042 97 1065 λ
300 1018 369 1077 λλ,
400 1008 431 1055 3

62 1070 155 1131 \\ii(
180 1120 197 1139 Ι
272 1094 277 1099 ⁴
302 1068 401 1155 3;)

508 166 618 226 099

928 754 1012 801 est
1040 741 1384 815 receptusio
1412 744 1498 801 die
1528 739 1858 797 Decembris.

942 1210 1150 1277 Toleti,
1180 1218 1235 1265 et
1264 1209 1439 1265 Varia:
1469 1226 1640 1282 prope
1668 1210 1920 1268 Tritium.

1546 152 1773 215 FLAVII
1813 150 1998 211 LUCII
2039 146 2299 207 DEXTRI
2328 144 2747 205 CHRONICON.

505 282 642 342 ΑΒ.
669 282 794 341 564.
869 280 1121 355 Synodus
1147 278 1361 337 lliciana
1384 274 1598 331 circiter
1624 271 1814 327 eodem
1846 279 2089 335 tempore
2114 274 2322 323 coacta.

649 376 800 447 {366.
874 375 1137 444 Gregorio
1175 369 1410 424 succedit
1442 368 1494 422 in
1533 364 1661 420 sede
1690 363 1947 418 Toletana
1976 360 2146 431 prima
2185 358 2512 426 Audentius,
2555 366 2716 415 natus
2751 358 2949 424 Toleti,
2975 357 3234 414 oriundus
3288 356 3463 429 Siliig-

3699 141 3798 202 500

3472 261 3616 320 AB.
3649 261 3796 318 1115.

3652 357 3797 413 ΗΠ.

932 468 1019 523 nia
1050 462 1318 531 Hispania:
1348 460 1544 531 Oppido
1575 458 1631 513 in
1660 454 2195 528 Carpetanis,'l‘oleto
2222 470 2346 508 xxtv
2378 454 2447 509 Μ.
2490 468 2635 523 pass.
2662 453 2885 508 distanti
2920 469 2935 505 :
2966 451 3051 506 vir
3074 449 3287 507 eximia:
3316 466 3446 506 sau-

926 558 1146 624 ctitatis,
1179 563 1234 610 et
1264 552 1421 607 laude
1440 551 1665 606 acrioris
1691 549 1912 620 ingenii,
1944 547 2204 619 acjudicii
2236 556 2424 602 contra
2456 548 2740 603 haereticos
2784 560 2976 602 omnes
3005 545 3227 601 florens.
3260 544 3431 602 Rela-

926 660 1011 706 tus
1038 658 1123 706 est
1166 648 1225 704 S.
1278 644 1571 717 Gregorius
1600 644 1894 700 Toletanus
1931 642 2249 715 Amphitrite
2285 641 2559 710 Toletum,
2606 643 2744 698 etin
2784 640 3069 713 Hispania;
3104 638 3255 703 inter,
3286 641 3439 697 divos

867 840 1102 897 Sanctus
1125 839 1319 894 Paulus
1343 838 1569 895 Orosius
1599 841 1783 895 senior
1809 840 2014 897 resedit
2040 840 2264 903 Roma;
2295 834 2417 907 ejus
2441 847 2510 890 ex
2538 845 2709 888 uxore
2756 830 2903 888 ﬁlius
2970 830 3172 887 Paulus
3218 828 3449 888 Orosius

949 930 1275 1003 Carthagine
1306 940 1573 998 mortuus,
1599 931 1826 989 Romam
1853 934 2065 990 delatus
2088 940 2193 988 est.

868 1024 1087 1081 Liberio
1107 1022 1352 1081 succedit
1385 1023 1668 1089 Damasus,
1700 1040 1766 1081 ex
1798 1026 2013 1083 Mantua
2040 1026 2499 1096 Carpetanorum.

671 1118 798 1177 568.
876 1116 1215 1187 Frequentes
1246 1117 1298 1171 in
1329 1117 1587 1187 llispania
1644 1118 1845 1186 passim
1895 1117 2093 1191 synodi
2142 1114 2400 1172 dicuntur
2443 1111 2718 1180 collectae;
2766 1111 2999 1169 maxime
3026 1126 3159 1170 vero
3196 1122 3465 1186 coguntur

3645 1115 3803 1179 Hi9.

862 1300 1166 1359 Audentius
1194 1301 1483 1371 epiSCOpus
1514 1300 1809 1359 Toletanus
1831 1346 1847 1370 ,
1875 1303 1943 1360 ad
1966 1318 2125 1377 quem
2152 1301 2341 1360 scribit
2384 1300 2445 1359 S.
2497 1300 2771 1368 Basilius,
2820 1299 2983 1357 editis
3023 1298 3201 1367 libris,
3254 1308 3456 1375 pugnat

936 1404 1126 1450 contra
1149 1392 1383 1451 Arianos
1404 1435 1421 1459 ,
1449 1404 1504 1453 et
1534 1393 1905 1454 Photinianos.

647 1491 678 1523 τ’
856 1488 1155 1547 Corcbteia:
1181 1487 1232 1542 in
1258 1485 1511 1557 Hispania
1533 1486 1690 1544 ﬂoret
1710 1486 1943 1545 Marcius
1965 1497 2123 1561 poeta
2146 1487 2371 1562 lyricus.

862 1583 1064 1661 Contra
1098 1581 1372 1638 lulianum
1414 1583 1734 1653 Apostatam
1771 1583 2019 1640 scribunt
2066 1582 2351 1656 plusquam
2398 1581 2685 1654 sexaginta
2716 1579 2992 1647 _Doctores
3020 1580 3452 1653 sapientissimi,

949 1677 1397 1751 eloquentissimi,
1429 1677 1592 1735 nimis
1610 1678 1886 1736 catholici.
1954 1718 1955 1721 η

1726 1791 1983 1849 BlVARll
2020 1788 2594 1848 COMMENTARIUS.

513 1920 615 1975 lert
643 1914 704 1972 S.
732 1913 973 1969 Joannes
1000 1910 1366 1965 Damascenus
1386 1907 1538 1963 Orat.
1571 1908 1624 1972 i,
1654 1908 1723 1965 de
1746 1908 2097 1979 imaginibus,
2128 1909 2182 1970 Α
2206 1906 2261 1979 in
2290 1916 2497 1961 textum
2548 1906 2814 1971 immissa,
2863 1903 3310 1975 quandoquidem
3359 1904 3561 1979 Dexter
3589 1920 3649 1960 ea
3682 1908 3812 1962 scri-

515 1988 755 2045 occisum
789 1998 948 2038 tuaott
976 1982 1035 2036 S.
1086 1979 1338 2052 Mercurii
1386 1979 1670 2052 martyris,
1704 1981 1939 2035 animam
1972 1994 2103 2035 vero

518 2056 807 2111 exhalasse
837 2055 944 2107 illis
973 2053 1148 2107 verbis
1178 2068 1194 2105 :
1230 2050 1437 2118 Vicisti,
1464 2050 1776 2116 Nazarene;
1808 2062 2000 2106 auctor
2022 2059 2107 2106 est

518 2127 900 2185 Theodorctus
930 2124 1022 2180 lib.
1056 2138 1111 2178 ιιι
1142 2122 1308 2191 Hist.,
1339 2137 1459 2192 cap.
1486 2126 1579 2184 ‘55,
1608 2139 1672 2176 ex
1704 2138 1814 2193 quo
1842 2121 2109 2191 Nicepho-

518 2216 615 2257 rus
663 2198 753 2255 lib.
796 2212 857 2254 χ.
900 2210 949 2250 c.
994 2195 1083 2249 55.
1120 2196 1193 2248 De
1238 2194 1357 2262 ejus
1404 2191 1609 2247 crudeli
1663 2191 1735 2247 in‘
1764 2191 2108 2248 Christianos

523 2270 811 2327 atrocitate
843 2269 958 2321 inse
1001 2264 1284 2322 Neotarius
1325 2264 1967 2333 Constantinopolitanus
1996 2265 2111 2333 epi-

520 2354 720 2411 sc0pus
759 2340 811 2393 in
844 2339 996 2411 Orat.
1021 2336 1239 2411 Jejunio
1268 2336 1543 2411 Quadrag.
1570 2346 1703 2411 tom.
1727 2335 1769 2411 _V
1800 2335 2107 2411 Lipomani.

522 2406 798 2470 Successit
849 2406 1107 2464 Jovianus
1168 2407 1443 2477 piissimus
1506 2421 1569 2461 ac
1626 2406 2111 2462 christianissimus

523 2484 799 2551 princeps,
827 2480 920 2549 qui
960 2488 1142 2535 tamen
1193 2480 1341 2532 solos
1388 2478 1631 2551 regnavit
1661 2493 1876 2551 menses
1903 2479 1955 2544 7,
1992 2478 2111 2551 dies

520 2549 614 2617 20.
648 2549 912 2621 obiitquc,
944 2560 1004 2605 ttt
1050 2551 1367 2605 Ammianus
1413 2549 1582 2604 refert
1622 2549 1763 2621 libro
1792 2549 1897 2615 εδ,
1926 2549 2009 2603 vel
2044 2563 2109 2621 ex

523 2619 907 2695 evaporatioue
934 2636 1253 2695 prunarum,
1271 2623 1357 2675 vel
1382 2636 1447 2675 ex
1462 2620 1669 2695 r_ecenti
1688 2620 1838 2695 calce
1853 2619 2112 2695 cubiculi.

592 2691 649 2752 2'.
685 2695 932 2766 Syttodus
965 2691 1301 2765 Illyriciano,
1345 2704 1451 2766 etc.
1482 2692 1537 2745 In
1570 2692 1987 2766 exctts‘o‘Dextri
2018 2705 2114 2766 co-

526 2770 649 2825 dice
688 2761 939 2821 Iiliciana
965 2761 1281 2834 legebatur.
1339 2762 1433 2817 sed
1468 2777 1649 2833 prave.
1700 2762 1986 2817 Celebrata
2016 2761 2115 2817 fuit

522 2842 640 2898 htcc
668 2838 911 2908 synodus
930 2836 1111 2907 [lyrici
1133 2849 1273 2908 anno
1294 2834 1420 2903 365,
1444 2834 1598 2908 juxta
1618 2834 1769 2888 card.
1795 2834 2111 2908 Baronium.

528 2914 608 2968 De
635 2904 1096 2965 ea'Theodoretus
1123 2907 1219 2962 lib.
1252 2922 1330 2973 tv,
1366 2922 1415 2962 c.
1449 2907 1512 2970 8;
1542 2904 1878 2962 Sozomenus
1907 2905 2002 2959 lib.
2036 2918 2111 2971 vt,

528 2998 581 3037 c.
611 2982 700 3043 12,
729 2990 781 3034 et
817 2979 1050 3033 llilarius
1079 2981 1131 3033 iu
1161 2978 1479 3049 fragmentis
1507 2976 1698 3049 synodi
1731 2973 2112 3031 Ariminensis.

532 3050 756 3109 Prel'uit
788 3050 1029 3110 Eluidius
1056 3047 1370 3120 Presbyter,
1402 3047 1553 3119 papaé
1593 3047 1828 3120 legatus.

597 3123 664 3179 A.
693 3122 755 3177 C.
785 3120 913 3177 566.
938 3151 1005 3161 -
1053 3122 1107 3175 1.
1135 3116 1418 3192 (ἔτέσονὶοξ
1456 3116 1564 3174 etc.
1604 3116 1843 3173 consule
1886 3132 2009 3192 quin
2049 3116 2119 3172 de

531 3194 796 3265 Gregorio
824 3192 1185 3265 etAudentio
1217 3189 1281 3245 ait
1327 3206 1529 3265 annum
1580 3192 1684 3265 560
1711 3189 2113 3265 annotavimus.

528 3258 704 3322 Porro
727 3266 845 3321 dies
874 3264 1047 3319 festus
1064 3264 1123 3317 S.
1144 3261 1391 3329 Gregorii
1419 3262 1689 3329 episcopi,
1715 3261 1808 3330 qui
1831 3261 1966 3314 obiit
1988 3258 2119 3312 Am-

530 3338 768 3405 phitrite,
812 3343 1106 3390 aunotatur
1151 3334 1219 3385 ab
1253 3333 1529 3405 _Equilino
1562 3332 1660 3405 lib.
1689 3347 1764 3395 XI,
1817 3346 1938 3405 cap.
1993 3331 2119 3405 ﬁll,

534 3400 683 3462 num.
720 3400 809 3470 Π,
836 3407 947 3460 illis
972 3405 1151 3457 verbis
1178 3420 1190 3455 :
1221 3403 1501 3472 Gregorius
1532 3404 1801 3472 episcopus
1830 3402 2009 3455 eodem
2039 3400 2123 3454 die

530 3478 764 3550 (scilicet
778 3476 849 3550 2O
863 3474 1205 3550 Decembris)
1223 3475 1287 3550 in
1310 3472 1602 3550 Amphitria
1622 3474 1874 3550 _clar_u_it.-
1902 3472 2125 3526 Exsula-

536 3543 694 3603 verat
714 3547 929 3616 quidem
962 3546 1013 3597 in
1044 3545 1337 3609 blinoriea;
1371 3543 1495 3598 inite
1517 3545 1575 3616 in
1609 3543 1967 3616 Amphitriam
1998 3558 2123 3611 pro-

534 3613 744 3681 fectus,
765 3616 909 3670 diem
941 3616 1134 3670 clausit
1165 3628 1487 3669 extremum.
1515 3615 1593 3670 De
1624 3613 1892 3668 Audi-utin
1927 3616 1983 3667 lit
2008 3629 2123 3669 tne-

535 3691 707 3745 moria
727 3690 779 3743 in
811 3686 1065 3756 tliiitycha
1098 3686 1273 3740 Missa!
1298 3686 1520 3740 Missalis
1548 3686 1809 3742 S.lsid0ri
1842 3686 2125 3753 :ponitur-

534 3775 641 3831 que
658 3769 777 3831 post
803 3758 861 3831 ξ.
887 3757 1544 3831 Gregoriom_'l'oleta_num
1563 3756 2123 3831 pariter_episc0pum.

609 3827 669 3885 2.
701 3828 763 3887 S.
796 3829 1024 3896 Paulus,
1057 3836 1161 3883 etc.
1197 3828 1275 3883 De
1298 3832 1353 3882 S.
1386 3828 1582 3885 Orosio
1633 3828 1738 3897 egit
1765 3827 1964 3882 Dexter
1987 3842 2128 3881 anno

538 3902 668 3959 552.
699 3904 830 3957 Erat
874 3901 1090 3970 quidem
1124 3898 1218 3955 ille
1252 3908 1472 3969 patruus
1505 3902 1650 3954 Pauli
1682 3899 1859 3953 Orosii
1896 3899 2128 3962 scripto-

540 3977 621 4030 l'is
674 3972 1039 4037 CClt‘bell'illli,
1087 3979 1142 4025 ct
1187 3971 1246 4026 S.
1296 3972 1582 4042 Augustini
1630 3972 1879 4038 discipuli
1915 3986 1927 4022 :
1962 3971 2129 4025 frater

536 4056 717 4101 autem
747 4044 891 4098 t'auli
917 4044 1094 4097 Orosii
1132 4044 1387 4111 senioris,
1414 4043 1567 4114 cujus
1592 4044 1707 4105 ipse
1732 4043 1966 4109 scriptor
1989 4042 2129 4096 ﬁlius

542 4116 662 4175 fuit.
686 4125 743 4169 et
768 4118 836 4170 de
864 4114 1022 4187 cujus
1049 4124 1226 4169 morte
1255 4116 1356 4170 hoc
1386 4132 1529 4169 anno
1558 4115 1733 4187 agitur
1761 4114 1865 4170 illis
1898 4114 2076 4168 verbis
2113 4127 2129 4166 :

540 4190 603 4245 S.
626 4187 822 4243 Paulus
846 4186 1062 4241 Orosius
1082 4187 1252 4239 senior
1279 4187 1464 4241 resedit
1498 4187 1695 4241 Romae.

617 4262 669 4315 3.
701 4260 924 4324 Liberio,
957 4268 1063 4313 etc.
1099 4257 1175 4311 De
1206 4258 1265 4313 S.
1304 4258 1521 4312 Damasi
1554 4257 1720 4325 patria
1754 4255 1867 4321 ditt,
1902 4264 2131 4311 conten-

541 4331 788 4400 tioseque
819 4330 1079 4384 hactenus
1105 4329 1435 4400 disputatum
1463 4336 1552 4381 est
1593 4328 1723 4400 dum
1758 4326 1995 4400 Lusitani
2025 4327 2133 4400 Lu-

544 4397 801 4464 sitauunt,
839 4400 1069 4454 Mantua:
1097 4399 1387 4465 Carpetaui
1412 4414 1525 4454 suae
1569 4398 1720 4453 urbis
1759 4400 1932 4453 civem
1962 4397 2131 4452 fuisse

546 4475 767 4537 volunt;
804 4487 903 4525 nec
928 4472 1123 4524 desunt
1146 4485 1212 4525 ex
1235 4468 1760 4533 Tarraconensibus,
1795 4470 1885 4535 qui
1935 4468 2132 4521 Tarra-

542 4557 836 4601 conensem
878 4542 1067 4596 velint.
1114 4541 1218 4594 Sed
1258 4541 1459 4608 gratias
1495 4541 1626 4605 Deo,
1660 4538 2016 4610 quaestionem
2044 4538 2128 4592 di-

542 4616 701 4670 remit
733 4617 951 4676 Dexter,
981 4611 1108 4665 dum
1139 4627 1262 4665 eum
1304 4611 1609 4666 Mantuanis
1654 4610 1898 4673 ascribit,
1925 4618 1981 4665 et
2010 4624 2126 4664 me-

2211 1978 2341 2032 bere
2388 1992 2492 2032 non
2547 1979 2742 2047 potuit,
2792 1981 2881 2046 qui
2918 1979 3129 2032 Damasi
3169 1990 3388 2031 coawus
3437 1977 3712 2044 existens,
3763 1988 3813 2034 ct

2209 2049 2455 2118 ejusdem
2488 2050 2807 2115 provinciae,
2854 2048 2903 2102 id
2936 2061 3043 2113 eat,
3075 2048 3371 2118 ilispaniaz,
3420 2062 3487 2101 ac
3512 2047 3703 2103 Roma:
3731 2051 3811 2103 iti-

2210 2117 2337 2176 dem
2386 2121 2671 2183 educatus,
2719 2122 2973 2189 ignorare
3015 2136 3120 2173 non
3156 2117 3331 2189 potuit
3374 2133 3567 2173 veram
3628 2121 3811 2176 urbem

2217 2191 2476 2246 nativatis
2504 2191 2673 2257 ipsius
2726 2188 2758 2245 εί
2791 2201 2851 2245 ιιι
2888 2190 2941 2244 id
2983 2189 3084 2261 sub
3120 2188 3421 2261 quastione
3460 2191 3807 2260 relinqueret.

2211 2256 2535 2330 Quinimmo
2557 2262 2723 2333 etiam
2773 2276 2838 2316 ea
2890 2256 3462 2333 lectione-concessa,
3502 2256 3723 2333 semper
3749 2278 3809 2318 ex

2214 2342 2396 2387 mente
2427 2332 2612 2387 Dextri
2641 2332 2906 2387 habemus
2931 2332 3097 2389 fuisse
3117 2348 3186 2388 ex
3211 2332 3426 2387 Mantua
3441 2332 3806 2403 Carpetania;

2214 2404 2266 2459 id
2297 2404 2566 2474 siquidem
2612 2404 2936 2459 atilrtnative
2966 2404 3083 2473 ipse
3114 2415 3167 2459 et
3201 2403 3378 2472 primo
3416 2404 3541 2459 loco
3569 2420 3811 2474 pronun-

2216 2476 2337 2540 tiat,
2386 2487 2441 2531 et
2474 2484 2745 2543 tamquam
2795 2491 2860 2530 ex
2907 2476 3122 2541 propria
3168 2483 3385 2540 mente;
3427 2490 3549 2530 nam
3587 2476 3655 2531 de
3684 2477 3810 2530 aliis

2214 2544 2566 2615 opinionibus
2597 2547 2811 2615 dicens,
2846 2547 2949 2600 Alii
2974 2547 3175 2615 faciunt
3200 2545 3533 2611 Lusitanum,
3563 2546 3658 2601 alii
3684 2547 3812 2601 Tar-

2215 2633 2588 2681 raconensem;
2628 2631 2749 2673 cum
2778 2632 2913 2673 vero
2949 2617 3017 2673 de
3047 2618 3261 2672 Mantua
3306 2619 3542 2688 loquitur
3571 2633 3679 2673 non
3712 2619 3809 2682 ait,

2217 2688 2313 2742 alii
2343 2692 2425 2743 vel
2456 2688 2674 2755 quidam
2722 2688 2934 2755 dicunt,
2968 2704 3062 2745 seu
3107 2688 3346 2753 faciunt;
3388 2690 3478 2745 sed
3508 2690 3761 2744 absolute
3795 2707 3810 2744 :

2216 2758 2422 2813 Liberio
2466 2761 2695 2814 succedit
2737 2759 2996 2815 Damasus
3024 2775 3091 2814 ex
3120 2759 3341 2814 Mantua
3375 2758 3807 2830 Carpetanorum.

2218 2830 2296 2884 De
2325 2831 2572 2885 laudibus
2603 2832 2733 2886 tanti
2766 2832 2963 2898 Patris,
3008 2847 3132 2886 cum
3162 2832 3231 2888 ab
3271 2832 3561 2886 innumeris
3590 2830 3803 2886 decan-
3873 2890 3876 2893 λ

2220 2910 2346 2956 tata:
2377 2903 2488 2957 sint
2512 2944 2528 2969 ,
2562 2903 2832 2958 malumus
2861 2912 3045 2958 tacere
3082 2917 3245 2971 quam
3286 2902 3453 2973 loqui.
3481 2901 3812 2957 Consulatur

2222 2973 2488 3028 Baronius
2542 2982 2686 3027 tomo
2718 2973 2808 3029 iV.
2840 2973 3015 3031 Unum
3061 2974 3228 3029 silere
3260 2988 3366 3029 non
3412 2989 3657 3044 possum,
3687 2973 3811 3030 huic

2222 3044 2313 3098 ttni
2336 3044 2618 3099 catoticam
2655 3044 2951 3101 Ecclesium
2984 3044 3183 3099 debere
3215 3058 3495 3102 sacrorum
3522 3044 3808 3100 Bibliorum

2222 3114 2472 3169 Latinam
2505 3116 2826 3181 editionem,
2858 3128 2913 3171 et
2954 3117 3259 3171 divinarum
3295 3117 3518 3172 laudum
3547 3120 3601 3171 in
3631 3115 3809 3171 eboris

2224 3187 2696 3242 consuetudinem.
2719 3186 2837 3241 iniit
2862 3188 3238 3257 pontiﬁcatum
3268 3202 3413 3243 anno
3444 3188 3664 3243 Domini
3684 3186 3809 3251 567,

2226 3258 2370 3313 sedit
2395 3274 2568 3312 annos
2604 3260 2670 3312 l7
2700 3266 2759 3314 et
2788 3274 3005 3314 menses
3045 3259 3160 3313 fere
3182 3259 3236 3313 5.

2151 3299 2200 3359 Β
2226 3299 2370 3383 “XI
2388 3299 3592 3400 ὃῗὲὁέ.ὶζ-Ὶέἑᾶὶὶὲἷιῖεὶἷὶεῖοῗρωεοερεηι
3615 3329 3677 3386 s.
3699 3333 3799 3389 Lu-

2226 3400 2343 3455 cius
2374 3416 2510 3470 papa
2561 3400 2628 3455 ad
2677 3402 2960 3470 episcopos
3001 3400 3273 3470 Hispaniae
3318 3402 3589 3467 scribens,
3615 3410 3677 3457 ut
3701 3404 3804 3463 ire-

2227 3484 2459 3542 quenter
2486 3471 2723 3542 synodos
2749 3474 3117 3536 celebrarent,
3147 3472 3292 3527 sicut
3332 3488 3362 3527 a
3391 3482 3639 3540 tempore
3680 3490 3805 3542 apo-

2227 3542 2489 3597 stolorum
2532 3542 2853 3598 universalis
2894 3543 3151 3598 Ecclesia:
3190 3559 3308 3598 mos
3347 3544 3649 3601 obtinebat.
3713 3542 3806 3600 Es-

2227 3622 2337 3670 stat
2365 3613 2592 3685 epistola
2620 3613 2737 3684 ipsa
2771 3624 2914 3668 tomo
2962 3616 2984 3669 ι
3030 3614 3403 3670 Conciliorum
3429 3616 3669 3685 antiqua:
3697 3617 3808 3671 edi-

2229 3685 2414 3739 tionis.
2450 3684 2585 3741 Huic
2631 3694 2906 3756 praecepto
2929 3686 3175 3756 paruisse
3218 3687 3303 3741 his
3332 3687 3528 3742 diebus
3554 3684 3808 3743 habemus

2230 3771 2373 3828 nunc
2407 3756 2590 3810 Dextri
2615 3758 2945 3812 tesnmonio.
2982 3756 3040 3812 lu
3089 3757 3278 3813 codice
3328 3774 3532 3814 excuso
3560 3770 3806 3828 corrupte

2232 3827 2515 3897 legebatur
2560 3828 2818 3891 Trucum,
2880 3830 3035 3897 cujus
3083 3829 3203 3884 loco
3244 3829 3478 3884 Tritium
3509 3827 3804 3885 restitutum

2232 3910 2336 3954 est.
2361 3900 2499 3972 Erat
2523 3914 2651 3972 vero
2677 3899 2906 3954 Tritiutn
2938 3910 3299 3972 cognomento
3327 3901 3578 3955 Melatum
3598 3904 3683 3972 77in
3717 3902 3810 3955 Be-

2233 3971 2467 4041 ronibus
2498 3986 2604 4024 non
2634 3970 2874 4040 ignobile
2909 3970 3186 4041 oppidum,
3222 3972 3364 4039 quod
3399 3987 3545 4027 nunc
3591 3971 3809 4039 Taliane

2232 4042 2429 4096 dicitur
2458 4040 2512 4095 in
2544 4057 2715 4109 regno
2744 4040 3028 4098 NaVarrae.
3067 4042 3224 4095 Varia
3254 4057 3388 4097 vero
3420 4058 3589 4109 prone
3615 4042 3809 4099 consti~

2234 4114 2403 4166 tuitur
2447 4127 2479 4166 a
2514 4114 2825 4185 l’tolottimo,
2860 4129 2969 4185 quo
3018 4114 3121 4169 loci
3168 4128 3309 4169 nunc
3355 4111 3559 4168 Tudela
3609 4115 3808 4181 existit,

2234 4185 2319 4239 vel
2350 4199 2455 4237 non
2488 4186 2645 4251 longe
2672 4184 2741 4238 ab
2767 4184 2904 4254 ipsa.

2304 4257 2358 4309 2.
2390 4254 2699 4321 Audentius,
2732 4264 2838 4311 etc.
2870 4257 2947 4313 De
2988 4272 3053 4312 eo
3082 4256 3398 4314 Gennadius
3440 4257 3537 4311 lib.
3578 4256 3649 4313 de
3679 4255 3811 4309 Viris

2234 4324 2570 4391 illustribus;
2629 4326 2917 4399 Audentius
2972 4330 3191 4399 (inquit)
3237 4328 3505 4398 Hispanus
3551 4328 3811 4398 episcOpus

2233 4398 2441 4465 scripsit
2468 4400 2708 4452 adversus
2751 4398 3089 4463 Manichaeos,
3127 4398 3173 4453 et
3208 4400 3564 4464 Sabellianos,
3591 4408 3643 4452 et
3666 4399 3810 4451 Aria-

2234 4484 2347 4533 νιος,
2369 4469 2994 4541 ίηαπὶῃιεᾳαενὶηιεηιὶοηθ
3016 4471 3229 4541 speciali
3257 4479 3436 4524 contra
3450 4468 3807 4541 Photinianos,

2234 4542 2322 4609 qui
2352 4556 2484 4593 nunc
2514 4539 2789 4594 Bonosiaci
2819 4539 3083 4610 vocantur,
3117 4543 3327 4605 librum,
3353 4558 3506 4611 quem
3532 4540 3811 4607 prtetitula-

2234 4613 2335 4682 vit:
2368 4611 2445 4666 De
2474 4611 2581 4680 ﬁde
2617 4612 2864 4666 adversus
2908 4629 3083 4669 omnes
3108 4614 3406 4677 haereticos;
3435 4613 3489 4664 in
3516 4627 3619 4682 quo
3656 4622 3809 4664 estea.

541 4686 671 4751 rito,
707 4700 831 4739 nam
873 4690 1169 4752 supersunt
1198 4681 1375 4753 adhuc
1416 4685 1503 4751 ‘qui
1552 4682 1778 4750 legerint
1828 4682 2021 4735 Matriti
2069 4682 2120 4733 in
2151 4683 2199 4745 C
2227 4677 2305 4735 dii
2358 4677 2717 4753 antiquitatem
2764 4683 2864 4751 ﬁlii
2908 4685 3002 4737 Dei
3043 4686 3399 4739 cereternatem
3448 4677 3588 4753 patri
3625 4684 3812 4752 fuisse;

542 4756 788 4813 Ecclesia
829 4754 1121 4821 parochiali
1165 4753 1223 4809 S.
1270 4752 1571 4807 Salvatoris
1610 4754 1864 4806 marmori
1896 4754 2120 4805 incisam

542 4831 893 4897 scriptionetu
953 4824 1229 4879 veteribus
1285 4824 1691 4897 characteribus
1741 4832 2119 4897 compactam;

544 4894 1025 4966 qua'asserebatur
1054 4898 1428 4950 sanctissimus
1468 4894 1709 4966 pontifex
1740 4894 1792 4948 in
1825 4909 1894 4966 ea,
1936 4894 2126 4948 Eccle-

545 4964 624 5022 sia
656 4970 975 5039 baptizatus.
1011 4976 1196 5039 utpote
1214 4969 1277 5039 in
1309 4966 1426 5035 ejus
1472 4964 1630 5020 italus
1676 4964 1932 5035 parochia
1966 4981 1978 5017 :
2012 4968 2121 5019 lor-

547 5053 643 5092 san
666 5038 737 5094 ex
757 5040 1073 5108 parentibus
1101 5038 1403 5095 Lusitanis:
1433 5038 1668 5107 indeque
1685 5039 1863 5108 altera
1886 5039 2123 5108 opinatio

547 5117 725 5164 ortum
759 5106 997 5173 ‘haliuit;
1042 5125 1149 5165 non
1198 5110 1355 5163 aliter
1400 5106 1661 5179 atquein
1711 5110 1768 5164 S.
1822 5106 2123 5162 Melcliiade

547 5179 811 5234 accidisse
834 5182 1064 5234 vidimus
1091 5196 1254 5244 supra
1286 5180 1353 5234 ad
1381 5196 1581 5235 annum
1606 5180 1709 5236 1’48
1740 5190 1795 5234 et
1819 5180 1946 5233 299x
1981 5180 2124 5232 Con-

548 5252 665 5306 sule
689 5252 954 5304 eruditam
986 5250 1186 5318 Egidii
1214 5252 1531 5307 Guodisalvi
1570 5252 1749 5305 Dav-ila
1792 5251 1920 5320 regii
1963 5251 2132 5305 histo-

546 5319 820 5392 riographi
859 5320 1153 5392 historiam
1207 5323 1600 5386 Matritenseui,
1635 5322 1723 5377 ubi
1773 5319 1891 5377 eam
1939 5324 2132 5377 urbem

548 5391 778 5462 patriam
842 5391 900 5445 S.
960 5391 1175 5446 Damasi
1217 5395 1383 5449 luisse
1423 5394 1689 5449 defendit.
1755 5394 1940 5462 Neque
2004 5409 2133 5448 vero

544 5461 704 5517 nobis
726 5461 922 5514 obesse
964 5465 1181 5527 poterit,
1217 5466 1358 5530 quod
1390 5466 1440 5517 in
1470 5480 1674 5518 (‘Xt'IISO
1721 5461 1901 5519 Dextri
1946 5464 2134 5519 codice

543 5533 763 5603 {dditur
796 5547 809 5584 :
843 5530 947 5584 Alii
992 5531 1184 5599 faciunt
1219 5550 1283 5586 ea:
1332 5534 1626 5603 lgeditauia
1666 5536 1997 5600 Ltts‘ilmttmt,
2041 5535 2134 5588 alii

547 5601 985 5675 Tarraconensem
1000 5615 1037 5675 _.°
1064 5616 1166 5675 non
1180 5644 1193 5663 ,
1210 5601 1445 5671 inquam,
1463 5609 1639 5675 illest,
1654 5612 1776 5675 quia
1798 5610 2135 5661 llLtllliCSllltll

542 5681 630 5729 est
654 5676 814 5727 verba
847 5672 936 5726 illa
962 5670 1070 5724 alio
1099 5669 1475 5739 luisscaddita,
1504 5689 1559 5732 et.
1579 5669 1791 5733 tandem
1813 5674 2131 5747 cxmargino

2230 4770 2324 4825 nec
2338 4754 2555 4825 initium
2585 4751 2806 4825 Deitatis
2832 4762 2951 4808 tunc
2989 4773 3020 4808 a
3051 4756 3161 4809 Deo
3196 4754 3354 4825 Patre
3394 4751 3677 4825 accepisse,
3708 4767 3815 4805 cum

2230 4842 2262 4877 a
2294 4824 2467 4878 Maria
2498 4824 2671 4877 Matre
2723 4824 2935 4897 Virgine
2976 4826 3153 4897 homo,
3197 4824 3307 4879 Deo
3356 4824 3658 4897 lubricante,
3699 4838 3817 4897 cott-

2229 4906 2424 4960 ceptus,
2457 4905 2502 4949 et
2520 4897 2781 4967 natusjest.
2813 4894 3015 4967 Agitde
3045 4896 3237 4951 eodem
3266 4894 3549 4950 Baron.:id
3576 4911 3665 4967 an.
3686 4894 3809 4950 389.

2303 4968 2355 5023 5.
2391 4966 2683 5030 Corcheic,
2721 4976 2827 5023 etc.
2864 4966 3071 5023 Floruit
3099 4969 3166 5023 iis
3208 4968 3341 5035 ipsis
3391 4966 3729 5036 temporibus
3768 4967 3815 5017 in

2235 5038 2489 5119 iiispania
2540 5039 2945 5119 Maronianus.
2981 5039 3048 5093 de
3098 5054 3204 5119 quo
3237 5039 3607 5119 Hieronymus
3634 5038 3723 5091 lib.
3743 5037 3817 5115 _de

2230 5107 2430 5179 Script.
2451 5110 2689 5166 Eccles.:
2717 5109 3100 5176 Matroniauus,
3116 5111 3211 5173 ait,
3229 5107 3513 5180 provincia:
3534 5107 3814 5178 Hispanias,

2233 5182 2383 5235 valde
2412 5182 2644 5235 eruditus
2663 5221 2679 5247 ,
2711 5192 2756 5235 et
2785 5186 2836 5236 in
2866 5183 3073 5237 metrico
3118 5197 3269 5248 opere
3308 5181 3563 5234 veteribus
3618 5192 3815 5248 compa-

2234 5251 2475 5323 randus,
2501 5253 2730 5307 EXsluttl
2763 5255 2878 5322 ejus
2910 5253 3109 5323 ingenii
3157 5266 3322 5321 opera
3370 5250 3611 5323 diversis
3637 5250 3815 5304 metris

2236 5324 2399 5380 edita.
2440 5322 2625 5379 Utrum
2658 5333 2835 5378 autem
2885 5322 3057 5381 de’eo
3109 5338 3249 5377 nunc
3279 5322 3457 5391 egerit
3497 5322 3719 5379 Dexter.
3764 5323 3815 5371 et

2239 5395 2508 5449 biuontius
2537 5394 2722 5463 fuerit,
2753 5405 2845 5450 aut
2895 5411 2991 5464 pro
3018 5390 3350 5449 Matroniauo
3394 5402 3652 5461 corrupte
3681 5390 3813 5445 Maro

2237 5465 2384 5522 cium
2431 5464 2745 5525 habeamus.
2780 5463 2903 5521 non
2937 5468 3109 5520 ausim
3149 5463 3414 5528 definire;
3470 5478 3637 5518 unum
3677 5468 3815 5515 certe

2240 5536 2541 5591 dolendum
2574 5546 2676 5596 est,
2728 5536 3113 5591 Matronianutn
3145 5534 3209 5587 ad
3241 5534 3645 5590 l‘riscillianttm
3674 5530 3811 5587 defc-

2243 5608 2406 5671 cissc,
2440 5617 2493 5659 ut
2521 5609 2696 5659 statim
2725 5608 2981 5661 dicemus.

2314 5678 2367 5731 4.
2398 5676 2592 5732 Contra
2623 5677 2914 5743 lulianum,
2947 5688 3051 5734 etc.
3096 5674 3361 5745 l’rmcipui
3402 5676 3548 5734 inter
3594 5682 3807 5733 οωιετοί
