3956 6300
165 252 266 312 503

1205 247 1441 314 FLAVII
1478 248 1665 310 LUCII
1705 249 1965 310 DEXTRI
2004 251 2422 314 CllliONICON.

161 365 422 428 A.C.380.
499 366 791 435 Asterius,
823 374 1183 439 cognomento
1209 364 1508 439 Serranus,
1543 369 1604 424 ﬁt
1631 369 1806 426 lector
1834 369 1904 426 ab
1933 372 2206 430 Audentio
2235 373 2519 432 Toletano.

3357 264 3465 324 £06

3158 382 3472 446 A.R.II5I.

515 460 799 533 Gulphilas
847 461 1077 528 Gethus.
1125 462 1430 520 litterarum
1461 461 1815 523 Gothicarum
1856 464 2152 538 inventor,
2213 468 2535 544 episcopus,
2589 473 2812 531 nomine
2854 474 3120 538 doctrina:

586 555 902 628 ingeniique
933 555 1090 612 valde
1117 555 1390 613 laudatur.

298 647 424 708 382.
502 647 858 720 Lampadius,
886 649 1017 705 olim
1045 648 1334 720 praefectus
1366 650 1559 722 .urbis,
1591 650 1816 709 veniens
1840 649 1914 722 ,in
1946 651 2235 725 Hispanias
2256 696 2271 725 ,
2316 654 2401 713 vir
2444 657 2650 730 probus
2691 667 2748 718 et
2789 661 3012 737 doctus,
3045 664 3104 725 ﬁt

596 744 888 815 episcopus
913 742 1206 800 Oretanos.

3309 669 3469 730 1155.

511 841 838 898 Dracontius
878 848 935 898 et
964 839 1245 913 Adelphus
1286 841 1533 914 episcopi
1555 841 1611 899 in
1637 841 1898 914 Hispania
1929 845 2202 903 exsulant.

509 934 666 991 Justo
683 974 696 988 .
718 973 732 988 .
753 973 768 990 .
790 933 1052 1006 episcopo
1085 933 1305 992 Vicensi
1331 935 1527 992 scribit
1553 944 1778 992 sanctus
1807 937 2156 997 Ambrosius.

514 1027 773 1086 Cremato
820 1028 888 1084 ad
939 1028 1325 1086 Melantiadam
1381 1031 1572 1086 urbem
1621 1029 1848 1088 Graeciae
1880 1031 2112 1090 Valente
2138 1030 2476 1104 Imperatore
2507 1037 2789 1110 hrcretico,
2821 1041 3112 1103 Gratianus

583 1122 712 1180 facit
767 1123 980 1196 imperii
1025 1133 1333 1180 consortem
1367 1122 1736 1181 Theodosium
1781 1123 2120 1183 admirabilis
2153 1125 2447 1188 Theodosii
2475 1130 2668 1206 ﬁlium,
2703 1135 2879 1194 virum
2933 1137 3105 1212 pium,

584 1215 787 1278 Italicae
814 1217 869 1276 in
900 1215 1100 1276 Baetica
1139 1227 1326 1276 natum
1340 1256 1355 1274 .

1373 1311 1438 1368 BI
1449 1311 1635 1370 VARI!
1672 1311 2241 1377 COMMENTARIUS.

163 1448 361 1543 [lumini
382 1447 790 1506 accommodari
819 1458 1142 1521 nequeunt:
1168 1463 1292 1506 nam
1316 1464 1441 1507 cum
1467 1447 1536 1508 de
1557 1449 1758 1508 canitie
1781 1452 1835 1516 Δ
1862 1451 2182 1543 Ammianus
2233 1455 2327 1540 lib.
2367 1459 2556 1530 xxvtt)
2596 1461 2845 1543 dalttMest
2891 1464 3102 1543 Urbana
3155 1471 3466 1543 pra-fectum

167 1537 258 1579 sua
284 1521 383 1587 ait,

337 1612 558 1666 Oblitum
578 1614 767 1663 veteris
782 1625 864 1677 me
889 1612 1273 1677 Saliaareousulis
1290 1625 1528 1677 arguens,

397 1677 506 1727 Sub
524 1689 623 1739 quo
640 1681 795 1739 prima
813 1676 922 1726 dies
942 1676 1057 1726 mihi
1078 1688 1092 1724 :

165 1783 336 1838 nullus
375 1780 563 1853 dicet,
615 1780 980 1839 Prudentium
1022 1781 1268 1840 innuisse
1320 1799 1382 1840 se
1425 1784 1480 1840 in
1530 1783 1758 1842 ﬂumine

163 1866 367 1910 natum.

223 1927 353 1994 Quis
381 1939 514 1994 ergo
547 1938 746 1980 sensus
788 1925 934 1982 illius
990 1926 1251 1982 carminis
1280 1926 1584 1997 genuinus?
1611 1926 1756 1984 Sane

160 2015 311 2066 quem
365 1998 564 2052 Dexter
611 2005 832 2051 secutus
879 2007 994 2064 est,
1041 2009 1097 2052 et
1146 1999 1411 2061 Morales,
1445 2013 1509 2054 ac
1562 1997 1756 2054 Nebri-

158 2071 333 2123 censis
373 2068 484 2122 fere
525 2069 806 2133 assecuti;
842 2069 946 2123 nisi
974 2069 1117 2139 quod
1164 2069 1218 2123 hi
1270 2085 1460 2124 errore
1500 2071 1751 2125 codicum

159 2140 319 2210 ducti,
344 2139 624 2195 consulem
652 2139 950 2204 Mesaliatn,
987 2156 1090 2194 non
1116 2140 1320 2196 Saliam
1347 2151 1748 2210 nuncuparunt.

158 2209 318 2266 Natus
347 2212 512 2282 igitur
542 2211 867 2265 Prudentius
915 2209 1016 2266 fuit
1065 2214 1289 2282 Saliaet
1322 2209 1572 2282 Philippo
1603 2227 1747 2267 coss.

159 2281 383 2349 quorum
422 2283 923 2352 consulatusjuxta
962 2281 1228 2352 Onuphrii
1259 2292 1314 2338 et
1365 2281 1520 2338 Idatii
1556 2283 1751 2338 Fastos

159 2353 334 2406 incidit
382 2356 438 2407 in
491 2369 694 2408 annum
728 2353 943 2408 Domini
977 2354 1102 2409 548.
1135 2353 1290 2409 Unde
1320 2353 1408 2408 hic
1439 2369 1614 2410 annus
1644 2355 1749 2412 580

157 2439 252 2494 quo
275 2423 525 2480 ﬂoruisse
549 2423 751 2479 dicitur
771 2466 788 2490 ,
818 2435 936 2479 erat
965 2427 1144 2480 aetatis
1173 2441 1286 2480 sua:
1313 2425 1383 2478 5‘2
1414 2443 1428 2478 :
1459 2425 1744 2490 ﬂoruisse,

160 2496 675 2568 inquam,ioratoria
719 2494 1010 2568 facultate,
1043 2495 1114 2552 de
1152 2512 1257 2568 qua
1303 2497 1422 2568 ipse
1461 2498 1518 2554 in
1551 2497 1747 2555 eodem

162 2567 378 2638 prologo
405 2567 461 2623 in
495 2565 828 2622 Catemerin.
855 2567 1030 2638 inquit
1055 2584 1069 2621 :

455 2679 594 2744 Etas
617 2682 771 2743 prima
793 2681 1109 2744 crepantibus

327 2742 495 2794 Flevit
517 2742 807 2807 sub’ferulis
829 2742 978 2807 :mox
1001 2744 1166 2793 docuit
1187 2749 1320 2807 toga,

154 2802 383 2871 Infectum
407 2807 563 2871 vitiis,
587 2805 705 2855 falsa
730 2805 862 2869 loqui
880 2818 978 2856 non
998 2807 1110 2857 sine
1128 2802 1350 2857 crimine.

155 2869 428 2920 Etntrsus:

452 2930 582 2982 Exin
605 2931 765 2992 jurgia
784 2929 1002 2980 turbidos

329 2993 588 3042 Armarunt
615 2994 820 3056 animos,
848 2999 901 3042 et
923 2993 1051 3042 male
1083 2993 1311 3056 pertinax

151 3053 380 3106 Vincendi
395 3056 609 3107 studium
627 3054 874 3118 subiacuit
896 3053 1096 3106 casibus
1115 3057 1321 3119 asperis.

151 3159 302 3216 Natus
352 3176 498 3232 vero
540 3161 645 3216 fuit
690 3160 1152 3232 Cazsaraugustae.
1203 3171 1261 3218 ut
1303 3162 1464 3218 habet
1512 3162 1743 3232 Dexter,

151 3245 289 3305 patre
335 3231 862 3303 Caesaraugustam,
908 3231 1084 3288 matre
1132 3232 1584 3305 Calagurritana;
1636 3248 1746 3305 quo

152 3303 232 3368 ﬁt,
277 3312 342 3358 ut
373 3305 566 3358 urbem
618 3311 906 3374 utramque
951 3319 1105 3360 suam
1138 3303 1339 3375 szepius
1377 3304 1598 3360 dixerit.
1635 3304 1742 3362 Sed

149 3387 265 3429 vero
299 3375 673 3431 Tarraconem
722 3376 886 3430 etiam
935 3375 1140 3431 ideirco
1184 3393 1338 3432 suam
1369 3376 1542 3441 dixit,
1595 3376 1742 3446 quod

151 3445 262 3517 ejus
311 3446 613 3516 aliquando
665 3448 1038 3517 gubernator,
1079 3449 1423 3517 imperatoris
1469 3445 1746 3504 electione

150 3516 364 3584 fuisset,
400 3527 459 3572 ut
497 3516 728 3572 inferius
758 3518 1025 3574 dicemus.
1057 3516 1190 3585 Quae
1220 3528 1414 3574 contra
1447 3519 1563 3572 haec
1596 3518 1744 3575 hian-

147 3597 336 3643 tuanus
359 3589 551 3658 objicit
574 3589 818 3644 faciliora
848 3601 996 3651 smit,
1022 3605 1181 3659 quam
1203 3601 1262 3645 ut
1287 3591 1443 3659 longa
1466 3589 1741 3646 solutione

146 3669 348 3731 egeant.
385 3659 476 3715 Ait
502 3660 598 3715 ille
627 3678 641 3714 :
671 3660 870 3715 Consul
894 3659 1132 3728 Philippi
1154 3663 1363 3731 collega
1400 3660 1561 3716 Salen
1585 3703 1600 3723 ,
1632 3677 1738 3716 non

147 3729 284 3784 Salia
308 3732 636 3786 vocabatur.
667 3731 733 3786 Et
757 3746 890 3802 ego:
923 3731 1112 3801 P0puli
1153 3732 1232 3787 illi
1266 3729 1520 3799 Ksturim,
1554 3732 1740 3790 Salcni

145 3801 261 3873 dicti
304 3811 480 3865 sunt,
512 3817 544 3856 a
579 3803 774 3870 Salea,
802 3801 914 3857 non
955 3819 984 3857 a
1035 3803 1218 3869 Salia;
1271 3817 1402 3873 ergo
1441 3811 1499 3858 et
1536 3804 1737 3858 ﬁumen

148 3870 290 3928 Salea
322 3873 656 3928 vocandum.
692 3873 846 3940 Quod
900 3877 948 3927 si
1000 3874 1055 3928 in
1104 3890 1207 3928 una
1256 3870 1440 3929 littera
1484 3889 1592 3928 non
1625 3876 1739 3929 vult

148 3942 250 4015 ipse
279 3952 339 3999 ut
383 3946 437 4000 in
470 3944 618 3999 Salia
667 3960 767 4000 suo
796 3944 1200 4012 disceptemus,
1250 3946 1387 4000 nolit
1425 3960 1639 4015 quoque
1683 3947 1737 4001 in

145 4014 276 4067 Salia
309 4025 506 4072 nostro
528 4057 546 4084 ,
578 4025 675 4070 aut
703 4017 756 4070 in
787 4024 1044 4082 utroque.
1080 4016 1288 4071 Rursus
1318 4017 1412 4071 ille
1445 4032 1461 4070 :
1499 4014 1564 4070 Si
1590 4016 1737 4072 Salia

149 4087 508 4151 consuleret,
560 4087 786 4143 minime
833 4089 1035 4142 veteris
1080 4088 1298 4142 nomine
1345 4088 1732 4157 insigniretur,

147 4168 259 4212 cum
285 4159 432 4229 alter
460 4157 583 4227 ejus
610 4159 843 4212 nominis
869 4159 1056 4212 consul
1089 4173 1380 4228 numquam
1408 4158 1589 4213 luerit.
1617 4159 1734 4229 Ego

150 4240 268 4282 vero
293 4247 308 4282 :
337 4228 482 4296 Quid
513 4230 562 4282 si
581 4231 659 4284 .ad
698 4241 914 4284 mtatem
948 4228 1248 4298 l't‘SpiCiCﬂS
1281 4233 1554 4295 consulis,
1581 4228 1736 4286 vete-

151 4311 253 4352 rem
288 4299 544 4354 vocavit?
573 4300 711 4370 Quid
738 4301 784 4354 si
809 4315 874 4354 ex
906 4302 1150 4356 sull'ectis
1171 4341 1185 4364 ,
1219 4315 1447 4370 quormn
1481 4315 1589 4355 non
1622 4316 1739 4354 ma-

150 4380 267 4442 nent
287 4373 512 4442 nomina
538 4416 551 4438 ,
580 4369 721 4428 alius
747 4371 925 4427 fuerat
951 4370 1071 4440 ejus
1101 4369 1338 4427 nominis
1365 4384 1493 4427 ante
1519 4372 1743 4442 ipsum?

149 4437 245 4495 Sed
273 4445 342 4496 de
374 4441 457 4496 his
487 4437 644 4498 satis.

212 4512 266 4564 4.
300 4515 578 4579 Asturius,
627 4524 736 4569 etc.
769 4513 1032 4583 Superius
1062 4513 1130 4569 de
1177 4529 1243 4570 eo
1294 4514 1494 4580 locuti,
1544 4513 1740 4570 iterum

147 4579 372 4637 inferius
397 4588 571 4640 acturi
596 4600 806 4641 sumus.

210 4653 263 4706 5.
300 4653 580 4724 Gutphilas
602 4698 618 4722 ,
649 4668 758 4712 etc.
796 4655 1028 4713 Uberius
1058 4659 1126 4712 de
1155 4672 1222 4712 eo
1248 4657 1515 4712 Baronius
1548 4656 1614 4711 ad
1638 4672 1740 4712 au-

141 4737 261 4778 num
289 4726 394 4781 370
421 4728 512 4782 ubi
540 4743 612 4784 ex
637 4728 946 4782 Sozomeno
1004 4729 1103 4783 lib.
1153 4745 1228 4793 vt,
1276 4743 1327 4783 c.
1369 4730 1465 4794 37,
1495 4730 1731 4795 asserit,

143 4796 278 4870 quod
306 4812 375 4853 eo
407 4807 608 4868 agente
651 4799 832 4868 legato
855 4798 1001 4870 apud
1040 4801 1462 4869 Imperatorem,
1498 4801 1740 4854 Athana-

141 4868 278 4938 ricus
326 4883 422 4925 rex
457 4869 658 4926 Gothis
684 4868 948 4938 dispersis
972 4868 1301 4927 Christianis
1343 4868 1614 4927 concessit
1635 4912 1650 4936 ,
1685 4871 1737 4924 in

142 4935 249 5009 ejus
294 4941 527 5008 gratiam
559 4935 850 4996 Thraciam
898 4941 1146 4998 habitare
1176 4960 1190 4997 :
1224 4953 1278 4996 et
1309 4943 1458 5008 quod
1503 4935 1738 5009 primum

141 5007 350 5082 quidem
395 5013 616 5067 Arianis
643 5022 1028 5078 consenserat,
1055 5007 1401 5082 postmodum
1435 5007 1613 5066 autem
1647 5028 1736 5067 re-

145 5080 414 5154 sipuittet
446 5083 734 5138 Catholica
765 5082 871 5154 ﬁde
901 5080 1154 5154 accepta,
1186 5083 1431 5139 interfuit
1458 5099 1577 5138 cum
1599 5082 1740 5154 Aca-

145 5152 235 5223 lio,
256 5162 314 5207 et
339 5153 588 5208 Eudoxio
611 5153 849 5209 concilio
867 5152 1503 5223 ConstantinOpolitano.
1530 5153 1737 5209 Gothos

139 5219 389 5295 etiamad
422 5228 686 5294 pietatem
715 5235 772 5280 et
820 5241 1006 5280 verum
1039 5226 1137 5282 Dei
1162 5219 1364 5282 cultum
1400 5226 1738 5295 antpleCtett-

140 5291 269 5370 dum;
298 5291 575 5370 instituit;
627 5304 677 5370 et
719 5297 920 5370 primus
963 5299 1063 5368 fuit
1095 5298 1214 5370 (ait
1240 5295 1372 5370 ille)
1402 5291 1510 5370 qui:
1538 5297 1736 5351 litteras

136 5368 270 5429 apud
311 5383 397 5421 eos
440 5368 731 5439 invenerit;
756 5367 1062 5439 litterasque
1076 5367 1262 5439 sacras
1289 5369 1344 5424 in
1373 5367 1600 5436 patrium
1624 5383 1734 5421 ser-

139 5449 328 5510 {nonem
355 5440 623 5492 convertit.
650 5429 862 5510 fETxStat
891 5429 1008 5509 ejus
1031 5429 1245 5510 eﬂigies
1282 5441 1336 5494 in
1370 5429 1622 5495 Vaticana
1652 5439 1730 5492 bi-

139 5503 567 5580 bliothecacum
612 5503 1172 5580 alphabeto'suarum
1219 5513 1526 5566 litterarum
1569 5523 1729 5580 supra

1863 1523 2156 1612 lfampadio
2179 1543 2198 1591 ;
2222 1527 2312 1600 qui
2328 1523 2586 1612 expensas
2614 1533 2844 1612 exhiberi
2869 1539 3051 1593 solitas
3082 1539 3135 1593 in
3155 1523 3468 1612 iiiiiiiiiircit:

1862 1600 1935 1683 t‘i’a
1957 1613 2230 1683 munerum
2275 1600 2530 1662 editione.
2561 1606 2855 1683 contulit‘in
2881 1612 3136 1680 pauperes
3166 1600 3368 1683 egentes
3410 1616 3464 1672 in

1867 1666 2127 1745 Vaticana
2137 1687 2155 1732 ;
2179 1686 2280 1745 qua
2303 1687 2366 1725 ea:
2389 1689 2547 1727 causa
2562 1675 2760 1741 plebem
2781 1679 2832 1730 in
2857 1666 2909 1734 se
2930 1666 3226 1745 concitavit",
3249 1666 3378 1738 adeo

1860 1741 2297 1822 parumnlifuerit
2314 1784 2330 1809 ,
2381 1745 2506 1822 quin
2546 1745 2876 1822 ἱρείης-βόες
2897 1753 3093 1822 positas
3115 1741 3295 1808 contra
3321 1753 3462 1811 Con-

1855 1812 2073 1892 stan_tini
2095 1812 2378 1892 lavacrum,
2402 1815 2606 1892 injectis
2626 1817 2827 1892 facibus
2849 1812 3208 1879 conibusscrit.
3236 1825 3386 1892 Inde,
3403 1836 3464 1884 ut

1857 1882 2023 1936 credo
2046 1925 2063 1950 ,
2095 1893 2274 1963 ortum
2295 1925 2312 1950 ,
2366 1882 2543 1963 ipsum
2678 1889 2972 1963 Hispanias
3021 1894 3336 1963 trajecisse;
3370 1882 3464 1955 ubi

1857 1967 1957 2022 pro
1983 1967 2080 2036 sua
2112 1955 2338 2036 pietate,
2367 1967 2422 2036 et
2444 1957 2697 2036 doctrina
2722 1955 3460 2036 in‘Oretanam'sedem'pro-

1855 2025 2065 2098 moveri
2118 2025 2336 2098 meruit.
2369 2026 2646 2084 Invenitur
2671 2031 2738 2085 ad
2772 2048 2974 2090 annum
3003 2035 3112 2092 400
3139 2025 3456 2098 interfuisse

1853 2095 2087 2151 concilio
2117 2096 2421 2168 Toletano,
2468 2099 2617 2156 dicto
2655 2102 2832 2171 primo
2859 2146 2874 2171 ,
2923 2116 2981 2162 ut
3026 2122 3130 2164 suo
3160 2108 3283 2166 loco
3311 2095 3462 2169 dice;

1853 2181 1994 2222 mus.

1924 2240 1980 2310 2.
2019 2239 2350 2308 Dracontius,
2373 2249 2482 2296 etc.
2514 2241 2592 2298 De
2627 2242 2922 2301 Dracontio
2947 2252 3174 2307 consule
3200 2262 3455 2310 sanctum

1852 2307 2119 2365 Isidorum
2150 2313 2203 2366 in
2231 2307 2372 2390 libro
2399 2311 2468 2368 de
2496 2313 2639 2390 viri.-
2667 2315 3002 2390 illustribus,
3031 2321 3120 2375 ubi
3143 2323 3264 2390 ejus
3285 2307 3457 2381 libros

1851 2393 2192 2461 enumeratL
2227 2393 2283 2461 et
2333 2384 2611 2461 ingenium
2681 2387 2888 2461 laudat.
2949 2390 3031 2445 Ad
3081 2384 3225 2448 hunc
3275 2394 3452 2461 ipsum

1855 2453 2214 2531 existimans.
2256 2454 2952 2531 Athanasium“epistolam
3003 2462 3148 2517 illam
3198 2453 3449 2531 ded-isse,

1852 2538 1972 2594 qua:
2002 2524 2071 2576 ad
2102 2522 2449 2578 Dracuntium
2473 2522 2824 2594 inscribitur;
2857 2547 2978 2586 nam
3007 2534 3076 2586 ab
3107 2535 3334 2592 Oriente
3360 2522 3451 2594 tibi

1849 2591 2151 2669 Athanasio
2177 2605 2338 2669 notus
2367 2606 2512 2669 erat,
2546 2599 2597 2652 in
2632 2591 2940 2669 Hispaniam
2974 2603 3264 2661 deductum
3287 2591 3455 2662 exsu;

1850 2663 1956 2718 lem
2007 2665 2184 2747 egisse
2253 2676 2398 2747 _|)9§l-
2436 2663 2743 2747 Athanasii
2768 2683 3001 2747 mortem
3028 2718 3043 2742 ,
3073 2691 3196 2747 qua:
3242 2677 3298 2731 in
3345 2693 3448 2733 an-

1850 2750 1978 2807 num
2009 2736 2221 2792 Domini
2253 2738 2359 2793 372
2388 2738 2574 2793 incidit
2599 2745 2615 2807 )
2642 2758 2786 2798 nunc
2815 2758 2881 2799 ex
2926 2736 3130 2802 Dextro
3159 2747 3445 2806 habemus.

1850 2805 2174 2888 Adelphium
2216 2823 2348 2888 vero
2392 2805 3019 2888 interfuisse___concilio
3087 2805 3445 2888 Caesaraugué

1850 2889 2014 2961 statio
2030 2921 2061 2961 ,_
2079 2880 2148 2935 de
2189 2879 2497 2961 quo_infra.
2525 2884 2802 2961 nonnullis
2833 2887 3027 2961 placet.
3064 2887 3321 2957 aiuntque
3343 2879 3449 2961 pro

1849 2948 2124 3018 Ampelio,
2179 2951 2322 3021 quod
2361 2952 2538 3006 nostri
2595 2953 2800 3010 habent
2833 2948 3090 3030 'codices,
3153 2948 3445 3033 legendum

1849 3020 2200 3075 Adelphium.

1937 3035 2200 3090 etpmum.

1919 3090 2196 3170 5._Justo,
2227 3102 2347 3170 etc.
2382 3093 2438 3150 In
2472 3110 2692 3170 excuso
2723 3095 2926 3170 Dextro
2980 3099 3231 3170 additur,
3283 3103 3439 3160 Juxta

1847 3160 2030 3245 alteri,
2073 3165 2166 3245 sed
2201 3165 2388 3245 nescio
2420 3166 2487 3245 ad
2517 3183 2680 3245 quem
2729 3168 3021 3245 referatur.
3061 3171 3184 3227 Fuit
3217 3160 3444 3245 quidem

1845 3234 1899 3312 in
1933 3234 2193 3312 Hispania
2211 3235 2396 3312 Justus
2418 3234 2561 3294 alter
2577 3238 2908 3312 _I_Jrgelensis
2933 3234 3258 3312 episcopus;
3286 3247 3446 3309 cuius

1846 3304 1966 3382 dies
2011 3305 2147 3382 festa
2180 3305 2234 3360 in
2281 3307 2528 3364 Romano
2574 3304 3326 3382 Martyrologio'habetur'ad
3360 3304 3445 3374 ’28

1845 3375 2004 3451 Maii,
2038 3377 2133 3451 hic
2158 3392 2290 3433 vero
2322 3382 2494 3434 multo
2526 3375 2800 3437 recentior
2839 3375 2940 3439 fuit
2971 3384 3210 3451 Dextro,
3253 3398 3310 3441 ut
3340 3404 3443 3444 ne-

1843 3448 2036 3521 quiret
2068 3447 2290 3521 adeum
2334 3454 2630 3521 respicere.
2676 3453 2906 3508 Exstant
2940 3457 3116 3512 sancti
3165 3447 3441 3515 Ambrosii

1844 3519 2090 3599 epistola:
2111 3519 2234 3574 duae
2252 3521 2318 3599 ad
2346 3519 2556 3599 iustum
2581 3524 3011 3599 scriptarualtera
3039 3528 3092 3582 in
3114 3526 3212 3583 lib.
3237 3545 3255 3584 I
3278 3531 3440 3599 epist.

1845 3588 1910 3665 εξ
1931 3591 2261 3665 alteravero
2295 3593 2348 3645 in
2381 3594 2474 3649 lib.
2503 3609 2597 3649 vttt
2624 3596 2785 3663 epist.
2811 3595 2868 3665 2,
2903 3613 3028 3665 quae
3056 3599 3109 3653 in
3134 3588 3332 3658 ordine
3358 3609 3447 3657 est

1844 3660 1932 3715 65.
1990 3661 2044 3740 In
2105 3660 2169 3715 iis
2226 3675 2449 3740 rogatus
2500 3660 3168 3740 Atnbrosius'nonnullas
3217 3671 3444 3740 exponit

1841 3731 2176 3812 quazstioues
2207 3731 2502 3812 adsueras
2540 3737 3148 3812 litteraspertinentes.
3183 3742 3239 3796 In
3271 3731 3444 3812 priori

1841 3802 2114 3879 explicat,
2147 3803 2275 3879 quid
2329 3805 2596 3874 signiﬁcet
2647 3802 2803 3862 illud'
2830 3810 3205 3879 didrachmum
3229 3853 3245 3876 ,
3271 3802 3442 3879 'eujus

1841 3873 2144 3946 dimidium
2179 3873 2438 3932 Hebraeus
2483 3879 2796 3946 prarcipitur
2822 3878 3021 3932 oﬁ‘erre
3066 3894 3166 3946 pro
3211 3873 3437 3938 redem-

1843 3945 2030 4014 ptione
2059 3944 2254 3998 anima:
2283 3961 2417 3998 sum.
2452 3944 2813 4014 Ejusinitium
2846 3968 2857 4002 :
2887 3944 3207 4005 Ambrosius
3234 3951 3391 4007 Justo
3422 3969 3438 4009 :

1843 4012 2071 4067 Pulchre
2114 4017 2400 4090 admones,
2437 4012 2628 4090 frater,
2664 4029 2716 4069 ut
2766 4019 3066 4088 epistulares
3093 4022 3299 4090 fabulas
3323 4065 3340 4085 ,
3394 4034 3442 4078 et

1838 4100 2123 4160 sermonem
2160 4084 2449 4160 absentium
2496 4087 2563 4160 qd
2594 4084 3069 4157 interpretationem
3093 4084 3442 4160 conferamus

1844 4155 2039 4208 oraculi
2057 4229 2063 4232 _
2084 4155 2298 4232 ccclesiis
2321 4195 2336 4219 ,
2368 4166 2474 4210 etc.
2494 4157 2566 4232 _In
2600 4155 2885 4225 pesteriori
2913 4160 3105 4232 probat
3124 4207 3138 4228 ,
3171 4155 3390 4220 veteres
3420 4206 3437 4232 ,

1762 4213 1806 4275 C
1846 4242 1987 4294 quos
2016 4227 2263 4305 plerique
2302 4213 2613 4305 secundum
2651 4241 2828 4283 artem
2866 4213 3157 4299 scfripsisse
3203 4213 3438 4305 nihil}:

1849 4297 2152 4352 secundum
2202 4297 2431 4366 gratiam
2481 4315 2600 4367 qua:
2647 4315 2813 4367 super
2862 4297 3082 4356 omnem
3130 4297 3304 4361 artem
3354 4297 3442 4362 est

1849 4368 2171 4443 scripsisse;
2202 4375 2268 4422 de
2291 4383 2521 4443 quorum
2554 4381 2731 4425 tamen
2761 4372 2982 4443 scriptis
3010 4372 3079 4438 ii,
3111 4379 3201 4442 qui
3230 4377 3299 4431 de
3321 4388 3440 4434 arte

1847 4441 2216 4516 scripserunt,
2267 4447 2448 4516 artem
2497 4441 2847 4516 invenerunt.
2876 4441 3014 4499 'iias
3056 4441 3440 4516 tuconsulas,

1848 4519 2038 4581 utpote
2061 4511 2279 4566 curiosa
2302 4512 2568 4581 gravitate
2600 4512 2854 4568 refertas.

1917 4583 1972 4638 4.
2003 4580 2268 4646 Cremata,
2306 4580 2422 4654 ﬁcte.
2465 4583 2886 4654 Corruptissinte
2919 4588 3021 4646 hoc
3063 4589 3186 4646 loco
3231 4589 3445 4646 Caesar-

1851 4665 2190 4722 nugttstanus
2219 4653 2391 4710 codex
2425 4653 2658 4710 excusus
2681 4667 2912 4712 mortem
2945 4661 3283 4721 Constantis,
3313 4675 3438 4717 cum

1847 4723 2094 4780 Valentis
2132 4724 2492 4790 confuderat,
2547 4727 2758 4782 habens
2802 4748 2816 4783 :
2845 4728 3084 4786 Cremato
3111 4733 3180 4785 ad
3210 4731 3440 4786 Helene-

1845 4811 1980 4873 ntam
2005 4795 2180 4850 urbem
2206 4794 2402 4873 Gallia;
2436 4795 2682 4873 Valente,
2713 4807 2824 4873 etc.
2856 4801 3087 4857 Constat
3115 4801 3336 4873 quidem
3370 4817 3438 4856 ex

1844 4867 2184 4938 Ilieronymo
2235 4870 2287 4921 in
2345 4868 2622 4923 Chronico
2685 4869 2753 4923 ad
2803 4887 3005 4926 annum
3068 4867 3277 4928 Domini
3333 4873 3442 4928 555

1841 4938 2195 5010 Constantem
2221 4939 2475 5007 imperat.
2503 4955 2610 4993 non
2634 4939 2796 5010 longe
2825 4942 2893 4995 ab
2922 4943 3177 5010 HiSpania
3199 4984 3213 5007 ,
3247 4944 3299 4999 in
3349 4958 3443 4998 ca-

1841 5018 1960 5096 stro
1987 5009 2074 5064 cui
2105 5009 2324 5096 Ilelenu:
2345 5024 2563 5096 .nome‘n
2595 5018 2708 5096 est,
2731 5009 2920 5066 Gallia:
2946 5009 3319 5096 Narboueusis
3342 5031 3442 5096 op-

1843 5082 1972 5148 pido
2012 5079 2250 5137 occisutn
2284 5078 2486 5145 fuisse;
2522 5079 2802 5134 Valentem
2835 5097 2966 5138 vero
2993 5100 3100 5139 non
3134 5086 3352 5141 llelenze
3383 5078 3438 5141 in

1840 5150 2010 5206 Gallia
2035 5191 2051 5216 ,
2107 5151 2202 5206 sed
2245 5150 2312 5204 ad
2358 5150 2736 5204 Melantiadam
2772 5152 2952 5208 villam
2981 5155 3349 5212 Caesarianam
3384 5157 3438 5212 in

1839 5223 2096 5288 Cra-cia,
2142 5237 2313 5291 prore
2361 5220 2894 5291 ConSIantinopolim
2941 5227 3147 5283 arsisse
3195 5228 3439 5284 referunt

1837 5304 2104 5365 quotquot
2135 5293 2255 5365 ejus
2306 5296 2707 5365 meminerunt,
2735 5295 3074 5365 Sozomenus
3096 5341 3110 5364 ,
3141 5299 3394 5354 Socrates
3417 5340 3433 5365 ,

1838 5361 2524 5440 RuﬁnusLTheodoretus
2544 5405 2559 5429 ,
2593 5361 2947 5440 Ammianus,
2981 5361 3358 5440 Nicepliorus,
3383 5361 3439 5425 et

1838 5436 2044 5508 caeteri.
2077 5433 2349 5508 Egressus
2378 5434 2584 5508 etenim
2612 5431 3087 5508 Constantinopoli
3117 5431 3202 5496 'ad
3232 5431 3442 5496 Melan-

1840 5507 2040 5580 tiadatn
2074 5504 2254 5559 villam
2301 5503 2668 5580 Caesarianam
2721 5521 2842 5580 cum
2872 5503 3152 5574 exercitu,
3183 5511 3385 5580 quievit
3419 5526 3434 5564 :

134 5573 374 5652 Pluteum
401 5579 493 5635 27.
538 5584 581 5636 A
613 5573 940 5652 quibusdam
977 5581 1267 5652 Gnlphilas
1288 5624 1302 5646 ,
1351 5583 1420 5635 ab
1449 5581 1573 5636 aliis
1603 5573 1732 5636 Vul—
1757 5573 1808 5633 D
1836 5576 2247 5652 commissuque
2305 5574 2493 5652 pr_a:lio
2563 5589 2684 5630 cum
2753 5576 3064 5648 Fritigerno
3131 5573 3436 5636 Gothorum

133 5646 703 5723 liltilas_nuttcnpattir,
736 5651 836 5708 sed
870 5667 1060 5720 parum
1087 5646 1460 5708 "dissentiunt.

197 5724 262 5794 Δ.
298 5721 364 5778 C.
392 5721 522 5779 589..
547 5754 617 5765 ——
649 5727 702 5780 l.
740 5723 1089 5794 Lampadius,
1122 5734 1231 5781 etc.
1266 5722 1544 5780 Successit
1565 5722 1723 5794 Sym-

132 5769 610 5854 ma'éitJ'tB'Uints
656 5769 1574 5870 ﬁrst-Li;tt;;;;'iio;;“s;n;5:.‘;tum
1599 5769 1630 5865 ξ
1650 5795 1725 5852 ait

1838 5664 1998 5719 rege,
2049 5646 2136 5702 cui
2169 5647 2372 5714 petenti
2405 5660 2596 5716 pacem
2632 5646 2957 5718 negaverat,
3011 5654 3065 5707 in
3093 5652 3275 5716 fugam
3306 5665 3435 5706 vcr-

1834 5735 1928 5775 sus
1950 5761 1963 5785 ,
1997 5729 2054 5774 ct
2103 5719 2155 5774 iu
2205 5732 2387 5772 casam
2421 5729 2697 5789 agrestem
2728 5720 2974 5787 delatus,
3005 5737 3127 5778 casa
3160 5728 3217 5775 et
3236 5720 3436 5778 Vult-ns

1832 5791 1992 5850 simul
2024 5798 2295 5849 arserunt.
2330 5789 2496 5850 Addit
2537 5793 2851 5852 Ammianus
2905 5793 3002 5852 lib.
3028 5806 3179 5864 xxxt,
3220 5791 3436 5851 auditus
