3956 6272
477 257 580 323 5η

990 333 1100 344 σοον..

1521 251 1776 326 ,ΡΒΑἮΙ
1815 250 1996 310 LUCll
2033 248 2294 308 DEXTRI
2333 249 2744 311 CHRONICON.

3687 250 3790 312 5l2

1707 389 1966 449 BlVARll
2001 385 2570 448 COMMENTARIUS.

483 526 800 578 sanctorum
829 511 1537 588 martyrumgcollectionem
1563 523 1627 564 ea
1653 505 1925 588 brevitate
1952 517 2086 588 con:
2109 502 2161 564 Α
2189 517 2311 588 rum
2339 505 2756 588 antesignanum
2776 551 2790 573 ,
2818 504 3138 588 signiferum
3166 511 3220 562 et
3236 503 3554 588 principem
3583 521 3787 588 nuncu-

488 577 725 656 textam,
761 604 868 659 qua
896 577 1282 659 ma'rtyrologia
1309 588 1618 638 noscuntur
1646 577 1993 659 conscripta;
2028 581 2084 629 et

486 677 552 719 ea
585 649 803 732 propter
830 649 1272 732 Martyrologium
1302 661 1672 732 nuncupatum
1685 649 1865 732 ."llzcc
1899 657 2084 702 tamen

484 719 650 803 qua'm
685 719 1023 803 'mendacitér
1059 719 1312 803 dicamur
1346 719 1878 803 (ai.t)'non__aliundc
1921 732 2084 803 quam

488 790 819 873 testimoniis
849 800 1031 873 ipsius
1061 798 1288 873 Eusebii
1318 790 1598 873 probatur,
1629 793 1723 873 lib.
1755 808 1808 873 ty
1834 805 1954 873 cap.
1981 790 2081 873 la,

483 874 555 930 de
602 872 663 929 S.
707 860 935 942 Pionio;
985 881 1044 926 et
1087 870 1182 942 lib.
1233 885 1288 933 v,
1319 860 1454 936 "cap.
1503 863 1735 942 {et},
1767 860 2087 942 deepistola

487 943 750 1002 Ecclesiae
789 933 1209 1017 Lugdunensis;
1251 950 1308 996 et
1345 933 1466 1017 cap.
1505 937 1578 993 20
1604 935 1673 992 de
1703 935 1762 1017 S.
1796 933 2086 1017 Apollonio

489 1023 746 1071 senatore
773 1011 944 1086 agens
967 1053 984 1075 ,
1010 1015 1230 1086 asserit
1267 1025 1329 1086 se
1373 1011 1566 1086 borum
1597 1011 1835 1086 omnium
1865 1013 1984 1086 acta
2027 1011 2084 1057 in

492 1087 634 1143 libro
663 1085 746 1158 de
798 1075 1127 1158 Martyribus
1176 1080 1487 1158 plenissime
1533 1079 1856 1158 scripsisse;
1903 1075 2087 1158 ibique

495 1156 727 1224 reperiri
755 1147 1040 1226 epistolam
1073 1147 1389 1226 praedictam
1409 1193 1424 1216 ,
1470 1159 1528 1206 et
1556 1147 1863 1226 orationem
1901 1147 2088 1215 apolo-

495 1219 727 1300 geticam
769 1219 829 1284 S.
869 1219 1368 1300 Apollonii_coram
1407 1231 1598 1300 senatu
1641 1219 1880 1300 habitam
1923 1232 2085 1300 quam

497 1288 860 1372 Hieronymus
899 1288 1095 1364 v'ocat,
1142 1293 1357 1368 Insigne
1392 1295 1648 1348 volumen.
1693 1288 2088 1372 Ergoneﬂliber

496 1387 638 1428 unus
657 1415 672 1438 ,
705 1371 957 1426 volumen
983 1383 1150 1424 unum
1172 1409 1187 1430 .
1223 1378 1300 1421 tot
1325 1373 1623 1441 martyrum
1650 1372 1770 1418 acta
1802 1371 2088 1441 continere

497 1432 781 1508 valuisset,
805 1441 872 1496 ad
897 1455 1126 1506 quorum
1152 1448 1359 1492 tantum
1390 1432 1609 1508 nomina
1633 1432 2089 1508 recensenda_vi_x

498 1512 752 1570 sufﬁcere
767 1501 1080 1582 potuisset?
1109 1509 1376 1582 Equidem
1398 1507 1446 1582 _s_i
1480 1517 1592 1582 tam_
1611 1504 1844 1582 prolixe,
1876 1511 1941 1582 ut
1961 1501 2090 1582 fecit

500 1585 554 1638 in
582 1585 726 1649 aliis,
759 1572 923 1638 totius
947 1572 1206 1636 Ecclesiae
1232 1577 1514 1635 catholicae
1545 1572 1755 1644 ab‘ipso
1785 1572 2088 1630 scribendae

496 1655 723 1711 fuissent
755 1669 847 1709 res
882 1663 1052 1724 gesta:
1091 1662 1402 1724 sanctorum
1436 1661 1775 1724 martyrum,
1810 1661 1918 1699 non
1950 1659 2090 1724 unus

501 1725 661 1791 liber,
695 1740 803 1781 non
831 1716 1076 1790 ce'ntum,
1102 1738 1208 1777 non
1241 1720 1474 1790 denique
1503 1716 1648 1774 mille
1677 1717 1910 1791 fuissent
1934 1716 2089 1778 satis,

500 1812 602 1852 nec
632 1787 745 1868 ipse
775 1795 1008 1868 mundus
1039 1787 1234 1868 capere
1262 1787 1530 1864 potuisset
1559 1806 1656 1846 eos
1675 1831 1689 1857 ,
1717 1789 1808 1859 qui
1837 1787 1905 1843 de
1939 1803 2002 1842 ea
2032 1801 2092 1842 re

498 1865 769 1924 scribendi
797 1865 1028 1922 fuissent
1049 1866 1240 1940 libros.
1273 1936 1283 1940 _
1446 1935 1457 1940 _
1530 1934 1540 1940 .
1974 1931 1984 1940 ,

573 1940 845 1994 Czeterum
879 1941 981 1992 hoc
1004 1951 1108 1990 non
1135 1936 1285 1990 multi
1313 1934 1574 2006 ponderis
1598 1944 1700 2006 est,
1732 1948 1854 2006 nam
1879 1947 1944 2006 ex
1974 1934 2090 1999 ipso

503 2010 743 2065 Eusebio
773 2011 940 2081 liquet
984 2009 1118 2078 (nec
1147 2004 1498 2081 aliis,‘_quam
1535 2021 1565 2060 a
1595 2004 1829 2059 Baronio
1859 2005 2092 2081 citantur

509 2073 857 2151 testimoniis)
884 2073 1058 2148 ipsum
1089 2094 1196 2133 non
1224 2073 1394 2145 mille,
1424 2093 1531 2151 nun
1559 2086 1798 2151 centum,
1836 2089 1942 2151 non
1973 2073 2093 2140 plu-

503 2167 593 2206 res
623 2151 692 2207 de
714 2145 884 2222 geSIis
908 2145 1212 2222 martyrum
1243 2149 1531 2215 scripsisse
1558 2148 1727 2222 libros
1748 2187 1762 2208 ,
1794 2145 1896 2222 sed
1924 2159 2090 2222 unum

501 2215 818 2291 dumtaxat;
841 2237 1002 2293 quem
1029 2215 1150 2275 cum
1175 2221 1288 2290 ipse
1314 2234 1605 2293 numquam
1633 2218 1701 2293 d_e
1725 2215 2092 2293 magnitudine

503 2293 719 2358 laudet,
761 2285 876 2349 non
907 2302 994 2349 est
1025 2293 1168 2348 unde
1197 2285 1496 2346 credamus
1538 2289 1832 2344 maximum
1881 2285 2090 2358 fuisse:

509 2355 809 2430 quininimo
849 2379 1010 2432 quem
1063 2363 1197 2418 alias
1253 2365 1446 2416 librum
1493 2370 1750 2432 vocarat,
1806 2355 2095 2432 aliquando

505 2434 748 2491 libellum
782 2430 956 2491 vocat.
1000 2434 1093 2488 Sic
1133 2449 1255 2487 eum
1295 2433 1363 2488 de
1410 2433 1470 2486 S.
1515 2431 1706 2485 Pionio
1742 2431 1853 2499 agit
1891 2430 1985 2482 lib.
2018 2442 2092 2492 tv,

509 2519 630 2577 cap.
665 2508 732 2562 14
765 2523 778 2561 :
819 2503 1405 2577 Qualemdeniqueciit)
1429 2513 1476 2555 et
1506 2517 1659 2570 quam
1685 2502 1935 2577 insignem
1957 2514 2096 2577 mor-

505 2571 626 2641 tem,
661 2571 855 2646 pra:th
873 2580 1009 2634 alias
1039 2571 1216 2630 omnes
1249 2571 1330 2628 res
1356 2571 1418 2628 ab
1446 2590 1503 2626 eo
1530 2583 1674 2626 tanta
1713 2589 1830 2625 cum
1863 2571 2096 2646 admira-

506 2642 860 2722 tione-gestus,
895 2667 984 2722 eos
1011 2647 1198 2717 quibus
1229 2646 1426 2722 libitum
1456 2652 1530 2700 est
1569 2657 1895 2722 cognoscere,
1926 2643 1994 2693 ad
2029 2642 2099 2692 li-

509 2714 695 2773 bellum
718 2722 862 2776 nobis
893 2721 956 2774 de
987 2714 1210 2773 veterum
1238 2717 1550 2774 Sanctorum
1574 2715 1832 2784 martyriis
1857 2714 1912 2766 in
1941 2727 2098 2765 unum

507 2791 731 2844 redactis
760 2794 975 2855 editum,
1008 2791 1098 2861 qui
1127 2789 1337 2859 quidem
1364 2788 1538 2840 omnia
1571 2783 1721 2861 facta
1736 2785 1879 2838 illius
1909 2783 2100 2853 plenis-

508 2861 638 2914 sime
671 2858 1060 2930 complectitur,
1107 2858 1472 2915 antuurlamus.
1517 2858 1622 2912 Sed
1661 2872 1897 2926 quonam
1946 2863 2102 2922 pacto

512 2931 633 2984 fieri
663 2933 840 2996 valet,
885 2943 942 2986 ut
973 2947 1081 2985 uno
1115 2933 1298 2987 libello
1328 2939 1407 2985 tot
1445 2937 1742 3000 martyrum
1771 2937 1923 2997 gesta
1953 2940 2104 2979 coin-

511 3003 772 3070 prehendi
807 3006 1017 3069 possint
1042 3003 1064 3056 ?
1087 3004 1227 3058 Sane
1263 3003 1386 3072 quia
1432 3001 1625 3068 majori
1666 3014 1756 3072 exi
1779 3008 1932 3072 parte
1962 3011 2106 3050 mar-

514 3080 692 3140 tyrum
719 3072 923 3130 Christi
953 3074 1192 3128 breviter
1213 3071 1678 3142 complectebatur
1710 3071 2014 3142 historiam,
2049 3075 2106 3120 et

513 3141 652 3197 nihil
679 3143 826 3198 aliud
858 3145 964 3198 nisi
995 3146 1211 3198 nomina
1237 3141 1473 3198 civitatis
1497 3150 1554 3196 et
1579 3141 1848 3209 praesidis,
1879 3155 1942 3192 ac
1965 3153 2107 3191 mar-

514 3212 644 3284 tyrii
687 3228 860 3282 genus
897 3214 1063 3284 (quod
1100 3215 1250 3284 aliud
1289 3215 1358 3268 de
1399 3215 1479 3267 eis
1506 3216 1664 3284 scire
1709 3225 1817 3265 non
1862 3211 2059 3284 valuit)
2088 3249 2103 3272 ,

513 3263 859 3350 stantini;
897 3263 1360 3338 miserias;
1392 3263 1670 3352 profusius
1705 3263 1822 3352 acta
1853 3263 2104 3352 dictaque
2135 3263 2182 3329 C

514 3353 838 3412 declararet.
867 3355 1136 3424 Exemplo
1157 3354 1227 3408 sit
1247 3350 1452 3409 Adonis
1473 3351 1937 3423 martyrologium,
1961 3350 2107 3418 quod

515 3428 734 3496 quidem
775 3440 880 3480 non
910 3427 1078 3480 multa
1110 3425 1300 3495 implet
1328 3424 1454 3477 folia
1481 3466 1493 3485 ,
1521 3431 1588 3496 et
1608 3435 1784 3477 tamen
1813 3424 2108 3476 multorum

518 3494 573 3552 in
619 3511 688 3550 eo
728 3505 1027 3567 martyrum
1073 3494 1227 3559 acta,
1279 3494 1764 3567 interrogationes,
1814 3507 2109 3567 reSponsa,

519 3567 815 3631 miracula;
865 3564 1033 3622 immo
1073 3577 1130 3622 et
1174 3566 1420 3635 epistola:
1469 3564 2014 3635 conscribuntur,ut
2057 3564 2109 3616 in

519 3645 706 3692 sancta
737 3639 1042 3704 Anastasia,
1075 3647 1132 3692 et
1159 3633 1726 3709 Chrysogonovidere
1756 3644 1859 3709 e_s_t.
1889 3633 2001 3690 Nec
2027 3649 2114 3689 me

517 3718 721 3772 movet,
747 3710 889 3779 quod
913 3718 1136 3765 sanctus
1157 3707 1480 3779 Apollonius
1499 3707 1710 3762 dicatur
1730 3723 1760 3761 a
1780 3707 2112 3779 Hieronymo

517 3781 731 3851 insigne
763 3777 1012 3851 volumen
1040 3777 1354 3851 scripsisse,
1386 3792 1440 3834 et
1471 3778 1578 3833 hoc
1607 3779 1770 3851 etiam
1795 3781 1846 3832 in
1877 3777 2018 3833 libro
2045 3777 2114 3851 de

518 3847 848 3923 Martyrihus
868 3893 884 3915 ,
918 3847 1170 3923 Eusebii,
1197 3851 1574 3915 continuentur;
1607 3850 1862 3919 quoniam
1890 3863 1996 3904 non
2026 3847 2114 3902 di-

518 3921 671 3977 citur
689 3922 941 3978 volumen
975 3921 1106 3976 illud
1146 3923 1388 3992 insigne,
1425 3931 1677 3991 respectu
1707 3935 1914 3988 magna:
1944 3934 2118 3989 quau-

520 3993 721 4058 titatis,
749 3994 849 4047 sed
881 3995 952 4047 oh
988 3993 1310 4062 dignitatem
1339 3996 1520 4062 operis
1541 4033 1555 4056 ,
1589 4001 1646 4048 et
1684 3992 2072 4062 perfectionem
2099 4006 2114 4044 :

524 4065 978 4152 ειυςεηξάωφιιψ
1019 4065 1136 4136 ipso
1161 4063 1527 4152 Ηίοτοιξγωιεε
1557 4064 1621 4152 ίει.
1642 4062 1879 4152 "9:299
1911 4064 2115 4152 ἓετὶξξὲο

526 4133 740 4190 Eccles.
790 4137 952 4190 simili
997 4133 1218 4204 prorsus
1265 4133 1425 4206 pacio
1463 4135 1533 4190 de
1583 4135 1644 4188 Β.
1687 4135 1881 4189 Pontio
1912 4135 1970 4190 S.
2015 4135 2120 4204 Cy-

524 4206 700 4278 priani
730 4206 965 4262 diacono
993 4207 1190 4276 inquit,
1237 4208 1446 4278 insigne
1476 4206 1732 4278 volumen
1760 4206 1828 4278 de
1859 4207 2119 4274 martyrio

523 4275 768 4344 ejusdem
811 4275 1097 4345 scripsisse
1123 4323 1138 4347 ,
1186 4278 1331 4347 quod
1348 4275 1544 4333 'tamen
1584 4276 1970 4333 brevissimum
1998 4289 2121 4331 esse

523 4349 737 4420 cunctis
769 4349 1112 4420 perspicuum
1138 4358 1242 4404 est.

595 4419 704 4476 Sed
733 4417 1183 4491 urget'Baronius
1209 4437 1331 4491 cap.
1360 4423 1390 4474 7
1417 4419 1688 4490 sequenti,
1718 4418 1902 4474 multis
1927 4417 2122 4474 sutl‘ar-

524 4489 734 4546 cinatas
783 4489 908 4547 esse
957 4489 1442 4547 mendaciis‘dnas
1499 4489 1598 4544 llas
1641 4491 1900 4558 epistolas
1935 4529 1950 4554 ,
2003 4505 2122 4560 qua:

525 4576 711 4617 earnm
754 4562 1017 4633 detegunt
1063 4563 1417 4632 imposturam
1464 4581 1477 4617 :
1532 4561 1818 4624 videlicet.
1864 4563 1918 4616 l“
1967 4560 2122 4630 Quod

2122 1889 2170 1949 B

2229 584 2311 648 at,
2361 577 2628 648 apologia:
2661 577 2926 632 adversus
2955 577 3205 633 Rufinum
3236 577 3332 632 lib.
3365 593 3383 632 ι
3410 588 3468 633 et
3490 593 3531 633 ll
3557 587 3615 634 et
3635 578 3786 633 alibi.

2227 654 2251 720 ξ)
2283 647 2440 715 Quod
2485 647 2872 718 a’llieronymi
2910 649 3052 719 stylo
3089 649 3319 718 epistola
3359 649 3453 704 illa
3490 650 3788 720 discrepet.

2189 717 2246 790 {3°
2293 720 2550 784 Deinum,
2593 720 2739 790 quod
2766 717 2840 775 fin
2883 717 3176 789 posteriori
3212 729 3497 775 asseratur
3539 717 3789 776 kalendis

2185 787 2677 864 Januariinullum
2723 787 2979 864 umquam
3019 791 3423 864 catholicorum
3459 793 3781 864 martyrium

2187 873 2405 930 passum
2427 861 2595 935 (uisse
2611 904 2627 931 ,
2651 863 2794 933 quod
2819 872 2997 935 tamen
3019 878 3084 917 es
3109 863 3356 935 Romano
3376 861 3787 935 Martyrolvgio,

2187 941 2242 986 et
2267 933 2482 1005 exteris
2512 933 2706 988 falsum
2736 949 2859 989 esse
2889 934 3082 1005 liquet.
3114 933 3240 990 Haec
3271 934 3382 990 ille.

2267 1002 2431 1058 Valde
2463 1013 2643 1059 tamen
2686 1002 2992 1060 mirandum
3022 1016 3107 1061 est
3145 1006 3324 1060 virum
3353 1005 3735 1062 doctissimum
3762 1047 3780 1073 ,

2187 1073 2402 1129 levibus
2425 1075 2755 1144 conjecturis
2783 1076 3036 1142 ductum,
3067 1078 3328 1146 epistolas
3357 1076 3523 1134 hasce
3551 1079 3788 1134 subver-

2191 1155 2306 1200 tere
2333 1147 2708 1212 contendisse,
2736 1162 2871 1220 quas
2899 1158 3079 1203 tamen
3112 1157 3331 1202 constat
3354 1159 3481 1203 ante
3508 1150 3794 1220 octingen-

2190 1226 2275 1271 tos
2315 1232 2490 1273 annos
2528 1234 2556 1271 a
2599 1217 3066 1287 praeclarissimis,
3108 1228 3162 1274 et
3198 1221 3538 1276 auctoritatis
3576 1217 3795 1277 eximia:

2191 1288 2560 1360 scriptoribus
2580 1291 2812 1360 agnitas,
2837 1300 2892 1346 et
2915 1291 2966 1346 iu
2990 1292 3342 1345 veneratione
3365 1291 3578 1346 habitas
3597 1291 3790 1360 fuisse,

2190 1359 2442 1431 videlicet
2470 1363 2538 1414 ab
2562 1359 2924 1426 Cassiodoro,
2958 1361 3100 1416 Beda
3127 1372 3184 1416 et
3212 1361 3520 1425 Strabone,
3551 1379 3790 1431 quorum

2193 1431 2246 1484 in
2277 1430 2370 1503 Dei
2417 1432 2654 1486 Ecclesia
2706 1433 2993 1488 sententize
3019 1433 3088 1486 de
3133 1433 3351 1488 levitate
3381 1430 3680 1503 nusquam,
3723 1435 3798 1492 de

2191 1502 2457 1573 gravitate
2484 1503 2679 1572 ubique
2711 1503 2940 1558 laudata:
2962 1505 3201 1558 fuerunt.
3226 1504 3427 1572 Accipe
3450 1502 3797 1573 singulorum

2195 1572 2382 1627 verba.
2429 1573 2786 1629 Cassiodorus
2827 1575 2920 1630 lib.
2965 1575 3035 1630 de
3082 1573 3257 1629 lnstit.
3306 1572 3617 1630 divinarum
3664 1577 3795 1632 lect.

2193 1659 2318 1717 cap.
2337 1645 2441 1717 32:
2475 1641 2694 1717 Futurae
2715 1647 3044 1701 beatitudinis
3072 1661 3237 1700 mores
3256 1646 3376 1717 (ait)
3397 1650 3526 1700 vitas
3550 1645 3798 1714 Patrum,

2193 1716 2540 1785 confessiones
2566 1716 3112 1790 ﬁdeiium,_apassiones
3153 1716 3445 1790 uiartyrum
3478 1717 3636 1790 legite
3667 1735 3798 1772 ron-

2195 1795 2425 1861 stanter;
2455 1803 2583 1861 quas
2611 1789 2742 1842 inter
2776 1788 2912 1861 alia,
2947 1789 3000 1861 in
3027 1789 3249 1856 epistola
3282 1789 3450 1842 sancti
3480 1788 3800 1861 Hieronymi

2195 1858 2263 1910 ad
2298 1856 2678 1932 Cliromatium,
2710 1869 2758 1914 ct
2783 1858 3128 1914 Heliodorum
3150 1861 3404 1913 destinata
3429 1862 3618 1932 procul
3639 1856 3801 1915 dubio

2195 1930 2457 1994 reperietis
2482 1946 2500 1984 :
2529 1932 2616 1998 qui
2647 1946 2738 1999 per
2769 1941 2930 1985 totum
2967 1932 3141 1985 orbem
3174 1930 3439 2002 terrarum
3457 1935 3706 2002 ﬂoruere,
3742 1941 3802 1987 ut

2195 2010 2374 2074 sancta
2403 2002 2621 2074 imitatio
2656 2017 2742 2056 vos
2769 2018 3084 2073 provocans,
3122 2001 3190 2053 ad
3215 2001 3642 2074 newlestiaregna
3680 2021 3801 2070 per-

2195 2071 2373 2144 ducat.
2425 2071 2578 2144 \'_ide,
2629 2071 2834 2144 quaeso,
2884 2088 3045 2143 quain
3089 2072 3229 2144 apud
3271 2088 3464 2129 omnes
3515 2071 3798 2144 receptum

2198 2143 2393 2208 fuerit,
2438 2140 2749 2198 Cassiodori
2801 2140 3046 2214 tempore
3096 2140 3383 2211 epistolam
3434 2140 3803 2212 illamfenm

2197 2227 2362 2281 opere
2393 2215 2792 2286 MarterlOgii,
2827 2217 3134 2287 llieronymi
3166 2216 3332 2270 lctiim
3363 2231 3522 2282 esse;
3555 2218 3699 2285 quod
3731 2217 3802 2272 ad

2197 2298 2316 2358 eam
2344 2296 2619 2358 provocet
2658 2288 2899 2358 lectores
2940 2302 3071 2341 suos
3117 2302 3214 2356 pro
3253 2287 3563 2342 devotionis
3610 2289 3804 2358 spiritu

2199 2354 2520 2410 hauriendo.
2565 2357 2703 2411 Beda
2731 2358 2784 2412 in
2815 2354 3128 2413 Retractat.‘
3157 2359 3208 2412 in
3249 2360 3378 2412 Acta
3412 2354 3806 2424 Apostolorum

2197 2428 2377 2503 cap.nl
2419 2429 2707 2503 sic__inquit
2744 2430 3124 2503 :_Astipulutur
3157 2438 3204 2481 ct
3246 2429 3376 2503 liber
3410 2430 3806 2503 Martyrologii,

2198 2497 2286 2564 qui
2305 2496 2455 2572 Beati
2481 2496 2788 2572 Hieronymi
2811 2496 3035 2564 nomine,
3060 2517 3121 2572 ac
3145 2502 3448 2572 prtefatione
3467 2496 3765 2556 attitulatitr
3789 2518 3810 2556 :

2198 2571 2429 2639 quamvis
2460 2571 2598 2624 idem
2631 2569 2985 2640 Hieronymus
3013 2570 3158 2624 illius
3196 2569 3316 2625 libri
3344 2589 3444 2626 non
3479 2584 3688 2637 auctor,
3719 2574 3811 2628 sed

2201 2642 2488 2710 interpres,
2533 2641 2786 2696 Eusebius
2821 2653 2994 2695 autem
3030 2653 3212 2696 auctor
3251 2644 3505 2698 exstitisse
3540 2657 3807 2698 narretur.

2205 2712 2584 2784 Praefationem
2606 2713 2851 2784 intelligo
2875 2713 3162 2782 epistolam
3184 2713 3253 2768 de
3275 2729 3380 2775 qua
3405 2729 3545 2769 nunc
3565 2718 3809 2783 agimus.

2203 2781 2534 2837 Walal‘ridus
2556 2799 2684 2836 vero
2703 2781 3040 2840 Str'aholnec
3060 2785 3248 2840 scribit
3274 2785 3371 2840 lib.
3421 2785 3488 2839 de
3512 2781 3652 2840 Reb.
3688 2786 3805 2841 Ec-

2211 2855 2450 2928 clesiast.
2468 2869 2592 2928 cap.
2619 2853 2692 2910 28
2720 2875 2730 2909 :
2753 2856 3110 2927 Hieronymus
3128 2855 3814 2928 Martyrologium,secutns

2205 2922 2486 2978 Eusebium
2515 2926 2881 2982 Carsarieusem
2913 2922 3002 2994 per
3026 2927 3151 2980 anni
3177 2922 3440 2981 circulum
3455 2922 3811 2994 conscripsit;

2206 3012 2266 3068 ea
2305 2997 2576 3051 occasione
2615 2999 2679 3052 ab
2733 2997 3003 3068 Episcopis
3053 2997 3377 3068 Chromatio,
3423 3008 3470 3052 et
3515 2998 3812 3054 Heliodoro

2207 3065 2342 3141 illud
2384 3084 2510 3139 opus
2547 3082 2759 3138 rogatus
2780 3065 3121 3141 componere,
3153 3071 3273 3140 quia
3300 3067 3650 3136 Theodosius,
3685 3072 3810 3124 reli-

2209 3140 2386 3212 gjosus
2418 3141 2741 3212 imperator,
2798 3142 2852 3194 in
2891 3139 3111 3194 concilio
3155 3139 3521 3212 episcoporum
3579 3142 3811 3196 laudavit

2212 3208 2939 3283 Gregorium_Cordubensent
2984 3208 3497 3283 episwpnmpquod
3543 3215 3685 3267 omni
3731 3215 3814 3266 die

2213 3281 2395 3334 missas
2426 3281 2688 3353 explicans
2711 3327 2725 3348 ,
2775 3299 2954 3336 eorum
2983 3281 3266 3352 martyrum
3305 3299 3527 3349 quarunt
3573 3285 3814 3338 natalitia

2213 3363 2414 3426 essent,
2448 3355 2657 3406 nomina
2687 3355 2916 3426 plurima
2944 3363 3386 3409 commemoraret.
3423 3356 3556 3420 Quze
3589 3357 3655 3408 ad
3691 3372 3815 3410 vcr-

2213 3423 2339 3494 buiu
2373 3423 2658 3490 desumpta
2687 3423 2823 3480 sunt
2849 3441 2914 3478 cx
2956 3426 3184 3494 epistola
3213 3426 3516 3480 Cbromatii
3545 3437 3602 3480 et
3636 3426 3816 3482 llelio—

2213 3493 2356 3548 dori.
2379 3498 2590 3564 largone
2612 3505 2691 3550 tot
2709 3493 3089 3566 tantorumque
3106 3497 3394 3551 Doctorum
3441 3497 3812 3564 posthabenda

2214 3573 2300 3638 est
2328 3567 2654 3631 auctoritas,
2688 3575 2747 3622 ut
2775 3569 3006 3622 liberum
3035 3569 3106 3621 sit
3128 3569 3384 3637 cuiquam
3414 3571 3696 3638 proprium
3728 3584 3814 3622 se-

2215 3636 2308 3710 qui
2334 3649 2560 3692 martein
2584 3639 2635 3710 in
2659 3654 2716 3694 re
2736 3641 2914 3710 gravi,
2944 3653 3064 3706 quae
3086 3652 3192 3694 non
3218 3636 3437 3710 quidem
3460 3636 3813 3709 conjecturis,

2217 3707 2312 3782 sed
2337 3709 2666 3782 testimoniis
2687 3707 3038 3781 antiquorum
3060 3709 3488 3781 comprobanda,
3517 3707 3611 3766 aut
3631 3727 3818 3782 repro-

2216 3777 2393 3834 bands
2423 3780 2578 3834 erat?

2289 3852 2420 3918 Quae
2456 3865 2586 3906 vero
2619 3863 2807 3907 contra
2838 3851 3124 3907 veritatem
3156 3851 3462 3921 excogitata
3493 3864 3650 3918 sunt,
3690 3867 3814 3908 vera

2218 3937 2343 3976 esse
2371 3937 2478 3996 non
2515 3935 2758 3990 possunt,
2799 3933 2858 3977 nt
2895 3925 3102 3996 patebit
3128 3925 3489 3994 espendendo
3514 3924 3814 3996 sigillatim,

2219 4009 2341 4066 quae
2368 3992 2424 4066 in
2457 3996 2787 4050 contrariqu
2814 3996 2970 4066 nobis
2999 3992 3222 4066 objecit.
3257 3998 3318 4049 1°
3352 3997 3497 4052 Leve
3525 3992 3604 4050 est
3626 4038 3641 4058 ,
3674 3996 3816 4064 quod

2219 4065 2289 4118 ab
2315 4065 2588 4134 episcopis
2620 4069 2902 4135 presbyter
2931 4065 3091 4119 Pater
3115 4077 3478 4132 uuueupetur,
3514 4067 3560 4122 si
3594 4066 3817 4135 presby-

2222 4145 2306 4190 ter
2347 4135 2707 4208 Hieronymus
2747 4146 2860 4204 est,
2911 4137 3000 4205 qui
3045 4138 3410 4208 Paterilidei,
3460 4148 3516 4192 et
3559 4138 3819 4194 Ecclesia:

2227 4207 2423 4262 Doctor
2458 4222 2525 4263 eo
2556 4207 2825 4275 temporis
2854 4209 3172 4263 habebatur.
3204 4207 3413 4265 Forsan
3441 4208 3496 4264 iu
3527 4224 3690 4263 causa
3720 4209 3821 4261 tnit

2223 4278 2456 4347 dignitas
2486 4279 2780 4334 cardinalis
2821 4281 3162 4350 presbyteri,
3205 4295 3370 4350 quam
3415 4281 3517 4336 etsi
3552 4281 3820 4334 Barouius

2225 4358 2406 4419 neget,
2450 4352 2752 4406 Cbaconius
2780 4352 3008 4420 speciali
3038 4355 3302 4421 opusculo
3339 4361 3563 4417 tuetur;
3604 4362 3655 4406 et
3695 4350 3821 4417 ejus

2226 4421 2590 4493 irrelragabile
2614 4424 2982 4477 testiinonium
3007 4423 3194 4478 Roma:
3221 4422 3400 4490 video,
3430 4423 3646 4493 quoties
3672 4423 3822 4493 apsi-

2225 4491 2350 4546 dem
2385 4491 2607 4563 majoris
2632 4493 2816 4548 altaris
2849 4494 3104 4550 Ecclesia:
3140 4493 3356 4550 Sanctae
3396 4491 3576 4550 Mariae
3604 4492 3824 4557 Maioris

2226 4564 2646 4636 circumspicio;
2674 4580 2796 4619 nam
2819 4581 2848 4620 a
2873 4573 3119 4634 tempore
3147 4565 3284 4621 Sixti
3311 4566 3457 4621 tertii
3487 4565 3650 4636 paulo
3676 4563 3821 4636 infe-

534 4644 732 4713 praeter
753 4635 1040 4713 antiquum
1072 4649 1279 4689 morem
1305 4634 1692 4713 Chromatiusl
1715 4641 1769 4688 et
1802 4633 2122 4688 llcliodurus
2149 4651 2203 4713 ι)
2229 4635 2391 4713 rioris
2417 4633 2590 4713 aetate
2611 4637 2973 4713 Hieronymo,
2993 4633 3214 4713 Mnsivo
3237 4651 3421 4713 _upere
3451 4633 3824 4713 vetustissimo

526 4705 788 4778 episcopi,
819 4705 1204 4778 Hieronymum
1231 4707 1630 4778 presbyterum,
1656 4705 1870 4778 Patrem
1892 4714 2121 4778 Voconi;

528 4774 582 4848 id
614 4774 758 4846 quod
789 4793 860 4832 eo
881 4774 1053 4848 magis
1081 4775 1211 4848 vitio
1234 4774 1374 4831 mu
1398 4774 1600 4840 debet,
1629 4777 1772 4846 quod
1805 4777 1878 4830 illi
1907 4775 2126 4848 nomine

529 4845 749 4904 Patrum
781 4845 994 4905 concilii
1027 4847 1444 4904 lllediolanensis
1478 4863 1538 4904 se
1567 4845 1805 4903 scribere
1831 4848 2038 4902 dicunt.
2067 4845 2127 4900 2°

461 4925 466 4930 '
530 4919 686 4984 Quod
707 4922 1056 4975 meminerint
1073 4921 1314 4988 prtedicti
1335 4920 1573 4987 concilii,
1598 4919 1906 4974 'l‘lieodosio
1929 4918 2002 4972 im
2012 4935 2126 4987 per.

532 4991 881 5061 coacti,quod
901 5000 1079 5047 tamen
1094 5005 1300 5045 merum
1323 5006 1441 5047 esse
1461 4996 1772 5060 ligmentum
1787 4991 1916 5044 satis
1936 4990 2131 5059 probat

533 5058 806 5131 silentium
841 5063 960 5130 ejus
1000 5063 1260 5131 temporis
1286 5058 1640 5130 scriptorum;
1675 5076 1834 5116 nemo
1859 5058 2126 5129 siquidem

533 5129 679 5204 illius
698 5129 961 5188 meminit.
981 5133 1040 5190 3°
1057 5129 1211 5200 Quod
1229 5129 1446 5204 agentes
1460 5136 1527 5189 de
1540 5133 2130 5204 Gri-gorioCordubrn-

535 5203 608 5269 si,
645 5204 973 5260 mentionem
996 5205 1196 5260 faciant
1228 5203 1667 5269 vespertinarum
1691 5207 1982 5258 missarum
2009 5218 2131 5273 qua:

536 5285 673 5329 teste
699 5274 1023 5345 Augustino,
1055 5277 1216 5345 epist.
1242 5276 1368 5340 118.
1401 5277 1584 5345 cap.5,
1617 5276 1733 5330 sola
1754 5275 1888 5330 feria
1917 5274 2128 5344 quinta,

537 5345 765 5415 majoris
795 5345 1144 5402 hebdomadas
1175 5349 1230 5402 in
1263 5348 1503 5404 Ecclesia
1537 5350 1732 5404 tierent
1765 5363 1778 5399 :
1819 5357 1872 5401 et
1900 5347 2044 5415 quod
2079 5351 2132 5402 in

538 5414 732 5471 diebus
753 5416 951 5485 jejunii
979 5430 1278 5487 martyrum
1303 5419 1543 5475 natalitia
1567 5418 1877 5474 celebrasse
1896 5414 2131 5482 dicatur,

538 5501 663 5542 cum
688 5495 867 5542 tamen
891 5489 1052 5558 longe
1077 5492 1238 5543 aliam
1265 5491 1428 5545 luisse
1454 5491 1710 5545 Ecclesiae
1732 5491 1849 5557 ejus
1874 5491 2133 5559 temper-is

538 5559 994 5630 consuetudinem
1029 5570 1243 5616 constet
1283 5577 1354 5616 ex
1397 5562 1633 5616 concilio
1665 5561 1974 5616 Laodiceuo
2009 5575 2133 5630 cap.

540 5631 600 5685 51
645 5629 700 5684 in
731 5631 950 5685 collect.
985 5632 1157 5700 sancti
1200 5630 1411 5686 Martini
1449 5633 1784 5697 Dutniensis,
1819 5647 1942 5700 cap.
1981 5634 2053 5688 48
2082 5629 2136 5687 ct

541 5700 633 5766 35,
663 5713 858 5770 quaest.
897 5701 950 5767 l,
985 5698 1106 5753 Non
1127 5699 1242 5754 licet
1265 5703 1316 5755 in
1345 5704 1546 5770 Quadr.
1577 5704 1634 5759 Is"
1664 5703 1818 5770 Quod
1845 5698 2135 5759 Eusebium

542 5783 734 5826 vocent
766 5770 1060 5839 Sanctum,
1094 5786 1256 5842 quem
1287 5780 1466 5830 tamen
1510 5774 1876 5846 llicronyuius
1907 5774 2137 5832 Ariano-

2235 4709 2300 4761 ad
2334 4707 2521 4762 laevam
2556 4707 2830 4778 Evangelii
2853 4708 3041 4764 visitur
3068 4709 3209 4764 idem
3237 4708 3438 4763 Doctor
3459 4717 3678 4778 sanctus
3701 4707 3826 4774 cpi-

2235 4779 2436 4846 sc0pali
2472 4780 2638 4834 infula
2677 4777 3014 4844 honestatus,
3061 4779 3440 4836 conscendens
3469 4777 3826 4840 cathedram.

2236 4858 2636 4923 coopertusque
2661 4851 2819 4905 mitra
2851 4849 3238 4923 (cardinalium
3266 4848 3828 4923 presbyterorumin-

2235 4921 2408 4990 signi)
2449 4919 2759 4977 scrinOnem
2798 4921 2866 4976 ad
2893 4931 3111 4978 sanctas
3139 4922 3360 4978 Paulam
3387 4919 3447 4977 et
3471 4919 3830 4990 Eustochium

2239 4989 2442 5048 habere
2461 5036 2473 5056 ,
2504 5010 2626 5048 cum
2655 4993 2922 5061 ejusmodi
2952 4993 3307 5060 inscriptione
3334 5010 3345 5046 ε
3376 4992 3600 5048 Sanctus
3631 4989 3832 5044 Hiero-

2239 5081 2424 5134 nymus
2471 5081 2754 5118 sermonem
2803 5063 2930 5132 facit
2973 5065 3043 5117 ad
3091 5063 3317 5119 Paulam
3363 5073 3414 5119 et
3457 5062 3828 5134 Eustochium.

2237 5133 2304 5189 Ξῖ)
2347 5135 2608 5191 Barouius
2647 5135 2918 5191 neminem
2955 5134 3111 5190 all'ert
3150 5137 3497 5204 antiquorum
3533 5133 3831 5189 concilium

2240 5207 2643 5263 lllcdiolanensc
2674 5215 2962 5275 negantem
2991 5223 3007 5262 :
3051 5222 3149 5261 nos
3186 5215 3296 5261 tres
3336 5204 3679 5277 gravissimos
3714 5204 3834 5259 Do-

2239 5289 2418 5334 ctores
2448 5279 2756 5344 attulimus;
2788 5290 2844 5332 et
2873 5277 3118 5346 quamvis
3147 5277 3182 5331 ii
3216 5277 3502 5342 deessent,
3532 5288 3834 5346 argumen-

2241 5359 2354 5404 tum
2383 5359 2568 5420 utpute
2595 5351 2901 5417 negativum
2940 5348 3075 5403 nihil
3100 5357 3294 5420 contra
3319 5348 3668 5420 affirmantem
3705 5349 3834 5416 epi-

2241 5416 2849 5476 stolam'concludcbat.
2884 5419 3035 5476 Adde
3076 5419 3301 5490 reperiri
3339 5416 3650 5490 etiamejus
3675 5424 3835 5490 tem-

2243 5493 2391 5562 poris
2420 5501 2695 5548 auctorem
2727 5493 3006 5558 Destrum,
3037 5488 3274 5558 qui'ejus
3303 5489 3555 5562 meminit
3573 5488 3833 5562 concilii,

2242 5556 2296 5620 et
2325 5563 2566 5619 historia:
2605 5556 3000 5632 epistolarum/
3027 5556 3100 5616 De
3137 5556 3382 5630 tempore
3411 5558 3620 5616 concilii
3652 5556 3836 5632 hujus

2243 5652 2370 5691 mox
2400 5628 2658 5705 agemus:
2689 5637 2752 5690 5°
2789 5628 3552 5705 Vesperiinarum'mgsarum
3583 5628 3836 5693 varium,

2247 5723 2344 5777 pro
2367 5702 2690 5762 diversitate
2716 5702 3020 5776 regionum,
3046 5703 3210 5777 fuisse
3236 5704 3288 5757 in
3322 5702 3835 5777 Ecclesianloretn,

2247 5767 2475 5851 ipsemet
2506 5767 3027 5842 Bai'oniusvl'atctur;
3054 5784 3103 5830 et
3130 5775 3312 5832 videre
3343 5784 3426 5830 est
3446 5771 3578 5845 apud
3597 5767 3846 5841 Cypria.
