3908 6266
506 320 614 380 575

1407 307 1701 368 FLAVIUS
1740 303 1992 365 LUCIUS
2028 301 2314 361 DEXTER
2350 299 2878 361 CHBONOLOGUS.
3473 302 3482 318 ‘
3688 304 3782 362 576

509 439 726 516 gendis,
756 433 999 506 etipsius
1021 426 1272 488 Antiochi
1296 423 1592 482 miserabili
1618 422 1866 516 interitu.
1893 420 2099 516 Bursus
2125 419 2184 481 Α
2205 417 2381 492 capilli
2429 418 2614 516 capitis
2658 423 2768 492 ejus
2800 418 2951 516 quasi
2994 417 3119 516 lana
3151 419 3346 474 munda
3389 435 3407 474 :
3439 420 3644 477 thronus
3683 424 3782 516 eius

509 513 632 604 cap.
665 532 720 596 9,
753 541 975 598 regnum
1006 521 1322 578 Iudaeorum
1351 516 1676 572 duraturum
1703 513 1953 586 praedixit
1982 529 2106 586 spa-

511 627 587 682 tio
617 624 687 678 69
712 615 1200 677 hebdomadarum,
1233 610 1286 666 id
1317 618 1423 675 cst,
1458 607 1572 664 lere
1596 608 1698 663 500
1728 621 2014 673 annorum,
2045 613 2107 662 ut

511 715 754 773 omittam
777 724 839 766 ea
859 723 980 779 qua:
1001 720 1123 761 cum
1151 702 1322 759 Idalio
1343 702 1412 756 de
1439 715 1625 769 regum
1654 698 1840 754 Austri
1861 707 1916 754 et
1939 697 2108 769 Aqui-

509 807 652 865 lonis
681 802 943 868 dissidiis,
973 807 1030 854 et
1051 797 1236 869 populi
1270 795 1363 850 Dei
1394 808 1566 865 usque
1599 793 1666 848 ad
1695 793 1854 849 linem
1881 794 2109 849 saeculo-

511 913 632 956 rum
653 893 938 952 eventibus
966 905 1109 946 nunc
1130 886 1501 958 exposuimus,
1533 893 1588 940 et
1617 883 1687 939 ab
1709 883 1825 955 ipso
1847 885 2108 956 pr0pheta

512 991 825 1048 referuntur
860 985 914 1041 in
951 999 1003 1040 e.
1033 969 1100 1047 x,
1134 997 1186 1036 an
1226 990 1279 1036 et
1319 995 1413 1034 xu.
1455 976 1589 1032 Cum
1634 977 1800 1048 igitur
1829 978 2106 1048 proprium

517 1081 757 1140 Danielis
779 1075 1060 1148 prophetae
1082 1073 1242 1128 fuerit
1266 1072 1333 1127 de
1361 1069 1544 1140 regnis
1575 1069 1782 1138 magnis
1812 1076 1866 1122 et
1890 1084 2111 1124 menar—

514 1179 656 1236 chiis
685 1188 870 1248 agere,
900 1185 1021 1243 qua:
1052 1183 1220 1238 usque
1241 1167 1308 1222 ad
1341 1167 1499 1220 linem
1532 1162 1718 1219 mundi
1749 1162 2110 1218 dominabun-

516 1283 606 1329 tur
633 1271 686 1326 in
727 1270 876 1338 ipso;
921 1266 1012 1337 qui
1068 1264 1182 1319 lteri
1227 1269 1426 1333 posset,
1462 1270 1516 1312 ut
1547 1272 1665 1312 eam
1706 1257 1876 1312 solam
1922 1257 2112 1313 sileret

516 1379 705 1435 regum
738 1358 1032 1430 Hispaniae,
1072 1370 1191 1426 quae
1230 1350 1492 1408 latissime
1525 1349 1766 1404 omnium
1796 1364 1894 1418 per
1923 1348 2108 1404 orbem

521 1457 713 1514 ditl’usa
743 1462 849 1519 est,
885 1467 1006 1522 qua:
1034 1447 1223 1503 orbem
1253 1445 1485 1500 alterum
1517 1441 1747 1510 subjecit
1778 1440 1922 1508 lidci,
1963 1456 2113 1510 qure-

517 1565 625 1621 que
653 1548 776 1619 plus
803 1541 1018 1600 caneris
1044 1539 1111 1596 ad
1147 1537 1412 1607 Ecclesiae
1436 1543 1805 1606 augmentum,
1837 1532 2112 1588 defensio-

521 1658 644 1700 nem
674 1650 728 1696 et
756 1631 982 1711 gloriam
1019 1641 1266 1706 spectare
1301 1628 1671 1699 conspicitur?
1706 1627 1772 1682 Et
1814 1625 1928 1681 lunc
1957 1625 2111 1681 dixe-

518 1737 644 1800 rim,
679 1746 746 1788 ne
777 1730 897 1800 quis
925 1741 1121 1782 novam
1151 1723 1546 1794 expositionem
1590 1720 1768 1776 subito
1799 1719 2109 1787 eshorreat,

2209 515 2435 583 ﬂammea
2458 512 2616 583 ignis,
2641 520 2772 567 rota:
2791 515 2904 584 ejus
2924 513 3060 584 ignis
3089 529 3334 568 accensus
3353 530 3373 571 :
3396 516 3580 586 ﬂuuius
3604 515 3783 587 igneus,

2208 605 2520 678 rapidusque
2554 606 2915 678 egrediebatur
2955 624 2988 660 a
3037 609 3168 678 facie
3194 611 3350 681 ejus;
3380 608 3545 664 millia
3583 611 3785 666 millium

2208 697 2571 752 ministrabant
2591 698 2661 765 ei,
2695 705 2743 752 et
2765 697 2937 753 decies
2965 697 3153 752 millies
3177 710 3391 753 centena
3416 701 3578 755 millia
3606 705 3792 757 assiste-

2209 788 2330 842 bant
2351 788 2416 842 ei.
2441 787 2714 842 Iudicium
2733 787 2892 851 sedit,
2921 797 2971 843 et
2995 787 3116 843 libri
3143 789 3310 860 aperti
3332 800 3474 844 sunt.
3493 791 3791 863 Aspiciebam

2211 889 2420 953 propter
2450 896 2622 934 uocem
2661 897 2954 935 sermonum
2983 881 3282 952 graudium,
3312 898 3443 953 quos
3485 899 3643 937 cornu
3672 884 3793 939 illud

2210 972 2546 1044 loquebatur;
2569 981 2619 1027 et
2655 972 2762 1026 uidi
2793 974 3040 1042 quoniam
3067 973 3343 1043 interfecta
3369 983 3502 1029 esset
3540 976 3713 1044 bestia,
3749 987 3793 1032 et

2210 1068 2424 1140 perisset
2451 1084 2642 1138 corpus
2661 1069 2795 1139 ejus,
2825 1078 2871 1122 et
2894 1068 3139 1122 traditum
3166 1079 3296 1123 esset
3315 1069 3385 1123 ad
3413 1071 3793 1124 comburendum

2210 1161 2320 1232 igni
2351 1177 2370 1216 :
2391 1161 2614 1215 aliarum
2642 1179 2842 1232 quoque
2869 1162 3150 1216 bestiarum
3191 1163 3367 1216 ablata
3406 1171 3534 1217 esset
3570 1173 3791 1232 potestas,

2211 1263 2258 1306 et
2286 1261 2516 1323 tempora
2546 1253 2662 1308 vitta
2685 1253 2968 1307 constituta
3001 1263 3174 1309 essent
3214 1254 3288 1308 eis
3335 1271 3496 1320 usque
3523 1256 3588 1307 ad
3615 1264 3793 1323 tempus

2212 1356 2260 1400 et
2290 1356 2504 1414 tempus.
2548 1346 2872 1418 Aspiciebam
2903 1363 3023 1418 ergo
3067 1348 3120 1401 in
3149 1349 3344 1400 uisione
3389 1349 3575 1414 noctis,
3613 1361 3658 1402 et
3692 1365 3792 1402 ecce

2212 1453 2328 1492 cum
2357 1438 2571 1492 nubibus
2594 1439 2708 1492 caeli
2734 1439 2881 1506 quasi
2907 1439 3048 1508 [ilius
3072 1439 3291 1492 hominis
3308 1439 3557 1505 ueniebat,
3588 1449 3634 1494 et
3653 1457 3791 1504 usque

2213 1532 2281 1586 ad
2295 1533 2571 1603 Antiquum
2589 1533 2792 1586 dierum
2823 1532 3070 1601 pervenit,
3091 1539 3136 1586 et
3165 1533 3216 1585 in
3239 1541 3514 1604 conspectu
3531 1532 3638 1602 ejus
3658 1532 3791 1586 obtu-

2211 1627 2383 1680 lerunt
2405 1643 2554 1692 eum;
2579 1635 2626 1679 et
2645 1627 2786 1680 dedit
2808 1626 2854 1680 ei
2878 1635 3202 1696 potestatem,
3224 1627 3492 1694 honorem,
3516 1634 3562 1680 et
3579 1641 3790 1698 regnum,

2215 1728 2262 1774 et
2286 1736 2460 1774 omnes
2485 1720 2689 1792 pepuli,
2724 1719 2910 1785 tribus,
2938 1731 2985 1775 et
3013 1718 3209 1792 linguae
3234 1719 3338 1792 ipsi
3366 1720 3620 1784 servient;
3666 1730 3795 1791 pote-

517 1826 615 1882 sed
629 1795 916 1895 patienter
943 1820 1115 1889 legat;
1147 1832 1268 1870 nam
1297 1828 1653 1885 quascumque
1678 1828 1708 1866 a
1728 1811 1952 1868 Daniele
1975 1826 2113 1883 prte—
2141 1795 2190 1856 Β
2218 1820 2326 1866 stas
2347 1814 2480 1884 ejus,
2509 1819 2734 1882 potestas
2755 1821 2947 1866 arterna
2975 1828 3092 1882 qua:
3115 1827 3217 1867 non
3245 1811 3592 1883 auferetur,et
3604 1829 3795 1885 regnum

517 1915 661 1972 dicta
692 1919 820 1968 sunt
857 1924 978 1978 cap.
1021 1907 1117 1962 illo
1146 1920 1220 1960 vn
1249 1904 1317 1959 de
1351 1919 1458 1974 quo
1487 1902 1719 1972 agimus,
1769 1901 1822 1956 in
1855 1902 2112 1972 Hispania

519 2005 816 2075 adimpleta
864 1999 1089 2066 videbit,
1133 2013 1253 2070 qua:
1285 2005 1465 2050 tatnen
1498 1994 1684 2048 tmllibi
1732 1995 1992 2050 hactenus
2023 2011 2114 2049 ve-

519 2096 718 2155 rilicari
769 2096 988 2150 inventa
1033 2100 1182 2156 sunt,
1233 2087 1448 2158 quando
1484 2087 1700 2157 quidem
1745 2086 2114 2158 expositiones

519 2189 754 2261 priores,
795 2185 909 2240 suis
935 2183 1096 2240 etiam
1126 2181 1440 2236 auctoribus
1470 2178 1786 2246 latentibus,
1815 2179 2115 2234 manifestis

518 2276 894 2349 repugnantiis
936 2275 1110 2346 plenae
1139 2281 1295 2328 sunt:
1338 2285 1498 2340 quam
1529 2285 1658 2324 vero
1689 2285 1786 2325 nos
1829 2270 2112 2339 amplecti-

517 2387 660 2435 mur,
687 2368 914 2426 faciliter
936 2376 990 2422 ct
1013 2365 1256 2421 suaviter
1277 2374 1472 2420 cuncta
1494 2362 1770 2418 distribuit
1787 2363 2110 2433 etexplicat.

591 2464 660 2522 Ut
732 2471 912 2517 tamen
977 2459 1227 2516 ordinate
1309 2457 1714 2529 procedamus,
1783 2458 2115 2527 prmmittere

517 2574 804 2618 necessum
852 2566 936 2612 est
981 2556 1156 2626 ipsum
1207 2552 1541 2624 prOphetica:
1586 2551 1949 2623 prwdictionis
1984 2567 2116 2606 con-

517 2662 746 2716 textum,
778 2659 834 2706 et
871 2648 1000 2720 quid
1033 2647 1152 2702 aliis
1192 2647 1366 2701 visum
1407 2645 1483 2700 sit
1513 2657 1611 2714 per
1645 2658 1764 2699 eam
1798 2642 2111 2714 signiﬁcari.

518 2745 729 2802 Etcum
751 2743 883 2800 nihil
913 2757 1108 2798 eorum
1131 2738 1432 2812 pr0phctize
1459 2737 1643 2795 verbis
1667 2735 1937 2808 quadrare
1964 2751 2115 2790 mon-

517 2839 907 2902 straverimus,
952 2834 1170 2891 demum
1220 2831 1620 2910 expositionem
1659 2837 1942 2894 nostram,
2005 2828 2115 2883 Deo

517 2931 679 2996 duce,
727 2941 1116 3000 proponemus,
1163 2935 1219 2982 et
1254 2922 1753 2996 prOpugnabimus:
1800 2920 1852 2976 in
1881 2934 2008 2992 qua,
2057 2927 2118 2975 ut

519 3037 702 3094 spero,
734 3022 867 3077 nihil
899 3021 1000 3076 erit
1028 3018 1170 3091 quod
1200 3015 1530 3088 propheticis
1561 3015 1743 3071 verbis
1779 3028 1888 3069 non
1934 3012 2116 3068 cohae-

520 3125 660 3185 reat,
697 3115 828 3171 nihil
859 3113 1078 3180 durum,
1112 3111 1244 3167 nihil
1273 3110 1540 3166 violenter
1565 3106 2054 3165 accommodatum.

826 3249 855 3321 ᾗ
892 3248 954 3304 11.
988 3246 1222 3301 Danielis
1261 3244 1544 3317 prophetia:
1573 3260 1691 3314 cap.
1724 3240 1834 3296 \‘ll.

595 3389 746 3441 Auno
801 3384 966 3454 primo
1025 3379 1325 3435 Balthassar
1364 3379 1498 3450 regis
1564 3375 1876 3468 Babylonis,
1927 3373 2116 3428 Daniel

521 3478 779 3533 somnium
805 3475 928 3528 vidit
961 3489 979 3528 :
1006 3474 1135 3526 visio
1160 3481 1332 3525 autem
1357 3471 1542 3538 capitis
1570 3465 1685 3540 ejus
1711 3469 1767 3521 in
1807 3465 1964 3522 cubili
1989 3483 2116 3533 suo;

523 3582 570 3628 et
597 3572 856 3625 somnium
879 3569 1104 3624 scribens
1131 3568 1264 3623 brevi
1284 3583 1518 3622 sermone
1545 3565 1950 3638 comprehendit,
1973 3581 2116 3618 sumo

524 3665 800 3732 matimque
846 3663 1193 3734 perstringens
1237 3662 1313 3715 ait
1346 3677 1362 3717 .'
1410 3660 1658 3715 Videbam
1698 3660 1751 3713 in
1790 3660 1984 3714 uisione
2007 3675 2120 3712 mea

523 3768 690 3823 nocte,
723 3766 774 3810 et
812 3771 926 3810 ecce
965 3763 1184 3824 quatuor
1225 3753 1358 3806 uenti
1399 3752 1511 3806 τίειὶ
1552 3751 1855 3824 pugnabant
1897 3751 1949 3804 in
1990 3750 2122 3804 mari

522 3865 729 3920 magno,
754 3857 802 3902 et
819 3857 1044 3919 quatuor
1065 3846 1242 3901 bestia:
1261 3846 1482 3919 grandes
1504 3844 1877 3899 descendebant
1904 3843 1969 3898 de
1991 3845 2121 3898 mari

523 3944 740 3997 diversi:
778 3943 912 3996 inter
942 3956 1015 3995 se.
1049 3937 1232 3994 Prima
1259 3939 1408 4006 quasi
1438 3939 1623 4006 tewna,
1674 3946 1722 3993 et
1760 3935 1873 3990 alas
1903 3935 2122 3990 habebat

523 4037 732 4106 aquilte.
765 4034 1087 4103 Aspiciebam
1117 4034 1280 4087 donec
1309 4032 1495 4088 eratsic
1515 4041 1632 4086 sunt
1659 4030 1760 4086 ala:
1785 4034 1921 4104 ejus,
1953 4041 1997 4085 et
2028 4048 2118 4085 su—

525 4127 664 4180 blata
692 4135 766 4180 est
793 4126 857 4178 de
882 4134 1038 4193 terra,
1066 4134 1113 4178 et
1150 4139 1306 4194 super
1332 4125 1484 4194 pedes
1512 4123 1662 4193 quasi
1699 4121 1852 4176 homo
1879 4121 2040 4186 stetit,
2073 4129 2124 4174 et

524 4233 614 4270 cor
653 4216 874 4269 hominis
923 4219 1103 4270 datum
1148 4224 1219 4269 est
1249 4215 1320 4269 ei.
1353 4212 1422 4268 Et
1463 4231 1574 4269 ecce
1599 4213 1759 4268 bestia
1793 4214 1899 4267 alia
1941 4212 2124 4266 similis

527 4324 646 4362 urso
674 4309 724 4362 in
752 4318 897 4380 parte
923 4310 1084 4374 stetit,
1112 4317 1158 4362 et
1183 4318 1283 4362 tres
1313 4309 1519 4362 ordines
1543 4316 1689 4362 erant
1720 4309 1770 4361 in
1800 4323 1888 4362 ore
1910 4309 2045 4378 ejus,
2077 4314 2123 4360 et

525 4401 578 4454 in
604 4400 862 4466 dentibus,
891 4411 940 4454 et
961 4402 1034 4454 sic
1061 4401 1302 4453 dicebant
1331 4400 1378 4452 ei
1419 4415 1438 4456 :
1478 4397 1672 4470 Surge,
1704 4380 1912 4454 comede
1941 4415 2124 4454 carnes

526 4491 799 4561 plurimas.
830 4489 956 4544 Post
985 4491 1094 4544 Iure
1121 4489 1453 4562 aspiciebam,
1482 4499 1530 4544 et
1560 4505 1671 4544 ecce
1698 4491 1805 4544 alia
1825 4493 1974 4560 quasi
2004 4508 2125 4560 par-

525 4587 644 4651 dus,
686 4594 732 4639 et
773 4583 888 4638 alas
917 4584 1132 4640 habebat
1158 4586 1304 4655 quasi
1345 4587 1472 4649 auis,
1499 4594 1722 4656 quatuor
1761 4601 1916 4656 super
1948 4602 2025 4654 se,
2072 4597 2120 4642 et
2151 4563 2202 4624 D

523 4688 746 4748 quatuor
771 4678 943 4749 capita
971 4687 1117 4732 erant
1146 4679 1197 4732 iu
1231 4679 1420 4747 bestia,
1451 4691 1498 4734 et
1525 4688 1748 4752 potestas
1779 4680 1901 4734 data
1939 4692 2012 4735 est
2049 4684 2118 4740 ei.

528 4769 657 4825 Post
694 4771 803 4825 [nec
842 4771 1152 4840 aspiciebam
1193 4774 1246 4828 in
1285 4775 1476 4828 visione
1517 4774 1699 4839 noctis,
1733 4787 1779 4828 et
1810 4791 1924 4829 ecce
1965 4775 2123 4830 bestia

526 4878 711 4939 quarta
753 4870 996 4923 terribilis
1021 4883 1174 4938 atque
1194 4871 1468 4938 mirabilis,
1494 4883 1543 4926 et
1567 4874 1718 4944 [ortis
1743 4874 1916 4940 nimis,
1947 4875 2124 4930 dentes

464 4969 486 5025 .’
551 4981 720 5020 erreos
760 4966 976 5021 habebat
1009 4985 1241 5040 magnos,
1275 4969 1542 5023 comedens
1572 4980 1724 5040 atque
1748 4973 2122 5041 comminuens,

524 5066 572 5110 et
614 5057 812 5124 reliqua
854 5059 1063 5126 pedibus
1111 5061 1220 5113 suis
1253 5060 1563 5113 conculcans
1601 5076 1620 5115 :
1649 5061 1916 5115 dissimilis
1954 5073 2126 5116 autem

527 5159 634 5202 erat
663 5150 859 5202 ueteris
888 5150 1060 5204 bestiis
1087 5168 1215 5221 quas
1242 5152 1470 5206 uiderant
1501 5161 1622 5206 ante
1650 5171 1780 5217 eam,
1813 5163 1862 5208 et
1909 5155 2128 5227 habebat

529 5260 720 5296 cornua
767 5242 962 5294 decem.
1002 5244 1406 5299 Considerabam
1455 5263 1674 5312 cornua,
1723 5257 1771 5302 et
1820 5265 1932 5303 ecce
1966 5266 2128 5305 cornu

531 5333 676 5387 aliud
702 5336 975 5407 parentum
1005 5346 1172 5390 ortum
1201 5349 1276 5392 est
1304 5343 1367 5393 de
1393 5341 1562 5394 medio
1601 5356 1798 5406 coruus,
1846 5351 1894 5395 et
1923 5342 2024 5395 tria
2066 5344 2131 5397 de

530 5427 774 5480 cornibus
800 5426 979 5498 primis
1007 5428 1182 5482 euulsa
1213 5440 1330 5484 sunt
1360 5448 1391 5484 a
1421 5432 1553 5503 facie
1581 5432 1724 5502 eius;
1764 5441 1812 5487 et
1855 5448 1970 5487 eccs
1995 5433 2132 5488 oculi

529 5521 680 5589 quasi
719 5519 856 5574 oculi
885 5517 1110 5576 hominis
1137 5532 1278 5578 erant
1316 5523 1369 5578 in
1406 5539 1588 5593 cornu,
1620 5536 1668 5582 et
1696 5541 1753 5580 os
1789 5523 2003 5597 loquens
2047 5526 2132 5582 in-

535 5616 708 5686 gentia

602 5708 924 5778 Aspiciebam
955 5708 1116 5763 donec
1137 5711 1310 5768 throni
1335 5716 1491 5787 positi
1516 5725 1656 5782 sunt,
1679 5725 1727 5772 et
1754 5716 2004 5785 Antiquus
2029 5715 2138 5773 die.

2217 1906 2330 1975 eius
2355 1902 2495 1975 quod
2521 1919 2625 1958 non
2653 1914 3030 1975 corrumpetur.

2289 1994 2509 2050 Horruit
2541 1995 2754 2067 spiritus
2782 2012 2927 2050 meus
2957 2013 2975 2051 :
3001 2013 3094 2070 ego
3139 1995 3330 2052 Daniel
3369 1997 3582 2052 territus
3619 2014 3724 2052 sum
3750 1998 3792 2052 in

2216 2086 2320 2154 his,
2353 2097 2402 2142 et
2431 2088 2647 2143 uisiones
2678 2089 2862 2160 capitis
2894 2090 2992 2145 mei
3023 2089 3586 2148 conturbauerunt-me.
3616 2093 3795 2146 Accessi

2215 2179 2286 2233 ad
2313 2196 2470 2234 unum
2495 2179 2558 2233 de
2583 2181 2961 2248 assistentibus,
2988 2190 3036 2236 et
3060 2183 3328 2236 ueritatem
3355 2183 3647 2254 quaerebam
3672 2183 3795 2237 abeo

2216 2270 2282 2324 de
2305 2270 2540 2325 cautibus
2572 2271 2674 2325 his.
2723 2270 2824 2336 Qui
2865 2271 2996 2326 dixit
3035 2273 3162 2326 mihi
3206 2274 3674 2342 interpretationem
3705 2291 3796 2329 ser-

2217 2380 2448 2428 monum,
2501 2374 2548 2418 et
2595 2366 2772 2419 docuit
2823 2381 2902 2420 me
2935 2381 2954 2424 :
3000 2365 3109 2421 Hee‘
3140 2377 3362 2437 quatuor
3393 2368 3566 2424 bestia:
3599 2385 3793 2442 magna,

2216 2464 2438 2526 quatuor
2480 2466 2600 2510 sunt
2643 2473 2824 2529 regna,
2857 2474 2974 2530 qua:
3012 2470 3323 2531 consurgent
3360 2461 3424 2514 de
3457 2469 3611 2516 terra.
3640 2462 3797 2517 Susci-

2217 2548 2358 2618 pient
2379 2557 2551 2602 autem
2579 2565 2795 2619 regnum
2823 2551 2990 2604 sancti
3023 2549 3118 2605 Dei
3146 2550 3412 2620 altissimi,
3441 2562 3490 2608 et
3530 2553 3792 2607 obtinebunt

2217 2656 2432 2712 regnum
2450 2658 2610 2714 usque
2640 2645 2693 2696 in
2724 2643 2974 2698 sarculum
2996 2653 3049 2700 et
3072 2643 3319 2699 sreeulum
3349 2645 3671 2701 surculorum.

2250 2760 2266 2770 -ν
2291 2731 2421 2786 Post
2467 2733 2566 2788 hoc
2590 2734 2728 2788 colui
2767 2735 3043 2805 diligenter
3080 2737 3281 2792 discere
3317 2737 3381 2791 de
3415 2739 3574 2792 bestia
3611 2748 3792 2809 quarta,

2217 2840 2334 2896 qua:
2361 2834 2470 2880 erat
2508 2826 2776 2880 dissimilis
2802 2828 2949 2882 valde
2985 2826 3049 2882 ab
3089 2829 3351 2897 omnibus,
3383 2839 3433 2886 et
3460 2829 3696 2885 terribilis
3729 2831 3797 2882 ni-

2219 2919 2340 2986 mis,
2367 2917 2544 2972 dentes
2568 2927 2614 2973 et
2645 2935 2839 2992 ungues
2864 2923 2978 2992 ejus
3005 2922 3192 2993 ferrei:
3217 2921 3510 2976 comedebat
3531 2933 3580 2977 et
3607 2924 3793 2978 commi-

2220 3010 2428 3074 nuebat,
2470 3018 2518 3064 et
2568 3011 2766 3080 reliqua
2815 3011 3029 3082 pedibus
3082 3013 3190 3066 suis
3240 3014 3607 3083 conculcabat,
3652 3025 3700 3069 et
3739 3016 3796 3067 de

2221 3103 2469 3158 cornibus
2497 3103 2670 3158 decem
2694 3119 2809 3174 qua:
2835 3105 3049 3159 habebat
3081 3107 3130 3159 in
3158 3107 3347 3176 capite,
3373 3118 3420 3161 et
3451 3108 3515 3163 de
3543 3108 3644 3162 alio
3679 3107 3797 3176 quod

2220 3202 2392 3249 ortum
2425 3196 2616 3268 fuerat,
2654 3204 2774 3250 ante
2797 3195 2939 3267 quod
2962 3197 3250 3252 ceciderant
3282 3199 3384 3253 tria
3425 3215 3658 3266 cornua;
3681 3199 3797 3253 etde

2218 3304 2378 3344 cornu
2409 3289 2501 3343 illo
2526 3289 2663 3359 quod
2693 3289 2909 3344 habebat
2949 3290 3148 3358 oculos,
3181 3300 3229 3344 et
3259 3310 3315 3347 os
3343 3293 3551 3364 loquens
3583 3295 3795 3367 grandia,

2219 3390 2266 3436 et
2293 3384 2463 3454 majus
2494 3390 2604 3435 erat
2633 3384 2853 3438 ueteris.
2889 3384 3209 3454 Aspiciebam
3235 3427 3251 3453 ,
3283 3395 3331 3440 et
3372 3402 3486 3441 ecce
3510 3403 3662 3441 cornu
3687 3386 3798 3439 illud

2221 3473 2444 3544 faciebat
2493 3473 2681 3528 bellum
2730 3475 2977 3531 adversus
3019 3485 3246 3545 sanctos,
3286 3486 3333 3531 et
3381 3478 3796 3549 praevalebateis,

2220 3566 2381 3620 donec
2409 3568 2544 3621 venit
2573 3567 2830 3638 Antiquus
2861 3569 3088 3636 dierum,
3115 3580 3162 3624 ct
3186 3571 3451 3643 judicium
3474 3572 3614 3625 dedit
3634 3571 3797 3625 sanctis

2222 3659 2472 3724 Excetsi,
2503 3668 2552 3714 et
2599 3670 2799 3732 tempus
2844 3661 3050 3717 advenit
3079 3705 3094 3730 ,
3144 3673 3191 3717 et
3231 3680 3448 3734 regnum
3501 3663 3798 3718 obtinuerunt

2221 3752 2407 3806 sancti.
2443 3750 2508 3806 Et
2531 3753 2604 3806 sic
2627 3753 2738 3808 ait:
2755 3751 2927 3808 Bestia
2949 3763 3132 3822 quarta
3161 3773 3375 3828 regnum
3394 3768 3632 3828 quartum
3650 3757 3732 3811 erit
3756 3756 3798 3807 in

2223 3851 2383 3909 terra,
2428 3844 2565 3914 quod
2613 3851 2787 3917 majus
2835 3847 2930 3900 erit
2960 3847 3197 3902 omnibus
3237 3850 3426 3920 regnis,
3477 3860 3530 3904 et
3571 3848 3798 3904 derorabit

2223 3936 2518 3990 uniuersam
2549 3945 2761 4001 terram,
2793 3947 2840 3992 et
2884 3938 3230 4006 conculcabit,
3278 3950 3325 3995 et
3352 3943 3659 3996 comminuet
3690 3956 3796 3994 eam.

2225 4024 2395 4081 Porro
2433 4041 2631 4080 cornua
2662 4027 2836 4082 decem
2866 4029 3033 4099 ipsius
3075 4032 3240 4103 regni,
3274 4032 3448 4085 decem
3486 4049 3627 4106 reges
3655 4041 3798 4095 erunt,

2225 4125 2272 4168 et
2303 4115 2440 4168 alius
2465 4126 2741 4186 consurget
2761 4127 2876 4188 post
2901 4135 3020 4185 eos,
3042 4129 3089 4173 et
3111 4121 3223 4188 ipse
3251 4125 3509 4194 potentior
3528 4126 3623 4178 erit
3642 4123 3802 4196 priori-

2225 4207 2341 4272 bus,
2370 4215 2418 4261 et
2438 4217 2540 4263 tres
2571 4223 2716 4282 reges
2745 4212 3059 4280 humiliabit,
3086 4225 3133 4269 et
3154 4231 3415 4270 sermones
3445 4227 3619 4272 contra
3647 4214 3802 4271 Excel-

2225 4319 2338 4359 sum
2366 4302 2620 4372 loquetur,
2654 4295 2933 4360 et'sanctos
2961 4306 3214 4361 Altissimi
3243 4318 3506 4376 conteret,
3539 4322 3584 4364 et
3613 4309 3799 4381 putabit,

2226 4394 2365 4463 quod
2405 4395 2566 4462 possit
2601 4404 2803 4452 mutare
2829 4406 3080 4469 tempora,
3109 4408 3157 4452 et
3197 4399 3365 4470 leges;
3404 4412 3455 4455 et
3496 4403 3740 4456 tradentur
3760 4400 3800 4453 in

2230 4504 2383 4542 manu
2421 4489 2533 4560 ejus
2561 4505 2724 4560 usque
2759 4489 2828 4542 ad
2863 4499 3082 4562 tempus,
3110 4501 3159 4544 et
3194 4502 3453 4560 tempora,
3485 4504 3534 4548 et
3562 4493 3799 4547 dimidium

2228 4581 2470 4649 temporis
2500 4597 2516 4634 :
2541 4589 2588 4635 et
2617 4581 2878 4654 judicium
2908 4583 3102 4637 sedebit
3131 4594 3187 4639 ut
3213 4585 3486 4654 auferatur
3511 4587 3740 4650 potentia,
3767 4590 3801 4634 et

2229 4681 2548 4738 conteratur,
2577 4681 2625 4728 et
2646 4674 2900 4744 dispereat
2926 4691 3088 4745 usque
3114 4675 3167 4730 in
3187 4675 3345 4745 ﬁnem
3377 4692 3394 4730 :
3425 4692 3641 4750 regnum
3665 4684 3800 4729 autem

2231 4774 2278 4818 et
2317 4774 2562 4838 potestas,
2607 4776 2655 4821 et
2694 4769 3000 4839 magnitudo
3034 4771 3180 4838 regni
3219 4785 3339 4840 qua:
3363 4780 3440 4824 est
3482 4771 3650 4825 subter
3685 4782 3803 4822 omne

2231 4861 2412 4915 ctelum
2427 4861 2576 4914 detur
2599 4861 2789 4930 papula
2809 4869 3107 4916 sanctorum
3132 4862 3408 4931 Altissimi,
3432 4868 3581 4935 cujus
3600 4876 3802 4934 regnum,

2232 4968 2446 5021 regnum
2477 4954 2846 5024 sempiternum
2871 4963 2965 5012 est.
2996 4963 3046 5009 et
3085 4970 3262 5010 omnes
3287 4973 3428 5028 reges
3455 4957 3664 5010 servient
3688 4956 3745 5015 ei.
3768 4959 3803 5002 ct

2232 5046 2489 5100 obedient.
2528 5043 2810 5116 [lucusque
2851 5046 2975 5114 [inis
3019 5047 3180 5102 verbi.
3235 5047 3347 5118 Ego
3397 5047 3587 5102 Daniel
3623 5046 3801 5099 multum

2233 5138 2625 5210 cogitationibus
2655 5139 2778 5192 meis
2807 5139 3186 5207 conturbabar,
3229 5149 3278 5194 et
3309 5141 3468 5209 [acies
3497 5156 3608 5193 mea
3646 5145 3801 5192 mutata

2234 5244 2308 5286 est
2336 5233 2386 5285 in
2417 5248 2496 5285 me
2521 5248 2538 5285 :
2569 5231 2775 5286 uerbum
2805 5241 2976 5286 autem
3004 5233 3055 5286 in
3087 5232 3244 5287 corde
3272 5249 3384 5288 meo
3409 5233 3713 5287 conseruari.

2237 5345 2266 5416 §
2303 5345 2392 5401 111.
2438 5347 2648 5420 Quatin
2693 5347 3280 5420 uulgataieticommuni
3316 5351 3638 5420 expositione
3663 5347 3792 5417 hujus

2349 5417 2669 5488 prophetiae,
2710 5420 2874 5474 verbis
2907 5419 3072 5491 ipsius
3112 5417 3402 5491 repugnare
3439 5421 3718 5474 uideantur.

2309 5531 2439 5588 Tria
2467 5533 2736 5603 pra-cipue
2762 5533 2936 5603 capita
2959 5533 3244 5605 prophetia
3271 5534 3540 5604 ejusmodi
3563 5532 3790 5590 continet.

2241 5623 2496 5680 videlicet
2532 5634 2762 5694 quatuor
2791 5625 3106 5680 animalium
3136 5667 3150 5686 ,
3181 5641 3279 5681 seu
3321 5641 3610 5692 regnorum
3657 5622 3792 5676 histo-

2242 5718 2376 5778 riam
2412 5733 2426 5776 :
2462 5717 2725 5791 judicium
2771 5718 3093 5776 solemnitcr
3118 5719 3456 5776 celebratum
3486 5733 3515 5773 a
3550 5718 3677 5781 Deo;
3713 5721 3796 5765 tra.

533 5809 655 5858 rum
679 5801 811 5860 sedit
841 5818 861 5861 .'
905 5804 1259 5864 uestimentum
1297 5812 1411 5882 ejus
1455 5812 1736 5868 candidum
1763 5811 1914 5886 quasi
1943 5815 2055 5880 nia,
2095 5818 2144 5870 et
2244 5809 2508 5872 ditionem
2535 5807 2770 5886 denique
2797 5811 2952 5887 regal
2975 5808 3245 5888 perpetui,
3275 5819 3330 5870 et
3360 5808 3481 5871 sine
3509 5807 3611 5868 line
3628 5799 3795 5882 populo
