3908 6268
129 201 219 255 577

570 191 1104 251 APPENDIX.—1N
1144 188 1585 249 l'ROPllETlAbl
1628 187 1944 246 DANlb‘LlS
1979 188 2069 245 DE
2106 188 2440 260 QUATUOR
2478 188 2925 249 ANIMALlBUS.

3280 191 3392 249 578

125 323 411 370 sanctorum
445 309 577 381 ejus.
611 310 742 365 Mira
782 309 1046 366 hactenus
1071 307 1361 365 consensio
1386 307 1441 362 in
1473 305 1690 376 exposi-
1715 312 1760 368 Α
1791 306 1906 363 Iloc
1930 323 2067 365 vero
2089 306 2157 364 de
2184 307 2515 364 monarchiis
2541 318 2786 380 tempore
2813 307 3114 380 prapltetia:
3139 308 3244 364 dici
3276 325 3383 365 non

125 410 251 462 tione
276 419 460 458 eorum
486 404 628 458 inter
658 418 849 458 omnes
888 401 1125 463 Danielis
1165 400 1530 457 elucidatores
1560 398 1677 454 fuit.

124 498 419 555 Stravcrunt
451 497 592 550 viam
621 495 836 552 exteris
865 494 1192 550 vetustiores
1226 494 1436 557 Patres,
1466 508 1605 562 quos
1628 492 1681 546 in

125 591 320 661 prologo
385 588 627 644 Danielis
672 604 795 643 cum
852 587 1085 643 Eusebio
1145 584 1464 643 Cmsariensi
1518 584 1685 640 refert

123 692 315 738 sanctus
335 680 723 752 Hieronymus,
744 679 1143 743 Theodoretus,
1167 678 1334 743 Beda,
1363 677 1635 748 Rupertus
1665 694 1680 732 :

124 773 373 843 secutique
416 782 545 828 sunt
591 786 783 828 eorum
827 770 1057 842 vestigia
1106 770 1361 826 Albertus
1414 769 1636 839 Magnus
1664 812 1680 837 ,

124 867 252 936 llugo
290 865 572 928 Carensis,
626 863 911 935 Lyranus,
962 873 1017 919 et
1075 863 1407 918 recentiores
1453 876 1679 931 omnes,

124 959 299 1015 Hector
322 957 531 1024 Pintus,
560 956 801 1025 Pereira,
830 954 1120 1011 Cornelius
1146 956 1214 1011 de
1237 954 1460 1025 Lapide,
1491 964 1544 1009 et
1566 954 1679 1009 alii.

124 1051 171 1105 la
202 1066 260 1106 eo
296 1049 456 1121 igitur
486 1047 861 1113 conveniunt,
912 1058 970 1102 ut
1017 1056 1267 1102 asserant
1313 1055 1542 1116 quatuor
1589 1044 1682 1100 illa

123 1142 342 1198 animalia
372 1139 784 1211 bieroglypbice
810 1138 1163 1195 adumbrasse
1201 1148 1434 1209 quatuor
1465 1137 1684 1191 notissi-

124 1253 216 1295 mas
239 1235 599 1305 monarchias,
632 1237 1004 1308 Assyriorum,
1036 1236 1344 1303 Persarum,
1371 1236 1683 1291 Grzecorum

125 1341 169 1387 et
203 1332 555 1390 Romanorum
581 1371 598 1398 ,
645 1331 843 1402 quibus
890 1330 1105 1387 tandem
1144 1330 1213 1385 de
1244 1330 1426 1385 medio
1455 1330 1686 1386 sublatis

122 1422 398 1481 universale
442 1425 666 1494 generis
716 1422 935 1478 humani
982 1422 1244 1491 judicium
1297 1421 1683 1478 celebrandum

123 1528 208 1587 est,
238 1527 289 1574 et
327 1532 553 1589 regnum
587 1525 853 1572 :etcrnum
896 1516 1099 1571 sanctis
1125 1524 1180 1570 et
1223 1514 1417 1571 electis
1469 1513 1685 1568 traden-

120 1613 246 1668 dum.
281 1611 430 1669 Unde
460 1621 515 1667 et
544 1626 714 1666 cornu
756 1610 889 1666 illud
933 1610 1179 1665 ultimum
1211 1619 1422 1680 qnarta:
1452 1609 1641 1665 bestia:
1669 1650 1686 1677 ,

1787 400 1995 470 potuit,
2045 400 2483 472 quandoquidem
2535 401 2860 473 Babylonica
2887 444 2902 466 ,
2947 417 3045 458 seu
3090 400 3383 457 Chaldaica

1786 506 1893 546 non
1924 492 2100 547 solum
2137 493 2248 562 jam
2281 504 2397 547 orta
2428 534 2442 557 ,
2491 493 2585 549 sed
2629 509 2765 563 pene
2814 502 3024 549 mortua
3056 503 3170 548 erat
3196 533 3212 558 ,
3262 507 3383 548 cum

1788 584 1928 638 visio
1969 584 2083 641 hare
2112 596 2332 641 05tensa
2381 586 2591 641 dicatur
2640 602 2786 641 anno
2832 588 2855 641 1
2900 586 3213 641 Balthassar
3244 586 3387 655 regis

1787 677 2115 750 Babylonis,
2149 679 2200 733 in
2247 694 2353 749 quo
2386 679 2642 749 przedicta
2684 681 2999 734 monarchia
3040 678 3265 743 defecit;
3300 676 3387 732 vel

1788 770 1905 840 ipso
1929 770 2149 827 Daniele
2176 779 2320 827 teste
2343 786 2465 843 cap.
2492 788 2543 825 ν.
2569 771 2777 827 Deinde
2804 772 3053 827 animalia
3087 772 3203 827 hac
3222 771 3387 826 simul

1787 877 1853 918 ex
1903 863 2038 918 mari
2069 872 2353 919 vcntorum
2392 864 2610 919 ﬂatibus
2645 866 2847 936 agitato
2886 875 3010 920 orta
3039 878 3186 921 sunt.
3224 866 3383 921 Vide-

1789 954 1928 1021 bam,
1963 954 2158 1025 inquit,
2187 955 2241 1009 in
2264 956 2461 1009 visione
2484 973 2631 1023 mea;
2653 967 2699 1011 et
2730 974 2845 1012 ecce
2869 968 3092 1025 quatuor
3118 960 3251 1014 renti
3274 959 3394 1014 cteli

1788 1050 2089 1119 pugnabant
2116 1052 2167 1103 in
2200 1050 2331 1103 ntari
2363 1067 2551 1121 magno
2574 1092 2590 1116 ,
2636 1060 2683 1104 et
2722 1062 2945 1121 quatuor
2965 1053 3143 1108 bestia:
3166 1053 3388 1125 grandes

1786 1142 2131 1197 ascendebant
2160 1144 2225 1197 de
2253 1144 2384 1197 mari
2413 1145 2630 1199 diversa:
2657 1145 2789 1199 inter
2811 1160 2885 1199 se.
2911 1144 3237 1200 Monarchiae
3257 1160 3390 1201 vero

1787 1234 1897 1290 illa:
1937 1251 2043 1292 non
2089 1237 2249 1292 simul
2279 1247 2413 1292 ortm
2443 1247 2603 1304 sunt,
2635 1238 2730 1294 sed
2759 1240 3067 1295 successive
3096 1255 3193 1310 per
3218 1239 3386 1295 multa

1788 1345 2054 1387 annorum
2093 1331 2399 1399 curricula;
2456 1342 2641 1403 utpote
2669 1348 2699 1389 e
2727 1334 2923 1404 quibus
2969 1334 3242 1403 posterior
3268 1342 3390 1389 orta

1788 1436 2010 1493 semper
2030 1422 2195 1479 fuerit
2230 1424 2283 1478 in
2312 1424 2590 1481 interitum
2624 1426 2820 1495 prioris
2851 1442 2865 1479 :
2901 1440 3022 1479 nam
3052 1426 3236 1482 Perszc
3259 1425 3391 1480 sub-

1784 1516 2043 1587 jugarunt
2084 1519 2341 1590 Assyrios
2364 1564 2378 1587 ,
2411 1534 2507 1574 seu
2536 1520 2857 1585 Chaldaeos;
2907 1519 3102 1575 Persas
3131 1530 3255 1591 post
3282 1519 3389 1575 2'50

1789 1609 2005 1679 imperii
2040 1625 2214 1665 annos
2239 1612 2465 1666 Grmcus
2495 1612 2695 1667 delevit
2722 1613 2995 1668 exercitus
3020 1613 3121 1668 sub
3154 1613 3389 1667 Alexan-

121 1706 279 1760 voluut
300 1704 409 1759 fore
429 1704 1053 1773 Antichristum,utpote
1082 1704 1168 1758 cui
1200 1702 1328 1757 illud
1358 1702 1678 1757 conveniat:
1714 1697 1762 1757 Β
1788 1702 1889 1758 dro
1926 1721 1940 1757 :
1968 1704 2127 1773 cujus
2168 1705 2487 1759 monarchia
2520 1704 2573 1759 in
2606 1704 2723 1775 ejus
2762 1714 2937 1760 morte
2983 1705 3161 1761 divisa
3208 1714 3291 1761 est
3334 1706 3388 1762 in

124 1797 362 1853 Sermones
387 1806 573 1853 contra
603 1795 883 1850 Eacelsum
927 1797 1184 1867 loquetur,
1218 1806 1266 1849 et
1291 1805 1496 1849 sanctos
1526 1795 1687 1848 Altis-

120 1890 220 1943 sinu'
250 1899 497 1956 conteret;
528 1898 584 1944 et
612 1889 745 1943 illud
777 1904 791 1943 :
831 1888 949 1942 Vidi
976 1889 1216 1958 quoniam
1254 1890 1526 1959 interfecta
1554 1896 1684 1941 esset

122 1981 292 2048 bestia,
321 1991 367 2035 et
412 1983 629 2050 perisset
669 1997 861 2051 corpus
900 1983 1047 2051 ejus,
1084 1990 1131 2034 et
1164 1981 1414 2034 traditum
1444 1989 1576 2034 esset
1611 1980 1682 2032 ad

122 2076 489 2130 comburendum
521 2075 673 2146 igni;
705 2083 834 2130 tunc
865 2074 1163 2142 prmsertim
1192 2073 1413 2145 quando
1439 2090 1558 2126 cum
1587 2090 1684 2126 nu-

121 2168 242 2222 bibus
269 2167 370 2223 cmli
402 2167 581 2223 Filius
604 2166 825 2221 hominis
864 2167 1135 2230 ueniebat;
1164 2176 1219 2222 et
1253 2166 1471 2237 quando
1509 2166 1686 2219 throni

124 2263 256 2328 positi
282 2272 417 2327 sunt,
450 2272 496 2316 et
521 2263 778 2331 Autiquus
802 2260 1002 2314 dierum
1030 2260 1193 2325 sedit;
1221 2269 1275 2314 et
1294 2258 1511 2329 quando
1530 2257 1684 2331 judi-

123 2355 237 2406 cium
261 2354 405 2421 sedit,
436 2363 483 2408 et
513 2354 634 2407 libri
657 2354 994 2421 aperti'sunt.
1025 2351 1138 2408 Soli
1167 2351 1397 2407 Rabbini
1421 2352 1684 2407 hactenus

121 2445 175 2500 ab
198 2445 272 2499 his
289 2445 680 2511 dissenserunt,
708 2446 799 2515 qui
826 2454 1044 2500 sanctos
1069 2445 1192 2499 illos
1212 2444 1407 2515 quibus
1430 2460 1679 2513 regnum,

116 2539 273 2609 pecisa
303 2539 497 2608 bestia,
529 2539 712 2593 datum
740 2548 844 2602 est,
866 2537 1062 2592 volunt
1101 2537 1268 2593 fuisse
1296 2537 1635 2593 Machahzuos
1664 2581 1680 2606 ,

120 2639 163 2709 ct
196 2630 431 2685 ultimum
476 2645 662 2701 regem
695 2630 747 2684 in
793 2629 947 2699 ipsos
986 2632 1422 2700 persecutionem
1457 2645 1682 2686 moven-

125 2731 233 2788 tem,
263 2740 356 2793 per
378 2740 549 2779 cornu
593 2723 953 2794 significatum
981 2766 996 2791 ,
1032 2725 1382 2780 Antiochum.
1410 2724 1682 2779 Caeterum

119 2814 390 2871 Antiochus
416 2831 527 2871 non
581 2816 680 2870 fuit
710 2816 1030 2872 undecimus
1055 2818 1136 2869 sui
1182 2816 1511 2885 principatus
1540 2832 1632 2871 rex
1667 2856 1683 2883 ,

120 2916 165 2958 ut
192 2909 484 2976 oportebat,
516 2908 561 2963 si
589 2922 686 2978 per
708 2922 879 2963 cornu
908 2907 1042 2963 illud
1066 2907 1380 2962 adumbrari
1407 2907 1642 2963 debebat
1671 2925 1685 2962 :

118 3008 161 3052 et
180 2999 300 3054 nihil
328 3001 394 3074 de
418 3001 636 3056 caneris
658 3000 1060 3056 accommodari
1088 2984 1397 3070 opportune
1426 3009 1605 3068 potest
1631 2999 1683 3054 in

1794 1796 1892 1851 tria
1926 1813 2090 1868 regna
2122 1840 2137 1863 ,
2171 1796 2478 1868 Syriacum,
2530 1798 2910 1854 Macedonium
2942 1807 2996 1855 et
3026 1798 3340 1872 Egyptium
3374 1817 3388 1854 :

1788 1888 1877 1944 his
1905 1892 2221 1960 superiores
2246 1889 2423 1946 elfecti
2470 1890 2699 1945 Romani
2750 1892 3118 1946 monarchiam
3149 1900 3388 1947 erectam

1789 2000 1886 2056 per
1912 1985 2019 2041 500
2044 2001 2217 2041 annos
2238 2001 2267 2040 a
2290 1984 2530 2041 secundo
2553 1985 2698 2040 bello
2724 1985 2928 2040 Punico
2956 2001 3124 2057 usque
3149 1984 3215 2041 ad
3240 1986 3391 2041 urhis

1788 2080 2125 2135 eversionem
2166 2094 2262 2149 per
2287 2078 2560 2135 Alaricum
2603 2079 2705 2134 sub
2740 2094 2881 2134 anno
2925 2079 3112 2134 Roma:
3154 2078 3391 2135 conditas

1791 2172 1965 2240 H65,
1994 2183 2412 2227 conservarunt.

1861 2265 2070 2320 Rursus
2100 2264 2153 2319 in
2202 2262 2567 2335 applicatione
2598 2264 2836 2334 cujusvis
2868 2264 3057 2319 bestia!
3083 2263 3148 2319 ad
3181 2271 3386 2319 certam

1789 2357 2160 2412 monarchiam
2187 2399 2202 2423 ,
2254 2370 2410 2411 nova:
2450 2357 2703 2410 oriuntur
2729 2355 3129 2425 ambiguitates.
3186 2355 3260 2410 De
3295 2370 3387 2409 se-

1788 2450 1963 2504 Cunda
1990 2450 2160 2505 bestia
2184 2448 2402 2513 dicitur,
2425 2449 2569 2519 quod
2596 2458 2704 2503 tres
2725 2448 2943 2503 ordines
2965 2448 3207 2503 dentium
3232 2457 3391 2504 erant

1790 2542 1843 2596 in
1871 2556 1969 2598 ore
1999 2543 2133 2612 ejus,
2172 2542 2277 2596 hoc
2306 2551 2485 2597 autem
2535 2541 2717 2609 potius
2746 2541 3121 2596 verilicarclur
3146 2540 3198 2595 in
3234 2542 3391 2596 tertia

1789 2635 2107 2691 Graecorum
2155 2637 2468 2690 monarchia
2493 2677 2507 2701 ,
2540 2651 2699 2707 quam
2741 2635 2793 2688 in
2841 2634 3076 2690 secunda
3114 2652 3124 2687 :
3156 2650 3280 2689 nam
3328 2650 3391 2690 ea

1790 2730 1968 2786 divisa
2002 2730 2121 2797 fuit,
2151 2739 2212 2783 ut
2239 2729 2376 2799 dixi,
2406 2731 2458 2783 in
2488 2730 2588 2784 tria
2632 2743 2795 2798 regna
2826 2742 2885 2783 se
2928 2727 3163 2783 invicem
3199 2727 3392 2783 debel—

1792 2825 1981 2889 lantia,
2007 2824 2148 2894 quod
2187 2822 2441 2878 secundm
2487 2838 2594 2876 non
2622 2821 2842 2877 accidit.
2877 2820 2984 2878 Sed
3010 2822 3180 2887 aiunt,
3208 2820 3393 2875 veriti-

1795 2915 1908 2972 cari
1942 2916 1995 2970 in
2041 2914 2149 2970 illis
2185 2914 2357 2969 tribus
2387 2914 2725 2984 principibus
2768 2914 3057 2969 Persarum
3085 2955 3101 2981 ,
3132 2912 3223 2983 qui
3254 2927 3393 2981 pra:-

1796 3018 1952 3064 erant
1980 3006 2083 3064 120
2114 3007 2346 3076 satrapis
2377 3023 2391 3060 :
2423 3022 2518 3076 per
2544 3021 2642 3061 eos
2666 3006 2809 3062 enim
2844 3008 3156 3063 universum
3187 3005 3390 3077 guber-

119 3089 208 3146 hac
233 3071 606 3160 explicatione.
640 3092 751 3149 Sed
782 3093 1152 3161 relinquamus
1190 3092 1383 3147 inanes
1423 3091 1643 3147 Judmos
1666 3132 1681 3157 ,

1794 3106 2025 3159 nabatur
2056 3102 2343 3172 imperium
2375 3142 2389 3168 ,
2420 3102 2539 3170 ipso
2587 3100 2808 3157 Daniele
2856 3110 2995 3158 teste
3037 3116 3160 3170 cap.
3194 3114 3271 3155 vr.
3320 3099 3391 3154 At

118 3184 195 3250 qui
242 3186 404 3239 multo
443 3185 617 3255 magis
664 3184 1069 3256 impugnatione
1115 3183 1346 3239 alterius
1395 3183 1681 3239 sententia:

117 3280 375 3349 expugnati
397 3279 714 3336 manebunt.

174 3370 223 3423 lu
254 3386 312 3426 ea
338 3386 466 3428 vero
496 3382 606 3427 tam
642 3371 807 3426 multa
835 3380 963 3427 sunt
1004 3371 1340 3427 coluerentia
1377 3370 1634 3426 destituta
1664 3410 1679 3434 .

118 3472 170 3517 ut
198 3462 345 3522 facile
369 3480 400 3520 a
423 3468 623 3536 quovis
648 3465 909 3535 judicium
938 3466 1006 3519 de
1040 3480 1101 3520 ea
1137 3464 1265 3519 ferri
1302 3464 1491 3534 possit.
1518 3463 1685 3518 Vetu-

118 3558 299 3615 stiores
327 3574 455 3616 sane
486 3560 683 3615 Patres
725 3573 844 3614 eam
892 3559 1126 3629 amplexi
1165 3562 1572 3614 excusationem
1598 3557 1684 3628 ju-

121 3661 242 3705 stam
272 3652 498 3721 habent,
532 3651 969 3722 quandoquidem
994 3667 1094 3707 suo
1126 3664 1370 3720 tempore
1398 3649 1678 3721 prophetia

116 3742 336 3799 nondum
361 3743 583 3814 impleta
623 3753 773 3800 erat:
807 3744 1172 3800 recentiorum
1200 3754 1379 3798 autem
1412 3758 1515 3795 non
1549 3742 1682 3797 levis

118 3843 206 3897 est,
238 3845 311 3891 tot
339 3846 627 3905 tantosque
656 3838 1044 3905 antesignanos
1066 3837 1250 3906 sequi;
1284 3848 1610 3905 quamquam
1651 3850 1681 3888 a

119 3926 288 3983 multis
316 3928 662 3983 difﬁcultates
708 3929 954 3999 ingentes
999 3935 1342 3997 paterentur,
1376 3927 1507 3980 illud
1555 3926 1682 3980 Plu—

120 4017 274 4074 tarchi
300 4019 400 4076 sibi
428 4030 790 4090 usurpantes:
833 4018 1080 4089 Magnos,
1112 4020 1156 4072 si
1184 4004 1492 4083 errariinus,
1526 4016 1685 4072 duces

119 4104 388 4167 habuimus.
438 4110 600 4167 Certe
665 4111 1028 4182 Hieronymus
1076 4126 1183 4164 non
1237 4120 1346 4164 tam
1396 4108 1680 4177 sequitur,

120 4213 260 4266 quam
290 4201 485 4271 refert,
536 4212 592 4259 et
618 4202 820 4259 refutat
864 4218 1206 4259 communem
1237 4202 1383 4256 illam
1416 4202 1687 4270 interpre-

124 4290 354 4349 tationem
400 4294 468 4351 de
511 4302 745 4366 quatuor
789 4295 1160 4359 monarchiis;
1194 4292 1688 4363 ctjdiflicultatibus

126 4394 407 4449 superatus,
425 4388 478 4442 in
506 4385 781 4457 principio
809 4388 1325 4442 commentariorum
1353 4387 1512 4455 hujus
1539 4386 1687 4455 capi-

128 4472 210 4535 tis,
255 4474 363 4533 hzec
399 4480 662 4548 praemisit
693 4496 707 4532 :
740 4477 805 4533 In
846 4480 1197 4550 superioribus
1223 4478 1537 4550 (capitibus)
1564 4478 1692 4532 ordo

126 4566 326 4632 sequitur
354 4570 584 4624 historia:
604 4610 619 4637 ,
652 4570 777 4640 quid
819 4572 915 4625 sub
948 4569 1456 4636 Nabuchodonosor,
1481 4578 1530 4624 et
1564 4567 1696 4622 Bal-

131 4658 300 4729 thasar,
319 4674 363 4717 et
389 4662 586 4733 Dario,
618 4666 724 4719 sive
754 4664 893 4736 Cyro
923 4665 1241 4718 mirabilium
1268 4664 1534 4736 signorum
1559 4662 1695 4717 acci-

130 4751 244 4806 derit
266 4772 284 4808 :
306 4758 357 4811 in
390 4758 473 4812 his
505 4776 625 4814 vero
657 4759 732 4832 (id
772 4768 888 4825 est,
916 4776 947 4813 a
978 4775 1049 4815 vn
1079 4758 1255 4828 capite
1293 4772 1470 4828 usque
1497 4756 1566 4812 ad
1596 4755 1694 4827 xu)

130 4858 379 4902 narrantur
404 4851 638 4918 somnia,
684 4868 797 4921 quia
830 4852 1051 4923 singulis
1071 4852 1175 4906 sint
1210 4851 1317 4906 uisa
1357 4848 1691 4921 temporibus,

132 4951 326 5002 quorum
354 4944 498 4998 solus
523 4944 779 5017 propheta
808 4945 1043 5000 conscius
1071 4953 1170 5007 est,
1202 4952 1249 4997 et
1276 4942 1475 4996 nullam
1503 4940 1693 4995 habent

134 5034 255 5098 apud
293 5035 536 5091 barbaras
566 5039 800 5093 nationes
837 5038 994 5110 signi,
1024 5037 1102 5092 vel
1131 5036 1459 5092 reuelationis
1484 5033 1693 5104 magni-

139 5125 374 5194 tudinem;
399 5132 491 5185 sed
521 5140 722 5187 tantum
742 5132 1072 5196 describitur,
1097 5139 1153 5185 ut
1182 5131 1324 5201 apud
1353 5137 1582 5200 posteros
1611 5142 1698 5183 eo-

137 5228 261 5285 rum,
288 5239 400 5292 quia
420 5226 530 5279 visa
556 5236 683 5279 sunt
713 5226 961 5279 memoria
1002 5232 1307 5296 perseveret.

196 5310 254 5364 At
276 5328 390 5384 quae
426 5317 480 5372 in
512 5318 788 5387 praedictis
815 5317 1150 5374 monarchiis
1180 5333 1287 5373 non
1317 5316 1701 5374 verillcantur?

138 5396 300 5461 Paucis
329 5410 494 5466 multa
526 5410 911 5481 perstringam.
952 5410 1189 5466 Primum
1235 5410 1415 5467 omnia
1444 5409 1537 5465 illa
1566 5424 1701 5480 qua-

139 5501 242 5551 tuor
262 5516 416 5573 regna
446 5522 546 5575 per
568 5504 777 5559 beSIias
803 5503 1128 5574 signiﬁcata,
1161 5520 1269 5559 non
1302 5513 1441 5567 orta,
1471 5502 1566 5558 sed
1595 5502 1705 5556 ori-

141 5592 239 5646 lura
265 5598 629 5665 praedicuntur
657 5597 729 5652 ab
774 5598 989 5667 angelo.
1023 5594 1122 5651 Ha:
1144 5606 1369 5668 quatuor
1396 5595 1569 5649 bestiis
1596 5610 1707 5647 ma-

140 5696 238 5746 9’“!
259 5726 275 5754 ,
302 5700 521 5760 quatuor
548 5699 670 5747 sunt
716 5705 878 5762 regna
899 5729 914 5757 ,
957 5704 1075 5762 qua:
1110 5696 1421 5762 consurgent
1460 5687 1524 5743 de
1548 5693 1706 5742 terra.

1791 3212 2032 3268 quaeram
2061 3210 2163 3266 ego
2204 3209 2339 3266 quas
2375 3210 2570 3251 carnes
2594 3195 2731 3265 jussi
2777 3205 2906 3249 sunt
2934 3193 3233 3249 devorare?
3261 3190 3392 3246 nihil

1790 3289 1861 3345 de
1884 3286 2207 3344 crudelitate
2226 3303 2414 3342 eorum
2432 3287 2679 3358 legimus.
2698 3286 3011 3355 Quinimmo
3035 3301 3175 3341 unus
3193 3299 3257 3341 ex
3294 3285 3390 3340 tri-

1792 3380 1890 3433 bus
1938 3378 2054 3448 ipse
2101 3378 2291 3433 Daniel
2338 3389 2451 3433 erat
2489 3419 2503 3443 ,
2550 3378 2818 3449 siquidem
2866 3393 2986 3447 cap.
3022 3393 3075 3433 vr
3123 3378 3326 3432 dicitur
3372 3395 3385 3431 :

1790 3468 2003 3524 Placuit
2026 3468 2207 3536 Dario,
2234 3479 2282 3522 et
2305 3470 2569 3522 constituit
2587 3486 2745 3539 super
2758 3485 2973 3539 regnum
2994 3478 3234 3537 satrapas
3262 3467 3391 3533 120,

1791 3572 1845 3617 ut
1878 3572 2044 3618 essent
2072 3563 2126 3616 in
2151 3571 2257 3616 toto
2287 3579 2444 3633 regno
2473 3578 2607 3628 suo;
2640 3573 2686 3616 et
2716 3579 2867 3634 super
2892 3562 3150 3631 principes
3176 3570 3302 3628 tres,
3331 3575 3396 3615 ea:

1789 3652 1973 3722 quibus
2013 3652 2206 3706 Daniel
2244 3668 2380 3706 unus
2405 3661 2549 3717 erat;
2576 3652 2643 3706 de
2684 3667 2792 3721 quo
2822 3651 3042 3707 videant
3071 3652 3196 3721 ipsi,
3228 3668 3389 3721 quam

1790 3745 2170 3801 crudelitatem
2193 3746 2243 3800 ei
2272 3746 2592 3815 impingunt,
2614 3753 2675 3799 ut
2697 3760 2913 3814 quoquo
2941 3745 3105 3799 modo
3133 3743 3239 3812 ipsi
3264 3759 3393 3800 vere

1789 3838 1991 3892 dictum
2042 3837 2112 3892 sit
2143 3855 2156 3890 :
2185 3837 2377 3909 Surge,
2410 3841 2618 3889 comede
2655 3852 2835 3890 carnes
2876 3837 3157 3906 plurimas.
3187 3833 3390 3891 Adharc

1788 3930 1918 3999 quid
1950 3930 2261 3997 significat,
2293 3928 2437 3997 quod
2466 3927 2640 3981 bestia
2690 3928 2851 3980 tertia
2898 3925 3104 3981 dicitur
3129 3926 3389 3982 habuisse

1789 4031 2022 4092 quatuor
2053 4019 2229 4087 capita
2257 4058 2272 4083 ,
2296 4029 2349 4073 et
2381 4020 2496 4072 alas
2524 4016 2792 4071 totidem?
2820 4017 2980 4072 Certe
3004 4032 3105 4073 nec
3133 4026 3389 4087 quatuor,

1792 4130 1893 4171 nec
1922 4123 2048 4170 octo
2073 4112 2250 4167 solum
2276 4125 2429 4181 reges
2456 4108 2625 4164 fuisse
2646 4110 2697 4162 iu
2727 4110 3041 4165 Graecorum
3070 4106 3389 4165 monarchia

1792 4206 1924 4262 satis
1952 4204 2301 4275 perspicuum
2328 4212 2443 4267 est;
2468 4210 2524 4256 et
2555 4200 2840 4267 imperium
2869 4200 3163 4256 Alexandri
3209 4201 3261 4255 in
3290 4200 3390 4255 tria

1795 4300 2080 4354 dumtaxat
2111 4310 2275 4366 regna
2302 4293 2543 4349 divisum
2578 4292 2695 4346 fuit.
2723 4291 2876 4361 Quod
2899 4292 2966 4346 ad
2995 4301 3243 4361 quartam
3266 4307 3392 4362 spe-

1725 4415 1773 4476 D
1796 4400 1907 4447 ctat
1948 4405 2066 4461 quae
2110 4387 2408 4444 terribilior
2434 4384 2651 4441 caneris
2700 4384 3052 4453 describitur,
3088 4383 3391 4439 Romanum

1799 4500 1897 4555 per
1922 4498 2043 4539 eam
2075 4481 2363 4552 imperium
2388 4478 2686 4551 significari
2719 4477 3075 4533 contendunt.
3108 4476 3214 4533 Sed
3256 4476 3392 4531 nihil

1798 4576 2078 4633 difﬁcilius
2108 4620 2121 4644 ,
2160 4575 2311 4631 solos
2340 4574 2609 4646 siquidem
2657 4572 2907 4628 undecim
2940 4587 3098 4643 reges
3124 4586 3298 4641 usque
3323 4569 3392 4625 ad

1792 4670 2062 4742 judicium
2110 4667 2359 4723 habitura
2406 4667 2605 4721 dicitur
2636 4665 2726 4719 illa
2765 4683 2776 4718 :
2810 4671 2943 4733 quot
2980 4679 3111 4718 vero
3160 4662 3395 4718 deoades

1800 4763 2164 4819 Rutnanorum
2200 4761 2589 4830 imperatorum
2619 4757 2870 4811 fuerunt?
2898 4771 3019 4809 nam
3052 4769 3253 4810 cornua
3288 4771 3393 4809 un-

1801 4855 1980 4910 decim
2033 4853 2260 4908 totidcm
2308 4867 2466 4921 reges
2515 4850 2631 4918 ejus
2676 4848 2857 4919 quarti
2904 4848 3057 4917 regni
3108 4850 3392 4915 denotare,

1803 4945 2028 5017 angelus
2078 4944 2283 4999 Danicli
2335 4943 2614 5011 exposuit.
2664 4941 2892 5009 Insuper
2925 4939 3145 4995 videant
3176 4940 3277 5009 ipsi
3302 4957 3394 4996 ve-

1804 5040 1976 5095 lintnc
2020 5038 2198 5094 facere
2244 5035 2633 5091 Antichristum
2678 5033 3046 5087 Romanorum
3099 5034 3395 5103 imperato-

1805 5148 1953 5196 rem,
1986 5140 2044 5187 et
2084 5130 2203 5201 ejus
2230 5126 2563 5183 monarchia:
2597 5125 2843 5178 ultimum
2876 5138 3054 5194 regem
3080 5166 3095 5192 ,
3140 5126 3393 5195 quoniam

1806 5224 1875 5280 dc
1922 5239 2094 5280 cornu
2142 5222 2429 5277 undecimo
2477 5217 2663 5273 bestia:
2702 5225 2915 5288 quarta:
2956 5218 3222 5273 asseritur
3252 5217 3395 5287 quod

1809 5320 2019 5373 futurus
2064 5319 2135 5371 sit
2163 5331 2261 5370 rex
2300 5315 2521 5369 ultimus
2570 5311 2720 5382 regni
2765 5327 2863 5381 per
2899 5311 3028 5365 illud
3060 5310 3347 5382 significati
3387 5329 3399 5364 :

1813 5410 1982 5466 Porro
2018 5424 2216 5464 cornua
2253 5408 2426 5461 decem
2453 5404 2616 5472 ipsius
2652 5403 2801 5473 regni
2840 5403 3018 5457 decem
3048 5421 3191 5474 reges
3229 5410 3411 5466 erunt,

1809 5514 1856 5557 et
1888 5503 2023 5555 alius
2052 5509 2322 5569 consurget
2354 5504 2467 5570 post
2500 5512 2603 5560 eos,
2640 5505 2686 5549 et
2717 5496 2827 5565 ipse
2850 5497 3105 5565 potentior
3138 5498 3234 5549 erit
3262 5498 3403 5567 prio-

1811 5596 1976 5659 ribus,
2007 5602 2053 5647 et
2085 5603 2186 5647 tres
2213 5608 2355 5662 reges
2385 5588 2702 5656 humiliabit,
2726 5599 2771 5645 et
2794 5606 3049 5645 sermones
3076 5599 3256 5643 contra
3299 5588 3408 5644 Ea:-

1812 5689 2006 5747 celsum
2034 5686 2293 5757 loquetur,
2326 5694 2432 5741 etc.
