3908 6266
508 196 614 256 579

1407 188 1703 247 ηΑνιυε
1742 182 1986 241 LUCll'S
2029 178 2313 236 DEXTER
2351 176 2889 235 CURUNOLUGUS.

3697 181 3793 239 580

576 311 700 368 Non
727 308 951 382 majoris
967 315 1052 365 est
1069 305 1331 363 momenti
1356 304 1499 373 quod
1522 303 1728 357 Annius
1751 299 2106 355 Viterbiensis
2138 298 2183 354 Α
2215 292 2397 360 l‘estat,
2420 306 2474 351 et
2498 294 2738 350 nondum
2771 294 2985 350 ﬁnitum
3029 296 3312 353 mundum.
3343 298 3579 369 Insuper
3602 298 3793 369 judicio

512 406 566 460 in
613 403 1007 475 quiestionibus
1051 413 1213 468 super
1266 395 1649 467 Apocalypsim
1705 403 2107 447 commentatus

482 538 483 541 η
514 506 598 551 est
625 512 639 550 :
673 509 847 549 cornu
872 493 1123 547 ultimum
1154 488 1551 542 Maeliometcm
1578 483 2105 554 pseudopmphetam

515 588 808 641 deuotasse
834 626 849 651 ,
899 581 1035 636 nihil
1066 579 1268 635 etenim
1295 593 1487 633 eorum
1516 620 1530 645 ,
1576 592 1697 647 qua:
1726 574 1797 631 de
1817 590 1986 629 cornu
2016 575 2109 628 illo

514 677 776 732 dicuntur
805 676 858 728 in
908 672 1248 727 lacliomete
1275 670 1617 728 veriﬁcatur:
1666 682 1769 723 nec
1815 668 1959 723 enim
2012 667 2111 721 fuit

514 769 739 823 ultimus
763 767 908 821 illius
939 774 1148 835 quarta:
1179 762 1537 828 monarchize,
1562 761 1707 832 quod
1729 761 1796 815 de
1822 776 1993 815 cornu
2018 759 2110 814 illo

514 860 735 927 dicitur,
768 858 863 914 sed
899 858 1228 928 principium
1259 870 1448 910 novre:
1484 868 1584 909 nec
1610 866 1833 909 secutus
1862 863 1946 908 est
1971 852 2109 906 alios

513 952 700 1008 decem
729 965 922 1022 reges,
952 964 1052 1005 nec
1082 946 1392 1003 liumiliavit
1422 955 1535 1002 tres
1564 946 1811 1012 illorum,
1846 960 1947 1001 nec
1969 944 2113 1015 judi-

513 1046 657 1101 cium
689 1044 860 1098 ullum
891 1044 945 1096 in
975 1042 1093 1112 ejus
1122 1049 1302 1095 morte
1329 1040 1533 1095 factum
1566 1038 1795 1110 legimus
1816 1079 1831 1105 ,
1858 1052 1959 1093 nec
1988 1052 2109 1093 cor-

515 1153 615 1208 pus
644 1136 761 1206 ejus
790 1136 914 1205 igne
944 1142 1244 1189 crematum
1289 1143 1395 1188 est.

587 1227 812 1296 Insuper
834 1224 975 1295 quod
1013 1224 1277 1293 judicium
1308 1238 1338 1278 a
1372 1221 1591 1279 Daniele
1624 1220 1727 1277 hoc
1756 1220 1881 1276 loco
1906 1217 2109 1290 praevi-

456 1328 469 1335 "
515 1336 636 1377 sum
667 1361 682 1386 ,
714 1321 783 1375 de
812 1321 1007 1375 ultimo
1034 1320 1200 1375 totius
1223 1317 1451 1372 humani
1478 1318 1700 1388 generis
1740 1317 2051 1384 exponitur,
2080 1330 2110 1368 a

514 1432 651 1472 vero
676 1414 997 1470 destitutum
1023 1415 1147 1484 quis
1175 1430 1282 1469 non
1307 1414 1490 1469 videt?
1519 1412 1636 1468 Non
1667 1413 1811 1466 enim
1847 1414 1897 1465 in
1932 1428 1997 1465 co
2023 1412 2111 1479 ju-

514 1509 620 1564 dcx
650 1509 998 1565 constituitur
1018 1507 1273 1562 Christus
1304 1509 1568 1562 Dominus
1595 1551 1609 1574 ,
1640 1507 1785 1577 quod
1830 1508 1883 1561 in
1915 1508 2109 1561 ultimo

518 1602 756 1656 futurum
798 1602 930 1656 lides
971 1601 1161 1664 docet,
1192 1600 1286 1655 sed
1326 1610 1566 1655 teternus
1592 1601 1773 1665 Pater,
1808 1600 1981 1667 prima
2025 1600 2107 1652 ni-

2212 394 2456 453 peracto,
2498 396 2554 441 et
2583 388 2761 441 occisa
2795 396 2985 457 quarta
3018 388 3214 455 bestia,
3241 390 3312 444 de
3335 390 3512 445 tribus
3559 392 3681 447 aliis
3721 394 3790 447 di-

2210 481 2371 543 citur,
2397 480 2541 550 quod
2573 495 2834 536 concessa
2862 481 2962 536 fuit
2995 482 3126 552 ipsis
3151 483 3263 538 vita
3293 499 3465 554 usque
3494 487 3563 539 ad
3594 496 3787 541 certum

2212 577 2449 640 tempus,
2474 572 2596 628 sine
2624 582 2894 643 potestate
2928 584 3106 630 tamen
3157 584 3214 631 et
3248 575 3493 632 dominio
3524 593 3537 630 :
3569 577 3791 632 Aliarum

2210 680 2411 733 quoque
2433 665 2715 719 bestiarum
2738 665 2919 720 ablata
2941 681 3017 725 est
3055 678 3296 739 patestas,
3325 680 3375 724 et
3406 679 3647 740 tempora
3690 673 3792 725 vita

2212 760 2496 811 constituta
2523 769 2642 813 sunt
2674 761 2746 814 eis
2768 777 2929 830 usque
2966 762 3037 814 ad
3077 772 3277 834 tempus
3320 771 3367 816 et
3399 772 3620 832 tempus.
3639 763 3795 819 Nemo

2212 858 2393 905 autem
2417 851 2643 905 audebit
2698 867 2953 908 asserere
3008 863 3132 923 post
3178 854 3490 909 universale
3540 854 3789 924 judicium

2212 940 2420 1011 aliquas
2443 952 2637 1012 gentes
2667 944 2769 997 sub
2798 944 2937 998 coelo
2980 943 3035 999 in
3087 946 3189 1000 hac
3235 946 3343 999 vita
3368 945 3435 1000 ad
3468 958 3684 1016 tempus
3712 961 3791 1001 re-

2215 1032 2554 1102 linquendas.
2577 1032 2706 1089 Sive
2732 1036 2899 1103 igitur
2926 1035 3151 1102 bestias,
3184 1036 3301 1092 sive
3344 1036 3633 1107 judicium,
3689 1037 3794 1093 sive

2214 1143 2437 1198 regnum
2458 1139 2579 1197 post
2607 1130 2781 1198 ipsum
2811 1140 3130 1186 sanctorum
3158 1131 3363 1201 populo
3383 1132 3568 1186 datum
3598 1130 3799 1201 sigilla-

2214 1222 2309 1274 tim
2336 1223 2715 1292 applicandum
2742 1223 3117 1293 inspiciamus,
3144 1226 3457 1281 innumeras
3486 1236 3539 1281 et
3589 1228 3798 1294 insupe-

2213 1316 2415 1372 rabiles
2445 1318 2756 1371 communis
2788 1318 3062 1387 expositio
3094 1320 3309 1375 videtur
3360 1321 3471 1389 pati
3514 1319 3798 1375 difﬁculta-

2213 1417 2294 1462 tes
2338 1428 2353 1464 :
2395 1411 2444 1463 in
2488 1426 2551 1464 ea
2584 1426 2712 1465 vero
2738 1425 2901 1480 quam
2952 1411 3117 1465 modo
3161 1424 3502 1482 exponemus
3535 1453 3550 1477 ,
3592 1420 3801 1465 cessarit

2211 1516 2423 1566 omnes,
2448 1502 2588 1555 nihil
2643 1519 2753 1556 non
2810 1504 3048 1557 cohaeret
3093 1504 3317 1567 visioni,
3360 1513 3557 1558 cuncta
3616 1518 3800 1559 conso-

2211 1607 2362 1663 nant,
2397 1600 2700 1666 miramque
2726 1598 2779 1651 in
2825 1597 3043 1653 cunctis
3087 1599 3205 1668 ejus
3231 1599 3474 1669 partibus
3506 1614 3801 1654 consonan-

517 1695 711 1749 mirum
743 1694 1104 1748 sanctissima:
1133 1692 1417 1747 Trinitatis
1459 1708 1717 1763 persena.
1761 1692 1872 1746 Nec
1904 1691 1980 1745 illi
2024 1691 2111 1759 ju-
2140 1675 2190 1736 Β
2218 1690 2344 1745 tiam
2376 1706 2500 1745 cum
2533 1707 2591 1745 re
2622 1692 2920 1761 signiﬁcata
2950 1694 3300 1760 reperiuntur
3330 1693 3550 1747 habere.
3580 1693 3796 1747 Praeer-

513 1786 657 1842 dicio
684 1786 898 1842 sistitur
925 1787 1217 1841 humanum
1250 1801 1419 1855 genus
1440 1827 1456 1850 ,
1491 1802 1588 1854 pro
1622 1785 1829 1839 meritis
1865 1786 2104 1854 praemia,

514 1880 599 1934 vel
624 1893 813 1949 pinnas
838 1878 1102 1933 factorum
1131 1887 1501 1947 recepturum,
1521 1879 1572 1931 in
1596 1879 1845 1948 singulis.
1872 1881 1965 1932 sed
1994 1880 2112 1948 ipse

517 1970 738 2026 humani
782 1972 1001 2039 generis
1038 1971 1401 2039 Redemptor;
1447 1972 1494 2025 is
1524 1972 1792 2040 siquidem
1833 1971 1981 2025 Patri
2012 1987 2112 2025 suo

516 2063 734 2119 oblatus
781 2065 999 2118 dicitur.
1053 2063 1131 2118 En
1176 2064 1340 2119 verba
1393 2064 1674 2134 prophetas
1720 2081 1732 2119 :
1786 2064 2111 2132 Aspidebam

519 2157 684 2208 donec
712 2154 885 2208 throni
934 2156 1084 2221 pOaili
1122 2164 1280 2221 sunt,
1316 2164 1359 2210 et
1404 2157 1659 2225 Antiquus
1704 2157 1901 2212 dierum
1944 2157 2110 2223 sedit;

518 2248 873 2302 uestimentum
904 2248 1015 2318 ejus
1043 2249 1323 2302 candidum
1362 2251 1514 2318 quasi
1555 2251 1665 2313 niz,
1694 2260 1740 2302 et
1780 2251 1958 2321 capilli
1998 2255 2111 2322 ejus

515 2345 664 2414 quasi
689 2343 809 2398 lana
840 2344 1056 2401 munda.
1089 2343 1222 2411 Quae
1250 2358 1381 2399 sane
1410 2346 1600 2399 mterni
1629 2345 1803 2398 Patris
1837 2346 2109 2399 luculenta

517 2445 574 2490 et
616 2434 1025 2505 appositissima
1068 2435 1322 2504 ﬁguratio
1361 2446 1447 2490 est
1477 2453 1493 2489 ς
1526 2436 1800 2490 subinlert
1849 2438 2111 2491 assisten-

518 2527 652 2583 tium
693 2543 979 2582 numerum
1014 2545 1027 2581 :
1059 2527 1233 2581 Millia
1264 2530 1483 2582 militum
1527 2531 1891 2583 ministrabant
1931 2532 2016 2598 ei,
2062 2540 2111 2585 et

517 2618 689 2675 decies
735 2619 922 2674 millies
954 2629 1169 2674 centena
1213 2621 1379 2675 millia
1424 2621 1733 2676 assistebant
1760 2625 1838 2689 ei;
1869 2624 2010 2694 quod
2044 2623 2112 2678 de

517 2711 778 2781 angelicis
819 2712 1105 2781 spiritibus
1132 2712 1230 2767 Dei
1270 2712 1537 2768 ministris
1574 2713 1776 2769 dictum
1812 2732 1971 2770 nemo
2002 2731 2109 2770 non

524 2807 693 2863 videt.
725 2806 831 2863 Sed
863 2808 985 2875 quis
1012 2806 1223 2874 judicio
1255 2816 1405 2862 tanto
1434 2808 1651 2862 oblatus
1689 2808 1923 2863 dicitur?
1952 2810 2107 2879 Aspi-

514 2898 709 2951 ciebam
735 2898 855 2965 (ait)
888 2906 937 2951 et
960 2914 1072 2952 ecce
1092 2914 1209 2952 cum
1247 2900 1466 2953 nubibus
1514 2900 1627 2953 cali
1657 2901 1805 2969 quasi
1848 2900 1992 2969 ﬁlius
2016 2903 2111 2953 ho—

518 2988 669 3041 minis
690 2987 939 3053 veniebat,
970 2998 1019 3042 et
1050 3005 1211 3059 usque
1231 2989 1300 3043 ad
1324 2991 1606 3060 Antiquam
1632 2992 1833 3044 dierum
1856 2994 2104 3062 pert-cuit.

2215 1801 2373 1853 quam
2399 1786 2540 1855 quod
2569 1785 2679 1853 jam
2705 1801 2825 1854 cap.
2861 1785 2897 1838 9.
2928 1786 3139 1840 oetensi
3166 1787 3379 1840 fuerant
3410 1785 3693 1856 propheta:
3716 1802 3797 1837 or-

2217 1888 2301 1931 tus
2334 1888 2389 1933 et
2421 1880 2671 1933 interitus
2700 1890 2935 1947 quatuor
2966 1879 3177 1932 illarum
3223 1879 3667 1934 mouarchiarum
3707 1879 3799 1932 sub

2215 1978 2341 2039 typo
2364 1980 2580 2033 statuae,
2635 1986 2664 2024 a
2710 1969 3251 2025 Nabucliodonosore
3279 1971 3431 2034 viam,
3480 1987 3548 2026 ex
3582 1970 3799 2026 totidem

2216 2063 2447 2117 metallis
2476 2064 2743 2119 conlecta:
2776 2080 2789 2116 :
2820 2064 2966 2117 unde
2996 2064 3297 2119 verisimile
3339 2080 3445 2117 non
3471 2073 3556 2117 est
3611 2064 3795 2119 iterum

2214 2157 2395 2211 denuo
2414 2172 2527 2211 rem
2550 2158 2801 2211 eamdem
2826 2173 2855 2209 a
2884 2156 3111 2210 Daniele
3130 2156 3352 2226 scriptis
3374 2156 3653 2221 traditam,
3671 2172 3797 2225 pra:-

2214 2250 2401 2304 sertirn
2425 2249 2549 2318 quia
2590 2266 2699 2303 non
2730 2251 2826 2303 luit
2874 2249 3122 2317 exposita
3153 2250 3224 2303 ab
3246 2250 3443 2319 angelo
3472 2250 3628 2319 quasi
3669 2250 3797 2301 visio

2214 2342 2456 2409 ejusdem
2512 2342 2612 2407 rei,
2663 2342 2758 2396 sed
2808 2357 2964 2395 nova:
3015 2350 3071 2396 et
3115 2342 3346 2396 diversae
3390 2358 3607 2411 :quare
3657 2340 3793 2395 aliud

2212 2436 2489 2505 quidpiam
2514 2436 2582 2489 ab
2609 2451 2670 2490 ea
2692 2452 2831 2489 nunc
2862 2436 3223 2504 signiﬁcatum
3247 2451 3587 2505 quaeramus.

2216 2569 2242 2641 ς
2276 2569 2361 2642 |V_.
2410 2566 2641 2642 Norae!
2676 2579 2856 2642 exacta
2882 2570 3114 2642 ejusdem
3159 2571 3446 2642 praphetia:
3474 2570 3719 2642 expositio
3742 2572 3793 2621 de

2286 2640 2489 2702 Alanis.
2530 2639 2832 2707 Wandalis,
2868 2640 3072 2704 Sacris,
3122 2639 3167 2693 et
3194 2639 3377 2695 Gothis
3428 2643 3477 2692 in
3531 2639 3792 2707 Hispanias

2285 2711 2602 2765 irruentibus
2647 2728 2667 2765 :
2719 2712 2887 2781 deque
2924 2711 3183 2766 catholica
3221 2713 3532 2766 mouurchia
3560 2713 3790 2783 proponi-

2284 2793 2389 2838 tur.

2283 2901 2415 2969 Ago,
2441 2902 2551 2967 jam
2579 2914 2916 2967 exponamus
2949 2899 3323 2969 propheticum
3371 2899 3618 2955 Danielis
3644 2900 3794 2955 visio-

2213 3007 2336 3046 nem
2370 2993 2439 3046 de
2471 2992 2727 3045 Barbaris
2785 2993 2836 3044 in
2896 2992 3205 3061 Hispaniam
3243 2992 3585 3053 irruentibus
3631 3010 3641 3044 :
3679 3007 3786 3046 nam

516 3080 782 3151 Numquid
810 3082 976 3150 jndex
1024 3097 1295 3151 sessurus,
1341 3086 1426 3138 cui
1480 3085 1726 3141 homines
1768 3087 1886 3141 sisri
1937 3087 2106 3141 debe-
2133 3050 2181 3114 Ο
2216 3083 2432 3154 peritas
2466 3084 2668 3138 bestias
2721 3084 2985 3138 barbaras
3029 3084 3329 3153 signiﬁcari
3386 3085 3640 3140 nationes
3686 3085 3789 3152 ipse

516 3172 675 3229 rent?
706 3173 951 3239 minime,
985 3172 1077 3228 sed
1108 3174 1341 3243 ipsemet
1388 3176 1604 3231 oblatus
1637 3186 1718 3231 est
1752 3177 1951 3239 Judici,
1983 3188 2026 3229 et
2057 3179 2111 3232 in

516 3275 791 3336 conspectu
817 3269 938 3337 ejus
966 3264 1262 3321 obtulerunt
1306 3284 1442 3322 eum.
1493 3268 1749 3337 Sequitur
1796 3268 2109 3324 favorabilis

518 3374 618 3430 pro
645 3374 712 3415 eo
740 3360 845 3413 lata
872 3358 1163 3426 sententia,
1198 3359 1263 3414 Et
1308 3362 1447 3414 dedit
1489 3364 1536 3415 ei
1576 3362 1760 3432 (Pater
1786 3361 1989 3433 ludes)
2017 3380 2110 3431 po-

518 3462 770 3516 testatem,
797 3462 845 3507 et
865 3456 1140 3517 honorem,
1163 3462 1209 3505 et
1231 3469 1446 3524 regnum
1471 3470 1488 3507 :
1512 3463 1558 3507 et
1592 3471 1767 3510 omnes
1791 3457 1990 3527 pepuli,
2017 3458 2108 3509 tri-

515 3545 607 3600 bus
628 3556 672 3600 et
695 3546 885 3617 lingute
909 3544 1008 3612 ipsi
1038 3545 1259 3598 servient
1284 3560 1301 3598 :
1324 3554 1545 3615 potestas
1568 3550 1679 3619 ejus
1708 3558 1932 3613 potestas
1956 3560 2108 3603 teter-

516 3654 605 3701 na,
625 3654 741 3708 qua:
771 3654 871 3692 non
897 3636 1181 3705 auferetur,
1207 3647 1255 3691 et
1283 3653 1499 3706 regnum
1521 3641 1633 3709 ejus
1675 3640 1818 3709 quod
1855 3657 1959 3695 non
1986 3658 2104 3695 ror-

513 3742 800 3801 rumpetur.
840 3732 904 3785 Et
935 3739 1065 3784 tunc
1104 3729 1303 3798 populo
1340 3740 1653 3785 sanctorum
1690 3732 1979 3793 Altissimi.
2009 3748 2105 3787 oc-

513 3825 626 3880 cisa
649 3823 845 3889 bestia,
904 3837 1130 3892 regnum
1183 3820 1367 3875 datum
1424 3832 1526 3877 est.
1580 3822 1684 3880 Ubi
1735 3824 1864 3879 illud
1892 3840 2108 3896 quoque

511 3915 671 3971 valde
697 3914 991 3970 notandum
1014 3921 1119 3979 est,
1154 3914 1298 3982 quod
1326 3916 1377 3967 in
1404 3915 1554 3969 calce
1582 3916 1811 3971 visionis
1839 3933 2107 3988 expresse

513 4008 801 4073 asseritur,
863 4015 983 4076 post
1038 4004 1168 4060 illud
1203 4004 1465 4075 judicium
1509 4006 1719 4062 Danieli
1774 4017 2055 4064 ostensum
2087 4053 2102 4077 ,

513 4099 716 4156 multos
764 4099 863 4155 sub
890 4097 1035 4155 etelo
1074 4097 1452 4154 dominaturos
1512 4115 1692 4170 reges,
1742 4102 1835 4171 qui
1890 4116 2108 4157 inenar-

515 4193 652 4249 chia:
681 4192 1195 4262 populisanctorum
1226 4193 1489 4259 servient,
1545 4203 1601 4249 et
1641 4194 1917 4250 obedient.
1953 4195 2107 4252 Unde

513 4302 737 4358 regnum
766 4285 895 4340 illud
944 4300 1041 4340 seu
1085 4286 1400 4342 mouarebia
1446 4286 1635 4340 ultima
1678 4290 1861 4358 populi
1890 4298 2109 4345 sancto-

512 4393 655 4445 rum,
686 4378 755 4433 de
781 4392 885 4447 qua
933 4375 1021 4432 hic
1059 4376 1253 4445 agitur,
1290 4377 1601 4432 nullatenus
1643 4389 1821 4446 potest
1860 4382 2101 4437 ctelestia

509 4468 795 4525 beatorum
840 4466 1040 4537 gaudia
1095 4467 1396 4532 denotare;
1468 4470 1905 4541 quandoquidem
1983 4486 2106 4544 post

508 4576 733 4632 regnum
764 4558 1029 4615 ccelorum
1084 4559 1151 4614 ab
1196 4560 1329 4627 ipsis
1382 4562 1739 4629 corporaliter
1797 4575 2101 4635 acceptum,

509 4655 692 4711 nullus
719 4668 1002 4709 remanere
1032 4652 1261 4720 populus
1300 4661 1395 4707 aut
1422 4669 1517 4708 rex
1556 4657 1759 4723 poterit
1810 4660 1912 4714 sub
1935 4661 2099 4727 ratio,

508 4759 839 4803 cumtamen
879 4759 1169 4799 mansnros
1220 4745 1422 4800 multos
1472 4755 1528 4800 et
1559 4748 1788 4817 populos
1837 4760 1892 4804 et
1946 4767 2103 4821 reges

505 4840 606 4895 sub
627 4841 750 4909 ipso
780 4838 1045 4908 propheta
1078 4836 1414 4905 pronuntiet,
1450 4836 1557 4893 illis
1584 4840 1769 4895 verbis
1822 4859 1834 4896 :
1870 4840 1939 4894 Et
1955 4844 2103 4911 judi-

506 4933 645 4985 cium
674 4930 889 4996 sedebit,
921 4938 977 4984 ut
1004 4929 1275 4997 auferatur
1314 4932 1563 5001 potentia,
1608 4941 1656 4985 et
1694 4943 2008 5001 conteratur,
2050 4946 2096 4990 et

508 5026 768 5091 dispereat
798 5039 957 5093 usque
981 5024 1036 5076 in
1059 5023 1216 5091 ﬁnem
1258 5039 1277 5077 :
1307 5040 1523 5092 regnum
1568 5035 1741 5080 autem
1770 5039 1816 5080 et
1847 5040 2095 5099 potestas,

506 5127 555 5173 et
572 5114 876 5188 magnitudo
901 5116 1069 5187 regni,
1102 5130 1217 5184 quas
1239 5125 1310 5170 est
1340 5118 1512 5170 subter
1538 5134 1690 5171 omne
1718 5121 1920 5183 malum,
1948 5122 2097 5177 detur

508 5208 698 5276 papula
719 5215 1015 5261 sanctorum
1059 5206 1334 5273 Altissimi,
1384 5216 1429 5261 et
1476 5225 1650 5265 omnes
1689 5227 1835 5280 reges
1876 5216 2098 5269 servient

506 5299 573 5362 ci,
596 5308 642 5351 et
664 5296 901 5352 obedient
936 5310 1087 5351 :non
1132 5296 1330 5353 asserit
1388 5313 1550 5369 supra
1601 5301 1843 5371 caelum,
1895 5318 1992 5361 seu
2044 5307 2095 5361 in

505 5388 646 5446 coelo
693 5402 917 5456 regnum
964 5386 1093 5443 illud
1121 5391 1538 5458 continendum,
1586 5393 1682 5449 sed
1722 5397 1897 5452 subter
1951 5416 2100 5456 omne

506 5482 710 5546 cazlum,
742 5477 902 5547 eique
923 5490 1112 5533 omnes
1142 5495 1302 5549 reges
1327 5480 1674 5540 obedituros.
1723 5485 1830 5543 Sed
1859 5497 1915 5544 et
1942 5491 2094 5559 illud,

507 5575 767 5644 dispereat
800 5566 1060 5643 (potentia
1090 5568 1301 5643 bestiae)
1335 5590 1495 5645 usque
1523 5577 1593 5632 ad
1620 5578 1808 5647 linem;
1865 5592 1986 5653 po.~t
2007 5584 2097 5655 jn-

508 5664 708 5723 dicium
740 5660 899 5729 illud,
934 5660 1094 5714 linem
1138 5660 1315 5719 adhuc
1355 5668 1542 5727 mundi
1586 5684 1876 5733 superesse
1919 5677 2093 5733 mani-

2130 4431 2188 4493 D

2216 3176 2583 3247 Hieronymus
2615 3176 2899 3230 annotavit
2952 3176 3223 3246 inquiens,
3284 3177 3582 3249 Regnorum
3630 3180 3789 3248 feritas

2212 3280 2365 3341 atque
2391 3270 2675 3323 crudelitas
2704 3270 2985 3323 bestiarum
3007 3274 3212 3325 nomine
3242 3272 3644 3330 demonstratur.
3692 3274 3783 3327 Ita-

2212 3377 2316 3431 que
2336 3380 2480 3416 attttu
2507 3364 2719 3416 Ilutttitti
2739 3364 2865 3427 419,
2898 3379 3005 3418 :cra
3039 3366 3178 3418 Cms.
3203 3364 3334 3431 “7,
3366 3366 3585 3422 Areadil
3608 3376 3661 3421 ei
3689 3367 3783 3419 "0-

2211 3455 2351 3508 norii
2386 3455 2518 3521 imp.
2552 3468 2640 3509 an.
2680 3455 2766 3522 l5,
2802 3456 2995 3510 eodem
3031 3456 3274 3513 Honorio
3305 3473 3399 3512 vm
3423 3468 3481 3513 et
3499 3458 3787 3513 Theodosio

2211 3546 2429 3602 Arcadii
2462 3546 2575 3600 lilio
2630 3563 2689 3601 tu
2740 3562 2910 3614 coss.,
2968 3552 3129 3604 tertio
3177 3550 3299 3605 idus
3346 3552 3620 3617 Octobris,
3671 3552 3780 3607 feria

2210 3641 2339 3695 item
2372 3643 2555 3701 tertia.
2584 3643 2761 3705 Alani,
2800 3641 3053 3697 Wandali
3090 3654 3137 3697 et
3171 3644 3353 3709 Saevi,
3409 3656 3523 3702 tres
3564 3648 3780 3702 barbam:

2212 3738 2481 3797 natioaes,
2522 3734 2808 3800 llispanias
2837 3738 3097 3805 ingressae
3117 3748 3266 3791 sunt.
3304 3738 3465 3793 Anno
3495 3751 3667 3794 autem
3691 3741 3778 3793 Do-

2209 3825 2339 3878 mini
2369 3824 2495 3891 416,
2530 3826 2622 3893 qui
2645 3824 2743 3878 fuit
2773 3840 2901 3879 mra:
2922 3828 3063 3881 (ltus.
3086 3830 3212 3892 454,
3255 3828 3473 3899 imperii
3506 3847 3638 3887 vero
3658 3845 3778 3900 prs:-

2208 3917 2480 3972 dietorum
2508 3917 2598 3979 2'2.
2616 3918 2773 3972 Gothi
2799 3919 2901 3973 sub
2929 3921 3204 3991 Ataulplto
3226 3938 3358 3992 rege
3377 3926 3599 3981 easdem
3620 3926 3781 3994 lliSpa-

2210 4010 2327 4063 nias
2359 4010 2652 4065 intravere.
2708 4010 2765 4065 ln
2791 4011 2877 4066 his
2906 4028 3098 4069 omnes
3145 4024 3404 4073 auctores
3447 4020 3774 4081 conveniunt,

2209 4113 2263 4158 et
2292 4103 2383 4173 qui
2410 4106 2652 4158 omnium
2685 4106 3034 4161 exactissime
3061 4109 3280 4176 scripsit
3319 4125 3380 4165 ea
3416 4112 3486 4167 de
3536 4128 3595 4169 re
3646 4110 3779 4166 testis

2209 4204 2263 4250 et
2318 4196 2436 4263 ipse
2478 4197 2729 4253 oculatus
2770 4197 2984 4261 ,Idatius
3013 4201 3303 4270 episcopus
3349 4202 3710 4269 Lamacensis,
3752 4218 3777 4255 a

2209 4291 2393 4356 quoin
2418 4288 2502 4343 his
2532 4289 2845 4346 manuducti
2901 4301 2958 4347 et
3011 4292 3240 4349 excitati
3284 4294 3504 4351 fuimus.
3559 4297 3779 4366 Quatuor

2212 4397 2341 4452 ergo
2374 4382 2561 4437 bestiae
2585 4383 2653 4438 de
2682 4384 2817 4438 mari
2842 4386 3222 4453 ascendentes,
3249 4398 3487 4457 quatuor
3529 4392 3645 4446 ista:
3671 4390 3777 4444 bar-

2212 4477 2358 4529 bara:
2379 4475 2633 4530 nationes
2664 4483 2791 4529 sunt
2817 4489 2885 4530 eo
2908 4486 3151 4546 tempore
3181 4481 3231 4533 in
3252 4480 3550 4547 perniciem
3602 4482 3774 4550 Hispa-

2212 4569 2422 4621 niarum
2439 4576 2660 4632 erectas,
2687 4584 2793 4637 quo
2824 4578 2970 4624 totus
3001 4584 3137 4639 pene
3162 4572 3312 4627 orbis
3332 4575 3484 4642 quasi
3512 4590 3543 4630 e
3570 4583 3776 4645 quatuor

2210 4660 2330 4729 ejus
2349 4660 2583 4729 angulis,
2612 4661 2713 4715 sub
2768 4660 2996 4717 totidem
3045 4672 3332 4718 ventorum
3389 4675 3516 4737 typo
3564 4667 3776 4737 agitatus

2210 4761 2317 4815 est,
2344 4759 2399 4807 et
2426 4752 2660 4821 undique
2708 4753 2927 4823 tyranni
2973 4754 3178 4809 bellum
3236 4758 3576 4813 insumentes
3608 4766 3773 4811 contra

2210 4844 2511 4900 Romanum
2544 4846 2830 4916 imperium
2857 4849 3260 4914 conSpirarunt.
3302 4851 3616 4918 Quinimmo
3650 4848 3773 4920 quod

2204 4953 2235 4992 a
2257 4949 2489 5008 quatuor
2514 4940 2692 4995 ventis
2719 4940 2978 4995 excitata:
3007 4942 3286 5009 dicuntur,
3332 4944 3385 4997 in
3423 4960 3492 4998 eo
3518 4945 3773 5014 impletum

2206 5032 2273 5087 ad
2302 5032 2544 5088 litteram
2590 5032 2947 5101 conspicitur,
2998 5034 3142 5102 quod
3176 5037 3433 5091 consules
3474 5038 3580 5091 duo
3609 5043 3773 5090 contra

2207 5123 2432 5178 totidem
2463 5125 2816 5193 imperatores
2849 5124 3181 5180 rebellantes
3223 5129 3515 5196 prredictas
3563 5140 3775 5197 quatuor

2205 5216 2405 5273 bestias
2433 5232 2597 5287 super
2620 5216 2777 5271 Rom.
2808 5217 3097 5287 imperium
3147 5236 3179 5275 e
3229 5222 3609 5278 remotissimis
3635 5219 3775 5276 terris

2204 5309 2547 5364 adduxerunt
2579 5326 2593 5362 :
2626 5309 2893 5379 siquidem
2931 5311 3120 5366 Stilico
3150 5328 3317 5367 comes
3354 5324 3527 5381 spreto
3560 5313 3775 5368 Honorio

2204 5402 2460 5469 principe,
2495 5418 2810 5473 regnumque
2838 5404 2949 5474 ejus
2982 5404 3211 5471 iniriam,
3249 5407 3560 5474 Alanorum,
3595 5409 3771 5462 Sum-

2203 5512 2318 5547 rum
2358 5494 2841 5567 Wandalorumth
2870 5509 3043 5568 gentes
3069 5499 3221 5553 donis
3248 5502 3577 5571 pecuniisque
3597 5500 3774 5555 illectus

2201 5595 2381 5642 contra
2401 5604 2615 5660 regnum
2644 5586 2865 5642 Honorii
2890 5590 3129 5644 excitavit
3156 5606 3173 5656 ;
3216 5590 3442 5660 lin/inus
3467 5609 3579 5648 vero
3612 5588 3771 5645 Petri-

2201 5682 2311 5735 rius
2341 5679 2569 5736 Arcadio
2615 5680 2843 5752 principi
2884 5680 3102 5738 insidias
3151 5683 3366 5739 tendens
3394 5684 3647 5740 Maricam
3676 5679 3771 5736 Go-
