3908 6302
131 237 218 294 581'

564 234 1090 294 APPENDIX—lN
1135 236 1580 298 PROPIIETIAM
1623 236 1944 297 D.\NlELlS
1987 241 2071 297 DE
2113 243 2448 311 QUATUOR
2491 248 2924 308 ANIilALlBUS.

3294 255 3400 312 589

129 353 310 412 tiaram
359 363 525 423 regem
576 351 819 422 infestum
865 352 1112 423 Reipubl.
1165 355 1305 424 fecit.
1341 354 1521 412 Verba
1568 363 1694 409 sunt
1725 363 1768 416 Α
1803 357 1928 410 vias.
1966 358 2235 416 Habemus
2265 363 2474 421 Alanos
2505 365 2556 420 in
2585 365 2753 422 lamna
2775 367 2889 422 alas
2917 369 3116 440 aquilae
3163 369 3400 426 habente

130 443 399 500 Marcellini
421 444 635 500 comitis
673 444 728 500 in
780 445 986 501 Chron.
1017 447 1084 502 ad
1123 463 1300 503 annos
1343 449 1556 504 Domini
1588 451 1696 506 595

129 545 177 590 et
196 534 310 591 £08.
353 534 505 601 Quod
547 551 680 592 vero
727 536 796 594 de
818 538 954 592 mari
984 541 1332 594 ascenderint
1363 551 1551 609 postea
1610 544 1692 597 sic

128 627 389 697 exponitur
415 627 484 682 ab
510 626 739 698 Angela,
770 640 830 684 ut
851 645 1002 686 mare
1024 631 1286 686 mundum
1319 632 1496 701 ipsum
1524 633 1694 704 signi-

129 722 251 790 ticet,
281 737 398 778 nam
421 737 546 794 quae
566 724 716 792 prius
737 723 1060 782 dicebantur
1084 725 1153 782 de
1182 727 1320 781 mari
1350 727 1688 792 ascendisse,

126 824 286 886 postea
330 816 395 874 de
444 825 592 873 terra
619 820 1034 877 consurrexisse
1089 820 1365 875 dicuntur.
1400 820 1505 876 Sed
1559 833 1692 876 vero

128 907 260 964 facile
283 908 444 965 etiam
467 907 700 980 intelligi
732 921 960 981 possunt
985 927 1069 968 ea:
1092 914 1343 968 nationes
1394 913 1448 967 in
1489 911 1688 982 Hispa-

124 1002 245 1060 niam
272 1002 335 1058 de
361 1002 498 1058 mari
525 1004 844 1060 ascendisse
892 1021 990 1076 per
1038 1017 1276 1077 quatuor
1315 1014 1508 1061 ventos
1536 1005 1684 1069 cali,

122 1109 222 1149 cum
266 1108 398 1162 pene
422 1095 570 1152 omni
627 1111 693 1152 ex
749 1105 902 1165 parte
958 1098 1204 1153 maribus
1263 1097 1442 1152 cincta
1488 1097 1597 1151 sit:
1631 1106 1690 1153 es

122 1183 325 1239 sciamus
352 1185 558 1239 Alanos
579 1183 989 1244 Occidentalem
1016 1189 1232 1258 plagam
1261 1202 1583 1258 occupasse,
1608 1187 1685 1242 ni-

122 1277 290 1334 mirum
315 1276 671 1342 Lusitaniam;
701 1278 1000 1336 Wandaios
1031 1280 1463 1346 Meridionalem,
1494 1280 1550 1334 id
1576 1288 1681 1345 est,

120 1368 362 1425 Breticam:
392 1369 608 1426 Suevos
639 1371 1166 1442 Septentrionalem,
1199 1373 1458 1429 videlicet
1481 1372 1683 1428 Gallm-

121 1461 235 1516 ciam
261 1471 312 1518 et
337 1463 629 1520 Asturias:
662 1464 979 1536 Gothosque
1029 1467 1098 1521 ab
1132 1466 1394 1522 Orientali
1447 1466 1683 1520 intrasse

116 1552 460 1612 Ruscinonem.
1731 1625 1734 1628 λ

174 1644 255 1698 llis
283 1647 489 1703 accedit
517 1647 663 1718 quod
696 1649 886 1704 nullihi
940 1650 1188 1720 gentium
1233 1656 1470 1718 quatuor
1519 1648 1678 1702 simul

118 1734 336 1794 barbara:
361 1741 868 1796 uationesintrasse
901 1741 1386 1810 reperiuntur,nisi
1410 1744 1463 1794 in
1490 1739 1679 1808 Hispa-

115 1824 269 1891 niam;
301 1827 422 1883 licet
448 1830 600 1884 cnim
633 1831 685 1884 in
717 1830 926 1885 Italiam
957 1845 1195 1901 quoque,
1244 1841 1299 1884 et
1339 1828 1596 1896 Galliam,
1623 1839 1685 1885 et

115 1916 428 1974 Germaniam
453 1921 652 1988 Alani,
681 1921 930 1977 Wandali
958 1963 974 1987 ,
1009 1922 1174 1977 Suevi
1215 1931 1270 1976 et
1299 1920 1462 1976 Gothi
1503 1921 1678 1976 intra-

109 2010 279 2076 verint,
311 2028 414 2070 non
443 2023 628 2070 tamen
655 2015 760 2070 soli
780 2015 916 2070 sicut
933 2016 985 2070 in
1009 2015 1343 2084 Hispaniam.
1368 2013 1678 2082 Namﬁsimul

109 2118 214 2159 cum
231 2106 307 2161 eis
330 2107 468 2163 Huni
494 2120 548 2164 et
574 2109 736 2164 Eruli
758 2110 1102 2164 intraverunt
1129 2118 1184 2164 et
1205 2109 1420 2164 tandem
1467 2109 1680 2180 Longo-

109 2196 274 2256 bardi:
301 2201 386 2270 qui
409 2217 604 2257 oinncs
631 2202 700 2256 ab
723 2202 998 2272 Hispaniis
1043 2202 1451 2257 abstinuerunt.
1499 2201 1680 2269 Quare

110 2296 266 2350 solum
295 2296 344 2352 in
392 2297 688 2367 HiSpanias
709 2309 944 2370 quatuor
964 2339 980 2365 ,
1035 2313 1136 2353 nec
1166 2296 1371 2366 plures,
1400 2311 1504 2351 nec
1549 2312 1680 2366 pau-

110 2391 260 2442 ciores
285 2390 539 2460 ingressae
569 2399 731 2445 sunt:
767 2401 823 2448 et
849 2392 994 2462 quod
1035 2400 1198 2461 caput
1223 2402 1306 2447 est
1339 2433 1354 2457 ,
1405 2392 1677 2446 universa:

111 2482 377 2550 praplietiae
407 2485 838 2540 circumstantia:
862 2487 912 2540 in
941 2486 1058 2541 sola
1097 2485 1355 2555 Hispania
1388 2485 1675 2538 verificano

110 2582 198 2628 tur.
231 2576 282 2630 lu
317 2580 504 2647 primis
534 2580 672 2635 ordo
702 2580 1000 2636 bestiarum
1024 2622 1038 2647 ,
1071 2581 1250 2635 ordini
1293 2581 1576 2635 nationum
1619 2579 1674 2634 iu

110 2664 364 2736 Hispanias
391 2672 715 2728 intrantium
757 2674 1181 2744 correspondet,
1238 2673 1343 2730 hoc
1397 2673 1668 2744 siquidem

108 2761 273 2816 ordine
298 2765 364 2820 ab
390 2765 565 2820 Idalio
585 2775 640 2822 et
666 2767 862 2823 Orosio
892 2769 1261 2822 nominantur.
1300 2768 1504 2823 ldatius
1526 2766 1672 2823 enim

108 2852 183 2919 ait,
209 2854 360 2910 Alani
384 2868 434 2910 et
462 2857 719 2912 Wandali
743 2898 760 2926 ,
794 2869 842 2913 et
883 2859 1040 2914 Saevi
1086 2858 1375 2929 Hispanias
1412 2860 1670 2931 ingressi,

105 2954 216 3012 εις..
261 2958 314 3004 et
363 2960 486 3015 post
543 2965 718 3007 annos
767 2935 1005 3022 septem,
1039 2952 1343 3021 Ataulphus
1391 2966 1514 3007 cum
1563 2950 1673 3006 Go-

106 3035 193 3091 this
218 3038 589 3118 Barcinoncm.
643 3043 868 3100 Orosius
897 3055 1081 3100 autem
1111 3045 1205 3098 lib.
1237 3059 1329 3110 vn,
1368 3058 1489 3111 cap.
1535 3043 1667 3098 ult.:

1803 451 2022 514 pmorie
2053 453 2188 507 satis
2221 453 2507 521 denotari;
2563 459 2660 513 scd
2711 459 2854 516 unde
2897 461 3130 518 celerem
3178 463 3396 518 illorum

1798 540 2143 597 abolitionem
2177 546 2498 603 educimus?
2515 561 2665 620 quot,
2689 566 2844 622 rogo,
2869 567 3066 616 annos,
3087 568 3281 610 eorum
3302 568 3402 609 vo—

1797 628 1929 685 larit
1953 635 2245 702 superbia?
2269 637 2551 695 Decimum
2582 658 2694 697 non
2731 643 3192 712 adimpleverunt,
3237 645 3283 700 si
3331 645 3397 700 li-

1796 718 1892 776 des
1916 722 2090 780 [datio
2120 725 2367 784 habenda
2391 714 2613 801 est,.qui
2636 748 2783 789 anno
2824 734 3038 790 Domini
3079 736 3207 800 418,
3239 745 3298 792 et
3324 736 3396 792 94

1794 811 2014 868 Arcadii
2053 824 2106 872 ct
2141 815 2390 884 Honorii,
2437 822 2550 876 haec
2591 824 2778 879 scribit
2810 842 2824 880 :
2860 826 3016 881 Alani
3043 829 3129 896 qui
3156 827 3398 883 Wanda-

1792 902 1856 958 lis
1876 913 1924 958 et
1950 905 2141 962 Suecis
2171 911 2594 978 potentabantur,
2614 915 2745 970 adeo
2775 917 2896 970 arsi
2916 928 3038 972 sunt
3058 935 3087 971 α
3105 917 3311 986 Gothis,
3339 930 3398 974 ut

1791 997 2047 1052 eastincto
2061 999 2218 1054 Atace
2241 1002 2391 1069 (aliis
2411 1003 2448 1055 Α
2447 1005 2598 1075 jure)
2619 1021 2738 1076 rege
2754 1006 3008 1074 ipsorum,
3029 1011 3182 1078 pauci
3200 1010 3290 1080 qui
3309 1027 3398 1068 stt-

1791 1094 2110 1161 perfuerant.
2143 1093 2338 1150 abolito
2366 1097 2511 1166 regni
2535 1098 2743 1153 nomine
2758 1098 2908 1168 (ecce
2929 1099 3208 1169 quomodo
3228 1115 3395 1156 ever-

1789 1196 1864 1237 sa:
1893 1193 2023 1239 sunt
2047 1183 2150 1240 alte
2197 1183 2340 1254 ejus)
2378 1187 2443 1242 de
2482 1186 2765 1242 Gunderici
2797 1190 2933 1261 regis
2986 1189 3390 1258 Wandalorum,

1787 1273 1909 1341 qui,
1933 1274 1987 1330 in
2015 1273 2267 1331 Callaecia
2295 1279 2555 1355 resederat
2580 1319 2596 1346 ,
2631 1282 2922 1351 patrocinio
2945 1298 2998 1336 se
3025 1282 3392 1355 subjugareut.

1785 1364 1902 1420 Jam
1935 1383 2068 1438 ergo
2096 1370 2236 1425 inea
2260 1372 2481 1428 natione
2507 1374 2819 1429 veriticatur
2861 1374 3006 1444 quod
3037 1393 3196 1447 super
3237 1378 3392 1448 pedes

1787 1463 1933 1528 quasi
1951 1459 2106 1516 Itonia
2136 1465 2300 1527 stetit,
2325 1474 2374 1518 et
2415 1481 2505 1519 cor
2529 1466 2758 1524 hominis
2807 1467 2988 1522 datum
3037 1477 3112 1526 est
3161 1470 3229 1524 ei.
3283 1469 3392 1527 Ex-

1783 1553 1966 1605 stincti
1996 1568 2126 1610 vero
2145 1564 2272 1608 sunt
2298 1570 2327 1610 a
2356 1555 2534 1610 Walia
2557 1557 2856 1614 Gothorum
2891 1574 3051 1628 rege,
3080 1562 3174 1631 qui
3207 1562 3388 1620 eodem

1785 1663 1923 1700 anno
1958 1646 2040 1718 (ut
2061 1649 2243 1703 verbis
2270 1659 2392 1705 utar
2413 1651 2588 1720 ldatii)
2614 1651 2838 1708 Romani
2861 1654 3085 1710 nominis
3107 1670 3265 1710 causa
3295 1656 3380 1708 in-

1784 1748 1864 1794 tra
1919 1740 2205 1809 Hispanias
2271 1748 2436 1797 cwdes
2468 1747 2722 1799 maximas
2780 1743 3131 1800 Barbarorunt
3184 1747 3382 1816 effecit.

1786 1833 2037 1903 Suntqni
2067 1837 2386 1891 existiment
2415 1837 2745 1894 Cathalanos
2788 1840 2972 1894 vacari
3002 1856 3165 1908 nunc,
3220 1841 3386 1910 quasi

1784 1923 1996 1979 Gothos
2054 1926 2280 1993 Alanos,
2335 1927 2480 1998 quod
2535 1927 2690 1984 Alani
2738 1930 2930 1985 Gothis
2975 1931 3210 2000 subjecti
3257 1948 3383 1990 eam.

1784 2014 2063 2084 Hispaniae
2094 2027 2302 2083 partem
2351 2020 2765 2086 occupaverint.
2813 2030 2868 2076 et
2915 2023 3131 2092 utrique
3180 2036 3378 2080 nomen

1785 2109 2077 2177 provincia:
2104 2110 2378 2174 dederint.
2439 2111 2558 2166 Nan
2598 2113 2833 2168 deerunt.
2871 2116 3072 2184 quibus
3105 2116 3374 2181 arrident,

1783 2213 1892 2254 non
1916 2200 2036 2254 sine
2061 2203 2344 2270 mysterio.
2371 2202 2573 2258 Alanos
2598 2219 2695 2274 per
2719 2206 2940 2262 allatam
2970 2207 3197 2264 lea'nam
3219 2208 3371 2279 signi

1782 2289 1958 2357 ﬁcari,
1984 2302 2039 2345 ut
2071 2293 2292 2350 nomine
2315 2294 2526 2355 bestiae.
2555 2310 2752 2350 nomen
2773 2299 2936 2351 etiam
2961 2298 3195 2354 nationis
3217 2301 3375 2370 signi-

1783 2383 1955 2440 fiCata:
1979 2386 2316 2442 indicaretur
2349 2406 2359 2440 :
2395 2398 2450 2442 et
2481 2388 2620 2443 idem
2647 2388 2830 2444 forsan
2861 2389 2931 2445 de
2971 2392 3142 2460 prima
3196 2392 3374 2450 littera

1781 2478 2039 2534 secundae
2079 2479 2270 2534 bestim
2297 2488 2354 2535 et
2385 2481 2622 2535 nationis
2655 2483 2830 2538 notari
2877 2483 3040 2538 alicui
3071 2483 3283 2552 libebit,
3319 2486 3372 2542 in

1780 2583 1912 2624 urso
1953 2569 2208 2628 videlicet
2237 2570 2532 2629 Wandalos
2556 2571 2924 2644 signiﬁcatus;
2981 2574 3078 2632 sed
3109 2577 3372 2636 solidiore

1781 2677 2195 2733 prosequamur.

1852 2756 2096 2810 Secunda
2118 2755 2298 2819 bestia,
2324 2755 2593 2812 ll'andali.
2651 2789 2722 2800 -
2764 2759 2890 2816 Tria
2920 2777 3136 2833 quoque
3175 2764 3243 2820 de
3281 2778 3370 2820 sc-

1777 2848 1958 2903 cunda
1985 2847 2155 2903 bestia
2186 2849 2464 2915 dicuntur,
2519 2866 2638 2920 quae
2682 2851 2963 2908 Wandalis
3004 2855 3071 2911 ad
3123 2871 3364 2926 unguem

1777 2940 2147 2995 conveniunt:
2181 2941 2242 2995 1ο
2273 2940 2416 3010 quod
2439 2951 2548 2995 erat
2571 2942 2761 2998 similis
2792 2961 2952 3009 urso;
2999 2947 3052 3000 in
3103 2962 3214 3017 quo
3241 2963 3366 3004 cum

1776 3031 1973 3088 duritia
2005 3042 2056 3088 et
2085 3033 2371 3088 ferocitate
2409 3035 2718 3103 part-iorem
2767 3039 2966 3093 victum
3025 3049 3214 3097 notant
3261 3041 3367 3096 Da-

107 3129 339 3202 Qltamis,
362 3135 556 3205 inquit.
580 3137 868 3191 Alanorum
894 3177 910 3203 ,
947 3135 1330 3192 Wandalorum
1358 3136 1673 3191 Sueuorum-

1784 3124 1936 3179 nielis
1959 3123 2308 3193 interpretes;
2337 3124 2401 3180 2°
2429 3127 2571 3195 quod
2631 3138 2733 3182 tres
2772 3131 2980 3188 ordines
3011 3141 3155 3186 erant
3193 3132 3247 3188 in
3277 3149 3366 3190 ars

103 3239 179 3292 que
201 3244 336 3298 reges
358 3232 534 3284 eodem
580 3231 845 3287 nobiscum
875 3231 1067 3302 placita
1093 3230 1296 3302 depacti
1326 3231 1513 3299 forent,
1558 3237 1666 3285 etc.

103 3312 255 3373 Prima
272 3322 496 3389 proinde
514 3323 691 3379 bestia
718 3324 940 3391 Alanos,
958 3323 1198 3379 secunda
1220 3321 1541 3386 Wandalos,
1558 3331 1669 3376 ter-

102 3406 160 3462 tia
176 3410 398 3482 Suevos,
422 3427 621 3488 quarta
646 3417 853 3473 Gothos
865 3417 1134 3488 significat
1152 3433 1164 3469 :
1184 3425 1236 3470 et
1260 3414 1663 3486 propriissime;

100 3504 497 3579 uniuscujusque
541 3511 742 3565 etenim
773 3510 985 3579 prapria
1020 3510 1172 3579 signa
1196 3506 1530 3562 describunt.

1773 3221 1885 3289 ejus
1911 3226 1958 3270 et
1982 3217 2220 3273 dentibus
2246 3221 2382 3289 ejus.
2408 3218 2672 3274 Nimirum
2720 3222 2977 3292 quoniam
3017 3223 3070 3278 in
3102 3233 3213 3288 tres
3241 3240 3364 3294 par-

1774 3320 1855 3368 tes
1886 3327 2112 3381 regnum
2139 3311 2273 3366 illud
2299 3321 2420 3367 erat
2445 3313 2819 3381 dividendum,
2868 3325 2926 3373 et
2979 3319 3180 3389 ubique
3207 3318 3361 3380 fero-

1772 3403 1912 3458 ciam
1943 3403 2333 3469 cxerciturum;
2358 3407 2419 3460 5°
2457 3404 2697 3477 denique
2716 3407 2860 3478 quod
2891 3408 2939 3465 ei
2973 3411 3073 3466 soli
3103 3411 3243 3470 inter
3257 3426 3364 3470 ca:-

1773 3503 1921 3552 teras
1953 3496 2152 3552 bestias
2175 3497 2379 3554 dictum
2415 3497 2534 3563 fuit,
2568 3499 2760 3569 Surge,
2790 3504 2996 3560 comede
3035 3521 3218 3560 carnes
3244 3505 3364 3574 plu-

157 3595 328 3654 Ρνίηω
372 3603 556 3670 gem-0’
607 3602 781 3656 Nam;
836 3631 909 3643 __
937 3600 1064 3655 Tria
1115 3614 1248 3654 sane
1287 3597 1458 3653 bestia
1491 3597 1668 3667 prima
1771 3588 1951 3642 rimas.
1985 3588 2053 3644 Et
2077 3598 2223 3645 recte
2257 3589 2354 3644 tria
2385 3589 2506 3646 haec
2526 3590 2596 3647 de
2625 3591 2909 3648 Wandalis
2941 3595 3365 3669 dicuntur,quo—

98 3686 328 3749 habuisse
351 3693 553 3749 dicitur
577 3713 590 3749 :
626 3697 685 3750 ιο
715 3693 859 3762 quod
881 3702 994 3748 erat
1017 3692 1166 3761 quasi
1196 3692 1383 3758 leaena,
1410 3689 1668 3744 nimirum
1771 3694 1891 3738 rum
1920 3681 2238 3749 parcitatem
2272 3682 2468 3748 victus,
2503 3685 2614 3738 ursi
2649 3685 2900 3756 symbolo
2924 3687 3238 3750 denotatam
3265 3733 3282 3758 ,
3309 3701 3370 3752 et

101 3791 392 3842 ceterarum
418 3801 480 3843 se
506 3787 797 3858 reputabat
824 3785 1100 3856 reginam;
1137 3797 1262 3837 nam
1315 3781 1403 3836 leo
1448 3781 1500 3834 in
1551 3780 1668 3834 ani-

101 3875 302 3932 malibus
330 3877 620 3947 imperium
640 3879 824 3943 habet;
839 3877 904 3930 2ο
919 3875 1063 3947 quod
1092 3875 1205 3928 alas
1219 3871 1435 3927 habebat
1453 3871 1667 3942 aquila,

99 3962 185 4022 hoc
209 3979 306 4037 est,
338 3987 524 4045 regem
560 3972 887 4043 superbum;
938 3985 1064 4025 nam
1110 3968 1296 4038 aquila
1346 3967 1489 4038 regis
1521 3964 1666 4020 indi-

101 4059 219 4116 cium
245 4073 348 4133 est,
383 4075 440 4120 et
465 4064 927 4136 quemadmodum
983 4064 1034 4117 in
1085 4060 1346 4117 cornibus
1375 4070 1432 4114 et
1472 4056 1667 4128 capiti-

1772 3772 2173 3840 castimoniam,
2225 3789 2346 3842 quin
2401 3773 2527 3829 inde
2567 3778 2961 3845 consequitur.
3015 3795 3365 3847 summopere

1772 3863 1956 3918 laudat
1981 3864 2268 3920 Salvianus
2298 3865 2662 3923 Massiliensis
2715 3869 2808 3926 lib.
2843 3888 2918 3928 vn
2947 3872 3017 3928 de
3063 3874 3362 3932 Providen-

1774 3951 1866 4006 tia.
1894 3953 2088 4024 lnejus
2120 3965 2300 4007 autem
2335 3969 2430 4010 ore
2475 3964 2586 4010 trcs
2636 3957 2858 4014 ordines
2906 3960 3154 4020 dentium
3197 3962 3365 4022 fuisse

1773 4043 2049 4106 dicuntur,
2069 4047 2192 4114 quia
2221 4059 2341 4098 cum
2367 4060 2470 4100 una
2498 4046 2703 4117 quaevis
2728 4059 3048 4108 exterarum
3080 4054 3362 4112 nationum

105 4147 187 4206 bus
215 4153 528 4222 bestiarum,
561 4155 634 4210 ita
669 4166 724 4212 et
752 4157 806 4210 in
851 4155 955 4209 alis
1000 4166 1162 4222 reges
1201 4150 1568 4206 denatantur:
1616 4154 1672 4201 et

1784 4152 1892 4198 ise
1917 4136 2148 4192 invicem
2200 4153 2496 4207 numquam
2542 4139 2892 4208 discesserit;
2949 4143 3202 4202 Wandali
3249 4156 3364 4208 tres

99 4247 405 4307 generaliter
431 4263 464 4301 a
488 4248 724 4317 paritate
755 4242 1302 4332 rationisaquidquid
1338 4241 1542 4296 habere
1587 4239 1672 4294 di-

101 4347 272 4393 cuntur
299 4355 466 4411 super
485 4355 547 4396 se
577 4355 738 4411 reges
761 4348 914 4406 sunt;
939 4343 1004 4396 5°
1032 4338 1178 4410 quod
1198 4337 1442 4393 breviter
1481 4334 1670 4405 deplu-

103 4440 221 4485 mata
260 4445 363 4499 est,
413 4445 470 4490 et
519 4435 760 4503 dignitas
810 4434 957 4503 regia
1019 4432 1088 4488 ab
1141 4446 1206 4488 ea
1266 4430 1368 4485 fuit
1409 4430 1604 4486 ablata
1652 4445 1668 4484 :

1774 4232 2017 4286 diversas
2043 4228 2352 4300 provincias
2380 4242 2710 4303 occuparunt
2735 4247 2750 4298 ;
2794 4245 2851 4294 et
2884 4236 3119 4306 primum
3142 4239 3364 4308 quidem

1775 4323 2161 4379 Wandalorum
2197 4322 2445 4380 nonnulli
2482 4323 2550 4379 ad
2571 4322 2886 4384 Gallxciam
2946 4345 3111 4400 prope
3155 4331 3384 4392 Saeuus.

1775 4418 1938 4472 sedes
1960 4416 2216 4482 ﬁxerunt,
2247 4415 2339 4470 alii
2368 4431 2499 4472 vero
2525 4421 2855 4486 cognomine
2893 4419 3088 4492 Silingi
3111 4422 3177 4478 ad
3206 4424 3368 4483 Βωιί-

100 4520 394 4591 Aspiciebam
417 4528 581 4581 donec
603 4527 794 4582 evulsa:
813 4535 936 4580 sunt
961 4525 1064 4580 alte
1099 4527 1235 4594 ejus,
1286 4531 1334 4578 et
1362 4522 1569 4577 sublata
1595 4531 1670 4578 est

1784 4525 1896 4574 cam
1927 4510 2310 4575 declinarunt;
2345 4519 2400 4566 et
2429 4510 2650 4570 tandem
2681 4511 2941 4570 fortiores
2971 4515 3212 4586 ipsorum
3234 4517 3370 4574 Alri-

99 4612 152 4666 de
170 4625 314 4686 terra,
335 4630 385 4673 et
407 4634 569 4688 super
600 4619 754 4686 pedes
779 4618 930 4688 quasi
952 4617 1106 4672 homo
1127 4615 1264 4671 stetit
1289 4632 1308 4670 :
1338 4614 1596 4670 videlicet
1611 4622 1674 4669 ut

98 4705 200 4761 aliis
232 4713 533 4777 assisteret,
561 4712 880 4768 servitutem
911 4711 1192 4780 amplexa;
1238 4725 1358 4779 quire
1385 4710 1532 4764 enim
1581 4724 1672 4764 su-

99 4798 391 4862 perbissima
417 4803 662 4858 omnium
688 4803 799 4858 alta
828 4800 980 4858 dese
1009 4799 1400 4870 praesumebat,
1441 4807 1513 4876 οι,
1544 4799 1671 4855 ferae

100 4884 323 4948 induerat
347 4895 642 4962 savitiam,
673 4906 959 4950 mansueta
981 4899 1038 4949 et
1060 4890 1366 4947 tractabilis
1392 4889 1532 4946 facta
1563 4899 1669 4946 est.

98 4976 268 5040 Elboc
295 4987 546 5058 estquod
574 4986 796 5052 dicitur,
842 4995 888 5040 et
919 5001 1009 5040 eor
1032 4984 1257 5039 hominis
1280 4983 1463 5038 datum
1485 4991 1560 5036 est
1581 4981 1630 5035 ei
1653 4996 1674 5036 .°

101 5071 278 5130 Alanos
305 5079 452 5136 omni
485 5077 650 5136 modo.
672 5077 760 5134 hic
784 5087 942 5148 typus
971 5075 1280 5132 adumbrat.
1311 5073 1674 5130 Potentahanv

103 5169 175 5217 tur
215 5165 495 5226 Wandalis
528 5180 584 5225 et
631 5168 860 5233 Suevis;
907 5167 1118 5224 Gothos
1156 5165 1548 5234 despiciebant.
1608 5165 1676 5224 Et

99 5259 292 5325 quando
317 5260 573 5318 Wandali
599 5261 759 5316 simul
785 5270 841 5316 et
864 5258 1357 5316 SueviGallzeciam
1385 5257 1558 5312 solam
1581 5270 1676 5314 oc-

100 5363 358 5420 cuparat.
391 5354 550 5411 Alani
577 5355 820 5428 potiores
860 5353 1136 5422 Hispaniae
1167 5349 1477 5422 provincias
1508 5365 1670 5408 acce-

100 5455 290 5508 perunt.
345 5429 834 5516 Carthaginensein
886 5445 1101 5501 scilicet
1176 5453 1232 5500 et
1284 5442 1676 5500 Lusitaniam:

100 5529 372 5594 Gallacfaiu
406 5537 658 5594 Waudali
699 5545 973 5609 occupant,
1025 5546 1073 5591 et
1122 5535 1280 5591 Sueri
1333 5534 1434 5604 (ait
1478 5534 1682 5592 ldatitts

99 5636 224 5680 anno
261 5627 474 5684 homini
502 5628 634 5699 4H)
654 5630 806 5682 sitam
829 5629 882 5682 in
911 5627 1240 5683 extremitate
1273 5625 1467 5686 Oceani
1516 5626 1678 5679 auaris

103 5717 294 5782 occidua
311 5738 331 5788 ς
351 5719 510 5778 Alani
538 5718 871 5777 Lusitanians
899 5730 948 5776 et
975 5717 1442 5790 Carlhaginensem
1465 5715 1677 5786 provin-

1778 4619 1898 4660 cam
1928 4612 2214 4675 ceperunt,
2245 4612 2298 4659 et
2320 4603 2695 4666 devastarunt.
2725 4604 2800 4664 lta
2841 4622 2974 4664 sane
3021 4624 3088 4666 es
3145 4609 3372 4678 Oresio,

1777 4693 2004 4753 lsodoro
2031 4703 2084 4750 et
2114 4693 2286 4750 ldatio
2307 4694 2535 4752 credere
2555 4695 2868 4764 cdocemur,
2904 4699 3064 4769 hujus
3093 4700 3372 4772 siquidem

1780 4790 1965 4858 (quem
1997 4787 2104 4843 duo
2125 4790 2215 4843 alii
2245 4789 2575 4862 sequuntur)
2603 4790 2766 4846 verba
2809 4801 2959 4846 sunt.
2999 4794 3140 4850 Ann.
3171 4792 3235 4848 17
3266 4793 3346 4852 Ar

1781 4882 1920 4937 cadii
1953 4891 2006 4937 et
2037 4881 2258 4937 Ilonorii
2293 4899 2307 4935 :
2339 4881 2646 4940 Gatlwciam
2703 4881 2955 4938 Wundati
3007 4893 3282 4954 occupant,
3326 4894 3376 4942 et

1782 4974 1941 5031 διιευὶ
1969 4975 2124 5031 Alani
2148 4975 2472 5032 Lusitaniam
2498 4985 2544 5030 et
2571 4975 3024 5047 Carthaginensein
3048 4981 3338 5048 provincias
3352 4998 3375 5050 ;

1777 5077 1825 5122 et
1859 5067 2113 5125 Wandali
2133 5069 2441 5141 coquomine
2476 5069 2669 5139 Siliugi
2711 5067 2960 5126 Bwticam
3001 5073 3309 5141 sortiuntur,
3341 5089 3378 5136 ἢ

1781 5161 1976 5232 quibus
1997 5160 2351 5218 Wandalusia
2376 5161 2721 5230 postmodum
2752 5162 3016 5231 appellari
3043 5165 3226 5235 carpit.
3255 5169 3374 5225 An-

1782 5270 1854 5309 no
1883 5253 2083 5310 deinde
2134 5253 2168 5308 5
2218 5252 2517 5318 Theodosii,
2574 5251 2884 5308 Gensericus
2922 5271 3016 5312 res
3064 5256 3128 5313 de
3166 5257 3378 5315 Baetim:

1784 5348 2063 5419 provincia:
2108 5345 2280 5400 littore
2317 5363 2436 5400 cum
2469 5345 2751 5402 Waudafis
2793 5349 3057 5417 omnibus,
3103 5367 3380 5424 eorumqt'e.

1786 5437 2022 5510 familiis,
2054 5454 2224 5492 mense
2251 5438 2396 5492 Maio
2427 5438 2494 5492 ad
2521 5436 2924 5508 Mauritaniam,
2967 5453 3015 5500 et
3037 5445 3269 5515 Africam
3297 5463 3379 5502 τε.

1787 5531 1920 5585 lictis
1947 5529 2149 5584 transiit
2180 5526 2470 5599 Hispaniis.
2495 5529 2702 5600 Ubique
2747 5541 2932 5594 tamen
2979 5535 3175 5592 dentes
3219 5553 3376 5600 suos.

1787 5620 1842 5675 id
1889 5630 1994 5681 est,
2045 5617 2318 5674 feritatem
2371 5619 2425 5676 in
2481 5634 2672 5680 servos
2721 5619 2923 5680 Christi
2989 5637 3372 5689 exercuerunt,

1787 5719 1982 5768 concta
2011 5724 2202 5766 eorum
2230 5708 2369 5776 bona
2403 5711 2802 5784 depracdantes,
2824 5729 2891 5773 ac
2921 5715 3149 5775 miseros
3178 5716 3376 5782 misere
