3908 6292
533 219 641 275 583

1442 214 1737 272 FLAVIUS
1774 212 2022 271 LUCIUS
2060 210 2344 269 DEXTER
2382 212 2911 272 CHRONOLOGUS.

3668 216 3777 277 ’581

533 334 892 390 trucidantes.
920 334 1144 405 Egimus
1169 334 1221 388 in
1257 333 1632 403 superioribus
1658 332 1726 387 de
1754 332 1811 387 S.
1839 330 2123 385 Vincentia
2154 330 2206 389 Α
2236 332 2543 399 Decembri,
2577 348 2607 386 a
2631 332 2968 389 Theoderico
2998 331 3304 389 Gothorum
3326 347 3472 404 rege.
3492 333 3579 391 iV.
3603 334 3784 393 Biecia-

530 428 814 485 Cauriensi
847 430 898 484 in
928 430 1129 484 Baetica
1160 445 1189 482 a
1221 427 1505 483 Wandalis
1528 427 1792 498 martyrio
1821 432 2121 488 coronata;

532 522 707 593 deque
736 523 837 579 SS.
872 521 1199 593 martyribus
1224 519 1480 585 Arcadio,
1518 531 1573 575 et
1598 519 1765 574 sociis
1805 518 1874 573 ab
1916 518 2125 573 eisdem

533 616 749 669 occisis.
785 614 861 670 De
890 613 970 669 his
1000 629 1132 669 vero
1160 629 1297 683 quos
1318 613 1589 675 Bracarze,
1624 612 1894 668 Gallam-ia:
1927 620 2129 666 metro-

533 704 664 773 poli,
692 703 1031 773 jugularunt,
1058 702 1252 758 scribit
1276 703 1393 771 ipse
1416 702 1622 757 ldatius
1652 703 1721 757 ad
1745 718 1945 757 annum
1967 701 2124 755 Dom.

529 796 636 851 420
664 808 717 852 et
744 796 869 852 627.
897 797 964 852 Et
993 798 1148 868 quasi
1175 813 1362 867 parum
1400 797 1468 853 de
1510 796 1769 853 carnibus
1799 795 2128 851 Christianis

528 889 919 956 comedissent,
966 907 1175 961 surgere
1224 906 1413 946 rursus
1459 891 1723 959 jubentur
1780 900 1828 944 et
1858 889 2129 943 comedere

530 996 709 1035 carnes
738 982 1015 1053 plurimas,
1050 997 1159 1051 quo
1190 980 1485 1037 deuictalur
1518 981 1817 1036 Wandalos
1846 996 1873 1033 a
1906 981 2128 1036 sedibus

529 1089 665 1144 quas
703 1075 858 1145 prius
887 1075 940 1129 in
981 1075 1243 1145 Hispania
1287 1075 1564 1130 habebant
1612 1076 1940 1141 surrexisse,
1974 1083 2029 1129 et
2074 1078 2128 1128 in
2162 1096 2163 1099 η

532 1164 772 1219 Africam
808 1166 1220 1233 transfretasse,
1249 1168 1338 1222 ubi
1381 1167 1821 1237 persecutionem
1849 1167 1992 1221 illam
2026 1181 2128 1221 no-

532 1256 821 1324 tissimam,
850 1260 919 1316 ab
947 1260 1029 1315 eis
1062 1259 1435 1315 Wand-alicam
1480 1272 2129 1330 nuncupatam,commo-

530 1360 750 1418 verunt,
773 1367 935 1409 causa
961 1354 1255 1409 Arianismi
1285 1354 1597 1419 inducendi,
1614 1370 1734 1425 qua:
1759 1362 1837 1408 tot
1860 1354 2127 1425 myriades

534 1459 833 1520 martyrum
873 1447 985 1503 Deo
1019 1449 1367 1503 consecravit
1432 1458 1485 1503 et
1537 1464 1566 1501 a
1624 1449 1841 1503 Victore
1887 1446 2127 1503 Uticensi

529 1542 730 1611 scripta
769 1550 871 1596 est.
929 1541 1011 1597 0b
1063 1541 1113 1595 id
1168 1552 1317 1596 certe
1370 1540 1578 1595 dictum
1637 1540 1737 1594 fuit
1788 1540 2127 1595 Wandalica:

530 1633 741 1701 bestias,
768 1634 977 1686 comede
996 1648 1177 1686 carnes
1206 1633 1481 1704 plurimas,
1506 1632 1649 1701 quod
1685 1642 1862 1686 tamen
1894 1632 1959 1685 de
1978 1631 2125 1685 nulla

2231 424 2314 478 rio
2356 424 2475 479 sine
2520 438 2842 480 successore
2888 435 3103 479 mortuo
3153 425 3366 480 electus
3403 425 3497 480 fuit
3547 442 3575 481 a
3620 426 3783 485 Soeris

2233 514 2467 581 Matdra,
2500 517 2589 587 qui
2622 528 2819 587 quarto
2850 517 3003 588 regni
3036 532 3178 573 anno
3206 519 3423 574 occisus
3458 526 3559 574 est.
3587 520 3648 574 γ.
3670 520 3785 577 Suc-

2232 620 2506 661 cessorem
2537 607 2723 661 habuit
2753 608 3200 665 Remismundum.
3232 609 3318 665 VI.
3348 611 3442 665 llic
3462 620 3632 667 autem
3654 614 3781 666 Λνὶα-

2233 698 2499 763 nimirum,
2528 700 2616 755 vel
2646 698 3055 756 T/reodomirnm
3082 719 3101 757 :
3127 703 3331 773 duplici
3375 705 3679 775 insignitum
3708 723 3789 764 no-

2232 792 2411 860 mine,
2469 791 2614 863 quod
2686 793 2943 850 videlicet
2998 796 3264 867 principio
3316 797 3533 854 Arianis
3583 798 3786 865 faveret,

2232 882 2429 938 deinde
2484 884 2836 940 Divinitatem
2868 884 3067 940 ChriSti
3118 887 3297 943 fassus
3346 889 3455 953 sit;
3488 890 3624 946 unde
3659 890 3791 962 prius

2235 975 2610 1044 Arianimirus,
2652 989 2835 1046 postea
2888 978 3291 1035 Theodomirus
3343 980 3519 1037 dictus
3561 993 3660 1038 est.
3692 983 3789 1037 \‘ll.

2234 1066 2374 1121 Miro
2401 1069 2697 1123 Suevorum
2730 1070 3096 1139 gubernacula
3130 1072 3405 1143 suscepit;
3431 1082 3487 1128 et
3516 1072 3645 1139 Vlll,
3670 1074 3793 1129 Evo-

2234 1158 2403 1224 ricns,
2440 1160 2492 1214 in
2522 1175 2628 1230 quo
2660 1168 2767 1215 tota
2799 1161 3106 1218 Suevorum
3147 1180 3338 1234 regum
3370 1165 3619 1235 prosapia
3656 1166 3796 1221 simul

2233 1263 2359 1303 cum
2386 1264 2586 1305 corona
2620 1251 2844 1309 defecit.
2879 1254 2952 1308 Ita
2995 1269 3062 1310 ex
3096 1255 3291 1324 ldatio,
3327 1256 3401 1311 Μ.
3444 1258 3685 1324 Maximo,
3714 1258 3798 1313 Vi-

2233 1341 2492 1404 clarensi.
2521 1352 2578 1398 et
2600 1343 2810 1399 Isidoro
2842 1346 3174 1413 desumitur;
3204 1359 3259 1404 et
3302 1350 3517 1404 tametsi
3548 1352 3795 1415 nonnulli,

2234 1448 2303 1488 ex
2330 1433 2528 1502 quibus
2555 1446 2636 1488 est
2660 1434 2950 1501 Maximus,
2978 1439 3029 1491 in
3055 1439 3249 1494 ordine
3278 1454 3467 1510 regum
3494 1440 3801 1511 designanda

2232 1525 2467 1591 varient,
2501 1541 2623 1580 nam
2668 1527 3000 1583 Ricciarium
3035 1530 3187 1600 ponit
3217 1546 3327 1586 non
3361 1532 3527 1587 tertio
3554 1534 3669 1588 loco
3699 1545 3800 1604 post

2233 1613 2630 1685 Rechillauem,
2681 1619 2779 1674 sed
2825 1621 3015 1690 quinto
3064 1622 3207 1677 inter
3270 1622 3712 1680 Remismundum
3759 1634 3804 1681 et

530 1733 851 1780 escterarum
876 1724 1096 1779 dicitur.
1115 1722 1214 1778 Cui
1238 1726 1402 1778 etiam
1442 1724 1541 1777 soli
1574 1725 1867 1777 convenire
1890 1723 2124 1786 videtur,

2238 1710 2657 1764 Arianimirum:
2693 1727 2855 1767 nemo
2898 1725 3074 1767 tamen
3120 1716 3475 1770 octonarium
3529 1729 3703 1789 auget,
3730 1720 3800 1772 vel

527 1817 745 1887 quodin
779 1826 923 1887 parte
960 1818 1119 1882 stetit,
1171 1816 1426 1869 nimirum
1479 1816 1735 1885 quoniam
1780 1816 2010 1885 reliquis
2069 1817 2122 1869 in

534 1906 793 1976 llispania
823 1908 1192 1972 manentibus,
1214 1908 1314 1961 soli
1340 1906 1588 1961 Wandali
1624 1908 1675 1960 in
1700 1906 1863 1960 aliam
1916 1918 2122 1975 partem

528 2015 558 2054 a
588 2001 802 2055 caeteris
827 2000 1062 2070 scjuncti
1090 2010 1239 2065 sunt,
1272 1999 1325 2053 id
1357 2008 1463 2065 est,
1492 2000 1545 2052 in
1571 1999 1905 2068 Hispaniam.

604 2092 779 2147 Tertia
802 2094 981 2160 bestia,
1017 2093 1193 2149 Sueri.
1213 2120 1282 2132 --
1308 2091 1557 2146 Totidem
1586 2102 1747 2161 atque
1787 2092 1838 2144 in
1872 2090 2119 2159 reliquis,

525 2185 578 2241 in
616 2188 773 2241 tertia
802 2186 971 2241 beatia
1021 2196 1210 2240 netatu
1246 2185 1407 2255 digna
1450 2184 1835 2254 reperiuntur:
1868 2184 1929 2238 1°
1964 2182 2120 2251 Quod
2170 2260 2171 2265 η

528 2290 641 2334 erat
666 2280 821 2351 quasi
863 2279 1082 2349 pardus,
1116 2280 1205 2349 qui
1256 2278 1326 2333 de
1354 2293 1556 2349 genere
1599 2278 1823 2331 leonum
1853 2278 2119 2340 existens,

528 2373 733 2443 regiam
767 2370 1109 2441 majestatem
1140 2370 1433 2441 signiﬁcat.
1467 2370 1531 2423 2°
1562 2367 1717 2435 Quod
1751 2370 1864 2421 alas
1898 2366 2123 2421 habebat

527 2465 672 2533 quasi
701 2464 830 2530 avis,
857 2476 1078 2531 quatuor
1107 2479 1266 2534 supra
1289 2480 1362 2531 se,
1389 2472 1436 2517 et
1461 2471 1690 2531 quatuor
1735 2465 1896 2516 etiam
1951 2460 2126 2531 capita

531 2566 677 2611 erant
716 2557 769 2610 in
802 2556 982 2613 bestia.
1011 2556 1147 2611 Cum
1198 2573 1326 2612 vero
1378 2556 1430 2611 id
1481 2557 1623 2627 quod
1674 2572 1920 2627 regnum,
1963 2555 2126 2625 cujus

529 2650 699 2706 bestia
750 2651 891 2721 gerit
920 2660 1130 2722 typum,
1175 2644 1377 2706 habere
1424 2650 1628 2705 dicitur
1680 2666 1847 2721 super
1896 2664 1975 2715 se,
2025 2664 2122 2704 rex

526 2744 644 2814 ejus
674 2745 767 2808 sit,
804 2743 863 2798 lit
895 2756 952 2798 ut
984 2754 1218 2814 quatuor
1260 2744 1364 2798 alte
1394 2753 1449 2799 et
1498 2744 1724 2798 totidem
1772 2743 1945 2812 capita
2002 2757 2126 2811 qua:

524 2850 690 2905 super
723 2836 933 2891 tertiam
963 2836 1191 2890 bestiam
1224 2845 1400 2900 erant,
1437 2847 1560 2889 octo
1590 2848 1749 2905 reges
1791 2834 2121 2903 signiﬁcent,

529 2927 619 2997 qui
652 2926 768 2995 ejus
799 2928 977 2997 regni,
1007 2941 1264 2982 succes>u
1299 2926 1587 2995 temporis,
1638 2925 1878 2981 habenas
1923 2925 2125 2980 recturi

529 3027 735 3075 essent.
771 3021 834 3075 5°
863 3018 1019 3085 Quod
1066 3018 1379 3088 specialiter
1424 3019 1492 3073 de
1541 3033 1603 3073 ca
1653 3018 1932 3087 scribitur,
1977 3015 2122 3087 quod

2230 1800 2457 1856 minuit:
2484 1818 2510 1853 a
2532 1818 2639 1871 quo
2662 1804 2819 1874 l0nge
2847 1804 3138 1873 abjiciendi
3162 1815 3288 1861 sunt
3308 1818 3548 1875 quatuor
3589 1808 3800 1880 tyranni,

2232 1891 2321 1959 qui
2351 1906 2576 1961 regnum
2613 1893 2901 1964 aliquoties
2948 1898 3197 1966 arripere
3236 1901 3417 1954 conati
3451 1912 3617 1955 sunt:
3653 1898 3805 1954 Fran-

2230 1990 2375 2036 tanes
2429 1985 2485 2038 in
2537 1984 2798 2041 Maldram
2855 2004 3037 2058 regem
3088 1992 3417 2058 rebellavit;
3451 1990 3735 2047 Fumarias
3762 1996 3803 2046 in

2229 2073 2717 2145 Remismundum;
2750 2082 2964 2135 Audcca
2997 2083 3049 2136 in
3103 2084 3397 2151 blironem,
3430 2095 3487 2141 et
3516 2087 3803 2142 Halluricus

2234 2168 2453 2223 tandem
2490 2170 2542 2223 in
2575 2172 2752 2240 ipsum
2785 2174 3092 2233 Andecam:
3124 2192 3313 2233 omnes
3342 2178 3611 2249 siquidem
3639 2189 3797 2234 auctu-

2232 2276 2319 2315 res
2348 2265 2695 2321 concorditer
2718 2282 2812 2323 eos
2842 2278 3104 2340 tyrannos
3134 2285 3477 2344 nuncupant,
3502 2290 3609 2331 non
3640 2291 3798 2346 reges.

2196 2352 2435 2417 ,llabuit
2487 2358 2715 2426 proinde
2771 2360 2945 2415 bestia
3001 2364 3192 2428 tertia,
3242 2364 3545 2433 lcopardus
3593 2367 3803 2429 Socrus,

2229 2446 2347 2501 alas
2379 2458 2612 2516 quatuor
2654 2466 2818 2521 super
2847 2467 2907 2507 se
2950 2464 3004 2507 et
3034 2462 3268 2523 quatuor
3294 2458 3503 2528 capita,
3530 2468 3579 2511 et
3608 2466 3806 2528 potestas

2235 2539 2363 2592 data
2410 2551 2484 2594 est
2533 2543 2600 2607 ei,
2630 2559 2749 2612 qua:
2796 2555 2974 2599 tamen
3024 2561 3125 2602 nec
3159 2545 3473 2614 Wandalis,
3505 2565 3607 2605 nec
3646 2549 3807 2605 Alanis

2235 2632 2441 2688 dicitur
2474 2634 2633 2699 data;
2674 2636 2875 2707 quippe
2913 2654 3034 2691 cum
3066 2639 3178 2694 cito
3211 2639 3405 2695 evulsa:
3452 2652 3574 2697 sunt
3610 2644 3704 2695 σιω
3728 2642 3807 2693 Ito-

2230 2741 2379 2787 rum;
2405 2737 2460 2780 et
2500 2727 2577 2781 illi
2612 2728 2666 2781 in
2710 2740 2856 2799 parte
2909 2739 3184 2798 steterunt,
3218 2732 3269 2787 id
3315 2741 3425 2800 est,
3462 2733 3619 2789 Alani
3650 2733 3805 2803 prius-

2231 2832 2391 2887 quam
2423 2820 2832 2877 successionem
2860 2824 3011 2892 regni
3043 2826 3126 2879 sui
3162 2825 3440 2882 haberent
3469 2827 3525 2884 in
3557 2827 3805 2884 Lusitania

2230 2914 2494 2973 destructi
2517 2918 2929 2986 sunt,Wandali
2965 2938 3096 2978 vero
3119 2924 3170 2977 in
3196 2924 3443 2979 Africam
3468 2934 3803 2982 secesserunt.

2303 3011 2410 3066 Sed
2442 3014 2796 3082 quamobrem
2834 3026 3069 3086 quatuor
3092 3018 3305 3088 priores
3338 3035 3505 3091 reges
3530 3022 3805 3077 Suevornm

530 3120 774 3182 putesms
800 3111 926 3165 dum
952 3118 1039 3165 est
1074 3112 1146 3177 ei,
1179 3111 1321 3182 quod
1358 3121 1536 3166 [amen
1574 3111 1643 3167 dc
1684 3111 1896 3167 duabus
1931 3110 2127 3181 priori.
2154 3101 2204 3167 ο
2235 3101 2354 3169 alae,
2386 3113 2439 3158 et
2469 3114 2705 3174 quatuor
2730 3107 3063 3176 posteriores
3112 3111 3285 3180 capita
3338 3122 3735 3181 nuncupantur,
3762 3118 3806 3163 (‘l

531 3203 635 3259 bus
661 3203 865 3259 dictum
900 3218 1007 3259 non
1047 3214 1132 3259 est
1167 3222 1179 3258 ε
1215 3205 1302 3259 ubi
1347 3205 1596 3274 profecto
1646 3206 1911 3275 innititur,
1948 3206 2125 3260 natio-

531 3312 654 3352 nem
674 3312 770 3367 per
791 3312 910 3351 eam
936 3295 1167 3350 bestiam
1193 3296 1584 3367 signiﬁcatam,
1600 3296 1875 3366 peculiare
1897 3311 2127 3366 regnum

528 3389 879 3445 l'nndaturam
919 3398 975 3443 ct
1012 3403 1415 3457 possessorum,
1448 3389 1613 3460 longo
1656 3390 1918 3460 temporis
1957 3391 2129 3445 inter-

532 3482 676 3535 vallo
710 3496 807 3550 per
839 3480 1131 3535 multorum
1176 3496 1365 3551 regum
1408 3481 1548 3536 vitas
1585 3481 1770 3537 ducto.
1811 3482 1955 3537 Nihil
1998 3498 2129 3539 vero

529 3573 776 3629 exactius
801 3573 1010 3630 Suevos
1053 3572 1379 3629 adumbrare
1419 3583 1622 3644 posset,
1655 3575 1741 3643 qui
1776 3576 2009 3644 speciale
2039 3592 2127 3631 re-

532 3683 699 3735 gnum
732 3666 1043 3723 habuerunt
1072 3667 1125 3722 in
1161 3667 1436 3738 Ilispania,
1469 3667 1613 3739 quod
1645 3676 1825 3724 tamen
1860 3684 1960 3725 nec
1991 3670 2122 3724 Ala-

526 3758 605 3827 ni,
640 3774 742 3816 nec
785 3758 1038 3815 Wandali
1084 3759 1429 3815 liuidavere:
1483 3770 1537 3815 et
1576 3759 1642 3814 ad
1695 3769 1898 3816 tantam
1951 3760 2126 3817 indies

527 3850 878 3907 devenerunt
912 3851 1173 3920 potentia:
1207 3836 1663 3921 magnitudinem,
1698 3861 1753 3906 ut
1782 3852 1849 3909 de
1877 3852 2124 3909 Rechilla

527 3962 715 4003 eorum
770 3962 896 4016 rege
948 3947 1151 4001 scribat
1208 3946 1277 3999 Μ.
1310 3946 1576 4003 Maximus
1630 3948 1680 4002 in
1735 3946 1939 4003 Chron.
1991 3964 2121 4003 ann.

528 4040 684 4094 Dom.
708 4039 815 4094 648
841 4036 1433 4103 :Reclrilla,Suerornut
1457 4056 1567 4103 rex,
1589 4056 1715 4109 pene
1742 4041 1896 4094 totius
1926 4040 2126 4113 Hispa-

525 4131 625 4185 nia:
666 4132 949 4185 mouarclia
979 4131 1057 4201 ﬁt.
1091 4130 1312 4185 Duravit
1343 4146 1474 4185 Virro
1507 4132 1747 4200 ipsorum
1791 4148 2019 4203 regnum
2044 4132 2113 4187 ab

526 4236 655 4276 ann.
688 4222 820 4289 411,
857 4237 968 4292 quo
1007 4223 1060 4277 in
1096 4220 1407 4277 Gallaeciam
1436 4233 1805 4291 secesserunt,
1841 4238 2012 4295 usque
2053 4223 2123 4279 ad

523 4327 726 4367 annum
763 4315 798 4369 5
822 4312 1063 4370 Mauritii
1096 4314 1469 4385 imperatoris,
1499 4324 1553 4371 et
1581 4314 1781 4369 Christi
1824 4316 1952 4378 588,
1985 4324 2124 4372 teste

530 4403 744 4461 Joanne
774 4403 1086 4462 Vielarensi
1118 4406 1170 4460 in
1197 4404 1429 4472 Cbron.,
1461 4419 1579 4471 seu,
1624 4414 1686 4460 ut
1736 4405 1808 4460 M.
1855 4405 2121 4461 Maximus

2233 3208 2339 3248 nou
2396 3209 2589 3251 omnes
2635 3198 2839 3267 capita,
2887 3209 2981 3252 aut
3033 3215 3137 3254 non
3189 3217 3384 3256 omnes
3437 3203 3583 3258 alte?
3622 3202 3687 3259 Ut
3720 3217 3809 3271 ego

2236 3288 2514 3355 existimo,
2550 3291 2807 3361 quoniam
2844 3301 3080 3362 quatuor
3120 3294 3333 3363 priores
3372 3295 3679 3353 incredibili
3707 3312 3809 3363 prr-

2235 3380 2458 3436 nicitate
2505 3382 2752 3438 diversas
2806 3393 3152 3455 remotasque
3197 3386 3479 3458 HiSpanite
3528 3386 3809 3459 provincias

2233 3468 2536 3540 deprmdali
2561 3482 2709 3540 sunt;
2737 3476 3073 3544 posteriores
3102 3478 3349 3544 quietem
3375 3479 3591 3551 adepti,
3613 3479 3808 3549 paciﬁci:

2234 3572 2423 3631 gentes
2476 3577 2605 3619 suas
2656 3565 3058 3636 gubernarnnt.
3094 3567 3472 3627 llermeuricus
3515 3574 3711 3645 saepius
3733 3588 3809 3625 cas

2235 3654 2511 3712 Gallmcim
2543 3666 2726 3727 partes
2750 3676 2870 3727 quae
2911 3662 3014 3717 sub
3042 3662 3159 3732 ipso
3186 3678 3295 3718 non
3326 3674 3497 3720 erant
3526 3665 3805 3726 infestavit;

2234 3745 2466 3802 llic/tilla
2498 3751 2728 3819 primum
2763 3751 3063 3808 Emeritam
3114 3770 3285 3827 usque
3331 3760 3611 3826 pervenit,
3644 3770 3809 3830 postea

2233 3840 2490 3895 Baeticam
2542 3851 2599 3897 et
2643 3843 3132 3915 Carthaginensem
3185 3848 3509 3917 provincias
3550 3862 3810 3923 aggressus

2233 3941 2349 3998 est;
2376 3932 2671 3989 Ricciarius
2703 3934 2998 3992 Vasconias
3024 3937 3347 4005 devastavit,
3378 3950 3440 3997 et
3472 3941 3603 3999 inde
3626 3942 3811 3999 Caesar-

2232 4035 2518 4095 augustam
2548 4035 2605 4083 et
2650 4029 2913 4098 Ilerdam;
2948 4030 3161 4087 Maldra
3202 4031 3563 4100 Ulixbonatn.
3586 4046 3640 4093 et
3667 4045 3810 4091 totam

2232 4119 2565 4174 Lusitaniam
2594 4121 2821 4192 diripuit
2851 4125 3066 4192 (scribit
3100 4125 3167 4180 de
3209 4127 3327 4196 ejus
3365 4129 3546 4198 gestis
3573 4124 3811 4195 Idalios);

2228 4222 2285 4268 at
2313 4227 2447 4268 vero
2487 4211 2916 4281 Remismundus,
2964 4216 3340 4288 Arianimirus,
3378 4220 3549 4285 Mira,
3580 4231 3627 4277 et
3656 4218 3814 4274 Ereri-

2227 4326 2338 4376 cns,
2372 4309 2439 4365 de
2486 4310 2603 4366 solo
2633 4324 2798 4380 regno
2838 4326 2938 4368 suo
2983 4328 3206 4370 curasse
3234 4314 3522 4385 leguntur.
3550 4316 3673 4372 lnde
3701 4328 3813 4384 qua-

2229 4412 2352 4459 tuor
2382 4404 2590 4473 priores
2625 4419 2783 4475 reges
2813 4419 2909 4474 per
2934 4405 3051 4462 alas
3088 4417 3345 4476 quatuor.
3381 4409 3618 4465 totidem
3650 4417 3812 4477 postc-

525 4499 719 4571 inquit,
752 4499 807 4553 in
858 4514 980 4567 suo,
1032 4514 1161 4554 ann.
1215 4499 1371 4553 Dom.
1410 4498 1537 4562 586,
1572 4512 1679 4567 quo
1726 4514 1754 4551 a
1804 4489 2201 4569 LeovigildoD
2228 4497 2401 4553 riores
2454 4512 2553 4567 per
2598 4506 2827 4568 quatuor
2873 4500 3049 4567 capita
3092 4499 3474 4569 propriissime
3528 4494 3812 4557 adumlirati

525 4594 828 4651 Gothorum
859 4607 989 4663 rege
1021 4592 1293 4663 snbjugati
1321 4601 1448 4647 sunt
1478 4601 1602 4661 post
1631 4592 1733 4647 177
1764 4591 1849 4647 vel
1887 4592 1985 4648 179
2018 4607 2117 4648 an-

525 4700 625 4741 nos
653 4684 865 4757 imperii
898 4683 1216 4740 Galla-eiani
1250 4699 1263 4736 :
1296 4698 1404 4752 quo
1449 4690 1699 4752 tempore
1744 4683 1994 4739 Bracarae
2037 4700 2122 4741 re-

523 4779 663 4848 giam
697 4778 904 4832 curiam
937 4774 1257 4831 habuerunt.
1292 4774 1446 4831 Unde
1473 4784 1528 4830 et
1558 4790 1699 4830 nunc
1741 4775 1865 4844 ejus
1894 4776 2123 4846 provin-

524 4869 625 4924 cia:
650 4867 854 4924 incolas
880 4867 1128 4923 nonnulli
1154 4867 1312 4921 Seras
1334 4866 1488 4937 quasi
1516 4868 1728 4923 Suevos
1744 4878 1960 4924 vocant.
1984 4869 2121 4925 'l‘oto

524 4974 655 5012 vero
684 4959 1063 5029 praedictorum
1097 4957 1200 5014 177
1240 4973 1510 5013 annorum
1559 4959 1755 5029 spatio,
1790 4970 1914 5015 octo
1958 4960 2115 5016 dum-

527 5056 676 5103 taxat
722 5065 877 5121 reges
943 5050 1196 5106 habuisse
1251 5049 1531 5119 leguntur,
1587 5048 1780 5104 ordine
1842 5052 2115 5120 sequenti.

526 5123 744 5194 l’rimus
774 5140 874 5195 l'nit
919 5139 1316 5205 Hermeuricus,
1352 5141 1441 5209 qui
1494 5139 1549 5193 in
1600 5138 1856 5208 llispanis
1910 5139 2122 5210 primus

526 5231 831 5287 Suevorum
884 5233 1036 5301 regni
1090 5232 1287 5286 solium
1340 5231 1552 5297 erexit;
1584 5230 1719 5286 \ixit
1761 5239 1898 5287 teste
1948 5233 2120 5289 ldatio

528 5338 701 5394 usque
741 5324 808 5377 ad
838 5339 972 5378 ann.
1015 5324 1227 5380 Domini
1270 5325 1397 5391 440,
1428 5323 1758 5395 reliquitque
1801 5325 1951 5396 regni
1990 5341 2118 5381 suc-

525 5433 805 5475 cessorem
860 5418 1029 5472 tilium
1092 5434 1247 5474 suum
1304 5417 1700 5473 Rechillanem.
1759 5418 1825 5472 ll.
1878 5419 2120 5474 Iter/tilla

522 5512 667 5567 obiit
696 5526 823 5567 aun.
860 5510 1077 5565 Domini
1107 5511 1232 5581 417,
1265 5514 1354 5583 qui
1388 5512 1486 5567 fuit
1516 5513 1586 5568 24
1609 5508 1901 5568 Theodosii
1930 5514 2121 5569 Juniu-

525 5606 617 5660 ris.
646 5601 733 5659 lll.
761 5603 823 5660 Ei
851 5602 1123 5659 successit
1148 5601 1470 5673 Ricciarius,
1501 5606 1642 5659 illius
1682 5604 1874 5675 ipsius,
1900 5604 1989 5674 qui
2021 5620 2121 5658 an-

524 5713 594 5754 no
621 5697 870 5755 secundo
928 5692 1175 5752 Martiani
1218 5695 1479 5769 principis
1518 5698 1732 5756 occisus
1782 5700 1904 5769 fuit,
1943 5711 2136 5757 mense

2226 4600 2372 4653 sunt,
2398 4598 2454 4645 et
2482 4604 2656 4660 neque
2686 4604 2876 4646 omnes
2896 4589 3020 4657 alte,
3043 4606 3219 4662 neque
3245 4608 3442 4649 omnes
3485 4595 3668 4664 capita
3698 4606 3814 4645 nitu-

2226 4683 2429 4754 cupati.

2302 4777 2503 4844 Quarta
2544 4778 2725 4843 bestia,
2758 4777 2936 4832 Gothi.
2965 4807 3037 4818 —
3056 4778 3135 4834 De
3163 4789 3354 4847 quarta
3403 4780 3634 4836 demum
3664 4777 3815 4833 bestia

2228 4870 2493 4935 dicemus,
2537 4870 2588 4925 iu
2613 4885 2715 4940 qua
2739 4880 2970 4938 quatuor
2998 4869 3187 4926 Daniel
3220 4882 3410 4927 natatu
3434 4872 3604 4945 digna
3639 4866 3816 4941 pueri-

2228 4963 2308 5018 dit
2337 4981 2350 5017 :
2379 4964 2437 5017 1°
2460 4962 2616 5032 Quod
2641 4962 2938 5019 mirabilior
2959 4974 3015 5018 et
3052 4965 3343 5020 terribilior
3367 4977 3496 5021 erat
3526 4970 3754 5025 caeteris,
3778 4972 3817 5014 et

2229 5056 2380 5127 fortis
2406 5057 2586 5122 nimis,
2620 5064 2810 5125 ulpOIe
2849 5071 2968 5124 qua:
3021 5056 3199 5110 dentes
3241 5061 3445 5128 ferreos
3480 5058 3698 5112 habebat
3726 5069 3819 5109 ma-

2231 5167 2382 5221 gnos,
2410 5158 2467 5204 et
2521 5164 2720 5219 ungues
2766 5147 3019 5203 similiter
3066 5148 3281 5215 ferreos,
3313 5159 3363 5202 et
3413 5165 3517 5206 ore
3564 5148 3717 5204 simul
3765 5160 3818 5197 ac

2235 5240 2461 5311 pedibus
2494 5240 2675 5295 omnia
2727 5254 2846 5309 qua:
2888 5238 2990 5293 sibi
3039 5238 3445 5308 objic’ehantur
3490 5240 3815 5297 comminuco

2239 5332 2352 5398 bat,
2393 5330 2770 5396 conculcabat,
2802 5337 2858 5383 et
2905 5328 3262 5395 dilacerabat;
3288 5332 3351 5385 2°
3381 5334 3539 5401 quod
3569 5330 3819 5387 dissimilis

2234 5432 2343 5478 erat
2396 5421 2616 5486 ueteris,
2660 5435 2760 5475 nec
2802 5430 3029 5487 certam,
3077 5420 3217 5489 quod
3266 5421 3553 5491 sciamus,
3607 5420 3820 5477 habebnt

2235 5516 2491 5585 liguram;
2522 5514 2582 5567 3°
2616 5511 2757 5581 quod
2805 5511 3027 5565 habebat
3075 5528 3272 5565 cornua
3317 5514 3529 5580 decem,
3554 5528 3679 5586 post
3718 5524 3821 5580 qum

2236 5619 2401 5661 cantu
2434 5602 2580 5656 aliud
2606 5603 2881 5675 parvulum
2915 5612 3084 5655 ortum
3112 5612 3186 5655 cst
3224 5602 3288 5655 de
3316 5605 3496 5658 medio
3539 5620 3736 5659 eorum.
3759 5601 3819 5653 De

2238 5695 2346 5754 hoc
2394 5706 2573 5754 autem
2606 5694 2776 5753 multa
2807 5695 3091 5752 dicuntur:
3125 5696 3403 5764 nimirum,
3433 5698 3588 5770 quod
3638 5708 3818 5756 tantum
