3908 6338
3408 9 3738 45 -ἔ-ί-πττ

2169 55 2274 62 __—

154 246 236 303 εδδ
557 240 930 300 APPENDIX.
970 240 1038 298 IN
1076 239 1523 298 rnorusmu
1561 237 1877 297 mutuus
1916 240 2007 298 ne
2044 240 2384 311 nonnon
2422 241 2866 303 ANIMALIBUS.
3258 250 3370 311 εδδ

144 364 302 427 crevit,
328 368 379 417 ut
404 362 568 434 utajus
599 371 748 417 esset
778 361 976 417 ueteris
1004 361 1264 417 cornibus
1289 359 1432 432 quod
1460 358 1526 414 ad
1552 359 1672 430 ejus
1699 360 1752 420 Α
1779 359 1944 429 igitur
1993 374 2024 414 a
2080 361 2303 419 nemine
2343 370 2769 433 cognosceretur
2824 371 3014 433 quarta
3064 364 3369 423 Gothorum

146 465 438 527 conspectum
468 453 769 510 ceciderant
793 455 892 509 tria
931 470 1171 531 cornua;
1197 453 1339 521 quod
1368 449 1508 507 oculi
1530 450 1677 519 quasi
1776 450 1970 518 bestia,
1997 466 2105 509 non
2137 454 2336 509 mirum
2367 455 2412 508 si
2456 456 2669 526 species
2700 456 2819 525 ejus
2856 471 2966 511 non
3010 455 3361 525 describitur,

144 550 256 605 oculi
271 549 469 604 hominis
488 558 635 603 erant
654 548 710 601 in
733 563 902 602 cornu
928 549 1050 609 isto.
1079 546 1226 617 quod
1252 546 1489 600 habebat
1510 546 1673 600 etiam
1778 545 1874 600 sed
1902 545 2186 602 dissimilis
2208 546 2410 603 dicitur
2432 550 2669 603 caeteris.

145 660 190 698 os
221 644 400 713 loquens
437 642 681 713 grandia,
714 654 810 695 seu
839 640 1092 711 ingentia.
1143 639 1208 691 ιο
1257 638 1480 693 Demum
1529 635 1674 706 quod
1849 636 2002 704 Quod
2045 637 2113 694 ad
2154 654 2341 711 regum
2394 656 2684 697 numerum
2741 641 2902 713 hujus
2951 643 3191 699 nationis
3243 659 3372 713 spe-

144 745 327 806 propter
366 749 543 790 vocem
602 748 917 789 sermonum
966 730 1252 803 grandium
1314 746 1451 801 quos
1502 744 1675 786 cornu
1777 728 2115 797 ctat,decem
2142 731 2404 785 cornibus
2432 732 2913 800 adumbratorum,
2942 734 3132 790 decem
3162 736 3369 805 habuit,

144 826 247 882 illud
273 825 589 896 loquebatur,
638 825 913 895 interfecta
944 826 1043 895 fuit
1073 823 1255 889 bestia,
1292 830 1339 877 et
1372 822 1523 891 periit
1564 838 1679 875 cor-
1780 832 1890 874 non
1921 820 2045 889 plus
2066 834 2169 875 nec
2198 822 2396 890 minus,
2423 823 2492 877 ab
2521 823 2794 893 Atautpho
2812 824 2903 894 qui
2931 826 3137 892 primus
3162 827 3377 882 Gotho-

141 934 219 989 prs
239 918 354 987 ejus,
376 925 420 970 et
444 916 695 969 traditum
720 924 797 970 est
820 915 888 968 ad
915 913 1318 969 comburendum
1336 913 1468 984 igni.
1493 911 1679 967 Manu—
1780 923 1900 964 rum
1934 909 1987 964 in
2019 909 2305 979 Hispanias
2336 912 2578 978 intravit,
2614 924 2783 985 usque
2808 916 2876 970 ad
2916 916 3213 973 Liubanem
3236 959 3252 985 ,
3283 920 3374 975 cui

143 1010 346 1065 ducimur
372 1024 496 1065 vero
523 1009 590 1063 ad
623 1009 742 1078 ejus
771 1008 1138 1079 cognitionem
1171 1007 1416 1077 angelica
1457 1006 1680 1074 exposi-
1780 1001 2108 1057 undecimus
2125 1005 2388 1059 successit
2418 1004 2780 1076 Lcovigildus;
2804 1006 2873 1061 de
2893 1023 3002 1077 quo
3021 1010 3280 1080 quidquid
3304 1013 3374 1067 de

145 1101 279 1168 tione,
295 1116 391 1175 gua
428 1100 493 1155 ad
530 1100 812 1156 Danietem
866 1099 1068 1156 dictum
1109 1107 1235 1154 est:
1270 1098 1445 1152 Bestia
1488 1107 1681 1168 quarta
1781 1095 2072 1152 undecimo
2097 1111 2273 1153 cornu
2301 1097 2506 1154 dictum
2534 1110 2618 1154 εει
2646 1100 2715 1154 ad
2748 1115 3004 1170 unguem,
3040 1112 3100 1156 ut
3129 1119 3251 1157 mox
3284 1119 3373 1159 os-

143 1209 315 1265 rrgnunt
349 1202 584 1263 quartum
616 1192 713 1247 erit
754 1193 808 1245 in
840 1200 1001 1258 terra,
1025 1192 1167 1261 quod
1198 1191 1367 1260 majus
1391 1190 1489 1244 erit
1517 1188 1682 1244 omni-
1783 1187 2026 1257 tendam,
2055 1189 2387 1244 veriticatur.
2413 1189 2629 1245 Primus
2657 1190 2752 1245 fuit
2775 1192 2873 1262 (uti
2902 1192 3162 1263 diximus)
3192 1194 3376 1249 Ataul-

142 1284 215 1337 bus
237 1284 405 1355 regnis,
424 1293 468 1336 et
490 1282 754 1338 derorabit
786 1284 1077 1337 universam
1104 1292 1315 1347 terram,
1334 1290 1381 1335 et
1406 1266 1683 1335 conculca-
1784 1281 1947 1351 phus,
1969 1281 2270 1338 Barcinone
2290 1282 2507 1338 occisus
2544 1296 2672 1338 ann.
2703 1283 2863 1339 Dom.
2888 1284 3015 1338 416.
3048 1285 3112 1338 ll.
3138 1286 3204 1340 W
3210 1287 3369 1355 allia,

143 1378 218 1442 bit,
241 1385 280 1430 et
304 1377 597 1431 comminuet
640 1392 777 1431 eam.
824 1377 997 1432 Porro
1054 1391 1259 1431 cornua
1311 1376 1489 1429 decem
1516 1375 1682 1444 ipius
1782 1374 1875 1445 qui
1902 1373 2039 1430 duos
2061 1376 2304 1446 regnavit
2334 1390 2530 1443 annos,
2559 1384 2618 1431 et
2641 1375 2779 1431 obiit
2803 1377 2931 1431 418.
2968 1375 3056 1431 Ill.
3089 1378 3380 1433 Theodore-

143 1468 257 1539 regni
280 1471 434 1521 decem
454 1484 600 1538 reges
642 1475 790 1521 erunt
817 1482 837 1520 :
866 1475 916 1520 et
945 1466 1084 1521 alius
1109 1473 1384 1537 consurget
1415 1472 1531 1535 post
1569 1480 1677 1533 eos,
1784 1467 1903 1533 dus,
1927 1467 2021 1537 qui
2045 1482 2176 1522 ann.
2204 1468 2362 1525 Dom.
2395 1468 2503 1523 455
2523 1469 2736 1524 occisus
2757 1469 3138 1526 occubuit.lV.
3159 1472 3291 1542 Ejus
3317 1474 3383 1527 li-

140 1570 176 1615 et
199 1563 292 1628 ipse
313 1561 563 1631 potentior
601 1560 703 1614 erit
743 1558 1025 1630 prioribus,
1048 1568 1097 1613 et
1127 1567 1228 1613 tres
1255 1572 1400 1630 reges
1433 1556 1681 1610 huntitia-
1785 1555 1890 1612 lius
1931 1555 2262 1627 Thorismus,
2306 1573 2403 1615 seu
2450 1559 2918 1628 Thorismundus,
2968 1564 3059 1632 qui
3095 1579 3241 1619 anno
3285 1580 3377 1621 εοο

141 1654 213 1718 bit,
239 1664 278 1708 et
312 1670 567 1711 sermones
604 1662 788 1708 contra
816 1652 1097 1708 Excetsum
1126 1653 1377 1724 loquetur,
1408 1661 1456 1707 et
1476 1658 1681 1706 sanctos
1785 1649 1971 1720 quenti
2004 1661 2231 1706 necatus
2259 1660 2364 1707 est.
2399 1650 2464 1706 ν.
2491 1652 2767 1708 Successit
2796 1653 2964 1710 frater
2991 1656 3107 1725 ejus
3135 1656 3375 1713 Theodo-

140 1746 352 1800 Altissimi
377 1754 625 1801 conteret.
657 1745 735 1801 De
785 1743 1042 1815 superbia
1088 1750 1270 1799 autem
1324 1750 1381 1798 et
1432 1750 1682 1812 tempore
1712 1743 1759 1805 B
1786 1742 1946 1808 ricus,
1980 1742 2073 1812 qui
2098 1757 2243 1799 anno
2272 1743 2379 1799 464
2403 1743 2472 1799 ab
2504 1744 2701 1800 Eorice
2731 1745 2901 1801 fratre
2935 1762 3036 1802 suo
3077 1750 3379 1805 trucidatus

139 1838 480 1894 dominationis
518 1839 694 1910 ipsius
744 1837 931 1893 subdit
960 1855 974 1891 :
1001 1846 1051 1891 et
1098 1834 1298 1906 putabit
1336 1834 1477 1905 quod
1522 1834 1683 1905 possit
1784 1844 1889 1892 est.
1923 1835 2013 1892 Vl.
2044 1836 2270 1895 Euricus
2297 1838 2433 1909 ipse,
2463 1839 2552 1910 qui
2579 1855 2723 1896 anno
2755 1841 2967 1895 Domini
2998 1843 3123 1898 482.
3158 1845 3381 1901 Arelate

138 1941 302 1987 mutare
324 1944 549 2005 tempora
595 1943 643 1987 et
671 1933 837 2002 leges,
864 1940 915 1984 et
945 1930 1215 1985 tradentur
1256 1928 1313 1982 in
1354 1943 1514 1981 manu
1567 1929 1682 1999 ejus
1785 1927 1841 1983 in
1859 1928 2036 1984 Gallia
2051 1928 2280 1986 Gothica
2295 1938 2544 1986 mortuus
2566 1939 2667 1996 est,
2697 1932 2988 2004 habuitque
3004 1949 3376 1991 successorem

137 2022 296 2094 (sancti
340 2026 618 2090 videtiCcI,
651 2024 720 2080 de
747 2022 953 2094 quibus
991 2023 1140 2092 prius
1184 2021 1426 2086 dixerat,
1460 2019 1683 2090 faciebat
1784 2017 2078 2075 Ataricum.
2111 2019 2226 2074 VII.
2260 2019 2504 2076 Alaricus
2533 2022 2781 2091 regnavit
2810 2038 2982 2079 annos
3010 2025 3083 2081 ‘25
3108 2041 3279 2096 usque
3308 2027 3378 2082 ad

135 2116 291 2170 bellum
307 2116 547 2172 adversus
568 2125 779 2172 sanctos
804 2124 851 2170 et
874 2112 1191 2189 praevalebat
1220 2114 1341 2183 eis),
1364 2111 1683 2183 quousque?
1784 2124 1984 2167 annum
2012 2111 2229 2167 Domini
2254 2112 2378 2169 506.
2410 2112 2549 2167 Vlll.
2575 2113 2711 2168 lluic
2739 2117 3008 2170 successit
3046 2117 3184 2171 titius
3210 2120 3378 2186 ipsius

135 2220 265 2274 usque
288 2209 336 2261 in
369 2208 548 2275 finem,
578 2216 637 2263 et
686 2216 815 2264 tituc
843 2207 1059 2262 tandem
1108 2222 1329 2277 regnum
1355 2214 1404 2259 et
1432 2214 1680 2276 potestas,
1784 2203 2152 2272 Antataricus,
2184 2203 2512 2282 Theoderici
2551 2204 2716 2260 Italia:
2748 2208 2890 2277 regis
2924 2223 2990 2263 cx
3032 2208 3137 2264 filia
3168 2227 3337 2281 nepos
3358 2255 3374 2279 ,

132 2306 168 2349 et
202 2299 474 2369 magnitudo
511 2314 636 2371 quae
664 2309 740 2354 est
763 2298 941 2354 subter
967 2313 1116 2352 omne
1137 2297 1325 2352 calum
1354 2296 1565 2349 dabitur
1589 2312 1684 2366 po-
1786 2294 1966 2349 infans
1998 2294 2200 2364 adhuc,
2228 2303 2285 2351 et
2313 2295 2549 2365 pueriles
2580 2311 2687 2351 non
2724 2300 2998 2355 excedens
3018 2316 3192 2356 annos
3223 2320 3236 2356 :
3267 2320 3382 2373 quo

134 2392 229 2460 pulo
251 2403 539 2449 sanctorum
566 2393 844 2456 ditissimi,
874 2407 1049 2459 eoque
1072 2408 1251 2445 omnes
1288 2406 1432 2462 reges
1459 2390 1683 2445 servient
1784 2396 2032 2460 tempore
2053 2388 2433 2445 Theodoricus
2450 2390 2775 2460 gubernavit
2801 2393 2855 2446 in
2876 2392 3130 2462 HiSpania
3161 2410 3258 2464 pro
3279 2411 3384 2453 ne-

130 2485 415 2557 ctobedient,
447 2496 494 2542 et
528 2501 748 2557 regnum
781 2485 1153 2555 sempiternum
1175 2484 1296 2538 erit.
1326 2482 1521 2537 Mirum
1551 2495 1683 2552 pro-
1784 2492 1933 2554 pote.
1963 2483 2058 2539 IX.
2097 2483 2479 2557 Athanagildus
2513 2486 2601 2556 qui
2635 2485 2876 2543 habenas
2902 2491 3052 2558 regni
3086 2493 3261 2546 tenuit
3285 2509 3387 2547 us-

131 2574 245 2633 fecto
263 2595 409 2649 quam
440 2580 588 2635 bene
618 2579 736 2633 hac
772 2578 954 2633 omnia
996 2575 1302 2632 Gothorum
1346 2575 1494 2646 genti
1533 2574 1681 2643 ejus-
1783 2591 1889 2647 que
1911 2577 1978 2632 ad
2011 2592 2215 2633 annum
2243 2579 2278 2632 2
2304 2577 2507 2634 Justini
2539 2579 2816 2644 Junioris,
2861 2581 3063 2636 Christi
3090 2564 3225 2638 vero
3249 2584 3378 2651 567,

129 2686 210 2738 quc
243 2674 450 2744 regibus
507 2673 566 2728 in
614 2672 895 2743 llispanii,
926 2672 1284 2741 regnantibus
1326 2666 1677 2725 conveniant.
1783 2684 1895 2739 quo
1921 2668 2175 2724 nimirum
2202 2670 2585 2741 Athanagitdus
2613 2687 2704 2725 rex
2735 2669 3023 2725 Gothorum
3056 2674 3153 2742 (ait
3202 2674 3379 2728 Victa-

129 2759 211 2829 lpsi
234 2773 409 2834 quarta
435 2765 615 2821 lieSIia
641 2774 695 2820 et
726 2778 955 2835 regnum
1007 2770 1265 2835 quartum
1310 2768 1459 2825 sunt,
1493 2766 1682 2826 utpote
1784 2761 1985 2833 rensis)
2010 2763 2063 2816 in
2100 2761 2365 2833 Hispania
2398 2764 2515 2817 uiue
2540 2763 2696 2832 finem
2716 2765 2969 2835 suscepit,
3003 2773 3050 2817 et
3090 2764 3255 2819 Liuba
3285 2784 3379 2837 pro

126 2853 196 2921 qui
221 2864 329 2924 post
371 2868 612 2912 exteras
639 2865 748 2910 tres
776 2855 1031 2909 nationes
1063 2852 1350 2923 Hispanias
1383 2853 1677 2917 intrarunt,
1782 2870 1842 2908 eo
1869 2854 1925 2907 in
1950 2870 2166 2927 regnum
2204 2853 2524 2923 provehitur,
2567 2853 2772 2924 fuitque
2802 2854 2851 2909 Χ
2891 2854 3037 2911 inter
3074 2857 3380 2913 Gothorum

126 2941 205 3008 ipsi
231 2944 467 3003 fortiores
493 2957 556 3002 et
604 2944 901 3002 ferociores
942 2944 1184 3009 caeteris,
1224 2942 1491 3011 majorem
1535 2950 1678 2995 stra-
1785 2944 2062 3015 Hispania:
2091 2959 2272 3016 reges.
2303 2944 2507 2999 Horum
2534 2946 2772 3000 omnium
2796 2956 3049 3003 auctores
3073 2947 3248 3004 habeo
3271 2959 3380 3006 tres

123 3052 216 3105 gem
255 3039 303 3095 in
342 3040 620 3111 Hispaniis
663 3037 933 3105 fecerunt,
966 3038 1069 3107 ipsi
1100 3036 1395 3091 dissimiles
1427 3033 1678 3101 reliquis,
1784 3036 2027 3092 oculatos
2057 3044 2247 3102 teSies,
2275 3035 2531 3102 Idalium,
2560 3036 2886 3103 Maximum,
2913 3046 2968 3093 ct
2993 3038 3258 3095 Joannem
3288 3041 3382 3095 Vi-

122 3144 202 3185 ucc
223 3140 414 3187 certam
446 3131 688 3200 alicujus
715 3131 965 3186 animalis
994 3130 1284 3201 imaginem
1316 3142 1426 3197 prce
1448 3142 1510 3182 se
1540 3126 1680 3182 fere-
1705 3117 1751 3181 C
1788 3128 2118 3184 clarensem.
2143 3126 2257 3184 Sed
2274 3135 2403 3182 sunt
2429 3128 2518 3197 qui
2544 3137 2664 3198 post
2690 3129 3046 3200 Atautphum,
3074 3130 3376 3203 Sigericum

120 3223 311 3296 bant(id
332 3234 432 3291 est,
466 3224 939 3289 necleaetuemec
979 3222 1115 3288 ursi,
1145 3236 1246 3277 nec
1272 3218 1453 3290 pardi,
1480 3217 1564 3272 vel
1600 3217 1680 3273 al-
1783 3219 2058 3276 cottocent
2104 3230 2231 3274 ante
2278 3218 2569 3285 Walliam,
2631 3220 2722 3291 qui
2774 3230 2952 3277 tamen
3003 3224 3211 3293 regium
3270 3241 3377 3280 non

121 3316 257 3370 terius
282 3316 521 3385 cujusvis
567 3317 779 3378 bestim,
814 3330 935 3385 quze
987 3312 1222 3368 describi
1262 3317 1415 3367 certe
1455 3308 1675 3382 possit),
1781 3312 2269 3377 ascenditsolium,
2300 3312 2447 3367 unde
2470 3328 2499 3366 a
2521 3312 2789 3383 ProSpero
2818 3322 2872 3370 ct
2893 3314 3065 3370 lclatio
3093 3318 3145 3371 in
3170 3319 3378 3372 catato-

117 3406 233 3473 quod
282 3408 533 3465 nimirum
597 3422 703 3465 non
750 3407 1023 3462 intrarunt
1075 3405 1130 3461 in
1191 3404 1479 3474 tlispanias
1523 3400 1679 3471 quasi
1778 3417 1849 3474 go
1875 3402 2179 3459 Gothorum
2225 3418 2412 3475 regum
2452 3418 2562 3458 non
2613 3404 2947 3473 admittitur,
2980 3407 3048 3461 de
3083 3423 3192 3477 quo
3214 3425 3378 3479 supc-

117 3494 291 3564 hostes,
315 3510 367 3554 ct
417 3499 740 3570 przrdmtes,
772 3498 911 3552 sicut
950 3496 1175 3567 reliqua:
1224 3494 1472 3550 barbara:
1505 3492 1679 3547 natio-
1781 3494 1897 3551 rius
1922 3496 2056 3551 satis
2084 3496 2287 3552 dictum
2319 3512 2349 3550 a
2389 3496 2546 3551 nobis
2572 3504 2680 3552 est.
2713 3497 2983 3568 Tempore
3012 3502 3176 3556 etiam
3208 3503 3381 3558 infau-

116 3600 212 3653 nes,
252 3590 339 3647 sed
381 3593 483 3648 sub
530 3591 694 3647 titulo
742 3590 1095 3646 defensorum
1144 3586 1378 3643 Romani
1442 3584 1677 3655 imperii,
1783 3588 1872 3643 tia:
1904 3587 2194 3642 Amalarici
2240 3588 2437 3642 invasit
2473 3603 2697 3657 regnum
2725 3589 2845 3655 ejus
2882 3590 3227 3660 Gesalaicus,
3277 3596 3375 3649 sed

115 3692 214 3733 cum
237 3691 403 3739 tamen
429 3699 633 3739 omnes
666 3682 1006 3750 deciperent,
1038 3691 1091 3735 et
1135 3679 1411 3735 Romanos
1439 3693 1545 3732 non
1578 3677 1681 3732 mi-
1783 3680 2057 3750 tyrannidi
2088 3680 2259 3750 ipsius
2287 3679 2660 3736 Theodoricus
2692 3682 2894 3751 negotii
2924 3684 3255 3751 gubernator
3281 3703 3377 3742 oe-

116 3786 354 3845 nusquam
372 3786 615 3831 caeteros
638 3783 969 3831 c0narentur
990 3773 1062 3828 ab
1084 3772 1342 3839 llispania
1361 3770 1676 3827 deturbare.
1782 3773 1990 3835 currit;
2026 3772 2341 3828 Gesalaicus
2371 3787 2505 3827 vero
2541 3772 2801 3843 profugus
2824 3783 2879 3827 et
2901 3791 3067 3845 vagus
3102 3779 3150 3829 in
3190 3778 3378 3833 Galliis

115 3862 176 3917 De
206 3869 580 3935 persecutione
622 3867 988 3922 Barbarorum
1031 3865 1136 3920 sub
1167 3865 1415 3920 Romano
1460 3863 1683 3917 nomine
1781 3872 2028 3918 mortuus
2056 3872 2286 3918 estann.
2314 3862 2532 3917 Domini
2557 3864 2684 3919 510.
2717 3863 2880 3918 Addit
2902 3864 3142 3921 lsidorus
3171 3868 3372 3938 (quem

116 3951 208 4008 lucc
236 3954 428 4013 l.tatius
474 3973 631 4014 anno
676 3956 747 4012 25
778 3954 1036 4010 Archadii
1079 3963 1134 4010 et
1179 3952 1432 4017 llonorii,
1458 3952 1550 4022 qui
1582 3950 1685 4005 fuit
1782 3954 2113 4009 recentiores
2140 3956 2592 4023 scquuntur)tres
2614 3954 2749 4008 alios
2767 3963 2891 4010 ante
2913 3956 3361 4028 Athanagitdum,

115 4049 357 4104 secundus
410 4051 484 4105 ab
544 4051 795 4119 ingressu
845 4047 1144 4103 Gothorum
1177 4064 1190 4099 :
1227 4043 1425 4100 Wallia
1454 4059 1547 4098 rex
1578 4040 1684 4097 Go-
1784 4045 1995 4100 scilicet
2022 4044 2348 4109 Theudium,
2376 4044 2783 4110 'l'hcudisclum,
2810 4055 2864 4100 et
2896 4047 3139 4116 Agilam,
3173 4052 3263 4121 qui
3299 4063 3378 4109 ta-

112 4138 305 4208 lhorunt,
338 4142 569 4197 Romani
606 4141 827 4195 nominis
858 4157 1016 4195 causa
1050 4141 1192 4193 intra
1223 4137 1481 4209 Hispania
1518 4137 1684 4191 caedes
1787 4151 1909 4190 men
1942 4134 2155 4204 tyranni
2188 4132 2366 4201 petitis
2394 4149 2555 4202 quam
2587 4134 2701 4188 veri
2733 4149 2887 4204 reges
2916 4137 3164 4209 fuerunt,
3196 4150 3253 4196 et
3275 4160 3375 4211 ea-

110 4234 325 4287 maximas
346 4236 514 4307 efﬁcit
541 4233 902 4287 Barbaroruin
920 4242 1005 4299 ;et
1029 4247 1173 4285 anno
1201 4230 1449 4301 sequenti
1475 4245 1489 4281 :
1517 4228 1686 4285 Wan—
1787 4234 2006 4297 propter
2028 4225 2098 4281 Μ.
2124 4224 2389 4280 Maximus
2409 4225 2497 4295 qui
2520 4225 2757 4280 exactius
2778 4241 2865 4281 res
2889 4226 3186 4286 Gothorum
3210 4236 3374 4291 chro-

111 4320 199 4375 dati
226 4324 408 4396 Sitingi
448 4331 506 4380 in
543 4325 747 4380 Btt’tica
778 4341 870 4396 per
899 4322 1152 4379 Wattiam
1195 4338 1362 4392 regem
1397 4337 1573 4375 omnes
1594 4335 1687 4373 εχ-
1789 4318 2038 4389 nologice
2070 4325 2291 4373 secutus
2320 4324 2433 4383 est,
2475 4332 2572 4372 eos
2606 4332 2638 4372 a
2679 4318 2924 4389 catalogo
2954 4336 3139 4390 regum
3185 4325 3373 4398 ejccit,

109 4416 283 4481 uincti;
330 4420 489 4473 Alani
534 4432 780 4488 quoque,
829 4417 961 4470 adeo
1001 4416 1121 4469 avsi
1141 4424 1260 4470 sunt
1310 4430 1342 4467 a
1390 4411 1594 4474 Gothis,
1628 4419 1684 4463 ut
1790 4410 2042 4481 indignos
2060 4407 2312 4478 judicans
2341 4416 2489 4463 tanto
2524 4409 2752 4475 honore,
2782 4410 2927 4480 quod
2953 4411 3125 4469 Lucas
3156 4416 3378 4472 Tudcn-

114 4509 331 4563 exstincto
385 4526 509 4582 rege
556 4510 815 4579 ipsorum,
849 4504 1237 4562 Wandalorum
1286 4521 1341 4559 se
1394 4503 1682 4573 patrocinio
1711 4492 1764 4553 D
1789 4504 1867 4558 sis
1894 4504 2042 4568 fecit,
2067 4502 2233 4556 immo
2253 4514 2320 4556 eo
2346 4508 2505 4568 teste,
2534 4502 2774 4557 Isidorus
2804 4503 2965 4559 etiam
2983 4547 2998 4573 ,
3027 4506 3181 4575 cujus
3204 4508 3379 4565 Chro-

112 4596 439 4670 subjugarent.
502 4601 645 4669 Quis
708 4614 816 4653 non
871 4599 1079 4654 diceret
1125 4597 1333 4653 Gothos
1387 4595 1685 4651 fidissimos
1793 4592 1951 4648 nicoo
1981 4591 2049 4647 ad
2074 4591 2298 4648 verbum
2336 4593 2456 4663 ipse
2496 4593 2929 4664 transcripsitex
2960 4599 3266 4666 purioribus
3292 4602 3380 4672 (ut

115 4686 452 4751 Romanorum
485 4693 834 4749 auxiliares?
866 4692 999 4747 nihil
1032 4701 1211 4748 nmen
1256 4692 1470 4762 longius
1500 4691 1689 4745 aberat
1792 4683 2041 4755 apparet)
2064 4684 2442 4754 originalibus,
2470 4700 2629 4755 quam
2654 4701 2797 4741 nunc
2817 4697 3054 4743 exstent.
3076 4690 3206 4745 Nam
3231 4704 3381 4748 certe

114 4782 171 4833 ab
218 4782 451 4853 ipsorum
507 4785 749 4851 animis;
801 4797 925 4857 cum
958 4785 1103 4838 enim
1149 4783 1367 4839 occasio
1412 4797 1536 4839 sese
1589 4781 1689 4838 ob-
1791 4774 2102 4832 Chronicon
2127 4776 2276 4847 quod
2319 4778 2461 4832 inter
2490 4778 2609 4847 ejus
2638 4793 2805 4847 opera
2836 4789 3014 4834 exstat
3041 4782 3373 4851 Gothorum,

118 4874 238 4941 tum,
272 4878 578 4934 exercitum
642 4876 1012 4931 Romanorum
1061 4890 1197 4945 quos
1260 4875 1435 4943 palam
1493 4874 1688 4944 juvare
1796 4870 1895 4924 sub
1927 4869 2148 4924 nomine
2172 4867 2401 4936 lsidori,
2434 4870 2732 4924 innumeris
2757 4880 2929 4926 scatet
2955 4874 3167 4929 mendis
3197 4876 3249 4930 in
3280 4893 3382 4932 an-

116 4964 501 5033 promittebant,
560 4964 758 5020 fraude
804 4973 862 5021 et
907 4965 1251 5034 deceptione,
1294 4979 1417 5019 cum
1464 4963 1577 5033 jam
1620 4963 1689 5020 de
1794 4976 1989 5017 norum
2029 4961 2204 5028 notis,
2250 4960 2303 5016 in
2342 4960 2687 5027 nominibus,
2723 4961 2776 5014 in
2810 4961 3005 5016 ordine
3034 4974 3087 5017 et
3130 4967 3272 5022 serie
3293 4985 3384 5024 rc-

117 5054 309 5111 tictoria
353 5060 749 5131 loquebantur,
780 5057 831 5111 in
879 5072 1071 5112 manus
1099 5056 1488 5112 Wandalorum
1526 5056 1693 5113 tradi-
1793 5069 1945 5125 gum,
1986 5062 2041 5109 et
2071 5053 2192 5107 aliis
2220 5066 2341 5123 quae
2368 5051 2527 5107 facile
2553 5050 2730 5120 quivis
2761 5052 3056 5109 collatione
3095 5055 3229 5111 facta
3257 5075 3379 5115 cum

117 5143 309 5202 derunt.
334 5149 468 5219 Ejus
515 5149 605 5205 rei
658 5148 813 5202 testis
842 5140 1008 5203 etiam
1056 5156 1142 5204 est
1169 5148 1391 5213 tdatius,
1420 5147 1509 5218 qui
1549 5162 1695 5203 anno
1797 5148 2085 5215 conciliis,
2123 5145 2335 5213 ldatio,
2386 5144 2681 5199 Viclnrensi
2725 5152 2782 5199 et
2820 5146 3032 5201 caeteris
3074 5154 3388 5207 auctoribus

118 5237 177 5290 28
199 5243 402 5297 Arcadii
436 5241 647 5312 inquit,
677 5238 921 5296 Castiuus
951 5242 1201 5311 magister
1231 5242 1456 5295 militum
1506 5241 1698 5296 Roma-
1800 5238 2194 5311 deprehendet.
2229 5237 2428 5292 Decem
2462 5235 2624 5305 igitur
2661 5235 2940 5292 dumtaxat
2967 5238 3270 5299 Gothorum
3304 5262 3389 5301 rc.

118 5345 299 5398 norum,
326 5352 443 5390 cum
487 5350 689 5406 magna
720 5349 903 5401 manu,
929 5344 979 5389 et
1004 5334 1223 5388 auxiliis
1252 5333 1566 5400 Gothorum,
1590 5333 1698 5388 bel-
1802 5345 1899 5403 ges
1928 5329 2077 5385 fuere
2096 5342 2268 5397 usque
2292 5328 2357 5383 ad
2390 5327 2706 5384 Liubanem.
2933 5331 2938 5336 ’

122 5420 211 5475 tum
229 5424 277 5478 in
308 5424 509 5481 Baetica
539 5424 822 5481 Wandalis
849 5426 1006 5497 infert
1037 5442 1056 5480 :
1083 5442 1215 5497 quos
1236 5441 1353 5479 cum
1381 5427 1449 5480 ad
1470 5427 1703 5498 inopiam
1882 5424 2122 5481 Liubane
2145 5430 2325 5477 tamen
2356 5420 2715 5477 nihilominus
2740 5434 3024 5494 regnante,
3055 5427 3402 5502 Leovigildns

122 5513 162 5567 si
181 5515 459 5573 obsidionis
480 5526 740 5584 arctaret,
763 5518 892 5571 adeo
908 5529 961 5572 ut
990 5534 1044 5573 se
1062 5517 1271 5573 tradere
1290 5519 1407 5588 jam
1435 5525 1704 5590 pararent;
1809 5514 2184 5589 (undecimum
2210 5514 2406 5581 cornu)
2435 5520 2643 5580 partem
2689 5518 2838 5584 regni
2868 5518 3108 5587 accepit;
3139 5536 3248 5591 quo
3272 5543 3400 5581 vere

123 5608 391 5668 inconsulte
443 5613 669 5682 publica
725 5614 1003 5667 certamine
1050 5615 1357 5685 confligens,
1388 5611 1710 5666 auxiliorum
1812 5607 1881 5664 de
1909 5606 2001 5662 illo
2023 5603 2333 5668 diceretur,
2370 5601 2502 5656 Ecce
2529 5618 2695 5657 cornu
2735 5606 2884 5661 aliud
2921 5609 3196 5677 pat't'ttluztt
3231 5627 3399 5670 ortam

124 5697 287 5769 fraude
314 5705 595 5777 deceptus,
628 5702 696 5756 ad
724 5701 1081 5759 Tarraconam
1128 5704 1294 5759 uictus
1337 5701 1540 5774 eﬂ'ugit.
1577 5702 1709 5761 Cum
1816 5700 1975 5758 estde
1997 5696 2163 5753 medio
2191 5710 2406 5765 eorum;
2436 5696 2489 5752 in
2515 5695 2700 5754 medio
2728 5702 2872 5756 enim
2910 5704 3066 5774 regni
3095 5704 3276 5762 fratris
3316 5711 3401 5781 sui
3474 5706 3493 5718 “

569 5795 851 5857 Ρλτιιοι..
888 5794 1136 5858 XXXI.
1838 5865 1842 5868 ι

1838 5865 1842 5868 ι
2784 5792 2861 5855 19
