3908 6270
524 191 630 251 587
1420 170 1717 234 FLAVIUS
1754 167 2001 228 LULIUS
2043 161 2322 223 DEXTI‘JR
2358 154 2895 220 CllRONOLOGUS.
3680 151 3773 211 εει

525 316 758 379 parvum
796 312 1021 371 regnum
1061 294 1167 353 sibi
1213 290 1496 349 constituit
1542 306 1559 345 :
1604 285 1752 359 quod
1794 281 2123 340 Viclarensis
2153 281 2204 342 Α
2230 277 2376 350 pessi
2408 277 2607 343 fuere;
2649 274 2703 330 id
2733 271 2877 344 quod
2922 269 3138 328 Marcus
3180 266 3440 326 Maximus
3465 266 3781 339 Caesaraugn.

528 362 807 470 gestorum
838 362 956 463 ejus
982 382 1435 455 chronograpbus
1478 380 1559 435 sic
1611 377 1856 432 notavit:
1901 375 2059 429 Anno
2089 374 2124 427 5
2226 382 2416 428 stanus
2447 382 2575 447 tunc
2605 368 2867 441 temporis
2892 367 3205 436 episcopus,
3238 370 3296 419 et
3321 362 3436 433 ipse
3467 363 3693 419 oculatus
3713 372 3779 420 te-

531 453 729 547 Eustini
757 453 1028 546 Iunior-is,
1076 453 1408 547 Leoaigildus
1448 485 1726 542 germanus
1761 465 2012 522 Liubanis
2046 479 2127 518 re-
2226 465 2325 520 stis
2355 462 2551 519 scribit
2571 462 2639 517 ad
2659 476 2863 516 annum
2888 458 3102 515 Domini
3133 456 3261 513 585.
3290 453 3532 511 Faciebat
3558 456 3783 528 crgobel-

532 576 919 654 gis,superstite
942 576 1104 645 fratre
1124 570 1180 623 in
1202 582 1414 640 regnum
1437 561 1695 618 citerioris
1718 559 1992 630 Hispania:
2012 572 2129 611 con—
2228 558 2336 612 lum
2366 558 2611 612 adversus
2636 556 2880 621 Sanctos,
2909 560 2957 608 et
2981 550 3289 623 praevalebat
3314 548 3403 605 eis.

534 640 788 728 munitur.
816 640 984 722 Porro
997 672 1110 720 tres
1130 675 1291 732 rcges
1305 667 1428 729 post
1441 656 1568 727 ejus
1588 664 1771 710 ortum
1794 650 2126 716 ceciderunt,
2302 650 2411 706 Sed
2446 648 2575 721 quid
2610 648 2884 719 signiﬁcat
2916 645 3066 718 quod
3105 642 3449 713 subiungitur
3476 658 3492 699 ς
3522 640 3648 697 Ecce
3671 644 3786 698 oculi

520 764 705 823 Liuba
735 759 1069 824 Gothorum,
1101 763 1158 812 et
1198 752 1353 818 Miro,
1406 759 1567 820 atque
1614 746 1877 803 Evoricus
1923 744 2132 799 Sucvo-
2230 741 2376 813 quasi
2406 740 2545 795 oculi
2570 739 2793 795 hominis
2811 744 2961 793 erant
2987 736 3043 790 in
3068 750 3229 791 cornu
3248 734 3383 789 ista?
3404 733 3643 789 nimirum
3667 732 3786 805 quod

534 874 683 925 rum,
710 865 985 925 regnaque
1010 850 1256 921 ipsorum
1284 857 1388 901 suo
1418 837 1648 910 adjecit,
1689 847 1748 892 ut
1779 835 1923 892 idem
1954 832 2133 889 Viola-

535 950 716 1009 rensis
742 945 971 1005 scribit:
1004 955 1115 1011 quo
1142 938 1400 995 nimirum
1432 931 1563 989 illud
1601 930 1654 986 in
1686 943 1754 1011 eo
1790 925 2130 989 vcriticetur,

539 1043 719 1100 Cornu
758 1036 906 1095 aliud
934 1044 1105 1091 ortum
1139 1031 1339 1101 fuerat,
1377 1034 1497 1081 ante
1524 1023 1661 1096 quod
1703 1022 1995 1076 ceciderant
2034 1017 2134 1071 tria

540 1150 760 1199 cornua,
790 1139 837 1186 et
863 1129 1037 1199 majus
1063 1133 1173 1181 erat
1202 1120 1423 1186 caeteris;
1452 1126 1507 1172 et
1536 1115 1711 1186 majus
1738 1111 1934 1179 multo,
1964 1124 2137 1180 quan-

544 1224 837 1297 doquidcm
862 1220 1173 1276 universam
1204 1211 1540 1283 Hispaniam,
1570 1221 1691 1279 qua:
1716 1205 1898 1297 multis
1919 1200 2137 1273 regibus

543 1318 822 1388 variisque
868 1309 1207 1385 principibus
1252 1303 1496 1374 subjecta
1546 1300 1723 1355 luerat
1768 1296 1977 1367 primus
2022 1308 2138 1347 om-

547 1411 698 1479 nium
734 1387 840 1462 sub
869 1418 968 1459 sua
1007 1397 1252 1470 reposuit
1296 1401 1594 1465 potestate,
1626 1390 1695 1446 ad
1741 1387 1883 1460 quod
1916 1397 2139 1447 necesse

547 1475 994 1557 fuit’Vasconias,
1045 1485 1443 1551 Bastetaniam,
1494 1481 1898 1547 Malacitanam,
1928 1475 2139 1533 Cordu-

546 1592 806 1657 benscm,
856 1594 912 1641 et
940 1579 1421 1642 Assidoniensem,
1462 1574 1703 1644 aliasque
1745 1570 2051 1643 provincias
2084 1575 2141 1623 et

2231 833 2300 890 ad
2321 831 2677 889 debellandos
2698 840 2918 886 sanctos
2942 844 3052 884 non
3065 841 3209 883 cmca
3235 840 3332 882 sua
3353 823 3629 881 dumtaxat
3645 826 3789 895 phan-

2233 928 2369 984 tasia
2402 926 2742 995 movebatur,
2794 923 2891 979 sed
2925 922 3221 979 multorum
3268 919 3635 990 episcoporum
3658 918 3790 973 insti-

2234 1025 2471 1095 gatione,
2502 1022 2592 1093 qui
2620 1019 2766 1076 oculi
2798 1018 3063 1075 Ecclesiae
3085 1014 3561 1084 nuncupabantur;
3590 1010 3792 1083 quinitu-

2237 1131 2328 1173 mo
2371 1125 2427 1171 et
2466 1114 2698 1170 concilia
2730 1111 3046 1169 celebrabat
3080 1124 3247 1179 super
3294 1106 3481 1163 eadem
3515 1120 3589 1162 re.
3618 1104 3795 1172 Accipe

2238 1208 2308 1263 Μ.
2338 1206 2561 1263 Maximi
2600 1205 2764 1262 verba
2809 1204 2877 1258 ad
2909 1216 3110 1258 annum
3146 1199 3358 1255 Domini
3393 1198 3489 1255 58l
3524 1213 3538 1251 :
3573 1193 3795 1268 Leooigil-

2239 1302 2338 1355 dus
2374 1301 2561 1355 iterum
2591 1296 3057 1370 Herntenegildum
3089 1294 3262 1364 ﬁlium
3291 1307 3440 1347 suum
3483 1291 3667 1345 obsidet
3687 1330 3702 1354 ,
3725 1305 3797 1342 ca-

2243 1401 2493 1462 ptumque
2519 1389 2757 1445 Toletum
2801 1388 2969 1454 ducit,
2999 1386 3172 1455 ibique
3196 1385 3391 1439 carceri
3421 1382 3688 1453 mancipat.
3709 1380 3797 1437 Sed

2241 1499 2370 1540 ecce
2397 1482 2592 1539 oculos
2618 1481 2780 1551 hujus
2801 1495 2970 1537 cornu
2996 1494 3012 1534 :
3049 1477 3149 1533 Ubi
3193 1475 3449 1548 synodum
3477 1475 3802 1546 episcoporum

2243 1578 2577 1641 Arianorum,
2596 1591 2800 1645 suaeque
2825 1573 3065 1646 factionis
3095 1570 3391 1640 contrahit,
3414 1573 3497 1624 cui
3525 1567 3803 1623 Paschasius

546 1686 711 1744 urbes
738 1681 885 1740 bello
907 1678 1011 1735 Sibi
1036 1675 1308 1745 subiicere
1326 1713 1341 1739 ν
1381 1678 1437 1727 ει
1459 1670 1763 1727 δυθνοτυηῖ
1792 1665 1885 1738 qui
1927 1664 1981 1719 ίη
2012 1662 2140 1719 Gal-
2172 1663 2216 1724 B
2244 1672 2511 1744 episcopus
2536 1668 2786 1725 Ecclesice
2808 1668 2869 1725 8.
2901 1666 3127 1722 Eulalia:
3154 1665 3420 1721 Toletana:
3433 1662 3685 1737 prasidet.
3703 1676 3805 1715 con-

546 1776 701 1834 lmcia
749 1770 1192 1845 putentabantur,
1238 1777 1463 1835 regnum
1509 1760 1735 1824 delere;
1786 1757 1877 1812 cui
1927 1755 2145 1812 demum

549 1868 787 1928 Galliam
815 1863 1223 1921 Narbonensem
1256 1855 1475 1925 adjecit,
1501 1851 1644 1909 unde
1661 1859 1718 1907 et
1736 1851 2002 1905 devorasse
2023 1848 2145 1902 uni-

548 1978 749 2020 uersam
777 1968 967 2014 terram
992 1950 1369 2027 propriissime
1395 1948 1571 2004 dictus
1590 1953 1696 2015 est,
1727 1955 1774 2002 et
1795 1942 2143 2009 conculcasse,

552 2073 615 2113 ac
642 2052 1004 2111 comminuisse
1032 2064 1162 2104 eam.
2075 2106 2081 2113 _

627 2148 825 2220 Magna
859 2156 1073 2214 quoque
1099 2149 1146 2196 et
1174 2137 1405 2210 ingentia
1441 2143 1623 2190 contra
1646 2131 1920 2189 Excelsum
1946 2130 2147 2185 locutus

558 2246 677 2317 fuit,
722 2238 978 2295 nimirum
1018 2242 1208 2290 contra
1240 2229 1441 2286 Christi
1491 2226 1839 2283 Divinitatem
1888 2222 2147 2292 blasphe-

555 2312 698 2389 mias
723 2342 1006 2395 evomens,
1040 2332 1231 2395 utpote
1272 2322 1604 2377 Arianorum
1642 2312 2145 2388 propugnaculum,

2249 1766 2458 1821 reniunt
2509 1780 2569 1820 eo
2635 1762 2931 1819 Vincentius
2982 1761 3252 1833 episcopus
3295 1755 3805 1828 Cresaraugustanus:

2250 1858 2502 1925 Sumnia,
2532 1866 2579 1912 et
2618 1856 2942 1925 Nepotianus
2974 1854 3204 1925 episcopi
3234 1850 3572 1907 Emeritensis
3590 1847 3807 1904 Ecclesia!

2249 1950 2439 2005 intrusi
2488 1963 2506 2003 :
2562 1947 2748 2022 Ugnns
2786 1946 3214 2011 Barcinonensis,
3267 1942 3470 1998 Mutila
3525 1938 3802 1995 Valentinus

2249 2041 2604 2115 Argimandus
2634 2039 3068 2109 Portucallensis,
3102 2036 3405 2109 Gardingus
3434 2035 3692 2108 episcOpus
3718 2030 3806 2085 Tu-

2252 2136 2425 2192 densis
2445 2176 2460 2202 ,
2494 2144 2542 2190 et
2564 2135 2656 2190 alii
2679 2133 2913 2201 eiusdem
2932 2143 3100 2187 sectte.
3133 2130 3318 2186 Elatus
3350 2137 3432 2184 tot
3456 2128 3663 2183 Patrum
3687 2123 3808 2179 favo-

2251 2226 2723 2297 re'Leovigildus,
2757 2240 2865 2281 non
2907 2225 3106 2280 mirum
3146 2223 3192 2278 si
3220 2229 3479 2293 putaret,
3508 2217 3639 2291 quod
3670 2224 3808 2288 posset

2251 2328 2453 2373 mutare
2477 2328 2711 2389 tempora
2729 2327 2778 2372 et
2804 2315 2941 2388 leges
2962 2314 3114 2388 regni
3146 2313 3253 2382 sui,
3279 2321 3339 2370 et
3366 2322 3553 2369 sectas.
3575 2308 3724 2379 Cujus
3744 2305 3807 2363 rei

554 2435 606 2484 et
632 2423 820 2481 bellum
837 2436 900 2478 ea
920 2418 989 2476 de
1000 2431 1161 2473 causa
1186 2414 1432 2470 adversus
1456 2421 1664 2466 sanctos
1685 2407 1928 2482 faciebat,
1948 2414 1994 2461 et
2016 2419 2152 2477 pra:-

558 2519 758 2579 ealebat
783 2517 877 2572 eis.
908 2513 1054 2570 Nihil
1082 2511 1297 2576 verius,
1342 2508 1478 2564 nihil
1519 2508 1689 2577 magis
1736 2504 1934 2560 littera:
1955 2516 2152 2559 conso-

535 2630 689 2672 .num
720 2631 733 2668 :
767 2623 891 2668 nam
919 2622 1156 2666 concors
1178 2612 1463 2661 auctorum
1496 2616 1600 2656 vox
1634 2607 1741 2667 est,
1775 2584 2150 2668 Leovigildum

559 2708 761 2765 bellum
791 2701 1123 2771 acerrimum
1144 2697 1406 2756 indixisse
1434 2692 1724 2751 catholicis
1744 2732 1761 2760 ,
1802 2705 2033 2761 quorum
2055 2704 2152 2760 pa-

558 2798 850 2863 trocinium
876 2789 1332 2861 llermenegildus
1360 2787 1503 2843 lilius
1528 2790 1872 2855 susceperat,
1907 2782 2154 2852 ipsisque

561 2906 779 2962 semper
802 2885 1168 2960 prtevaluisse.
1198 2881 1400 2952 Accipe
1425 2879 1592 2935 verba
1614 2878 1684 2932 Μ.
1708 2877 1946 2943 Maximi,
1976 2876 2064 2947 qui
2090 2889 2151 2929 ea
2259 2886 2457 2928 novam
2487 2873 2590 2928 sub
2619 2870 2704 2927 his
2736 2872 2917 2928 verbis
2943 2870 3185 2927 condens
3215 2886 3228 2924 :
3262 2868 3348 2925 De
3382 2869 3613 2925 Romana
3635 2864 3812 2938 religio—

564 2958 698 3054 quae
715 2958 850 3035 vidit
891 2978 1100 3047 scripto
1130 2972 1368 3030 tradidit.
1415 2975 1573 3028 Anno
1614 2969 1825 3026 Domini
1858 2969 1985 3025 580.
2020 2967 2156 3022 Her-
2204 3052 2215 3054 ξ
2263 2980 2327 3017 ne
2346 2965 2421 3019 ad
2447 2975 2676 3019 nostram
2696 2962 3006 3018 catholicam
3029 2962 3185 3033 ﬁdem
3210 2961 3306 3033 (ita
3331 2976 3486 3017 suam
3516 2958 3685 3015 miseri
3710 2969 3813 3012 nun«

562 3052 883 3145 menegildus
906 3068 1275 3124 catholicorum
1297 3065 1509 3137 suscipit
1531 3064 1894 3135 patrocinium.
1922 3061 2149 3130 Rursus,
2181 3052 2228 3117 C
2258 3056 2550 3128 cupabant)
2575 3059 2852 3126 venientes,
2881 3072 2983 3111 non
3009 3056 3189 3111 debere
3219 3056 3498 3128 baptizari,
3524 3054 3608 3109 sed
3632 3060 3817 3108 tantum

565 3162 776 3219 Indicto
798 3162 926 3216 inter
952 3155 1553 3227 PatrentLeovigildnm,
1569 3163 1614 3208 et
1640 3155 1922 3225 principem
1938 3150 2163 3206 Herme-
2266 3151 2419 3205 modo
2446 3167 2536 3221 per
2558 3166 2743 3206 manus
2765 3150 3144 3223 impositionem
3162 3188 3179 3216 ,
3203 3160 3253 3205 et
3274 3147 3646 3206 communionis
3673 3160 3816 3218 perre-

565 3253 835 3329 negildum
858 3250 1060 3323 publica
1080 3248 1214 3304 bello
1241 3247 1389 3321 (nam
1408 3247 1461 3300 in
1485 3262 1646 3301 causa
1670 3244 2044 3299 catholicorum
2066 3260 2163 3317 po—
2266 3244 2492 3315 ptionem
2521 3244 2702 3312 recipi,
2726 3252 2773 3297 et
2796 3242 3023 3314 gloriam
3059 3240 3207 3298 Patri
3230 3258 3322 3312 per
3355 3239 3557 3296 Filium
3580 3241 3629 3295 in
3648 3237 3814 3309 Spiritu

569 3344 816 3418 palorum
853 3360 885 3396 a
918 3351 1065 3413 patre
1096 3339 1393 3393 admonitus
1430 3348 1577 3405 crat,
1622 3352 1687 3391 ne
1724 3353 1757 3390 a
1785 3352 1841 3391 se
1868 3335 2162 3407 deﬁceret),
2267 3342 2446 3390 sancto
2471 3334 2606 3389 dati.
2632 3333 2751 3401 Quo
2764 3334 3012 3389 ellectum
3027 3342 3110 3390 est
3134 3332 3474 3404 (miserabile
3494 3331 3655 3400 dictu)
3684 3338 3815 3396 utper

2254 2409 2409 2466 nobis
2434 2409 2640 2481 praebet
2659 2408 2965 2478 exemplum
2987 2405 3317 2464 Viclarensis
3339 2419 3356 2471 ;
3380 2419 3501 2461 cum
3527 2404 3660 2459 enim
3679 2401 3808 2458 Aria-

2255 2518 2448 2559 norum
2484 2504 2603 2574 lege
2626 2501 2926 2558 inviolabili
2956 2510 3173 2557 cautum
3206 2507 3381 2569 esset,
3414 2514 3484 2555 ne
3512 2498 3626 2569 quis
3651 2496 3709 2550 ad
3732 2507 3809 2550 eos

2253 2594 2323 2651 de
2358 2593 2644 2650 catholicis
2702 2593 2936 2649 transire
2981 2592 3438 2663 permitteretur,
3493 2587 3593 2646 nisi
3626 2590 3810 2644 lavacro

2253 2687 2354 2743 illo
2379 2701 2479 2744 suo
2504 2687 2720 2743 Zenoso
2749 2686 3208 2757 rebaptizaretur:
3246 2684 3593 2756 Leovigildus
3617 2694 3810 2753 congre-

2255 2788 2382 2853 gato
2409 2781 2640 2837 concilio
2690 2795 2912 2836 suorum
2943 2779 3277 2845 antistitum,
3325 2777 3503 2849 legem
3549 2771 3807 2846 abrngsvib

570 3432 905 3506 Leouigildus
927 3433 1095 3501 ﬁlium
1121 3429 1333 3500 Hispali
1372 3429 1602 3493 obsidet,
1636 3427 2030 3500 proditioneque
2058 3428 2166 3483 Ro-

569 3544 841 3586 manorum
881 3527 1021 3597 patri
1060 3541 1155 3580 suo
1187 3524 1442 3591 truditur,
1469 3524 1557 3595 qui
1590 3531 1701 3592 post
1732 3523 1918 3576 durant
1944 3523 2167 3577 carceris

572 3622 860 3679 custodiam
887 3616 1102 3688 Hispali
1142 3618 1342 3673 cinctus
1364 3658 1380 3684 ,
1417 3626 1465 3671 et
1506 3615 1702 3671 catenis
1728 3613 1973 3689 alligatus
2017 3615 2167 3670 vehe-

571 3724 768 3772 menter
786 3712 1041 3786 premitur
1055 3727 1072 3765 :
1086 3710 1176 3766 sed
1203 3709 1415 3764 tandem
1435 3709 1571 3765 datis
1587 3709 1849 3764 obsidibus
1862 3709 2162 3762 dimittitur.

572 3810 732 3864 Anno
763 3807 863 3863 581
898 3824 914 3861 :
943 3803 1278 3877 Leovigildus
1297 3801 1481 3858 iterum
1505 3799 1967 3873 Herntenegildum
1996 3799 2166 3867 ﬁlium

575 3898 769 3956 obsidet
794 3898 864 3953 ad
896 3897 1045 3953 Osset
1067 3895 1314 3968 oppidum
1335 3894 1642 3962 Lusitaniae,
1676 3905 1987 3965 captumque
2016 3891 2165 3947 Tole-

575 4001 682 4046 tum
702 3990 866 4057 ducit,
889 3988 1063 4060 ibique
1077 3988 1278 4043 carceri
1299 3987 1585 4057 mancipat.
1614 3986 1838 4057 Insuper
1859 4001 2003 4041 anno
2029 3985 2163 4041 583:

575 4083 903 4156 Leovigildus
938 4083 1126 4137 iterum
1147 4079 1317 4150 ﬁlium
1345 4079 1805 4153 Herntenegildum
1844 4077 2050 4152 Hispali
2079 4076 2170 4133 ob-

576 4178 725 4235 sidet.
758 4175 827 4231 Et
854 4189 1000 4230 anno
1030 4172 1138 4230 584
1174 4192 1189 4229 :
1218 4172 1547 4246 Leoz-igildus
1586 4175 1865 4229 exercitum
1909 4174 2167 4229 contrahit

577 4278 754 4324 contra
782 4265 1231 4339 Hermenegildum
1257 4264 1449 4336 ﬁlium.
1484 4263 1741 4319 Mironem
1772 4265 2063 4321 Sueuorum
2085 4280 2169 4320 re-

577 4378 691 4436 gem
716 4362 770 4417 in
792 4361 1050 4417 auxilium
1084 4375 1238 4414 suum
1258 4369 1439 4413 contra
1459 4359 1631 4429 ﬁliam
1651 4399 1666 4423 ,
1697 4367 1744 4413 et
1786 4359 1954 4415 hostes
1980 4359 2167 4413 multos

2269 3429 2404 3482 hanc
2433 3427 2778 3482 scductionem
2804 3427 3018 3498 plurimi
3052 3436 3348 3482 nostrorum
3374 3427 3475 3500 (ait
3509 3420 3818 3487 Viclarensis)

2269 3521 2551 3592 cupiditate
2564 3521 2811 3590 potiusint
2818 3520 2955 3590 pulsi
2962 3562 2977 3587 ,
2991 3521 3044 3575 in
3059 3519 3315 3575 Arianum
3328 3520 3521 3595 dogma
3531 3516 3814 3574 declinarint.

2340 3613 2450 3670 Sed
2479 3613 2608 3685 quid
2630 3613 2731 3669 sibi
2765 3613 2881 3669 vult
2908 3612 3053 3685 quod
3079 3611 3395 3669 debellasse
3433 3620 3490 3669 et
3518 3608 3818 3683 praevaluisse

2273 3703 2475 3759 dicitur
2497 3705 2724 3771 sanctis,
2749 3703 3084 3773 traditosqne
3101 3703 3223 3759 illos
3246 3702 3418 3761 fuisse
3442 3704 3498 3759 in
3512 3715 3686 3759 manus
3703 3697 3817 3769 ejuS.

2270 3811 2433 3867 usque
2455 3796 2525 3850 ad
2556 3804 2776 3868 tempus,
2807 3804 2855 3851 et
2886 3803 3122 3867 tempora
3142 3837 3157 3864 ,
3190 3804 3240 3850 et
3272 3794 3550 3851 dimidium
3582 3786 3821 3862 temporis?

2272 3886 2417 3943 Sane
2461 3886 2517 3942 in
2580 3886 2667 3942 his
2712 3887 2895 3943 verbis
2934 3899 3069 3958 quot
3112 3901 3284 3943 annos
3333 3897 3653 3960 regnaturus
3679 3887 3818 3945 esscl.

2271 3978 2535 4035 innuitur.
2567 3979 2704 4035 Cum
2736 3994 2870 4036 vero
2909 3979 3168 4051 temporis
3198 3980 3441 4042 nomine,
3475 3978 3648 4034 nullus
3673 3974 3821 4031 deter-

2273 4073 2479 4128 minate
2521 4079 2576 4128 et
2631 4071 2921 4144 perspicue
2946 4086 3214 4127 annorum
3243 4085 3507 4127 numerus
3530 4069 3816 4140 designetur,

2275 4178 2500 4221 necesse
2526 4164 2631 4220 erit
2656 4164 2896 4236 aliquem
2925 4164 3345 4221 delerminatum
3377 4178 3637 4237 quarrere,
3667 4160 3713 4216 in
3738 4168 3821 4228 quo

2274 4261 2505 4331 simplex
2536 4260 2679 4332 quod
2711 4263 2766 4316 in
2806 4259 3065 4332 singulari
3098 4270 3324 4319 vocatur
3350 4273 3572 4335 tempus,
3611 4273 3720 4315 cum
3740 4255 3817 4311 du-

2274 4352 2404 4424 plici
2450 4362 2686 4425 tempora
2723 4352 2776 4408 in
2806 4354 3002 4424 plurali
3034 4366 3380 4425 nnncupato,
3414 4362 3473 4411 et
3515 4350 3723 4409 dimidio
3744 4347 3820 4402 du-

576 4430 746 4512 uocat.
794 4456 948 4509 Anno
977 4465 1109 4508 vero
1134 4451 1279 4507 585:
1312 4449 1743 4521 Hermenegildns
1794 4448 2002 4523 Hispali
2031 4451 2170 4505 dela-
2202 4442 2253 4505 D
2281 4443 2435 4515 plicis
2476 4444 2618 4515 quod
2657 4443 2935 4499 dimidium
2952 4447 3198 4517 temporis
3242 4443 3449 4501 dicitur
3475 4485 3490 4510 .
3540 4443 3651 4511 eius
3698 4430 3817 4507 τεέυί

581 4564 724 4619 psus,
754 4555 802 4601 et
827 4543 1084 4600 Corduba
1109 4554 1308 4615 captus,
1335 4543 1559 4614 primunt
1590 4540 1822 4613 Hispali,
1843 4541 2008 4596 Tolcti
2029 4542 2175 4596 drin-
2276 4536 2672 4606 complectatur
2717 4552 2908 4593 annos.
2953 4537 3009 4593 Id
3051 4537 3193 4610 quod
3242 4538 3293 4592 in
3324 4535 3634 4608 Leavigildo
3658 4528 3821 4603 reperi-

580 4642 666 4708 de,
704 4638 1060 4707 Valentiteque
1087 4632 1282 4704 aliquot
1309 4650 1505 4689 menses
1532 4635 1762 4703 captivus
1788 4633 2011 4688 exsulat.
2033 4631 2172 4701 Quid
2278 4642 2427 4695 mus,
2458 4629 2547 4699 qui
2569 4671 2583 4696 ,
2618 4639 2755 4686 teste
2788 4630 3106 4697 Viclarensi,
3143 4631 3208 4686 17
3239 4645 3363 4686 cum
3394 4628 3636 4697 dimidio,
3660 4625 3708 4679 in
3741 4622 3820 4676 im-

580 4731 786 4802 plura‘l
827 4729 965 4785 adeo
1005 4726 1292 4798 prtevaluit
1333 4726 1635 4782 truculenta
1672 4724 1880 4790 bestia,
1919 4731 1978 4778 ut
2007 4724 2172 4779 lilium
2282 4722 2434 4791 perio
2462 4718 2791 4791 impiissimo
2832 4721 3033 4792 exegit.
3078 4720 3320 4792 Namque
3344 4735 3474 4776 cum
3506 4718 3607 4775 sub
3634 4709 3824 4785 simplici

581 4823 759 4893 capite
785 4818 1029 4877 truncari
1056 4817 1289 4885 fecerit;
1322 4832 1443 4874 cum
1476 4826 1638 4873 antea
1673 4817 2051 4889 persecutione
2076 4831 2171 4885 ge-
2280 4822 2526 4885 tempore
2557 4815 2864 4883 quinariutn
2894 4828 3160 4869 annorum
3190 4813 3578 4885 intelligamus,
3610 4808 3721 4865 etin
3745 4803 3823 4858 du—

583 4913 757 4970 nerali
780 4915 838 4982 ,ἱ
865 4910 1165 4967 catholicos
1189 4918 1330 4966 mnta
1354 4948 1370 4977 ,
1416 4909 1719 4981 praecipuos
1745 4923 1933 4964 eorum
1964 4906 2175 4963 antisti-
2282 4905 2406 4974 plici
2434 4903 2740 4971 denarium,
2773 4914 2828 4960 et
2856 4906 2908 4959 in
2934 4903 3161 4960 dimidio
3193 4902 3475 4974 temporis,
3504 4896 3717 4973 quinarii
3736 4908 3824 4949 nte-

584 5014 670 5063 tes
695 5004 959 5061 acerrime
997 5012 1317 5074 persecutus
1362 5001 1417 5056 in
1458 5000 1715 5056 exsilium
1754 4999 2009 5055 misisset.
2047 4999 2178 5069 Ejus
2278 4997 2565 5066 dictatem,
2596 4997 2649 5052 id
2681 5008 2795 5066 est,
2825 4997 2959 5053 duos
2999 5011 3173 5053 annos
3203 5012 3325 5052 cum
3351 4993 3608 5059 dimidio;
3638 4999 3821 5056 ιεηῳιιεο

584 5111 718 5155 sane
740 5097 898 5169 jussu
930 5096 988 5154 8.
1020 5095 1269 5152 Leander
1308 5092 1671 5164 llispalcnsis,
1704 5102 1758 5148 ct
1786 5103 2002 5147 sanctus
2026 5090 2174 5147 Lici-

582 5190 777 5247 nianus
803 5186 1247 5258 Carthaginensis
1269 5187 1509 5256 episcopi
1540 5183 2071 5254 Constantinopolim
2090 5199 2175 5241 re—

586 5283 748 5352 legati
794 5289 962 5347 sunt;
1009 5280 1069 5337 S.
1104 5280 1362 5335 Mausona
1399 5278 1755 5336 Emeritensis
1781 5276 2169 5348 Complutum;

583 5372 645 5429 8.
681 5370 1012 5442 Euphemius
1058 5371 1355 5427 Toletanus
1389 5371 1785 5436 Barcinonem;
1835 5368 1895 5425 8.
1948 5369 2172 5424 lt0nitus

585 5462 988 5533 Complntensis
1021 5460 1534 5534 Cmsarangustam;
1580 5462 1639 5518 S.
1674 5461 1987 5533 Fulgentius
2029 5462 2175 5516 Asti-

581 5558 824 5629 gitanus,
853 5563 909 5610 et
932 5554 1021 5609 alii
1063 5555 1196 5611 alias
1224 5556 1295 5611 ob
1324 5555 1692 5611 defensionem
1722 5553 2001 5611 catholica:
2031 5553 2174 5608 veri-

580 5652 730 5724 tatis,
765 5653 967 5723 egente
1000 5644 1165 5719 impio
1196 5646 1516 5719 Lcovigildo
1544 5662 1706 5721 rege,
1754 5647 2005 5705 exsilium
2044 5661 2168 5718 per-

2277 5100 2325 5144 et
2346 5100 2601 5160 tempora,
2631 5099 2677 5144 et
2707 5089 2979 5145 dimidium
3006 5094 3246 5160 temporis
3277 5089 3340 5143 17
3359 5102 3534 5144 annos
3558 5099 3671 5142 cum
3697 5078 3825 5137 dimi-

2276 5182 2398 5248 dio,
2427 5198 2527 5237 nec
2556 5183 2700 5253 plus,
2752 5198 2855 5238 nec
2886 5181 3064 5237 minus
3090 5181 3401 5237 conﬁcient.
3452 5177 3651 5248 Quibus
3675 5181 3819 5228 trans-

2279 5275 2417 5330 actis
2445 5284 2654 5346 propter
2676 5290 2844 5329 vocem
2866 5289 3159 5330 sermonum
3195 5271 3493 5345 grandium,
3528 5284 3651 5339 quos
3694 5274 3821 5318 coras

2279 5366 2414 5421 illud
2445 5374 2629 5421 contra
2671 5366 2949 5421 Excelsttm
2990 5365 3312 5436 loquebatur,
3351 5361 3618 5431 interfecta
3640 5362 3709 5413 est
3751 5351 3819 5406 lt-

2281 5461 2405 5524 stia,
2422 5468 2468 5514 et
2494 5460 2647 5530 periit
2669 5476 2853 5528 corpus
2876 5457 3326 5530 ejusJustissime
3346 5465 3467 5525 post
3497 5451 3624 5509 illud
3653 5456 3820 5515 tempus

2284 5558 2559 5607 tantorum
2585 5553 2854 5608 scelerum
2887 5550 3231 5622 Leovigildus
3262 5561 3448 5621 pmnas
3469 5546 3586 5611 luit,
3615 5550 3664 5600 ct
3691 5548 3818 5606 regno

2296 5646 2539 5718 privatus
2559 5655 2613 5703 et
2633 5648 2766 5715 vita,
2795 5647 2846 5701 in
2859 5646 3011 5719 cujus
3032 5645 3175 5718 regis
3200 5651 3371 5702 morte
3385 5638 3557 5699 bestia
3579 5631 3817 5695 interfecta
