3908 6270
168 186 262 246 589

637 187 1008 248 APPENDIX.
1051 188 1118 249 ΙΝ
1158 191 1463 252 PROI'HE'l
1481 192 1598 255 HM
1640 194 1960 261 DAMELIS
2001 201 2089 261 DE
2131 204 2463 276 QUATUOR
2505 207 2950 274 ANlMALIBUS.

3342 225 3448 286 590

165 317 259 376 est,
279 321 536 376 supremo
561 305 609 362 id
626 306 812 364 Judice
843 308 1204 376 decernente,
1225 320 1279 368 et
1301 312 1416 383 ejus
1441 315 1738 372 simuleur-
1766 322 1809 378 A
1843 318 2029 376 itidem
2058 323 2197 392 apud
2229 325 2524 395 scriptores
2555 329 2670 399 ejus
2704 332 2964 403 temporis
3014 336 3302 394 universus
3348 357 3440 398 re-

168 415 256 469 pus
269 399 449 468 periit;
474 415 577 453 non
601 400 740 454 enim
757 401 872 469 ipse
893 401 1064 465 solus,
1085 402 1179 456 sed
1198 413 1306 457 tota
1322 405 1439 473 ejus
1457 418 1601 462 secta
1617 409 1734 477 gla-

165 491 245 545 dio
258 491 397 546 verbi
420 491 514 546 Dei
539 492 785 546 confossa
807 493 1075 560 diSpcriit,
1099 497 1426 565 eteuucidit,
1459 507 1514 553 et
1535 515 1733 570 corpus

162 583 294 638 illius
322 582 505 638 beSIite
530 584 777 638 traditum
800 594 875 639 est
900 586 968 638 ad
994 589 1399 642 tombnrendum
1423 591 1552 662 igni.
1574 593 1731 659 Quod

162 677 306 732 etiam
327 676 388 730 ad
404 675 640 732 litteram
658 678 934 747 impletum
951 689 1056 747 est,
1073 682 1290 750 quando
1304 682 1612 740 Heearedus
1632 685 1734 742 Ca-

161 770 368 825 tholicus
391 786 506 839 rex,
533 780 690 841 patre
710 771 776 827 de
800 771 981 828 medio
996 773 1235 839 sublato,
1262 775 1546 830 universos
1570 782 1732 847 perti-

158 861 246 916 dize
283 862 492 917 Ariaute
540 864 712 918 libros
745 866 834 934 qui
872 869 1020 920 vires
1052 867 1368 936 praebebant
1401 869 1623 936 bestias,
1675 872 1729 927 in

159 955 342 1010 foribus
367 953 646 1011 Toletanis
680 956 894 1026 publice
923 959 1250 1016 combussit.
1283 960 1351 1016 Et
1379 963 1469 1032 qui
1498 963 1633 1018 vidit
1657 963 1726 1018 Μ.

155 1046 414 1116 Maximus,
446 1051 823 1104 testimonium
867 1052 1145 1122 perhibuit
1177 1053 1228 1109 in
1277 1055 1483 1110 Chron.
1532 1056 1600 1110 ad
1632 1071 1730 1111 an-

155 1159 265 1198 num
306 1145 510 1201 Domini
541 1145 647 1201 589
689 1147 779 1202 ubi
812 1148 879 1203 de
919 1147 1088 1203 initiis
1128 1149 1390 1206 Hecaredi
1427 1167 1594 1222 agens
1649 1154 1730 1208 in-

153 1238 278 1306 quit:
307 1235 442 1292 Libri
469 1239 710 1309 per/idin:
737 1241 948 1296 Ariona:
974 1243 1027 1295 in
1055 1243 1254 1312 foribus
1285 1242 1551 1300 Toletanis
1589 1263 1729 1301 cont-

154 1327 403 1382 burnnlur.

212 1420 340 1475 Tunc
365 1423 534 1477 throni
564 1425 722 1493 positi
749 1436 890 1495 sunt,
922 1437 974 1483 et
1006 1425 1243 1498 Antiquo
1286 1427 1499 1484 dierum
1537 1430 1610 1485 ita
1655 1429 1725 1486 de

151 1512 282 1571 etefis
309 1516 372 1571 ad
406 1515 647 1574 favorem
682 1529 733 1573 et
759 1519 1023 1590 justitiam
1055 1523 1266 1577 Excetsi
1301 1524 1395 1578 lilii
1423 1524 1724 1594 judicante,

143 1607 379 1676 judicium
419 1623 640 1680 quoque
671 1613 723 1666 in
760 1614 920 1667 terris
963 1614 1366 1672 solemuissime
1393 1618 1724 1674 celebratum

1839 414 2018 480 perire
2049 415 2212 482 licet;
2258 417 2310 472 id
2369 429 2484 485 est,
2539 423 2679 491 apud
2728 422 3016 492 lsidorum,
3067 428 3424 498 lldefunsum,

1836 502 1904 559 Μ.
1943 506 2254 576 Maximum,
2284 519 2629 568 etczeteros:
2663 531 2766 586 qua
2803 517 2871 572 de
2907 534 2966 574 re
3009 521 3230 576 uberius
3264 539 3429 593 agen-

1835 594 1962 651 dum
1988 600 2145 654 nobis
2175 604 2366 684 est'in
2410 608 2821 664 commentariis
2862 611 2929 665 ad
2963 614 3214 668 eumdem
3261 617 3432 671 Maxi-

1833 704 2004 758 mum,
2035 706 2162 747 ann.
2194 695 2406 750 Domini
2438 698 2564 765 590,
2601 701 2689 755 tibi
2734 703 2901 758 etiam
2950 708 3304 764 ostendemus
3332 725 3431 764 an-

1835 783 2139 851 tiquitatem
2177 787 2319 843 tituli
2367 792 2509 861 regis
2565 792 2844 859 Catholici.
2896 798 2984 866 qui
3040 799 3165 855 inde
3225 803 3432 872 pariter

1835 875 2039 931 ducens
2067 879 2336 950 originem
2369 882 2526 938 titulo
2569 885 2803 941 Gloriosi
2850 894 3155 947 successit:
3189 909 3308 949 cum
3353 906 3433 950 ta-

1834 981 1957 1022 men
1980 978 2212 1041 utcrque
2246 972 2482 1028 maxime
2513 973 2677 1031 faciat
2717 977 2784 1032 ad
2815 993 2929 1033 rem
2984 983 3052 1037 de
3096 999 3202 1052 qua
3254 986 3430 1057 loqui-

1834 1073 1974 1126 mur,
2008 1060 2058 1115 id
2107 1072 2211 1126 est,
2251 1063 2318 1118 ad
2351 1067 2609 1136 pupulum
2651 1080 2964 1126 sanctorum
3005 1073 3295 1142 Altissimi,
3330 1095 3429 1133 eu-

1826 1149 1916 1220 jus
1945 1167 2103 1222 reges
2134 1153 2368 1211 Gloriosi
2407 1167 2456 1214 et
2514 1158 2775 1215 Catholici
2821 1177 3017 1233 magno
3067 1165 3160 1220 Dei
3203 1170 3434 1226 consilio

1833 1249 2128 1316 nuncupati
2177 1258 2324 1316 sunt,
2376 1260 2436 1306 ut
2487 1252 2578 1308 vel
2635 1269 2702 1309 ex
2755 1256 2874 1326 ipso
2898 1271 3262 1328 cognomento
3295 1275 3432 1318 tam-

1830 1351 1990 1404 quam
2022 1354 2087 1393 ex
2118 1339 2273 1410 signo
2303 1341 2579 1401 deducere
2624 1361 2930 1416 possemus,
2981 1353 3231 1420 quisnam
3276 1367 3428 1412 esset

1833 1431 2064 1498 pepulus
2107 1432 2199 1488 ille
2228 1449 2358 1490 vere
2403 1437 2703 1494 catholicus
2749 1450 2806 1496 et
2850 1443 3140 1513 gloriosus,
3200 1446 3268 1503 de
3312 1463 3419 1519 quo

1830 1522 2021 1579 Daniel
2055 1535 2159 1579 tam
2189 1529 2358 1583 multa
2398 1529 2555 1586 dixit.

1903 1616 2056 1684 Quod
2085 1634 2213 1675 vero
2242 1621 2309 1675 ad
2357 1621 2475 1692 ejus
2524 1625 2673 1694 regni
2721 1630 3137 1698 perpetuitatem
3187 1645 3418 1704 spectat,

148 1711 214 1754 est
232 1699 416 1766 Tuleti,
449 1703 541 1756 ubi
569 1704 638 1756 7?.
666 1706 939 1774 episc0pis
969 1707 1131 1761 totius
1159 1707 1426 1776 Hispanias
1455 1710 1718 1766 etGallitn
1750 1706 1798 1769 B
1825 1708 1893 1763 ab
1948 1711 2138 1766 eodem
2178 1713 2444 1783 propheta
2493 1717 2827 1786 praedictam,
2864 1723 3066 1792 liquide
3116 1699 3335 1784 eon'stat

147 1790 361 1846 Gothica:
413 1793 858 1861 considentibus,
908 1797 1020 1850 Arii
1070 1796 1295 1866 perfidia
1361 1798 1720 1855 condemnata

146 1893 232 1938 est.
275 1879 367 1938 Cui
400 1883 588 1940 itidem
616 1897 934 1941 sanctorum
975 1891 1261 1944 conventni
1295 1890 1723 1949 innumerabiles

145 1983 266 2029 recta
317 1975 634 2046 iuspirando
683 1979 997 2048 angelorum
1048 1983 1324 2036 exercitus
1374 1983 1716 2048 interfuisse,

151 2082 240 2121 nou
269 2070 436 2123 solum
477 2085 566 2124 res
616 2070 757 2139 ipsa,
804 2080 1009 2126 tantam
1046 2072 1136 2127 Dei
1176 2073 1414 2150 glorianr
1449 2073 1718 2143 paritura,

142 2162 416 2222 convincit:
454 2163 552 2218 sed
581 2162 698 2218 dies
731 2163 1117 2220 celebrationis
1143 2155 1516 2237 concilif‘ﬂhm:
1557 2166 1657 2221 fuit
1687 2168 1720 2222 8

141 2252 260 2318 Maii,
289 2270 387 2324 qua
415 2254 617 2309 festum
638 2256 696 2311 S.
728 2255 1007 2310 Michaelis
1031 2267 1082 2311 et
1110 2259 1429 2327 angelorum
1457 2260 1506 2312 in
1535 2259 1720 2314 Eccle-

141 2344 203 2396 sia
229 2345 534 2401 celebratur
564 2363 579 2401 :
626 2356 683 2399 ut
712 2361 781 2401 ex
810 2347 945 2401 actis
971 2347 1217 2416 ejusdem
1248 2349 1443 2418 synodi
1484 2358 1716 2406 consmt.

141 2437 236 2504 Quo
279 2437 495 2494 tandem
527 2438 661 2493 illud
688 2439 953 2504 Danielis,
987 2441 1153 2494 millia
1184 2441 1408 2495 millium
1455 2442 1719 2496 ministra-

141 2528 236 2583 bant
275 2531 337 2595 ei,
383 2541 519 2597 etc.,
556 2547 662 2585 non
709 2531 884 2587 solum
936 2532 1004 2585 de
1049 2533 1252 2586 sanctis
1285 2533 1578 2602 episcopis,
1615 2533 1710 2588 sed

142 2621 280 2676 etiam
311 2624 376 2678 de
423 2623 638 2695 angelis
687 2625 817 2693 ipsis
860 2622 928 2678 ad
979 2624 1216 2680 litteram
1263 2625 1485 2696 intelligi
1533 2636 1715 2696 queat.

144 2715 264 2770 Tunc
289 2718 402 2772 libri
428 2720 604 2790 aperti
643 2728 762 2773 sunt
786 2735 805 2783 ;
834 2717 964 2773 dum
995 2718 1214 2786 scriptis
1247 2735 1565 2790 magnorum
1610 2720 1718 2774 Pa-

141 2817 280 2875 trum,
308 2811 536 2866 illorum
570 2812 874 2880 prmsertim
905 2811 994 2881 qui
1026 2809 1298 2866 Nicaeuam
1328 2812 1600 2881 synodum
1629 2825 1716 2866 ce-

141 2899 421 2968 lebrarunt,
455 2903 732 2968 evolutis;
765 2902 919 2958 libris
947 2918 1163 2973 quoque
1189 2903 1285 2959 SS.
1318 2902 1711 2972 Prophetarum

141 3003 186 3048 et
213 2992 629 3065 Evangeliorum
676 2993 966 3064 perleCIis,
1033 3009 1192 3048 causa
1243 2993 1446 3050 Christi
1501 2994 1714 3050 Domini

1827 1799 2104 1857 Hecaredo
2143 1811 2196 1858 et
2243 1803 2502 1876 deinceps
2531 1821 2704 1878 usque
2749 1812 2815 1864 ad
2863 1812 3174 1885 Philippum
3206 1819 3293 1885 IV,
3326 1820 3422 1891 qui

1825 1906 1969 1947 nunc
2001 1893 2233 1949 feliciter
2259 1906 2467 1966 regnat,
2503 1912 2600 1967 per
2651 1908 2796 1956 totos
2848 1904 2990 1960 £030
3037 1923 3208 1963 annos
3264 1926 3423 1967 num-

1825 2002 1984 2058 quam
2018 1989 2069 2043 iu
2093 1989 2352 2059 Hispania
2385 2006 2568 2064 regem
2598 1995 2922 2053 catholicum
2957 1999 3234 2070 defuisse;
3266 2020 3422 2059 num-

1823 2093 1982 2148 quam
2011 2081 2270 2150 populum
2303 2083 2478 2152 ipsum
2521 2084 2840 2156 Hispanum,
2878 2089 3041 2147 dante
3073 2093 3206 2161 Deo,
3239 2111 3266 2149 a
3314 2097 3421 2154 fide

1823 2169 2088 2226 catholica
2120 2171 2416 2229 descivisse
2449 2191 2464 2241 ;
2492 2191 2614 2230 nam
2645 2181 2857 2234 tametsi
2881 2181 2947 2235 ad
2974 2190 3189 2252 tempus
3219 2203 3414 2256 pecca-

1825 2260 1896 2315 tis
1943 2262 2110 2330 ipsius
2140 2263 2504 2334 exigentibus,
2536 2267 2755 2338 flagello
2789 2271 3145 2331 Sarraccnico
3195 2281 3416 2346 punitus

1823 2351 1952 2416 fuit;
2003 2354 2054 2406 in
2099 2351 2370 2410 Montanis
2420 2357 2776 2416 nihilominus
2839 2365 3198 2433 principatum
3255 2384 3420 2438 super

1823 2459 1943 2500 eum
1974 2445 2210 2500 obtinuit
2239 2447 2520 2503 Gloriosus
2547 2460 2603 2506 et
2631 2451 2942 2510 Catholieus
2975 2472 3070 2511 rex
3108 2457 3357 2530 Pelagius
3392 2477 3408 2515 :

1823 2537 2212 2606 quinimmuin
2259 2541 2530 2596 universis
2579 2542 2852 2612 HiSpanize
2913 2547 3138 2603 urbibus
3196 2552 3414 2620 publica

1823 2631 2022 2699 templa
2049 2631 2333 2688 catholicis
2355 2634 2608 2705 Hispanis
2637 2652 2666 2690 a
2695 2637 3012 2696 Sarraceuis
3039 2645 3140 2697 sub
3171 2644 3410 2714 ingentis

1821 2721 2076 2790 stipendii
2109 2738 2277 2778 onere
2302 2739 2564 2783 concessa
2591 2738 2714 2783 sunt
2739 2746 2753 2796 ;
2781 2731 2833 2785 in
2862 2733 3056 2800 quibus
3083 2735 3206 2804 ipsi,
3237 2753 3414 2808 quau-

1823 2824 2169 2886 tumcumque
2193 2817 2484 2874 durissimo
2504 2821 2635 2892 jugo
2663 2824 2856 2887 attriti,
2891 2825 3052 2881 fidem
3082 2829 3408 2901 catholicam

1821 2908 2036 2977 publice
2064 2921 2282 2980 semper
2301 2912 2540 2981 profiteri
2572 2929 2678 2969 non
2695 2915 3026 2986 dubitarunt,
3047 2936 3152 2989 quo
3169 2932 3412 2990 tempore

1821 3003 2091 3059 innumeri
2113 3004 2323 3060 illorum
2351 3005 2638 3074 Cordubae,
2660 3020 2714 3064 et
2742 3010 2871 3066 alibi
2894 3011 2957 3066 ad
2975 3015 3219 3084 martyrii
3249 3031 3409 3071 curo-

137 3084 430 3154 agitatapro
444 3085 533 3141 eis
559 3084 756 3139 divinis
773 3085 1041 3140 sententia
1065 3085 1169 3140 lala
1193 3093 1295 3151 εει.
1319 3096 1374 3140 ιιι
1395 3085 1460 3141 ad
1478 3101 1706 3156 unguem
1737 3093 1783 3154 C
1815 3112 1937 3151 nam
1955 3109 2343 3168 pervenerunt,
2368 3117 2596 3172 quorum
2629 3104 2900 3171 gloriosos
2930 3109 3232 3178 triumphos
3265 3125 3406 3167 unus

138 3175 425 3244 impleretur
455 3177 596 3232 illud
628 3193 642 3231 :
672 3177 818 3246 quasi
839 3173 1014 3230 Filius
1054 3177 1279 3231 hominis
1309 3178 1536 3231 veniebat
1563 3188 1607 3230 et
1627 3195 1715 3232 us-

134 3285 215 3336 que
232 3271 294 3323 ad
321 3272 611 3340 Antiquam
642 3271 842 3325 dierum
867 3271 1116 3342 pervenit,
1143 3279 1190 3324 et
1213 3273 1267 3325 in
1297 3281 1571 3340 conspectu
1597 3276 1712 3344 ejus

135 3361 391 3419 obtulerunt
428 3363 612 3425 illum.
638 3373 686 3417 et
717 3363 855 3416 dedit
909 3364 955 3417 ei
1008 3372 1330 3435 potestatem,
1363 3372 1408 3417 et
1442 3363 1710 3430 honorem,

135 3464 403 3526 etrrgnttm,
453 3469 504 3511 et
540 3472 718 3511 omnes
745 3455 926 3526 populi
966 3457 1156 3524 tribus,
1185 3467 1233 3510 et
1249 3458 1442 3529 lingua:
1486 3458 1710 3513 servient

133 3546 188 3602 ei.
214 3547 378 3619 Super
403 3565 538 3622 qua:
567 3549 732 3604 verba
765 3549 1126 3619 llierouymus
1160 3549 1374 3619 inquit:
1413 3550 1541 3617 Qun:
1587 3567 1715 3605 cun-

133 3650 200 3692 cta
236 3643 278 3695 si
301 3643 514 3698 hieresis
567 3643 883 3696 Arianorum
917 3644 1004 3714 pio
1033 3643 1181 3696 uellet
1224 3643 1490 3697 advertere
1531 3659 1708 3712 sensu,

133 3748 424 3805 nequaquam
473 3733 633 3790 Filio
664 3734 761 3790 Dei
791 3735 1104 3789 calumniam
1135 3735 1501 3804 iannalitatis
1545 3751 1713 3791 move-

131 3835 211 3881 ret.
236 3827 495 3884 Nimirum
548 3827 748 3884 fatetur
794 3828 896 3884 hac
931 3829 1202 3885 sententia
1251 3830 1572 3885 Arianorum
1601 3829 1714 3886 Ιιωο

131 3921 270 3976 resim
299 3923 686 3980 condemnari.

189 4013 272 4069 llis
301 4016 548 4085 peractis
572 4031 798 4086 regnum
833 4031 1084 4087 maguum
1114 4015 1262 4072 illius
1285 4024 1493 4087 quartre
1522 4016 1713 4074 bestia:

131 4101 188 4157 ab
211 4119 267 4161 ea
309 4122 403 4177 per
441 4108 785 4164 sententiam
847 4109 1140 4164 rescissum
1191 4117 1297 4174 est,
1348 4109 1714 4181 traditumque

135 4197 308 4264 populo
362 4211 692 4256 sanctorum
735 4198 1026 4267 Altissimi,
1076 4199 1292 4270 quando
1340 4200 1597 4256 videlicet
1641 4202 1714 4255 A-

136 4289 366 4346 rianismo
390 4302 508 4347 tuta
540 4291 803 4361 Hispania
830 4291 1057 4358 abolito,
1083 4300 1136 4346 et
1161 4291 1464 4358 deStructo,
1485 4307 1713 4362 regnum

137 4380 403 4453 Hispanum
459 4386 802 4444 catholicum
852 4385 1108 4440 traditum
1159 4385 1258 4439 fuit
1291 4388 1402 4456 regi
1451 4401 1579 4441 vere
1624 4400 1715 4440 ca-

1818 3203 1881 3243 ex
1900 3189 2030 3258 ipsis
2059 3191 2641 3263 martyribus,sanetus
2672 3197 2880 3252 scilicet
2909 3198 3186 3268 Eulogius,
3213 3202 3279 3256 ad
3301 3202 3408 3256 To-

1819 3281 2050 3337 letanatn
2083 3284 2373 3355 primatem
2418 3287 2605 3343 sedem
2637 3289 2862 3358 electus,
2917 3293 3060 3361 stylo
3113 3296 3406 3364 purissimo

1819 3387 2136 3443 prosecutus
2189 3387 2292 3433 est.
2350 3380 2619 3435 Ctuterum
2677 3384 2971 3441 miserante
3028 3387 3138 3444 Deo
3189 3390 3415 3461 Hispani

1818 3481 1924 3521 non
1951 3468 2126 3523 solum
2160 3469 2650 3542 impiorumjugum
2677 3489 2708 3529 a
2743 3475 2856 3530 suis
2885 3477 3189 3534 cervicibus
3217 3496 3414 3536 excus-

1817 3571 2027 3626 serunt,
2078 3575 2268 3616 verum
2315 3571 2370 3617 et
2420 3564 2795 3620 mouarcbiam
2839 3568 3164 3625 catholicam
3212 3573 3413 3627 sensim

1817 3653 2046 3709 dilatare
2075 3665 2382 3724 cmperunt,
2434 3658 2618 3713 multis
2667 3659 2985 3729 magnisque
3018 3664 3412 3732 principatibus

1816 3742 1871 3800 in
1907 3745 2142 3815 Europa.
2178 3747 2381 3813 Africa,
2413 3755 2468 3801 et
2516 3749 2642 3801 Asia
2697 3750 3020 3819 sulijugatis,
3072 3761 3128 3805 ct
3171 3754 3406 3822 adeptis,

1816 3851 1956 3906 quos
2007 3837 2224 3908 longum
2255 3848 2401 3896 esset
2435 3854 2528 3907 per
2555 3840 2799 3909 singulos
2853 3857 3162 3907 recensere,
3211 3844 3412 3912 quibus

1816 3925 2032 3980 tandem
2066 3941 2261 3980 novum
2306 3927 2494 3982 urbem
2547 3938 2746 3997 praeter
2787 3932 3031 3985 omnium
3081 3933 3408 3990 smculorum

1815 4019 2275 4088 exspectationem
2306 4033 2335 4071 a
2367 4033 2428 4073 se
2455 4020 2832 4087 adiuventum,
2865 4030 2924 4078 et
2955 4023 3300 4093 subjugatqu
3323 4029 3414 4083 adt

1811 4110 2133 4181 junxerunt,
2161 4118 2217 4165 et
2239 4108 2488 4165 fecerunt
2539 4111 2891 4179 catholicum,
2924 4123 2980 4170 et
3023 4127 3229 4185 partem
3263 4122 3417 4188 regni

1818 4212 2152 4269 sanctorum,
2191 4204 2241 4258 in
2297 4218 2528 4273 quorum
2579 4205 2863 4273 societate,
2921 4223 3081 4277 quam
3136 4210 3242 4265 late
3299 4219 3412 4268 toto

1819 4296 1950 4352 orbe
1979 4303 2124 4364 patet
2175 4293 2449 4366 (mirabile
2498 4295 2666 4356 dictu)
2720 4295 2902 4352 nullus
2956 4314 3065 4352 non
3111 4302 3411 4358 catholicus

1819 4388 2068 4442 habitare
2097 4385 2447 4456 permittitur,
2475 4401 2587 4457 quo
2621 4386 2805 4443 verius
2846 4390 3076 4460 papulas
3113 4401 3408 4447 sanctorum

138 4475 312 4534 tholieo
342 4479 657 4547 Recaredo,
691 4480 744 4534 in
786 4493 894 4549 quo
925 4478 1246 4532 monarehia
1292 4479 1561 4533 catholica
1597 4478 1715 4533 fun-
1743 4489 1796 4548 1)
1823 4481 2006 4535 vocari
2038 4488 2220 4548 queat.

139 4567 242 4624 data
267 4582 376 4639 est;
407 4588 533 4628 nam
566 4580 626 4628 et
670 4571 787 4640 ipse
827 4570 977 4640 leges
1020 4568 1416 4626 saeratissimas
1465 4585 1560 4640 pro
1603 4570 1717 4638 ipsa

140 4659 263 4726 tulit,
285 4679 402 4733 qua:
432 4663 621 4718 adhuc
649 4670 869 4718 exstant
897 4660 950 4716 iu
995 4662 1064 4716 η
1117 4661 1270 4716 libris
1323 4661 1500 4731 legum
1553 4660 1719 4715 Wisi-

137 4754 424 4824 gotliorum,
477 4764 536 4812 et
570 4755 829 4810 universo
874 4755 1212 4811 concedente
1239 4755 1473 4810 concilio
1517 4768 1718 4824 cogno-

140 4856 351 4903 mentum
399 4849 638 4904 Glariosi
696 4849 837 4919 regis
884 4847 1148 4911 obtinuit,
1206 4862 1315 4918 quo
1371 4847 1719 4918 singulariter

139 4939 401 5005 permulta
435 4950 749 5010 temporum
782 4941 1050 4996 curricula
1096 4939 1216 5011 ejus
1261 4954 1604 4996 successores
1631 4939 1714 4994 usi

140 5040 244 5084 sunt
273 5032 322 5087 iu
349 5033 610 5089 omnibus
655 5030 890 5102 publicis
953 5032 1353 5098 instrumentis,
1419 5040 1476 5085 ut
1531 5031 1717 5088 videre

141 5135 208 5177 est
236 5124 285 5180 in
314 5128 485 5182 titulis
511 5141 579 5182 ac
600 5125 1096 5196 subscriptionibus
1125 5126 1304 5194 legum
1336 5124 1716 5195 prtedietorum

139 5215 487 5289 lilibrorum,
521 5229 579 5275 et
611 5222 662 5275 in
692 5221 828 5275 actis
857 5220 1105 5275 omnium
1131 5219 1497 5288 HiSpauorum
1529 5220 1718 5274 conci-

141 5306 311 5366 liorum
339 5314 391 5368 in
425 5314 626 5384 quibus
657 5327 816 5383 reges
861 5312 1143 5381 llispanize
1175 5319 1434 5380 perpetuo
1465 5310 1714 5378 Cloriosi,

144 5399 362 5472 plerique
391 5409 565 5461 etiam
598 5403 975 5460 Gloriosissimi
1009 5405 1355 5458 iutitulantur
1387 5419 1414 5456 a
1445 5404 1718 5468 Patribus;

144 5495 219 5559 qui
245 5496 458 5567 quando
489 5497 559 5550 ad
595 5497 739 5568 ipsos
783 5497 1168 5565 loquebantur,
1205 5511 1304 5564 pro
1330 5511 1395 5548 eo
1435 5509 1540 5565 quo
1581 5509 1726 5548 nunc

145 5581 432 5656 llajestatis,
470 5589 815 5656 Altitudiuis,
857 5597 952 5644 aut
995 5589 1320 5646 Serenitatis
1359 5588 1579 5642 nomine
1608 5588 1720 5642 uti-

148 5689 271 5748 mur,
315 5680 418 5752 ipsi
446 5681 648 5738 Gloritc
680 5681 1086 5740 nomenelatura
1121 5680 1445 5748 utebantur;
1491 5678 1542 5735 id
1586 5679 1729 5750 quod

1891 4571 2025 4640 Quae
2062 4586 2184 4627 cum
2237 4571 2308 4626 ita
2361 4569 2492 4641 sint,
2529 4571 2669 4627 haud
2717 4572 2854 4629 futili
2907 4575 3018 4630 nixi
3067 4577 3418 4634 fundamento

1819 4664 2114 4730 credimus,
2149 4663 2416 4734 ejusmodi
2448 4664 2777 4720 catholicam
2803 4667 3172 4722 mouarcbiam
3201 4669 3412 4725 Danieli

1821 4755 2099 4828 pruphetae
2126 4772 2248 4824 cap.
2280 4755 2376 4810 illo
2403 4757 2434 4809 7
2477 4755 2646 4812 fuisse
2683 4769 3147 4827 priemonstratam
3171 4801 3186 4827 ,
3224 4773 3410 4832 utpote

1821 4864 1983 4920 quam
2036 4848 2330 4902 bestiarum
2407 4857 2637 4917 quatuor
2707 4849 3004 4905 barbarica:
3073 4852 3412 4922 direptiones

1823 4949 2240 5009 praecesserunt,
2271 4947 2324 4992 et
2369 4938 2422 4992 iu
2455 4939 2730 4994 occisione
2790 4943 3005 4996 Ariame
3054 4946 3319 5013 perfidiae,
3352 4963 3416 5003 ac

1825 5031 1922 5084 lilii
1953 5031 2050 5085 Dei
2081 5029 2477 5100 glorificatione
2511 5030 2746 5099 sumpsit
2775 5032 3084 5098 exordium,
3115 5044 3172 5090 et
3215 5038 3266 5091 in
3310 5054 3415 5108 qua

1823 5137 2182 5193 qumoumque
2212 5137 2240 5174 a
2269 5122 2488 5176 Daniele
2517 5130 2798 5187 notantur,
2825 5123 2988 5178 etiam
3023 5126 3412 5198 minutissima,

1827 5213 1894 5268 ad
1927 5228 2180 5282 unguem,
2216 5220 2275 5266 ut
2300 5211 2558 5277 vidimus,
2606 5213 2989 5281 verificantur;
3024 5232 3419 5292 speramusijue

1827 5316 2054 5361 crateras
2077 5319 2292 5375 quoque
2321 5304 2562 5375 ejusdem
2596 5307 2930 5376 prophetica:
2953 5312 3325 5379 praedictionis
3354 5319 3422 5372 de

1833 5395 2023 5465 majori
2054 5396 2230 5450 adhuc
2261 5396 2663 5465 prepagaiioue-
2699 5408 2754 5452 et
2808 5403 3168 5470 perpetuitate
3222 5408 3422 5475 populo

1834 5496 2145 5545 sanctorum
2179 5502 2207 5541 a
2243 5489 2354 5541 Deo
2382 5487 2548 5542 factas
2581 5491 2974 5558 promissiones
2997 5496 3048 5549 in
3078 5513 3138 5550 ea
3169 5499 3422 5552 similiter

1837 5580 2232 5652 adimplendas,
2263 5581 2406 5649 quod
2440 5584 2647 5636 utinam
2683 5585 2826 5640 Deus
2854 5588 2980 5658 Opt.
3011 5587 3150 5645 Max.
3201 5592 3270 5644 ad
3321 5605 3425 5645 ma-

1837 5677 2009 5750 juretn
2039 5675 2262 5744 gloriam
2289 5674 2553 5746 perficere
2581 5676 2853 5743 dignetur.
