3908 6308
477 227 578 288 591

1377 225 1677 282 FL.\V|U$
1719 222 1970 281 LUClUS
2012 221 2289 278 DEXTER
2331 222 2859 281 CllRONOLOGUS.
3147 224 3169 278 Ζ
3645 230 3735 287 593

545 342 693 399 Pcne
733 341 846 413 jam
899 355 1037 412 opus
1087 339 1231 396 istud
1277 339 1380 395 sub
1425 339 1592 409 prmio
1638 336 1893 402 sudabat,
1951 349 2073 390 cum
2103 348 2152 405 Α
2180 337 2312 389 iram
2345 338 2538 407 furoris
2564 338 2688 404 mei,
2718 339 2843 391 dicit
2889 337 3196 394 Dominus:
3225 349 3276 395 et
3300 340 3494 396 mittam
3536 354 3640 414 post
3663 362 3734 401 eos

473 434 530 490 in
552 433 786 490 similem
820 433 994 489 dicam
1030 447 1098 487 an
1130 429 1414 487 eamdem?
1449 429 1822 499 propheticum
1870 426 2072 497 praedi-

473 528 714 583 ctionem
750 526 937 587 incidi,
968 538 1093 594 qua:
1128 539 1159 578 a
1197 523 1433 579 Jeremia
1468 521 1685 590 quidem
1716 521 1942 590 scripta,
1973 516 2069 573 scd

474 632 505 672 a
561 618 859 673 venerabili
901 615 1187 672 Joachimo
1237 616 1434 670 abbate
1486 613 1732 681 exposita
1784 613 1961 668 fuerat
2014 613 2067 665 in

481 708 889 765 commentariis
918 722 1083 778 super
1109 722 1232 779 cap.
1260 721 1389 761 χιιι
1415 704 1687 760 Jeremim.
1715 703 1791 759 lbi
1806 702 2070 772 siquidem

471 800 738 872 propheta
771 801 1036 857 adversus
1064 800 1241 855 {Elam
1273 798 1657 864 comminatur,
1684 807 1917 868 quatuor
1940 810 2071 851 ven-

470 901 556 949 tos
582 893 709 948 cmli
737 909 767 947 a
792 892 1019 948 t0tidem
1049 891 1204 946 orbis
1244 890 1415 961 plagis
1466 890 1803 945 inducendos
1851 903 1881 942 a
1934 886 2069 952 Deo,

475 995 535 1040 ut
555 984 783 1041 ventilet
831 984 1013 1040 Elam
1058 985 1111 1038 in
1140 998 1334 1039 omnes
1365 991 1576 1045 ventos,
1600 990 1656 1037 et
1694 981 1968 1050 diSpcrgat
2016 979 2068 1032 in

466 1090 684 1132 omnem
711 1075 898 1130 mundi
927 1075 1173 1145 plagam;
1206 1074 1323 1130 lore
1341 1084 1520 1128 tamen
1550 1072 1905 1127 nihilominus
1928 1081 2071 1126 tem-

470 1183 573 1238 pus
604 1167 871 1238 prtcdicit,
902 1182 1012 1237 quo
1044 1177 1209 1237 ponat
1239 1167 1380 1222 Deus
1411 1167 1610 1222 solium
1657 1181 1817 1221 suum
1866 1165 1921 1220 in
1972 1163 2073 1220 Λίο

465 1258 596 1326 lam,
624 1268 680 1313 et
710 1268 995 1329 przeponat
1029 1273 1149 1313 eam
1202 1260 1471 1314 universa:
1527 1268 1707 1314 terrae.
1769 1260 1853 1313 En
1903 1258 2070 1314 verba

477 1350 763 1420 prophetae
790 1369 802 1404 :
841 1351 997 1419 Quod
1020 1352 1214 1422 factum
1243 1361 1317 1406 est
1345 1352 1551 1406 verbum
1573 1350 1788 1406 Domini
1822 1352 1893 1405 ad
1923 1349 2073 1406 lere-

480 1444 641 1499 miam
671 1445 975 1516 prophetam
1025 1446 1269 1499 adversus
1311 1444 1493 1499 {Elam
1536 1445 1731 1500 dicens.
1794 1443 1922 1499 Ilwc
1947 1444 2071 1499 dicit

463 1537 723 1592 Dominus
775 1537 1096 1592 exercituum
1125 1553 1145 1591 :
1192 1536 1330 1592 Ecce
1369 1554 1462 1609 ego
1510 1538 1839 1608 confringam
1894 1553 2071 1591 arcum

466 1626 672 1692 /Elam,
704 1636 753 1681 et
784 1643 1039 1682 summam
1090 1628 1447 1699 fortitudinem
1484 1645 1697 1694 eorum;
1739 1638 1787 1682 et
1830 1628 2070 1684 inducam

2173 428 2427 497 gladium,
2484 429 2649 482 donec
2692 445 2993 484 consumam
3049 447 3135 485 eos
3159 448 3178 484 :
3229 441 3278 486 ct
3327 449 3509 501 ponam
3565 435 3731 489 solium

2176 537 2340 575 meum
2386 522 2441 574 in
2470 520 2675 587 /Elam,
2700 532 2747 575 et
2769 523 2983 593 perdam
3025 523 3147 577 imle
3199 540 3341 593 reges
3389 534 3438 580 et
3489 526 3733 596 principes,

2173 614 2551 668 ait.Domiuus.
2602 612 2670 667 In
2699 615 2990 673 novissimis
3035 623 3208 670 autem
3251 616 3432 671 diebus
3468 620 3638 673 recerti
3671 624 3738 689 fe-

2174 708 2306 762 ciam
2325 708 2552 776 captivos
2574 706 2784 773 rElam,
2831 708 2959 761 dicit
2992 707 3271 763 Dominus.
3302 709 3428 766 Hmc
3457 711 3696 781 propheta
3724 729 3738 768 :

2172 816 2292 871 qua:
2352 810 2531 855 tamen
2563 801 2632 856 de
2677 800 2933 871 llispanis
2959 801 3314 871 intelligenda
3344 804 3609 859 contendit
3633 803 3740 860 Joa-

2172 891 2405 956 chitnus,
2432 892 2515 946 vir
2543 905 2675 946 sane
2697 906 2908 962 magna:
2940 891 2993 946 in
3025 892 3327 947 enodandis
3370 893 3635 961 prophetis
3656 909 3740 948 au-

2172 983 2472 1050 ctoritatis;
2500 983 2578 1039 ait
2614 998 2789 1039 vero:
2821 982 2904 1038 Ad
2947 982 3152 1047 .Elam.
3183 994 3292 1040 etc.
3327 984 3478 1051 Quod
3508 984 3740 1054 Hispanos

2174 1086 2220 1129 et
2249 1074 2610 1129 Occidentales
2665 1076 2928 1141 nationes,
2986 1092 3118 1144 quas
3155 1076 3532 1147 persecutionis
3558 1077 3741 1148 gladius

2172 1166 2371 1219 attriuit
2392 1176 2588 1236 quanto
2616 1174 2731 1233 post
2764 1167 2903 1220 inter
2936 1166 3296 1231 visitationem,
3336 1183 3513 1222 eorum
3538 1177 3741 1237 posteros

2173 1261 2243 1313 ad
2269 1260 2426 1330 [idem
2453 1259 2724 1315 catholica:
2750 1259 3106 1331 inspirationis
3149 1259 3402 1331 impellet.
3455 1260 3602 1328 Quod
3640 1261 3744 1332 qui-

2172 1352 2297 1408 dem
2324 1352 2427 1408 sub
2445 1352 2724 1408 Recaredo
2746 1367 2875 1423 rege
2890 1351 3160 1407 catholico
3177 1352 3378 1408 factum
3404 1352 3737 1408 ostendimus.

2172 1446 2393 1511 Confer,
2442 1461 2648 1517 quaeso,
2696 1443 2889 1513 lector,
2941 1446 3285 1516 prophetiam
3342 1444 3590 1500 Jeremite
3636 1458 3741 1500 cum

2173 1538 2462 1611 prophetia
2511 1538 2782 1603 Danielis;
2836 1546 2895 1594 et
2938 1552 3062 1593 cum
3108 1537 3243 1609 nihil
3290 1536 3433 1591 inter
3461 1535 3743 1592 sedilierre

2172 1630 2530 1700 compereris,
2580 1629 2832 1686 abbatem
2877 1628 3225 1685 Joachimum
3275 1643 3376 1699 pro
3425 1627 3581 1683 nobis
3619 1637 3744 1682 stare

462 1735 621 1791 super
649 1718 832 1773 ,Elam
851 1730 1079 1791 quatuor
1112 1730 1309 1788 ventos,
1334 1738 1368 1774 a
1396 1730 1623 1791 quatuor
1642 1721 1812 1792 plagis
1852 1721 1986 1789 caeli,
2019 1731 2069 1776 et
2098 1723 2145 1784 B
2173 1736 2492 1794 cognosces.

459 1811 713 1866 ventilabo
754 1828 841 1866 eos
891 1814 946 1866 in
977 1828 1152 1868 omnes
1196 1822 1373 1868 ventos
1401 1814 1527 1867 istos
1548 1853 1562 1877 ,
1601 1824 1650 1868 et
1674 1830 1779 1868 non
1812 1815 1911 1868 erit
1940 1830 2064 1885 gens

460 1905 530 1958 ad
549 1921 709 1975 quam
736 1920 838 1959 non
868 1907 1171 1977 perveniant
1196 1906 1407 1978 profugi
1439 1904 1646 1959 /Elam.
1689 1904 1756 1958 Et
1780 1922 1962 1977 pavere
1986 1909 2067 1979 fa-

463 1998 599 2052 ciam
621 1997 806 2052 ﬁlum
831 2014 1005 2053 coram
1037 2000 1260 2053 inimicis
1284 2000 1415 2067 suis,
1451 2009 1499 2053 et
1525 2000 1579 2053 in
1613 2008 1889 2069 conspectu
1928 2016 2073 2073 qutu-

461 2091 693 2147 rentium
722 2093 951 2146 animam
972 2109 1172 2161 eorum,
1195 2100 1242 2147 et
1271 2092 1536 2147 adducam
1556 2109 1713 2164 super
1731 2109 1817 2147 eos
1842 2094 2062 2163 malum,

2238 1815 2308 1870 Et
2330 1814 2446 1870 htcc
2471 1813 2689 1884 quidem
2740 1813 2844 1869 sub
2868 1812 3215 1869 correctione
3240 1812 3300 1867 S.
3345 1812 3537 1867 Matris
3579 1811 3746 1867 Eccle-

2167 1907 2284 1973 εἰπε,
2337 1915 2393 1961 et
2443 1905 2684 1974 cujusvis
2738 1906 2933 1960 melius
2995 1904 3281 1960 sentientis
3354 1902 3563 1975 judicio
3623 1904 3744 1958 dicta

2171 2012 2355 2068 sunto,
2384 2001 2470 2056 cui
2513 2000 2677 2054 etiam
2718 2007 2864 2055 totos
2913 1998 3016 2054 hos
3061 2000 3490 2064 congnnentarios
3528 1997 3745 2054 libentis-

2171 2094 2311 2150 sime
2344 2090 2596 2161 subjicio.

477 2234 3730 2277 Μ

612 2372 2050 2544 APOLOGETICUS
2139 2322 2497 2543 P‘RO
2598 2413 2750 2542 L.
2854 2418 3600 2551 DEXTBO
3686 2532 3691 2535 ,

964 2608 1450 2720 CONTRA
1528 2631 2188 2719 RECENTEM
2262 2633 3282 2722 IMPUGNATOREM.

1611 2933 2003 2998 EPISTOLA
2047 2932 2623 2998 DEDICATORIA.

459 3059 910 3116 Rercrcndissimo
946 3059 1092 3114 Patri
1123 3075 1183 3115 ac
1210 3058 1432 3115 Domino
1462 3056 1558 3113 Fr.
1600 3057 1877 3130 Vttleriauo
1915 3056 1981 3130 d_e
2009 3054 2236 3130 Spinosa
2271 3070 2435 3130 βαρ-ιε
2468 3055 2767 3130 Theologire
2799 3055 3395 3130 Illngistro,]lcgnlaris
3433 3053 3755 3130 Observantur

531 3133 598 3188 S.
621 3131 882 3185 Bernardi
902 3131 1256 3202 Cisterciensis
1285 3130 1483 3185 ordinis
1505 3146 1596 3202 per
1619 3128 1907 3202 Hisp_ania_s
1934 3125 2281 3202 Reformatori
2297 3125 2553 3202 generali
2582 3145 2643 3181 ac
2671 3125 2819 3202 ltfgii
2846 3125 3061 3184 ctenobii
3085 3128 3146 3184 S.
3173 3125 3363 3183 Maria:
3387 3130 3453 3182 de
3472 3126 3754 3181 Palasrelos

532 3202 752 3269 Abbati,
781 3211 890 3258 etc.
919 3200 1145 3257 Domino
1173 3218 1267 3256 suo
1287 3195 1652 3256 colendiisimo
1680 3244 1694 3269 ,
1724 3195 1822 3254 Fr.
1855 3195 2176 3251 FranCiscus
2201 3196 2265 3251 de
2288 3195 2468 3252 Bivar.
2500 3198 2564 3254 S.
2597 3208 2644 3253 et
2675 3195 3014 3271 Ffprecatur
3036 3212 3308 3256 cateruam.

539 3319 709 3373 Causa
735 3326 912 3371 nostra
936 3317 1127 3389 agitur,
1181 3315 1622 3371 Reverendissime
1644 3314 1873 3381 Prwsul,
1903 3330 2020 3368 cum
2036 3312 2389 3369 Cisterciensis
2417 3313 2682 3385 religionis
2699 3311 2906 3379 honori,
2933 3315 3083 3385 cujus
3102 3329 3152 3368 es
3177 3312 3532 3385 Reformator,
3554 3330 3589 3366 a
3606 3307 3757 3378 quovis

463 3422 735 3483 utcumque
779 3410 1093 3474 detrahitur,
1146 3420 1237 3462 aut
1283 3426 1399 3463 cum
1424 3409 1609 3478 patria:
1651 3423 1808 3478 gazas
1855 3406 2111 3477 quispiam
2140 3410 2375 3478 auferre,
2409 3423 2497 3461 seu
2533 3406 2857 3475 splendorem
2889 3417 3122 3461 nostrum
3151 3404 3459 3460 obnubilare
3486 3400 3758 3472 praetendit.

466 3506 671 3561 Eadem
696 3514 831 3559 certe
852 3504 999 3558 nobis
1029 3504 1200 3575 patria
1221 3512 1295 3558 est
1322 3516 1369 3557 et
1398 3504 1579 3575 religio
1610 3518 1629 3557 :
1654 3503 1763 3557 lucc
1785 3502 1947 3557 vitam
1968 3502 2169 3568 tribuit,
2194 3502 2288 3556 illa
2310 3502 2605 3557 cohonestet
2628 3520 2644 3567 ;
2672 3503 2771 3557 ista
2799 3504 3049 3575 corporis,
3074 3504 3167 3557 illa
3186 3503 3376 3557 anima:
3399 3515 3577 3556 curam
3602 3497 3760 3552 habet:

467 3610 514 3655 et
545 3602 663 3656 ideo
681 3616 784 3654 una
812 3615 906 3668 pro
934 3608 1156 3669 utraque
1181 3598 1575 3653 decertandum.
1609 3596 1677 3651 Et
1705 3596 1909 3665 quidem
1931 3595 2198 3668 religionis
2233 3596 2546 3667 antiquitas,
2592 3604 2640 3650 et
2680 3607 2820 3650 certa
2846 3613 2877 3649 a
2908 3594 3190 3650 Benedicto
3215 3603 3583 3667 protopnrente
3607 3590 3764 3648 subse-

475 3702 596 3746 cuta
622 3690 900 3764 posteritas
922 3698 1027 3743 tam
1047 3690 1323 3760 manifesta
1350 3689 1494 3759 apud
1522 3705 1695 3743 omnes
1714 3687 1947 3742 homines
1971 3703 2169 3759 seraper
2189 3688 2310 3758 fuit,
2340 3696 2396 3742 ut
2419 3689 2605 3741 mirum
2623 3688 2689 3743 sit
2705 3688 2768 3742 ab
2788 3690 2964 3759 aliquo
2985 3689 3316 3758 quantumuis
3336 3684 3761 3760 scrupulosissime

477 3801 532 3854 5n
563 3783 779 3838 dubiant
812 3781 988 3836 vocari
1022 3782 1290 3853 potuisse;
1330 3797 1431 3835 non
1461 3779 1628 3851 defuit
1671 3789 1841 3832 tamen
1876 3777 1965 3848 qui
1994 3778 2050 3830 id
2080 3777 2380 3843 tentaverit;
2418 3785 2467 3830 et
2504 3774 2699 3831 Dexter
2731 3794 2932 3850 quoque
2970 3794 3120 3833 suum
3170 3779 3365 3833 invenit
3409 3774 3761 3832 adversarium.

476 3876 662 3933 Utrum
689 3891 867 3931 eorum
894 3872 1292 3939 intolerabilius,
1335 3870 1476 3926 haud
1503 3869 1657 3943 facile
1675 3869 2041 3944 judicaverim.
2085 3869 2339 3925 Neutrum
2370 3868 2560 3939 absque
2592 3870 2943 3941 satisfactione
2982 3871 3303 3941 prmtcrmitti
3345 3870 3515 3942 paruit
3551 3885 3570 3924 :
3592 3877 3636 3924 ct
3656 3861 3763 3920 mihi

471 3971 736 4043 utriusque
756 3984 945 4022 munus
972 3965 1311 4021 incumbebat.
1345 3964 1451 4021 Sed
1478 3981 1591 4019 cum
1621 3974 1900 4036 prtronum
1926 3963 1996 4016 ad
2022 3962 2379 4017 sustinendum
2414 3963 2680 4034 singulare
2725 3975 2976 4020 certamen
3025 3965 3282 4021 electurus
3336 3967 3439 4020 sim
3474 4005 3489 4031 ,
3539 3974 3677 4034 teque
3716 3959 3762 4011 iu

474 4072 693 4134 utroque
719 4062 913 4133 pariter
940 4059 1235 4131 agnoverim
1264 4076 1462 4130 semper
1488 4057 1617 4113 mihi
1647 4058 1806 4128 fuisse
1826 4068 2127 4128 patronum,
2159 4057 2248 4127 qui
2277 4056 2527 4113 doctrina:
2550 4074 2691 4129 a’que
2727 4076 2789 4113 ac
2832 4060 3036 4115 virtutis
3066 4060 3435 4129 splendoribus
3477 4057 3730 4116 irradiaris
3748 4090 3763 4114 ο

475 4155 682 4211 nullum
708 4155 869 4211 alium
893 4152 1081 4227 eligere
1103 4152 1268 4226 potui,
1300 4168 1391 4207 nec
1412 4151 1581 4206 libuit.
1610 4148 1739 4205 Iltec
1762 4150 1921 4223 igitur
1939 4163 2055 4217 qua:
2075 4147 2267 4202 nomini
2288 4157 2378 4202 tuo
2407 4164 2672 4213 consecro,
2704 4150 2985 4205 certamina
3012 4167 3208 4205 mecum
3236 4152 3438 4206 sustine
3455 4196 3471 4221 ,
3504 4159 3549 4206 et
3577 4146 3766 4204 viritim

479 4249 826 4304 decertantem
848 4262 1090 4319 promere
1116 4262 1135 4303 :
1162 4244 1256 4299 tibi
1279 4244 1414 4298 enim
1437 4242 1582 4297 cedet
1612 4240 1849 4304 uictoria,
1873 4246 1990 4311 post
2016 4237 2209 4306 Deum,
2239 4252 2355 4292 cum
2376 4253 2477 4309 quo
2503 4238 2817 4308 perenniter,
2838 4239 3071 4310 conﬁdo,
3116 4241 3377 4311 regnabis.
3424 4239 3553 4295 Vale
3571 4280 3587 4307 ,
3624 4235 3767 4293 Rere—

478 4340 786 4398 rendissime
815 4339 995 4395 Pater.
1026 4338 1244 4407 Romae,
1277 4337 1345 4393 l8
1376 4335 1694 4409 Septembris
1729 4332 1889 4389 1624.

516 4465 3763 4509 ___________________________________________

529 4619 688 4705 AD
743 4606 1268 4702 OBJECTA
1320 4603 1915 4691 PENNOTTI
1969 4601 2077 4684 C(

2185 4600 2461 4682 lTRA
2512 4601 2979 4684 DEXTRI
3034 4592 3717 4682 CHRONICON

1137 4778 1570 4858 INCIPIT
1642 4773 2419 4849 APOLOGETICA
2493 4770 3139 4848 BESPONSIO.

2126 5050 2172 5110 (ς
2205 5051 2313 5108 quo
2344 5052 2635 5108 numquam
2672 5038 2742 5108 (si
2784 5039 2925 5095 Deus
2955 5039 3209 5109 dederit)
3240 5040 3544 5109 abstrahar,
3575 5048 3621 5097 et
3648 5036 3770 5093 alte-

2203 5144 2322 5185 rum
2354 5130 2410 5185 in
2437 5131 2580 5201 quod
2613 5131 2833 5186 minimc
2864 5133 2970 5188 labi
2999 5132 3245 5204 cupiam;
3276 5149 3342 5189 ea
3364 5144 3489 5189 sunt
3510 5130 3765 5192 modestia.

2203 5230 2257 5276 et
2299 5221 2625 5278 contumelia
2651 5264 2666 5289 ,
2712 5223 2854 5294 quod
2887 5224 2974 5280 illa
3004 5225 3072 5280 ad
3102 5226 3535 5295 persuadendum
3564 5223 3765 5282 inultum

2205 5314 2493 5382 conducat,
2525 5315 2645 5372 haec
2670 5316 3022 5373 vehementer
3050 5303 3261 5385 noceat,
3292 5326 3352 5375 et
3376 5322 3582 5375 animos
3610 5318 3768 5385 legen-

852 5051 882 5124 ς
914 5050 957 5106 1.
991 5044 1261 5120 Apologia:
1286 5058 1446 5098 causa
1474 5041 1731 5114 aperitur.

572 5148 720 5208 Pene
767 5161 798 5202 a
839 5140 1184 5200 defendendo
1242 5137 1444 5192 Dextro
1473 5147 1693 5188 manum
1726 5138 2099 5200 retraxeram,

501 5261 626 5305 cum
657 5245 852 5300 iterum
879 5248 1149 5309 provocor
1176 5230 1243 5287 ad
1268 5228 1513 5300 praelium
1538 5267 1554 5292 ,
1584 5234 1640 5280 et
1679 5238 1873 5279 manus
1906 5238 2003 5294 pro
2031 5239 2098 5280 eo

502 5340 748 5395 inserere
796 5343 984 5398 cogor,
1038 5340 1144 5379 non
1194 5321 1412 5393 quidem
1443 5334 1567 5375 eum
1614 5326 1809 5388 aperto
1846 5314 2096 5381 inimico;

505 5430 612 5484 hoc
636 5424 783 5481 enim
812 5420 991 5476 minus
1014 5412 1364 5484 iniucundum
1391 5410 1551 5476 foret,
1580 5407 1675 5464 sed
1701 5423 1824 5464 cum
1850 5421 1918 5462 eo
1947 5404 2102 5476 cujus

505 5517 800 5577 amicitiam
824 5508 1181 5570 libentissime
1200 5504 1516 5573 amplector.
1534 5501 1648 5573 Ego
1664 5500 1935 5560 neminem
1958 5497 2101 5567 lmsi,

504 5610 780 5671 neminem
810 5590 1145 5662 circumvehi
1172 5613 1188 5652 :
1222 5595 1319 5652 sed
1340 5596 1525 5652 dolore
1552 5594 1736 5650 cordis
1775 5591 2102 5675 intrinsecus

507 5711 689 5762 tactus
715 5736 733 5770 ,
772 5697 913 5755 ultra
953 5695 1131 5748 metas
1166 5686 1353 5746 solitas
1404 5684 1712 5757 pertrahor.
1768 5682 1943 5741 Unum
1964 5690 2043 5739 est
2068 5697 2100 5739 a

2209 5408 2341 5461 tium
2373 5407 2640 5475 oll'entiat;
2674 5410 3017 5479 quantumvis
3045 5425 3278 5478 namque
3300 5420 3358 5466 et
3398 5425 3497 5465 nos
3532 5421 3582 5466 et
3605 5413 3765 5463 nostra

2208 5497 2460 5554 lacessita
2488 5498 2702 5555 videam
2727 5539 2742 5565 ,
2767 5515 3057 5571 numquam
3086 5500 3280 5555 adduci
3313 5514 3530 5571 potero,
3580 5510 3630 5554 ut
3655 5491 3764 5552 red-

2209 5592 2332 5646 dam
2363 5591 2564 5647 malum
2586 5608 2687 5662 pro
2716 5592 2878 5659 malo,
2906 5603 2962 5649 et
2988 5592 3333 5649 maledictum
3362 5610 3461 5665 pro
3487 5589 3762 5650 maledicto,

2209 5692 2393 5756 utpote
2435 5683 2696 5742 [inutilem
2750 5682 3027 5757 religionis
3071 5693 3272 5742 statum
3326 5684 3628 5759 professus;
3680 5680 3767 5735 Sed
