3908 6266
144 291 234 348 593

1193 285 1720 346 APOLOGETICUS
1761 287 1896 344 PRO
1935 287 1997 345 L.
2038 291 2346 352 DEXTRO;

3316 311 3424 370 594

143 407 273 476 juxta
300 403 618 474 Apostolum
650 403 826 475 (Rom.
851 401 949 471 an.)
982 405 1201 460 vincere
1230 404 1283 458 in
1307 403 1450 459 bono
1479 405 1712 470 malum,
1743 410 1795 468 Λ
1823 414 2098 478 totamque
2125 409 2296 480 illam,
2329 425 2383 469 ut
2412 418 2648 486 jacebat,
2680 420 3232 492 lucubratiunculam,
3264 428 3422 497 quasi

147 509 374 569 quantum
403 497 539 552 mihi
569 498 805 567 desuper
829 497 1012 552 datutn
1038 499 1219 561 fuerit,
1247 498 1570 564 procurabo.

205 590 406 645 Ineunte
447 590 564 646 fere
622 592 874 659 pra-senti
911 607 1054 645 anno
1090 606 1118 644 a
1161 602 1288 644 nato
1321 591 1547 646 Domino
1577 591 1716 645 16:24

143 699 195 738 ex
225 682 569 755 typographia
621 684 755 738 Rev.
783 686 1026 740 Camerar
1056 685 1383 754 Apostolica:
1428 685 1628 754 prodiit
1660 687 1711 739 itt

145 777 294 831 lucem
315 773 579 829 Generalis
609 777 768 829 totius
798 777 932 829 sacri
975 777 1173 830 ordinis
1217 777 1518 831 clericorum
1559 793 1714 829 cano-

140 872 340 922 uicorum
384 869 602 922 historia
649 870 911 940 tripartito
937 914 951 937 ,
1005 880 1228 926 auclore
1259 869 1325 924 Β.
1365 869 1428 924 Ρ.
1461 869 1713 925 Gabricle

145 964 379 1019 Pennotto
411 962 728 1018 Novariensi
756 963 1194 1034 congregationis
1238 963 1566 1018 Lateranen.
1612 978 1698 1016 re-

142 1057 288 1124 gulari
317 1055 616 1119 canonico;
649 1071 753 1121 qua
784 1071 852 1110 ex
880 1057 1129 1109 instituto
1156 1097 1170 1121 ,
1201 1054 1472 1124 theologia
1505 1055 1709 1124 pariter

139 1164 190 1202 ac
208 1149 497 1214 eloquentia
527 1148 957 1204 excultissimum
988 1149 1162 1203 virum
1183 1191 1197 1215 ,
1245 1149 1385 1218 apud
1419 1148 1709 1203 Salmanti-

143 1257 308 1297 censes
335 1241 670 1310 Vesperaria:
697 1242 974 1297 cathedra:
1005 1243 1404 1297 moderatorem
1442 1257 1506 1296 ac
1539 1242 1707 1311 magi-

139 1346 316 1402 strum,
357 1347 412 1389 et
437 1334 732 1390 Catholica:
757 1335 1051 1403 Majestatis
1078 1350 1108 1388 a
1138 1334 1305 1390 sacris
1335 1332 1708 1390 Conciouibus

141 1427 218 1482 Fr.
243 1427 495 1482 Joannem
551 1428 804 1497 Marqnez
836 1427 1112 1482 debellare
1160 1427 1445 1482 contendit
1478 1427 1531 1482 in
1559 1443 1706 1498 qua:-

136 1521 284 1573 stione
335 1536 362 1572 a
410 1520 594 1573 multis
638 1521 799 1574 annis
849 1519 988 1574 inter
1029 1520 1322 1574 canonicos
1363 1529 1417 1574 ct
1445 1519 1705 1575 eremitas

139 1612 360 1682 utrinque
400 1613 600 1667 acriter
647 1613 844 1683 agitata
899 1628 1066 1683 super
1102 1614 1228 1682 jure
1276 1614 1601 1669 succedendi
1646 1615 1699 1670 in

137 1705 420 1761 lu-reditate
443 1707 620 1776 Magni
650 1707 855 1762 Aurelii
908 1706 1217 1776 Augustini.
1260 1707 1530 1762 Cteterum
1557 1708 1700 1779 quod

1822 498 1953 553 nihil
2003 502 2072 557 de
2112 519 2175 558 ea
2220 520 2396 561 actum
2432 522 2614 577 esset,
2676 517 2868 570 excudi
2900 519 3107 572 curavit
3136 519 3230 573 lib.
3261 534 3278 573 ι
3305 534 3418 574 suae

1819 587 2124 658 Tripartitze
2145 609 2194 648 c.
2229 595 2296 649 52
2328 608 2382 652 ct
2415 601 2501 664 .35.
2535 603 2733 660 Grates
2753 608 2960 676 agimus
2987 609 3130 679 quod
3162 609 3294 666 nihil
3323 611 3420 666 ad-

1817 679 2045 746 diderit;
2072 684 2170 748 sic,
2206 702 2313 742 non
2347 690 2480 745 nihil
2511 693 2579 748 de
2610 712 2749 751 novo
2778 700 3171 758 elaborandum
3203 719 3232 756 a
3258 704 3419 761 nobis

1817 774 1941 837 erit,
1967 787 2022 828 ut
2046 779 2276 845 objectis
2308 782 2564 840 faciamus
2603 792 2752 844 satis.

1887 866 2158 922 Caeterum
2191 886 2298 926 non
2327 876 2460 930 satis
2489 878 2752 949 intelligo,
2786 884 2915 952 quid
2949 899 3168 942 causam
3213 889 3282 945 ab
3309 889 3414 947 hoc

1815 956 1931 1010 viro
1961 969 2148 1015 contra
2184 961 2454 1020 Venerab.
2486 968 2548 1024 Ρ.
2576 970 2715 1042 Mag.
2747 973 2837 1027 Fr.
2867 975 3128 1033 Joannem
3159 980 3412 1052 Marquez

1814 1061 1978 1118 Super
2007 1052 2214 1121 trrigiue
2243 1069 2306 1108 ac
2339 1056 2678 1115 institutione
2709 1065 3057 1120 eremitartnn
3089 1069 3140 1122 in
3179 1085 3245 1125 eo
3272 1071 3412 1127 libro

1813 1139 2148 1210 institutam,
2197 1147 2348 1216 origo
2385 1150 2767 1210 Cisterciensis
2810 1158 3052 1226 ordinis,
3101 1176 3198 1216 seu
3229 1177 3412 1219 causa:

1813 1232 1961 1288 illius
1999 1235 2386 1307 institutionis,
2427 1243 2512 1297 vel
2545 1245 2709 1300 etiam
2740 1246 2794 1301 in
2825 1252 3009 1318 specie
3038 1251 3325 1319 adjuverit,
3356 1265 3415 1311 ιιι

1810 1327 1876 1380 ab
1904 1326 2149 1383 instituto
2197 1346 2363 1402 scopo
2402 1334 2718 1403 deﬂectens,
2751 1339 3141 1400 Cistercienscs
3182 1347 3416 1404 insecta-

1812 1427 1896 1472 tus
1929 1423 2057 1474 totis
2089 1422 2297 1477 viribus
2318 1429 2614 1482 contendat
2636 1446 2822 1486 eorum
2850 1434 3154 1491 institutum
3185 1439 3410 1498 minime

1809 1526 1837 1563 a
1870 1509 1927 1566 S.
1953 1510 2015 1565 P.
2041 1512 2338 1570 Benedicto
2361 1517 2718 1586 descendere,
2756 1523 2947 1580 beatos
2979 1527 3194 1583 illorum
3229 1543 3414 1600 patres

1806 1617 1871 1657 ac
1919 1609 2374 1664 monasteriorum
2423 1611 2771 1682 splendorem
2825 1619 3003 1689 palam
3046 1637 3301 1693 carpere,
3350 1637 3409 1682 et

1809 1710 2212 1768 nonnumquam
2255 1717 2441 1771 parum
2492 1717 2834 1763 reverenter:
2883 1727 3208 1782 quamquam
3270 1717 3404 1770 mihi

136 1800 192 1852 Μ.
222 1799 453 1870 )larquez
479 1815 588 1854 non
609 1801 777 1854 semel
809 1803 1132 1855 auctoritate
1164 1802 1225 1854 L.
1261 1801 1476 1867 Dextri,
1502 1812 1557 1856 et
1585 1803 1701 1870 ejus
1732 1791 1782 1853 B
1808 1785 2033 1844 dubium
2080 1806 2186 1846 n0n
2235 1793 2307 1847 εῖῑ
2330 1835 2346 1860 ν
2402 1795 2454 1849 id
2507 1797 2730 1854 "'lﬂime
2775 1801 2953 1870 ῑνειιηι
3006 1806 3300 1870 famulum.
3352 1807 3401 1863 Si

134 1893 494 1948 continuatoris
517 1894 588 1948 Μ.
617 1893 830 1948 Maximi
856 1893 923 1948 ad
951 1908 1044 1947 sua
1073 1893 1475 1963 comprobanda
1507 1895 1702 1963 placita

140 2001 245 2038 usus
280 1984 463 2040 fuisset
499 2002 513 2040 :
550 1986 676 2041 inde
708 1987 1005 2041 l'ennottus
1056 1994 1261 2052 noster,
1291 1988 1579 2041 occasione
1608 2003 1702 2042 ar-

133 2087 282 2146 repta,
303 2078 351 2132 in
379 2078 603 2134 eosdem
630 2079 984 2148 gravissimos
1007 2078 1147 2131 viros
1174 2077 1434 2132 Dextrum
1463 2086 1518 2132 et
1539 2077 1705 2132 Maxi-

133 2186 255 2223 tnum
284 2170 524 2225 invectus
556 2181 672 2232 est,
702 2181 967 2240 quatenus
995 2170 1242 2237 illorum,
1277 2171 1319 2226 si
1353 2170 1465 2225 ﬂeri
1499 2181 1699 2241 posset,

130 2259 419 2315 auctoritate
457 2259 737 2315 debilitata
764 2302 778 2323 ,
815 2260 1019 2314 nullum
1078 2261 1178 2330 ipsi
1225 2259 1498 2316 face~serc
1539 2277 1703 2332 nego-

131 2349 236 2402 tium
263 2351 593 2407 viderentur.
644 2351 844 2406 Nactus
874 2362 1000 2407 tunc
1035 2352 1215 2407 forsan
1242 2353 1484 2409 codicem
1511 2352 1702 2408 Dextri

131 2443 273 2498 fuerat
301 2445 448 2499 dono
475 2445 538 2498 D.
572 2444 798 2500 Joannis
827 2444 894 2500 de
930 2445 1232 2500 Salasmalo
1277 2446 1701 2502 doctoristheo—

130 2532 232 2601 logi,
261 2550 319 2589 ac
346 2536 719 2591 celeberrinne
745 2545 858 2589 t0to
882 2537 1013 2592 orbe
1048 2537 1301 2592 Ecclesia:
1332 2536 1390 2592 S.
1424 2537 1603 2592 Maria:
1630 2538 1700 2593 de

129 2626 426 2698 l'ilariapud
455 2627 923 2697 thsaraugusmm
951 2630 1148 2698 prioris
1171 2673 1185 2698 ,
1220 2641 1273 2684 et
1323 2631 1496 2685 noctis
1538 2631 1700 2686 unius

126 2719 275 2771 studio
299 2721 616 2774 Cbronicou
650 2729 822 2774 totum
857 2721 1151 2790 percurrit,
1209 2731 1389 2790 partes
1421 2722 1694 2792 partibus,

127 2811 396 2865 sententias
441 2811 730 2865 sententiis
757 2811 1124 2880 conferendo,
1156 2821 1210 2868 et
1237 2813 1456 2868 admoto
1483 2813 1695 2868 calamo

127 2901 264 2954 multa
291 2900 414 2956 hinc
449 2901 576 2956 inde
603 2901 821 2973 collegit
845 2943 861 2968 ,
893 2903 1134 2972 appinxit
1161 2945 1175 2969 ,
1221 2903 1415 2974 quibus
1458 2905 1575 2974 ejus
1599 2920 1693 2960 auo

123 2995 332 3062 claritas,
357 3011 471 3050 non
499 2995 718 3065 quidem
745 3006 936 3052 nutare
965 2998 1179 3068 (parum
1210 2999 1342 3066 hoc)
1397 3000 1491 3054 sed
1546 3013 1696 3054 com-

124 3085 259 3140 menti
281 3097 367 3140 aut
402 3086 606 3142 fabula:
638 3088 809 3142 notari
836 3089 936 3143 sibi
971 3091 1082 3143 visa
1130 3090 1246 3145 fuit.
1306 3090 1413 3146 Sed
1441 3106 1564 3146 eum
1597 3106 1693 3146 no-

1805 1880 2154 1937 advertenter
2193 1884 2523 1955 loqueretur,
2566 1891 2834 1963 sciretque
2863 1895 3257 1955 Cistercienscs
3286 1917 3404 1956 mo-

1805 1971 2013 2028 nachos
2057 1975 2228 2030 multo
2257 1978 2455 2033 clarius
2487 1980 2864 2042 demonstrare
2900 2002 3061 2058 posse
3101 1991 3406 2049 Benedicti-

1805 2079 1928 2119 nam
1964 2066 2318 2136 liliationem,
2365 2086 2524 2142 quam
2571 2078 2866 2132 canonicos
2912 2081 3186 2151 regulares
3213 2086 3404 2154 Augu-

1803 2158 2123 2225 stinianam,
2139 2172 2229 2214 aut
2253 2166 2584 2220 monasteria
2600 2165 3066 2239 Cisterciensium,
3089 2189 3195 2229 non
3224 2177 3401 2232 Solum

1804 2249 2021 2305 aliunde
2046 2253 2391 2320 splendorem
2425 2273 2530 2312 non
2565 2269 2860 2330 mutuasse,
2892 2266 2986 2318 sed
3020 2266 3200 2320 multis
3231 2268 3394 2322 etiam

1803 2343 1924 2398 aliis
1975 2345 2260 2401 ordinibus
2305 2348 2556 2412 dedisse;
2597 2363 2688 2407 aut
2738 2355 3099 2412 venerabilem
3143 2359 3396 2416 abbatem

1803 2435 2118 2493 Florcnsem
2164 2441 2530 2510 Joathimnm,
2577 2447 2855 2502 miraculis
2902 2461 2958 2506 et
3003 2452 3295 2509 virtutibus
3341 2455 3396 2510 in

1802 2533 1909 2587 vita
1937 2543 1994 2586 et
2025 2543 2200 2589 morte
2241 2537 2472 2593 mirifice
2503 2555 2532 2593 a
2566 2541 2677 2596 Deo
2708 2543 3058 2612 illustratum,
3093 2558 3146 2600 et
3178 2549 3230 2602 in
3278 2557 3394 2603 tota

1800 2623 2044 2682 Calabria
2096 2644 2196 2698 pro
2244 2630 2403 2685 bi-ato
2447 2615 3024 2708 habitumiipsiusque
3068 2638 3331 2695 honorem
3363 2657 3395 2696 a

1799 2719 1930 2774 sedc
1986 2721 2300 2790 Apostolica
2357 2725 2556 2796 saepius
2613 2727 2931 2795 defensum;
2994 2731 3097 2787 hoc
3151 2733 3296 2788 enim
3345 2735 3394 2789 si

1799 2811 2104 2867 Pennottus
2135 2815 2324 2883 sciret,
2376 2833 2720 2890 nequaquam
2753 2824 2802 2878 ei
2850 2832 2958 2878 tam
3003 2826 3269 2882 acerrime
3298 2827 3395 2883 de-

1799 2906 2060 2974 traheret,
2113 2907 2254 2976 quod
2302 2908 2408 2965 duo
2452 2911 2572 2967 libri
2612 2915 2694 2968 sui
2741 2916 2920 2985 capita
2960 2917 3060 2972 hac
3110 2919 3164 2974 itt
3208 2935 3269 2974 re
3295 2934 3392 2975 ex-

1797 3000 2064 3070 penderit,
2095 3000 2346 3055 videlicet
2391 3005 2892 3075 quinquagesimum
2925 3008 3156 3078 primum
3205 3011 3391 3080 primi,

1795 3102 1850 3147 et
1877 3092 2171 3148 secundum
2206 3095 2430 3150 secundi
2463 3114 2476 3149 :
2521 3107 2576 3152 ct
2604 3099 2958 3166 proculdubio
3001 3099 3071 3154 ab
3099 3101 3179 3156 eis
3207 3103 3394 3158 convi-

122 3177 254 3230 vis‘et
281 3177 482 3233 habere
516 3179 773 3234 Dextrum
804 3180 858 3234 iit
891 3180 1035 3236 Urbe
1065 3194 1552 3252 prOpuguatorem,
1581 3200 1690 3238 non
1717 3168 1764 3230 C
1798 3187 1897 3242 ciis
1925 3186 2244 3250 abstineret,
2273 3204 2391 3257 qua:
2426 3190 2528 3243 nisi
2569 3191 2620 3244 in
2655 3191 3079 3260 perditissimum
3113 3193 3390 3248 hominem

119 3273 258 3326 srtnel
282 3288 374 3342 pro
403 3288 509 3328 sua
538 3273 888 3344 benignitate,
920 3275 1137 3330 domum
1163 3277 1340 3333 solita:
1373 3291 1509 3332 mea:
1537 3277 1691 3332 habi-

120 3365 306 3419 tationis
328 3366 472 3436 apud
495 3366 555 3422 S.
587 3367 821 3421 Mantum
849 3369 1001 3431 adiit,
1036 3386 1155 3437 qua:
1187 3371 1238 3424 in
1273 3371 1448 3440 ipsum
1486 3370 1691 3426 media-

120 3465 239 3509 ιλιαδ
271 3459 462 3526 luerat,
500 3477 713 3514 mecum
745 3464 1263 3518 communicaturus.
1296 3463 1601 3530 licveritus,
1635 3475 1693 3519 tit

118 3546 332 3616 decebat,
363 3563 580 3608 tantum
613 3553 785 3608 virum
814 3556 982 3609 semel
1011 3565 1067 3610 et
1093 3557 1288 3610 iterum
1323 3557 1537 3612 uotulas
1565 3572 1693 3613 suas

118 3644 267 3696 €10l\l
287 3661 301 3708 ;
325 3661 459 3715 quas
489 3645 710 3716 quidem
745 3650 904 3702 unius
941 3647 1220 3704 dumtaxat
1251 3651 1425 3704 noctis
1451 3649 1689 3706 studium

119 3747 235 3799 θνα
282 3740 604 3808 calamoque
652 3749 907 3794 currente
949 3741 1180 3811 scriptas
1233 3743 1464 3812 ingenue
1516 3743 1693 3801 lassus

119 3823 219 3880 [ωλι.
242 3829 361 3884 Post
384 3832 506 3886 dies
535 3832 744 3902 aliquot
767 3832 1018 3889 familiari
1065 3834 1334 3904 Cc|l0qui0
1368 3877 1383 3903 ,
1441 3837 1694 3894 omnibus

120 3916 148 3969 il
172 3919 210 3971 is
245 3938 335 3990 per
391 3925 648 3978 ordinem
693 3925 861 3980 verbo
894 3936 1049 3982 tenus
1102 3928 1416 3984 satisfacere
1463 3933 1686 3999 curavi;

122 4009 148 4060 il
169 4014 225 4064 ul
254 4015 514 4084 adjicit-ns
549 4031 664 4084 nte,
694 4018 739 4072 si
771 4019 963 4087 vellet,
997 4019 1200 4089 scripto
1228 4036 1443 4092 quoque
1473 4024 1540 4078 ad
1569 4039 1692 4080 eas-

121 4101 221 4156 dent
248 4121 660 4178 responsurum.
689 4111 759 4165 De
795 4111 1006 4166 duobus
1043 4113 1222 4169 adlmc
1278 4115 1534 4171 haesitare
1585 4132 1694 4170 non

125 4196 325 4265 ιιιιειὶιὶῑ,
359 4203 623 4257 nimirum
654 4203 723 4258 de
764 4220 870 4258 uno
902 4204 1132 4275 Leporio
1153 4248 1167 4273 ,
1209 4209 1488 4278 Augustini
1522 4208 1694 4279 magi-

122 4290 202 4343 θινὶ
230 4293 306 4345 sui
333 4311 499 4364 opera
536 4310 564 4348 a
599 4294 992 4366 Pelagianismo
1039 4299 1106 4353 ad
1161 4300 1482 4356 catholicam
1533 4301 1692 4357 ﬁdem

124 4386 378 4454 perducto,
408 4389 563 4455 quod
596 4391 712 4458 ipse
758 4391 1010 4446 crederet
1037 4391 1171 4447 duos
1205 4393 1451 4449 diversos
1481 4394 1647 4450 fuisse
1681 4413 1692 4447 :

124 4486 168 4528 ct
189 4478 247 4532 de
274 4481 558 4537 nonnullis
589 4483 866 4552 prati-laris
889 4484 1046 4550 viris,
1089 4499 1225 4554 quos
1264 4501 1327 4540 ex
1354 4485 1544 4540 ordine
1571 4500 1694 4540 cre-

1797 3277 2052 3347 profundi
2085 3279 2388 3349 nequirent.
2415 3280 2550 3348 Quid
2573 3282 2718 3336 enim
2742 3282 2886 3336 aliud
2915 3293 3022 3349 est,
3044 3283 3388 3340 Joachimum

1794 3371 1862 3425 ab
1894 3386 2024 3425 orco
2049 3373 2189 3426 velle
2215 3387 2498 3441 revocare,
2533 3377 2754 3430 nomine
2795 3376 3014 3432 Goliath
3061 3379 3114 3432 in
3143 3379 3384 3435 derisum

1795 3464 1842 3518 ci
1877 3464 2152 3534 imposito,
2187 3473 2245 3519 nt
2294 3465 2440 3519 vires
2475 3467 2763 3523 metiretur
2804 3483 2930 3524 snas
2959 3469 3064 3538 (sic
3091 3471 3269 3539 ipsum
3299 3471 3391 3526 ille

1797 3555 2034 3610 honorat
2077 3571 2198 3626 cap.
2254 3558 2350 3611 illo
2399 3557 2516 3627 bl).
2547 3559 2648 3614 nisi
2682 3560 3054 3616 beatissimum
3084 3564 3258 3618 virum
3289 3563 3393 3618 ﬂo-

1795 3646 2124 3702 rentissimaa
2185 3647 2238 3702 iit
2288 3649 2532 3704 [Ecclesia
2589 3653 3024 3722 congregationis
3085 3655 3390 3721 Florensis,

1795 3756 1916 3810 quae
1945 3741 2325 3797 Cisterciensis
2361 3743 2418 3798 S.
2456 3741 2717 3799 Bernardi
2749 3761 2932 3801 ramus
2961 3755 3070 3813 est,
3119 3747 3392 3802 instituto-

1796 3849 1910 3889 rem
1935 3833 1989 3888 in
2023 3834 2211 3889 inferis
2241 3835 2511 3904 sepultum
2544 3836 2823 3905 profiteri?

1866 3927 1937 3980 At
1979 3941 2214 3995 quonam
2266 3936 2424 3995 pacto
2472 3927 2524 3980 in
2558 3927 2781 3997 prologo
2814 3927 2936 3982 libri
2969 3928 3108 3998 Μῦς.
3141 3928 3395 3997 Marqutz

1796 4017 2046 4083 miratur,
2078 4017 2223 4087 quod
2251 4018 2319 4072 ab
2361 4019 2766 4088 impugnationc
2796 4021 2863 4074 R.
2893 4021 2953 4074 P.
2992 4020 3214 4078 Antonii
3248 4024 3392 4080 Daza

1796 4109 1851 4164 in
1883 4109 2185 4179 qurcstione
2214 4109 2282 4163 de
2315 4108 2653 4178 professione
2687 4111 2897 4178 (nescio
2927 4112 3116 4184 quam)
3146 4116 3396 4183 Angusti-

1799 4203 1959 4256 niana
1992 4201 2051 4257 S.
2085 4200 2362 4256 Francisci
2392 4201 2458 4255 ad
2504 4201 2833 4271 carpendam
2867 4203 2981 4259 RR.
3034 4205 3137 4260 PP.
3170 4205 3393 4262 canoni-

1798 4310 1984 4350 cornm
2033 4293 2358 4369 regularium
2405 4293 2666 4365 originem
2717 4294 3026 4362 deﬂexerit,
3095 4298 3141 4352 si
3188 4299 3390 4367 ipsein

1799 4387 1995 4443 eodem
2029 4385 2202 4442 hzcret
2249 4388 2501 4452 crimine,
2553 4400 2607 4443 et
2638 4403 2666 4441 a
2697 4388 3096 4459 depugnatione
3141 4392 3396 4445 eremita-

1802 4495 1922 4534 rum
2011 4480 2068 4537 S.
2125 4478 2407 4550 Augustini
2457 4479 2523 4534 ad
2582 4481 2955 4550 provocandos
3003 4480 3398 4539 Cistercienscs

124 4578 344 4626 Iutarum
395 4549 601 4628 sancti'
631 4575 914 4644 Augustini
951 4617 966 4642 ,
1013 4592 1109 4631 seu
1160 4592 1225 4631 ex
1278 4577 1472 4632 ordine
1519 4578 1692 4632 sancti
1723 4549 1777 4609 Β
1803 4573 2083 4629 deﬂectit?
2121 4573 2253 4627 Nam
2285 4573 2451 4630 vetba
2485 4573 2605 4642 ejus
2649 4574 2839 4629 eadem
2885 4573 2999 4630 fere
3028 4585 3154 4629 sunt
3201 4575 3400 4644 quibus

124 4655 368 4717 lleaedicti
395 4664 544 4734 apud
576 4663 645 4717 Μ.
677 4665 965 4719 Maximum
995 4666 1159 4721 fuisse
1191 4667 1420 4738 legimus
1445 4685 1457 4721 :
1482 4667 1696 4723 dicebat

125 4752 358 4820 siquidem
391 4758 655 4812 eremitas
679 4757 737 4811 S.
764 4758 1068 4827 AuguStiui,
1103 4759 1329 4815 minime
1380 4761 1448 4814 ab
1501 4760 1696 4814 eodeni

124 4847 318 4902 cdcclos
351 4867 364 4904 :
398 4852 733 4920 nominaque
767 4850 854 4904 illa
885 4866 952 4905 ex
983 4851 1173 4907 ordine
1206 4851 1398 4921 hujus,
1432 4852 1518 4909 vel
1552 4851 1698 4907 illius

124 4939 272 4992 sancti
300 4942 471 4996 multo
503 4957 628 4996 esse
684 4943 988 4997 recentiora
1047 4943 1118 4998 bl.
1165 4943 1421 4998 Maximo.
1479 4945 1546 4998 Et
1597 4959 1699 5015 ego

124 5043 309 5101 linoque
335 5037 464 5088 mihi
489 5046 775 5105 suspectas
807 5051 967 5091 voces
992 5051 1114 5092 esse
1147 5037 1300 5091 itttttli
1321 5078 1336 5101 ,
1392 5037 1604 5092 tametsi
1634 5037 1702 5093 de

125 5121 318 5193 [θνητῇ
345 5130 556 5184 unitate
605 5138 703 5184 aut
748 5129 1065 5200 duplicitate
1108 5131 1546 5188 dissentiremus.
1592 5131 1705 5186 lloc

124 5218 211 5270 sbi
237 5221 364 5275 satis
391 5237 517 5277 esse
537 5223 605 5277 ad
629 5239 786 5278 suum
811 5224 1111 5280 inStitutum
1137 5226 1438 5296 professus,
1463 5224 1706 5294 nihilque

128 5311 252 5366 aliud
283 5315 347 5369 de
381 5317 593 5371 Dextro
615 5327 860 5381 acturus,
902 5318 1204 5372 imminutis
1249 5332 1472 5387 prorsus
1516 5315 1705 5372 amici-

130 5400 204 5454 tite
231 5407 429 5462 viribus
456 5409 739 5476 discessit,
782 5410 946 5480 idque
973 5410 1262 5481 aliquoties
1285 5409 1506 5466 Ductori
1555 5409 1706 5464 Sala-

133 5498 283 5550 smalo
323 5499 468 5556 inter
509 5500 812 5558 familiares
859 5502 1332 5558 confabulationes
1387 5502 1706 5572 propalavit.

129 5583 219 5636 Sed
245 5591 503 5661 numquid
538 5593 787 5650 oblivisci
830 5597 1030 5663 poterit
1056 5604 1229 5650 mater
1270 5595 1362 5650 ﬂlii
1409 5594 1545 5649 uteri
1598 5595 1716 5648 sui?

133 5672 282 5733 l‘tlius
305 5697 463 5752 quem
501 5694 660 5740 nocte
711 5686 799 5741 illa
849 5695 1178 5755 conceperat
1208 5729 1223 5754 ,
1279 5689 1331 5742 in
1385 5687 1714 5743 oblivionem

135 5767 236 5830 dari
261 5777 527 5850 nequivit;
565 5777 734 5838 lucem
767 5781 995 5855 proinde
1025 5780 1207 5841 vidch
1243 5782 1540 5856 permissus
1593 5788 1674 5840 εει
1699 5819 1715 5849 ,

1803 4682 1904 4722 nos
1934 4666 2095 4736 paulo
2137 4677 2262 4719 ante
2305 4665 2386 4719 nsi
2433 4681 2652 4730 sumus;
2695 4667 2950 4720 nimirum
2989 4684 3001 4720 :
3037 4666 3235 4722 Prteter
3260 4668 3400 4736 quod

1806 4775 1909 4812 non
1946 4760 2072 4812 satis
2117 4758 2292 4810 adhuc
2333 4758 2596 4827 intelligo,
2647 4759 2770 4828 quid
2809 4773 3019 4812 causam
3056 4757 3120 4810 ab
3159 4757 3256 4810 hoc
3290 4757 3402 4812 viro

1806 4861 1990 4906 contra
2019 4853 2358 4906 venerabilem
2395 4851 2458 4904 Ρ.
2492 4852 2776 4905 Antonium
2800 4851 2998 4905 Dozam
3028 4867 3181 4922 super
3207 4851 3406 4925 origine

1807 4951 1853 4997 et
1883 4943 2208 4998 institutione
2235 4940 2490 4996 Fratrum
2535 4942 2821 5008 Minorum,
2864 4943 2944 4996 vel
2972 4943 3309 4996 cremitarum
3352 4942 3406 4996 in

1810 5051 1869 5091 eo
1914 5037 2044 5091 libro
2074 5036 2387 5098 institutam,
2418 5034 2562 5104 origo
2608 5033 2846 5089 canonici
2873 5033 3097 5102 ordinis,
3126 5035 3206 5088 vel
3231 5048 3407 5088 causa:

1814 5129 1957 5184 illius
2005 5128 2376 5193 institutionis,
2431 5127 2510 5179 rel
2549 5127 2704 5180 etiam
2745 5127 2796 5179 in
2828 5127 2996 5198 specie
3037 5127 3312 5195 adjacent;
3353 5135 3408 5178 ut

1815 5239 1930 5276 cum
1959 5222 2013 5274 in
2043 5221 2300 5290 principio
2340 5220 2510 5274 statim
2539 5220 2620 5272 sui
2660 5220 2776 5272 libri
2817 5221 3108 5291 scripserit,
3158 5220 3302 5274 illius
3328 5221 3411 5273 in-

1815 5317 2052 5369 stitutum
2079 5315 2133 5366 in
2164 5329 2224 5367 eo
2255 5313 2385 5366 libro
2416 5312 2585 5365 solum
2613 5327 2744 5378 esse,
2775 5329 2924 5365 suum
2968 5313 3197 5368 ordinem
3237 5313 3299 5367 ab
3327 5315 3412 5366 in-

1810 5405 1975 5476 juriis
2019 5404 2187 5459 eidem
2227 5403 2288 5455 ab
2331 5403 2556 5456 Antonio
2605 5402 2754 5456 Daza
2798 5404 2962 5458 illatis
2991 5405 3291 5469 vindicare;
3331 5405 3415 5456 ni-

1818 5495 2098 5550 hilominus
2141 5505 2253 5565 post
2293 5496 2456 5546 aciem
2497 5506 2678 5551 contra
2706 5495 2854 5550 illum
2882 5507 3250 5561 constructam,
3291 5496 3418 5548 data

1820 5604 1974 5660 opera
2003 5588 2280 5655 deﬂectens
2321 5595 2484 5638 totum
2514 5589 2719 5658 pondus
2760 5590 2928 5654 prtrlii
2958 5590 3027 5641 ad
3072 5589 3302 5640 ordinent
3330 5603 3419 5639 ca-

1823 5681 2066 5736 nonicum
2107 5679 2451 5732 converterit?
2481 5691 2586 5734 etc.
2618 5680 2780 5736 Certe
2813 5682 2863 5736 in
2897 5696 3004 5753 quo
3043 5681 3206 5734 alium
3238 5688 3411 5739 notat,
3433 5728 3445 5733 -

1827 5777 1944 5856 ipse
1988 5771 2488 5852 comprehenditur.
2544 5775 2888 5857 Quapropter
2930 5777 3030 5834 hoc
3079 5770 3419 5834 solummodo
