3908 6272
465 307 573 362 595

1373 293 1668 353 FLAVIUS
1707 289 1957 349 LUCIUS
1995 285 2280 343 DEXTER
2319 283 2857 346 CHRONOLOGUS.

3649 291 3742 351 596

472 423 672 478 iecisse
718 422 850 477 mihi
883 429 967 476 sat
995 420 1132 485 erit,
1182 413 1226 469 si
1255 413 1406 482 juxta
1441 409 1816 480 propheticum
1861 405 2064 460 dictum
2092 401 2355 462 Amultis
2402 403 2599 460 abhinc
2656 405 2813 460 annis
2870 403 3149 460 exstitisse
3205 403 3393 461 Dextri
3441 403 3737 464 Chronicon

475 530 712 586 arguens
755 530 877 568 eum
925 522 1158 566 statuam
1205 516 1394 562 contra
1447 504 1638 559 faciem
1689 516 1844 557 suam
1876 499 2067 570 (Psat.

474 607 647 675 XLIX),
697 616 1104 671 monstrantque
1142 601 1194 654 in
1229 600 1292 653 iis
1323 597 1580 652 omnibus
1613 597 1681 650 de
1708 595 1904 666 quibus
1931 592 2071 646 alios

477 706 649 762 notat,
708 698 884 766 ipsunt
941 706 1190 763 patenter
1231 691 1584 761 delinquere,
1634 698 1692 744 ut
1737 689 1912 743 discat
1965 699 2069 739 non

477 793 644 847 altum
676 805 896 860 sapere,
927 789 1019 844 sed
1057 789 1266 856 timere,
1299 801 1366 842 ne
1395 785 1535 841 forte
1565 799 1690 840 cum
1722 782 1844 837 aliis
1876 780 2074 851 prmdi-

477 883 715 949 caverit,
770 883 885 953 ipse
935 881 1215 952 improbus
1255 879 1544 935 efficiatur.
1577 874 1862 931 Docendus
1908 874 2075 942 igitur

484 985 569 1033 est
598 977 778 1031 minus
804 985 952 1030 recte
976 974 1042 1029 de
1071 972 1341 1028 Chronico
1373 970 1560 1026 Dextri
1607 977 1660 1024 et
1699 966 1916 1021 Maximi
1949 981 2074 1019 sen-

481 1068 705 1123 tentiam
741 1069 952 1130 tulisse,
985 1075 1038 1120 et
1071 1063 1342 1120 immerito
1373 1064 1424 1118 in
1459 1059 1852 1117 Cistercienses
1887 1071 2076 1112 mona-

481 1159 614 1215 chos
642 1159 815 1228 jacula
841 1156 1194 1221 contorsisse,
1221 1155 1312 1226 qni
1339 1152 1470 1208 nihil
1495 1152 1644 1206 illum
1670 1151 1945 1217 laeserant,
1975 1161 2075 1203 nec

482 1253 732 1308 ordinem
775 1267 963 1316 suum;
1008 1249 1312 1305 docendum
1357 1262 1486 1304 vero
1516 1260 1774 1316 cuperem
1805 1258 1834 1298 a
1864 1243 2078 1296 doctio-

479 1347 664 1412 ribus;
707 1346 801 1400 sed
849 1345 978 1399 dum
1015 1344 1232 1414 reliqui,
1277 1342 1471 1412 quibus
1499 1341 1603 1395 hoc
1632 1355 1767 1410 opus
1801 1353 1865 1393 ex
1896 1337 2078 1392 ofﬁcio

483 1440 767 1506 incumbit,
802 1439 966 1495 totius
1013 1439 1090 1493 rei
1143 1439 1407 1492 certiores
1449 1436 1605 1504 ﬁunt,
1641 1433 1756 1488 ﬁeri
1789 1433 1949 1488 aliter
1977 1448 2072 1487 nc-

484 1532 624 1602 quit,
674 1533 802 1602 quin
836 1546 865 1584 a
895 1546 980 1586 nte
1009 1530 1252 1584 omnium
1305 1529 1530 1584 minimo
1584 1525 1941 1598 quorumdam
1986 1525 2082 1580 ad-

487 1633 792 1679 moneatur.
845 1623 1072 1678 Conﬁdo
1119 1630 1302 1678 autem
1351 1622 1419 1676 de
1469 1621 1716 1676 bonitate
1762 1635 1881 1684 sua,
1934 1617 2080 1690 quod
2148 1665 2152 1672 .

486 1717 700 1789 cognita
732 1717 962 1772 veritate
993 1717 1225 1786 ingenue
1265 1713 1528 1769 fatebitur
1553 1727 1640 1767 me
1665 1712 1827 1782 justis
1855 1711 1923 1766 de
1951 1725 2081 1764 catt-

2174 496 2349 552 Toleti
2383 499 2436 552 in
2469 499 2802 553 monasterio
2833 497 3087 563 Sislensi,
3122 498 3212 553 cui
3246 497 3373 554 illud
3414 498 3560 556 dono
3595 500 3744 558 dede-

2177 598 2260 644 rat
2283 590 2544 645 Dominus
2568 592 2759 647 Petrus
2784 591 2960 646 Pecha
2989 591 3266 662 quondam
3299 592 3584 662 episc0pus
3604 593 3747 650 Gien-

2177 682 2384 736 nensis.
2434 682 2571 738 iiinc
2619 683 2751 738 satis
2798 682 3068 737 detectam
3108 682 3370 738 Chronici
3400 683 3558 754 hujus
3589 686 3749 756 impo-

2175 783 2379 826 sturam
2427 774 2704 828 existimat
2732 773 2789 827 P.
2825 773 3157 840 Penaottns;
3200 784 3258 829 et
3300 777 3470 830 multo
3503 778 3664 848 magis
3691 794 3748 834 ex

2176 865 2539 935 discrepantia
2569 866 2858 932 codicum,
2903 868 2994 936 qui
3025 867 3125 923 sub
3171 868 3357 923 Dextri
3401 873 3620 927 nomine
3660 875 3751 927 cir—

2176 958 2587 1016 cumferuntur:
2621 961 2673 1016 in
2706 975 2772 1016 eo
2817 961 2962 1016 enim
2993 977 3101 1032 quo
3132 962 3302 1017 utitur
3347 962 3594 1035 Marquez
3626 979 3748 1018 tton-

2179 1052 2324 1106 nulla
2360 1061 2506 1119 sunt,
2539 1069 2660 1123 qua:
2705 1054 2757 1109 in
2801 1051 3013 1109 excuso
3059 1070 3227 1124 opera
3272 1054 3594 1111 Calderonis
3639 1057 3757 1113 deli-

2179 1144 2350 1209 cinnt,
2381 1145 2686 1215 praesertim
2721 1145 2786 1199 ad
2816 1160 2905 1200 an.
2936 1147 3096 1201 Dom.
3124 1147 3232 1203 434
3269 1157 3326 1203 et
3354 1164 3550 1204 nomen
3595 1149 3753 1220 ipsum

2180 1238 2416 1292 auctoris
2442 1238 2593 1293 varie
2619 1239 2909 1305 scribitur;
2943 1238 3126 1296 Codex
3161 1255 3398 1297 excusus
3426 1240 3517 1296 Ft.
3545 1242 3604 1296 L.
3629 1241 3758 1298 Dex-

2183 1338 2335 1394 trum,
2371 1329 2552 1387 Codex
2600 1347 2730 1387 vero
2774 1349 2934 1403 quem
2983 1331 3234 1405 Ma'rquez
3284 1336 3538 1406 sequitur
3581 1337 3652 1392 Μ.
3700 1338 3755 1393 L.

2183 1419 2437 1474 Dextrum
2478 1431 2775 1493 nuncupat.
2801 1424 2949 1479 Multi
2977 1425 3243 1494 integrum
3285 1441 3422 1497 onus
3449 1441 3568 1483 esse
3592 1428 3761 1484 existi-

2185 1522 2360 1582 mant,
2398 1514 2703 1570 Escnlanus
2735 1531 2870 1571 vero
2917 1518 3303 1588 compendium
3350 1521 3629 1575 dumtaxat
3660 1535 3764 1576 cre-

2188 1603 2300 1669 dit,
2331 1605 2396 1660 ad
2436 1606 2597 1676 idque
2623 1607 2926 1665 Pennelttts
2955 1609 3266 1677 adducitur,
3305 1611 3450 1681 quod
3477 1609 3763 1668 Cltronicon

2192 1698 2378 1754 Dextri
2403 1741 2418 1761 .
2470 1709 2608 1755 teste
2654 1702 3003 1775 Hieronymo,
3040 1703 3203 1759 fuerit
3244 1704 3577 1760 omnimoda:
3605 1707 3768 1761 Histo-

485 1811 583 1876 sis,
638 1809 884 1865 veritatis
934 1809 1168 1874 scilicet,
1219 1806 1490 1874 nationis,
1539 1814 1594 1861 et
1642 1806 1918 1875 religionis
1962 1804 2080 1859 zelo

2195 1789 2283 1844 ri:e
2314 1832 2329 1858 ,
2392 1790 2535 1846 unde
2585 1794 3019 1859 copiosissimum
3073 1794 3247 1851 fuisse
3310 1811 3598 1854 necessum
3652 1808 3766 1864 est,

489 1913 862 1971 commotum,
913 1918 1022 1958 non
1071 1901 1288 1972 quidem
1319 1901 1375 1955 in
1403 1899 1600 1969 ipsum,
1633 1914 1793 1969 quem
1834 1898 2081 1967 impense

496 2012 754 2053 revereor
781 2005 830 2051 et
862 1995 1042 2060 laudo,
1071 1994 1164 2049 sed
1193 1994 1247 2049 in
1276 1993 1459 2048 ltcsam
1489 1989 1724 2047 auctoris
1771 1999 1826 2045 et
1869 1989 2082 2045 ordinis

493 2091 600 2144 mei
630 2091 849 2154 famam,
882 2089 966 2142 cui
1001 2086 1221 2157 scriptis
1261 2086 1374 2143 suis
1417 2084 1600 2142 calore
1631 2083 1810 2157 potius
1842 2081 2076 2153 dicendi,

491 2194 656 2252 quam
689 2179 966 2235 voluntate
998 2177 1256 2234 detraxit.

494 2338 522 2411 §
548 2338 612 2396 ll.
659 2338 797 2405 Quot
839 2347 886 2394 et
924 2347 1120 2411 quanto
1145 2339 1214 2393 ad
1241 2337 1625 2411 retundendam
1655 2334 1902 2411 chronici
1930 2335 2089 2407 hujus

690 2407 1050 2467 auctoritatem
1077 2409 1368 2466 Pennottus
1396 2409 1674 2463 meditatus
1705 2407 1900 2480 fuerit?

564 2548 633 2605 Ut
652 2548 810 2620 igitur
822 2547 890 2604 ab
911 2562 1018 2603 ovo
1034 2545 1201 2620 (quod
1215 2543 1320 2600 dici
1338 2542 1504 2616 solet)
1523 2543 1836 2599 exordiatur
1851 2541 2091 2598 Pennot-

497 2650 612 2706 tus,
656 2641 968 2712 priusquam
997 2639 1064 2695 de
1094 2639 1257 2694 rebus
1285 2639 1338 2693 in
1361 2635 1632 2692 Chrenico
1669 2637 1786 2708 ipso
1819 2636 2090 2692 contentis

496 2733 817 2788 scrutinittm
845 2732 1022 2799 iaciat,
1069 2731 1168 2786 tria
1192 2729 1380 2800 objicit
1405 2771 1419 2795 ,
1454 2745 1574 2797 qua:
1608 2728 1768 2783 ﬁdem
1806 2728 1949 2783 illius
1983 2744 2091 2784 non

501 2841 688 2895 parum
720 2839 985 2881 enervare
1009 2823 1246 2895 judicat;
1291 2821 1513 2878 totidem
1543 2820 1802 2876 nimirum
1830 2821 2091 2876 articulos

497 2917 554 2970 in
600 2916 795 2986 quibus
840 2916 1063 2980 lliSpani
1090 2917 1405 2986 scriptores,
1441 2929 1564 2970 cum
1590 2913 1657 2969 de
1688 2928 1754 2969 eo
1797 2915 2094 2984 loquuntur

502 3011 644 3066 inter
670 3026 729 3066 se
757 3010 1043 3076 dissident,
1091 3011 1206 3064 sive
1232 3011 1373 3064 circa
1423 3009 1893 3064 conservationem
1920 3006 2094 3062 Chro-

500 3104 641 3171 nici,
689 3105 802 3158 sive
852 3103 996 3158 circa
1047 3102 1444 3170 inventionem,
1503 3103 1619 3157 sive
1665 3101 1903 3173 denique
1949 3103 2092 3156 circa

2185 1891 2668 1955 ctconscqueuter
2716 1887 2888 1941 multo
2937 1888 3107 1959 magis
3153 1905 3242 1956 co,
3284 1889 3434 1959 quod
3488 1904 3630 1945 nunc
3679 1891 3767 1945 sub

2187 1979 2305 2049 ejus
2334 1979 2554 2035 nomine
2581 1981 2983 2049 circumfertur,
3034 1983 3169 2037 alios
3200 1983 3425 2039 minime
3470 1998 3606 2056 opus
3635 1985 3770 2039 titulo

2187 2073 2564 2143 responderet.
2600 2076 2794 2130 Fertur
2819 2077 2980 2132 etiam
3011 2077 3584 2136 Dominumloannem
3617 2080 3762 2135 Percz

2190 2166 2503 2236 episcopum
2548 2166 2969 2239 Segorbiensem
3020 2169 3164 2224 aliud
3220 2168 3384 2241 longe
3434 2186 3466 2224 a
3516 2170 3768 2240 prcedictis

2190 2257 2449 2314 habuisse
2501 2260 2685 2318 Dextri
2731 2261 3070 2328 Chronicon,
3127 2263 3195 2318 de
3239 2278 3347 2334 quo
3395 2264 3680 2335 perdoctus
3715 2264 3765 2318 P.

2189 2348 2407 2405 Muritlo
2457 2351 2511 2406 in
2566 2352 2793 2424 prologo
2842 2353 2966 2408 libri
3015 2353 3351 2410 fundationis
3399 2356 3544 2411 sacri
3590 2355 3769 2412 Sacelli

2191 2444 2276 2498 de!
2318 2443 2489 2515 Pilar,
2527 2446 2732 2516 inquit;
2775 2447 2893 2502 Non
2929 2458 3036 2502 tam
3075 2447 3447 2516 abbreviatio,
3485 2465 3640 2520 quam
3669 2465 3774 2504 cor-

2192 2537 2374 2607 ruptio
2405 2537 2667 2594 Chroniei
2699 2539 2980 2595 Dextriani
3026 2542 3274 2607 videtur;
3321 2557 3446 2598 nam
3482 2544 3537 2599 in
3569 2559 3632 2599 eo
3657 2558 3775 2599 non-

2195 2629 2340 2684 nulla
2369 2632 2604 2702 veritati,
2637 2641 2692 2688 et
2719 2634 2974 2704 gravitati
3006 2634 3254 2691 historize
3281 2636 3638 2693 inveniuntur
3657 2651 3768 2692 con-

2195 2721 2385 2786 traria,
2414 2732 2463 2776 et
2500 2732 2652 2778 tanto
2686 2734 2909 2780 auctore
2941 2725 3181 2796 indigna.

2267 2816 2398 2884 Sed,
2431 2817 2574 2887 quod
2607 2819 2851 2873 omnium
2886 2828 3048 2890 caput
3079 2829 3166 2876 est
3195 2820 3299 2892 (ait
3323 2819 3441 2891 ille)
3476 2821 3525 2876 si
3564 2836 3769 2893 quaeras,

2195 2909 2470 2980 quodnam
2517 2927 2586 2966 ex
2631 2911 2789 2966 dictis
2836 2913 3243 2984 exemplaribus
3290 2907 3424 2970 iliud
3470 2918 3566 2986 sit,
3608 2917 3687 2970 cui
3725 2924 3772 2969 ut

2195 3001 2438 3071 legitimo
2484 3001 2646 3057 ﬁdem
2687 3003 3082 3060 adhibeamus?
3123 3005 3217 3060 Fr.
3269 3005 3509 3062 Didacus
3557 3008 3772 3062 Mnrillus

2197 3093 2663 3149 abbreviationem
2701 3110 2813 3165 prae
2861 3097 3112 3151 manibus
3138 3097 3399 3153 Cltronici
3445 3098 3606 3169 hujus
3634 3098 3773 3152 babe-

502 3195 751 3250 codicum
800 3197 1076 3249 variorum
1126 3195 1573 3264 discrepantiam.
1626 3193 1782 3260 Quod
1837 3193 1981 3248 enim
2023 3193 2091 3247 ad
2121 3160 2164 3222 C
2199 3185 2290 3241 bat
2337 3185 2392 3240 itt
2441 3186 2624 3242 multis
2652 3187 2721 3241 ab
2765 3203 2865 3253 eo,
2899 3189 3042 3258 quod
3076 3188 3514 3260 Cmsarﬂtlguslm
3540 3205 3772 3246 excusum

501 3288 983 3352 conservationem
1010 3295 1240 3356 spectat,
1271 3287 1488 3356 quidam
1519 3295 1901 3341 conservatum
1928 3286 2094 3341 fuisse

498 3389 727 3453 negant,
775 3381 871 3435 sed
927 3380 1124 3450 injuria
1168 3390 1471 3448 temporum
1520 3378 1754 3450 periisse
1795 3378 2089 3446 afﬁrmant,

500 3473 644 3544 quod
676 3473 941 3527 Baronius
988 3471 1189 3528 asserit
1236 3480 1365 3525 tom.
1418 3471 1482 3527 IV
1515 3471 1716 3526 Annal.
1748 3471 1959 3526 Eccles.
1993 3472 2094 3528 sub

499 3581 644 3620 anno
686 3565 840 3619 Dom.
897 3563 1024 3619 592.
1079 3563 1182 3618 Alii
1233 3573 1611 3619 conservatum
1657 3563 1996 3619 contendunt
2041 3565 2094 3619 in

499 3657 826 3712 bibliotheca
869 3656 1156 3712 Fuldensis
1185 3657 1525 3723 monasterii,
1557 3671 1668 3727 quo
1693 3671 1814 3712 cum
1847 3657 1968 3710 aliis
2003 3671 2096 3712 co-

503 3748 712 3804 dicibus
735 3789 750 3815 ,
791 3749 945 3818 jussu
978 3747 1156 3804 Caroli
1181 3747 1354 3819 Magni
1388 3749 1518 3818 imp.
1552 3757 1798 3818 tempore
1829 3748 2092 3806 Sarrace-

501 3841 635 3896 nica:
685 3841 856 3896 cladis
906 3857 972 3896 ex
1033 3839 1284 3912 llispania
1333 3840 1604 3898 deductus
1653 3842 1776 3909 fuit,
1827 3843 1970 3914 quod
2021 3843 2096 3898 ait

501 3934 848 3988 Euthrandus
891 3933 943 3988 in
980 3935 1140 4004 epist.
1189 3931 1257 3988 ad
1304 3932 1730 4004 Regismundunt
1775 3936 2091 4005 episcopum

497 4028 918 4083 lliberritanum.
951 4028 1026 4082 De
1049 4028 1334 4083 inventore
1355 4028 1601 4083 nonnulli
1625 4027 1900 4083 afﬁrmant
1923 4028 2095 4084 fuisse

498 4120 782 4189 prmfatum
815 4119 1211 4188 Euthrandum,
1247 4119 1339 4191 qui
1369 4119 1556 4175 ﬁoruit
1603 4121 1747 4174 circa
1794 4137 1880 4175 an.
1933 4121 2090 4176 Dom.

495 4213 622 4269 390.
678 4213 815 4267 Aliis
865 4213 1041 4284 placet
1095 4211 1262 4268 fuisse
1322 4211 1601 4268 illustriss.
1656 4212 1946 4268 Dominum
2001 4213 2090 4268 Fr.

497 4305 858 4373 Augustinum
890 4304 956 4360 de
1000 4303 1127 4360 Jcsu
1175 4305 1646 4375 archiepiscopum
1679 4304 2091 4369 Bracarensem,

493 4397 584 4468 qui
608 4395 952 4452 Germaniam
979 4411 1274 4468 peragrans
1301 4396 1754 4452 monasteriorum
1778 4398 1860 4451 sui
1888 4397 2095 4452 ordinis

496 4491 891 4564 (eremitarum
943 4490 1002 4547 S.
1049 4490 1190 4560 Aug.
1243 4490 1394 4560 prior
1447 4491 1718 4561 generalis
1756 4500 1886 4545 tunc
1933 4488 2092 4562 crat)

492 4585 889 4641 visitandorum
919 4583 1112 4654 gratia,
1159 4583 1213 4637 in
1241 4583 1484 4638 codicem
1520 4583 1701 4639 Dextri
1731 4582 1871 4639 forte
1899 4583 2089 4638 incidit

490 4678 633 4749 apud
683 4677 1010 4744 Fuldenses,
1045 4675 1188 4732 unde
1229 4675 1338 4731 duo
1384 4676 1636 4747 exempla
1671 4677 1883 4732 extrahi
1931 4678 2086 4742 fecit,

495 4786 722 4840 quorum
752 4785 915 4825 unum
942 4767 1194 4838 Philippo
1223 4767 1266 4823 ll
1295 4768 1406 4839 regi
1431 4767 1716 4824 Catltoiico
1741 4769 1884 4824 deuo
1916 4769 2085 4838 dedit,

495 4863 669 4920 altero
715 4864 828 4919 suis
870 4863 1059 4918 usibus
1087 4869 1388 4917 reservato.
1415 4861 1491 4916 Ita
1520 4860 1759 4917 Joannes
1785 4861 2084 4926 Calderon,

488 4958 577 5013 cui
630 4965 808 5012 tamen
857 4973 926 5012 ex
971 4956 1238 5011 diametro
1280 4969 1339 5011 se
1370 4954 1594 5027 opponit
1623 4953 1831 5025 Gaspar
1856 4954 2086 5010 Albarcz

492 5053 560 5108 dc
608 5052 820 5106 Losada
866 5066 1068 5122 negans
1121 5051 1414 5106 Dominum
1469 5049 1828 5120 Augustinum
1878 5063 1906 5101 a
1958 5047 2088 5103 Jesu

493 5145 760 5200 Dextrum
797 5159 1051 5212 umquam
1103 5143 1156 5198 in
1203 5141 1496 5198 Germania
1532 5137 1821 5210 reperisse.
1861 5139 1966 5194 Alii
1996 5139 2089 5196 de-

490 5238 616 5291 inde
667 5236 1040 5290 inventionem
1083 5237 1322 5292 tribuunt
1371 5234 1437 5289 R.
1481 5233 1543 5289 P.
1573 5232 1799 5289 Thomae
1828 5232 2088 5289 Torralba

496 5331 852 5388 Occanniensi
884 5347 1056 5387 esoc.
1108 5332 1236 5388 Jesu
1288 5333 1635 5405 presbytero,
1688 5345 1848 5402 quem
1901 5328 2088 5385 Fuldze

486 5434 765 5496 repertum
791 5440 878 5479 an.
920 5425 1074 5479 Dom.
1109 5425 1246 5481 1594
1280 5427 1428 5481 misit
1457 5428 1506 5480 in
1534 5425 1845 5495 Hispaniam
1870 5424 1929 5479 P.
1958 5423 2086 5478 llic-

489 5531 723 5590 ronymo
751 5517 815 5574 de
841 5520 889 5574 la
925 5517 1154 5588 lliguera
1179 5521 1421 5591 ejusdem
1452 5535 1566 5577 soc.
1595 5519 1896 5589 Tlteologo.
1932 5527 1987 5573 et
2016 5517 2084 5573 de

489 5611 807 5682 antiquitate
839 5611 1227 5667 Ecclesiastica
1257 5615 1397 5669 bene
1428 5613 1623 5669 merito
1662 5630 1674 5666 :
1721 5621 1774 5668 et
1807 5610 2085 5666 nihilomi-

484 5723 587 5763 nus
615 5719 864 5764 asserunt
914 5707 1006 5761 alii
1055 5722 1159 5761 non
1206 5707 1336 5762 illud
1387 5708 1660 5778 reperisse
1705 5706 1930 5772 Fuldae,
1983 5703 2078 5759 sed

485 5800 839 5862 Wormacite.
883 5801 1129 5872 Denique
1173 5799 1380 5874 Gaspar
1425 5801 1730 5860 Esculanus
1770 5807 1960 5859 auctor
1988 5807 2074 5856 est

2197 3289 2303 3348 est,
2336 3291 2390 3335 et
2420 3295 2449 3335 a
2490 3295 2622 3336 vero
2669 3281 2984 3348 distantem,
3019 3282 3162 3338 unde
3190 3299 3220 3338 a
3247 3282 3460 3340 Joanne
3507 3285 3773 3346 Caldcron,

2197 3373 2287 3444 qui
2323 3373 2452 3428 illud
2486 3373 2768 3429 excudere
2815 3377 3026 3429 curavit
3075 3376 3138 3450 in,
3176 3377 3408 3448 prologo
3439 3378 3510 3433 ad
3542 3379 3775 3434 lectorem

2197 3465 2536 3534 cXploditur.
2569 3463 2675 3521 Sed
2723 3475 2776 3520 et
2824 3465 2942 3536 ipse
2997 3451 3353 3523 nihilominus
3401 3469 3576 3525 codex
3622 3468 3776 3524 abeo

2197 3572 2430 3612 excusus
2463 3558 2946 3628 depravatissimus
2973 3561 3216 3614 omnium
3255 3576 3378 3616 esse
3407 3561 3772 3617 convincitur:

2199 3651 2367 3705 multa
2417 3651 2564 3705 enim
2616 3654 2902 3706 oscitantia
2949 3653 3252 3722 impressus
3295 3652 3434 3720 fuit,
3489 3665 3550 3709 ut
3599 3653 3774 3724 legenti

2199 3743 2424 3812 patebit.
2469 3742 2581 3798 Nec
2623 3742 2844 3809 desunt,
2875 3744 2967 3814 qni
3015 3743 3198 3799 dicant
3242 3745 3557 3800 Chronicon
3590 3743 3777 3800 31.31a-

2197 3835 2326 3890 ximi
2383 3836 2737 3906 depravatum
2789 3851 2961 3909 nuper
3017 3836 3189 3894 fuisse
3241 3852 3271 3893 a
3327 3837 3774 3895 Centuriatorihus

2198 3926 2771 3997 Magdeburgensibus.

2270 4021 2406 4075 llinc
2445 4036 2576 4076 vero
2613 4032 2847 4092 quatuor
2889 4021 3040 4077 elicit
3073 4022 3375 4090 Penneltus
3414 4039 3428 4076 :
3467 4023 3524 4077 1°
3554 4032 3610 4078 ut
3637 4021 3776 4078 mini-

2197 4128 2366 4180 mum,
2419 4129 2526 4168 non
2569 4123 2825 4170 constare
2855 4114 3117 4171 hactenus
3148 4114 3216 4170 de
3248 4125 3467 4171 vetusto
3496 4113 3774 4186 exemplari

2199 4207 2357 4277 hujus
2408 4207 2707 4274 Chronici,
2761 4207 2962 4263 nedum
3011 4209 3080 4264 de
3135 4209 3376 4280 legitimo
3432 4209 3771 4280 autographa.

2197 4302 2262 4356 2⁸³
2307 4301 2560 4357 Codiecm
2609 4300 2937 4356 Fnldensem
2989 4301 3158 4358 fuisse
3186 4320 3215 4356 a
3245 4302 3776 4374 Magdebnrgcnsibus

2201 4394 2472 4450 hmreticis
2500 4395 2764 4451 vitiatum.
2800 4398 2862 4452 5°
2889 4396 3023 4451 Illud
3052 4412 3159 4467 quo
3190 4397 3444 4468 Marquez
3494 4415 3619 4453 usus
3666 4395 3772 4456 iuit.

2203 4503 2308 4542 non
2338 4487 2506 4542 fuisse
2529 4488 2795 4558 integram
2824 4487 3110 4543 historiam
3145 4489 3351 4555 Dextri,
3382 4490 3477 4545 sed
3510 4489 3773 4545 abbrevia-

2201 4582 2399 4637 tionem
2437 4580 2738 4649 dumtaxat,
2787 4581 3161 4651 depravatum.
3193 4583 3584 4639 4°Chronicon
3629 4597 3778 4638 excu-

2198 4691 2316 4731 sum
2364 4675 2790 4746 Caesaraugustae
2837 4675 3089 4745 plurimis
3141 4686 3354 4732 scatere
3399 4675 3639 4739 mendis;
3679 4685 3773 4743 quo

2199 4769 2289 4825 ﬁet
2307 4784 2372 4823 ex
2395 4777 2584 4824 neutro
2602 4783 2790 4823 eorum
2821 4776 3198 4839 argumentum
3219 4778 3431 4825 certum
3457 4769 3590 4824 sumi
3625 4781 3771 4837 posse

2195 4861 2351 4933 quasi
2398 4876 2463 4916 ex
2507 4861 2828 4916 auctoritate
2869 4861 3076 4915 Dextri.
3112 4863 3187 4917 En
3234 4857 3764 4930 Pennottijudicintn

2196 4955 2265 5012 de
2291 4955 2562 5010 Chronico
2589 4955 2795 5022 Dextri,
2825 4963 2879 5011 et
2907 4954 3124 5009 Maximi
3179 4970 3351 5025 nuper
3379 4953 3658 5024 evulgato,
3709 4946 3774 5001 ab

2195 5049 2435 5106 externis
2486 5056 2693 5104 tantum
2742 5049 2825 5118 (ut
2859 5047 2937 5102 sic
2965 5047 3220 5118 dixerim)
3249 5047 3578 5118 argumentis
3607 5041 3763 5098 dedu-

2193 5151 2364 5198 ctum.
2416 5141 2548 5196 Nam
2604 5141 2815 5196 interna
2868 5139 3176 5195 minutatim
3227 5139 3567 5211 prospiciens
3612 5137 3768 5191 multa

2195 5235 2426 5306 reperiri
2477 5233 2763 5291 contendit
2809 5235 2954 5290 inter
2997 5248 3093 5300 se,
3139 5241 3197 5290 et
3237 5248 3366 5290 cum
3418 5234 3640 5290 veritate
3687 5243 3772 5299 pu-

2193 5328 2436 5400 gnanﬁa.

2264 5421 2476 5490 Qmeris
2515 5422 2669 5493 qum?
2711 5422 2954 5477 Breviter
2981 5437 3080 5477 sua
3126 5420 3268 5475 dicta
3301 5419 3673 5491 perstringam.
3711 5411 3762 5466 ῐιι

2194 5516 2422 5587 cpistola
2455 5532 2576 5588 qua:
2622 5515 2968 5586 praemittitur
2996 5513 3356 5569 dedicationis
3384 5511 3452 5565 ad
3485 5511 3546 5564 D.
3579 5507 3752 5563 Ilieroo

2196 5624 2438 5680 nymum,
2481 5608 2581 5663 tria
2613 5607 2851 5663 difﬁcilia
2882 5613 3045 5664 sunt:
3082 5607 3138 5660 1ο
3161 5604 3304 5676 quod
3337 5614 3542 5659 asserat
3575 5599 3755 5654 Dexter

2195 5701 2516 5774 produxisse
2542 5702 2852 5758 Cltronicon
2888 5699 2955 5754 ad
3005 5713 3205 5752 annum
3235 5695 3436 5752 Christi
3483 5693 3602 5757 430,
3643 5701 3754 5743 cum

2194 5805 2372 5855 tamen
2418 5804 2541 5854 ante
2586 5794 2657 5852 40
2687 5805 2858 5850 annos
2887 5789 2955 5868 de
2986 5804 3050 5850 co
3078 5789 3439 5858 Hieronymus
3466 5777 3756 5843 meminerit
