3908 6274
148 288 244 348 ω
1173 276 1702 337 APOLOGETICUS
1742 275 1881 337 PRO
1917 278 1980 336 llo
2024 277 2329 339 DEXTRO.
3309 287 3416 346 598

149 405 198 462 in
219 399 312 461 lib.
355 398 423 455 de
448 397 651 466 Script.
682 394 831 453 Eccl.
858 407 1021 466 quem
1062 408 1208 451 anno
1235 395 1435 452 Christi
1466 394 1573 453 590
1598 395 1712 453 eia-
1736 407 1789 469 Α
1889 395 2022 453 Item
2051 396 2155 454 sub
2182 412 2311 455 ann.
2341 399 2467 467 156,
2492 401 2627 459 dicit
2654 403 2714 461 S.
2746 402 3103 478 Polyearpum
3136 404 3234 463 illo
3264 418 3411 463 anno

147 496 374 555 boralum
418 507 488 547 ex
540 487 646 545 line
695 488 839 544 illius
888 487 1237 545 manifestum
1276 497 1386 556 est,
1433 497 1489 544 et
1519 487 1712 559 probat
1816 494 1982 552 ivisse
2010 495 2238 550 Romam
2267 494 2370 549 sub
2419 495 2689 553 Aniceto:
2741 513 2865 554 cum
2916 508 3097 555 tamen
3144 500 3411 561 Anicetus

148 589 328 653 Baros,
360 587 413 643 in
440 582 637 641 Annal.
668 583 877 638 Eccies.
909 581 967 637 2°
998 580 1153 651 Quod
1187 580 1331 637 dicat
1372 596 1513 650 opus
1552 595 1710 637 suum
1813 597 1941 642 ante
1967 601 2170 641 annum
2205 586 2308 642 107
2341 588 2583 655 pontifex
2611 590 2961 646 renuntiatus
2989 606 3097 646 non
3127 591 3310 648 luerit.

151 680 210 737 ad
252 692 433 735 manus
479 674 792 747 Hieronymi
837 681 899 728 ut
943 685 1070 744 pote
1106 674 1217 744 jam
1245 671 1487 728 defuncti
1521 686 1712 741 perve—
1885 677 1995 735 Sed
2037 688 2091 733 ut
2135 678 2270 734 alios
2298 679 2487 735 multos
2518 698 2718 737 errores
2751 682 2848 755 (ait
2890 683 3219 756 Pennottns)
3267 685 3408 740 circa

147 774 252 831 nire
273 770 607 839 nequivisse;
647 767 768 838 quis
796 776 976 823 autem
999 766 1188 822 credat
1215 766 1285 820 ab
1311 780 1456 820 anno
1488 764 1705 819 Domini
1811 788 2067 828 αηιιοηηη
2115 782 2416 843 computum
2465 772 2550 828 illi
2589 775 2880 841 donemus;
2927 778 3033 833 sub
3081 791 3226 833 anno
3273 778 3404 842 δεμ.

146 866 240 925 390
270 879 410 937 quo,
462 870 602 919 teste
648 861 1020 933 Hieronymo,
1070 860 1215 916 liber
1262 859 1501 929 scriptus
1545 867 1663 913 erat
1691 898 1707 922 ,
1810 863 2017 935 Iginius
2051 862 2429 921 Cordubensis
2484 864 2685 921 dicitur
2738 868 3011 937 relegatus
3058 868 3112 924 in
3168 869 3402 927 insulam

147 972 296 1029 usque
334 956 400 1013 ad
442 956 548 1012 Hii
592 970 721 1026 quo,
777 954 871 1009 vel
913 953 1033 1023 ipso
1082 952 1285 1009 Dextro
1338 950 1706 1018 concedente,
1810 954 2111 1011 Galliarum
2162 955 2433 1012 Lcronem
2485 972 2654 1028 :qutc
2708 966 2889 1015 tamen
2940 969 3070 1015 ante
3111 959 3405 1019 adventum

146 1051 484 1120 Hieronymus
535 1047 587 1103 in
646 1045 902 1101 humanis
946 1058 1070 1100 esse
1113 1044 1278 1100 desiit
1325 1042 1395 1100 56
1439 1056 1706 1098 annorum
1812 1047 1873 1104 s.
1913 1047 2105 1104 Hilarii
2152 1048 2299 1105 circa
2329 1063 2534 1104 annum
2565 1048 2751 1120 gratim
2795 1048 3404 1113 “0,'inltabitabilisa

145 1139 541 1210 intercapedine.
569 1152 710 1209 Opus
752 1137 860 1193 sibi
903 1152 935 1192 a
985 1136 1365 1205 potentissimo
1397 1135 1517 1191 viro
1557 1134 1707 1191 dicas
1809 1140 2155 1211 serpentibus
2194 1140 2545 1206 reddebatur,
2576 1149 2635 1196 ut
2681 1150 2832 1198 notat
2880 1143 3148 1201 Baronius
3197 1143 3268 1200 ad
3307 1158 3407 1201 an-

145 1247 263 1303 tem,
310 1248 599 1303 numquam
648 1230 962 1301 accepisse?
994 1230 1055 1285 5°
1071 1228 1216 1301 quod
1265 1228 1320 1284 in
1366 1227 1558 1284 eadem
1586 1227 1705 1297 epi-
1809 1248 1936 1290 num
1967 1235 2096 1302 iis,
2130 1251 2282 1291 num.
2306 1236 2362 1304 5,
2383 1245 2517 1293 tom.
2543 1237 2608 1293 V.

144 1331 263 1386 mla
290 1329 517 1385 σειραιιπ
561 1335 755 1382 auclor-
802 1324 970 1393 inius,
1012 1338 1136 1381 cum
1168 1322 1303 1378 illud
1347 1336 1484 1393 Opus
1509 1321 1705 1377 Oresio
1879 1330 1961 1383 Ad
2005 1344 2208 1384 annum
2240 1329 2456 1386 Domini
2515 1329 2644 1398 596,
2693 1330 2827 1388 dicit
2875 1341 3071 1389 auctor
3118 1333 3401 1392 Paulinum

143 1422 464 1495 smnparit,
495 1421 733 1492 viguisse
756 1434 957 1475 annum
1009 1418 1212 1474 Christi
1239 1417 1350 1473 450
1393 1427 1447 1472 et
1495 1417 1550 1472 in
1597 1417 1705 1473 line
1805 1419 2077 1478 Nolanum
2112 1422 2418 1479 Barcinone
2445 1423 2614 1480 luisse
2636 1426 3016 1498 presbyterum
3045 1427 3405 1485 ordinatum:

141 1531 235 1573 suat
275 1518 509 1573 historia:
546 1515 759 1571 Dexter
785 1513 998 1582 scribit,
1029 1511 1248 1586 quando
1288 1510 1440 1568 illam
1470 1509 1703 1569 absolvit
1804 1524 2135 1569 cumtamen
2162 1523 2288 1569 ante
2320 1514 2650 1585 baptismum
2692 1518 2979 1588 Augustini
3027 1519 3085 1575 id
3134 1519 3404 1578 accidisse

142 1610 363 1667 ﬂoruisse
389 1622 590 1666 annum
618 1606 748 1665 ιω.
1450 1600 1473 1625 ³
1804 1605 2064 1663 Paulinus
2128 1607 2248 1676 ipse
2297 1606 2502 1662 scribat
2548 1607 2616 1664 ad
2647 1608 2882 1680 Alipium
2930 1610 3096 1680 epist.
3130 1612 3223 1677 35,
3255 1612 3401 1668 inter

198 1703 350 1758 Ilulto
392 1702 548 1773 plura
588 1704 643 1757 in
672 1712 965 1771 progressu
1011 1695 1257 1753 historia:
1286 1697 1539 1754 falsitatis
1567 1711 1702 1753 con—
1804 1697 2231 1768 Augustinianas
2282 1714 2299 1756 :
2353 1697 2656 1769 baptismus
2700 1715 2832 1756 vero
2875 1701 3064 1756 incidit
3108 1702 3162 1757 in
3196 1718 3402 1759 annum

140 1797 261 1853 vinci
299 1796 614 1865 existimat,
664 1809 733 1851 ex
782 1792 981 1865 quibus
1023 1791 1291 1862 ejusmodi
1331 1791 1401 1847 ad
1444 1791 1697 1849 diversos
1728 1800 1774 1862 Β
1807 1789 2370 1855 Dom.587,vel.'88,
2394 1799 2455 1846 ut
2480 1790 2740 1861 probavit
2767 1791 2884 1862 ipso
2914 1792 3332 1851 Pennottuslib.
3358 1811 3400 1859 ι,

139 1887 675 1959 Chronologimannos
702 1885 1000 1957 spectantia
1024 1883 1698 1955 selegit.Suban.Cbristi
1801 1896 1855 1938 c.
1897 1883 1955 1949 4,
2003 1897 2155 1937 num.
2209 1882 2244 1938 3
2283 1892 2340 1938 et
2391 1883 2448 1949 6,
2501 1882 2859 1954 subjungens,
2912 1885 2999 1941 vel
3039 1886 3169 1943 hinc
3219 1887 3399 1957 detegi

136 1981 363 2050 l'l,lalso
382 1981 626 2037 dicitur:
662 1979 724 2036 S.
752 1978 1038 2035 Petronilla
1062 1995 1320 2034 annorum
1346 1979 1519 2034 decem
1545 1981 1698 2050 ﬂoret
1802 1972 2092 2029 manifeste
2144 1974 2501 2045 imposturam
2556 1976 2717 2047 hujus
2771 1975 3068 2034 Cbroniei:
3120 1979 3396 2047 Quomodo

142 2073 194 2127 S.
231 2072 363 2128 Petri
403 2072 631 2145 apostoli
671 2071 786 2141 ﬁlia
827 2086 894 2126 ea:
928 2070 1285 2124 matrimonio.
1323 2068 1458 2125 Nam
1488 2069 1539 2125 id
1571 2070 1698 2139 reji-
1798 2066 1939 2121 enim
1966 2074 2071 2120 tam
2092 2067 2377 2136 praelatus
2415 2067 2693 2123 historicus
2719 2069 2857 2124 circa
2896 2085 2978 2124 res
3006 2087 3225 2125 suorum
3269 2080 3398 2126 tent-

137 2166 264 2222 ciunt
288 2167 346 2222 D.
373 2166 710 2238 Augustinus
741 2163 836 2219 lib.
867 2171 1059 2219 contra
1101 2162 1476 2218 Adimantium
1518 2177 1571 2218 c.
1602 2163 1690 2229 17,
1797 2175 2006 2232 parum,
2035 2168 2082 2215 et
2108 2176 2225 2231 quae
2273 2159 2414 2215 domi
2444 2176 2552 2216 suae
2577 2160 2655 2233 (id
2703 2169 2810 2230 cst,
2863 2163 3192 2234 Barcinone)
3242 2164 3396 2233 factm

137 2267 179 2316 et
200 2259 444 2316 Baronius
470 2257 544 2314 ad
570 2272 704 2313 ann.
742 2257 899 2312 Dom.
925 2255 1017 2321 69,
1050 2270 1200 2311 num.
1247 2256 1342 2323 55,
1371 2264 1427 2315 et
1465 2254 1690 2323 merito;
1798 2256 2030 2324 fuerant,
2060 2261 2111 2309 et
2149 2254 2288 2309 circa
2317 2271 2591 2327 personam
2641 2254 2770 2309 adeo
2816 2256 3173 2321 conspicuam,
3221 2255 3396 2327 qualis

136 2364 219 2422 qna
238 2351 371 2409 enim
393 2352 615 2407 ratione
643 2348 824 2420 puella
853 2358 983 2404 tunc
1011 2346 1273 2404 decennis
1302 2346 1561 2403 floreret?
1798 2354 1910 2400 erat
1966 2344 2250 2411 Paulinus,
2283 2347 2580 2402 occiderant
2598 2386 2613 2413 ,
2643 2357 2747 2402 tam
2785 2348 3088 2419 oscitanter,
3141 2356 3252 2405 tam
3303 2364 3402 2404 sc-

192 2443 398 2515 lnstlper
419 2443 531 2499 sub
555 2456 702 2499 anno
732 2440 950 2497 Domini
979 2440 1071 2507 57,
1100 2438 1236 2494 dicit
1286 2439 1552 2496 Iacobum
1591 2438 1694 2494 Ze-
1795 2436 1987 2510 gniter,
2018 2453 2080 2492 ac
2115 2446 2220 2493 tam
2275 2438 2495 2508 turpiter
2525 2456 2698 2495 errare
2733 2440 2978 2512 potuisset
3005 2441 3030 2495 ?

143 2533 287 2591 bsdei
326 2545 611 2593 auctorem
665 2532 912 2605 epistola:
955 2533 1234 2589 canonica:
1276 2530 1489 2603 fuisse,
1548 2530 1693 2603 quod
1867 2527 1981 2584 Sub
2017 2543 2151 2585 ann.
2201 2530 2330 2599 400,
2384 2532 2621 2587 mittitur
2669 2531 2895 2590 Orosius
2947 2534 3158 2605 legatus
3198 2534 3395 2605 Hispa-

138 2628 297 2686 lalsum
320 2632 389 2689 ab
415 2631 679 2688 omnibus
709 2639 969 2702 putatur;
1020 2638 1075 2685 et
1123 2637 1315 2684 contra
1344 2626 1692 2683 traditionem
1797 2636 1994 2678 norum
2021 2622 2324 2679 antistitum
2348 2624 2415 2679 ad
2440 2623 2685 2681 Africani
2714 2624 2995 2696 cujusdam
3028 2625 3251 2683 concilii
3289 2627 3393 2684 Pa-

139 2722 357 2782 Bcclesias
406 2726 698 2795 Romanae,
729 2740 853 2797 quas
890 2724 944 2780 in
992 2722 1131 2779 festo
1161 2722 1223 2779 S.
1253 2720 1443 2778 Jacobi
1469 2719 1694 2776 Minoris
1798 2721 1934 2781 tres,
1978 2714 2265 2787 presbyter
2294 2716 2516 2784 quidem
2540 2717 2654 2787 jam
2706 2719 3012 2786 ordinatus,
3041 2728 3103 2775 ut
3134 2719 3303 2790 liquet
3321 2734 3394 2777 ex

135 2817 273 2884 ipsam
300 2821 400 2893 legi
424 2820 611 2892 jubet.
641 2818 847 2875 Ibidem
878 2831 979 2889 pro
1002 2816 1069 2873 12
1095 2814 1361 2882 tribubus,
1394 2830 1516 2886 qua:
1538 2821 1695 2869 erant
1795 2807 1959 2877 epist.
1993 2808 2064 2864 90
2099 2809 2391 2880 Augustini
2416 2826 2431 2869 :
2460 2819 2517 2866 et
2555 2821 2734 2868 tamen
2765 2822 2928 2869 natus
2967 2813 3166 2870 dicitur
3200 2814 3256 2877 in
3284 2813 3393 2871 ltoc

134 2910 176 2963 is
219 2910 573 2982 dispersione,
605 2910 804 2983 quibus
853 2908 1087 2965 Jacobns
1138 2908 1428 2979 epistolam
1482 2904 1691 2976 dirigit,
1795 2899 2064 2958 Chronico
2090 2916 2233 2958 anno
2258 2902 2476 2985 Domini
2504 2905 2630 2975 584,
2660 2921 2727 2962 ex
2749 2923 2856 2978 quo
2879 2918 3093 2964 sextum
3120 2908 3391 2971 decimum

134 2999 227 3056 vult
259 3001 641 3073 intelligendos
693 3015 815 3057 esse
862 2998 1083 3055 .Iudaaos
1133 3008 1262 3053 tunc
1315 2997 1370 3053 in
1418 2994 1694 3065 Hispaniis
1796 3008 1994 3049 annum
2026 3009 2133 3050 non
2160 2998 2463 3053 excessisse
2491 2999 2769 3069 probatur.
2788 3000 2921 3073 Qum
2944 3018 3151 3073 rerum,
3178 3017 3389 3076 qumso,
3451 3052 3459 3059 ,

136 3104 547 3162 murmurantes;
590 3093 735 3166 quod
764 3100 1132 3149 commentum
1164 3090 1261 3164 (ait
1288 3088 1401 3157 ille)
1454 3087 1522 3143 ad
1566 3087 1691 3143 illos
1797 3084 2223 3141 convenientia?

134 3185 252 3243 solos
267 3188 598 3251 restrictum,
622 3193 708 3242 est
747 3192 936 3254 aperte
976 3192 1166 3239 contra
1207 3195 1420 3238 sacram
1448 3178 1694 3249 Scriptu-
1720 3194 1768 3259 η
1868 3175 1953 3233 Ad
1975 3192 2178 3235 annum
2198 3177 2328 3246 406,
2360 3182 2626 3239 asscritur
2652 3181 2920 3255 Leporius
2945 3186 3241 3258 episcopus
3271 3185 3398 3244 Uti-

136 3290 227 3332 ram
252 3294 301 3334 tv
322 3279 417 3336 lib.
449 3279 680 3349 Regum.
706 3277 819 3333 lloc
845 3291 1008 3347 quam
1037 3289 1225 3345 parum
1253 3281 1465 3329 mature
1486 3270 1692 3326 dictum
1799 3271 1981 3328 censis
2010 3270 2065 3328 in
2100 3273 2296 3330 Bmtiea
2337 3290 2367 3329 a
2411 3276 2811 3347 Pelagianismo
2855 3279 2922 3335 ad
2977 3280 3237 3337 Ecclesiae
3263 3295 3392 3352 gre-

136 3371 450 3438 sit,inferius
479 3372 693 3429 videbis
725 3390 739 3426 :
770 3371 1011 3435 interim,
1048 3370 1244 3436 lector,
1277 3368 1547 3440 patienter
1571 3378 1698 3421 sus-
1800 3366 1968 3422 mium
2013 3367 2273 3424 reductus
2312 3369 2382 3424 ab
2410 3371 2713 3441 Augustino
2762 3374 3023 3444 magistro
3066 3389 3166 3430 suo
3198 3392 3211 3429 :
3238 3374 3392 3442 Quod

139 3462 225 3519 line
251 3473 395 3521 notas
455 3466 654 3535 quibus
686 3463 770 3519 vir
810 3462 1101 3533 religiosus
1128 3475 1229 3517 nos
1278 3457 1466 3515 inurit.
1499 3456 1699 3513 Contra
1799 3470 2142 3533 prataque":
2168 3464 2310 3534 quod
2338 3472 2414 3519 est
2461 3466 2791 3536 ntunifestum
2844 3466 3169 3523 mendacium
3212 3468 3266 3523 in
3305 3466 3397 3523 Iti-

136 3557 455 3624 troditioncm,
480 3557 678 3628 inquit,
712 3555 985 3622 Ecclesia,
1010 3562 1066 3612 et
1093 3561 1269 3625 apgrte
1287 3562 1469 3607 contra
1495 3566 1698 3606 sacram
1800 3554 1982 3618 storia.
2006 3553 2258 3628 Leporius
2282 3559 2420 3613 enim
2441 3558 2539 3614 iste
2566 3560 2670 3630 fuit
2711 3560 2984 3631 episcopus
3039 3559 3295 3616 Uticensis
3338 3562 3397 3616 in

141 3645 464 3719 Scripturam.
507 3646 932 3704 Tolerabiliores
978 3652 1166 3699 essent
1211 3644 1258 3698 si
1305 3648 1491 3697 essent
1543 3640 1697 3707 solm,
1800 3645 2002 3718 Africa,
2033 3650 2216 3705 nonin
2245 3648 2438 3706 Baetica
2453 3668 2472 3717 ,°
2503 3662 2579 3707 est
2600 3656 2757 3708 etiam
2803 3651 3147 3707 intolerabilis
3196 3652 3399 3724 injuria

140 3738 215 3795 sed
251 3741 349 3812 jam
385 3743 548 3806 _a|ias
593 3748 755 3797 notas
783 3737 1118 3794 inﬁdelitatis
1146 3734 1447 3806 subiungit.
1481 3733 1697 3789 Etenim
1801 3738 1871 3795 ι),
1924 3741 2214 3812 Auginum
2252 3755 2297 3799 ει
2336 3746 2478 3800 sui...
2507 3746 2996 3817 famrtrwinogara,
3044 3762 3108 3800 εκ
3148 3762 3253 3816 qua
3302 3762 3396 3817 ρει-

140 3842 291 3888 contra
319 3835 607 3890 historiam
658 3831 1040 3903 Evangelieam
1067 3829 1309 3895 Joan.tl,
1359 3827 1462 3883 sub
1503 3825 1698 3882 eodem
1803 3832 1900 3887 Dei
1916 3836 2137 3906 gratiam
2158 3852 2318 3907 neque
2343 3836 2726 3900 Iucresiarcltw,
2747 3853 2910 3906 neque
2930 3836 3178 3903 lueretici,
3210 3837 3397 3892 saltem

141 3938 257 3981 anno
291 3929 600 3994 asscritur,
640 3908 861 3983 Judaos
911 3926 1003 3995 qui
1051 3932 1210 3980 erant
1260 3921 1653 3994 Hierosolymis
1678 3963 1696 3988 ,
1803 3923 1898 3979 illo
1925 3925 2141 3991 uiuente,
2170 3927 2521 3997 prodierunt:
2546 3927 2717 3995 qualis
2745 3927 2831 3980 hic
2875 3925 3130 3993 Leporins
3173 3912 3392 3981 exstitit.

139 4018 303 4079 litteris
343 4024 511 4091 datis,
559 4037 890 4079 consensum
954 4020 1273 4079 Iudaeorum
1330 4019 1701 4091 Hispanorum
1878 4012 2120 4083 Denique
2148 4029 2271 4069 cum
2302 4014 2369 4068 ad
2395 4014 2598 4069 calcem
2628 4013 2886 4071 Cbronici
2916 4015 3153 4071 dicatur
3199 4015 3397 4091 Beate;

141 4126 275 4185 super
305 4077 511 4173 Christi
560 4126 739 4172 morte
775 4116 1126 4187 qumsivisse;
1174 4128 1297 4169 nam
1346 4077 1465 4184 post
1519 4125 1704 4168 resur-
1804 4121 1949 4162 anno
1978 4106 2190 4161 Domini
2216 4106 2324 4163 MO
2350 4120 2473 4162 esse
2499 4108 2679 4161 artatis
2703 4108 2793 4174 72,
2827 4117 2883 4162 et
2906 4116 3086 4163 tamen
3117 4123 3262 4164 anno
3290 4077 3400 4166 δσδ

144 4208 405 4264 rectionem
462 4207 649 4262 Lazari
698 4213 753 4261 et
790 4206 1128 4261 coactioncm
1176 4204 1391 4259 concilii
1422 4217 1530 4273 quo
1553 4201 1705 4257 Citri-
1805 4199 1936 4254 illud
1981 4199 2094 4269 jam
2123 4198 2469 4264 absolvisset,
2529 4199 2607 4254 u:i
2660 4215 2727 4256 ex
2775 4201 3108 4272 Hieronymo
3163 4202 3259 4257 lib.
3329 4201 3403 4259 de

145 4299 199 4352 sti
238 4302 462 4369 perditio
502 4300 722 4354 decreta
767 4307 884 4363 cst,
934 4313 1041 4352 non
1086 4295 1320 4366 amplius
1372 4308 1703 4351 consensum
1809 4293 2011 4363 Script.
2061 4291 2277 4350 Eccles.
2312 4293 2372 4348 lit
2425 4292 2793 4363 manifestum,
2836 4309 3180 4365 consequens
3228 4291 3311 4352 est
3338 4307 3405 4353 ιιι

152 4387 350 4446 aliorum
381 4389 796 4459 exquisiernnt;
830 4387 925 4441 sed
953 4385 1267 4441 mandatum
1295 4385 1362 4439 ad
1414 4385 1564 4439 iilmn
1612 4398 1704 4438 ca-
1809 4384 2009 4442 librum
2041 4398 2199 4441 suum
2234 4386 2528 4455 scripserit
2554 4400 2731 4443 annos
2759 4386 2968 4444 habens
2991 4386 3273 4443 dumtaxat
3300 4387 3410 4462 20,~

150 4478 369 4543 piendum
394 4480 691 4543 dederunt,
741 4489 798 4534 ut
830 4478 998 4534 verba
1028 4478 1117 4532 illa
1149 4484 1458 4532 monstrant
1489 4494 1502 4529 :
1536 4474 1708 4530 Dede-
1811 4478 2038 4549 ejusque
2064 4478 2245 4534 anatis
2276 4479 2567 4549 prmlcctus
2592 4478 2855 4551 praetorio
2910 4479 3090 4548 fuerit,
3120 4478 3267 4551 quod
3314 4480 3403 4537 in-

149 4578 246 4622 ruat
295 4581 462 4626 autem
502 4569 778 4639 pontiﬁces
806 4577 854 4622 et
885 4566 1145 4621 Pharistei
1175 4566 1500 4634 mandatum,
1556 4574 1613 4619 ut
1660 4567 1707 4620 si
1735 4586 1787 4649 Ι)
1811 4570 2077 4629 credibile
2106 4586 2331 4641 prorsus
2357 4572 2593 4629 videtur.
3112 4578 3121 4586 ’

149 4661 241 4729 quis
262 4664 549 4737 cognosci-it
577 4661 662 4716 ubi
689 4663 779 4729 sit,
805 4660 1016 4725 indicet,
1047 4668 1105 4713 ut
1129 4657 1524 4728 apprehendant
1564 4672 1703 4715 eum.
1887 4663 2165 4720 Hactenus
2186 4664 2240 4720 in
2269 4665 2517 4722 codicem
2538 4665 2722 4724 Dextri
2751 4667 3046 4724 insurresit
3072 4667 3408 4735 Pennoltus;
3518 4664 3523 4667 ’

151 4753 203 4807 Et
232 4759 520 4826 oppositum
566 4755 921 4811 vanissimam
947 4763 1113 4809 vocat
1138 4763 1531 4808 commentum.
1816 4758 1991 4829 pergit
2015 4756 2280 4829 deinceps
2309 4758 2364 4815 in
2393 4759 2511 4828 ejus
2539 4759 2972 4815 continuatorem
3000 4760 3074 4818 M.
3118 4758 3409 4817 Maximum

208 4847 393 4907 Rursus
417 4850 519 4907 sub
547 4863 696 4903 anno
723 4847 813 4913 58,
845 4846 980 4902 falso
1007 4846 1211 4901 dicitur
1243 4859 1310 4901 eo
1335 4858 1480 4901 anno
1510 4844 1709 4899 Saulus

1868 4850 1987 4905 nulla
2029 4849 2134 4906 alia
2163 4851 2513 4921 conquirere,
2536 4852 2692 4920 cujus
2718 4867 2856 4922 opus
2885 4851 3195 4921 corruptius
3233 4851 3411 4907 adbuc

153 4953 254 5011 post
276 4944 685 5001 conversionem
718 4940 1035 5020 pervenisse
1053 4938 1452 5010 Jerosolymam
1480 4954 1493 4990 :
1520 4943 1707 5006 utpote
1819 4942 2006 4998 multis
2029 4942 2205 4999 modis
2232 4943 2469 4999 existere
2489 4942 2798 4999 contendit.
2831 4943 3016 4998 Primo
3041 4959 3279 5014 namque
3307 4946 3415 5004 sub

153 5036 279 5105 cuius
313 5039 616 5109 oppositum
648 5033 853 5093 scribat
881 5034 997 5103 ipse
1055 5032 1256 5087 Paulus
1306 5029 1375 5085 ad
1430 5029 1607 5087 (ἴδιαι.
1650 5044 1708 5083 ιε
1820 5052 1965 5093 anno
2006 5037 2135 5102 439.,
2180 5037 2449 5094 lsidorum
2511 5048 2791 5092 auctorem
2839 5037 2964 5092 libri
3006 5037 3413 5109 Ailcgoriarum

156 5126 376 5187 Continuo
396 5132 545 5202 (post
562 5124 1004 5195 conversionem)
1035 5141 1138 5180 non
1165 5123 1282 5179 veni
1323 5122 1712 5193 Jerosolymam
1820 5137 1987 5185 vocat
2015 5129 2323 5191 seniorem;
2355 5127 2679 5184 discordans
2705 5142 2734 5182 θ
2770 5128 2987 5194 Dextro,
3022 5128 3111 5198 qui
3162 5144 3287 5184 cum
3319 5141 3417 5183 vo.

154 5222 213 5274 sd
250 5233 576 5280 antecessores
604 5236 746 5276 meos
767 5218 1051 5292 apostolos,
1083 5215 1173 5272 sed
1202 5216 1308 5271 abii
1355 5216 1412 5271 in
1440 5213 1710 5282 Αταιὶαπι.
1824 5220 1969 5276 cavit
2010 5218 2306 5288 Juniorem,
2356 5219 2422 5274 ad
2462 5233 2662 5273 annum
2693 5217 2824 5285 450,
2864 5227 3070 5274 etcum
3122 5218 3214 5275 ille
3263 5218 3419 5276 dedi-

157 5324 376 5381 eriterunt
402 5343 639 5383 mersus
663 5339 777 5380 sum
804 5319 1164 5377 Damascum:
1192 5319 1382 5374 deinde
1406 5326 1523 5387 post
1551 5332 1719 5373 atinas
1824 5327 1983 5369 casse
2033 5321 2243 5368 asserat
2295 5312 2694 5382 Allcgoriarum
2753 5311 2953 5367 librum
3012 5311 3181 5367 Paulo
3220 5312 3419 5368 Orosio

159 5419 242 5469 tm
270 5421 373 5475 veni
396 5416 785 5490 Jerosolyrnam
811 5428 831 5472 :
860 5411 1008 5486 quod
1041 5427 1149 5469 non
1172 5409 1405 5484 contigit
1434 5425 1605 5483 usque
1649 5409 1718 5467 ad
1824 5406 2246 5473 Tarraconensi,
2272 5406 2361 5461 hic
2390 5403 2557 5460 Paulo
2586 5403 2783 5461 Oresio
2809 5403 3133 5478 Legionensi
3158 5405 3423 5476 episcopo

159 5515 232 5561 an.
263 5507 404 5566 Dom.
437 5510 529 5567 41.
1828 5506 2198 5568 nuncupatum
2253 5494 2557 5553 contendit.

215 5597 314 5655 Sub
329 5617 525 5659 annum
544 5603 759 5659 Domini
776 5601 867 5667 86,
882 5600 1257 5674 pontiﬁcatum
1281 5599 1402 5657 Lini
1445 5599 1727 5669 hucusque

1903 5592 2111 5648 Rursus
2138 5590 2241 5647 sub
2270 5604 2416 5646 anno
2440 5589 2569 5659 459,
2612 5590 2767 5662 ponit
2814 5591 3022 5648 obitum
3068 5588 3280 5661 Degtri,
3326 5586 3416 5658 qui

164 5691 417 5763 Producit;
446 5697 586 5770 quod
633 5698 712 5752 ita
758 5696 954 5767 falsum
996 5704 1095 5766 est,
1125 5695 1220 5765 ait,
1254 5702 1310 5751 ut
1355 5709 1484 5759 opus
1528 5708 1631 5748 non
1657 5693 1727 5748 sit
1831 5694 2013 5742 tamen
2043 5682 2296 5755 superius
2339 5684 2409 5741 de
2436 5698 2498 5740 se
2524 5683 2666 5740 dixit
2709 5685 2958 5745 ultimam
2987 5681 3139 5755 operi
3170 5693 3272 5739 suo
3317 5678 3425 5735 im-

167 5778 293 5839 iltias
328 5789 602 5861 falsitatem
632 5789 872 5863 probare.
1834 5779 2085 5853 posuisse
2113 5793 2333 5837 manum
2363 5793 2509 5839 anno
2537 5779 2672 5842 Mi).
3154 5797 3158 5801 ‘
