3908 6276
1385 279 1679 338 FLAVIUS
1716 278 1964 337 LUCIUS
2004 279 2287 337 DEXTER
2325 279 2855 341 CllRONOLOGUS.
3670 290 3772 349 000

446 486 650 564 inhio,
683 493 1002 548 centenario
1028 490 1312 560 majorem,
1361 488 1449 559 qui
1484 499 1663 543 tamen
1688 487 1758 542 88
1794 486 2084 541 dumtaxat

464 562 825 653 laleverat,
860 592 1045 652 utpote
1074 592 1252 651 natus,
1283 591 1425 638 teste
1454 582 1675 644 Dextro,
1709 595 1777 634 an
1810 578 1938 634 584.

602 679 633 733 d
665 692 872 733 annum
904 676 1119 731 Domini
1162 674 1292 742 474,
1340 681 1560 730 sanctos
1614 681 1888 743 martyres
1944 669 2085 726 Afri-

588 786 649 826 os
678 770 989 826 Liberatum
1018 781 1073 824 et
1103 770 1284 823 socios
1325 769 1427 823 sub
1473 766 1803 821 Himmerico
1844 762 2082 819 Wanda-

542 880 657 920 rum
682 880 807 935 rege
822 878 1014 933 passos
1045 872 1321 931 nuncupat
1343 861 1624 914 monachos
1644 857 2078 929 Augustinianos,

482 951 605 1029 qua:
634 971 741 1011 vox
775 956 945 1010 multo
993 955 1275 1010 recentior
1313 959 1397 1008 est
1425 951 1496 1006 Μ.
1528 951 1784 1018 Maximo,
1842 958 1897 1005 et
1937 963 1967 1002 a
1997 962 2085 1004 re-

481 1048 843 1115 centioribus,
875 1045 963 1102 vel
997 1044 1551 1117 Magdeburgensibus
1580 1042 1807 1097 forsitan
1835 1039 2044 1096 addita.

554 1142 670 1197 Sub
725 1155 869 1195 anno
922 1139 1049 1205 486,
1083 1138 1142 1194 S.
1174 1136 1494 1207 Fulgentius
1532 1134 1837 1205 anpensis
1886 1132 2084 1187 dicitur

485 1234 784 1289 Toletanus
817 1233 1050 1302 origine,
1083 1245 1206 1285 cum
1254 1240 1431 1284 tamen
1473 1227 1762 1283 Africanus
1811 1224 1997 1289 fuerit,
2029 1232 2085 1279 et

2186 490 2501 559 minernnt;
2530 493 2625 548 sed
2649 502 2704 548 et
2732 496 3123 551 monasterium
3148 497 3492 553 Servitauum
3525 498 3696 557 fuisse
3712 517 3774 558 ex

2189 582 2383 639 ordine
2412 583 2473 639 S.
2503 584 2784 642 Benedicti
2816 586 2934 658 ipse
2957 595 3151 644 auctor
3193 586 3392 646 fatetur
3442 588 3676 648 inferius
3711 593 3775 649 ad

2190 688 2393 730 annum
2422 675 2636 732 Domini
2667 677 2795 733 590.

2259 765 2375 822 Sub
2422 783 2569 825 anno
2596 770 2720 837 590,
2751 771 3019 827 asseritttr
3047 772 3120 828 Μ.
3154 772 3424 830 Maximus
3470 790 3544 831 ex
3590 776 3781 833 abbate

2188 859 2666 917 Denedictinornm
2716 864 2890 919 factus
2934 852 3457 936 Caesaraugustanus
3509 869 3780 925 archidia-

2189 967 2383 1022 conus,
2416 953 2561 1024 quod
2594 964 2796 1025 prmter
2827 971 3035 1011 morem
3065 958 3211 1013 illius
3243 960 3513 1030 temporis
3538 970 3646 1015 est.

2258 1043 2421 1099 Anno
2451 1046 2686 1115 denique
2729 1046 2857 1112 608,
2908 1046 3282 1106 Macltumetus
3325 1066 3423 1118 per
3473 1051 3782 1121 Hispaniam

2186 1146 2466 1207 grassatus
2506 1139 2747 1204 dicitur;
2779 1140 2924 1210 quod
2968 1149 3150 1195 tamen
3177 1140 3499 1198 luculentum
3550 1152 3626 1198 est
3653 1161 3789 1200 men-

2188 1228 2398 1282 dacium
2423 1230 2520 1301 (ait
2553 1229 2897 1301 Pennottus),
2931 1245 3055 1286 nam
3088 1232 3460 1289 Machumetns
3489 1251 3785 1307 numquam

203 620 329 710 ,ι-’έ
350 613 405 681 ‘5-
511 650 539 666 ·

36 706 121 784 ἦ
134 751 165 796 ρ
242 782 251 789 ἴ
312 776 317 782 1
347 714 395 776 3:
429 603 593 858 ἓ

0 726 117 858 ἃ
418 840 447 858 Il
588 788 597 824 ⁴

166 1068 418 1148 υ

486 1337 649 1383 natus
693 1327 954 1396 Telephe,
1004 1322 1334 1390 nonToleti,
1387 1337 1456 1377 ex
1504 1319 1829 1391 parentibus
1874 1316 2085 1374 ordinis

487 1420 759 1476 Senatorii
789 1416 1331 1488 Carthaginensibus,
1390 1430 1501 1469 non
1544 1412 1847 1478 Toletanis,
1902 1420 1962 1465 ut
2015 1424 2083 1465 ex

481 1517 602 1587 ejus
630 1518 800 1587 gestis
826 1522 1068 1570 constat.

551 1613 711 1665 Anno
756 1607 966 1662 Domini
1026 1605 1152 1672 5H,
1213 1604 1273 1660 S.
1341 1600 1659 1658 Vincentius
1725 1596 2082 1667 Legionensis

480 1713 692 1773 martyr
740 1704 1005 1756 asseritut‘
1047 1698 1292 1754 ordinem
1355 1696 1413 1752 Β.
1467 1693 1747 1750 Benedicti
1805 1690 2082 1762 prolessus

2190 1319 2504 1388 llispaniam
2529 1320 2685 1386 vidit,
2712 1330 2774 1376 ut
2803 1322 2927 1391 plus
2955 1330 3142 1377 notum
3165 1332 3272 1389 est,
3303 1339 3468 1395 quam
3496 1327 3644 1396 quod
3671 1343 3789 1397 pro-

2190 1411 2410 1469 batione
2441 1414 2713 1484 indigeat;
2744 1429 2846 1470 nec
2872 1415 2994 1485 ejus
3019 1417 3242 1473 asseclac
3274 1416 3330 1473 in
3358 1434 3483 1473 eam
3514 1421 3788 1478 irruerunt

2192 1518 2366 1574 usque
2411 1506 2477 1560 ad
2508 1521 2713 1562 annum
2744 1506 2963 1564 Domini
2992 1509 3119 1574 715,
3153 1518 3211 1564 ιιι
3238 1525 3307 1565 ex
3348 1510 3628 1568 Tuditano
3673 1527 3792 1583 pro-

2189 1599 2283 1655 Dat
2337 1600 2601 1656 Baronins
2631 1612 2763 1657 tom.
2808 1618 2881 1671 ιι,
2924 1611 3030 1658 etc.
3079 1603 3258 1675 Atque
3309 1605 3428 1663 hate
3468 1606 3696 1678 quidem
3739 1608 3790 1664 ia

2191 1690 2261 1747 M.
2293 1691 2585 1748 Maximum
2628 1694 2786 1749 dixit.

478 1794 641 1864 paulo
668 1802 957 1861 antequam
981 1788 1300 1861 martyrium
1326 1782 1791 1842 suStincret.Cum
1809 1792 1990 1838 tamen
2022 1782 2081 1838 S.
2115 1786 2164 1847 B
2261 1783 2392 1840 Post
2421 1785 2492 1840 Μ.
2539 1785 2834 1841 Maximum
2864 1785 3058 1849 habuit
3081 1788 3246 1843 etiam
3277 1789 3481 1846 Dexter
3509 1791 3793 1846 continua-

480 1882 810 1937 Bcnedictns
842 1896 1011 1951 usque
1038 1880 1103 1934 ad
1123 1895 1323 1933 annum
1346 1878 1474 1944 5‘25,
1495 1875 1791 1931 monachos
1813 1889 1921 1928 non
1945 1888 2081 1927 con-

478 1976 811 2044 grevaverit,
842 1974 975 2028 etin
1008 1972 1294 2041 llispanias
1327 1968 1581 2025 monachi
1620 1968 1795 2037 ipsius
1834 1982 1942 2021 non
1970 1975 2079 2020 tra-

476 2066 716 2137 jecerint
766 2080 941 2135 usque
969 2064 1034 2119 ad
1068 2065 1192 2118 (illi:
1226 2063 1288 2117 Et
1319 2076 1426 2117 vox
1459 2060 1552 2115 illa
1580 2078 1593 2115 :
1629 2058 1711 2113 Ea:
1741 2058 1924 2113 ordine
1968 2066 2083 2128 post

482 2158 548 2213 S.
596 2157 886 2221 Benedicti,
918 2172 1024 2211 non
1058 2165 1175 2211 erat
1218 2164 1345 2209 tunc
1370 2153 1424 2208 in
1457 2168 1578 2208 nsn.

549 2250 738 2307 Simile
760 2264 842 2306 est
870 2251 1014 2321 quod
1045 2266 1175 2304 ann.
1208 2249 1305 2304 551
1335 2250 1401 2304 de
1423 2248 1480 2303 S.
1506 2245 1731 2302 Turibio
1748 2245 1947 2301 dicitur
1974 2244 2084 2301 Ro-

480 2362 585 2402 ma:
607 2366 634 2400 a
655 2346 714 2402 S.
736 2346 1030 2401 Benedicto
1057 2345 1302 2399 habitum
1319 2342 1628 2413 suscepisse
1649 2359 1662 2396 :
1683 2356 1804 2395 nam
1830 2341 1893 2394 D.
1912 2340 2085 2395 Bene-

483 2437 659 2493 dictus
684 2454 975 2506 numquam
1000 2437 1189 2492 Romae
1222 2444 1345 2506 post
1366 2436 1748 2489 monachatum
1780 2431 2076 2499 habitavit,

481 2546 659 2602 neque
689 2533 808 2601 ejus
847 2531 1097 2586 monachi
1143 2538 1269 2585 ante
1296 2530 1400 2585 567
1440 2527 1670 2582 Romam
1709 2525 2076 2581 incoluerunt.

555 2625 670 2681 Sub
712 2641 857 2679 anno
889 2624 1015 2691 554,
1045 2622 1219 2693 inquit
1252 2631 1443 2677 auctor
1472 2629 1745 2676 mortuum
1773 2632 1895 2675 esse
1931 2618 2074 2674 Gen-

476 2719 695 2775 nadium
739 2718 1158 2782 Massiliensem,
1225 2715 1316 2786 qui
1361 2725 1542 2770 tamen
1600 2722 1726 2769 ante
1788 2711 1861 2768 40
1906 2727 2080 2767 annos

480 2812 720 2877 obierat,
768 2820 958 2881 utpote
981 2810 1074 2880 qui
1100 2809 1267 2865 libros
1306 2822 1435 2863 suos
1464 2807 1684 2864 Gelasio
1715 2807 1876 2876 Papa:
1908 2805 2080 2860 corri-

477 2902 688 2971 gendos
740 2902 963 2965 obtulit,
1013 2910 1068 2955 et
1114 2910 1432 2956 sanctorum
1474 2897 1751 2970 Prosperi,
1803 2896 1991 2953 llilarii
2022 2905 2078 2953 et

477 2991 722 3050 Cassiani
748 3003 1057 3048 comtanens
1084 2992 1204 3047 fuit.
1274 3052 1279 3057 η

2190 1889 2362 1934 torem
2403 1880 2808 1951 Euthrandum,
2850 1895 2948 1936 seu
2974 1881 3383 1953 Lnidprandum
3410 1883 3789 1949 Ticinensem,

2190 1973 2345 2041 cujus
2392 1972 2785 2028 dedicatoriattt
2813 1974 3100 2044 epistolam
3145 1974 3213 2029 at]
3256 1975 3667 2045 Regimundttm
3708 1975 3792 2031 llic

2189 2066 2531 2120 hcrritanum
2571 2065 2872 2120 antistitem
2901 2065 3143 2122 Joannes
3166 2064 3437 2123 Celderon
3470 2067 3678 2123 excudi
3702 2083 3791 2122 cu-

2190 2158 2363 2224 ravit;
2390 2159 2442 2213 in
2467 2174 2586 2214 eam
2620 2158 2978 2214 nihilominus
3005 2159 3509 2228 Pennottusjacula
3540 2160 3788 2231 quaedam

2189 2252 2489 2317 contorsit;
2522 2266 2624 2306 nec
2650 2253 2795 2305 enim
2818 2249 3199 2322 Antipodosim
3230 2267 3384 2307 suam
3413 2253 3648 2324 scripsit
3675 2254 3789 2309 dia-

2187 2358 2358 2399 conus
2383 2343 2564 2398 adhuc
2590 2343 2920 2407 Ticincnsis,
2944 2343 3043 2399 sed
3072 2346 3361 2413 episcOpus
3401 2344 3517 2414 jam
3572 2345 3792 2401 Cremo-

2187 2432 2374 2488 nensis
2401 2432 2680 2488 existens:
2708 2448 2808 2489 nec
2833 2434 2983 2489 circa
3024 2449 3227 2489 annum
3256 2434 3460 2489 Christi
3510 2432 3652 2501 860,
3698 2434 3790 2492 sed

2187 2524 2315 2591 96:2,
2351 2539 2411 2580 ut
2440 2540 2503 2581 ex
2531 2525 2848 2595 prmfatione
2874 2525 2972 2581 lib.
3018 2540 3075 2580 ιιι
3104 2533 3340 2591 constat,
3373 2535 3429 2581 et
3457 2526 3666 2596 probat
3694 2527 3789 2582 Ba-

2184 2618 2377 2674 ronius
2402 2619 2471 2673 ad
2517 2634 2718 2674 annum
2744 2619 2873 2685 963,
2906 2634 3008 2675 nec
3035 2635 3159 2676 eutn
3186 2619 3466 2675 exsularet
3489 2620 3642 2691 apud
3669 2621 3788 2676 Ful.

2185 2711 2332 2778 dam,
2357 2711 2451 2766 scd
2483 2726 2605 2766 cum
2631 2711 2901 2782 legatione
2926 2710 3528 2783 Constantinopolitana
3560 2713 3784 2771 rediret.

2185 2805 2342 2874 Quod
2380 2806 2426 2862 si
2480 2805 2541 2862 S.
2578 2807 2759 2861 Boniti
2809 2806 3059 2862 Toletani
3105 2806 3519 2877 archiprmsulis
3570 2807 3785 2864 subdia-

2184 2912 2355 2952 conus
2387 2897 2505 2967 fnit,
2537 2898 2739 2954 vixisse
2766 2900 3005 2968 oportuit
3035 2914 3127 2956 an.
3160 2900 3313 2956 Dom.
3364 2901 3491 2968 860,
3549 2916 3665 2972 quo
3688 2901 3784 2957 llo-

2186 2989 2344 3044 rebat
2377 2986 2627 3052 Bonitus',
2683 2997 2822 3046 teste
2858 2990 3095 3057 Murillo,
3139 3001 3195 3045 et
3241 3006 3409 3061 quare
3436 2992 3783 3049 continuatio

557 3088 717 3141 Attno
765 3084 891 3152 562.,
924 3102 1208 3155 perperam
1242 3085 1503 3143 asseritur
1547 3082 1940 3155 Athanagildus
1977 3098 2074 3139 rex
2182 3080 2486 3136 Enthrandi
2511 3081 2674 3136 simul
2701 3095 2824 3136 cum
2858 3081 3059 3137 Dextro
3087 3092 3142 3137 et
3172 3081 3409 3154 Maximo
3435 3096 3647 3139 excusa
3676 3098 3778 3139 non

479 3179 691 3234 vocatis
735 3180 806 3233 ab
848 3179 998 3233 italia
1038 3179 1319 3233 monachis
1346 3179 1523 3235 Toleti
1575 3178 1863 3249 Agalieuse
1891 3167 2150 3237 coeno-(1
2181 3172 2304 3240 fuit,
2338 3173 2432 3228 sed
2475 3172 2626 3227 velut
2668 3174 2855 3241 Spuria
2899 3172 3140 3240 reiecta?
3186 3174 3245 3229 Si
3288 3190 3420 3229 vero
3446 3176 3644 3246 Spuri:
3674 3183 3773 3241 est,

479 3270 631 3325 bium
661 3268 959 3324 :cdilicasse
984 3314 998 3337 ,
1044 3285 1164 3323 cum
1197 3270 1358 3326 fuerit
1396 3270 1687 3324 haereticus
1717 3268 1956 3323 Arianus
1982 3268 2070 3323 vel
2177 3265 2357 3334 ipsum
2413 3280 2627 3336 quoque
2685 3265 2877 3323 Dextri
2929 3265 3263 3333 Cbronieon,
3323 3274 3382 3321 et
3424 3268 3776 3324 continuatio

478 3379 743 3434 paganus,
779 3374 837 3417 ut
868 3362 1128 3418 Duronius
1162 3365 1369 3418 notavit
1395 3380 1458 3418 ex
1483 3362 1778 3429 Tuditano,
1807 3371 1938 3416 tom.
1972 3377 2066 3428 vn,

476 3473 575 3536 an.
604 3456 731 3517 567,
762 3472 909 3510 num.
945 3457 1031 3511 l7.
1062 3456 1264 3512 Ibidem
1292 3458 1364 3512 ab
1390 3457 1581 3513 eodem
1630 3472 1758 3525 rege
1789 3466 2063 3512 monaste-

476 3551 616 3605 rium
648 3551 821 3617 Syslze
841 3550 1036 3606 dicitur
1054 3551 1403 3617 aediﬁcatum,
1427 3550 1570 3620 quod
1591 3551 1842 3607 eamdem
1867 3551 2069 3621 patitur

479 3644 878 3708 difﬁcultatem,
909 3654 965 3699 et
992 3646 1135 3715 quod
1183 3646 1243 3699 ι).
1286 3644 1587 3715 Augustino
1614 3644 1938 3700 mdilicatum
1970 3645 2064 3713 sit,

473 3751 599 3791 cum
628 3735 872 3791 Julianus
901 3736 959 3791 S.
1012 3737 1195 3791 Maria:
1240 3745 1601 3807 nuncupatum
1651 3735 1879 3806 scribat,
1922 3736 2062 3793 etin

470 3829 590 3883 aliis
624 3826 916 3883 Codicibus
942 3839 1186 3884 erectum
1215 3828 1423 3884 dicatur
1451 3843 1539 3883 an.
1572 3827 1700 3884 424.

543 3920 657 3975 Sub
685 3934 775 3973 an.
829 3919 959 3987 £68,
994 3935 1219 3990 prorsus
1250 3920 1441 3975 falsum
1468 3927 1553 3975 est
1582 3918 1680 3992 (ait
1735 3919 2058 3991 Pennottus)

466 4011 611 4082 quod
637 4015 902 4067 asseritur
934 4012 1236 4068 Ecclesiam
1262 4012 1321 4069 S.
1350 4011 1533 4068 Maria:
1554 4012 1624 4069 de
1650 4011 1917 4069 Columna
1944 4014 2057 4068 Cm-

463 4111 800 4171 saraugustte
845 4117 875 4157 a
925 4103 1205 4158 monachis
1257 4105 1317 4161 S.
1351 4103 1627 4159 Benedicti
1678 4103 2056 4172 inhabitatum,

463 4196 607 4268 quod
651 4206 829 4252 tamen
861 4197 1167 4252 institutum
1200 4196 1523 4253 clericorum
1546 4200 1935 4254 ‘canonicorum
1967 4212 2056 4254 re-

460 4288 726 4357 gulariter
771 4288 1064 4343 viventium
1091 4303 1120 4341 a
1150 4288 1506 4343 sanctissimis
1535 4291 1799 4360 aposmlis
1842 4290 2056 4359 planta-

457 4389 595 4446 tum,
654 4382 705 4435 in
739 4381 884 4436 hunc
914 4396 1083 4451 usque
1112 4381 1256 4436 diem
1286 4380 1435 4452 (Deo
1465 4381 1806 4453 protegente)
1862 4396 2051 4451 perse-

457 4478 657 4526 verat:
686 4486 788 4525 ttec
833 4469 1192 4525 omittendum
1238 4471 1380 4542 quod
1416 4471 1664 4527 subditur
1710 4490 1724 4526 :
1779 4470 2052 4544 Propcque
2151 4484 2319 4524 acrem
2354 4469 2487 4523 solui
2514 4485 2617 4523 non
2644 4478 2845 4539 posset;
2873 4484 2965 4523 nec
2994 4468 3123 4522 tanti
3148 4468 3396 4541 ponderis
3426 4479 3487 4525 ut
3512 4472 3587 4526 ad
3611 4472 3760 4527 illum

455 4572 568 4618 erat
596 4563 963 4617 monasterium
992 4564 1363 4618 monachorum
1391 4564 1846 4620 Benedictinorum
1873 4606 1891 4633 ,
1932 4575 2045 4622 tum
2078 4544 2128 4606 Ῑ)
2154 4563 2491 4634 refutandum
2543 4578 2755 4616 manum
2803 4562 3005 4616 calamo
3061 4561 3335 4617 admovere
3391 4561 3698 4620 deberemus
3740 4580 3760 4619 :

452 4657 599 4729 quod
650 4657 879 4713 lormnla
940 4657 1029 4711 illa
1080 4658 1334 4728 loquendi
1383 4657 1845 4714 Benedictinorum
1907 4675 2044 4716 nova
2154 4655 2598 4726 quandoquidem
2636 4655 2848 4711 etiamsi
2891 4654 2964 4710 ita
3008 4670 3069 4711 se
3113 4654 3385 4711 haberent
3426 4658 3612 4713 omnia
3640 4699 3657 4724 ,
3701 4668 3759 4713 ut

450 4749 543 4816 sit,
577 4759 686 4803 tum
717 4751 881 4805 etiam
911 4749 1037 4819 quia
1063 4749 1159 4804 illo
1187 4750 1358 4804 verbo
1408 4749 1562 4817 Erat,
1619 4750 1866 4806 inuuitnr
1917 4760 2045 4807 tunc
2151 4747 2268 4819 ipse
2306 4749 2359 4803 in
2403 4747 2684 4812 Dextrum,
2723 4748 3037 4815 Maximum,
3065 4756 3123 4803 et
3163 4748 3546 4805 Euthrandum
3588 4750 3759 4820 iactat

450 4842 714 4909 temporis
760 4842 999 4897 dirutum
1052 4842 1161 4910 jam
1216 4842 1383 4901 fuisse
1438 4843 1568 4899 illud
1627 4845 2040 4914 monasterium,
2152 4840 2319 4913 (quod
2350 4850 2528 4896 tamen
2556 4841 2732 4897 modis
2756 4841 3011 4916 omnibus
3039 4840 3322 4913 negamus)
3343 4855 3412 4896 eo
3434 4841 3619 4898 solum
3644 4843 3755 4899 ictu

447 4931 593 5001 quod
624 4943 802 4987 tamen
832 4941 917 4988 est
944 4933 1293 4997 incredibile,
1324 4950 1445 4991 cum
1494 4935 1585 4990 vix
1614 4943 1741 4992 tunc
1771 4936 2042 5007 pullulare
2150 4933 2333 4989 omnia
2366 4942 2606 5000 ruerent,
2641 4935 2684 4988 si
2710 4933 2953 4988 dicamus
2983 4942 3136 4989 tanto
3166 4935 3458 4989 verborum
3490 4936 3749 5005 strepitu,

443 5024 1109 5094 inciperent’monasteria
1155 5028 1212 5083 S.
1246 5027 1551 5083 Benedicti.
2150 5033 2229 5080 tot
2268 5037 2627 5081 scommatum
2668 5025 2949 5081 ornatibus
2977 5034 3216 5082 tumente
3240 5033 3298 5081 et
3316 5035 3594 5098 turgente,
3614 5027 3752 5083 nihil

2174 3354 2415 3419 Maximi,
2462 3371 2583 3426 qum
2608 3356 2677 3410 ab
2703 3355 2934 3426 epistola
2960 3355 3262 3412 Euthrandi
3286 3354 3449 3413 tidem
3469 3357 3773 3431 accipiunt,

2173 3449 2362 3519 spuria
2392 3449 2577 3505 itidem
2624 3459 2803 3505 erunt.

2175 3561 2203 3634 §
2227 3563 2315 3619 ΙΙΙ.
2340 3563 2688 3634 Triparlitant
2710 3561 2956 3634 Pennotti
2973 3561 3163 3616 eisdem
3185 3561 3376 3618 irretiri
3396 3562 3580 3629 nodis,
3595 3563 3776 3632 quibus

2277 3635 2627 3689 omnimodo»:
2654 3632 2838 3688 Dextri
2869 3632 3151 3688 Historiam
3182 3635 3376 3688 uincire
3405 3644 3660 3689 certatur.

2240 3726 2374 3781 Cum
2398 3726 2674 3797 hucusque
2699 3739 3018 3799 progressus
3041 3724 3301 3795 subsisto,
3326 3724 3384 3780 in
3408 3738 3656 3782 tuentem
3679 3741 3772 3783 ve-

2166 3816 2247 3873 nit
2261 3818 2386 3888 jure
2408 3833 2494 3874 me
2514 3817 2568 3872 in
2596 3818 2852 3887 ipsum,si
2873 3816 3104 3885 luberet,
3130 3832 3191 3871 ea
3213 3826 3587 3887 contorquere
3611 3819 3771 3873 verba

2165 3926 2350 3983 posse,
2380 3927 2501 3982 quae
2530 3911 2624 3967 lib.
2656 3926 2694 3965 ιι
2725 3908 3038 3980 Tripartitae
3061 3924 3175 3964 sua:
3204 3924 3255 3965 c.
3288 3909 3379 3976 i8,
3405 3925 3567 3965 num.
3591 3911 3649 3976 3,
3677 3909 3770 3965 ad-

2161 4019 2376 4061 versmn
2406 4004 2624 4060 doctum
2656 4013 2713 4062 et
2743 4004 3089 4074 reliogiosnm
3117 4004 3289 4060 virum
3312 4005 3376 4059 ιι.
3404 4003 3464 4059 Ρ.
3493 4002 3769 4062 Constan-

2162 4096 2333 4152 tinum
2355 4095 2675 4166 Cajetanum
2700 4097 2942 4152 animose
2962 4096 3098 4151 satis
3119 4096 3396 4166 intorquet
3417 4112 3434 4150 :
3460 4094 3573 4150 Hic
3594 4107 3763 4151 tamen

2160 4186 2618 4244 Constantinianas
2657 4198 2939 4260 apparatus
2963 4205 3041 4250 ,αθ
3070 4197 3244 4243 tantus
3275 4189 3553 4246 verborum
3578 4194 3768 4263 strepi-

2158 4291 2260 4349 tus,
2295 4288 2369 4337 tot
2397 4290 2734 4337 scommatum
2770 4282 3036 4336 ornatibus
3065 4288 3266 4335 tumens
3295 4298 3359 4336 ac
3390 4291 3630 4355 turgens,
3661 4302 3762 4340 non

2154 4375 2284 4430 adeo
2322 4374 2524 4431 solidus
2560 4383 2657 4443 est,
2700 4383 2756 4430 ut
2798 4376 2876 4430 vel
2904 4391 3007 4429 uno
3033 4375 3141 4430 ictu
3170 4384 3308 4430 totus
3335 4376 3605 4450 disrumpi
3632 4391 3683 4434 et
3708 4380 3759 4433 in

515 5117 677 5170 Anno
716 5116 840 5170 575i.
874 5115 933 5171 S.
987 5117 1226 5173 Donatus
1269 5119 1516 5189 regulam
1576 5118 1945 5175 Eremitarum
1974 5118 2032 5176 S.

442 5206 730 5275 Augustini
787 5208 1198 5276 locupletiorem
1267 5212 1652 5281 mitioremque
1704 5212 1911 5281 primus
1968 5229 2033 5268 cx

440 5298 625 5353 Africa
653 5300 707 5352 in
739 5299 1022 5366 tliSpanias
1051 5302 1323 5358 invexisse
1354 5303 1574 5373 dicitur,
1605 5312 1662 5359 et
1686 5303 2031 5362 Servitanum

436 5387 834 5443 monasterium
857 5394 1247 5450 construxisse.
1271 5394 1535 5449 Slolidum
1550 5413 1675 5451 sane
1689 5409 2031 5453 commentum

431 5479 539 5550 (ait
564 5476 819 5546 censor):
854 5478 1137 5547 Augustini
1188 5484 1457 5556 siquidem
1507 5488 1693 5558 tegula
1723 5488 1908 5544 mitior
1947 5499 2031 5546 est

432 5572 711 5639 omnibus,
740 5569 1055 5641 indtgetque
1079 5577 1444 5645 restrictione,
1470 5596 1576 5636 non
1601 5581 1939 5653 mitigationc
1960 5584 2025 5641 (Ξ.

433 5664 584 5729 Quod
606 5663 703 5720 Dei
730 5664 965 5720 timerent
993 5665 1056 5718 de
1079 5677 1215 5723 statu
1242 5672 1633 5728 attonat/tarum.
1665 5675 1734 5730 Et
1763 5676 1826 5731 D.
1878 5674 2021 5734 lide-

422 5752 617 5815 fonsus
659 5769 723 5815 ac
751 5756 947 5830 caeteri
996 5769 1181 5819 rerum
1229 5760 1649 5835 Ilispanicarum
1697 5766 2014 5843 scriptorcs,

2145 5117 2292 5172 aliud
2335 5118 2577 5188 probari,
2620 5133 2781 5188 quam
2826 5118 3024 5174 librum
3064 5135 3172 5175 non
3211 5133 3342 5176 esse
3386 5122 3743 5188 canonicum,

2144 5224 2248 5266 nec
2286 5218 2564 5266 auctorem
2604 5209 2673 5265 ad
2720 5210 3079 5282 Evangelistae
3118 5210 3342 5282 gradum
3375 5220 3660 5279 evectum,
3692 5222 3749 5269 ut

2141 5302 2467 5373 quandoque
2491 5319 2596 5360 non
2628 5303 2835 5361 valeret
2864 5318 2894 5357 a
2928 5305 3158 5360 veritate
3184 5304 3421 5361 deiicere
3452 5323 3465 5358 :
3495 5306 3744 5363 diversi-

2141 5405 2277 5452 tates
2298 5410 2430 5453 vero
2450 5397 2697 5454 codicum
2721 5406 2779 5453 et
2799 5396 3173 5467 exemplorum
3196 5396 3579 5468 antiquitatem
3605 5414 3746 5471 ope-

2134 5488 2211 5542 ris
2233 5485 2519 5544 manifeste
2543 5488 2772 5559 probare
2796 5505 2810 5542 :
2836 5486 2882 5541 si
2905 5487 3052 5543 enim
3077 5487 3394 5543 recentioris
3414 5500 3562 5546 esset
3588 5505 3744 5549 com-

2134 5589 2403 5646 mentum,
2446 5595 2786 5652 nequaquam
2831 5589 2942 5636 tam
2972 5578 3154 5636 varias
3180 5580 3591 5651 exscriptiones
3628 5585 3737 5653 pati

2128 5674 2392 5746 potuisset
2408 5691 2418 5731 :
2435 5686 2536 5730 nec
2547 5672 2612 5730 ad
2628 5671 2773 5731 illam
2796 5670 3136 5731 refutandum
3156 5685 3373 5730 manum
3395 5674 3613 5731 calamo
3642 5674 3741 5732 δας

2125 5782 2346 5832 movero
2373 5763 2720 5840 deberemus,
2746 5782 2867 5828 cum
2892 5766 3006 5831 suis
3034 5780 3261 5844 qumque
3282 5766 3422 5831 locis
3444 5768 3637 5831 omnis
3658 5768 3729 5833 ab
