3908 6270
95 303 175 358 Glil
1115 300 1638 361 APOLOGETICUS
1676 300 1814 360 PRO
1849 302 1914 361 L.
1956 302 2261 360 DEXTRO.

3234 305 3344 363 602

92 432 148 472 eo
170 415 361 486 objecta
385 429 414 470 ιι
436 414 595 472 nobis
624 415 679 471 in
703 415 785 471 his
803 414 1211 471 commentariis
1230 417 1476 485 exposita
1503 415 1630 470 sint.
1663 417 1716 477 Α
1740 415 1808 470 ad
1849 414 1972 472 illos
2011 424 2262 486 spectare
2291 432 2306 471 :
2336 415 2471 473 nihil
2513 424 2693 473 tamen
2721 416 2791 473 de
2812 415 2920 473 illis
2946 416 2999 473 in
3026 424 3141 473 toto
3169 432 3339 489 opere

90 508 245 563 Satius
272 517 441 564 tamen
470 507 814 576 modestiam,
844 522 962 577 qua:
988 507 1278 578 religiosos
1305 508 1462 564 decet
1488 510 1637 563 viros

90 600 338 672 complecti
362 601 554 669 placet,
581 615 907 670 quamquam
939 614 1342 671 nonnumquam
1372 615 1634 657 excessus

88 706 195 747 suos
229 693 295 747 ob
323 692 506 747 oculos
534 691 632 761 ipsi
672 706 874 760 ponere
903 693 1269 747 necessarium
1291 691 1630 758 duxerimus,

88 793 133 838 ut
164 783 324 839 videat
361 793 617 855 quantum
658 783 740 839 illi
785 784 1160 855 indulgeamus
1203 801 1221 840 :
1261 794 1317 842 et
1358 794 1413 841 ιιι
1454 785 1524 841 ab
1562 785 1630 842 iis

84 876 382 946 dill‘ogieotes
434 877 656 933 minime
711 877 872 933 nobis
918 878 1202 949 contingat
1250 878 1394 950 quod
1450 879 1626 935 eidem

80 966 396 1024 Constantino
418 967 538 1023 Joa.
568 968 722 1038 Bapt.
756 969 1103 1025 Bracbesium
1129 971 1303 1026 virum
1335 972 1547 1042 pietatis
1572 980 1629 1027 et

80 1058 302 1114 doctrina:
324 1075 352 1113 a
375 1059 606 1115 Barouio
629 1062 847 1132 egregie
871 1062 1173 1128 laudatum,
1199 1073 1387 1119 secuto
1411 1063 1628 1133 objece-

79 1153 132 1206 rit
160 1169 172 1204 :
201 1153 364 1207 Circus
391 1170 526 1209 ceco
552 1154 803 1209 ducatum
831 1165 1063 1226 prositut,
1091 1167 1137 1212 et
1162 1158 1313 1213 ambo
1338 1159 1393 1213 in
1419 1161 1625 1229 foveam

78 1246 251 1299 cadunt.
275 1245 406 1314 Quid
434 1248 576 1303 enim
607 1250 852 1318 proderit
880 1264 1080 1316 causa},
1112 1252 1288 1321 ipsum
1311 1267 1500 1322 parum
1534 1268 1623 1309 re.

76 1338 464 1407 verenterjocari
488 1340 542 1395 in
565 1350 776 1406 nostra,
797 1357 895 1397 seu
919 1342 1167 1413 frigidam
1190 1359 1311 1399 esse
1332 1359 1496 1415 super
1523 1344 1622 1402 hac

73 1429 138 1482 vel
161 1428 237 1483 illa
265 1444 320 1485 re
354 1430 610 1488 Pennotti
650 1433 1116 1504 imaginationem,
1155 1444 1213 1490 et
1240 1436 1343 1490 alia
1374 1436 1494 1506 ejus
1521 1451 1619 1508 ge-

73 1521 205 1588 ntris,
240 1538 352 1593 qua:
389 1525 510 1595 ipse
552 1527 605 1583 in
633 1528 1047 1583 Constantinum
1075 1529 1258 1597 jacula
1286 1530 1500 1585 vibrat?
1529 1540 1622 1587 aut

52 1628 260 1680 quonam
298 1627 452 1685 pacto
492 1620 610 1674 ha-e
651 1620 705 1675 in
744 1620 839 1675 Dei
877 1620 1102 1690 gloriam
1148 1622 1335 1676 referri
1367 1632 1617 1692 possunt,

71 1712 115 1755 ut
144 1704 242 1774 ipse
273 1705 391 1762 facit
417 1724 470 1764 c.
514 1710 602 1775 l9,
642 1726 698 1766 ιι.
729 1712 785 1775 8,
815 1726 938 1766 cum
969 1712 1037 1767 ad
1069 1712 1272 1768 calcem
1302 1712 1619 1769 Constanti-

1739 508 2007 578 reperitur
2050 524 2066 567 :
2112 524 2281 578 quare
2324 525 2433 565 non
2486 518 2688 565 temere
2726 510 2848 579 quis
2886 509 3184 580 judicahit,
3228 508 3335 573 hoc

1736 600 1876 669 quod
1911 616 2020 669 pra:
2065 602 2311 658 manibus
2348 611 2454 671 est,
2493 618 2600 659 non
2626 618 2748 659 esse
2778 603 3048 675 integrum
3078 604 3332 660 Peuuotti

1736 705 1895 762 Opus,
1925 691 2023 747 sed
2051 692 2332 763 deperisse
2357 695 2554 750 bonam
2583 696 2702 763 ejus
2729 708 2959 766 partem.
2983 695 3116 751 Nam
3144 696 3190 751 si
3211 696 3331 765 aui:

1732 800 1854 840 mus
1898 800 2005 841 non
2049 795 2168 841 erat
2214 786 2283 842 de
2312 786 2594 842 canonicis
2638 789 2993 844 saecularibus
3032 789 3364 861 quidquam,

1732 878 1993 946 scribere,
2035 880 2231 934 mutari
2274 879 2462 934 titulus
2497 878 2752 945 debebat,
2781 890 2839 934 ut
2879 880 3125 936 diceret:
3156 866 3365 935 Cano-1

1731 974 1966 1027 nicorum
2003 974 2325 1046 regulurium
2369 973 2587 1027 historia
2626 973 2914 1040 tripartito,
2945 989 3068 1043 pro,
3100 973 3330 1029 Clerico-

1728 1082 1847 1120 rum
1885 1068 2274 1134 cunonicornm,
2318 1067 2406 1137 qui
2438 1067 2730 1123 saeculares
2770 1082 2989 1139 quoque
3016 1069 3329 1137 complecti-

1731 1168 1837 1215 tur.
1887 1160 1993 1216 Scd
2028 1205 2042 1229 ,
2103 1160 2249 1229 quod
2303 1170 2466 1231 caput
2512 1169 2595 1215 est
2626 1205 2641 1229 ,
2711 1160 2869 1215 titulo
2923 1161 3040 1225 ipso
3097 1159 3327 1215 historia

1726 1254 1986 1309 canonica
2035 1252 2384 1323 promittitur,
2434 1267 2595 1324 quam
2643 1261 2825 1308 tamen
2877 1251 3013 1306 liber
3055 1251 3172 1322 ipse
3217 1266 3323 1307 nou

1724 1344 1838 1401 dat.
1894 1345 2130 1402 llistoria
2171 1348 2372 1416 quippe
2422 1361 2487 1400 ex
2542 1344 2803 1401 methodo
2857 1343 3176 1413 scriptoris,
3214 1359 3323 1400 non

1725 1452 1792 1492 ex
1846 1437 2009 1491 rebus
2064 1438 2301 1491 narratis
2344 1437 2712 1507 dignoscitur;
2768 1436 2838 1492 de
2889 1436 3096 1492 eisdem
3152 1435 3323 1505 siqui-.-

1722 1528 1847 1583 dem
1899 1529 2062 1585 rebus
2118 1528 2351 1584 Historia
2406 1528 2673 1584 naturalis
2704 1526 2769 1583 C.
2827 1527 3011 1594 Plinii,
3057 1536 3114 1583 et
3165 1537 3293 1582 uattt

1721 1622 1849 1676 ralis
1894 1620 2244 1690 Philosophia
2287 1620 2600 1677 Aristotelis
2638 1629 2846 1691 agunt,
2889 1620 2984 1675 sed
3027 1619 3143 1674 haec
3180 1620 3321 1690 ston

1720 1713 2050 1767 scholastice
2098 1711 2465 1779 disserendo,
2521 1712 2610 1766 illa
2665 1711 2898 1778 simplici
2944 1709 3322 1781 prepositioue

68 1796 206 1852 nisu:
238 1799 507 1872 Apologia:
547 1812 671 1871 post
710 1804 963 1874 prmdicta
1003 1815 1059 1861 et
1085 1808 1190 1861 alia
1217 1807 1457 1862 convitia
1483 1808 1613 1863 sub.
1647 1806 1694 1867 B
1723 1804 1993 1858 narrando
2022 1803 2284 1874 procedit.
2314 1803 2430 1858 Non
2460 1802 2802 1858 dissimiliter
2828 1800 2895 1857 de
2922 1802 3201 1857 canonicis
3227 1817 3315 1858 re-

69 1888 172 1942 dit:
207 1890 325 1945 Hac
360 1909 454 1963 pro
498 1893 597 1950 Dei
638 1897 809 1964 gloria
848 1907 895 1950 et
934 1898 1186 1951 canonica
1230 1895 1296 1951 D.
1331 1896 1617 1953 Herculani

68 1984 334 2052 professione
372 1988 690 2043 vindicanda
719 1992 867 2061 (nam
908 1989 978 2045 de
1018 1989 1118 2045 hac
1160 1991 1301 2045 inter
1330 2006 1424 2047 eos
1462 2006 1615 2062 quaa-

68 2074 148 2126 stio
166 2083 285 2143 erat)
317 2096 415 2133 non
441 2089 623 2135 autem
660 2083 869 2153 injuria:
894 2084 1170 2153 referenda
1199 2099 1357 2137 causa
1384 2085 1570 2151 scripsi
1593 2085 1618 2137 ἒ)

68 2162 153 2220 Nisi
190 2170 268 2238 qui
305 2170 483 2227 torsan
533 2173 583 2228 ei
623 2173 974 2240 condonent,
1024 2188 1308 2230 assensum
1365 2176 1615 2243 prtehen-

70 2264 126 2309 les
149 2258 219 2314 his
246 2277 356 2332 qua:
381 2279 434 2320 c.
467 2266 564 2331 l8,
598 2282 655 2323 ιι.
688 2267 742 2333 7,
771 2266 1047 2336 efﬂagitat,
1082 2268 1366 2338 inquiens:
1391 2267 1613 2323 Puliatt-

69 2362 144 2428 tu,
178 2356 382 2427 obsecro,
426 2362 730 2415 tarditatem
772 2377 958 2416 nteant.
1002 2362 1087 2416 Ab
1130 2362 1214 2417 his
1252 2362 1416 2433 igitur
1444 2363 1613 2417 absti-

68 2453 251 2506 nendum
285 2452 575 2518 ducimus;
616 2468 739 2507 nam
768 2453 813 2507 si
839 2454 961 2523 quis
987 2454 1202 2510 videtur
1230 2456 1611 2511 contentiosus

68 2559 174 2611 esse,
199 2562 287 2603 nos
308 2549 465 2604 talem
495 2547 953 2603 consuetudinem
981 2564 1088 2603 non
1122 2549 1407 2613 habemus,
1438 2564 1613 2621 neque

71 2639 256 2695 Ecclesia
284 2641 372 2696 Dei
405 2640 450 2713 (Ι
479 2640 610 2695 Cor.
644 2657 696 2696 ιι
720 2650 779 2698 et
803 2639 938 2712 xvi).
975 2641 1083 2697 Sed
1110 2643 1177 2697 ad
1203 2658 1339 2698 rem.

116 2729 242 2786 Prius
275 2741 450 2788 tamen
479 2748 646 2801 quant
674 2732 741 2787 ad
769 2734 1012 2803 singulos
1041 2733 1198 2789 nobis
1225 2733 1474 2803 objectos
1502 2750 1605 2788 uo-

67 2823 138 2876 dos
153 2825 411 2881 solvendos
434 2826 860 2892 descendamus,
888 2842 992 2881 una
1018 2828 1292 2882 communi
1319 2827 1599 2883 decisioue

67 2928 321 2973 cinctorum
335 2917 607 2973 Pennotto
620 2917 937 2974 satisfacere
950 2919 1146 2989 placet,
1163 2920 1337 2990 ipsum
1355 2919 1607 2975 nimirum

66 3006 102 3059 iu
118 3008 269 3064 eadem
298 3011 588 3067 nobiscum
617 3010 832 3067 salebra
862 3013 1092 3076 hzerere,
1124 3012 1488 3084 omnibusque
1517 3027 1605 3068 ar-

65 3113 402 3171 gumentorum,
445 3120 577 3176 qua:
620 3106 675 3160 in
718 3121 815 3160 nos
855 3106 1123 3161 contorsit
1150 3105 1440 3176 capitibus,
1467 3120 1606 3177 opus

1720 1898 1996 1969 gularibus
2035 1897 2283 1963 historia,
2326 1908 2380 1952 et
2419 1896 2866 1967 qua'stiouarium
2896 1894 2978 1967 (ut
3016 1895 3095 1950 sic
3119 1895 3319 1964 dicam)

1719 1989 1914 2045 confici
1960 1998 2176 2058 potest;
2222 1988 2349 2058 quid
2396 2000 2578 2043 autem
2621 1988 2816 2043 horum
2861 1987 3027 2042 fuerit
3064 2002 3130 2042 ex
3174 1987 3318 2059 stylo

1718 2090 1770 2135 et
1812 2078 2069 2134 methodo
2108 2079 2350 2150 dignesci
2395 2078 2574 2135 debet.
2620 2078 2773 2134 Nunc
2817 2094 2946 2134 vero
2985 2079 3160 2150 stylus
3191 2078 3317 2136 libri

1720 2171 1885 2241 hujus
1913 2188 2074 2242 quem
2106 2170 2173 2225 R.
2207 2170 2506 2227 Penuottus
2537 2171 2745 2240 profert
2777 2181 2923 2226 totus
2960 2168 3317 2226 scholasticus

1717 2276 1830 2331 cst;
1865 2266 2115 2336 pr0ponit
2149 2280 2380 2335 namque
2412 2266 2744 2335 qttznstioncs
2765 2263 3199 2331 ctqumstiouum
3222 2275 3318 2315 va-

1716 2359 1827 2415 rias
1854 2357 2177 2425 sententias,
2209 2356 2276 2412 ad
2300 2372 2433 2427 quas
2458 2355 2774 2411 enodandas
2798 2354 3055 2409 notabilia
3083 2351 3319 2422 praemi:-

1718 2455 1817 2520 tit;
1848 2451 1974 2507 inde
2003 2451 2384 2506 conclusiones
2414 2450 2581 2516 elicit,
2605 2460 2659 2504 et
2679 2447 2956 2519 sigillatim
2982 2447 3173 2517 probat
3200 2462 3216 2503 :
3245 2463 3314 2502 ex

1714 2542 2156 2600 conclusionibus
2198 2558 2601 2612 nonnumquaut
2646 2540 2930 2596 corollaria
2972 2538 3214 2605 deducit,
3258 2548 3316 2596 et

1712 2616 1930 2692 laudem
1971 2636 2216 2692 ordinate
2267 2638 2336 2692 ad
2376 2648 2688 2707 argumenta
2739 2633 3071 2704 respondere
3120 2643 3303 2691 curat.

1713 2728 1850 2796 Quid
1881 2728 1965 2784 bis
1994 2739 2048 2784 et
2079 2729 2220 2799 ston
2252 2728 2508 2782 historico
2535 2728 2854 2783 commuue‘l
2876 2723 3036 2782 Certe
3062 2726 3307 2798 quisquis

1714 2822 1932 2878 titulum
1978 2822 2101 2877 libri
2139 2824 2258 2877 sine
2288 2821 2426 2877 libro
2456 2820 2680 2892 legeret,
2713 2822 2760 2876 si
2793 2820 3140 2892 postmodum
3171 2822 3309 2875 liber

1714 2912 1831 2983 ipse
1863 2914 1985 2968 sine
2012 2913 2170 2969 titulo
2200 2912 2269 2968 ad
2298 2927 2494 2968 manus
2524 2913 2644 2982 ejus
2676 2914 2859 2967 forsan
2894 2912 3128 2979 veniret,
3160 2928 3316 2968 num-

1712 3020 1873 3076 quam
1918 3006 2114 3061 adduci
2157 3015 2340 3075 posset
2368 3015 2425 3060 ut
2453 3008 2719 3071 crederet,
2755 3005 2899 3061 hunc
2926 3006 3121 3060 librum
3154 3006 3314 3061 titulo

1713 3098 1805 3155 illo
1837 3099 2107 3169 promitti,
2139 3108 2232 3153 aut
2262 3098 2388 3153 huic
2419 3098 2563 3154 libro
2593 3099 2802 3153 titulum
2828 3098 2978 3153 illum
3002 3100 3071 3155 ab
3092 3107 3315 3155 auctore

63 3206 177 3249 suum
201 3196 414 3264 irretiri;
446 3198 598 3269 quod
628 3214 750 3253 cum
776 3199 848 3253 ab
879 3199 1010 3269 ipsis
1040 3200 1271 3255 liberum
1298 3200 1414 3270 ejus
1442 3201 1598 3256 indu-

1715 3193 2055 3264 appositum,
2087 3206 2209 3247 cum
2243 3190 2422 3261 potius
2448 3200 2595 3246 esset
2624 3205 2722 3260 pro
2753 3189 2966 3245 meritis
2996 3204 3313 3261 nuncupan-

62 3288 156 3339 stria
180 3288 475 3358 viderimus,
516 3289 727 3346 facilius
758 3290 920 3347 nobis
944 3291 1155 3360 objecta
1186 3291 1253 3347 ad
1280 3292 1398 3361 ejus
1418 3306 1615 3351 esctn-,

62 3377 168 3444 plum
191 3382 462 3439 diluemus.
498 3383 683 3453 Atque
718 3384 821 3438 hoc
858 3393 943 3439 est
965 3382 1109 3454 quod
1141 3384 1192 3437 iu
1225 3384 1604 3453 superioribus

62 3468 97 3537 (ἑ
123 3470 161 3537 l,
186 3489 231 3527 ιι.
257 3476 311 3546 4)
342 3476 697 3545 promisimus
717 3518 732 3541 ,
761 3490 886 3531 eum
918 3485 1159 3531 statuere
1182 3484 1369 3530 contra
1398 3476 1593 3531 faciem

59 3576 172 3617 suam
191 3603 208 3631 ,
235 3577 285 3620 ut
305 3567 426 3621 dum
453 3582 523 3623 se
547 3567 751 3622 eisdem
782 3568 951 3622 teneri
975 3567 1204 3621 vinculis
1226 3567 1600 3637 conspexerit,

60 3664 80 3703 a
110 3657 240 3711 nobis
270 3658 607 3715 insectandis
651 3659 898 3713 desiSIat.
946 3659 1113 3729 Igitur
1155 3659 1241 3729 (ut
1277 3658 1603 3729 compendio

58 3744 266 3821 dicamus)
290 3753 535 3823 quinque
564 3752 746 3819 capita
778 3749 844 3804 ad
868 3765 987 3820 qua:
1006 3751 1260 3805 universa
1279 3751 1491 3821 objecta
1515 3767 1603 3805 re-

59 3838 209 3898 ducere
233 3859 520 3915 passumus
553 3854 708 3910 sunt,
740 3846 802 3900 1ο
837 3844 1025 3899 titulus
1052 3845 1255 3915 operis,
1286 3854 1341 3899 ct
1364 3844 1601 3898 auctoris

57 3927 293 4001 intentum;
320 3939 381 3992 2°
411 3936 891 3993 contradictiones
922 3938 1319 3993 sententiarum
1340 3945 1395 3992 et
1416 3938 1600 3991 incon-

58 4028 332 4094 sequentiae,
371 4046 498 4099 quae
542 4029 630 4084 vel
670 4029 1014 4085 oscitantiam
1045 4071 1061 4095 ,
1107 4029 1191 4083 vel
1228 4028 1597 4083 diversitatem

55 4126 274 4175 auctorum
311 4132 577 4194 arguunt;
610 4124 674 4177 5°
704 4123 1049 4189 assertiones,
1077 4138 1257 4177 rerum
1301 4122 1598 4178 incredibi-

56 4203 179 4275 ιίυως
204 4213 260 4265 4ο
291 4230 445 4270 voces
485 4230 665 4280 novat,
712 4214 906 4285 priscis
947 4225 1229 4269 auctorum
1264 4213 1598 4285 temporibus

58 4295 302 4372 inusitatze;
332 4306 392 4360 5°
424 4307 707 4367 falsitates
740 4306 1041 4361 manifesta:
1070 4316 1233 4361 docto
1262 4306 1486 4360 auctore
1514 4306 1598 4359 in-

55 4387 205 4457 dignm.
235 4397 320 4452 llis
344 4401 608 4456 omnibus
649 4400 1028 4454 auctoritatem
1074 4398 1262 4453 horum
1293 4396 1596 4453 Chronico-

54 4493 140 4537 ruoi
160 4501 393 4547 enervare
421 4492 488 4547 ῐὶ.
524 4492 686 4547 Pater
711 4490 1013 4557 coiiteudit,
1043 4491 1247 4553 etenim
1278 4490 1436 4545 titulo
1468 4489 1594 4543 0m-

1709 3286 1845 3351 dus,
1887 3282 2103 3337 Genesis
2146 3282 2502 3353 metapliysica
2548 3282 2917 3337 canonicorunt
2960 3282 3314 3353 regulurium;

1705 3375 1941 3442 Genesis,
1975 3375 2194 3446 inquam
2216 3416 2229 3441 ,
2261 3378 2386 3446 quia
2415 3376 2483 3431 de
2513 3375 2786 3445 spirituali
2809 3374 3070 3445 progenie
3091 3388 3307 3429 eorum-

1704 3470 1827 3523 dem
1858 3467 2135 3522 edisserit.
2168 3464 2530 3537 Metapltgsica
2570 3480 2702 3520 vero
2722 3505 2738 3531 ,
2768 3463 3025 3535 quoniam
3059 3465 3306 3535 procedit

1705 3577 1802 3631 per
1838 3561 2131 3615 altissimas
2166 3574 2382 3623 causas,
2425 3557 2865 3629 quandoquidem
2896 3573 2924 3611 a
2960 3558 3072 3613 Deo
3101 3558 3221 3627 ipso
3248 3569 3309 3616 et

1640 3643 1649 3651 “
1706 3654 1869 3708 totius
1894 3651 2214 3706 Christiana:
2240 3650 2518 3721 religionis
2541 3648 2872 3720 primoribus
2890 3648 3095 3714 causis,
3121 3649 3170 3704 id
3196 3658 3304 3717 est,

1702 3747 1902 3802 Christi
1938 3746 2150 3800 Domini
2180 3744 2463 3816 apostolis,
2486 3744 2732 3800 ordinem
2758 3743 2908 3799 illum
2930 3743 3164 3811 (mpissc
3187 3757 3310 3811 per-

1704 3840 1881 3904 hibet;
1923 3848 1979 3893 et
2018 3851 2426 3907 nonnumquam
2464 3834 2892 3891 Christianitatis
2928 3843 3103 3889 metas
3142 3834 3307 3887 eice-

1700 3931 1859 3997 dens,
1902 3946 1930 3983 a
1961 3930 2233 3986 Naz-artcis
2261 3939 2313 3983 et
2346 3927 2547 3983 Levitis
2576 3926 2775 3983 veteris
2804 3926 2965 3996 Legis
2997 3938 3173 3981 ortum
3206 3925 3307 3980 ilu-

1700 4040 1827 4081 ccre
1868 4023 2170 4090 contendit,
2213 4023 2369 4092 eique
2407 4021 2713 4089 antiquitati
2754 4021 2939 4075 favere
2984 4019 3045 4073 D.
3074 4018 3302 4075 Paulum

1699 4138 1821 4178 cum
1852 4120 1918 4176 ad
1950 4119 2209 4175 Hebraeos
2240 4117 2429 4174 scribit
2460 4117 2606 4189 (vide
2635 4116 2731 4172 lib.
2763 4131 2801 4170 ιι
2826 4115 2978 4184 Trip.
3007 4114 3067 4186 2)
3095 4131 3110 4168 :
3141 4114 3304 4185 idque

1701 4216 2196 4275 controversiarum
2225 4216 2277 4271 iu
2308 4229 2540 4279 morem,
2572 4222 2634 4268 ut
2661 4212 3014 4284 metaphysici
3040 4212 3300 4267 assolent.

1698 4314 2032 4384 Quamquam
2048 4320 2104 4366 et
2133 4310 2186 4366 iu
2217 4310 2334 4381 ipso
2360 4307 2810 4364 scholasticorum
2829 4306 2974 4377 stylo
2999 4313 3192 4360 auctor
3216 4319 3304 4359 sa-

1699 4407 1767 4460 tis
1798 4402 2047 4469 excedat,
2079 4401 2222 4470 quod
2253 4400 2331 4457 illi
2362 4413 2722 4457 censurarum
2764 4406 2919 4453 notas
2946 4396 3302 4452 vehementer

1697 4495 2048 4564 abhorreant,
2080 4493 2169 4549 hic
2195 4508 2322 4549 vero
2352 4494 2597 4548 vivorum
2619 4502 2673 4547 et
2701 4498 3032 4545 mortuorum
3065 4486 3288 4542 univer-

54 4576 463 4640 ttiuiodcliistoriw
487 4599 600 4641 ιιοιι
626 4584 1059 4654 correspondere
1082 4584 1356 4649 videntur,
1382 4599 1501 4637 cum
1525 4583 1593 4638 de
1621 4566 1675 4627 D
1699 4590 1865 4646 salem
1909 4602 2230 4653 censorem,
2275 4588 2435 4642 etiam
2482 4588 2534 4640 in
2574 4584 2737 4641 rebus
2776 4582 3100 4647 levissimis,
3141 4591 3296 4650 agat;

54 4671 195 4734 Paucis
218 4680 541 4735 mentionem
572 4678 808 4741 faciant;
837 4688 885 4732 et
926 4677 978 4732 in
1009 4678 1252 4732 numeris
1278 4692 1342 4732 ac
1370 4688 1592 4733 senten-

55 4759 120 4813 his
153 4768 326 4832 passim
364 4771 868 4840 inconsequentiis,
911 4768 1245 4825 falsitatibus
1269 4812 1283 4837 ,
1326 4769 1595 4839 rebusque

54 4848 401 4918 incredibilibus
425 4871 664 4929 scatent,
694 4872 748 4916 et
772 4863 1048 4917 multotics
1078 4862 1230 4916 novis
1255 4862 1482 4917 vocibus
1507 4877 1596 4916 or-

52 4946 159 5002 dinis
182 4956 519 5012 eremitarum
549 4958 607 5014 S.
633 4957 942 5027 Augustini,
968 4956 1178 5011 ordinis
1204 4959 1262 5011 S.
1292 4956 1590 5026 Benedicti,

51 5044 90 5088 tl
112 5039 342 5103 similibus
366 5058 620 5103 utuntur.
652 5047 764 5104 Sed
790 5062 919 5103 vero
944 5047 1168 5103 totidem
1194 5048 1245 5101 iu
1269 5062 1427 5101 sumu
1453 5063 1588 5118 opus

47 5127 183 5194 iacula
204 5150 554 5212 contorquere
582 5142 884 5212 quemlibet
914 5156 1076 5211 posse
1105 5156 1203 5197 cur
1232 5142 1350 5212 ipse
1376 5155 1484 5196 non
1511 5142 1590 5196 vi-

49 5221 294 5300 del?0ptts
322 5235 589 5306 siquidem
621 5235 887 5305 imprimis
928 5237 1085 5291 titulo
1123 5250 1228 5291 non
1271 5234 1587 5305 respondet.

47 5311 196 5375 Nonne
218 5327 391 5382 titulus
418 5330 568 5399 operi
595 5332 854 5401 przefixus
886 5339 991 5399 est,
1018 5330 1291 5385 Generalis
1321 5331 1478 5384 totius
1500 5346 1588 5384 sa-

47 5408 103 5459 cri
122 5415 291 5472 ordinis
314 5419 624 5477 clericorum
647 5424 1018 5478 canonicorum
1044 5423 1263 5477 historia
1292 5424 1593 5495 tripartito?

47 5496 285 5564 Crederem
325 5529 389 5569 ex
433 5517 575 5571 tituli
605 5516 840 5572 lectione
872 5530 980 5570 non
1006 5508 1186 5570 solum
1228 5515 1281 5569 iu
1309 5529 1476 5585 Opere
1506 5514 1591 5585 agi

50 5590 99 5647 de
120 5606 366 5661 canonicis
396 5610 766 5681 regularibus,
797 5610 891 5667 sed
920 5610 1086 5667 etiam
1115 5609 1182 5665 de
1210 5609 1588 5677 smeularihtts,

52 5693 131 5742 tam
166 5697 292 5752 enim
336 5699 409 5769 hi,
454 5717 611 5775 quam
659 5703 739 5762 illi
780 5703 967 5760 clerici
998 5703 1250 5759 canonici
1276 5712 1424 5769 sunt,
1457 5702 1591 5758 alte-

53 5789 235 5865 imque
268 5804 336 5853 ex
378 5795 568 5872 triplici
597 5796 843 5863 historia:
871 5795 1186 5876 partitione,
1218 5807 1276 5859 ut
1306 5797 1588 5858 minimum

1698 4684 1931 4738 aliorum
1973 4682 2117 4738 dicta
2162 4682 2326 4737 modo
2361 4682 2475 4736 suis
2511 4696 2618 4735 non
2659 4679 3022 4745 conformeut,
3054 4689 3296 4743 errores,

1698 4786 1884 4848 turpes
1920 4778 2140 4848 lapsus,
2173 4776 2372 4833 stolida
2405 4784 2735 4841 commenta,
2768 4772 3041 4829 luculenta
3074 4767 3299 4825 menda-

1697 4872 1778 4926 cia
1807 4911 1822 4935 ,
1869 4880 2058 4925 contra
2101 4885 2313 4926 sacram
2357 4869 2732 4938 Scripturam,
2778 4874 2963 4920 contra
3008 4861 3293 4917 historiam

1698 4961 2083 5031 Evangelicam
2130 4960 2429 5031 szepissime
2465 4971 2708 5013 vocans:
2740 4954 3070 5024 eosdemque
3110 4960 3296 5008 aucto-

1698 5067 1786 5108 res
1829 5067 1974 5107 nunc
2018 5052 2084 5107 ad
2132 5053 2236 5106 ima
2277 5051 2590 5115 demittens,
2633 5061 2776 5103 nunc
2812 5045 2879 5101 ad
2924 5044 3094 5100 cmlos
3125 5060 3295 5115 usque

1696 5144 2015 5210 sustollens,
2047 5152 2205 5214 prout
2234 5144 2340 5199 sibi
2371 5142 2552 5197 favere
2577 5141 2664 5196 vel
2694 5140 2916 5195 ofﬁcere
2943 5138 3180 5194 videbat.
3203 5138 3294 5194 Sic

1696 5239 1849 5296 card.
1899 5240 2210 5302 Baroniunt,
2244 5239 2365 5292 data
2406 5251 2568 5306 Opera
2598 5234 2718 5307 (lib.
2760 5250 2798 5298 ι,
2831 5249 2951 5304 cap.
2983 5235 3080 5305 Ω)
3107 5236 3291 5294 decies

1699 5333 1908 5404 lapsum
1953 5332 2006 5386 in
2054 5330 2280 5385 historia
2322 5326 2610 5398 Augusuiui
2644 5326 2964 5395 contendit,
3000 5330 3294 5401 multisque

1699 5426 1989 5483 ostendere
2030 5432 2279 5489 conatur,
2319 5423 2383 5478 ad
2422 5421 2705 5493 Augustini
2745 5422 3123 5478 monachatum
3167 5438 3294 5494 pro-

1697 5518 1930 5576 bandum
1962 5518 2140 5573 debile
2187 5517 2348 5573 nimis
2380 5516 2785 5574 fundamentum
2818 5517 2872 5572 in
2903 5516 3020 5587 ejus
3045 5518 3286 5573 auctori-

1697 5620 1805 5668 tate
1832 5612 2030 5681 locari;
2065 5618 2405 5685 postmodum
2436 5630 2561 5670 vero
2590 5614 2684 5671 lib.
2710 5632 2769 5682 tt,
2795 5631 2842 5672 c.
2872 5614 2938 5671 10
2960 5616 3013 5670 et
3033 5615 3122 5675 54.
3151 5611 3284 5666 tanti

1693 5719 1817 5764 cum
1848 5704 1997 5771 facit,
2032 5716 2087 5761 ut
2128 5706 2243 5778 ejus
2264 5708 2538 5766 dumtaxat
2572 5713 2891 5770 auctoritate
2922 5726 3010 5768 res
3039 5707 3284 5779 ejusdem

1693 5800 1976 5874 momenti,
2009 5798 2060 5860 id
2089 5808 2201 5871 est,
2232 5803 2609 5864 cauonicatum
2652 5808 2951 5880 regularem
2981 5803 3040 5863 S.
3074 5802 3287 5862 Martini
