3908 6276
589 306 698 367 605

1492 305 1786 362 FLAVIUS
1826 304 2076 362 LUClUS
2116 298 2401 358 DEXTER
2439 295 2971 354 CIIRONOLOGUS.
3770 302 3856 363 θοι

589 421 929 481 Turonensis
976 429 1031 477 et
1079 420 1139 475 S.
1193 419 1404 474 Patrltii
1470 419 1905 474 Ilibernicnsium
1964 419 2194 490 apostoli
2221 418 2269 477 Α
2302 417 2354 468 in
2400 414 2714 467 alterutram
2755 421 2962 483 partem
3009 413 3323 481 scribendi;
3367 415 3435 472 de
3471 416 3672 488 judicio
3705 433 3854 484 autem

592 521 755 590 (quos
792 526 967 571 tamen
1011 529 1198 570 eorum
1242 513 1641 584 chronographi
1674 515 1970 569 monachos
1999 528 2190 584 perpe-

595 619 686 664 tuo
713 606 991 676 vocarunt)
1024 607 1402 677 undecumque
1429 617 1743 663 constantes
1770 623 1893 664 esse
1921 609 2074 664 velit.
2102 609 2191 663 Sic

595 701 690 757 Fr.
726 697 1113 771 Hieronymum
1153 701 1453 756 Romanum
1488 703 1570 770 (ut
1599 702 1736 757 alios
1772 703 2039 774 omittam)
2068 718 2189 757 cum

591 797 947 852 eremitarum
978 809 1196 850 causam
1235 807 1562 865 prOpngnat,
1590 797 1788 850 nullius
1820 797 1972 866 pretii
2005 795 2189 861 habet,

591 896 646 942 et
687 887 1042 941 nihilominus
1087 885 1183 942 lib.
1226 901 1288 952 ll,
1325 901 1373 940 c.
1419 887 1512 960 V10,
1546 895 1717 941 totum
1745 887 2080 956 gravissima:
2108 900 2194 939 as-

589 978 846 1035 sertionis
879 978 1088 1047 pondus
1117 979 1184 1034 de
1209 979 1530 1034 canonicatu
1570 980 1626 1034 S.
1668 979 1855 1034 Hilarii
1893 979 2194 1035 Pictavien-

595 1071 672 1128 sis
709 1074 878 1128 solius
918 1087 1054 1143 pene
1093 1073 1322 1129 Romani
1355 1073 1600 1130 humeris
1631 1075 1875 1144 imponit.
1907 1074 1995 1130 Sic
2025 1075 2194 1130 Fran-

596 1163 802 1220 ciscum
832 1166 953 1221 Pisa
986 1166 1338 1221 vehementer
1368 1167 1568 1233 laudat,
1600 1167 1728 1222 dum
1758 1183 1823 1223 ex
1854 1168 2072 1224 nomine
2102 1167 2196 1222 ab-

593 1255 734 1311 hatis
759 1273 864 1311 non
888 1255 1024 1312 bene
1047 1256 1232 1312 inferri
1255 1259 1470 1324 asserit,
1496 1257 1782 1328 Agaliense
1806 1261 2191 1316 monasterium

598 1349 770 1404 fuisse
813 1349 1182 1404 Benedictinis
1224 1350 1427 1420 regulis
1469 1352 1834 1422 mancipatum
1880 1371 1894 1409 :
1941 1355 2193 1411 eumdem

598 1455 731 1497 vero
771 1441 1174 1512 reprobandum
1214 1440 1282 1494 ab
1323 1441 1576 1498 omnibus
1603 1445 1908 1509 contendit,
1941 1447 2086 1517 quod
2113 1447 2196 1503 di-

596 1534 735 1589 xerit
767 1534 988 1588 tninitne
1016 1549 1082 1589 ex
1114 1549 1180 1588 eo
1217 1535 1437 1589 nomine
1465 1534 1675 1604 haberi,
1711 1536 1878 1593 fuisse
1905 1542 2196 1598 canonico-

593 1642 714 1683 rum
755 1625 812 1683 S.
864 1626 1180 1698 Augustini,
1240 1637 1294 1683 et
1336 1629 1506 1684 tutum
1547 1631 1650 1684 hoc
1679 1630 1842 1687 simul
1898 1635 1949 1690 in
2001 1636 2192 1692 eodem

596 1719 691 1777 lib.
723 1733 774 1776 c.
805 1720 868 1774 51
891 1719 1100 1787 scribit,
1119 1735 1171 1774 η.
1192 1719 1248 1785 9,
1275 1720 1361 1776 10.
1381 1720 1524 1777 Sane
1551 1721 1819 1793 ejusmodi
1851 1726 2192 1800 inmqualitas

2292 505 2573 562 Pontificis
2619 505 2922 576 theologice
2968 511 3050 577 (ut
3091 506 3171 563 sic
3210 508 3428 582 loquar)
3457 511 3509 566 in
3555 513 3716 570 libros
3737 519 3855 588 ejus-

2293 599 2439 655 modi
2485 598 2625 664 lato,
2668 614 2776 668 quo
2816 599 3024 654 scilicet
3065 614 3162 654 eos
3208 603 3424 657 censuit
3462 612 3854 666 controversiam

2299 693 2478 749 minus
2508 692 2871 748 necessariam
2903 693 3219 759 continere;
3266 704 3621 768 auctoresque
3665 716 3759 756 non
3785 719 3856 759 ve-

2293 788 2429 843 ritos
2475 801 2599 842 esse
2648 800 2743 842 eos
2791 785 2962 841 libros
3005 801 3173 858 super
3221 787 3529 858 hujusmodi
3575 792 3853 850 levitatibus

2293 894 2643 949 componere,
2676 895 2784 934 non
2811 879 2930 934 sine
2953 879 3212 935 scandan
3235 891 3288 935 et
3313 883 3707 951 perturbatione
3726 903 3852 944 uten-

2297 974 2429 1029 tium
2466 973 2794 1043 legentium,
2830 972 3168 1045 proindeque
3207 977 3612 1033 contentionem
3652 994 3762 1035 esse
3785 998 3856 1036 su-

2296 1082 2711 1138 pervacaneam,
2738 1081 2801 1122 ac
2829 1076 2936 1121 tam
2966 1082 3193 1124 enorme
3226 1068 3436 1126 facinus
3478 1079 3535 1126 et
3570 1073 3859 1141 periculosas

2295 1162 2675 1216 contentiones
2710 1161 2779 1216 de
2821 1161 3001 1216 medio
3047 1163 3317 1217 tollendas
3348 1179 3362 1217 :
3405 1167 3474 1221 de
3504 1165 3622 1230 hac,
3646 1168 3855 1238 inquam,

2296 1269 2545 1321 censura,
2574 1263 2629 1310 et
2650 1254 2858 1324 judicio
2884 1255 3082 1310 summi
3111 1255 3412 1322 Pontificis,
3443 1258 3578 1312 nihil
3609 1259 3679 1316 illi
3707 1259 3859 1316 dicere

2301 1359 2610 1423 potuerunt,
2637 1365 2762 1405 cum
2807 1350 2910 1406 hoc
2939 1365 3045 1406 non
3086 1352 3153 1406 ad
3179 1352 3292 1421 jus,
3323 1351 3420 1407 sed
3447 1353 3515 1407 ad
3555 1351 3740 1408 factum
3765 1371 3862 1423 per-

2297 1447 2491 1512 tineat,
2516 1445 2582 1500 de
2607 1459 2714 1515 quo
2740 1455 2918 1499 tamen
2945 1446 3230 1515 perspicue
3252 1453 3489 1512 constat,
3517 1458 3860 1516 perseverante

2298 1540 2554 1595 nimirum
2577 1539 2832 1608 exemplo
2863 1537 3242 1608 praedictarum
3272 1539 3574 1595 litterarum
3592 1542 3860 1596 authentico

2299 1630 2350 1685 in
2378 1630 2596 1684 archivo
2637 1629 2951 1684 monasterii
2987 1628 3046 1683 S.
3075 1628 3255 1683 Maria:
3296 1629 3365 1686 de
3388 1630 3548 1697 Pace,
3581 1639 3637 1686 tit
3670 1630 3860 1702 ipsequi

2298 1737 2392 1778 cas
2419 1721 2624 1792 profert
2651 1721 2952 1776 Pennottus
2982 1722 3202 1776 fatetur.

598 1813 724 1886 styli
765 1821 874 1866 tam
917 1826 945 1864 a
989 1811 1234 1881 probatis
1278 1813 1616 1870 scholasticis
1644 1817 1798 1889 longe
1837 1830 1941 1889 est,
1975 1839 2134 1894 quam
2168 1843 2196 1882 ει
2230 1812 2276 1872 Β
2372 1815 2631 1886 Nequivit
2663 1817 2827 1886 igitur
2867 1817 3243 1870 universorum
3302 1830 3503 1871 censor
3544 1815 3671 1871 tanti
3706 1815 3859 1872 Ponti-

597 1904 741 1961 libro
769 1904 958 1958 titulus
985 1903 1129 1959 libri.

684 1997 870 2053 Utrum
919 2005 1097 2052 autem
1149 2012 1433 2056 censorem
1485 2016 1700 2075 quoque
1747 2005 1866 2076 ipse
1910 2008 2020 2080 jam
2068 2013 2196 2068 olim

602 2091 865 2163 priusque
894 2090 1088 2146 librum
1117 2093 1398 2160 scriberet,
1432 2095 1704 2164 habuerit,
1736 2096 1918 2154 forsan
1950 2104 2064 2173 ipse
2091 2121 2196 2161 non

600 2185 858 2253 attendit,
893 2200 1016 2240 cum
1052 2194 1232 2242 tamen
1263 2188 1316 2242 itt
1350 2189 1538 2260 primis
1570 2191 1820 2261 ejusdem
1849 2195 1992 2250 loliis
2023 2201 2200 2254 omni-

601 2279 703 2336 bus
761 2279 1040 2349 legendam
1081 2281 1320 2351 prtebeat
1357 2297 1640 2340 censuram
1697 2286 1875 2357 magni
1933 2289 2200 2348 Ecclesia:

600 2372 776 2428 Patris
823 2373 960 2429 Sixti
1005 2373 1095 2440 IV,
1147 2390 1253 2445 qua
1291 2385 1441 2432 motu
1484 2393 1584 2433 suo
1621 2381 1870 2450 proprio,
1913 2397 2002 2437 an.
2037 2384 2196 2444 Dom.

602 2465 780 2533 1484,
825 2465 967 2538 apud
1011 2465 1070 2522 S.
1105 2466 1326 2523 Petrum
1358 2470 1612 2538 expedito
1642 2471 1782 2541 (ejus
1814 2473 2025 2530 initium
2051 2517 2064 2540 ,
2102 2478 2202 2544 Qui

601 2555 868 2629 Apostolis
895 2556 1162 2630 prtecepit)
1197 2559 1464 2629 ejusmodi
1497 2560 1566 2616 de
1593 2561 1746 2617 libris
1778 2563 1937 2634 hujus
1969 2568 2202 2637 subjecti

598 2649 705 2707 fert
736 2649 1002 2721 judicium
1051 2669 1063 2705 :
1106 2650 1251 2708 Sane
1290 2669 1390 2707 non
1433 2653 1546 2708 sine
1573 2655 1761 2709 mentis
1794 2666 1982 2712 nostra:
2011 2658 2200 2732 displi-

599 2743 770 2797 centia
811 2743 1089 2815 singulari,
1124 2743 1318 2814 pluries
1350 2746 1467 2816 jam
1497 2746 1695 2801 dudum
1722 2749 1792 2802 ad
1820 2759 2049 2804 nostrum
2082 2770 2198 2824 per—

601 2835 736 2888 venit
767 2836 1038 2906 auditum,
1071 2837 1208 2906 quod
1236 2837 1367 2892 inter
1393 2839 1606 2893 dilectos
1633 2841 1772 2910 filios
1802 2845 2082 2900 canonicos
2113 2864 2200 2902 re-

598 2927 803 2997 gulares
843 2929 1039 2982 ordinis
1081 2929 1144 2986 S.
1183 2931 1465 3004 Augustini
1495 2937 1907 3006 congregationis
1938 2937 2188 2995 Lateran.

595 3026 641 3073 et
674 3017 770 3073 Fr.
805 3022 1000 3075 ordinis
1027 3025 1354 3080 eremitarum
1385 3028 1618 3098 ejusdem
1648 3028 2028 3103 B.Angnstini,
2057 3053 2197 3107 quie-

605 3110 728 3164 dant
758 3113 924 3168 minus
956 3119 1273 3186 necessaria,
1301 3120 1567 3191 minusque
1597 3123 1877 3181 laudabilis
1907 3140 2201 3185 controrcr-

2305 1908 2420 1964 ficis
2445 1922 2734 1964 censuram
2763 1907 3025 1978 effugere,
3059 1922 3224 1978 quem
3257 1918 3438 1963 tamen
3472 1907 3711 1963 canonici
3732 1909 3858 1963 Late-

2301 2015 2562 2057 ranenscs
2603 2000 2827 2070 speciali
2871 1998 3074 2055 affectu
3131 2000 3369 2055 revereri
3421 1999 3658 2066 debent,
3708 2009 3856 2069 utpote

2302 2097 2457 2163 cujus
2487 2094 2634 2148 dono
2661 2094 2974 2162 acceperint
3014 2093 3314 2149 Ecclesiam
3342 2093 3399 2148 S.
3446 2093 3628 2149 Marite
3655 2095 3717 2148 de
3744 2095 3854 2148 Pace

2302 2201 2460 2257 quam
2494 2185 2656 2240 modo
2685 2185 3026 2252 inhabitant,
3061 2199 3186 2241 cum
3221 2187 3272 2238 vi
3303 2185 3496 2253 Populi
3526 2184 3674 2240 Rom.
3705 2200 3734 2241 e
3767 2183 3854 2238 La-

2305 2276 2582 2332 teranensi
2628 2275 2856 2330 Basilica
2903 2283 3089 2331 essent
3127 2275 3305 2345 ejecti.
3350 2275 3470 2344 Qua
3505 2275 3572 2330 de
3596 2292 3653 2332 re
3680 2276 3848 2346 profert

2301 2369 2422 2439 ipse
2445 2369 2742 2424 Pennottus
2770 2368 3111 2424 Pnntilieium
3134 2368 3275 2423 Sixti
3301 2367 3549 2439 diploma
3567 2370 3653 2424 lib.
3675 2383 3848 2437 nncap.

2303 2462 2372 2519 55
2400 2478 2550 2517 num.
2577 2462 2631 2517 3.
2660 2461 2768 2517 Sed
2793 2477 2925 2518 vero
2958 2460 3188 2516 naturali
3212 2460 3313 2516 viri
3346 2461 3658 2517 acrimOnize
3680 2461 3852 2516 donan-

2303 2554 2430 2610 dum
2454 2563 2568 2620 est,
2609 2553 2655 2608 si
2690 2555 2812 2624 quis
2848 2554 2902 2608 in
2927 2555 3177 2609 censuris
3204 2556 3413 2624 passim
3449 2553 3676 2610 ferendis
3699 2567 3851 2610 exces-

2304 2661 2398 2702 sus
2423 2648 2474 2702 in
2500 2647 2768 2716 tripartita
2799 2645 3076 2717 ejusmodi
3103 2656 3354 2717 repertus
3379 2648 3581 2715 fuerit;
3605 2650 3719 2705 satis
3737 2649 3849 2703 enim

2304 2741 2374 2798 de
2403 2742 2486 2811 pia
2515 2742 2685 2813 ipsius
2716 2741 2997 2797 voluntate
3017 2741 3176 2797 nobis
3199 2751 3442 2809 constat,
3463 2741 3847 2814 quandoquidem

2307 2837 2599 2894 lectoribus
2646 2836 2924 2892 universis
2966 2836 3200 2906 primum
3252 2839 3502 2892 omnium
3556 2837 3774 2908 promisit
3808 2836 3847 2888 in

2303 2927 2525 3000 prologo
2562 2943 2658 2998 pro
2703 2928 2910 2983 viribus
2938 2939 3262 2983 conatnrum
3305 2929 3587 2986 abstinere
3610 2945 3636 2984 a
3664 2927 3849 2983 lusoriis

2303 3032 2357 3078 et
2375 3022 2637 3076 conviciis
2665 3021 2717 3076 in
2744 3020 3094 3076 adversarios
3113 3021 3485 3092 congerendis
3511 3064 3526 3088 ,
3567 3023 3762 3091 solaque
3780 3033 3847 3074 ra-

2309 3115 2452 3170 tione
2477 3114 2772 3184 pericnlum
2799 3114 3068 3170 facturum
3087 3157 3100 3180 ,
3127 3115 3284 3185 cujus
3317 3125 3502 3173 tamen
3527 3113 3847 3186 promissionis

598 3204 677 3257 siu
726 3204 997 3274 pullulare
1039 3211 1210 3277 coepit,
1241 3212 1304 3264 de
1334 3212 1498 3280 ipsius
1534 3216 1921 3283 prteclarissimi
1951 3221 2198 3279 Ecclesia;
2231 3203 2276 3266 C
2308 3209 2508 3264 oblitus
2534 3223 2714 3263 acrem
2747 3207 2950 3278 stylutn
2982 3217 3293 3280 temperare
3327 3223 3440 3263 non
3473 3210 3636 3264 valuit
3659 3228 3672 3264 ε
3694 3206 3849 3262 multo-

603 3295 825 3350 docloris
872 3299 1155 3369 Augustini
1192 3301 1373 3358 habitu
1415 3322 1477 3359 ac
1514 3307 1576 3361 de
1616 3309 1839 3378 pictura,
1871 3322 1922 3366 et
1951 3315 2193 3372 ordinum

601 3389 903 3460 hujusmotli
925 3393 1271 3462 institutione,
1301 3406 1449 3465 parte
1468 3400 1692 3470 qualibet
1719 3403 2059 3461 diversimorle
2081 3427 2198 3466 sen-

595 3484 776 3548 tiente,
809 3501 868 3538 ac
905 3485 1247 3556 prwtlicanle,
1283 3506 1373 3544 nec
1397 3493 1542 3545 veriti
1569 3504 1690 3547 sunt
1722 3496 1880 3552 libros
1908 3516 2064 3570 super
2094 3501 2197 3558 Itu—

592 3576 834 3648 jusmorli
877 3575 1170 3632 levitatibus
1205 3596 1540 3654 componere,
1575 3602 1760 3658 eosque
1789 3590 1975 3661 legere,
2007 3604 2052 3647 et
2081 3598 2201 3652 aliis

599 3668 846 3740 legendos
879 3671 1115 3740 tradere,
1164 3690 1266 3728 non
1309 3677 1422 3730 sine
1460 3681 1710 3735 scandala
1740 3693 1786 3737 et
1815 3688 2200 3753 perturbatione

597 3761 848 3815 mentium
887 3761 1164 3835 legentium
1204 3779 1253 3822 et
1292 3770 1517 3825 aliorum
1564 3771 1756 3828 Christi
1794 3777 2062 3848 fidelium,-
2109 3801 2198 3856 per

591 3853 811 3924 ineptias
841 3856 1160 3928 hnjnsmodi,
1187 3877 1312 3930 quos
1343 3860 1450 3916 Deo
1481 3863 1783 3938 lucrifacere
1796 3869 2052 3938 deberent,
2074 3853 2196 3946 per-

607 3946 726 4001 (fere
755 3947 1020 4018 festinant.
1067 3949 1179 4004 Nos
1212 3953 1530 4010 attendentes
1560 3959 1700 4029 quod
1730 3961 2071 4020 clarissimum
2099 3966 2201 4022 Ec-

593 4038 765 4094 clesia:
794 4040 964 4095 lumen
995 4044 1341 4114 Augustinum
1362 4058 1550 4118 prwler
1579 4053 1895 4126 episcopalis
1923 4060 2198 4130 dignitatis

588 4130 819 4184 habitum
847 4129 1011 4185 alium
1037 4145 1286 4204 gestasse,
1313 4150 1406 4191 aut
1433 4144 1746 4210 professioni
1773 4147 1963 4201 aliena:
1986 4129 2050 4204 ise
2075 4153 2198 4205 sub-

587 4225 809 4294 jecisse,
845 4232 935 4280 aut
977 4229 1266 4298 (sf/innare,
1304 4242 1393 4286 aut
1434 4251 1642 4306 negare,
1676 4240 1744 4292 ad
1769 4258 1872 4295 rem
1901 4261 2001 4298 non
2033 4249 2198 4318 perti-

600 4325 705 4381 net,
741 4316 840 4370 nisi
865 4330 1113 4389 quantum
1142 4329 1399 4379 contentio
1429 4344 1813 4397 supervacanea
1841 4316 2095 4408 aucupari
2120 4340 2200 4392 ni-

598 4406 750 4472 titur,
780 4425 842 4462 ac
873 4418 977 4463 tant
1001 4428 1208 4467 enorme
1237 4417 1461 4485 fucinus,
1491 4429 1536 4473 et
1564 4423 1882 4492 periculosas
1911 4406 2200 4485 contentio-

599 4517 688 4554 nes
730 4501 794 4556 de
834 4503 1002 4558 medio
1043 4505 1220 4562 tollere
1257 4520 1306 4564 et
1345 4513 1547 4582 penitus
1593 4519 1878 4588 exstirpare
1915 4522 2136 4578 volentes
2180 4542 2196 4579 :

2307 3315 2411 3372 que
2445 3299 2625 3354 acrius
2664 3298 3022 3368 probaremus
3054 3313 3220 3369 Opus,
3255 3299 3360 3355 nisi
3388 3300 3614 3357 Romani
3644 3297 3840 3369 magistri

2304 3393 2446 3448 sacri
2489 3391 2672 3462 palatii
2702 3391 2923 3448 solertia
2957 3391 3271 3462 priusquam
3314 3394 3463 3464 typis
3502 3392 3769 3448 cuderetur
3808 3389 3846 3441 in

2305 3486 2488 3542 multis
2519 3491 2874 3556 temperatum
2900 3493 3066 3541 esset.
3109 3483 3218 3541 Sed
3245 3485 3310 3541 ad
3334 3484 3543 3558 reliqua
3569 3483 3730 3555 capita
3751 3494 3846 3553 pro-

2304 3579 2586 3636 cedamus.

2308 3739 2335 3811 §
2389 3739 2476 3796 Ν.
2536 3736 2820 3794 Nonnulla:
2851 3734 3546 3807 Pcnnottiinconsequentia:
3573 3732 3840 3804 detegantur.

2379 3876 2534 3946 Quod
2563 3875 2628 3932 ad
2658 3873 3164 3946 inconsequentias,
3207 3865 3308 3927 vel
3331 3871 3708 3927 sententiarum
3747 3877 3841 3919 coa-

2303 3970 2606 4027 trarictates
2637 3978 2865 4039 spectat,
2900 3969 3095 4039 quibus
3125 3965 3439 4022 Chronicon
3483 3971 3708 4020 nostrum
3743 3972 3838 4026 spu-

2304 4065 2441 4119 riuin
2483 4063 2777 4118 ostendere
2832 4069 3103 4124 conatur,
3161 4073 3293 4127 rogo
3354 4057 3590 4113 lectores
3629 4049 3837 4110 candidos

2302 4157 2543 4228 judicent
2570 4199 2583 4223 ,
2615 4163 2874 4227 quantum
2926 4151 3126 4223 negotii
3161 4152 3264 4206 hoc
3309 4150 3492 4220 ipsum
3527 4152 3840 4216 argumentum

2305 4253 2533 4305 facessat
2559 4249 2847 4314 Pennatto,
2879 4248 2930 4302 in
2960 4249 3114 4315 cnjns
3143 4259 3309 4315 opere
3341 4241 3659 4299 breviusculi
3681 4247 3841 4300 ιοιιηιοο

2308 4345 2381 4399 ris
2403 4344 2611 4412 studio,
2648 4342 2912 4412 ejusmodi
2943 4343 3122 4410 reperi
3162 4337 3643 4393 coiitradictiones.
3677 4329 3768 4386 Lib.
3791 4341 3834 4389 tt,

2303 4453 2424 4508 cap.
2457 4438 2555 4501 75,
2585 4453 2735 4494 num.
2761 4436 2814 4501 2,
2846 4434 3040 4490 asserit
3068 4475 3083 4501 ,
3114 4431 3361 4487 ordinem
3399 4430 3732 4485 sanctissima:
3750 4420 3837 4508 'l'rif

2307 4507 2493 4585 nitatis
2540 4526 2949 4596 Retleznptionis
2991 4527 3333 4595 captivorum
3382 4523 3452 4580 ab
3485 4507 3832 4576 lnnocentiolll

600 4603 741 4646 motu
767 4596 999 4690 prppria,
1031 4609 1132 4651 etc.
1154 4600 1444 4690 Sttbinl'ert
1471 4611 2049 4671 excommunicationis
2072 4617 2196 4673 lata.-
2229 4595 2280 4654 D
2306 4624 2685 4679 confirmatum
2715 4595 2877 4678 fuisse
2897 4636 3039 4674 anno
3075 4621 3212 4675 l'20')
3237 4663 3252 4687 ,
3281 4621 3463 4690 capite
3491 4631 3616 4672 vero
3641 4602 3834 4679 sequenti

597 4687 884 4778 sententiae
909 4703 1123 4756 poenam
1149 4689 1200 4745 in
1228 4707 1346 4760 eos,
1376 4696 1465 4766 qui
1493 4699 1711 4770 scriptis
1737 4703 1920 4772 editis,
1951 4708 2035 4761 vel
2063 4725 2200 4778 quo-

601 4775 682 4830 vis
726 4777 836 4832 alio
881 4780 1041 4835 modo
1074 4783 1390 4839 alterutram
1433 4798 1638 4856 partem
1683 4793 1998 4863 defendant,
2032 4775 2195 4870 aqua

602 4880 957 4939 prtctcrquam
997 4875 1048 4928 in
1094 4877 1281 4931 mortis
1321 4881 1548 4936 articulo
1579 4899 1605 4936 a
1635 4885 1754 4940 solo
1789 4885 2032 4945 Romano
2060 4891 2199 4947 Pon-

602 4961 748 5016 tilicc
793 4966 1000 5034 possint
1043 4968 1272 5026 absolvi.
1308 4971 1426 5028 Non
1471 4992 1554 5030 tne
1584 4977 1712 5033 latet
1751 4983 2196 5048 gravissimorum

603 5052 978 5127 theologorum
1023 5060 1532 5122 Salinanticensium
1568 5069 1830 5138 judicium
1876 5074 2063 5144 fuisse,
2106 5079 2197 5134 de-

597 5157 806 5204 cretum
855 5152 1188 5224 hnjnsmodi,
1230 5167 1323 5212 aut
1368 5176 1661 5232 numquam
1702 5166 2073 5237 observatum,
2110 5182 2202 5227 aut

601 5238 709 5306 jam
750 5241 841 5295 ditt
873 5260 971 5312 per
1010 5249 1339 5304 contrariam
1383 5256 1828 5310 Consuetudinem
1865 5273 2196 5330 revocatum,

604 5344 701 5383 nec
741 5333 808 5386 ab
847 5334 912 5388 iis
952 5335 1276 5396 dissensisse
1309 5342 1582 5400 illttStriss.
1617 5349 1920 5407 cardinales
1958 5353 2014 5408 S.
2046 5354 2189 5410 Con-

600 5426 932 5494 grogationis
988 5430 1185 5486 Indicis
1230 5434 1490 5493 librorum
1536 5442 1980 5512 proltibitorum;
2027 5464 2188 5506 nemo

601 5527 779 5576 tamen
822 5532 928 5587 est,
955 5524 1046 5594 qui
1089 5541 1194 5581 non
1223 5530 1405 5588 videat
1444 5550 1538 5590 cos
1566 5537 1738 5594 solum
1771 5543 1946 5613 egisse
1973 5544 2041 5602 de
2070 5562 2198 5603 scn-

601 5615 769 5670 tentia
816 5619 1438 5694 excommunicatioais,
1486 5645 1646 5699 quam
1696 5639 2197 5711 contravenientcs,

602 5718 824 5762 mtnime
864 5718 975 5777 jam
1009 5718 1368 5783 incurrerent,
1397 5718 1523 5789 qttia
1551 5739 1656 5780 noti
1687 5741 1807 5784 esse
1840 5730 1890 5785 in
1920 5733 2078 5787 viridi
2107 5735 2200 5789 ob-

601 5800 868 5857 servantia
898 5801 1114 5859 existim
1135 5816 1276 5878 trunt
1303 5825 1316 5880 ;
1348 5823 1614 5882 quatenus
1655 5818 1808 5879 locus
1852 5821 2026 5883 adhuc
2058 5835 2207 5886 esset

2307 4715 2397 4784 (id
2422 4725 2504 4770 est
2529 4716 2593 4768 Τί
2617 4715 2635 4784 )
2659 4715 3034 4768 confirmatum
3065 4711 3194 4766 dicit
3224 4711 3291 4766 ab
3321 4710 3512 4767 eodem
3541 4720 3669 4761 anno
3697 4697 3831 4757 “98;

2306 4819 2360 4863 et
2398 4808 2509 4863 illic
2550 4808 2766 4878 quidem
2807 4806 2974 4862 refert
3019 4815 3276 4861 auctores
3305 4805 3475 4874 ipsius
3509 4803 3686 4857 missos
3710 4792 3835 4848 fuisse

2306 4902 2374 4956 ab
2416 4901 2730 4956 lnnocentio
2776 4900 2842 4954 ad
2886 4901 3174 4954 canonicos
3214 4899 3272 4954 S.
3308 4898 3543 4954 Victoris
3572 4884 3836 4949 Parisicnsis

2309 5007 2405 5062 pro
2437 4992 2775 5062 regularibus
2815 4991 3076 5045 institutis
3112 4990 3487 5056 addisccndis,
3530 4995 3585 5042 ut
3622 4985 3764 5050 liquet
3789 4985 3836 5027 ex

2310 5083 2504 5140 litteris
2527 5081 2842 5153 apostolicis
2869 5082 3110 5152 ejusdem
3138 5082 3436 5138 Innocentii
3464 5121 3480 5148 ,
3528 5091 3638 5149 qua:
3667 5069 3833 5128 exstant
3862 5113 3863 5127 χ

2307 5178 2446 5247 typis
2486 5191 2698 5232 excusas
2736 5175 2828 5230 lib.
2876 5191 2891 5229 ι
2941 5176 3021 5228 sni
3067 5174 3323 5242 llegesti,
3371 5175 3423 5228 in
3464 5169 3648 5240 quibus
3695 5168 3830 5216 tam“

2306 5271 2530 5328 minime
2571 5269 2837 5324 asseritttr
2859 5311 2872 5335 ,
2919 5267 3176 5322 Ordinem
3211 5265 3460 5322 eumdem
3488 5259 3657 5332 regula
3678 5255 3724 5310 S.
3751 5249 3834 5304 Atr

2303 5362 2498 5432 gustini
2532 5359 2701 5414 fuisse
2731 5359 2989 5414 donatum
3019 5374 3032 5422 ;
3077 5369 3132 5411 at
3171 5357 3224 5412 in
3261 5353 3545 5425 posteriori
3583 5350 3663 5405 illo
3689 5340 3822 5432 cttttill3

2305 5425 2374 5510 ἧι
2405 5453 2557 5524 ponit
2585 5451 2728 5508 hunc
2752 5449 3010 5507 Ot'dinctn
3038 5459 3234 5520 quarto
3266 5449 3382 5503 loco
3411 5448 3548 5502 inter
3564 5425 3830 5506 eosquisnb

2305 5546 2366 5604 S.
2406 5523 2694 5616 Augustini
2738 5543 2925 5615 regula
2958 5541 3192 5598 instituti
3230 5550 3392 5604 sunt,
3441 5548 3495 5593 et
3547 5523 3855 5616 nihilominus:

2308 5647 2519 5696 constat
2551 5654 2616 5693 cx
2647 5637 2767 5693 aliis
2806 5637 2996 5691 litteris
3029 5635 3274 5704 ejusdem
3305 5629 3581 5688 Pontificis
3609 5629 3656 5679 in
3682 5619 3826 5674 eodem

2312 5732 2544 5801 Regcsto
2567 5772 2580 5797 ,
2615 5728 2874 5801 peculiari
2905 5728 3160 5784 donatum
3193 5727 3360 5782 fuisse
3389 5723 3572 5794 regula
3598 5717 3660 5771 ab
3683 5707 3828 5767 eodem

2311 5825 2579 5886 l’ontitice
2619 5823 2839 5883 dictata.
2883 5824 2951 5882 At
2997 5829 3147 5882 certo
3191 5820 3390 5880 certius
3434 5821 3552 5883 est,
3598 5803 3831 5872 numam
