3908 6272
93 281 180 339 605
1120 268 1650 328 APOLOGETlClZS
1689 271 1823 329 PRO
1864 273 1928 331 L.
1971 273 2281 332 DEX‘I‘RO.
3254 283 3360 344 606

97 393 341 464 Augustini
368 391 610 462 regulam
639 391 976 448 obscurasse.
1005 390 1235 457 Insuper
1260 389 1521 460 praedicto
1560 404 1650 444 ca-
1677 394 1728 451 Α
1756 406 1863 446 non
1895 392 2096 448 renuit.
2131 391 2392 448 Similiter
2423 392 2520 451 lib.
2554 410 2608 462 ι,
2655 408 2777 467 cap.
2811 396 2870 453 5|
2896 438 2911 463 ,
2941 411 3094 453 num.
3134 397 3185 465 l,
3209 399 3358 456 deri-

95 489 233 560 pitqu
258 488 320 541 ιι
341 485 589 540 ordinem
613 486 957 540 eremitarum
979 484 1046 539 de
1069 483 1253 539 Fabali
1287 483 1437 552 ponit
1465 483 1647 537 diver-

94 595 188 636 sum
212 579 261 632 in
287 594 374 633 sua
396 576 606 645 origine
646 578 714 631 ab
743 576 936 633 ordine
967 577 1320 632 eremitarum
1366 576 1430 628 de
1457 576 1644 630 Britti-

93 675 159 727 nis
180 714 192 737 ,
227 679 279 726 et
316 670 374 724 Β.
416 668 642 725 Joannis
675 670 805 724 Boni
831 715 844 735 ,
875 679 931 724 et
960 669 1317 724 nihilominus
1345 667 1440 722 lib.
1473 683 1488 722 ι
1519 681 1639 736 cap.

95 764 148 818 25
174 760 353 817 num.‘
374 770 427 816 et
444 777 561 830 cap.
582 763 674 828 47,
699 763 750 816 in
776 763 1066 831 principio,
1093 777 1257 816 unam
1284 763 1641 830 eamdemque

91 856 517 927 congregationem
548 854 717 910 fuisse
747 857 1028 910 contendit
1056 870 1178 910 cum
1212 854 1319 909 illis
1348 853 1415 908 de
1451 853 1639 908 Britti-

91 951 156 1004 nis
180 957 227 1002 et
248 947 461 1003 Joannis
485 947 641 1002 Boni.
674 947 880 1001 Rursus
904 947 1001 1002 Ιώ.
1030 963 1088 1015 ιι,
1117 961 1239 1016 cap.
1270 946 1367 1010 30,
1403 960 1552 999 num.
1582 946 1633 1010 Ι,

89 1040 482 1112 augustissimam
514 1049 627 1094 toto
657 1041 786 1095 orbe
820 1040 1105 1095 ecclesiam
1138 1041 1197 1094 S.
1237 1038 1420 1094 Maria:
1455 1037 1522 1092 de
1549 1038 1638 1092 Pi-

89 1137 162 1191 lari
182 1135 353 1190 scribit
379 1133 636 1204 angelicis
665 1134 912 1188 manibus
944 1133 1108 1188 fuisse
1130 1133 1483 1194 tcdilicatam;
1508 1146 1630 1198 cap.

87 1228 258 1283 vero“
287 1227 525 1295 ejusdem
556 1226 675 1282 libri
708 1243 857 1280 num.
895 1227 932 1281 '5
963 1242 991 1280 a
1032 1227 1094 1281 Ι).
1134 1226 1339 1281 Jacobo
1377 1224 1630 1278 Zehcdmi

86 1322 171 1376 filio
207 1321 510 1376 mdilicatam
557 1321 867 1388 contendit,
916 1320 1059 1391 quod
1112 1320 1359 1374 ultimum
1412 1318 1631 1372 verissi-

84 1432 199 1470 mum
223 1430 331 1470 esse
350 1415 546 1469 docent
575 1415 933 1469 instrmneuta
965 1413 1144 1467 omnia
1165 1455 1180 1478 ,
1210 1427 1330 1482 qua:
1359 1413 1408 1464 in
1433 1411 1624 1465 eadem

81 1509 271 1564 ecclesia
297 1516 647 1563 asservantur
668 1550 682 1572 ,
712 1523 832 1575 qua:
863 1522 961 1561 nos
991 1505 1055 1560 ad
1085 1521 1284 1560 annum
1329 1504 1531 1558 (Ihristi
1555 1504 1625 1558 58

78 1599 171 1656 fuse
193 1601 480 1656 retulimus.
516 1601 590 1655 Ita
624 1602 768 1656 enim
794 1599 965 1654 refert
1009 1600 1027 1671 (
1056 1612 1112 1654 ut
1142 1600 1458 1653 innumeros
1487 1598 1625 1652 Doc-

77 1703 192 1747 tores
217 1695 446 1748 omittam
478 1693 497 1763 )
543 1691 790 1748 Calixlus
835 1692 900 1747 ΙΙΙ
931 1692 984 1746 ἱιι
1007 1692 1222 1762 {litteris
1251 1691 1391 1744 datis
1435 1689 1619 1743 Roma:

1753 482 1846 538 det
1872 483 2119 554 Slat'qttez
2143 527 2158 551 ,
2185 486 2329 556 quod
2366 489 2734 543 testimonium
2769 489 2830 543 Β.
2861 489 3108 546 Joachini
3138 491 3354 550 abbatis

1751 584 1936 629 contra
1990 578 2175 646 viginti
2229 577 2573 634 adversarios
2616 591 2762 635 stare
2805 595 2964 650 posse
3007 583 3244 649 dixerit;
3295 594 3347 640 et

1749 667 2102 723 nihilominus
2123 671 2216 724 lib.
2246 687 2314 736 ιι,
2339 686 2461 741 cap.
2493 674 2590 740 18,
2637 689 2788 727 ιιιιιιι.
2832 675 2925 740 10,
2957 675 3094 732 duos
3116 679 3344 732 canoni-

1746 773 1840 813 cos
1864 761 2140 831 regulares
2169 763 2222 816 in
2245 777 2406 818 causa
2433 767 2822 821 canonicorum
2867 771 3086 837 propria
3116 771 3339 840 majoris

1745 867 1866 908 esse
1887 854 2167 910 contendit
2197 857 2542 912 auctoritatis
2565 899 2581 923 ,
2631 873 2791 929 quam
2815 858 3004 915 decem
3036 863 3261 918 Arnoldi
3280 872 3337 920 et

1744 943 2052 1011 Braehesii,
2091 948 2173 1000 vel
2203 947 2366 1002 etiam
2392 948 2677 1004 Trithemii
2725 959 2976 1007 auctores
3017 969 3046 1008 a
3091 955 3149 1008 P.
3181 946 3346 1011 Con?

1740 1039 1978 1093 stantino
2022 1039 2072 1094 in
2105 1055 2281 1095 causa
2327 1040 2386 1097 S.
2442 1041 2731 1099 llerculani
2782 1045 2931 1100 citati
2963 1064 2976 1099 :
3011 1050 3152 1117 quod
3188 1048 3330 1106 idem

1737 1139 1822 1186 est
1846 1171 1862 1196 ,
1893 1141 2053 1202 atque
2088 1133 2270 1189 valere
2309 1135 2477 1204 pluris
2501 1152 2661 1206 quam
2694 1139 2908 1208 triginta
2948 1157 2962 1195 :
2991 1158 3113 1196 nam
3139 1142 3328 1198 decem

1736 1222 1960 1278 Arnoldi
2001 1234 2055 1280 et
2098 1226 2320 1281 totidem
2362 1227 2640 1284 Brachesii
2673 1239 2728 1284 et
2772 1231 3057 1287 Trithemii
3103 1235 3323 1304 triginta

1733 1316 2004 1372 eonliccre
2059 1320 2179 1390 quis
2230 1337 2336 1374 non
2389 1321 2572 1377 videt?
2611 1323 2760 1390 Sed,
2811 1326 2951 1395 quod
2998 1335 3162 1396 caput
3196 1337 3322 1396 est,

1732 1405 2044 1462 Chronieon
2075 1410 2249 1478 ipsum
2274 1411 2457 1467 Dextri
2485 1424 2540 1468 et
2571 1415 2822 1481 Maximi,
2851 1418 2992 1487 quod
3019 1419 3198 1473 citatis
3227 1434 3323 1475 su-

1731 1501 1914 1569 perius
1969 1502 2103 1557 locis
2150 1503 2270 1558 data
2321 1520 2486 1575 opera
2539 1507 2753 1576 rejicit,
2815 1510 3156 1578 postmodum
3211 1527 3320 1568 non

1728 1593 1893 1647 semel
1943 1594 2207 1662 admittit,
2251 1611 2502 1653 asserens
2543 1599 2748 1669 absque
2803 1600 2968 1655 dubio
3015 1602 3084 1657 ab
3136 1603 3318 1674 aliquo

1727 1687 2002 1753 eremitis,
2041 1701 2134 1742 seu
2172 1688 2536 1746 Benedictinis
2575 1691 2795 1747 addicto
2837 1694 3081 1749 vitiatum
3108 1739 3122 1762 ,
3154 1705 3214 1752 ut
3240 1698 3320 1752 vi-

74 1800 117 1839 tx
138 1785 238 1840 Kal.
260 1784 507 1840 Octobris
541 1784 681 1840 1436
709 1785 814 1839 illis
838 1785 1051 1839 verbis:
1077 1783 1275 1836 Christi
1301 1783 1479 1850 [nleles
1507 1798 1620 1834 ma-
1653 1769 1698 1829 Β
1726 1777 1857 1834 dere
1888 1789 1971 1834 est
1999 1780 2140 1836 libro
2165 1797 2181 1836 ι
2207 1825 2221 1848 ,
2255 1797 2376 1853 cap.
2405 1783 2506 1849 56,
2537 1801 2687 1839 num.
2721 1785 2755 1840 4
2781 1796 2835 1841 et
2865 1802 2988 1857 cap.
3029 1791 3126 1855 57,
3163 1806 3314 1848 num.

73 1894 152 1946 9m:
189 1879 440 1932 devotione
487 1895 549 1930 ac
598 1879 923 1932 veneratione
969 1877 1241 1948 imaginem
1280 1875 1511 1947 ejusdem
1555 1872 1618 1927 Β.

74 1968 248 2035 Μαι-ἕω,
281 1979 324 2025 et
347 1973 459 2043 ejus
487 1970 589 2040 ﬁlii
618 1971 669 2024 in
693 1971 919 2040 quadam
947 1969 1150 2037 capella
1181 1969 1411 2042 ejusdem
1440 1966 1622 2022 Eccle-

71 2061 166 2123 siw,
194 2076 294 2129 anc
313 2061 376 2114 de
398 2062 649 2114 mandato
686 2062 837 2116 dicta:
873 2059 934 2113 Β.
968 2059 1156 2116 Maria:
1194 2077 1283 2132 per
1314 2061 1506 2114 dictum
1553 2058 1617 2114 B.

71 2151 273 2208 iacebunt
302 2155 590 2226 fabricata,
625 2166 671 2210 et
702 2155 922 2210 Camera
947 2155 1211 2226 Angelicte
1235 2153 1332 2208 Dei
1357 2153 1620 2224 genitricis

71 2246 116 2299 de
139 2244 285 2300 Pitari
323 2258 662 2319 nuncupata,
700 2248 927 2314 exstitit,
968 2250 1142 2301 colunt
1189 2257 1237 2301 et
1276 2256 1618 2311 verterantur,

70 2351 150 2395 etc.
173 2337 320 2412 idque
348 2341 581 2397 historia
613 2342 832 2412 antiqua
864 2341 1250 2397 venerabiliter
1277 2341 1408 2395 inibi
1438 2356 1623 2395 asser-

73 2447 160 2486 vata
179 2433 385 2503 profert,
411 2435 546 2490 dum
568 2435 765 2490 asserit
798 2435 859 2488 Β.
892 2435 1114 2489 Mariam
1140 2433 1384 2502 apostolo
1413 2432 1620 2488 Jacobo

69 2525 226 2582 dixisse
253 2545 265 2582 :
300 2527 429 2583 Ecce
447 2569 462 2594 ,
486 2527 685 2582 Jacobe
709 2528 807 2596 ﬁli,
833 2528 978 2582 locas
1005 2528 1260 2598 signatus,
1285 2543 1498 2596 meoque
1521 2540 1617 2580 no-

71 2620 163 2672 mini
183 2621 460 2691 deputatus,
481 2622 540 2676 in
562 2637 661 2692 quo
683 2622 736 2676 in
764 2622 863 2678 nui
891 2623 1208 2684 memoriam,
1229 2621 1614 2688 tuaindustria,

71 2728 152 2766 mea
173 2716 368 2769 ecclesia
388 2724 744 2770 construatur.
789 2715 870 2769 Ex
923 2715 1119 2785 quibus
1162 2714 1342 2768 verbis
1385 2713 1618 2769 Olferto-

69 2805 170 2860 rium
197 2808 358 2864 Missa:
390 2808 606 2878 proprii
644 2806 810 2862 officii
847 2808 962 2876 ejus
1003 2806 1125 2861 festi
1173 2805 1304 2861 olim
1344 2807 1617 2876 composi-

71 2907 152 2954 tum
191 2901 298 2956 fuit.
341 2901 603 2958 Canfudit
640 2901 938 2956 Pennottus
973 2900 1279 2956 columnam
1306 2901 1374 2956 ab
1411 2901 1616 2970 angelis

65 2993 234 3048 coalitus
263 2995 608 3064 deportatam
657 3008 780 3048 cum
833 2993 1073 3048 oratorio
1121 2992 1369 3047 manibus
1422 2991 1614 3047 Jacobi

65 3097 101 3140 et
116 3087 466 3157 discipulorum
493 3089 622 3157 ejus
643 3099 954 3144 constructo
979 3130 994 3154 ,
1036 3105 1154 3160 qua:
1186 3099 1364 3143 tamen
1390 3087 1607 3143 diversa

1725 1871 1789 1938 8,
1821 1883 1875 1927 et
1911 1873 2060 1929 alibi.
2109 1875 2185 1930 Ex
2217 1877 2410 1946 quibus
2446 1878 2702 1934 omnibus
2743 1895 3060 1949 persuasum
3097 1883 3302 1949 habeo,

1725 1979 1860 2036 opus
1889 1967 2158 2036 ejusmodi
2182 1985 2288 2024 non
2312 1985 2436 2026 esse
2464 1971 2636 2028 solius
2667 1973 2950 2040 Pennotti,
2994 1976 3088 2031 sed
3125 1977 3194 2031 ab
3219 1978 3321 2032 ali-

1723 2074 1833 2129 quo
1878 2060 2118 2138 officiose
2159 2063 2512 2132 depravatum
2545 2084 2558 2120 :
2597 2081 2719 2124 nam
2750 2067 2853 2122 erit
2884 2068 2974 2138 qui
3018 2069 3320 2126 sententias

1723 2151 2008 2207 sententiis
2029 2193 2043 2216 ,
2076 2162 2130 2208 et
2173 2164 2357 2224 partes
2394 2155 2637 2221 partibus
2683 2159 3018 2212 conferendo
3045 2161 3211 2216 rideat
3241 2162 3321 2216 rel

1723 2245 2061 2299 excandescot
2088 2287 2103 2311 ,
2157 2258 2213 2302 ut
2254 2248 2371 2316 ipse
2409 2248 2477 2303 de
2523 2249 2861 2304 conferendo
2895 2251 3039 2306 inter
3067 2267 3128 2307 se
3162 2253 3317 2308 codi-

1722 2351 1813 2392 ces
1848 2337 2031 2393 Dextri
2060 2338 2198 2395 falso
2226 2338 2520 2395 admodum
2556 2339 2734 2409 dixit,
2783 2342 2877 2398 lib.
2925 2357 2980 2410 ι,
3027 2357 3153 2415 cap.
3197 2343 3266 2400 52
3297 2386 3314 2416 ,

1723 2444 1871 2484 num.
1899 2428 1954 2486 5.

1791 2523 1911 2577 Jam
1943 2525 2084 2594 quod
2115 2534 2324 2595 spectat
2354 2527 2421 2582 ad
2462 2541 2549 2584 res
2577 2529 2786 2585 creditu
2821 2530 3074 2588 difllciles
3100 2574 3114 2599 ,
3146 2547 3312 2591 unam

1721 2629 1833 2685 pra:
1861 2617 2046 2673 multis
2085 2619 2391 2677 habendam
2418 2621 2594 2691 placet
2625 2623 2691 2678 ad
2721 2623 2925 2696 lydium
2965 2625 3232 2695 lapidem;
3263 2628 3318 2684 id

1719 2715 1831 2773 est,
1875 2723 1994 2764 eam
2027 2726 2185 2780 quam
2219 2720 2331 2766 toto
2363 2713 2504 2768 libro
2555 2713 2622 2770 Β.
2663 2714 2722 2769 Ρ.
2757 2715 3057 2773 Pennottus
3089 2734 3317 2790 persua-

1717 2798 1846 2854 dere
1895 2802 2157 2869 intendit,
2212 2803 2598 2860 eanonicorum
2646 2808 2976 2878 regularium
3008 2809 3254 2868 ordinem
3287 2827 3318 2869 ιι

1718 2893 1921 2948 sanctis
1955 2897 2218 2964 apostolis
2250 2898 2563 2954 institutum
2593 2941 2608 2966 ,
2651 2916 2886 2974 eumque
2928 2904 3104 2974 ipsum
3149 2907 3203 2961 in
3235 2905 3320 2963 bis

1718 2986 1806 3056 qui
1863 3002 2006 3042 nunc
2049 3001 2376 3060 supersunt,
2445 3007 2803 3062 perseverare
2846 3012 2859 3050 :
2908 3012 3100 3068 parum
3147 3007 3232 3055 est
3286 3015 3318 3057 ιι

1716 3088 1905 3135 sancto
1947 3082 2248 3153 Augustino
2295 3086 2560 3154 originem
2605 3087 2828 3144 dueere.
2885 3089 2992 3146 Sed
3041 3090 3144 3147 hoc
3202 3101 3313 3151 tam

63 3194 149 3234 esse
170 3183 325 3237 oratio
351 3183 580 3253 pr0pr3a
604 3181 730 3236 olim
765 3183 817 3236 in
843 3181 1102 3251 prtedicto
1130 3181 1268 3236 festo
1297 3182 1414 3236 cani
1445 3181 1606 3236 solita

1718 3187 1896 3227 verum
1928 3183 2044 3242 est,
2078 3190 2142 3230 ac
2172 3177 2215 3230 si
2244 3177 2365 3246 quis
2395 3177 2627 3236 diceret.
2657 3179 2980 3236 Benedictos
3009 3183 3310 3242 monachos

63 3275 342 3338 manifestat;
367 3292 529 3346 quam
554 3274 625 3328 ad
656 3275 731 3330 rei
755 3274 1077 3330 evidentiam
1110 3273 1199 3330 hic
1229 3275 1471 3330 inserere
1497 3290 1603 3328 non

61 3367 296 3432 gravabor.
344 3369 689 3440 Omnipotens
729 3379 915 3423 wterne
959 3368 1100 3422 Deus
1126 3411 1140 3436 ,
1193 3370 1282 3440 qui
1312 3370 1606 3424 sacratissi-

61 3472 161 3509 mum
191 3458 394 3514 Matrem
421 3471 566 3515 tuam
601 3462 735 3514 inter
771 3462 956 3516 choros
980 3464 1279 3535 angelorum
1317 3479 1471 3535 super
1513 3479 1604 3516 co-

59 3545 195 3603 lumna
243 3568 529 3607 marmorea
584 3569 618 3606 a
671 3561 719 3606 te
767 3552 831 3605 ab
879 3554 986 3606 alto
1025 3553 1241 3618 emissa,
1288 3555 1459 3608 renire
1481 3553 1604 3607 dum

58 3641 187 3696 adhuc
227 3645 435 3710 eiceret,
483 3645 741 3717 dignatus
777 3663 832 3699 es
859 3689 873 3711 ,
922 3656 977 3699 ut
1004 3646 1217 3700 basilica
1257 3647 1318 3700 de
1345 3645 1516 3701 Pilari
1545 3649 1598 3700 in

55 3738 139 3806 ejus
173 3737 394 3792 honorem
442 3759 474 3794 ιι
525 3750 909 3811 protomartyre
956 3739 1310 3809 apostolorum
1359 3738 1599 3807 Iacobo,

56 3828 216 3898 tuisque
256 3833 598 3886 sanctissimis
646 3833 916 3899 discipulis
957 3832 1336 3899 mdiﬁcorctur;
1393 3842 1600 3903 pro’sta,

55 3937 312 3992 qmmumus,
351 3937 405 3982 ut
437 3929 555 3999 ejus
587 3927 781 3980 meritis
806 3936 854 3980 et
887 3923 1276 3988 intercessione,
1321 3928 1411 3995 ﬁat
1441 3927 1604 3994 impe-

56 4015 192 4070 trabile
212 4021 336 4088 quod
363 4021 475 4090 fida
502 4028 674 4074 mente
713 4021 994 4088 poscimus.
1035 4019 1135 4086 Qui
1168 4019 1324 4085 ciris,
1360 4027 1465 4073 etc.
1500 4018 1600 4074 Ubi

55 4107 170 4163 vides
190 4113 480 4169 columnam
505 4113 733 4188 quidem
756 4113 876 4184 (seu
899 4110 1098 4182 Pilare)
1122 4112 1188 4166 ab
1218 4112 1324 4164 alto
1347 4111 1600 4166 emissam

55 4204 250 4258 manibus
280 4209 488 4264 scilicet
531 4207 858 4276 angelorum
893 4207 1264 4277 deportatum;
1312 4207 1599 4262 basilicam

55 4304 150 4345 vero
173 4293 229 4350 de
262 4297 452 4364 Pilari,
487 4314 588 4354 seu
623 4298 943 4353 Columnam
976 4314 1004 4352 a
1041 4299 1100 4353 D.
1135 4298 1340 4354 Jacobo
1391 4307 1444 4354 et
1481 4300 1599 4354 dis-

54 4381 202 4449 cipulis
228 4401 622 4445 constructam.

102 4473 224 4533 llitto
261 4482 451 4537 multas
508 4481 762 4537 Pennotti
815 4482 1326 4554 inconsequentias,
1374 4492 1432 4537 ut
1473 4499 1594 4537 eum

51 4567 226 4624 eosdem
263 4586 510 4631 auctores
566 4575 730 4630 modo
781 4576 1060 4642 sublevat,
1103 4577 1265 4632 modo
1297 4575 1592 4646 deprimit,

50 4651 98 4710 de
128 4673 216 4729 quo
238 4661 340 4733 jam
381 4666 663 4731 diximus;
711 4674 918 4722 etcum
963 4683 1158 4722 nomen
1201 4669 1592 4722 monachorum

48 4753 314 4828 quandoque
350 4760 650 4826 latissime,
698 4761 1012 4831 plerumque
1053 4760 1404 4816 strictissime
1447 4761 1593 4814 acci-

49 4842 131 4911 pit,
164 4856 214 4903 ut
256 4851 321 4906 ita
360 4854 617 4909 canonici
658 4854 936 4924 regulares
980 4853 1144 4913 bonis
1194 4855 1591 4906 monachorum

47 4945 422 5017 communicent,
477 4963 591 5002 non
633 4961 762 5002 vero
813 4947 986 5016 poenis
1037 4957 1088 5002 et
1139 4945 1296 5000 malis
1326 4962 1340 5003 :
1372 4955 1425 4999 et
1471 4961 1593 5001 cum

48 5038 168 5086 notas
190 5052 308 5106 quas
329 5039 432 5096 sibi
465 5043 537 5098 ab
562 5041 683 5096 aliis
715 5040 905 5096 inferri
940 5056 1046 5096 non
1081 5041 1316 5111 patitur,
1351 5039 1470 5093 aliis
1504 5040 1589 5094 in—

49 5115 140 5174 icti.
166 5125 279 5196 Sup.
307 5130 422 5186 Lib.
451 5148 524 5201 ιι,
561 5147 682 5202 cap.
716 5136 812 5199 l9,
841 5148 989 5186 num.
1023 5132 1055 5185 8
1079 5173 1092 5196 ,
1127 5130 1443 5201 impaticnte
1489 5131 1594 5186 fert

45 5213 152 5278 Quod
181 5214 234 5270 ιι.
261 5219 318 5276 Ρ.
347 5223 508 5278 Const
531 5225 740 5279 inliuus
768 5222 1061 5294 Cajetanns
1085 5268 1099 5290 ,
1157 5225 1455 5279 canonicos
1501 5241 1590 5280 re-

45 5306 212 5370 gulares
233 5304 396 5370 Bono;
429 5316 621 5370 Patres
647 5327 952 5388 nuncupat;
979 5328 1031 5373 et
1063 5328 1245 5373 tamen
1275 5319 1364 5372 lib.
1395 5334 1433 5384 ι,
1468 5335 1586 5389 cap.

45 5393 110 5458 67.
138 5415 261 5460 num.
287 5408 352 5473 εἴ,
388 5409 532 5480 Mag.
575 5410 839 5466 Joannem
888 5411 1143 5478 Illarquez
1192 5413 1588 5480 patientissime

44 5486 200 5550 Bonum
222 5499 464 5572 .llarquez
485 5512 666 5558 Vocat.
705 5505 1065 5560 Abominatur
1094 5505 1284 5561 itidem
1315 5508 1586 5564 Conslan-

45 5581 174 5644 tiuum
195 5607 519 5653 asserentem
548 5613 616 5653 ex
649 5599 851 5670 putidis
891 5601 1134 5658 fontibus
1171 5603 1462 5658 Herculani
1494 5619 1584 5658 ca-

42 5681 296 5742 nonicatom
343 5690 550 5747 hauriri
585 5707 601 5746 :
634 5702 686 5748 et
736 5701 916 5750 tamen
969 5695 1351 5750 monachatum
1401 5697 1582 5766 Augu-

43 5772 135 5829 stini
155 5789 210 5833 cx
226 5779 451 5840 fontibus
467 5783 673 5857 putidis
702 5787 766 5844 ab
789 5789 1031 5848 crcmitis
1063 5789 1315 5846 haustum
1339 5789 1582 5847 scribere

1711 3262 1951 3333 ejusdem
1983 3280 2103 3321 esse
2125 3267 2331 3323 ordinis
2363 3283 2426 3325 ac
2452 3269 2550 3327 SS.
2576 3272 2901 3338 Antonium,
2933 3273 3312 3347 Pachomiutn,

1713 3360 2043 3418 Ililarionem
2070 3408 2083 3430 ,
2135 3372 2191 3418 et
2233 3374 2502 3433 emteros,
2549 3367 2640 3437 qui
2678 3368 2806 3423 olim
2854 3367 3226 3436 Thebaidem,
3259 3379 3313 3428 et

1710 3451 2039 3509 Palestinam
2073 3457 2419 3514 incoluerunt
2455 3477 2467 3514 :
2498 3469 2592 3516 aut
2625 3475 2815 3516 omnes
2848 3461 3160 3518 universum
3193 3478 3311 3519 mo-

1710 3546 2004 3602 nachorum
2025 3552 2478 3622 eongregationes
2515 3554 2681 3608 etiam
2712 3553 3131 3610 mendicantium
3157 3557 3317 3614 unius

1708 3639 2062 3712 ejusdemque
2109 3658 2233 3699 esse
2275 3644 2511 3711 ordinis;
2555 3646 2698 3716 quod
2749 3648 2794 3701 si
2848 3647 3038 3715 detur,
3089 3665 3198 3705 non
3231 3658 3316 3706 est

1709 3736 2091 3805 ambigendum
2116 3753 2142 3791 a
2176 3739 2379 3794 sanctis
2406 3741 2610 3809 pariter
2641 3742 2906 3811 apostolis
2941 3758 3064 3799 esse
3093 3744 3311 3800 institu-

1711 3835 1814 3884 tos.
1861 3829 2003 3884 Nihil
2029 3830 2174 3884 enim
2205 3832 2349 3886 aliud
2378 3843 2460 3888 est
2490 3835 2746 3903 religiosa
2795 3836 3091 3902 professio,
3145 3853 3309 3908 quam

1708 3919 1772 3974 ad
1819 3921 2192 3989 praeseriptum
2226 3923 2567 3992 Evangelicu:
2599 3923 2953 3993 perfectionis
2977 3927 3142 3982 vitam
3170 3929 3308 3986 diri-

1705 4025 1852 4080 gere.
1885 4010 1994 4066 Sed
2032 4025 2160 4064 vero
2190 4012 2372 4065 nullus
2405 4023 2487 4066 est
2513 4053 2528 4078 ,
2569 4014 2657 4084 qui
2689 4030 2794 4069 non
2820 4015 3039 4083 videat,
3081 4033 3204 4073 cum
3239 4020 3307 4076 de

1706 4105 1962 4176 primtcva
2005 4103 2230 4172 alicujus
2283 4104 2493 4158 ordinis
2550 4104 2762 4176 origine
2811 4107 3135 4177 disseritur,
3195 4126 3303 4169 non

1707 4199 1842 4253 suun
1896 4211 2092 4252 nomen
2133 4195 2381 4264 ordinis,
2435 4199 2588 4270 quasi
2627 4201 2932 4271 generiee,
2985 4218 3092 4274 quo
3141 4215 3301 4275 pacto

1708 4296 1986 4348 universas
2042 4291 2435 4346 monachorum
2509 4293 2802 4366 religiones
2856 4296 3305 4367 comprehendit,

1705 4386 1800 4440 sed
1833 4387 1882 4439 in
1913 4386 2094 4454 specie
2124 4426 2138 4450 ,
2179 4395 2448 4456 quatenus
2479 4401 2584 4440 una
2613 4387 2960 4457 distinguitur
2983 4387 3051 4443 ab
3079 4389 3254 4444 altera
3285 4405 3302 4448 :

1707 4494 1884 4548 neque
1915 4479 2200 4548 quisquam
2231 4478 2447 4533 audiret
2485 4480 2752 4550 patienter
2781 4479 3178 4536 Franciscanos
3208 4490 3302 4536 aut

1625 4551 1676 4614 Ῐ)
1705 4571 2098 4628 Praedicator-es
2124 4582 2273 4627 tanta
2303 4574 2516 4642 pollere
2547 4575 2872 4646 antiquitate
2897 4616 2913 4642 ,
2946 4585 3002 4630 ut
3030 4575 3096 4629 ad
3129 4575 3305 4645 ipsum

1701 4664 1975 4719 Christum
2009 4664 2296 4718 Dominum
2329 4666 2600 4735 originem
2649 4682 2803 4720 suam
2848 4667 3113 4722 reducant
3145 4684 3158 4722 :
3186 4667 3306 4738 quis

1702 4760 1754 4814 id
1803 4760 2042 4815 diceret?
2098 4759 2252 4814 Nunc
2301 4769 2486 4815 autem
2529 4761 2832 4831 regularem
2877 4761 3197 4816 clericatum
3250 4763 3303 4817 in

1701 4854 1896 4908 multas
1963 4853 2248 4924 variasque
2322 4854 2602 4920 familias,
2675 4869 2770 4908 seu
2851 4855 3306 4923 congregationes

1701 4947 1988 5014 di.-tribui,
2030 4963 2133 5002 non
2168 4947 2326 5004 aliter
2366 4958 2531 5018 atque
2585 4947 2964 5002 monachatum
2996 4989 3010 5013 ,
3059 4949 3222 5019 lippis
3251 4959 3306 5006 et

1703 5043 2014 5097 tonsoribus
2042 5051 2207 5112 patet.
2245 5042 2310 5096 Ut
2343 5041 2468 5109 quid
2502 5055 2630 5107 ergo
2673 5056 2793 5094 cum
2839 5041 3021 5110 agitur
3046 5041 3113 5095 de
3141 5057 3304 5098 cano-

1700 5135 1834 5192 uicis
1859 5135 2190 5190 Frisonariis
2210 5178 2222 5201 ,
2258 5145 2348 5188 aut
2380 5133 2842 5187 Lrtterauensibus
2869 5177 2885 5198 ,
2917 5143 3060 5189 totus
3086 5135 3302 5206 religio.

1696 5247 1789 5290 sus
1824 5230 2112 5286 clericatus
2147 5230 2200 5283 in
2235 5244 2399 5283 unum
2435 5242 2632 5296 corpus
2657 5227 2972 5283 coalescens
2991 5229 3304 5299 accipitur?

1697 5340 1897 5399 ergone
1929 5333 2034 5380 tam
2068 5323 2244 5395 indiga
2272 5331 2586 5379 sanctorum
2635 5332 2686 5375 et
2727 5321 3022 5377 illustrium
3053 5324 3298 5378 virorum

1697 5427 1781 5475 est
1809 5418 2015 5490 quaevis
2045 5432 2292 5472 seorsum
2325 5427 2547 5486 accepta
2581 5415 2936 5484 congregatio
2962 5458 2975 5480 ,
3018 5424 3158 5472 ntse
3185 5417 3300 5471 sola

1695 5513 1747 5567 in
1805 5512 1977 5566 lucem
2031 5508 2420 5564 honestissime
2472 5522 2578 5562 non
2627 5508 2802 5577 possit
2843 5507 3036 5562 exire?
3087 5508 3291 5573 Absit;

1692 5618 1880 5659 omnes
1913 5604 2062 5657 enim
2091 5601 2476 5656 illustrissimus
2493 5610 2644 5667 sunt,
2679 5616 2780 5656 nec
2805 5601 3030 5656 aliarum
3060 5599 3295 5653 admini-

1689 5698 1813 5752 culo
1835 5695 2096 5765 indigent.
2125 5695 2316 5750 Restat
2341 5711 2467 5765 ergo
2501 5695 2642 5750 utde
2671 5710 2990 5765 unaquaque
3021 5693 3072 5746 in
3106 5693 3290 5762 singu-

1694 5790 1792 5847 lari
1822 5792 2106 5862 loquamur
2123 5832 2138 5860 ,
2163 5804 2288 5848 cum
2311 5790 2537 5862 originis
2561 5791 2936 5862 antiquitatem
2961 5785 3287 5857 investigare
