3908 6270
568 266 676 329 607

1472 265 1769 323 FLAVIUS
1810 262 2059 325 LUCIUS
2100 265 2385 324 DEXTER
2422 264 2957 327 CIIRONOLOGUS.

571 376 925 435 intendimus.
958 375 1128 447 Igitur
1163 390 1193 430 a
1234 375 1440 432 sanctis
1476 376 1571 431 Dei
1602 377 1866 447 apostolis
1887 378 2159 447 religiosis
2187 382 2237 441 Α
2264 395 2385 434 rum
2412 380 2518 435 sub
2558 380 2781 437 nomine
2807 381 3095 453 Augustini
3125 384 3346 452 citetur,
3376 384 3644 458 reliquum
3670 395 3765 456 est,
3787 399 3836 446 ιιι

571 470 873 540 disciplinis
894 469 1120 524 clericos
1140 468 1389 524 eruditos
1410 468 1649 526 libenter
1671 468 1934 537 fatemur;
1959 484 2167 542 eosque

572 563 855 621 multoties
884 577 914 614 a
944 561 1193 616 conciliis
1230 572 1288 616 et
1320 562 1561 632 patribus
1598 562 1927 619 reformatos
1956 585 1971 621 :
2000 575 2167 621 caete-

570 675 691 715 rum
724 658 857 713 nihil
880 658 1059 713 minus
1078 658 1147 713 de
1169 659 1454 715 monachis
1482 660 1733 717 confiteri
1761 670 2001 731 oportet,
2033 676 2169 732 quo-

572 771 694 813 rum
727 754 779 809 in
817 753 1062 809 conciliis
1086 752 1340 824 frequens
1356 750 1573 825 quoque
1596 756 1802 811 mentio
1830 764 1946 821 est;
1975 756 2170 810 variis-

574 863 679 920 que
726 848 1063 915 temporibus
1097 856 1149 902 et
1194 847 1491 915 provinciis
1534 846 1816 902 reformati
1864 855 2011 902 sunt.
2059 847 2169 903 Nec

577 942 722 998 inter
745 949 1010 1011 utrosque
1042 939 1223 1010 aliqua
1264 939 1597 996 verosimilis
1628 938 1968 995 diversitatis
2008 954 2170 995 causa

578 1035 851 1105 assignari
883 1042 1090 1104 potest,
1124 1032 1171 1088 si
1201 1034 1344 1088 enim
1385 1032 1530 1102 dicat
1559 1033 1679 1104 quis
1721 1032 1951 1088 clericos
1981 1048 2172 1088 omnes

581 1128 635 1182 in
680 1126 930 1181 eumdem
976 1124 1137 1180 linem
1166 1140 1230 1180 ex
1257 1125 1369 1194 ipsa
1398 1124 1700 1179 Clericatus
1731 1125 1949 1180 ratione
1976 1123 2169 1195 dirigi,

582 1218 637 1273 in
664 1232 891 1287 eamque
910 1217 1240 1272 omnimodis
1260 1216 1581 1281 convenire,
1623 1216 1673 1270 id
1706 1225 1818 1280 est,
1856 1216 1907 1270 in
1940 1215 2176 1271 destina-

585 1311 732 1368 tione
760 1309 827 1365 ad
856 1309 1137 1365 servitium
1161 1307 1382 1375 altaris,
1428 1315 1896 1362 sacramentorum
1941 1306 2175 1361 admini-

590 1400 946 1465 Strationciu,
1006 1410 1056 1455 et
1107 1399 1260 1455 verbi
1305 1399 1399 1453 Dei
1450 1400 1925 1469 przedicationem;
1960 1399 2178 1454 differre

585 1508 717 1549 vero
738 1492 892 1563 quasi
914 1490 1324 1547 accidentaliter
1351 1492 1431 1559 (ut
1457 1491 1538 1545 sic
1567 1489 1770 1561 dicam)
1803 1504 1969 1559 penes
1997 1489 2178 1545 diver-

584 1598 674 1639 sas
692 1585 1172 1653 congregationum
1205 1582 1621 1638 constitutiones
1640 1622 1656 1647 ,
1685 1579 1829 1650 quod
1857 1592 2036 1636 tamen
2070 1595 2178 1636 non

584 1676 788 1730 suflicit
814 1675 878 1728 ad
904 1674 1125 1729 ordines
1157 1674 1483 1729 clericorum
1514 1674 1987 1731 diversificaudos.
2028 1673 2183 1730 Sciat

2266 471 2535 527 fateamur
2579 474 2643 529 D.
2674 474 3036 543 Augustinum
3070 476 3236 532 talem
3282 478 3526 548 regulam
3556 478 3839 537 nullatenus

2269 565 2666 633 composuisse,
2699 565 2796 622 sed
2832 566 3181 635 postmodum
3221 569 3368 623 circa
3411 583 3613 624 annum
3652 571 3839 627 Domini

2273 657 2435 723 1100,
2464 673 2532 714 ex
2563 659 2796 729 epistola
2828 659 2955 728 109,
2988 661 3158 718 luisse
3183 669 3518 733 extractam,
3551 677 3709 733 quam
3745 663 3842 734 ipse

2272 752 2341 808 ad
2368 753 2635 809 moniales
2657 753 2924 825 quasdam
2949 752 3199 820 dictavit,
3233 755 3528 811 occasione
3559 754 3840 821 discordia,

2273 861 2435 917 quam
2464 862 2586 903 cum
2616 848 2915 919 prteposita
2947 847 3243 913 habebant,
3277 855 3338 903 ut
3364 864 3430 904 ex
3459 848 3582 918 ejus
3608 860 3843 905 contextu

2276 939 2622 994 manifestum
2643 949 2728 995 est
2750 956 2764 994 :
2794 948 2889 994 aut
2915 939 3200 996 Possidius
3227 939 3541 1010 arguendos
3566 949 3710 996 esset
3731 941 3849 996 osci—

2277 1029 2467 1084 tantia:
2495 1040 2550 1084 ct
2578 1029 2874 1086 oblivionis
2905 1031 3097 1100 (immo
3127 1040 3183 1087 et
3214 1030 3331 1101 ipse
3358 1031 3714 1102 Augustinus)
3739 1031 3847 1088 dum

2280 1132 2386 1176 tam
2412 1122 2645 1177 illustris
2671 1110 2856 1192 operis
2876 1139 2985 1178 non
3014 1124 3350 1189 meminerit,
3377 1124 3523 1195 quod
3551 1133 3724 1181 tamen
3749 1126 3849 1195 ipse

2280 1210 2580 1267 Pennottus
2621 1213 2719 1268 lib.
2747 1229 2786 1278 ι,
2817 1228 2940 1284 cap.
2972 1213 3067 1279 42,
3101 1230 3256 1270 num.
3288 1214 3344 1277 8,
3376 1215 3734 1270 abominatur.
3761 1214 3850 1270 Sed

2283 1320 2395 1360 non
2421 1314 2508 1361 est
2538 1321 2639 1360 cur
2686 1306 2739 1360 in
2773 1320 2834 1361 re
2877 1307 3252 1375 patentissima
3305 1307 3682 1375 immoremur,
3711 1322 3848 1377 quam

2286 1414 2394 1453 non
2439 1397 2615 1452 solum
2662 1397 2954 1453 cardinalis
3006 1398 3373 1455 Bcllarminns
3426 1398 3530 1453 lib.
3556 1398 3626 1455 de
3677 1398 3851 1470 Script.

2289 1489 2497 1544 Eeclcs.
2552 1488 2688 1545 vidit
2733 1500 2786 1542 et
2810 1489 3095 1557 judicavit,
3138 1505 3329 1545 verum
3371 1498 3428 1545 et
3459 1489 3565 1561 ipsi
3609 1490 3852 1558 regulares

2282 1581 2556 1648 canonici,
2603 1596 2634 1635 e
2678 1581 2880 1651 quibus
2911 1580 3101 1637 Simon
3133 1580 3408 1636 Werlinus
3459 1581 3772 1651 pra-positus
3803 1580 3850 1636 S.

2283 1671 2468 1727 Marize
2494 1672 2545 1727 in
2575 1673 2818 1738 Diesten,
2864 1672 2988 1727 data
3021 1687 3190 1743 opera
3238 1673 3291 1728 id
3321 1671 3575 1728 defendit
3618 1673 3673 1727 in
3697 1688 3854 1729 emen-

583 1767 674 1838 qui
714 1768 830 1821 haec
875 1766 1104 1835 dixerit,
1154 1776 1533 1836 argumentum
1583 1766 1836 1821 similiter
1886 1781 2078 1836 urgere
2126 1766 2178 1820 in
2212 1768 2261 1829 B
2286 1765 2508 1821 datione
2539 1766 2741 1836 regulae
2765 1765 3081 1821 monasﬁeae
3111 1765 3170 1820 S.
3206 1764 3497 1834 AuguStini
3522 1765 3740 1836 (excusa
3765 1764 3854 1819 llo-

585 1858 896 1922 ntonachis;
922 1858 1011 1928 qui
1039 1858 1257 1928 quidem
1285 1858 1632 1914 unitormiter
1656 1859 1708 1913 in
1738 1858 1891 1913 vobis
1912 1858 2181 1913 essentia-

592 1951 735 2006 libus
772 1950 1135 2017 c0nveniunt,
1178 1950 1463 2020 solumque
1498 1948 1764 2005 differunt
1803 1965 1902 2019 per
1932 1936 2182 2005 diversas

590 2044 1034 2110 constitutiones,
1064 2059 1184 2115 qua:
1218 2059 1402 2111 parum
1432 2042 1574 2097 inter
1594 2056 1653 2098 sc
1676 2042 1877 2097 distant
1905 2052 2043 2098 :‘nec
2068 2040 2185 2110 plus

591 2138 856 2193 dissident
889 2138 1310 2192 constitutiones
1360 2136 1516 2192 unius
1558 2136 1843 2192 monastici
1877 2136 2087 2191 ordinis
2116 2135 2185 2189 ab

589 2232 742 2295 aliis,
786 2246 946 2300 quam
974 2233 1398 2288 constitutiones
1436 2231 1771 2286 diversarum
1805 2229 2187 2300 congregatio-

592 2341 719 2382 uum
742 2325 1129 2382 eanonicorum
1150 2325 1477 2395 regularium
1515 2326 1657 2380 inter
1676 2339 1821 2381 sese.
1848 2324 2018 2379 Immo
2055 2340 2183 2380 vero

592 2420 1012 2477 mendicantium
1057 2419 1281 2475 ordines
1316 2418 1471 2474 valde
1507 2418 1573 2473 ad
1603 2419 1986 2474 eanonicorum
2026 2418 2185 2473 insti-

589 2522 766 2568 tutum
808 2513 1094 2578 accedunt,
1129 2511 1566 2582 quandoquidem
1591 2510 1821 2566 instituti
1848 2510 2049 2566 suntin
2066 2511 2189 2566 sub-

587 2605 784 2662 sidium
808 2606 1223 2675 episcoporum,
1268 2604 1334 2659 ad
1365 2604 1766 2674 prmdicandum
1795 2603 2017 2659 verbum
2047 2604 2185 2670 Dei,

590 2708 644 2754 ct
666 2696 1093 2754 administranda
1122 2696 1367 2753 fidelibus
1390 2693 1751 2752 confessionis
1772 2704 1827 2751 et
1842 2695 2189 2753 eucharistite

592 2802 959 2847 sacramenta.

664 2882 820 2948 Quod
850 2885 896 2939 si
924 2884 1048 2949 quis
1076 2884 1239 2940 instet
1264 2883 1327 2938 D.
1359 2884 1717 2955 Augustinum
1746 2897 1854 2939 non
1887 2881 2188 2939 intendisse

595 2989 795 3030 novum
821 2977 1205 3032 eanonicorum
1229 2977 1476 3034 ordinem
1496 2976 1756 3034 inducere
1780 2977 1835 3033 in
1855 2975 2184 3042 Ecclesium,

597 3065 695 3121 sed
740 3068 1024 3137 antiquum
1065 3067 1394 3133 reformare;
1428 3084 1533 3139 quo
1564 3070 1658 3125 fiat
1689 3078 1748 3124 ut
1790 3084 1929 3123 unus
1960 3076 2015 3124 et
2044 3066 2187 3122 idem

2288 1860 2466 1914 naehii
2499 1859 2659 1924 1618,
2686 1858 2829 1928 apud
2856 1858 3140 1914 Nicolaum
3180 1858 3507 1929 llenricuni)
3532 1869 3589 1914 et
3618 1858 3854 1914 consentit

2287 1949 2598 2005 Bernardus
2648 1950 2961 2022 Vindirigus
3014 1951 3069 2005 in
3116 1948 3321 2007 Critieo
3367 1950 3643 2021 castigato
3681 1964 3853 2006 excuso

2286 2042 2629 2097 Vellameria:
2660 2042 2797 2098 169.1
2830 2058 2924 2113 per
2953 2042 3249 2114 Georgium
3281 2042 3671 2098 Bledellanum.

2359 2133 2470 2189 Nec
2498 2133 2695 2191 desunt
2738 2135 2794 2190 in
2824 2135 3131 2206 Tripartita
3159 2135 3412 2191 Pennotti
3443 2150 3610 2190 nova:
3635 2148 3780 2189 voces
3802 2147 3853 2186 ac

2287 2226 2475 2295 verba,
2519 2241 2640 2297 qua:
2687 2226 2860 2297 ipsam
2892 2236 3200 2296 suspectam
3230 2226 3367 2281 satis
3398 2226 3637 2282 reddunt
3677 2224 3740 2279 ab
3764 2223 3851 2278 alio

2288 2316 2468 2372 forsan
2499 2319 2663 2373 fuisse
2688 2317 2950 2372 vitiatam.
2996 2316 3097 2385 Qui
3117 2317 3261 2373 enim
3284 2316 3686 2373 suntmonachi
3710 2315 3852 2369 Deuc-

2287 2414 2653 2470 dictinenses?
2680 2424 2774 2469 aut
2811 2415 2933 2485 quis
2962 2415 3197 2483 scriptor
3224 2412 3580 2467 Tuditanus?
3610 2410 3672 2466 Et
3698 2422 3852 2464 mona-

2288 2505 2376 2562 chi
2407 2506 2627 2578 quidem
2679 2522 2710 2562 a
2757 2507 2816 2564 S.
2852 2506 3167 2571 Benedicm,
3202 2503 3548 2560 Benedictini
3597 2511 3848 2561 vocantur;

2288 2599 2776 2655 Benedictinenses
2820 2613 2954 2654 vero
2984 2614 3013 2652 a
3045 2600 3105 2657 S.
3157 2596 3522 2652 Benedictino
3561 2593 3742 2651 deduci
3777 2608 3851 2647 ne-

2289 2708 2442 2750 cesse
2490 2703 2595 2762 est,
2628 2709 2736 2749 non
2768 2708 2799 2747 a
2839 2693 2898 2747 S.
2934 2690 3265 2747 Beneditto:
3300 2701 3357 2745 et
3400 2699 3586 2743 tamen
3625 2697 3729 2742 toto
3759 2683 3849 2738 fere

2288 2802 2457 2856 opere
2486 2786 2685 2863 refugit
2725 2800 2821 2842 eos
2852 2799 3050 2838 vocare
3079 2780 3493 2838 Benedictinos.
3522 2779 3737 2850 Insuper
3758 2776 3850 2832 Lu-

2289 2880 2767 2946 camTudensem,
2809 2886 2868 2934 et
2896 2876 3099 2933 Urbem
3141 2873 3451 2930 'l'udeusem
3491 2886 3678 2928 omnes
3699 2871 3852 2923 hactea

2290 2991 2396 3031 nus
2434 2973 2661 3030 dixere:
2721 2971 2809 3027 hic
2863 2986 2995 3027 vero
3049 2968 3353 3025 Tuditanus
3394 2976 3601 3036 praeter
3646 2961 3848 3019 onmiutn

2289 3066 2741 3123 consuetudinem
2770 3074 3020 3120 vocatur.
3047 3062 3117 3119 Ut
3147 3060 3397 3116 oinittam
3444 3071 3754 3129 procursum
3778 3070 3849 3108 or-

596 3157 731 3214 ordo
769 3158 841 3214 sit
882 3159 950 3213 ab
990 3173 1056 3214 eo
1091 3160 1373 3230 prmeeptis
1412 3160 1660 3215 eruditus
1685 3202 1701 3227 ,
1753 3168 1809 3215 et
1835 3159 2109 3229 antiquior
2155 3173 2185 3213 a
2216 3147 2261 3211 C
2291 3162 2438 3218 diuis
2466 3160 2572 3227 sui,
2608 3175 2705 3230 pro
2750 3157 2958 3214 ordinis
2987 3168 3301 3227 progressu,
3336 3161 3391 3207 et
3424 3152 3679 3207 lectorem
3714 3147 3848 3201 benc-

597 3248 803 3303 sanctis
849 3251 1136 3320 primitivm
1181 3251 1439 3307 Ecclesiae
1487 3252 1738 3308 Patribus
1785 3252 2098 3307 institutus:
2144 3252 2190 3308 is

601 3343 822 3412 inquam
878 3359 1065 3412 parum
1111 3345 1396 3413 proficiet:
1444 3345 1490 3400 si
1545 3346 1688 3399 enim
1747 3344 1807 3399 Β.
1865 3344 2191 3399 Benedictus

602 3449 895 3503 numquam
925 3449 1120 3488 novum
1152 3435 1542 3491 monachorum
1564 3434 1835 3501 ordinem,
1861 3450 1956 3491 seu
1989 3450 2190 3491 novum

600 3540 773 3594 genus
816 3524 942 3579 vitze
972 3525 1217 3581 stabilire
1254 3527 1484 3593 curavit,
1515 3526 1612 3583 sed
1639 3528 2022 3584 ctenobiticum
2052 3529 2194 3584 anti-

601 3631 767 3685 quum
813 3614 1064 3672 erudire:
1115 3617 1256 3688 quod
1287 3633 1352 3674 ex
1385 3618 1565 3689 primo
1589 3619 1788 3690 regula:
1830 3635 1953 3689 cap.
2000 3621 2191 3692 liquet,

603 3710 694 3767 ubi
723 3709 1059 3782 quadruplex
1103 3727 1276 3782 genus
1320 3711 1713 3769 monachorum
1743 3714 2105 3784 prmmittens,
2140 3715 2192 3770 id

600 3816 705 3871 εει,
748 3804 1235 3876 Anaeboretarum,
1275 3806 1708 3872 Cmnobitarum,
1761 3807 2188 3878 Sarabaitarum,

600 3908 656 3955 ct
685 3896 1095 3970 Cyrovagorum
1123 3916 1135 3952 :
1170 3901 1385 3956 ca~teris
1415 3901 1656 3967 omissis,
1705 3902 1774 3956 ad
1818 3901 2195 3958 Cwuobitamm

602 3994 941 4063 fortissimum
987 4010 1149 4065 genus
1197 3993 1596 4066 disponendum,
1646 3995 1924 4065 adjuvante
1975 3991 2193 4067 (inquit)

606 4084 828 4139 Domina
866 4085 1155 4139 veniamus.

678 4175 954 4231 Addamus
987 4175 1136 4230 aliud
1185 4174 1311 4232 huic
1341 4176 1673 4246 proximum,
1705 4191 1806 4233 nec
1840 4176 2023 4234 minus
2049 4175 2193 4233 diffi-

603 4267 710 4322 tile
740 4268 971 4331 credito,
1006 4268 1260 4323 nimirum
1285 4268 1348 4322 D.
1380 4268 1738 4340 Augustinum
1761 4271 2001 4341 regulam
2032 4285 2192 4327 cano-

604 4360 742 4414 nicis
789 4360 903 4414 suis
952 4360 1270 4430 scripsisse;
1316 4361 1459 4431 quod
1507 4372 1685 4419 tamen
1728 4370 2051 4433 argumento
2100 4349 2196 4420 illo

607 4454 877 4521 negativo,
900 4452 1042 4523 quod
1068 4454 1203 4509 alias
1226 4454 1521 4509 Pennottus
1543 4455 1765 4512 evidens
1794 4466 2039 4527 reputat;
2066 4471 2195 4513 con-

2291 3256 2567 3312 volentem
2607 3268 2705 3323 pro
2750 3251 3015 3308 benevolo
3043 3249 3250 3323 dicere,
3282 3246 3442 3303 novis
3479 3256 3628 3303 certe
3662 3240 3847 3298 Vocibus

2293 3364 2477 3405 usum.
2508 3347 2615 3405 Sed
2647 3346 2761 3403 hate
2780 3328 2987 3402 leviora
3018 3352 3167 3400 sunt.

2364 3441 2485 3498 Jam
2511 3441 2578 3496 ad
2600 3449 2834 3506 asserta,
2861 3453 2982 3509 qum
3007 3453 3037 3493 a
3062 3450 3192 3491 vero
3223 3433 3537 3499 dissonant,
3564 3431 3847 3487 descensum

2295 3535 2577 3602 faciamus,
2612 3548 2735 3588 nam
2769 3532 2882 3601 pari
2915 3544 3076 3602 passu
3110 3526 3437 3599 probabitur
3462 3538 3599 3594 opus
3618 3517 3845 3590 Tripirti-

2296 3618 2410 3681 tum
2461 3639 2571 3681 non
2603 3639 2729 3680 esse
2767 3622 2835 3677 R.
2867 3622 2927 3677 P.
2962 3619 3217 3676 Pennotti
3249 3618 3399 3673 docti
3442 3614 3723 3670 admodum
3749 3607 3847 3667 viri,

2296 3719 2366 3775 de
2410 3735 2523 3790 quo
2566 3732 2674 3773 non
2725 3725 2810 3772 est
2866 3712 3287 3771 existimandum
3344 3708 3519 3767 falsas
3564 3702 3848 3763 assertioncs

2297 3811 2617 3881 scripsisse;
2650 3823 2715 3865 ac
2742 3808 2932 3863 Dextri
2960 3805 3297 3869 Chronicon,
3328 3803 3479 3873 quod
3504 3817 3615 3873 pra:
3644 3794 3848 3852 manibus

2298 3912 2413 3970 est,
2452 3903 2641 3961 foetum
2680 3916 2802 3957 esse
2831 3899 3193 3970 suppositum.
3238 3894 3517 3963 Imprimis
3544 3891 3763 3946 alienum
3784 3889 3847 3937 est

2298 4012 2329 4052 a
2355 3996 2588 4051 veritate
2614 3994 2671 4050 S.
2705 3990 3064 4064 patriareham
3098 3986 3457 4043 Benedictum
3506 3981 3641 4038 nihil
3674 3978 3734 4034 de
3765 3973 3850 4028 elc-

2299 4089 2431 4145 ricis
2452 4088 2503 4142 in
2527 4101 2623 4142 sua
2643 4084 2847 4156 [tegula
2876 4080 3241 4151 disposuisse,
3265 4075 3412 4148 quod
3442 4074 3733 4131 Peunottus
3751 4080 3851 4120 con-

2300 4182 2476 4251 ceptis
2500 4180 2679 4235 verbis
2700 4175 3035 4251 scripsitlib.
3067 4190 3127 4243 ιι,
3152 4187 3271 4240 cap.
3308 4170 3401 4234 l8,
3425 4185 3581 4224 num.
3610 4167 3639 4220 l
3660 4172 3712 4219 et
3732 4172 3848 4215 num.

2300 4275 2334 4331 7
2365 4248 2420 4330 in
2467 4273 2573 4329 line
2595 4271 2672 4327 ait
2700 4287 2715 4325 :
2762 4268 2831 4323 ι).
2862 4248 3183 4323 ’Βεηεάὶειαε
3214 4280 3318 4317 non
3368 4270 3427 4316 ut
3458 4259 3677 4319 clericis,
3705 4252 3780 4307 sed
3812 4256 3851 4299 ιιι

2302 4367 2450 4422 laicis
2479 4364 2715 4435 regulam
2759 4362 2878 4417 vita:
2920 4358 3327 4430 pra’scripserut,
3357 4353 3413 4407 in
3454 4370 3559 4423 qua
3597 4350 3660 4403 (ιε
3696 4340 3851 4435 εισξίίί

2303 4432 2569 4513 monachis
2600 4472 2660 4510 ne
2703 4452 2911 4509 verbum
2940 4449 3153 4523 quidem
3179 4445 3418 4501 habetur.
3470 4442 3538 4498 Et
3580 4450 3744 4494 tamen
3769 4432 3851 4486 duo

606 4545 841 4599 vincitur
868 4543 1154 4608 falsitatis,
1189 4546 1284 4599 lib.
1315 4545 1459 4601 enim
1492 4562 1531 4614 t,
1570 4564 1692 4619 cap.
1722 4548 1818 4612 45,
1853 4525 1933 4604 sic
1981 4549 2191 4620 inquit:

2304 4554 2514 4623 integra
2541 4548 2717 4618 capita
2749 4545 2951 4617 regula!
2983 4558 3096 4598 sua:
3132 4540 3233 4611 (id.
3264 4545 3371 4603 est,
3403 4536 3475 4592 tit)
3498 4544 3553 4591 et
3579 4533 3666 4603 ΘΞ)
3689 4525 3852 4623 beatis-

605 4634 670 4690 ln
698 4637 959 4691 Instoriris
988 4648 1350 4710 argumentum
1377 4656 1443 4695 ea:
1463 4642 1709 4710 negativis
1738 4641 1939 4714 probat,
1963 4652 2010 4697 et
2033 4659 2202 4713 quan-

605 4732 774 4800 doque
800 4731 1136 4796 demonstrat,
1186 4740 1240 4785 ut
1267 4734 1475 4802 quando
1506 4731 1763 4789 Historici
1804 4751 1976 4790 omnes
2024 4736 2198 4792 silent.

610 4820 675 4875 Et
716 4820 889 4875 infra:
923 4820 1045 4876 Non
1082 4822 1251 4877 solum
1284 4839 1351 4878 ex
1390 4825 1598 4879 silentio
1625 4842 1894 4881 sacrorum
1920 4844 2201 4894 canonum,

606 4914 697 4966 sed
720 4914 948 4968 amnium
978 4916 1337 4980 conciliamur,
1374 4918 1711 4987 pontiﬁcum,
1750 4920 2120 4987 historiarum;
2144 4937 2206 4975 ea:

610 5004 706 5059 Itoc
734 5017 836 5060 tum
867 5003 1111 5062 concordi
1149 5008 1355 5063 silentio
1385 5026 1488 5064 non
1525 5010 1697 5065 solum
1726 5014 2083 5081 probabiliter,
2113 5032 2198 5071 ve-

608 5119 719 5156 rum
754 5105 903 5159 etiam
933 5106 1334 5164 demonstrativa
1359 5109 1570 5181 sequela
1595 5108 1889 5164 deducitur.
1919 5108 2009 5165 Sic
2041 5110 2202 5180 igitur

608 5212 730 5251 ('llill
763 5198 876 5265 ipse
909 5198 972 5253 D.
1007 5201 1339 5269 Augustinus
1369 5202 1564 5258 librum
1592 5201 2058 5259 Rctractatinnum
2082 5216 2207 5259 sua-

613 5303 734 5343 l'llttt
763 5287 973 5353 fecerit,
1003 5298 1059 5343 et
1085 5291 1136 5345 in
1162 5308 1226 5346 eo
1251 5294 1495 5349 omnium
1523 5295 1787 5350 libroruin
1811 5310 1840 5349 τι
1865 5310 1925 5352 se
1949 5295 2207 5352 hactenus

612 5378 1041 5444 emnpositornm
1086 5384 1429 5451 meminerit;
1476 5401 1707 5458 cumque
1756 5386 2034 5445 POSsidius
2089 5387 2207 5457 ejus

614 5472 916 5541 discipulus
948 5471 1178 5532 indicem
1209 5479 1523 5537 earumdem
1555 5482 1992 5553 copiosissimum
2024 5483 2212 5539 edide-

610 5567 706 5628 rit,
740 5574 933 5620 neuter
963 5574 1148 5621 autem
1189 5569 1256 5625 de
1289 5572 1473 5642 regula
1515 5574 1863 5643 clericorum,
1897 5589 1997 5632 seu
2026 5590 2214 5633 mona-

615 5661 847 5719 chorum
879 5657 1215 5719 mentionem
1258 5666 1470 5735 fecerit,
1502 5669 1805 5739 quinimmo
1838 5687 2013 5743 neque
2042 5688 2214 5744 usque

621 5751 690 5815 ad
739 5768 941 5816 annum
990 5752 1129 5819 ll00
1159 5774 1187 5814 a
1219 5761 1409 5835 quovis
1437 5764 1783 5839 scriptorum,
1817 5774 1915 5827 aut
1957 5766 2215 5828 concilio.

2304 4616 2473 4703 sinitis
2495 4616 2799 4714 prmceptor
2820 4616 2881 4692 in
2913 4633 3271 4707 disponendis
3299 4627 3619 4691 monasterii
3644 4616 3855 4714 sacerdo-

2306 4737 2449 4794 tibus
2477 4710 2776 4790 consumit.
2805 4730 3014 4786 P‘rioris
3044 4728 3232 4783 titulus
3258 4734 3362 4790 cst,
3400 4724 3475 4779 De
3504 4710 3851 4777 Sacerdotibus.

2306 4828 2394 4900 qui
2426 4824 2683 4882 voluerint
2711 4824 2767 4878 in
2792 4821 3109 4878 monasterio
3137 4820 3365 4874 habitare
3386 4833 3405 4872 :
3439 4815 3534 4871 ubi
3564 4805 3784 4900 prmcipit
3812 4806 3855 4852 ιιι

2304 4898 2436 4992 iugo
2466 4917 2672 4989 regula:
2708 4931 2833 4973 sese
2866 4911 3178 4968 omnimode
3207 4910 3466 4977 subdant,
3500 4914 3619 4977 post
3648 4898 3854 4992 abbatem

2314 4986 2501 5069 sedem
2521 4986 2779 5075 habeant,
2802 5009 3030 5063 clericos
3060 5015 3264 5068 autem,
3280 5003 3371 5073 qui
3390 4993 3696 5072 presbyteri
3718 4986 3856 5088 adhuc

2316 5124 2424 5163 non
2472 5114 2618 5171 sunt,
2670 5103 2792 5159 loco
2838 5100 3100 5157 mediocri
3139 5095 3415 5155 collocari.
3454 5084 3765 5149 Posterioris
3804 5084 3857 5133 ti-

2315 5202 2459 5258 tulus
2492 5170 2709 5262 cst,De
2750 5192 3121 5253 Sacerdotibus
3164 5187 3507 5251 monasterii:
3556 5182 3642 5238 ubi
3685 5179 3746 5232 de
3776 5170 3856 5227 his,

2316 5295 2406 5366 qui
2437 5304 2562 5365 post
2604 5288 2989 5348 monaehatnm
3022 5284 3091 5341 ad
3129 5283 3351 5339 ordines
3379 5277 3708 5366 evehuntur_
3724 5263 3854 5366 mulli
3882 5292 3883 5297 π

2317 5356 2578 5459 disponit.
2612 5383 2773 5439 Certe
2799 5382 2844 5436 si
2870 5381 3175 5436 Pennottus
3206 5374 3389 5431 titulos
3410 5371 3651 5441 capitum
3664 5356 3855 5459 dicatus

2316 5449 2599 5537 dumtaxat
2627 5479 2856 5548 legeret,
2888 5474 2957 5529 ab
2980 5488 3044 5535 eo
3065 5484 3252 5527 errore
3273 5467 3627 5521 liberaretur.
3659 5453 3760 5548 Sed,
3780 5449 3856 5502 ιιοε

2318 5573 2495 5633 simile
2523 5581 2608 5627 est
2648 5546 2719 5635 ei,
2754 5567 2895 5639 quod
2942 5566 3011 5621 de
3061 5563 3228 5620 Paulo
3257 5558 3453 5616 Oresio
3486 5554 3673 5611 scribit
3718 5546 3794 5600 lito.
3826 5552 3856 5599 I.

2318 5684 2445 5739 cap.
2471 5666 2564 5731 58,
2598 5680 2744 5721 num.
2780 5664 2834 5725 ι.
2861 5659 3116 5717 nimirum
3151 5670 3348 5714 nomen
3379 5649 3757 5739 monachorum
3776 5641 3857 5739 tant

2320 5734 2427 5826 late
2450 5762 2589 5841 apud
2615 5764 2791 5837 ipsum
2820 5764 3104 5832 acceptum
3135 5752 3299 5812 fuisse
3322 5748 3417 5809 lib.
3434 5761 3505 5804 vn
3521 5758 3628 5801 sum
3643 5734 3856 5798 Omnes”
