3908 6298
34 227 176 295 fill?

1052 218 1586 277 APOLOGETlt.US
1623 215 1762 274 PRO
1798 214 1861 273 L.
1904 214 2211 273 DEXTRO.

3185 215 3294 275 610

30 394 35 407 ι
97 355 174 408 np.
197 338 266 401 l't,
290 333 412 403 quod
440 346 636 389 omnes
674 332 1015 390 Christianos
1044 331 1172 387 illos
1218 332 1575 402 eomprchcn-
1601 333 1651 392 A
1680 338 1859 401 ptum;
1888 329 1979 385 ubi
2001 344 2069 385 ex
2092 329 2339 384 instituto
2359 328 2695 386 sanctissimi
2722 328 3034 386 laudatores
3063 329 3292 387 demon-

99 431 219 493 deret,
248 426 320 498 qui
354 426 417 479 ad
447 441 610 479 unum
649 426 770 494 fidei
794 442 963 495 opus,
993 424 1208 478 dimissa
1251 424 1581 479 stecularium

28 540 33 547 ο
96 538 217 576 munt
238 518 509 573 multimoda
551 518 777 584 actione,
820 534 875 572 se
903 518 1237 587 redigebant;
1283 532 1391 588 quo
1422 525 1584 587 pacto

99 612 403 666 aitPennottus
431 607 596 663 etiam
638 609 868 665 clericos
909 608 1190 679 regulares
1226 608 1329 662 sub
1364 608 1585 663 nomine

98 702 398 758 monachon
440 700 851 771 comprehendi.
886 700 995 757 Sed
1024 700 1070 755 si
1100 700 1265 755 verba
1295 700 1364 753 ab
1389 698 1586 754 Urosio

97 794 331 850 immediate
354 791 585 861 subjecta
632 792 856 863 legisset
894 792 979 865 (ut
1021 792 1267 848 omittam
1300 805 1586 861 perperam

93 888 235 943 citssse
257 900 359 955 cap.
402 886 466 940 l7
491 884 691 950 Orosii,
720 900 842 940 eum
889 884 960 939 sit
987 886 1083 955 55)
1121 884 1283 955 plane
1326 883 1590 953 reperiret

95 995 138 1035 eo
159 978 329 1032 nomine
347 978 697 1032 anachoretas
725 977 874 1032 solos
900 976 1239 1047 intelligere;
1268 976 1339 1031 de
1363 975 1590 1031 Valente

91 1069 286 1141 siquidem
318 1069 627 1139 imperatore
667 1084 856 1140 agens,
879 1054 1157 1137 ementita,
1201 1069 1399 1141 inquit,
1438 1069 1591 1124 liber-

94 1164 174 1217 tatis
203 1162 387 1217 audacia
410 1163 569 1234 legem
595 1162 760 1228 dedit,
793 1170 849 1216 ut
883 1162 1154 1229 ntonaclti,
1185 1163 1282 1216 Itoc
1327 1168 1405 1215 est
1437 1159 1591 1215 Citri-

91 1255 212 1323 stieui,
230 1257 305 1327 qui
326 1254 387 1308 ad
411 1271 567 1309 unum
587 1255 713 1325 fidei
741 1271 894 1325 opus,
920 1255 1137 1311 dimissa
1156 1255 1485 1311 stccularium
1508 1270 1592 1309 re—

30 1412 31 1433 ‘
91 1362 170 1398 run
205 1346 467 1400 multimoda
516 1346 742 1413 actione,
790 1362 846 1401 se
896 1348 1168 1418 redigunt,
1224 1346 1294 1400 ad
1349 1346 1594 1401 milititim

91 1448 332 1509 cogerentur.
366 1439 547 1494 Vastus
572 1441 695 1495 illus
717 1451 838 1494 tunc
859 1438 1084 1512 Λέρῃριὶ
1113 1440 1445 1503 solitudines,
1471 1456 1591 1495 are-

90 1547 226 1599 mque
260 1531 478 1599 diffusas,
529 1548 661 1603 quas
706 1542 919 1604 prapter
965 1534 1109 1587 sitim
1153 1542 1200 1587 et
1242 1533 1592 1599 sterilitatem,

87 1624 590 1694 periculosissimumque
615 1633 910 1694 serpentum
940 1625 1337 1690 abundantiam,
1383 1642 1596 1682 concer-

1686 431 1862 477 strant
1888 422 2309 478 Cisterciensem
2336 424 2605 488 ordinem,
2653 440 2761 480 non
2791 440 2914 479 esse
2946 441 3149 480 novum
3192 425 3293 480 ali-

1686 526 1847 581 quem
1870 512 1924 567 in
1946 512 2191 568 Ecclesia
2215 515 2515 581 inventum,
2548 514 2642 570 sed
2665 515 2875 571 ordinis
2905 517 3189 572 monastici
3216 517 3276 574 S.

1686 601 1751 657 P.
1803 602 2082 658 Bcnedieti
2135 605 2607 661 reformationem.
2654 606 2846 663 Videat
2893 615 3079 663 autem
3127 607 3195 662 R.
3227 607 3289 662 Ρ.

1688 693 1991 749 Peunottus
2045 705 2228 751 utrum
2260 698 2507 753 canonici
2560 699 2839 768 regulares
2887 697 3291 756 Lateranenses

1689 784 1972 840 reformati
2005 800 2102 855 per
2135 785 2589 855 Frigidionarios,
2624 800 2718 843 aut
2762 788 3156 858 Frissmiarios,
3204 792 3291 845 di-

1688 878 1834 933 versi
1879 880 1990 934 sint
2016 879 2230 935 ordinis
2270 895 2333 936 ac
2369 880 2771 937 Lateraucnses
2794 882 3038 953 antiqui?
3064 892 3156 937 aut
3189 883 3292 955 ipsi

1691 970 2046 1037 Frissonsiii,
2088 987 2320 1040 quorum
2371 973 2691 1028 relurmatio
2728 974 2894 1042 coepit
2936 990 3082 1028 anno
3134 973 3294 1041 1400,

1694 1070 1754 1118 ut
1799 1064 1916 1133 ipse
1945 1063 2116 1119 refert
2155 1063 2246 1119 lib.
2282 1079 2366 1129 nt,
2413 1079 2536 1134 cap.
2569 1065 2623 1130 6,
2666 1064 2732 1119 ad
2774 1064 3024 1120 ordinem
3062 1068 3294 1120 canoni-

1692 1170 1884 1213 corum
1916 1157 2245 1229 regularium
2278 1158 2561 1229 antiquum
2603 1173 2710 1212 non
2754 1159 3106 1225 pertineant?
3150 1158 3297 1214 Nihil

1696 1264 1853 1319 mque
1879 1258 1995 1305 toto
2013 1265 2186 1320 opere
2209 1265 2310 1306 suo
2340 1251 2632 1317 abhorret;
2667 1265 2767 1307 nec
2798 1252 3019 1319 mirum,
3049 1266 3172 1305 nam
3209 1267 3299 1308 rc-

1694 1339 1955 1395 l'ormatio
2003 1342 2212 1413 antiqui
2258 1340 2489 1409 ordinis,
2521 1356 2585 1397 ca
2628 1342 2944 1413 praecipue,
2995 1358 3118 1413 qua:
3165 1342 3224 1397 lit
3266 1357 3298 1398 a

1698 1434 1969 1504 religiosis
1997 1437 2133 1491 viris
2176 1435 2430 1491 eumdem
2477 1435 2607 1491 olim
2634 1436 2745 1505 jam
2789 1436 3083 1505 professis,
3115 1437 3211 1491 sed
3243 1436 3296 1491 in

1698 1525 1890 1582 laxiori
1921 1528 2292 1595 observantia,
2342 1529 2411 1584 ad
2443 1544 2678 1599 eumque
2720 1528 2884 1585 linem
2929 1530 3205 1601 dirigitur,
3240 1538 3300 1585 ut

1699 1618 1768 1673 ad
1828 1618 2165 1688 primitivum
2220 1622 2512 1677 reducatur
2567 1621 2704 1677 ordo
2748 1622 3033 1692 vigorem,
3087 1630 3294 1677 tantum

85 1717 177 1768 talio
196 1716 386 1769 humana
412 1732 512 1771 non
548 1728 739 1781 nosset,
768 1735 958 1786 magna
978 1718 1386 1774 cohabitantium
1414 1738 1593 1775 mana-
1622 1709 1672 1770 B
1697 1712 1863 1768 distat
1890 1729 1921 1768 a
1951 1714 2079 1771 novi
2109 1714 2322 1769 ordinis
2362 1716 2792 1780 constructione,
2833 1724 2889 1768 ut
2922 1714 3107 1784 procul
3132 1715 3296 1771 dubio

26 1866 29 1873 _
85 1806 244 1862 ciorum
265 1808 520 1863 muttitudo
549 1809 916 1880 cornplevcrat.
959 1809 1084 1865 Huc
1112 1812 1307 1867 tribuni
1330 1822 1379 1867 et
1405 1812 1593 1868 milites

24 1928 29 1963 ξ
82 1898 299 1969 nissi,qai
326 1909 521 1954 sanctos
562 1916 626 1954 ac
664 1918 805 1956 ceras
849 1903 1041 1957 milites
1089 1903 1189 1958 Ι)εὲ
1233 1905 1340 1958 alio
1387 1906 1594 1960 nomine

83 1990 372 2053 persecutionis
414 1989 802 2059 abstraherent,
851 1993 1215 2065 interfecerunt
1263 1995 1338 2049 ibi
1383 1997 1594 2069 agmina

81 2082 197 2135 multa
218 2082 530 2138 Sanctorum.
566 2084 758 2140 Videat
785 2085 949 2156 igitur
981 2087 1187 2144 velitne
1218 2087 1595 2145 Anacboretas

28 2230 29 2233 η
83 2175 198 2228 etiam
220 2175 276 2231 ad
300 2177 683 2233 cauonicorum
715 2178 1021 2235 institutum
1046 2180 1384 2251 pertrahere,
1416 2197 1596 2252 quan-

22 2268 25 2329 ᾖ
80 2267 224 2320 tumvis
255 2269 516 2325 canonicis
548 2270 830 2340 proprium
874 2271 946 2327 sit
988 2272 1045 2327 in
1092 2272 1337 2330 ecclesiis
1377 2272 1592 2328 urbium

24 2404 25 2419 χ
80 2358 239 2431 degere.
258 2362 355 2419 Sed
376 2363 490 2421 lucc
520 2363 729 2421 leviora
748 2372 896 2421 sunt.

133 2517 154 2589 §
187 2517 239 2575 V.
273 2518 396 2578 Jura
425 2520 781 2577 Cisterciensis
810 2520 1009 2576 ordinis
1047 2536 1080 2576 a
1109 2518 1370 2578 Pennotto
1400 2521 1526 2579 ltcsa

616 2591 989 2664 defenduntur.

126 2723 475 2786 Intolerabilins
519 2738 632 2797 est,
685 2739 742 2786 et
785 2730 856 2788 ab
907 2730 1057 2786 omni
1104 2729 1598 2787 verisimilitudinis

78 2819 204 2886 specie
236 2820 434 2894 longius
459 2822 635 2879 distat
661 2822 806 2893 quod
847 2823 946 2882 lib.
980 2839 1021 2889 ι,
1054 2839 1175 2894 cap.
1208 2825 1300 2890 50,
1333 2840 1486 2879 num.
1536 2825 1594 2893 5,

80 2909 221 2964 asserit
243 2911 629 2970 Cistercienses
650 2914 951 2971 monachos
981 2915 1259 2985 (idemque
1285 2914 1356 2970 de
1381 2914 1601 2971 Vatum-

76 2998 281 3073 brosanis,
318 3003 831 3062 Camaldulensibus
861 3016 918 3062 et
959 3007 1313 3081 Sylt'estrinis
1343 3006 1598 3078 afﬁrmat)

1700 1815 1911 1862 tantum
1952 1807 2178 1879 propius
2214 1807 2420 1878 antiqui
2465 1808 2676 1863 ordinis
2714 1809 2825 1863 sint
2867 1808 3252 1864 reformatorcs
3280 1849 3298 1876 ,

1695 1907 1898 1972 quanto
1952 1898 2273 1955 reformatio
2312 1900 2425 1969 ipsa
2478 1901 2704 1970 proiiius
2744 1899 2812 1955 ad
2872 1915 3057 1956 veram
3104 1900 3301 1955 funda-

1697 2001 1874 2047 torum
1899 1991 2301 2049 institutionem
2331 1993 2563 2047 accedit.
2589 1992 2699 2047 Aut
2724 1992 2995 2063 dical,qui
3023 1993 3133 2063 jam
3158 1994 3301 2050 inter

1697 2083 2077 2139 Minoritarum
2148 2082 2553 2139 diversissimas
2609 2086 3063 2155 congregationes
3117 2085 3301 2141 verius

1697 2175 2056 2232 Franciscaui
2100 2176 2234 2240 sint,
2299 2174 2726 2243 Conventualcs,
2786 2192 2857 2231 an
2903 2176 3303 2235 Observantes?

1699 2266 2021 2332 Rcformati,
2073 2282 2170 2323 seu
2218 2266 2543 2322 Discalceati
2588 2281 2652 2320 ac
2691 2265 2995 2337 Capuciui?
3025 2269 3091 2324 Et
3121 2278 3300 2324 tamen

1698 2360 2110 2418 reformatiores
2140 2360 2397 2416 noviores
2425 2369 2693 2431 perpetuo
2722 2368 2882 2428 sunt,
2920 2360 3100 2431 quoad
3129 2360 3306 2417 refor-

1710 2454 2005 2507 mationem
2055 2450 2394 2519 modernam,
2446 2451 2541 2505 scd
2592 2450 2962 2507 btercditatem
3020 2460 3303 2523 parentum

1709 2545 2043 2616 primitivam
2072 2545 2319 2599 securius
2356 2552 2739 2614 assequuntur.

1771 2638 1924 2693 Nunc
1956 2637 2116 2708 igitur
2143 2636 2409 2707 proferam
2446 2637 2754 2693 testimonia
2782 2637 3127 2693 lundatorum
3158 2638 3307 2694 ordi-

1701 2727 1783 2785 nis
1807 2726 2201 2792 Cisterciensis,
2232 2742 2350 2796 qua:
2377 2726 2479 2797 ipsi
2506 2727 2772 2783 Pennotto
2793 2728 2905 2799 jam
2936 2739 3063 2784 aute
3088 2738 3301 2783 mutua—

1702 2835 1907 2888 veram,
1925 2828 1984 2874 ut
2000 2820 2082 2875 vel
2097 2821 2174 2875 sic
2191 2820 2332 2890 legat
2349 2833 2476 2875 vere
2490 2834 2552 2874 ac
2568 2822 2785 2892 proprie
2798 2836 2827 2875 a
2845 2821 2903 2877 S.
2926 2821 3199 2877 Bettcdicti
3223 2822 3307 2876 in-

1701 2916 1891 2972 stituto
1921 2914 2272 2971 descendere.
2305 2914 2518 2969 Titulus
2550 2915 2669 2970 libri
2696 2928 2809 2971 esr:
2837 2914 3128 2970 Erordium
3147 2917 3308 2971 sacris

1703 3010 1900 3063 ordinis
1923 3007 2275 3063 Cisterciensis
2300 3024 2331 3060 a
2346 3007 2408 3063 S.
2428 3008 2666 3073 Robcrto,
2685 3010 2746 3063 S.
2762 3008 3017 3075 Alberico,
3034 3017 3079 3062 et
3104 3008 3165 3064 Β.
3194 3009 3312 3063 Stc-

79 3107 153 3148 που
173 3099 315 3167 magis
332 3099 399 3156 de
425 3102 487 3155 Β.
515 3101 582 3156 Ρ.
602 3100 875 3157 Benedicti
906 3101 1247 3158 institutione
1279 3102 1593 3159 immediata
1624 3096 1672 3162 C
1701 3099 2514 3176 plumaprimisejusdemordinis
2527 3099 3315 3172 laudatoribus,antequiugeu—

20 3224 21 3229 η
77 3183 367 3263 descendere,
410 3209 580 3263 quam
634 3193 1086 3265 llieronymianos
1138 3194 1410 3250 Ercmitas
1458 3209 1487 3248 a
1540 3195 1603 3250 D.

78 3277 369 3354 Hieronymo:
396 3285 860 3356 quemadmodum
884 3287 999 3357 ipse
1028 3288 1313 3345 contendit
1338 3288 1608 3343 Eremitas

77 3368 432 3443 Augustinianos
482 3379 559 3434 ita
593 3378 810 3446 dictos,
854 3381 976 3450 quia
1022 3380 1209 3451 regula
1256 3387 1314 3436 et
1358 3379 1513 3435 titulo
1546 3380 1610 3435 Β.

22 3498 23 3503 η
78 3463 303 3534 Augustini
348 3486 417 3526 ex
466 3471 729 3542 largitate
776 3471 1073 3542 apostolica
1121 3471 1345 3528 luerunt
1393 3472 1603 3528 donati.

77 3554 329 3618 Meminis-e
351 3565 648 3633 oportebat
678 3578 738 3618 se
764 3562 816 3618 in
843 3562 992 3618 calce
1018 3563 1223 3635 prologi
1253 3565 1570 3633 promisisse
1594 3580 1609 3617 :

22 3650 27 3711 ἦ
80 3642 159 3699 Pro
178 3650 345 3707 viribus
373 3664 633 3724 prestare
652 3657 898 3720 conabor,
930 3664 985 3709 ut
1014 3664 1194 3709 nostra
1209 3659 1339 3729 jura
1360 3656 1471 3711 siue
1493 3654 1620 3711 alio-

20 3778 27 3811 η.
78 3753 165 3793 mu
185 3743 360 3818 injuria
379 3756 661 3814 tueantur;
686 3765 802 3803 cum
825 3750 1147 3820 propositum
1176 3759 1223 3802 et
1248 3750 1464 3803 intentio
1509 3765 1620 3803 mea

20 3844 21 3847 ‘
80 3836 319 3899 nullatenus
365 3844 431 3896 sit
476 3844 711 3897 aliorum
741 3842 981 3896 ordinum
999 3842 1128 3913 jura
1168 3851 1401 3914 tangere,
1452 3842 1531 3896 cel
1560 3843 1623 3895 de

1713 3204 1789 3250 tos
1810 3211 1971 3248 annos
1988 3202 2230 3248 accurate
2250 3193 2615 3264 conscriptum.
2633 3192 2897 3264 Prologus
2911 3210 3041 3249 vero
3065 3212 3079 3249 :
3097 3193 3209 3248 Nos
3227 3193 3316 3248 Ci-

1712 3291 2007 3345 stercienses
2038 3286 2192 3359 primi
2221 3285 2380 3358 hujus
2411 3282 2658 3339 Ecclesite
2686 3286 3010 3357 fundatores,
3053 3302 3319 3341 successo-

1712 3382 1855 3437 ribus
1904 3382 2092 3436 nostris
2135 3380 2270 3451 stg.'o
2308 3380 2547 3451 prtcsenti
2591 3380 2942 3450 notiﬁcamus,
2974 3397 3129 3451 quam
3158 3396 3318 3434 cano-

1716 3474 1850 3540 nice,
1879 3480 2075 3543 quanta
2104 3473 2435 3540 auctoritate,
2466 3488 2496 3523 a
2520 3472 2707 3543 quibus
2737 3473 2893 3527 etiam
2921 3473 3174 3543 personis,
3201 3474 3324 3544 qui-

1719 3566 1911 3637 busque
1934 3564 2245 3633 temporibus
2267 3564 2551 3618 cteuobium
2573 3574 2619 3619 et
2642 3574 2790 3619 tenor
2810 3566 2928 3619 vitta
2946 3564 3156 3619 illorum
3174 3581 3327 3619 exor-

1720 3661 1865 3714 diunt
1886 3660 2194 3727 sumpserit;
2216 3666 2269 3711 ut
2293 3658 2451 3731 hujus
2473 3658 2546 3712 rei
2568 3659 2845 3730 propalam
2867 3659 3069 3714 sincera
3088 3660 3328 3725 veritate,

1724 3751 1950 3805 tenacius
1976 3759 2023 3804 et
2054 3747 2257 3814 locum,
2298 3758 2345 3802 et
2386 3748 2761 3802 observantiam
2799 3763 2991 3803 sancte
3037 3751 3230 3821 regula:
3274 3751 3329 3804 in

1725 3859 1783 3897 eo
1812 3860 1845 3896 a
1869 3841 2013 3896 nob's
2038 3858 2128 3911 per
2149 3841 2248 3895 Dei
2272 3843 2495 3912 gratiam
2523 3852 2799 3913 utcumque
2818 3842 3112 3895 inchoatam
3135 3851 3329 3909 ament,

82 3921 243 3982 illorum
267 3934 595 4004 antiquitate,
633 3933 853 4007 origine,
900 3933 1173 4004 dignitate,
1219 3932 1319 3985 nisi
1345 3941 1490 4004 parte
1531 3932 1628 3985 ad—
1726 3944 1834 3989 etc.
1868 3933 2027 3988 Liber
2057 3947 2188 3987 vero
2215 3933 2293 3987 sic
2323 3932 2529 4001 incipit.
2558 3932 2709 3985 Anno
2733 3934 2796 3985 ab
2825 3930 3195 3986 lucornatione
3224 3933 3334 3986 Do-

80 4032 191 4072 rma
207 4034 426 4095 cogente,
456 4027 513 4079 in
543 4024 646 4080 hoc
675 4040 829 4094 apere
856 4023 1147 4094 disputare.
1179 4023 1325 4077 Bene
1354 4022 1627 4094 promisit,
1731 4027 1859 4081 mini
1887 4026 2046 4091 1098,
2082 4026 2245 4078 beata:
2273 4025 2533 4078 memoria:
2562 4022 2815 4078 liabet-tus
2844 4023 3197 4081 Molistuensis
3229 4026 3339 4081 Ec-

83 4111 153 4165 Sed
186 4116 312 4173 male
335 4118 664 4190 complevit.
694 4116 847 4185 Quis,
877 4131 1088 4187 quasso,
1132 4115 1360 4185 cogebat
1389 4129 1540 4180 cum,
1575 4120 1634 4168 υι
1734 4123 1905 4176 clesitc
1934 4120 1986 4172 in
2006 4116 2306 4188 episcOpatu
2341 4114 2654 4184 Liugoneusi
2676 4114 2911 4186 fundata:
2933 4118 3134 4189 primus
3156 4122 3341 4190 abbas,

82 4206 362 4275 antiquitati,
384 4209 615 4281 origini,
639 4207 893 4279 dignitati
926 4215 1355 4270 totsanctorum
1382 4204 1634 4260 ordinum
1738 4208 2016 4278 etquidem
2046 4207 2277 4280 ejusdem
2304 4204 2523 4260 ταιηοὺἱί
2563 4205 2750 4274 fratres
2795 4207 2864 4260 ad
2906 4224 3017 4264 ven.
3067 4210 3345 4284 Hugoucm

86 4292 358 4370 “nosam?
382 4302 555 4373 Αυιυί
596 4299 828 4356 adversa
864 4313 991 4369 Pars
1031 4297 1164 4353 nihil
1193 4296 1262 4353 de
1294 4296 1491 4352 iniibus
1519 4295 1637 4350 (“5"
1741 4314 1864 4361 tunc
1904 4299 2207 4373 apostolica:
2240 4299 2381 4356 sedis
2422 4299 2667 4370 legatum,
2696 4307 2745 4353 et
2769 4298 3136 4374 Lugdunensis
3168 4304 3350 4360 Eccle-

85 4393 239 4460 seruit,
263 4402 319 4450 ut
342 4395 411 4451 ab
450 4396 551 4451 illa
578 4402 804 4451 coactus
835 4392 1135 4469 diceretur.
1178 4391 1245 4446 Et
1272 4399 1444 4456 certe,
1474 4391 1519 4443 si
1551 4404 1598 4444 re

1745 4400 1838 4454 sia:
1866 4395 2333 4469 arcltiepiscOpum,
2364 4402 2628 4463 venerunt,
2654 4394 2811 4449 vitam
2852 4413 2998 4465 suum
3041 4397 3135 4451 sub
3178 4408 3353 4453 custo-

88 4480 142 4535 ita
160 4500 210 4540 se
230 4484 471 4555 haberet,
492 4497 562 4542 ut
589 4485 809 4551 scribit,
838 4483 1125 4540 tolerabile
1141 4490 1438 4552 utcumque
1468 4492 1598 4538 esset

1706 4483 1718 4532 θ
1745 4492 1835 4546 dia
1852 4491 1913 4548 S.
1943 4490 2135 4561 regula:
2156 4488 2422 4544 Benedicti
2441 4504 2496 4543 se
2514 4488 2844 4544 ordinaturus
2866 4490 3184 4562 pollicentes;
3205 4502 3252 4547 et
3272 4493 3354 4546 id-

89 4588 242 4640 Parum
278 4579 421 4635 enim
453 4590 654 4637 nostra
688 4576 920 4634 referret
966 4584 1148 4630 utrum
1196 4575 1480 4645 promissis
1529 4574 1644 4629 suis
1748 4585 1887 4640 circo
1913 4583 1981 4636 ad
2006 4584 2102 4636 hoc
2124 4580 2330 4635 liberius
2353 4581 2759 4652 exsequendum,
2783 4593 2837 4637 ut
2859 4584 2931 4637 eis
2953 4590 2998 4635 et
3021 4585 3104 4637 sui
3129 4583 3359 4655 jut'ami-

89 4674 231 4725 sum
253 4687 453 4741 necne;
484 4681 587 4728 ἔπη
616 4672 660 4727 εί
687 4671 758 4727 ab
781 4670 966 4741 aliquo
988 4683 1244 4739 umquam
1273 4668 1326 4723 id
1352 4668 1407 4723 in
1430 4676 1649 4724 οοηῐΐοο
1751 4674 2260 4745 nis,apostolica'que
2279 4673 2605 4728 auctoritatis
2620 4673 2777 4727 robur
2795 4675 3102 4745 porrigeret,
3120 4660 3361 4730 constan-

90 4761 237 4816 vcrsia
260 4765 493 4834 positum
527 4764 762 4830 fuisset,
810 4776 917 4817 non
963 4761 1352 4826 reclamarcm;
1382 4770 1474 4814 aut
1507 4761 1554 4816 si
1581 4760 1647 4816 ad
1754 4776 1829 4823 ter
1848 4767 2166 4839 ﬂagitantes.
2192 4766 2423 4831 Quorum
2444 4775 2559 4819 rota
2580 4768 2781 4838 legatus
2802 4765 2889 4820 ille
2911 4766 3142 4820 ltctunter
3164 4768 3359 4837 favens,

90 4864 275 4908 “unum
302 4856 421 4927 ipse
446 4871 564 4913 non
597 4855 848 4922 habet”,
870 4868 994 4909 enm
1025 4854 1144 4909 hinc
1184 4852 1486 4918 scribebat.
1510 4852 1652 4908 unde
1759 4859 1850 4913 tali
1877 4855 2100 4930 epistola
2128 4856 2329 4910 exordii
2352 4872 2528 4911 eorum
2556 4856 2955 4926 [initiamentqu
2969 4856 3118 4928 jecit.

90 4945 260 5001 certior
308 4948 422 5004 ﬁeri
468 4948 690 5003 valeret
734 4946 803 5003 de
842 4961 974 5002 vero
1017 4945 1402 5003 Cistercicnsis
1448 4944 1654 5000 ordinis

92 5036 305 5103 ειοτάῖο,
358 5038 730 5095 nihilominus
797 5039 1166 5109 ignorantiam
1236 5037 1602 5093 condonarcln
1640 5054 1656 5092 :
1765 5044 1962 5114 legatus
1992 5042 2216 5097 Roberto
2258 5041 2606 5096 Molismensis
2644 5040 2844 5107 abbati,
2880 5051 2929 5094 et
2960 5022 3211 5111 fratribus
3251 5060 3370 5097 cum

92 5138 213 5183 uarie
232 5140 403 5187 autem
435 5147 549 5186 non
584 5130 766 5187 solum
799 5129 957 5185 diczis
979 5130 1096 5186 suis
1128 5143 1235 5184 non
1265 5137 1396 5195 stat,
1428 5128 1522 5184 sed
1547 5143 1660 5183 rem
1767 5150 1826 5189 eo
1846 5134 2128 5190 secundum
2157 5135 2390 5205 regulam
2423 5132 2483 5189 S.
2510 5132 2776 5186 Benedicti
2805 5132 2911 5186 Deo
2937 5133 3134 5188 servire
3160 5135 3371 5207 cupen-

96 5229 353 5291 Mmqmm
384 5224 438 5277 in
465 5222 855 5279 controversia
881 5221 1136 5291 positam.
1167 5221 1437 5292 librisque
1466 5229 1520 5276 et
1549 5230 1667 5276 ιοιι-
1746 5217 1925 5282 ἰξιηιε.
1963 5225 2159 5279 Notum
2185 5227 2254 5279 sit
2284 5225 2523 5280 omnibus
2550 5224 2613 5277 de
2641 5224 2701 5278 δ.
2736 5223 2924 5278 Matris
2957 5223 3203 5280 Ecclesiw
3243 5243 3371 5297 pro-

94 5310 282 5369 soribus
310 5314 690 5382 notissimam,
741 5312 949 5383 absque
988 5311 1100 5369 ullo
1144 5311 1522 5379 fundamento,
1571 5312 1666 5368 sed
1774 5324 1916 5393 fectu
1941 5318 2301 5390 gaudentibus,
2330 5334 2417 5372 ros
2444 5329 2491 5373 et
2519 5316 2763 5389 quosdam
2790 5316 2928 5387 ﬁlios
2954 5329 3147 5374 vestros
3181 5318 3371 5374 Molis.

98 5416 223 5460 mera
244 5422 337 5463 sua
366 5410 685 5473 voluntate,
710 5413 765 5462 et
791 5404 1069 5461 scribendi
1090 5403 1375 5460 celeritate
1399 5404 1668 5475 abnegat:
1780 5413 1971 5466 mensis
2000 5409 2217 5464 caznobii
2258 5411 2442 5481 fratres
2488 5408 2731 5480 Lugduni
2780 5411 2833 5463 in
2881 5421 3056 5465 nostra
3104 5414 3377 5483 prtcseutia

99 5510 156 5553 eo
182 5504 480 5571 prtesertim
525 5510 808 5569 tempore,
836 5515 944 5571 quo
981 5514 1012 5555 a
1049 5514 1136 5554 me
1163 5506 1453 5569 acceperat
1481 5497 1674 5555 librum
1779 5502 2059 5569 adstitisse,
2091 5517 2153 5555 ac
2183 5500 2377 5573 regula:
2416 5500 2481 5556 Β.
2527 5499 2812 5569 Benedicti,
2857 5519 3014 5573 quant
3055 5504 3179 5557 illuc
3219 5518 3378 5575 usque

103 5594 289 5651 exordii
310 5592 715 5653 Cisterciensis
740 5592 968 5659 ordinis,
992 5607 1099 5647 non
1121 5591 1190 5647 ab
1210 5592 1393 5662 aliquo
1418 5591 1682 5663 scriptore
1784 5594 1953 5665 tepide
1981 5610 2044 5646 ac
2071 5593 2387 5664 negligenter
2415 5593 2468 5647 in
2507 5593 2687 5647 eodem
2731 5595 3044 5649 monasterio
3090 5596 3377 5661 tenueritis,

104 5685 343 5750 moderno
365 5732 383 5757 ,
415 5688 521 5750 sed
574 5684 654 5744 ab
698 5683 830 5757 ipsis
857 5684 1103 5757 ejusdem
1135 5683 1515 5742 laudatoribus
1552 5686 1685 5743 scri-
1788 5686 1981 5744 arctius
2010 5684 2249 5754 deinceps
2271 5693 2426 5756 atque
2452 5685 2729 5757 perfectius
2755 5684 3005 5742 intuerere
3030 5684 3156 5741 velte
3177 5684 3378 5756 profes-

1834 4948 1993 5021 Ilugo
2022 4948 2323 5018 Lugdunen.
2352 4947 2762 5019 archiepiscopus
2802 4956 2849 5002 et
2891 4948 3192 5020 apostolica:
3233 4950 3368 5005 sedis
