3908 6330
579 258 682 318 611

1473 251 1767 311 FLAVIUS
1806 246 2055 307 LULIUS
2094 240 2374 303 DEXTER
2415 242 2948 307 CIIRONOLOGLS.

3745 249 3825 310 εις

578 391 663 432 sos
694 375 893 447 fuisse:
922 375 1063 447 quod
1087 374 1209 445 quia
1236 370 1289 425 in
1318 369 1430 424 loco
1458 368 1706 437 prtedicto
1740 365 1976 440 pluribus
2013 366 2173 434 impe-
2200 362 2253 419 A
2278 378 2382 436 que
2413 363 2567 419 nobis
2593 364 2795 420 coloris
2826 363 3043 419 habitus
3073 362 3458 431 mutationem,
3489 376 3646 435 quam
3671 362 3823 421 nihilo-

577 467 835 521 dientibus
858 468 1026 520 causis
1046 471 1245 519 constat
1266 462 1408 516 adiat
1415 459 1544 529 pleri
1562 476 1663 514 non
1681 474 1852 529 posse,
1875 473 1966 511 nos
1988 456 2178 511 utrius-

578 575 676 628 que
702 559 863 631 partis
891 555 1068 622 saluti,
1099 555 1334 609 videlicet
1355 553 1476 607 inde
1501 552 1867 619 recedentium,
1896 559 2050 621 atque
2068 547 2178 602 illic

572 648 949 702 remanentium
978 646 1322 719 providentes,
1360 646 1413 699 in
1448 643 1622 699 locum
1660 643 1820 698 alium
1860 658 2011 714 quem
2039 640 2178 695 vobis

572 739 749 794 divina
775 740 993 811 largitas
1024 739 1390 812 designaverit,
1418 738 1697 800 declinare.
1727 737 1899 808 ibique
1919 736 2177 791 salubrius

559 840 727 903 atque
754 833 979 903 quietius
1022 832 1244 887 Domino
1289 831 1555 905 famulari
1584 832 1713 886 utile
1754 831 2000 885 duximus
2045 831 2174 900 fore.

581 923 739 979 Vobis
767 941 889 995 ergo
916 932 1039 978 tunc
1064 924 1399 997 praesentibus
1429 923 1650 980 Robertu
1696 922 1893 988 abbati,
1933 921 2180 992 fratribus

572 1032 771 1085 quoque
820 1015 1078 1084 Alberico,
1129 1015 1325 1083 Odoni,
1361 1015 1578 1083 Joanni,
1610 1014 1901 1087 Stephano,
1937 1011 2175 1080 Letaldo,

575 1119 622 1162 et
654 1106 831 1173 Petro,
864 1109 953 1164 sed
982 1118 1029 1164 et
1059 1111 1296 1164 omnibus
1325 1126 1452 1181 quos
1490 1108 1796 1181 regulariter
1832 1117 1880 1163 et
1916 1108 2180 1163 communi

575 1200 793 1254 consilio
824 1200 962 1255 vobis
992 1201 1188 1256 sociare
1216 1202 1564 1271 decreveritis,
1594 1200 1690 1257 hoc
1718 1210 1952 1256 sanctum
1981 1216 2176 1272 prapo-

572 1293 732 1345 situm
760 1308 981 1359 servare,
1014 1302 1064 1348 et
1093 1304 1215 1347 tunc
1245 1294 1620 1363 constituimus,
1652 1307 1699 1349 et
1724 1305 1779 1348 ut
1803 1295 1856 1349 in
1886 1294 1982 1348 hoc
2007 1310 2177 1365 perse-

571 1386 755 1439 veretis
786 1385 1137 1456 praecipimus,
1170 1395 1217 1442 et
1244 1389 1553 1443 auctoritate
1581 1388 1866 1459 apostolica
1900 1405 1992 1460 per
2017 1386 2177 1460 sigilli

575 1478 740 1531 nostri
765 1478 1155 1550 impressionem
1184 1480 1238 1534 in
1270 1490 1575 1552 perpetuum
1601 1482 1994 1549 conﬁrmamus.

646 1569 883 1640 Pergunt
909 1580 1163 1627 auctores
1189 1588 1447 1629 enarrare
1480 1574 1712 1643 qualiter
1742 1574 1866 1629 inde
1893 1573 2176 1630 disceden-

574 1667 656 1717 tes
676 1660 730 1717 in
755 1661 1012 1719 Eremum
1037 1662 1288 1721 Cistercii
1309 1667 1687 1736 convolarunt,
1714 1666 1951 1738 inibique
1974 1666 2177 1722 Cister-

2281 458 2460 513 minus
2510 471 2577 513 cx
2630 457 2832 529 regula:
2864 458 3186 528 praescripto
3233 458 3454 514 licuisse
3502 457 3671 514 facere
3695 459 3825 515 nostri

2282 549 2679 605 contendebant
2710 564 2831 619 cap.
2865 550 2937 607 55
2968 565 3118 622 reg.,
3148 549 3217 606 de
3246 564 3350 621 qua
3381 549 3544 605 etiam
3578 550 3829 620 quastione

2281 642 2390 712 agit
2415 641 2530 711 ipse
2559 641 2863 697 Bernardns
2890 644 2943 697 in
2970 641 3234 713 Apologia
3253 642 3320 697 ad
3339 640 3675 698 Guilielmum
3701 640 3833 696 abba-

2281 741 2412 801 tem,
2446 733 2537 788 uiii
2566 733 2813 790 ordinem
2841 734 2901 790 S.
2931 734 3207 791 Benedicti
3236 748 3396 791 suum
3422 733 3583 804 pleno
3607 748 3697 790 ore
3720 733 3836 790 ordi-

2281 841 2403 882 nem
2432 835 2610 885 vocat.
2638 828 2716 883 Ex
2741 827 2824 884 his
2849 828 3015 899 igitur
3036 827 3239 894 videat,
3255 842 3463 899 quaeso,
3479 826 3623 883 ΚΡ.
3645 826 3840 882 Pennot-

2282 930 2367 976 tus
2394 931 2655 993 quantum
2685 922 2908 993 deroget
2952 922 3341 979 Cisterciensis
3390 919 3600 977 ordinis
3641 919 3837 992 intibus,

2281 1026 2402 1068 cum
2432 1013 2605 1085 ipsum
2636 1028 2666 1069 a
2699 1014 2760 1068 Ι).
2792 1022 3177 1085 protoparente
3207 1013 3505 1070 Benedicto
3532 1013 3739 1069 minime
3761 1013 3840 1069 de-

2280 1105 2541 1162 scendere
2563 1106 2772 1162 scribit.
2802 1106 2989 1177 Neque
3009 1107 3256 1180 estquod
3276 1114 3555 1173 censetur,
3579 1107 3698 1162 dum
3720 1105 3842 1161 videt

2280 1202 2644 1257 communiter
2671 1202 2741 1257 ab
2769 1202 3087 1260 auctoribus
3126 1218 3233 1258 non
3275 1202 3463 1260 vocari
3506 1202 3842 1274 congregatio-

2281 1309 2403 1349 nem
2426 1295 2866 1363 Cisterciensem,
2895 1295 2990 1351 sed
3012 1295 3259 1352 ordinem
3282 1296 3566 1361 absolute;
3599 1295 3697 1349 hoc
3723 1293 3841 1349 enim

2280 1401 2388 1440 non
2416 1385 2545 1442 facit
2566 1403 2690 1443 eum
2719 1388 3032 1445 discernere
3057 1389 3125 1445 ab
3154 1389 3347 1446 ordine
3372 1389 3543 1444 sancti
3577 1386 3841 1453 Benedicti,

2280 1481 2432 1549 quasi
2464 1468 2827 1539 essentialiter
2846 1482 3120 1538 diversum
3151 1482 3250 1554 (ut
3273 1480 3616 1538 scholasticis
3634 1480 3740 1537 suis
3760 1489 3846 1535 ter-

2280 1574 2440 1629 minis
2482 1573 2700 1647 loquar)
2740 1573 2836 1630 sed
2877 1574 3319 1640 accidentaliter;
3362 1589 3465 1647 qua
3498 1574 3567 1631 de
3601 1589 3660 1631 re
3684 1573 3798 1629 alibi
3823 1588 3847 1628 a

2282 1668 2435 1723 nobis
2484 1668 2656 1725 fusius
2704 1675 2991 1725 tractatum
3040 1678 3144 1736 est,
3186 1667 3239 1724 in
3268 1667 3491 1739 speciali
3518 1667 3771 1740 opusculo
3793 1668 3847 1723 de

571 1755 753 1811 cicnsc
784 1757 1095 1813 coenobium
1123 1768 1572 1828 construxerunt,
1604 1776 1669 1817 ex
1699 1777 1805 1830 quo
1831 1760 2174 1831 postmodum
2208 1750 2253 1811 Β
2284 1762 2499 1832 propria
2531 1761 2929 1832 significatione
2956 1760 3119 1831 huius
3145 1761 3293 1817 vocis
3325 1761 3491 1816 Ordo.
3536 1759 3680 1817 Idem
3718 1774 3849 1831 pror-

569 1846 633 1902 B.
668 1849 939 1921 prmcipue
965 1850 1244 1906 Bernardo
1270 1860 1596 1922 procurante
1625 1852 1943 1908 reformatio
1980 1853 2092 1923 ipsa
2120 1852 2175 1908 in

572 1944 829 2003 universo
855 1948 985 2003 urbe
1013 1958 1304 2022 prepagata
1327 1958 1430 2006 est.
1453 1949 1671 2006 Minime
1695 1966 1827 2022 ergo
1850 1953 1974 2007 novi
1999 1950 2176 2008 homi-

572 2051 672 2092 nes
700 2052 731 2092 e
760 2038 959 2095 saeculo
988 2053 1179 2095 recens
1208 2039 1414 2108 educti,
1461 2040 1712 2098 ordinem
1751 2041 2168 2100 Cisterciensem

569 2128 964 2201 instaurarunt,
998 2131 1092 2187 sed
1124 2133 1377 2189 monachi
1409 2133 1747 2192 Benedictini
1780 2137 2016 2193 coenobii
2059 2136 2171 2195 blo-

569 2220 863 2291 lismensis,
907 2240 973 2281 eo
1021 2228 1273 2296 permoti,
1305 2227 1447 2299 quod
1474 2229 1717 2300 regulam
1747 2245 1905 2301 quam
1940 2228 2169 2300 professi

568 2314 782 2373 fuerant
813 2318 993 2389 tepide
1043 2320 1205 2376 nimis
1249 2321 1359 2377 illic
1407 2321 1670 2378 hactenus
1714 2323 2164 2381 observaverunt.

572 2407 713 2464 Nam
733 2410 831 2464 viri
860 2412 946 2466 isti
968 2412 987 2483 (
998 2420 1055 2466 ut
1083 2427 1203 2484 cap.
1235 2414 1268 2469 4
1299 2413 1530 2482 dicitur)
1564 2414 1705 2487 apud
1738 2414 2037 2471 Molismum
2068 2432 2167 2490 po-

565 2502 674 2573 siti,
704 2504 895 2575 stepius
924 2505 1056 2560 inter
1077 2522 1152 2575 se,
1189 2505 1284 2561 Dei
1316 2509 1487 2580 gratia
1516 2509 1754 2581 aspirati,
1788 2508 1850 2563 de
1876 2519 2167 2580 transgres-

563 2598 706 2653 sione
732 2597 926 2671 regula:
946 2598 1009 2654 Β.
1052 2599 1315 2655 Benedicti
1356 2601 1535 2657 Patris
1580 2603 1949 2658 monachorum
1992 2603 2170 2675 loque-

564 2691 770 2760 bantur,
792 2702 841 2749 et
864 2694 1312 2750 contristabantur
1337 2696 1561 2751 videntes
1584 2714 1637 2752 se
1659 2705 1966 2769 craterasque
1988 2714 2169 2754 mona—

563 2787 685 2841 eltos
710 2786 844 2843 lianc
869 2778 1102 2861 regulam
1128 2788 1343 2844 solemni
1368 2790 1687 2862 professione
1712 2800 2005 2847 servaturos
2046 2810 2168 2864 pro-

563 2877 791 2945 misisse,
840 2895 1053 2948 eamque
1107 2880 1315 2935 minime
1362 2883 1666 2939 custodisse.
1711 2881 1781 2939 Et
1821 2893 2031 2956 propter
2073 2885 2168 2939 hoc

561 2970 858 3040 apostolica:
881 2972 1017 3026 sedis
1046 2973 1202 3046 legati
1240 2975 1552 3030 auctoritate
1597 2976 1708 3045 (uti
1742 2975 2164 3049 prtelibavimus)

558 3063 628 3118 ad
653 3064 788 3118 hanc
817 3064 1146 3122 solitudinem
1178 3079 1229 3124 ut
1261 3071 1637 3143 professionem
1662 3089 1811 3126 suam
1838 3072 2161 3127 observantia

2277 1868 2372 1909 sus
2398 1852 2466 1909 de
2492 1852 2612 1909 aliis
2635 1852 3111 1910 reiormatiouihus
3139 1852 3346 1908 ordinis
3376 1852 3552 1910 sancti
3598 1850 3847 1909 Benedicti

2275 1949 2615 2005 sentiendum
2647 1957 2750 2014 est,
2780 1964 2903 2004 nam
2929 1948 2986 2004 S.
3017 1945 3374 2015 Romualdus,
3405 1961 3435 2002 a
3462 1960 3572 2019 quo
3597 1944 3848 2002 Camaldn-

2272 2042 2475 2108 tenses,
2502 2041 2562 2098 S.
2591 2039 2831 2099 Joannes
2861 2041 3209 2105 Gualbertus,
3242 2055 3271 2096 a
3299 2054 3406 2113 quo
3431 2038 3848 2103 Valumbrosanl,

2272 2142 2328 2190 et
2372 2134 2430 2189 S.
2480 2134 2762 2199 Silvester,
2813 2148 2842 2188 a
2891 2149 2999 2204 quo
3042 2132 3378 2201 Silvestrini,
3426 2133 3682 2191 monachi
3731 2131 3849 2204 nigri

2273 2234 2449 2295 erant,
2484 2232 2539 2281 et
2561 2224 2807 2282 ordinem
2837 2240 2993 2280 suum
3025 2223 3327 2281 reformare
3354 2232 3734 2296 procurarunt.

2342 2321 2515 2388 Quale
2545 2322 2709 2376 etiam
2742 2331 2827 2377 est
2856 2319 2988 2376 illud
3021 2319 3163 2391 quod
3194 2319 3292 2374 lib.
3330 2335 3393 2389 ιι,
3430 2334 3555 2391 cap.
3588 2319 3677 2385 73,
3718 2333 3847 2374 num.

2273 2415 2325 2484 1,
2359 2414 2658 2470 Pennottus
2685 2413 2922 2469 asserit:
2955 2412 3020 2466 At
3052 2429 3152 2467 non
3182 2411 3356 2467 solum
3399 2412 3674 2480 originem,
3700 2424 3851 2465 rerum

2270 2509 2425 2561 etiam
2453 2509 2743 2580 prtecipuos
2770 2507 3117 2561 illustratores
3143 2522 3207 2560 ea:
3232 2505 3412 2559 eodem
3443 2503 3629 2559 ordine
3653 2504 3850 2558 canoni-

2270 2618 2445 2657 corum
2472 2604 2594 2673 ipse
2624 2601 2751 2656 ordo
2798 2600 3114 2654 monastieus
3149 2597 3388 2675 accepit?
3417 2597 3508 2653 ubi
3545 2595 3850 2653 enumeratis

2271 2695 2543 2750 nonnullis
2572 2695 2796 2757 sanctis,
2830 2694 2923 2764 qui
2956 2692 3021 2748 ad
3057 2691 3441 2748 Benedictiuos
3481 2704 3551 2745 ex
3596 2688 3853 2745 canonicis

2270 2786 2399 2842 olim
2428 2785 2712 2840 transitum
2738 2783 3005 2852 fecerunt,
3025 2782 3320 2839 subiniert:
3344 2781 3423 2836 De
3450 2780 3852 2836 Cisterciensibus

2270 2897 2351 2935 res
2396 2878 2567 2934 adhuc
2608 2878 2774 2933 multo
2816 2878 2982 2949 magis
3006 2877 3285 2951 conspicua
3315 2883 3408 2942 est,
3438 2891 3557 2930 cum
3587 2891 3716 2930 unus
3746 2872 3854 2927 lla-

2272 2971 2492 3042 lac/tias,
2508 2971 2766 3044 regularis
2787 2971 3070 3025 canonicus
3097 2969 3147 3023 in
3169 2967 3428 3023 Hibernia
3453 2974 3553 3035 tot,
3572 2966 3856 3023 Cistercien-

2269 3065 2402 3118 sium
2422 3062 2651 3118 coenobio
2672 3062 2983 3133 fundaverit,
3009 3077 3125 3115 cum
3143 3062 3345 3133 integra
3363 3062 3731 3117 canonicarnm
3757 3056 3859 3115 mo-

559 3154 624 3211 S.
656 3157 848 3230 regulte
876 3123 1377 3231 adintplerent,'etc'.
1421 3163 1781 3219 Snbinfernnt
1825 3162 2022 3219 deinde
2067 3180 2161 3220 au-
2188 3123 2235 3190 ο
2266 3156 2493 3212 nasteria
2521 3156 2588 3209 ad
2620 3154 2978 3211 Cistercienses
3008 3153 3324 3221 transierint,
3357 3162 3415 3209 ut
3461 3162 3601 3224 patet
3646 3154 3700 3207 in
3741 3152 3858 3207 Alra

556 3258 737 3307 ctores
759 3250 967 3307 litteras
988 3254 1312 3321 apostolicus
1337 3255 1540 3313 Urbani
1568 3255 1631 3323 ll,
1657 3267 1709 3313 et
1733 3256 2009 3314 Paschalis
2032 3258 2160 3315 item

553 3339 621 3410 11,
644 3343 804 3399 Rom.
827 3343 1173 3416 Pontificum,
1197 3348 1428 3405 duorum
1457 3349 1817 3429 cardinalium
1843 3361 1895 3408 et
1918 3353 2160 3422 episc0pi

556 3434 960 3508 Cabilonensis,
992 3438 1253 3510 lunasque
1279 3441 1415 3497 alias
1447 3443 1656 3512 praelati
1688 3443 1928 3514 [Iugonis
1966 3445 2153 3515 legati,

555 3530 754 3602 quibus
794 3520 1112 3587 reformatiu
1161 3532 1275 3604 ipsa
1320 3538 1643 3591 conﬁrmata
1688 3545 1790 3591 est.
1843 3536 2160 3607 Eodemque

552 3638 781 3694 prorsus
825 3634 982 3697 pacto
1023 3626 1306 3682 conferunt
1348 3627 1589 3685 historici
1638 3643 1827 3685 omnes
1874 3630 2157 3686 exordium

548 3723 817 3783 nostrum,
850 3723 909 3771 nt
937 3715 1122 3774 videre
1146 3726 1228 3774 est
1249 3718 1389 3789 apud
1413 3719 1731 3784 Cmsarium.
1761 3720 1857 3777 lib.
1889 3739 1903 3778 l
1949 3722 2157 3796 Dialog.

547 3804 956 3873 Miraculorum,
987 3823 1110 3880 cap.
1158 3811 1223 3876 l;
1270 3810 1615 3867 Vincentium
1665 3813 2053 3872 Belvacensem
2103 3817 2156 3873 in

547 3899 710 3971 Spec.
739 3900 942 3958 llistor.
969 3901 1064 3959 lib.
1113 3918 1247 3965 xxv.
1273 3919 1393 3973 cap.
1421 3904 1490 3962 94
1513 3915 1567 3962 et
1590 3907 1690 3973 93;
1721 3916 1777 3964 et
1799 3908 2155 3979 Antoninum,

539 4007 608 4049 ex
641 4008 708 4050 cu
734 3993 800 4050 ad
830 3994 1086 4061 verbum;
1122 3995 1473 4068 Sigibertum,
1507 4014 1605 4056 seu
1633 4000 1762 4071 ,cjus
1806 4004 2156 4061 continuato-

539 4099 655 4141 rem
704 4085 1026 4154 Robertum,
1069 4088 1137 4143 ad
1179 4104 1381 4146 annum
1436 4090 1603 4159 1098;
1655 4103 1710 4149 et
1741 4104 2009 4166 quotquot
2034 4097 2158 4168 ejus

537 4177 745 4234 ordinis
769 4178 977 4235 exordii
1011 4178 1415 4239 meminerunt:
1447 4193 1502 4240 et
1534 4185 1829 4244 novissime
1857 4188 1999 4259 apud
2030 4189 2139 4245 Au-

536 4268 752 4326 bcrtum
773 4272 1038 4339 Mirmum,
1064 4274 1363 4332 Barnabam
1386 4275 1454 4333 de
1480 4276 1775 4345 Muntalvo,
1801 4280 2142 4339 Bernardum

536 4359 604 4416 de
648 4361 797 4419 Brito
839 4363 891 4420 in
936 4362 1220 4422 Chronicis
1261 4366 1625 4438 Cistercens.,
1682 4371 2137 4443 esactissimeque

534 4451 587 4508 in
614 4451 823 4511 Laurea
856 4455 1175 4526 Evangelica
1206 4456 1270 4514 R.
1305 4458 1596 4516 admodum
1620 4460 1681 4516 P.
1706 4477 1771 4518 ac
1792 4462 2141 4520 celeberrimi

530 4544 675 4614 apud
718 4545 1177 4603 Salmanticcuses
1216 4548 1504 4619 theologia:
1552 4551 1879 4622 professoris
1932 4554 2132 4625 publici

532 4635 626 4692 Fr.
656 4637 845 4709 Angeli
878 4637 1178 4710 Maurique,
1227 4649 1287 4696 ut
1327 4642 1643 4700 innumeros
1687 4644 1821 4701 alios
1859 4647 2134 4703 omittam.

525 4727 819 4786 Notatione
847 4730 1005 4801 digna
1032 4741 1159 4787 sunt
1187 4732 1350 4788 verba
1370 4731 1591 4790 Caesarii
1622 4754 1635 4790 :
1662 4734 1779 4792 Hoc
1803 4748 1977 4794 autem
2003 4757 2139 4811 pra:-

527 4820 691 4889 ﬁxum
720 4832 914 4890 teneas,
948 4823 1113 4878 nostri
1138 4832 1401 4881 auctorem
1428 4842 1537 4881 esse
1568 4827 1829 4897 Spiritum
1857 4841 2138 4902 sanctum;

527 4912 878 4969 institutorem
908 4914 971 4971 S.
1004 4913 1376 4984 Benedictum;
1408 4920 1751 4976 invocatorem
1780 4940 1897 4978 vero
1925 4942 2139 4981 venera-

524 5001 678 5057 bilem
706 5003 943 5061 abbatem
974 5005 1274 5063 Robertum.
1311 5007 1447 5066 Hinc
1486 5009 1633 5067 inter
1681 5012 2007 5072 reformatus
2049 5018 2138 5073 Ci—

522 5097 850 5156 stercienses
893 5108 948 5155 et
991 5100 1384 5158 Cluniacenses
1429 5111 1547 5159 orta
1595 5104 1694 5159 fuit
1722 5108 1974 5176 quaestio,
2015 5125 2136 5181 quae

524 5189 838 5262 frequenter
885 5193 1025 5249 inter
1068 5193 1389 5251 reformatus
1415 5205 1470 5251 et
1497 5211 1606 5251 non
1635 5197 1963 5257 reformatus
1992 5203 2136 5275 ejus-

525 5281 647 5339 dem
677 5282 887 5339 ordinis
916 5284 986 5341 de
1010 5285 1378 5353 observantia,
1422 5302 1521 5344 seu
1572 5291 2008 5362 transgressione
2046 5312 2135 5354 re-

524 5372 666 5444 gnlm
696 5374 827 5429 oriri
872 5376 1037 5444 solet,
1087 5392 1249 5449 quam
1303 5378 1489 5435 videre
1539 5379 1669 5437 licet
1718 5384 1860 5453 apud
1910 5385 2132 5445 Petrum

527 5461 799 5520 Venerab.
848 5465 943 5521 lib.
989 5481 1073 5536 Ill,
1122 5470 1282 5537 epist.
1316 5471 1367 5526 in
1399 5472 1471 5527 28
1502 5471 1567 5528 ad
1597 5473 1655 5530 3.
1688 5474 2048 5547 Bernardum,
2080 5489 2134 5536 et

518 5551 616 5611 lib.
650 5569 705 5622 v,
737 5553 902 5627 epist.
940 5555 1026 5621 16,
1058 5558 1125 5613 ad
1154 5562 1432 5631 eumdem,
1468 5562 1559 5618 ubi
1592 5566 1883 5637 respondet
1928 5569 1996 5624 ad
2040 5570 2128 5639 12,

518 5645 777 5703 articulos
820 5645 1023 5717 regula:
1049 5647 1108 5704 S.
1139 5648 1203 5703 P.
1236 5648 1537 5720 Benedicti,
1578 5654 1630 5710 in
1673 5655 1870 5727 quibus
1908 5658 2132 5717 Clunia-

511 5750 617 5797 ens
648 5750 709 5799 es
733 5734 971 5798 deiicere
994 5739 1318 5799 tenebantur
1346 5756 1378 5800 a
1397 5742 1874 5822 Cistercicnsibus,
1909 5749 2125 5824 objicit-

2264 3249 2471 3304 abbatia
2490 3249 2858 3304 canonicorum
2876 3248 3199 3321 reqularium
3220 3245 3605 3317 Leodiensinm,
3628 3263 3779 3316 quam
3800 3244 3855 3301 S.

2265 3343 2563 3399 Bernardus
2593 3342 2646 3396 in
2678 3342 3045 3397 monasterium
3082 3340 3502 3396 Cisterciensium
3541 3340 3789 3395 mutarit:
3815 3348 3859 3392 et

2264 3437 2329 3491 de
2352 3439 2524 3508 priore
2543 3436 2839 3491 monasterii
2861 3433 3203 3491 Eboracensis
3222 3451 3339 3490 cum
3363 3436 3601 3490 omnibus
3622 3436 3726 3506 fere
3744 3433 3859 3487 dicti

2262 3532 2562 3586 monasterii
2582 3529 2827 3604 fratribus
2848 3531 2918 3583 ad
2939 3530 3295 3585 Cistercienses
3317 3530 3567 3601 profectis
3582 3546 3675 3601 pro
3689 3527 3859 3601 quibus

2261 3625 2373 3688 ipse
2413 3621 2483 3680 D.
2514 3623 2810 3677 Bernardus
2857 3623 2926 3675 ad
2964 3622 3196 3676 abbatem
3246 3620 3631 3677 Eboracensem
3670 3620 3860 3692 scripsit

2261 3716 2534 3787 epistolam
2560 3733 2677 3788 qua:
2705 3725 2776 3770 est
2811 3716 2865 3769 in
2910 3716 3094 3770 ordine
3135 3713 3238 3780 93,
3285 3732 3349 3770 ea:
3389 3732 3616 3788 quorum
3661 3729 3860 3769 numero

2260 3811 2465 3866 videtur
2514 3810 2672 3880 fuisse
2716 3809 2781 3864 B.
2833 3806 3165 3878 Iluinbertus,
3215 3811 3366 3883 cujus
3406 3809 3594 3865 laudes
3618 3806 3858 3863 recensuit

2260 3905 2393 3958 idem
2417 3902 2480 3958 B.
2508 3901 2803 3957 Bernardus
2828 3902 2881 3955 in
2904 3902 3116 3973 proprio
3133 3916 3367 3956 sermone
3387 3901 3453 3955 de
3468 3901 3648 3956 eodem
3669 3899 3854 3954 habito.

2260 3995 2387 4051 llazc
2415 3995 2527 4051 ille.
2551 3993 2659 4051 Sed
2685 3992 2942 4065 quidquid
2969 3992 3037 4049 de
3059 3992 3256 4048 horum
3280 3991 3518 4049 veritate
3540 3994 3633 4059 sit,
3653 3991 3862 4047 videant

2260 4086 2516 4154 lectores,
2547 4086 2637 4158 qui
2664 4102 2730 4142 ex
2760 4085 2968 4141 duobus
2999 4085 3197 4141 fuerint
3222 4085 3506 4154 illustrati,
3531 4084 3777 4141 canonici
3801 4080 3861 4136 ad

2258 4178 2652 4236 Cistereienses
2692 4177 3096 4233 reformationis
3143 4192 3207 4233 ac
3253 4179 3562 4233 sanctitatis
3606 4182 3863 4249 pra-textu

2259 4272 2642 4344 adipiscendae,
2671 4279 3036 4337 transeuntes,
3062 4256 3128 4325 an
3153 4270 3551 4328 Cistercienses
3574 4270 3863 4326 canonicos

2259 4369 2381 4424 sinu
2423 4382 2522 4424 suo
2552 4364 3003 4437 complectentes,
3036 4374 3089 4420 et
3118 4371 3177 4420 ut
3204 4363 3272 4420 ad
3301 4365 3634 4421 altissimum
3666 4360 3865 4419 sancti-

2261 4461 2386 4517 tatis
2435 4460 2707 4530 fastigium
2756 4457 3094 4515 evehentes?
3136 4456 3246 4514 Aut
3292 4458 3521 4514 dubium
3571 4457 3869 4514 sanctiores

2253 4554 2406 4620 iacti,
2444 4552 2681 4608 illustres
2727 4550 2922 4608 redditi
2962 4557 3118 4619 sunt;
3154 4567 3261 4607 non
3307 4551 3457 4608 enim
3504 4550 3758 4608 canonici
3804 4547 3868 4602 ad

2244 4646 2645 4703 Cistercienses
2694 4645 3048 4714 transierunt,
3105 4650 3163 4700 ut
3210 4659 3305 4701 eos
3356 4642 3726 4709 illustrarent,
3778 4650 3868 4698 aut

2242 4740 2588 4811 perlicerent,
2616 4736 2710 4797 sed
2745 4745 2802 4792 ut
2833 4735 3183 4808 perfectiores
3214 4744 3270 4793 et
3298 4734 3633 4793 illustriores
3661 4735 3860 4793 redde-

2243 4842 2455 4890 rentur.
2491 4831 2583 4889 Sic
2614 4831 2670 4886 in
2719 4830 2882 4886 simili
2924 4845 3053 4887 casu
3104 4830 3318 4887 censuit
3368 4828 3685 4887 Bernardus
3736 4832 3875 4902 ipse.

2242 4927 2759 5000 ait(cpist.14%):
2804 4924 2943 4993 Hoc,
2990 4925 3223 4996 inquam,
3271 4925 3370 4980 hoc
3416 4943 3637 4996 prorsus
3673 4942 3768 4981 eos
3817 4925 3875 4977 de

2248 5020 2540 5077 illustribus
2580 5018 2809 5074 reddidit
2851 5018 3185 5087 illustriores,
3231 5018 3523 5073 sanctiores
3554 5018 3618 5074 de
3647 5020 3873 5081 sanctis,

2247 5126 2294 5170 et
2325 5114 2634 5185 ubicumque
2658 5112 2956 5186 divulgatus
2986 5120 3060 5167 est
3080 5127 3247 5166 sermo
3269 5110 3389 5176 iste,
3434 5112 3655 5185 replevit
3700 5112 3879 5166 omnia

2249 5207 2407 5263 odore
2436 5206 2709 5261 suavitatis
2730 5245 2743 5259 .
2769 5243 2784 5259 .
2810 5243 2824 5259 .
2862 5203 3032 5273 Quam
3060 5200 3177 5259 lato
3207 5203 3327 5257 sinu
3354 5203 3568 5275 collegit
3605 5220 3699 5259 ros
3742 5203 3881 5257 niui-

2250 5296 2423 5351 titudo
2451 5295 2887 5361 Cisterciensium,
2916 5301 3023 5348 etc.
3056 5292 3209 5360 Quod
3238 5293 3281 5347 si
3313 5293 3519 5349 dixerit
3546 5295 3697 5366 quis,
3728 5294 3879 5351 0rdi~

2248 5403 2372 5444 nem
2402 5388 2562 5443 etiam
2607 5395 2851 5442 nostrum
2892 5385 3150 5440 illustrari
3202 5382 3442 5440 adventu
3487 5386 3680 5442 talium
3726 5390 3874 5443 viro—

2243 5495 2387 5548 rum,
2438 5477 2490 5535 id
2531 5475 2753 5534 minimc
2779 5491 3059 5548 negamus,
3095 5474 3189 5532 sed
3219 5490 3326 5530 non
3355 5476 3522 5533 aliter
3547 5495 3719 5550 quam
3762 5478 3878 5536 illa-

2243 5574 2437 5628 strium
2484 5570 2762 5626 hominum
2806 5584 2837 5625 c
2876 5567 3073 5623 smeulu
3112 5567 3457 5624 venientium
3489 5568 3563 5626 ad
3593 5571 3876 5635 ordinem,

2242 5662 2363 5734 quis
2394 5678 2505 5719 non
2535 5657 2727 5717 videt?
2754 5674 2921 5729 quare
2951 5673 3104 5728 aeque
3132 5658 3393 5715 srcculum
3430 5663 3613 5731 ipsum
3644 5660 3876 5735 glnriari

2243 5753 2472 5829 pulerit,
2501 5751 2642 5827 quod
2672 5751 2891 5810 ordines
2917 5748 3204 5809 universos
3234 5747 3624 5810 illusiraverit.
