3908 6272
103 179 184 241 613

1099 167 1630 230 APOLOGETICUS
1670 167 1805 226 PRO
1845 170 1906 226 L.
1952 168 2254 227 DEXTRO.

3225 167 3331 228 θη

147 298 386 368 Negamus
410 298 671 366 prseterea
700 289 758 348 S.
782 287 1100 346 Malachiam
1131 288 1293 346 fuisse
1315 291 1633 347 canonicum
1663 292 1710 351 A
1740 287 2068 355 Bernardus,
2104 288 2192 359 qui
2226 301 2467 360 praesens
2491 285 2619 354 fuit,
2641 295 2828 344 contra
2861 261 3162 347 Gilbcrtum
3197 290 3328 346 Por-

102 389 369 461 regularem,
385 402 506 442 cum
527 384 701 441 verius
721 383 792 438 sit
814 383 1134 437 monachum
1152 393 1412 454 perpetuo
1431 385 1619 451 fuisse,

98 493 138 539 et
158 480 339 552 quando
363 476 804 534 Cistercicnsibus
832 476 1080 532 ctenobia
1110 476 1165 530 in
1204 477 1463 532 lliberuia
1504 477 1624 532 fun-

97 576 243 639 dabat,
267 573 324 628 ad
351 574 488 644 ipsos
514 572 622 642 jam
656 570 973 636 transiisse;
1009 585 1130 624 nam
1159 579 1217 626 et
1244 583 1462 627 sanctus
1494 572 1624 626 Ber-

95 667 252 724 nardus
276 679 383 720 cum
407 663 585 719 habitu
615 665 670 720 S.
703 663 982 720 Malachiae
1020 662 1314 733 sepultum,
1345 673 1398 718 et
1427 678 1457 719 e
1486 678 1620 719 con-

94 774 216 816 verso
239 756 523 814 Malachiam
551 770 668 811 cum
711 764 863 812 veste
909 753 1170 811 Bernardi
1217 764 1375 811 certo
1422 754 1623 810 scimus

94 869 140 910 ex
161 853 242 907 ult.
263 866 369 920 cap.
405 849 532 904 Vitae
559 849 616 906 S.
646 848 905 904 Bernardi
937 863 1032 918 per
1061 847 1229 918 ipsius
1264 847 1620 902 secretarium

93 946 276 1014 scriptzc,
310 943 393 1015 qui
438 941 607 997 funeri
651 941 767 1012 ejus
795 941 1062 997 interfuit.
1093 939 1248 996 Unde
1275 948 1329 995 et
1354 955 1383 993 a
1415 938 1622 995 Cister-

93 1037 308 1092 ciensibus
338 1036 386 1090 in
413 1035 710 1106 catalogum
738 1049 961 1090 suorum
1002 1041 1312 1090 sanctorum
1356 1040 1621 1103 perpetuo

93 1139 365 1196 recensetur,
393 1138 444 1183 et
475 1137 744 1198 tamquam
774 1141 916 1182 unus
945 1142 1013 1183 ex
1039 1126 1172 1191 suis,
1204 1125 1492 1196 quotannis
1531 1140 1619 1180 so-

92 1223 213 1277 lcmni
241 1221 403 1277 officio
430 1221 770 1278 celebratur:
823 1221 968 1292 quod
1018 1228 1197 1276 tamen
1243 1231 1619 1290 argumentum

93 1316 320 1385 aliquando
346 1315 605 1372 Pennotto
630 1315 806 1371 visum
841 1314 943 1370 fuit
964 1314 1157 1370 efﬁcax
1183 1313 1250 1369 ad
1280 1313 1618 1384 probandum

92 1408 132 1462 ὃ.
167 1409 487 1465 llcrculanum
536 1409 703 1464 fuisse
744 1408 1044 1480 regularem
1088 1407 1448 1461 canonicum:
1495 1407 1617 1476 quia

91 1500 251 1555 scilicet
271 1516 295 1554 a
319 1499 581 1556 canonicis
607 1500 785 1572 regul.
813 1499 1045 1555 solemni
1074 1499 1251 1554 ollicio
1279 1498 1496 1555 colitur.

142 1589 312 1646 Rursus
349 1594 727 1647 monasterium
773 1591 842 1647 de
873 1591 1008 1646 Alna
1053 1590 1165 1662 (sic
1197 1590 1340 1646 enim
1373 1598 1616 1657 vocatur,

90 1697 166 1739 non
188 1685 326 1756 Mra)
353 1685 494 1740 solos
523 1693 755 1756 quatuor
787 1699 960 1740 annos
985 1685 1046 1741 S.
1071 1683 1354 1755 Augustini
1379 1683 1622 1754 regulam
1655 1682 1701 1742 B

89 1777 329 1846 professum
361 1777 553 1847 fuerat,
590 1789 650 1834 ut
683 1778 849 1833 tradit
893 1778 1104 1833 Miraeus
1146 1778 1198 1831 in
1235 1776 1438 1831 Chron.
1481 1775 1617 1830 Cist.

87 1868 133 1922 ad
157 1884 260 1924 ann.
286 1870 484 1926 Domini
520 1870 696 1925 H48:
738 1869 881 1924 unde
925 1884 1048 1924 cum
1095 1869 1149 1924 in
1198 1867 1317 1937 ejus
1363 1867 1621 1922 institutis

90 1969 280 2016 tenerum
307 1963 474 2018 adhuc
499 1971 667 2028 esset,
701 1961 858 2017 facile
885 1961 984 2016 fuit
1012 1960 1079 2015 ad
1109 1960 1209 2014 alia
1244 1959 1620 2029 praestantiora

89 2057 285 2110 transire.
315 2055 407 2112 Ubi
434 2064 638 2122 autem,
673 2069 882 2125 quaso,
916 2053 1214 2109 Pennottus
1259 2051 1466 2107 invenit
1505 2065 1622 2105 mo-

90 2147 323 2200 nasterium
366 2145 506 2202 istud
551 2146 902 2202 Eboracense
939 2160 1002 2200 ex
1035 2159 1142 2215 quo
1171 2144 1320 2214 prior
1349 2158 1472 2199 cum
1501 2142 1622 2198 aliis

89 2236 289 2292 fratribus
306 2239 366 2293 ad
389 2239 779 2295 Cistercicnses
797 2238 1204 2308 pervolaverat,
1230 2237 1397 2292 fuisse
1416 2235 1622 2290 ordinis

90 2331 312 2385 canonici?
335 2331 481 2397 Quod
513 2332 560 2386 si
589 2331 862 2385 existimat
892 2329 1060 2384 fuisse
1089 2328 1260 2397 ipsam
1296 2326 1619 2394 Ecclesiam,

91 2432 129 2475 ut
151 2426 356 2480 omittam
383 2427 514 2481 satis
539 2426 709 2496 gratis
735 2425 802 2479 ab
833 2439 900 2480 eo
929 2423 1192 2478 creditam
1230 2423 1619 2478 canonicorum

91 2514 232 2580 luisse,
260 2532 354 2572 non
380 2529 557 2575 autem
591 2517 980 2571 monachorum
1009 2515 1066 2572 S.
1098 2514 1398 2580 Benedicti,
1430 2513 1524 2567 lib.
1559 2527 1618 2579 η,

91 2620 174 2675 cap.
195 2609 267 2673 57,
289 2625 429 2664 num.
455 2609 512 2677 6,
544 2610 713 2663 multo
739 2607 946 2679 gratius
972 2607 1167 2662 asserit
1199 2605 1440 2674 priorem
1468 2605 1622 2660 illum

91 2713 178 2752 cum
200 2701 427 2758 fratribus
454 2716 574 2758 eam
607 2701 926 2770 reliquisse:
957 2715 1081 2754 nam
1119 2714 1185 2755 ex
1225 2700 1455 2768 epistola
1493 2697 1624 2752 Ber-

93 2791 200 2846 nardi
223 2794 357 2864 (quae
383 2803 468 2849 est
493 2793 590 2860 94,
621 2808 729 2848 non
758 2807 886 2848 vero
914 2792 1006 2854 93,
1046 2800 1106 2846 ut
1145 2790 1261 2861 ipse
1299 2789 1446 2858 vult)
1491 2787 1623 2844 nihil

94 2884 166 2938 tale
181 2885 313 2940 educi
333 2895 526 2956 potest,
552 2898 610 2942 et
633 2902 702 2942 ex
734 2886 890 2940 titulo
912 2882 1258 2940 verisimilius
1287 2882 1618 2951 oppositum,

91 2977 263 3044 quiest:
291 2980 363 3034 Ad
382 2981 614 3035 abbatem
639 2981 916 3051 cujusdam
939 2978 1235 3031 monasterii
1258 2975 1620 3040 Eboracensis,

92 3067 190 3119 unde
212 3071 385 3124 exierat
414 3072 559 3143 prior
590 3087 707 3124 cum
733 3070 1015 3141 aliquantis
1051 3068 1318 3136 fratribus.
1364 3066 1466 3123 Ubi
1500 3081 1620 3121 cum
1652 3062 1697 3126 C

90 3157 236 3217 dicitur
253 3164 518 3234 cujusdam
547 3165 863 3219 monasterii
889 3162 1272 3230 Eboracensis,
1294 3160 1424 3216 satis
1449 3161 1623 3214 innui-

92 3259 151 3306 tur
174 3270 258 3310 non
283 3272 394 3313 esse
429 3259 605 3328 ipsam
645 3256 1011 3312 cathedralem
1046 3255 1358 3319 ecclesiam,
1399 3253 1494 3308 sed
1531 3252 1628 3307 ali—

89 3357 206 3411 quam
226 3349 370 3404 aliam
400 3350 648 3420 ejusdem
680 3350 949 3406 diteccsis.
978 3349 1055 3404 De
1094 3349 1150 3402 Β.
1198 3347 1494 3402 llumherto
1539 3361 1624 3401 res

89 3448 147 3489 cst
179 3439 380 3508 facilior,
420 3458 604 3509 neque
643 3443 785 3498 enim
815 3458 881 3498 ex
911 3456 1166 3498 sermone
1187 3441 1244 3496 S.
1278 3439 1541 3496 Bernardi
1573 3440 1626 3495 in

88 3529 172 3596 eius
195 3534 319 3591 obitu
346 3535 548 3604 habito,
581 3552 756 3606 neque
785 3552 850 3592 ex
882 3536 1003 3592 Vita
1050 3536 1242 3604 ipsius,
1281 3552 1404 3608 qua:
1443 3542 1625 3592 exstat

89 3620 125 3673 in
151 3639 195 3678 ιιι
226 3627 304 3683 lib.
354 3629 578 3686 Exordii
633 3630 1028 3695 Cistercicnsis,
1073 3645 1192 3700 cap.
1243 3631 1278 3685 4
1323 3639 1379 3686 ct
1420 3630 1475 3696 5,
1528 3643 1628 3685 nec

87 3712 253 3775 aliunde
279 3719 452 3778 haberi
483 3729 688 3794 potest,
717 3722 860 3793 quod
891 3722 1051 3778 fuerit
1079 3721 1378 3779 monachus
1409 3722 1625 3777 Ebora-

89 3811 237 3877 censis,
255 3824 302 3868 et
320 3817 471 3872 aliter
491 3833 562 3872 ex
585 3816 695 3872 illis
717 3817 947 3886 quicum
971 3817 1151 3886 priore
1173 3816 1450 3872 reformati
1475 3825 1621 3873 sunt.

90 3898 337 3965 Quinimmo
360 3909 672 3982 oppositum
693 3909 822 3965 satis
846 3909 1127 3980 perspicue
1153 3909 1440 3965 deducitur
1463 3925 1528 3964 ex
1559 3924 1625 3965 eo

89 3997 211 4065 (illud,
239 4001 342 4070 ipso
373 4003 652 4060 Bernardo
676 4012 975 4071 asserente,
1008 4003 1076 4058 ab
1106 4004 1223 4072 ipso
1251 4018 1390 4072 pene
1425 3999 1626 4071 princi-

88 4086 151 4151 Ρῖο
167 4096 442 4152 monasterii
471 4095 808 4152 Clarmvallis
850 4111 973 4151 cum
1003 4111 1068 4151 eo
1113 4103 1466 4150 conversatus
1506 4093 1622 4146 fuit.

86 4174 319 4241 Conversio
349 4198 528 4246 autem
581 4188 779 4259 prioris
824 4199 878 4244 et
927 4188 1152 4244 fratrum
1203 4186 1624 4244 Eboracensium

91 4273 217 4330 multo
238 4289 406 4348 postea
435 4280 686 4353 contigit,
718 4290 777 4336 ut
805 4281 974 4352 liquet
996 4297 1062 4338 ex
1095 4280 1327 4353 epistola
1349 4295 1469 4351 qua:
1493 4279 1627 4335 scri-

90 4375 152 4431 illa
183 4369 264 4426 fuit
297 4389 323 4428 a
349 4375 630 4432 B‘ernardo
663 4375 732 4442 (si
777 4375 1023 4432 ordinem
1057 4376 1177 4444 ejus
1227 4376 1369 4430 inter
1399 4385 1626 4429 cmteros

89 4470 354 4537 spectemus)
375 4483 470 4539 pro
486 4467 732 4525 sedando
749 4467 990 4524 Anacleti
1013 4442 1302 4524 schismate
1319 4466 1623 4536 laborante,
1656 4442 1703 4503 D

90 4555 259 4618 quando
277 4558 373 4625 jam
401 4562 721 4616 notissimus
749 4572 865 4616 erat
895 4569 1007 4617 toto
1031 4560 1183 4618 orbe.

146 4640 227 4698 Per
250 4644 340 4703 hoc
367 4658 551 4706 tamen
587 4651 841 4706 nolumus
867 4666 1067 4721 negare
1099 4653 1271 4722 ipsum
1304 4651 1624 4707 mellilluum

93 4730 316 4794 doctorem
345 4743 546 4800 multos
577 4744 967 4800 canonicorum
1001 4745 1329 4812 regularium
1363 4745 1428 4800 ad
1479 4745 1627 4800 ordi-

93 4835 185 4879 nem
205 4843 340 4886 suum
367 4835 678 4901 admisisse,
710 4836 849 4890 alios
890 4843 1070 4890 autem
1117 4835 1424 4905 repulisse,
1460 4845 1519 4890 ut
1546 4836 1628 4890 vi-

93 4913 188 4972 dere
206 4933 274 4977 est
296 4925 344 4980 in
379 4943 442 4982 eo
462 4929 556 5000 qui
591 4929 907 4998 patientiam
935 4928 1104 4998 ipsius
1127 4929 1448 4994 illustravit,
1495 4928 1624 4983 dum

94 5019 354 5072 renuentem
381 5020 673 5076 admittere
703 5036 830 5075 eum
883 5019 950 5075 ad
981 5021 1231 5076 ordinem
1259 5064 1274 5089 ,
1318 5020 1372 5073 in
1407 5021 1625 5074 maxilla

94 5110 324 5173 Percussit,
352 5127 469 5181 qua:
498 5128 589 5168 res
623 5114 740 5168 fuse
773 5111 1009 5168 refertur
1052 5113 1147 5168 lib.
1193 5126 1250 5166 ιιι
1289 5110 1422 5167 Vita:
1457 5111 1628 5174 Berua

93 5201 184 5258 cap.
205 5195 250 5248 6.
273 5197 369 5256 Sed
391 5202 457 5257 ad
485 5202 594 5258 alia
621 5213 981 5260 transeamus.

147 5283 273 5344 Mitto
298 5297 581 5350 concilium
606 5295 917 5353 Rhemeuse
940 5311 970 5352 a
1000 5295 1062 5352 Β.
1096 5297 1336 5367 Eugenio
1379 5296 1446 5352 ΙΙΙ
1483 5297 1627 5353 cele-

95 5370 262 5436 Iustum
291 5387 444 5442 tribui
470 5387 718 5460 Eugenio
746 5389 787 5444 II
816 5405 843 5442 a
892 5389 1178 5456 Peunotto,
1206 5389 1299 5444 lib.
1325 5403 1364 5455 ι,
1394 5403 1513 5457 cap.
1539 5389 1628 5457 l9,

97 5481 211 5526 num.
233 5476 277 5546 l,
307 5495 406 5550 quo
433 5483 513 5539 sic
544 5484 929 5539 eanouicornm
976 5481 1310 5553 rcgularium
1367 5481 1630 5536 reforma-

96 5562 285 5637 ιίονψιω
311 5574 431 5630 inibi
461 5577 600 5631 facta
635 5585 715 5632 cst
742 5578 1007 5633 vetustior
1052 5575 1212 5646 longe
1261 5584 1404 5630 esset
1447 5590 1462 5628 :
1510 5589 1632 5630 cum

95 5655 236 5716 tamen
260 5675 365 5722 acta
395 5665 510 5739 ipsa
561 5665 887 5727 Rbemcnsis
926 5665 1142 5726 concilii
1181 5665 1540 5735 rcluctcntur,
1577 5673 1634 5722 et

1728 388 1974 435 rctanum
2006 381 2288 435 Trinitatis
2313 383 2574 438 unitatem
2607 380 2883 448 defendat,
2905 383 2973 439 de
3003 399 3107 454 qua
3138 399 3196 438 re
3218 382 3328 452 agit

1727 473 1845 542 ipse
1875 489 2042 528 serm.
2073 475 2144 530 80
2168 517 2182 541 ,
2219 475 2271 530 in
2299 476 2459 532 Cant.
2480 517 2495 543 ,
2529 484 2584 530 et
2623 486 2886 548 quotquot
2929 478 3152 549 Eugenii
3180 517 3198 546 ,
3236 484 3330 532 aut

1725 567 1990 624 Bernardi
2019 580 2135 624 acta
2167 571 2537 640 scripserunt.

1799 661 1970 717 Venio
2007 663 2074 718 ad
2108 664 2169 718 Β.
2201 663 2564 733 Joachimum,
2595 681 2753 737 quem
2777 666 2985 724 amicus
3013 675 3198 724 noster
3219 665 3319 724 im-

1726 757 1924 811 merito
1952 771 2014 811 ac
2046 756 2406 814 immoderate
2439 761 2638 831 carpit.

1773 865 1801 937 ᾗ
1846 865 1934 922 Vl.
1965 866 2278 939 Defenditur
2311 869 2372 924 Β.
2407 872 2564 926 abbas
2593 871 2897 930 Joacltimus
2919 892 2950 930 a
2978 875 3254 932 calumniis

2231 939 2478 998 Pennotti
2501 954 2548 997 et
2579 947 2822 1002 aliorum.

1799 1031 1915 1088 Duo
1938 1042 2086 1103 sunt,
2111 1050 2231 1105 qua:
2256 1035 2357 1090 sibi
2390 1051 2456 1091 ex
2483 1036 2747 1093 doctrinis
2786 1040 3077 1095 venerandi
3107 1041 3323 1098 abbatis

1725 1123 2023 1206 Penuottus
2055 1127 2484 1194 officerecretlit,
2509 1129 2741 1185 alterum
2782 1131 2909 1186 dum
2952 1132 3021 1188 de
3073 1134 3327 1189 eremita-

1724 1232 1843 1271 rum
1871 1218 2065 1274 ordine
2096 1218 2148 1272 in
2180 1233 2278 1273 suo
2309 1219 2376 1274 ad
2420 1222 2824 1290 expositionem
2862 1225 3214 1296 Apocalypsis
3244 1225 3330 1280 in-

1722 1310 2060 1367 troductorio
2079 1312 2462 1381 pr0phetavit:
2497 1315 2725 1371 alterum
2766 1317 2892 1371 dum
2922 1319 3201 1387 regulares
3234 1333 3325 1373 ca-

1724 1403 2005 1458 nonicosa
2037 1404 2095 1460 S.
2145 1403 2281 1459 Rufo
2338 1406 2614 1462 institutos
2663 1408 2803 1463 circa
2853 1421 3054 1463 annum
3112 1408 3326 1463 Domini

1726 1495 1884 1560 1100,
1916 1495 1984 1549 ab
2015 1511 2190 1566 eoque
2217 1505 2349 1552 tunc
2382 1500 2613 1568 primum
2655 1499 2886 1555 donatos
2929 1501 2988 1556 S.
3037 1501 3327 1572 Augustini

1725 1592 1907 1661 regula
1934 1593 2099 1648 fuisse
2125 1593 2423 1648 contendit.
2459 1594 2548 1651 Sic
2597 1595 2690 1651 ille
2715 1596 2983 1652 Joachimi
3026 1598 3327 1653 sententias
3374 1591 3392 1607 ’

1733 1683 1921 1750 refert,
1951 1693 2004 1739 et
2037 1695 2143 1739 tam
2187 1685 2393 1741 acriter
2420 1687 2736 1757 impugnat,
2795 1696 2854 1742 ut
2895 1687 3220 1744 urbanitatis
3261 1702 3326 1743 ac

1728 1776 2094 1844 religiositatis
2147 1787 2322 1831 metas
2377 1777 2728 1834 vehementer
2784 1780 3098 1835 excesserit.
3143 1779 3326 1847 Quan-

1729 1868 1925 1922 tumvis
1954 1869 2096 1923 enim
2128 1869 2201 1923 ita
2232 1884 2292 1925 se
2318 1870 2547 1927 haberet
2572 1886 2662 1927 res
2691 1873 2776 1940 (ut
2805 1873 2922 1940 ipse
2945 1871 3132 1941 refert)
3156 1881 3208 1927 et
3231 1871 3328 1926 ab-

1725 1959 1824 2015 bas
1847 1970 2068 2016 sanctus
2098 1960 2167 2017 ab
2197 1976 2262 2016 eo
2294 1962 2467 2018 relata
2494 1964 2765 2020 scriberet
2786 2007 2801 2032 ,
2846 1980 2954 2018 non
2993 1973 3149 2020 erant
3193 1963 3327 2019 tanti

1726 2055 1984 2110 momenti
2013 2055 2149 2124 lucc,
2176 2064 2235 2109 ut
2257 2071 2319 2111 ea
2353 2067 2580 2128 propter
2605 2056 2662 2113 S.
2689 2057 3060 2128 lnquisitionis
3089 2057 3327 2113 officium

1727 2145 1780 2199 in
1813 2145 1991 2215 ipsum
2025 2146 2362 2213 fulminaret,
2387 2157 2441 2203 et
2473 2148 2715 2202 inaudita
2749 2159 2901 2218 parte
2949 2149 3018 2204 ob
3066 2164 3328 2219 quorum-

1725 2236 1847 2292 dam
1885 2238 2025 2294 male
2049 2239 2386 2294 intellectum
2413 2240 2781 2295 testimonium
2817 2241 3146 2297 sententiam
3167 2240 3325 2296 dam-

1725 2330 1960 2385 nationis
1991 2331 2042 2386 in
2073 2332 3134 2404 ipsumtulerit,damnationis,inquam,
3157 2345 3321 2390 atter-

1727 2438 1810 2477 nte
1843 2425 2076 2491 mortis,
2107 2434 2164 2478 et
2191 2425 2669 2480 condemnationis
2722 2441 2971 2495 personae
3019 2442 3050 2481 a
3094 2426 3328 2482 concilio

1724 2516 1962 2584 generali
1997 2516 2372 2573 Lateraneusi.
2408 2519 2658 2590 Superest
2682 2521 2701 2589 (
2729 2520 2901 2588 inquit
2932 2519 3024 2574 lib.
3059 2534 3116 2584 ι,
3148 2536 3198 2574 c.
3231 2519 3326 2589 41)

1730 2607 1798 2662 Ut
1817 2609 1986 2662 solum
2011 2609 2209 2663 abbatis
2238 2609 2500 2664 Joachimi
2545 2613 2893 2666 testimonium
2931 2612 3288 2684 expendamus
3310 2653 3326 2678 ,

1725 2719 1785 2756 ac
1812 2704 2076 2757 videamus
2101 2721 2168 2758 an
2201 2705 2335 2775 forte
2362 2704 2578 2759 Goliatlt
2605 2707 2666 2759 ab
2697 2723 2816 2760 orco
2847 2715 3114 2762 revocatus
3143 2707 3324 2778 fuerit,

1727 2802 1894 2850 tantas
1918 2797 2049 2849 vires
2078 2794 2296 2863 habens,
2332 2807 2390 2848 ut
2417 2813 2551 2852 unus
2573 2808 2755 2852 contra
2785 2798 2966 2867 viginti
2991 2798 3174 2852 merito
3192 2809 3331 2853 stare

1727 2887 1907 2956 possit.
1940 2887 2005 2940 Et
2035 2895 2162 2958 post
2193 2901 2384 2956 pauca,
2415 2903 2566 2942 num.
2600 2887 2636 2941 2
2665 2906 2678 2943 :
2711 2891 2787 2943 An
2812 2905 2930 2944 vero
2952 2891 3086 2944 inter
3109 2891 3332 2959 prophe-

1727 2995 1803 3038 tas
1825 2985 1998 3054 ipsum
2030 2983 2366 3039 Joacltimum
2390 3001 2600 3039 censere
2618 2987 2798 3040 merito
2817 2987 3095 3057 possimus,
3111 2990 3332 3057 referam

1728 3076 1854 3146 quid
1875 3075 1939 3129 de
1959 3075 2054 3130 illo
2074 3076 2171 3129 ciri
2201 3076 2338 3129 docti
2361 3076 2606 3132 scribant.
2640 3076 2737 3132 llic
2785 3093 3102 3146 processum
3132 3077 3333 3134 coullat

1731 3168 1980 3224 adductis
2004 3171 2055 3224 in
2087 3179 2256 3224 testes
2286 3169 2344 3224 S.
2376 3171 2688 3234 Antonino,
2725 3172 3103 3227 cardiualibus
3130 3173 3335 3229 Bellar-

1731 3264 1880 3316 mino
1910 3270 1965 3317 et
1995 3263 2254 3325 Baronio,
2286 3271 2340 3317 et
2364 3261 2591 3318 Alfonso
2631 3263 2700 3319 de
2724 3265 2917 3321 Castro
2945 3307 2960 3331 ,
3002 3265 3199 3336 quibus
3248 3273 3332 3320 ut-

1731 3371 1961 3424 cumque
1990 3352 2190 3409 auditis
2213 3354 2482 3412 derisorie
2509 3355 2777 3412 subinfert
2804 3375 2817 3410 :
2841 3357 2924 3411 Ex
2942 3358 3124 3428 quibus
3145 3369 3195 3412 et
3215 3357 3334 3412 aliis

1729 3449 1963 3518 superius
1988 3448 2159 3513 dictis,
2187 3448 2361 3501 videas
2398 3449 2578 3519 quanti
2617 3449 2891 3520 faciendus
2934 3450 3000 3504 sit
3045 3450 3129 3504 hic
3173 3465 3331 3505 novus

1729 3541 2003 3611 propheta,
2026 3556 2175 3610 quem
2204 3539 2451 3609 Marquez
2498 3543 2572 3596 uti
2613 3543 2828 3597 militent
2882 3543 3010 3598 adeo
3063 3553 3330 3598 strenuum

1732 3632 1992 3702 producit,
2025 3644 2081 3686 ut
2111 3644 2295 3687 contra
2322 3635 2504 3705 viginti
2526 3645 2758 3688 armatos
2799 3636 2941 3689 solus
2971 3645 3108 3689 stare
3147 3637 3330 3706 possit.

1734 3723 1858 3778 Lib.
1891 3739 2024 3779 vero
2054 3740 2115 3789 ιι,
2147 3740 2267 3794 cap.
2297 3725 2352 3789 9.,
2387 3727 2538 3795 quasi
2567 3736 2724 3781 antea
2749 3727 2850 3781 sibi
2881 3727 3216 3795 incognitum
3247 3727 3328 3781 sic

1730 3813 2073 3870 Joachimum
2103 3816 2234 3869 citat
2269 3833 2279 3868 :
2318 3814 2409 3868 Est
2443 3818 2604 3888 igitur
2634 3819 2698 3868 de
2735 3818 2936 3886 origine
2981 3817 3218 3870 canonici
3244 3831 3332 3870 or-

1732 3910 1873 3963 dinis
1899 3910 2067 3979 prima
2099 3909 2346 3962 sententia
2374 3909 2650 3978 cujusdam
2684 3909 2880 3962 abbatis
2907 3950 2923 3975 ,
2964 3909 3166 3962 nomine
3200 3907 3328 3964 Joa-

1729 3999 1886 4066 cltim,
1915 4001 1967 4052 in
1992 3999 2308 4070 expositione
2349 3999 2677 4068 apocnlypsis
2702 4039 2717 4065 ,
2769 3999 3043 4053 asserentis
3094 4001 3324 4055 ordinem

1729 4089 2439 4161 canonicorumregularium
2491 4093 2628 4142 circa
2673 4105 2868 4143 annum
2924 4090 3135 4144 Domini
3186 4092 3324 4148 1100

1728 4187 1934 4240 initium
1962 4183 2204 4238 habuisse
2224 4184 2276 4237 in
2311 4183 2548 4254 partibus
2575 4181 2868 4237 Galliarum
2895 4203 2926 4238 a
2965 4187 3189 4256 quodam
3221 4186 3330 4257 epi-

1729 4297 1883 4352 sc0po
1907 4278 2110 4334 nomine
2147 4277 2316 4349 Rufo,
2344 4277 2433 4347 qui
2471 4276 2597 4347 ipsis
2638 4276 2902 4330 canonicis
2938 4275 3008 4330 Ι).
3050 4277 3328 4349 Augustini

1729 4374 1959 4446 regulam
1992 4371 2188 4442 primus
2221 4369 2458 4434 tradidit,
2489 4378 2536 4422 et
2561 4368 2736 4422 abillo
2759 4369 3087 4442 congregatio
3109 4370 3327 4423 canoni-

1732 4481 1907 4520 corum
1933 4464 2251 4535 regularium
2279 4460 2526 4532 originem
2553 4460 2730 4526 traxit,
2754 4475 2868 4531 qua:
2896 4460 3090 4514 idcirco
3110 4459 3170 4512 S.
3198 4459 3322 4528 Ruﬁ

1733 4557 2060 4629 congregatio
2078 4564 2150 4610 est
2176 4552 2463 4624 appellata.
2491 4553 2558 4607 Et
2582 4560 2706 4624 post
2729 4553 2982 4608 nonnulla
3005 4571 3016 4606 :
3055 4551 3178 4607 Iiatc
3197 4549 3326 4606 Joa-

1732 4649 1889 4703 c/timi
1915 4647 2163 4703 sententia
2191 4661 2247 4700 eo
2271 4646 2422 4699 modo
2455 4646 2743 4714 prtesertim
2774 4646 3032 4714 explicata
3059 4654 3104 4698 et
3132 4653 3316 4710 aucta,

1732 4759 1834 4797 non
1864 4757 2049 4806 unum,
2080 4740 2170 4795 sed
2200 4739 2520 4793 multosillos
2545 4755 2700 4807 usque
2716 4739 3030 4807 manifestos,
3056 4745 3105 4791 et
3130 4736 3320 4807 palpa«

1731 4833 1856 4890 biles
1883 4834 2106 4888 continet
2132 4849 2352 4886 errores.
2379 4831 2674 4886 Enumerat
2701 4845 2832 4884 vero
2858 4830 3091 4885 decursu
3124 4829 3320 4898 capitis

1734 4928 1850 4998 ejus
1879 4926 2090 4989 decem,
2123 4925 2301 4980 obiter
2321 4937 2450 4978 vero
2487 4921 2854 4978 reverendiss.
2893 4922 2956 4975 D.
2999 4920 3318 4992 episcopum

1733 5019 2028 5076 Antonium
2050 5019 2275 5073 Massam
2299 5015 2608 5072 Galcsinum
2631 5015 3006 5070 doctissimum
3029 5017 3109 5071 sui
3137 5017 3319 5072 saeculi

1734 5114 1932 5182 virum,
1948 5113 2090 5183 quod
2107 5112 2206 5167 hac
2224 5111 2276 5165 in
2293 5108 2700 5165 reJnachimum
2721 5118 2936 5164 secutus
2955 5109 3134 5176 fuerit,
3149 5126 3215 5165 eo
3232 5110 3322 5164 hoe

1734 5222 1868 5262 nore
1892 5204 2254 5274 prosequitur,
2281 5211 2335 5256 ut
2361 5201 2530 5256 dicat:
2574 5201 2763 5254 Omitto
2787 5201 3062 5254 Antonium
3087 5199 3318 5255 Massam

1737 5299 2034 5355 Galcsiuum
2053 5296 2141 5366 qui
2163 5297 2330 5364 ipsum
2349 5293 2583 5346 abbatem
2605 5290 2933 5346 Joacltintum
2951 5303 3170 5359 secutus,
3190 5293 3327 5348 mul-

1738 5401 1815 5444 tas
1837 5388 2056 5458 ineptias
2087 5385 2292 5450 elfudit,
2315 5383 2498 5453 quibus
2521 5383 2680 5437 animi
2702 5384 2782 5437 sui
2803 5385 3143 5454 venalitalem,
3165 5395 3213 5440 et
3244 5387 3327 5438 in-

1739 5483 1874 5557 genii
1887 5480 2137 5533 levitatem
2151 5488 2196 5531 et
2212 5477 2554 5549 ignorantiam
2569 5479 2882 5550 apertissime
2892 5482 3320 5547 monstravit,etc.

1741 5574 1951 5630 Siccine
1969 5587 2091 5626 cum
2111 5569 2240 5625 viris
2253 5567 2588 5640 gravissimis
2607 5585 2769 5643 agere
2784 5571 2940 5628 licet?
2960 5573 3022 5628 At
3042 5571 3194 5641 cujus
3213 5587 3331 5625 ma-

1741 5681 1842 5724 nus
1869 5671 2053 5721 contra
2079 5677 2292 5733 omnes,
2312 5677 2503 5718 manus
2523 5664 2763 5722 omnium
2791 5665 3060 5724 sustinere
3085 5674 3328 5735 cogetur.
