  <div class='ocr_page' id='page_1' title='image "/cluster/home/n/w/nwhite01/storage/ocr_20150623/31/uva.x000826569/315.png"; bbox 0 0 3908 6318; ppageno 0'>
   <div class='ocr_carea' id='block_1_1' title="bbox 579 192 3797 279">
    <p class='ocr_par' dir='ltr' id='par_1_1' title="bbox 579 192 3797 279">
     <span class='ocr_line' id='line_1_1' title="bbox 579 192 3797 279; baseline -0.006 -13"><span class='ocrx_word' id='word_1_1' title='bbox 579 220 684 279; x_wconf 74' lang='grc' dir='ltr'><strong>διδ</strong></span> <span class='ocrx_word' id='word_1_2' title='bbox 1473 202 1769 260; x_wconf 74' lang='lat' dir='ltr'><strong>FLAVIUS</strong></span> <span class='ocrx_word' id='word_1_3' title='bbox 1809 197 2054 257; x_wconf 82' lang='lat' dir='ltr'>LUCIUS</span> <span class='ocrx_word' id='word_1_4' title='bbox 2097 192 2379 252; x_wconf 76' lang='lat' dir='ltr'><strong>DEXTER</strong></span> <span class='ocrx_word' id='word_1_5' title='bbox 2417 195 2956 256; x_wconf 75' lang='lat' dir='ltr'><strong>CilRONOLOGUS.</strong></span> <span class='ocrx_word' id='word_1_6' title='bbox 3718 201 3797 261; x_wconf 70' lang='lat' dir='ltr'><strong>sto</strong></span> 
     </span>
    </p>
   </div>
   <div class='ocr_carea' id='block_1_2' title="bbox 578 312 3796 411">
    <p class='ocr_par' dir='ltr' id='par_1_2' title="bbox 578 312 3796 411">
     <span class='ocr_line' id='line_1_2' title="bbox 578 312 3796 411; baseline -0.013 3"><span class='ocrx_word' id='word_1_7' title='bbox 578 351 583 357; x_wconf 89' lang='lat'>&#39;</span> <span class='ocrx_word' id='word_1_8' title='bbox 645 335 960 411; x_wconf 75' lang='lat' dir='ltr'><strong>Elquidcm</strong></span> <span class='ocrx_word' id='word_1_9' title='bbox 992 328 1136 404; x_wconf 72' lang='grc' dir='ltr'>(ιιιοά</span> <span class='ocrx_word' id='word_1_10' title='bbox 1178 328 1252 411; x_wconf 55' lang='lat' dir='ltr'><strong>ad</strong></span> <span class='ocrx_word' id='word_1_11' title='bbox 1302 323 1642 383; x_wconf 70' lang='grc' dir='ltr'><strong>Ιοειοιιῑηιυηι</strong></span> <span class='ocrx_word' id='word_1_12' title='bbox 1684 326 1936 390; x_wconf 70' lang='lat' dir='ltr'><strong>spectat.</strong></span> <span class='ocrx_word' id='word_1_13' title='bbox 1992 312 2166 411; x_wconf 68' lang='lat' dir='ltr'><strong>njani-</strong></span> <span class='ocrx_word' id='word_1_14' title='bbox 2195 316 2246 373; x_wconf 83' lang='lat' dir='ltr'><strong>A</strong></span> <span class='ocrx_word' id='word_1_15' title='bbox 2275 314 2404 411; x_wconf 57' lang='lat' dir='ltr'><strong>Iter</strong></span> <span class='ocrx_word' id='word_1_16' title='bbox 2431 314 2497 369; x_wconf 84' lang='lat' dir='ltr'><strong>de</strong></span> <span class='ocrx_word' id='word_1_17' title='bbox 2525 316 2814 411; x_wconf 52' lang='lat' dir='ltr'><strong>musta.</strong></span> <span class='ocrx_word' id='word_1_18' title='bbox 2845 317 2957 411; x_wconf 20' lang='lat' dir='ltr'><strong>llis;</strong></span> <span class='ocrx_word' id='word_1_19' title='bbox 2986 314 3052 372; x_wconf 90' lang='lat' dir='ltr'><strong>de</strong></span> <span class='ocrx_word' id='word_1_20' title='bbox 3077 326 3170 371; x_wconf 81' lang='lat' dir='ltr'><strong>sex</strong></span> <span class='ocrx_word' id='word_1_21' title='bbox 3213 313 3497 372; x_wconf 73' lang='lat' dir='ltr'><strong>ordinibus</strong></span> <span class='ocrx_word' id='word_1_22' title='bbox 3537 314 3796 371; x_wconf 76' lang='lat' dir='ltr'><strong>clericorum</strong></span> 
     </span>
    </p>
   </div>
   <div class='ocr_carea' id='block_1_3' title="bbox 572 406 3797 495">
    <p class='ocr_par' dir='ltr' id='par_1_3' title="bbox 572 406 3797 495">
     <span class='ocr_line' id='line_1_3' title="bbox 572 406 3797 495; baseline -0.006 -15"><span class='ocrx_word' id='word_1_23' title='bbox 572 406 772 490; x_wconf 63' lang='lat' dir='ltr'><strong>resumi</strong></span> <span class='ocrx_word' id='word_1_24' title='bbox 798 438 900 495; x_wconf 88' lang='lat' dir='ltr'><strong>est,</strong></span> <span class='ocrx_word' id='word_1_25' title='bbox 934 425 1155 480; x_wconf 89' lang='lat' dir='ltr'><strong>minimc</strong></span> <span class='ocrx_word' id='word_1_26' title='bbox 1178 409 1382 489; x_wconf 73' lang='lat' dir='ltr'><strong>scripta</strong></span> <span class='ocrx_word' id='word_1_27' title='bbox 1413 416 1530 486; x_wconf 89' lang='lat' dir='ltr'><strong>ejus</strong></span> <span class='ocrx_word' id='word_1_28' title='bbox 1555 455 1569 479; x_wconf 94' lang='lat'><strong>,</strong></span> <span class='ocrx_word' id='word_1_29' title='bbox 1592 427 1713 483; x_wconf 75' lang='lat' dir='ltr'><strong>qum</strong></span> <span class='ocrx_word' id='word_1_30' title='bbox 1738 411 1909 476; x_wconf 88' lang='lat' dir='ltr'><strong>citat,</strong></span> <span class='ocrx_word' id='word_1_31' title='bbox 1951 424 1984 463; x_wconf 87' lang='lat' dir='ltr'><strong>a</strong></span> <span class='ocrx_word' id='word_1_32' title='bbox 2024 408 2166 462; x_wconf 81' lang='lat' dir='ltr'><strong>l‘en-</strong></span> <span class='ocrx_word' id='word_1_33' title='bbox 2268 406 2445 471; x_wconf 87' lang='lat' dir='ltr'><strong>dictis,</strong></span> <span class='ocrx_word' id='word_1_34' title='bbox 2481 407 2833 463; x_wconf 67' lang='lat' dir='ltr'><strong>subinl‘ertdc</strong></span> <span class='ocrx_word' id='word_1_35' title='bbox 2865 406 3090 464; x_wconf 88' lang='lat' dir='ltr'><strong>totidem</strong></span> <span class='ocrx_word' id='word_1_36' title='bbox 3122 408 3407 463; x_wconf 70' lang='lat' dir='ltr'><strong>ordinibus</strong></span> <span class='ocrx_word' id='word_1_37' title='bbox 3450 409 3797 464; x_wconf 80' lang='lat' dir='ltr'><strong>monachorum.</strong></span> 
     </span>
    </p>
   </div>
   <div class='ocr_carea' id='block_1_4' title="bbox 575 498 3801 584">
    <p class='ocr_par' dir='ltr' id='par_1_4' title="bbox 575 498 3801 584">
     <span class='ocr_line' id='line_1_4' title="bbox 575 498 3801 584; baseline -0.008 -2"><span class='ocrx_word' id='word_1_38' title='bbox 575 534 729 582; x_wconf 90' lang='lat' dir='ltr'><strong>notto</strong></span> <span class='ocrx_word' id='word_1_39' title='bbox 754 523 916 584; x_wconf 92' lang='lat' dir='ltr'><strong>lecta,</strong></span> <span class='ocrx_word' id='word_1_40' title='bbox 951 531 1049 571; x_wconf 91' lang='lat' dir='ltr'><strong>nec</strong></span> <span class='ocrx_word' id='word_1_41' title='bbox 1077 513 1218 583; x_wconf 82' lang='lat' dir='ltr'><strong>quis,</strong></span> <span class='ocrx_word' id='word_1_42' title='bbox 1248 509 1472 579; x_wconf 87' lang='lat' dir='ltr'><strong>cujusve</strong></span> <span class='ocrx_word' id='word_1_43' title='bbox 1501 503 1678 560; x_wconf 90' lang='lat' dir='ltr'><strong>meriti</strong></span> <span class='ocrx_word' id='word_1_44' title='bbox 1703 504 1757 558; x_wconf 94' lang='lat' dir='ltr'><strong>in</strong></span> <span class='ocrx_word' id='word_1_45' title='bbox 1787 500 2028 557; x_wconf 83' lang='lat' dir='ltr'><strong>Ecclesia</strong></span> <span class='ocrx_word' id='word_1_46' title='bbox 2058 499 2166 553; x_wconf 81' lang='lat' dir='ltr'><strong>fue-</strong></span> <span class='ocrx_word' id='word_1_47' title='bbox 2270 498 2417 553; x_wconf 79' lang='lat' dir='ltr'><strong>Bala:</strong></span> <span class='ocrx_word' id='word_1_48' title='bbox 2446 500 2655 556; x_wconf 74' lang='lat' dir='ltr'><strong>ancilla:</strong></span> <span class='ocrx_word' id='word_1_49' title='bbox 2677 502 2918 556; x_wconf 84' lang='lat' dir='ltr'><strong>Rachelis</strong></span> <span class='ocrx_word' id='word_1_50' title='bbox 2949 511 3098 556; x_wconf 86' lang='lat' dir='ltr'><strong>natus</strong></span> <span class='ocrx_word' id='word_1_51' title='bbox 3127 511 3202 556; x_wconf 87' lang='lat' dir='ltr'><strong>est</strong></span> <span class='ocrx_word' id='word_1_52' title='bbox 3232 503 3287 556; x_wconf 90' lang='lat' dir='ltr'><strong>in</strong></span> <span class='ocrx_word' id='word_1_53' title='bbox 3319 502 3483 569; x_wconf 77' lang='lat' dir='ltr'><strong>ﬁlium</strong></span> <span class='ocrx_word' id='word_1_54' title='bbox 3514 503 3632 556; x_wconf 86' lang='lat' dir='ltr'><strong>ordo</strong></span> <span class='ocrx_word' id='word_1_55' title='bbox 3666 519 3801 556; x_wconf 83' lang='lat' dir='ltr'><strong>malta-</strong></span> 
     </span>
    </p>
   </div>
   <div class='ocr_carea' id='block_1_5' title="bbox 574 591 3802 686">
    <p class='ocr_par' dir='ltr' id='par_1_5' title="bbox 574 591 3802 686">
     <span class='ocr_line' id='line_1_5' title="bbox 574 591 3802 686; baseline -0.006 -15"><span class='ocrx_word' id='word_1_56' title='bbox 574 618 665 686; x_wconf 90' lang='lat' dir='ltr'><strong>rit,</strong></span> <span class='ocrx_word' id='word_1_57' title='bbox 690 615 760 671; x_wconf 88' lang='lat' dir='ltr'><strong>ab</strong></span> <span class='ocrx_word' id='word_1_58' title='bbox 777 629 844 669; x_wconf 89' lang='lat' dir='ltr'><strong>eo</strong></span> <span class='ocrx_word' id='word_1_59' title='bbox 872 608 1110 681; x_wconf 76' lang='lat' dir='ltr'><strong>agnitum</strong></span> <span class='ocrx_word' id='word_1_60' title='bbox 1138 622 1154 672; x_wconf 93' lang='lat'><strong>;</strong></span> <span class='ocrx_word' id='word_1_61' title='bbox 1186 598 1622 675; x_wconf 83' lang='lat' dir='ltr'><strong>quandoquidem</strong></span> <span class='ocrx_word' id='word_1_62' title='bbox 1664 608 1948 666; x_wconf 89' lang='lat' dir='ltr'><strong>perperam</strong></span> <span class='ocrx_word' id='word_1_63' title='bbox 1981 591 2163 646; x_wconf 82' lang='lat' dir='ltr'><strong>omnia</strong></span> <span class='ocrx_word' id='word_1_64' title='bbox 2270 591 2507 659; x_wconf 87' lang='lat' dir='ltr'><strong>chorum,</strong></span> <span class='ocrx_word' id='word_1_65' title='bbox 2539 596 2591 649; x_wconf 91' lang='lat' dir='ltr'><strong>in</strong></span> <span class='ocrx_word' id='word_1_66' title='bbox 2622 593 2926 650; x_wconf 70' lang='lat' dir='ltr'><strong>Grrecorum</strong></span> <span class='ocrx_word' id='word_1_67' title='bbox 2954 598 3160 667; x_wconf 78' lang='lat' dir='ltr'><strong><em>quidem</em></strong></span> <span class='ocrx_word' id='word_1_68' title='bbox 3186 597 3423 651; x_wconf 82' lang='lat' dir='ltr'><strong>Ecclesia</strong></span> <span class='ocrx_word' id='word_1_69' title='bbox 3461 616 3493 652; x_wconf 91' lang='lat' dir='ltr'><strong>a</strong></span> <span class='ocrx_word' id='word_1_70' title='bbox 3527 601 3701 653; x_wconf 81' lang='lat' dir='ltr'><strong>sanctis</strong></span> <span class='ocrx_word' id='word_1_71' title='bbox 3721 598 3802 652; x_wconf 80' lang='lat' dir='ltr'><strong>Pa-</strong></span> 
     </span>
    </p>
   </div>
   <div class='ocr_carea' id='block_1_6' title="bbox 572 684 3807 774">
    <p class='ocr_par' dir='ltr' id='par_1_6' title="bbox 572 684 3807 774">
     <span class='ocr_line' id='line_1_6' title="bbox 572 684 3807 774; baseline -0.006 -8"><span class='ocrx_word' id='word_1_72' title='bbox 572 684 840 770; x_wconf 88' lang='lat' dir='ltr'><strong>cilantur;</strong></span> <span class='ocrx_word' id='word_1_73' title='bbox 864 698 1151 774; x_wconf 83' lang='lat' dir='ltr'><strong>prephetia</strong></span> <span class='ocrx_word' id='word_1_74' title='bbox 1178 692 1449 764; x_wconf 89' lang='lat' dir='ltr'><strong>siquidem</strong></span> <span class='ocrx_word' id='word_1_75' title='bbox 1480 690 1548 745; x_wconf 90' lang='lat' dir='ltr'><strong>de</strong></span> <span class='ocrx_word' id='word_1_76' title='bbox 1588 687 1782 744; x_wconf 85' lang='lat' dir='ltr'><strong>ordine</strong></span> <span class='ocrx_word' id='word_1_77' title='bbox 1809 685 2161 741; x_wconf 91' lang='lat' dir='ltr'><strong>eremitarnm</strong></span> <span class='ocrx_word' id='word_1_78' title='bbox 2269 684 2433 738; x_wconf 85' lang='lat' dir='ltr'><strong>tribus</strong></span> <span class='ocrx_word' id='word_1_79' title='bbox 2459 686 2758 753; x_wconf 84' lang='lat' dir='ltr'><strong>institutus;</strong></span> <span class='ocrx_word' id='word_1_80' title='bbox 2785 688 2867 742; x_wconf 87' lang='lat' dir='ltr'><strong>hic</strong></span> <span class='ocrx_word' id='word_1_81' title='bbox 2891 689 3062 758; x_wconf 85' lang='lat' dir='ltr'><strong>itaque</strong></span> <span class='ocrx_word' id='word_1_82' title='bbox 3090 688 3216 743; x_wconf 84' lang='lat' dir='ltr'><strong>ordo</strong></span> <span class='ocrx_word' id='word_1_83' title='bbox 3246 690 3542 761; x_wconf 82' lang='lat' dir='ltr'><strong>designatus</strong></span> <span class='ocrx_word' id='word_1_84' title='bbox 3566 700 3635 745; x_wconf 84' lang='lat' dir='ltr'><strong>est</strong></span> <span class='ocrx_word' id='word_1_85' title='bbox 3656 690 3701 745; x_wconf 88' lang='lat' dir='ltr'><strong>in</strong></span> <span class='ocrx_word' id='word_1_86' title='bbox 3717 690 3807 745; x_wconf 82' lang='lat' dir='ltr'><strong>Dan</strong></span> 
     </span>
    </p>
   </div>
   <div class='ocr_carea' id='block_1_7' title="bbox 573 776 3808 859">
    <p class='ocr_par' dir='ltr' id='par_1_7' title="bbox 573 776 3808 859">
     <span class='ocr_line' id='line_1_7' title="bbox 573 776 3808 859; baseline -0.007 0"><span class='ocrx_word' id='word_1_87' title='bbox 573 819 681 859; x_wconf 90' lang='lat' dir='ltr'><strong>non</strong></span> <span class='ocrx_word' id='word_1_88' title='bbox 710 806 889 857; x_wconf 72' lang='lat' dir='ltr'><strong>exstat</strong></span> <span class='ocrx_word' id='word_1_89' title='bbox 918 797 969 851; x_wconf 92' lang='lat' dir='ltr'><strong>in</strong></span> <span class='ocrx_word' id='word_1_90' title='bbox 996 788 1397 848; x_wconf 90' lang='lat' dir='ltr'><strong>iutroductorio</strong></span> <span class='ocrx_word' id='word_1_91' title='bbox 1420 784 1484 841; x_wconf 87' lang='lat' dir='ltr'><strong>ad</strong></span> <span class='ocrx_word' id='word_1_92' title='bbox 1518 779 1906 853; x_wconf 86' lang='lat' dir='ltr'><strong>Apocalypsim</strong></span> <span class='ocrx_word' id='word_1_93' title='bbox 1930 818 1947 845; x_wconf 93' lang='lat'><strong>,</strong></span> <span class='ocrx_word' id='word_1_94' title='bbox 1979 776 2076 833; x_wconf 88' lang='lat' dir='ltr'><strong>sed</strong></span> <span class='ocrx_word' id='word_1_95' title='bbox 2110 777 2161 831; x_wconf 89' lang='lat' dir='ltr'><strong>in</strong></span> <span class='ocrx_word' id='word_1_96' title='bbox 2267 778 2380 845; x_wconf 82' lang='lat' dir='ltr'><strong>ﬁlio</strong></span> <span class='ocrx_word' id='word_1_97' title='bbox 2403 777 2553 832; x_wconf 81' lang='lat' dir='ltr'><strong>Balw</strong></span> <span class='ocrx_word' id='word_1_98' title='bbox 2579 780 2809 836; x_wconf 74' lang='lat' dir='ltr'><strong>ancilla&#39;.</strong></span> <span class='ocrx_word' id='word_1_99' title='bbox 2835 781 3027 835; x_wconf 85' lang='lat' dir='ltr'><strong>Genuit</strong></span> <span class='ocrx_word' id='word_1_100' title='bbox 3056 792 3227 835; x_wconf 84' lang='lat' dir='ltr'><strong>autem</strong></span> <span class='ocrx_word' id='word_1_101' title='bbox 3278 781 3413 837; x_wconf 82' lang='lat' dir='ltr'><strong>Buta</strong></span> <span class='ocrx_word' id='word_1_102' title='bbox 3461 783 3721 836; x_wconf 84' lang='lat' dir='ltr'><strong>secundum</strong></span> <span class='ocrx_word' id='word_1_103' title='bbox 3756 785 3808 853; x_wconf 69' lang='lat' dir='ltr'><strong>[i-</strong></span> 
     </span>
    </p>
   </div>
   <div class='ocr_carea' id='block_1_8' title="bbox 572 870 3813 963">
    <p class='ocr_par' dir='ltr' id='par_1_8' title="bbox 572 870 3813 963">
     <span class='ocr_line' id='line_1_8' title="bbox 572 870 3813 963; baseline -0.006 -16"><span class='ocrx_word' id='word_1_104' title='bbox 572 890 919 963; x_wconf 86' lang='lat' dir='ltr'><strong>expositiune</strong></span> <span class='ocrx_word' id='word_1_105' title='bbox 946 883 1144 956; x_wconf 79' lang='lat' dir='ltr'><strong>capitis</strong></span> <span class='ocrx_word' id='word_1_106' title='bbox 1173 896 1286 947; x_wconf 77' lang='lat' dir='ltr'><strong>xw,</strong></span> <span class='ocrx_word' id='word_1_107' title='bbox 1315 876 1381 932; x_wconf 89' lang='lat' dir='ltr'><strong>ad</strong></span> <span class='ocrx_word' id='word_1_108' title='bbox 1409 876 1500 931; x_wconf 85' lang='lat' dir='ltr'><strong>illa</strong></span> <span class='ocrx_word' id='word_1_109' title='bbox 1544 873 1706 928; x_wconf 85' lang='lat' dir='ltr'><strong>verba</strong></span> <span class='ocrx_word' id='word_1_110' title='bbox 1748 890 1760 926; x_wconf 91' lang='lat'>:</span> <span class='ocrx_word' id='word_1_111' title='bbox 1802 870 1867 925; x_wconf 84' lang='lat' dir='ltr'><strong>Et</strong></span> <span class='ocrx_word' id='word_1_112' title='bbox 1905 870 2038 923; x_wconf 68' lang='lat' dir='ltr'><strong>alius</strong></span> <span class='ocrx_word' id='word_1_113' title='bbox 2070 884 2165 922; x_wconf 80' lang='lat' dir='ltr'><strong>att-</strong></span> <span class='ocrx_word' id='word_1_114' title='bbox 2268 875 2417 939; x_wconf 88' lang='lat' dir='ltr'><strong>lium,</strong></span> <span class='ocrx_word' id='word_1_115' title='bbox 2449 875 2658 930; x_wconf 83' lang='lat' dir='ltr'><strong>nomine</strong></span> <span class='ocrx_word' id='word_1_116' title='bbox 2692 872 2993 945; x_wconf 86' lang='lat' dir='ltr'><strong>Nephtalim</strong></span> <span class='ocrx_word' id='word_1_117' title='bbox 3017 914 3031 935; x_wconf 85' lang='lat'><em>.</em></span> <span class='ocrx_word' id='word_1_118' title='bbox 3061 874 3152 941; x_wconf 88' lang='lat' dir='ltr'><strong>qui</strong></span> <span class='ocrx_word' id='word_1_119' title='bbox 3181 874 3383 927; x_wconf 85' lang='lat' dir='ltr'><strong>videtur</strong></span> <span class='ocrx_word' id='word_1_120' title='bbox 3417 874 3672 944; x_wconf 82' lang='lat' dir='ltr'><strong>designare</strong></span> <span class='ocrx_word' id='word_1_121' title='bbox 3700 874 3813 929; x_wconf 85' lang='lat' dir='ltr'><strong>Occi-</strong></span> 
     </span>
    </p>
   </div>
   <div class='ocr_carea' id='block_1_9' title="bbox 571 964 3811 1061">
    <p class='ocr_par' dir='ltr' id='par_1_9' title="bbox 571 964 3811 1061">
     <span class='ocr_line' id='line_1_9' title="bbox 571 964 3811 1061; baseline -0 -40"><span class='ocrx_word' id='word_1_122' title='bbox 571 986 716 1061; x_wconf 62' lang='lat' dir='ltr'><strong>gelu,</strong></span> <span class='ocrx_word' id='word_1_123' title='bbox 745 983 899 1038; x_wconf 63' lang='grc' dir='ltr'><strong>ρπξυίι</strong></span> <span class='ocrx_word' id='word_1_124' title='bbox 920 980 984 1034; x_wconf 69' lang='lat' dir='ltr'><strong>de</strong></span> <span class='ocrx_word' id='word_1_125' title='bbox 1011 973 1227 1048; x_wconf 70' lang='grc' dir='ltr'>ιεηιριο,</span> <span class='ocrx_word' id='word_1_126' title='bbox 1261 971 1452 1026; x_wconf 66' lang='lat' dir='ltr'><strong>habent</strong></span> <span class='ocrx_word' id='word_1_127' title='bbox 1481 967 1665 1039; x_wconf 58' lang='lat' dir='ltr'><strong>ellipse</strong></span> <span class='ocrx_word' id='word_1_128' title='bbox 1704 964 1888 1036; x_wconf 76' lang='lat' dir='ltr'><strong>falcem</strong></span> <span class='ocrx_word' id='word_1_129' title='bbox 1920 970 2125 1016; x_wconf 72' lang='lat' dir='ltr'><strong>aculam</strong></span> <span class='ocrx_word' id='word_1_130' title='bbox 2143 999 2157 1023; x_wconf 72' lang='grc' dir='ltr'><strong>ν</strong></span> <span class='ocrx_word' id='word_1_131' title='bbox 2266 966 2553 1020; x_wconf 88' lang='lat' dir='ltr'><strong>dentalium</strong></span> <span class='ocrx_word' id='word_1_132' title='bbox 2580 967 2812 1021; x_wconf 81' lang='lat' dir='ltr'><strong>ordinem</strong></span> <span class='ocrx_word' id='word_1_133' title='bbox 2833 966 3206 1020; x_wconf 84' lang='lat' dir='ltr'><strong>monachorum</strong></span> <span class='ocrx_word' id='word_1_134' title='bbox 3231 964 3506 1036; x_wconf 88' lang='lat' dir='ltr'><strong>(nimirum</strong></span> <span class='ocrx_word' id='word_1_135' title='bbox 3537 967 3631 1022; x_wconf 88' lang='lat' dir='ltr'><strong>sub</strong></span> <span class='ocrx_word' id='word_1_136' title='bbox 3658 966 3707 1023; x_wconf 89' lang='lat' dir='ltr'><strong>S.</strong></span> <span class='ocrx_word' id='word_1_137' title='bbox 3734 966 3811 1020; x_wconf 83' lang='lat' dir='ltr'><strong>Pa-</strong></span> 
     </span>
    </p>
   </div>
   <div class='ocr_carea' id='block_1_10' title="bbox 572 1052 3810 1136">
    <p class='ocr_par' dir='ltr' id='par_1_10' title="bbox 572 1052 3810 1136">
     <span class='ocr_line' id='line_1_10' title="bbox 572 1052 3810 1136; baseline -0.007 0"><span class='ocrx_word' id='word_1_138' title='bbox 572 1052 682 1136; x_wconf 73' lang='lat' dir='ltr'><strong>ete.</strong></span> <span class='ocrx_word' id='word_1_139' title='bbox 708 1077 785 1133; x_wconf 87' lang='lat' dir='ltr'><strong>De</strong></span> <span class='ocrx_word' id='word_1_140' title='bbox 807 1071 1084 1131; x_wconf 88' lang='lat' dir='ltr'><strong>canonicis</strong></span> <span class='ocrx_word' id='word_1_141' title='bbox 1111 1076 1293 1123; x_wconf 88' lang='lat' dir='ltr'><strong>autem</strong></span> <span class='ocrx_word' id='word_1_142' title='bbox 1324 1080 1353 1119; x_wconf 91' lang='lat' dir='ltr'><strong>a</strong></span> <span class='ocrx_word' id='word_1_143' title='bbox 1380 1063 1439 1120; x_wconf 89' lang='lat' dir='ltr'><strong>S.</strong></span> <span class='ocrx_word' id='word_1_144' title='bbox 1469 1059 1610 1117; x_wconf 80' lang='lat' dir='ltr'><strong>Rufo</strong></span> <span class='ocrx_word' id='word_1_145' title='bbox 1641 1056 1905 1114; x_wconf 87' lang='lat' dir='ltr'><strong>institutis</strong></span> <span class='ocrx_word' id='word_1_146' title='bbox 1923 1069 2029 1109; x_wconf 88' lang='lat' dir='ltr'><strong>non</strong></span> <span class='ocrx_word' id='word_1_147' title='bbox 2055 1052 2164 1122; x_wconf 87' lang='lat' dir='ltr'><strong>agit</strong></span> <span class='ocrx_word' id='word_1_148' title='bbox 2267 1059 2373 1115; x_wconf 88' lang='lat' dir='ltr'><strong>tris</strong></span> <span class='ocrx_word' id='word_1_149' title='bbox 2403 1058 2680 1115; x_wconf 73' lang='lat' dir='ltr'><strong>Benedicti</strong></span> <span class='ocrx_word' id='word_1_150' title='bbox 2722 1058 3021 1129; x_wconf 83' lang='lat' dir='ltr'><strong>disciplinis</strong></span> <span class='ocrx_word' id='word_1_151' title='bbox 3045 1058 3331 1131; x_wconf 88' lang='lat' dir='ltr'><strong>eruditos)</strong></span> <span class='ocrx_word' id='word_1_152' title='bbox 3364 1069 3414 1113; x_wconf 93' lang='lat' dir='ltr'><strong>et</strong></span> <span class='ocrx_word' id='word_1_153' title='bbox 3455 1059 3604 1118; x_wconf 80' lang='lat' dir='ltr'><strong>desiit</strong></span> <span class='ocrx_word' id='word_1_154' title='bbox 3648 1076 3810 1130; x_wconf 79' lang='lat' dir='ltr'><strong>parere.</strong></span> 
     </span>
    </p>
   </div>
   <div class='ocr_carea' id='block_1_11' title="bbox 572 1147 3812 1242">
    <p class='ocr_par' dir='ltr' id='par_1_11' title="bbox 572 1147 3812 1242">
     <span class='ocr_line' id='line_1_11' title="bbox 572 1147 3812 1242; baseline -0.012 3"><span class='ocrx_word' id='word_1_155' title='bbox 572 1172 627 1227; x_wconf 73' lang='grc' dir='ltr'><strong>ίη</strong></span> <span class='ocrx_word' id='word_1_156' title='bbox 659 1165 1004 1242; x_wconf 56' lang='lat' dir='ltr'><strong>exposui”e</strong></span> <span class='ocrx_word' id='word_1_157' title='bbox 1031 1157 1413 1233; x_wconf 63' lang='grc' dir='ltr'><strong>Αβοθθίῐβδίεν</strong></span> <span class='ocrx_word' id='word_1_158' title='bbox 1442 1154 1537 1212; x_wconf 65' lang='lat' dir='ltr'><strong>Sed</strong></span> <span class='ocrx_word' id='word_1_159' title='bbox 1567 1169 1690 1224; x_wconf 70' lang='grc' dir='ltr'><strong>οηρ-</strong></span> <span class='ocrx_word' id='word_1_160' title='bbox 1728 1151 1798 1206; x_wconf 61' lang='lat'><strong>‘20</strong></span> <span class='ocrx_word' id='word_1_161' title='bbox 1828 1147 2163 1204; x_wconf 69' lang='grc' dir='ltr'><strong>Ῑηῑτοάιιειοο</strong></span> <span class='ocrx_word' id='word_1_162' title='bbox 2268 1153 2375 1209; x_wconf 78' lang='lat' dir='ltr'><strong>Sed</strong></span> <span class='ocrx_word' id='word_1_163' title='bbox 2395 1164 2443 1208; x_wconf 89' lang='lat' dir='ltr'><strong>et</strong></span> <span class='ocrx_word' id='word_1_164' title='bbox 2472 1153 2569 1208; x_wconf 88' lang='lat' dir='ltr'><strong>Lia</strong></span> <span class='ocrx_word' id='word_1_165' title='bbox 2600 1154 2653 1207; x_wconf 89' lang='lat' dir='ltr'><strong>in</strong></span> <span class='ocrx_word' id='word_1_166' title='bbox 2675 1153 2772 1207; x_wconf 90' lang='lat' dir='ltr'><strong>hac</strong></span> <span class='ocrx_word' id='word_1_167' title='bbox 2803 1154 2917 1226; x_wconf 83' lang='lat' dir='ltr'><strong>ipso</strong></span> <span class='ocrx_word' id='word_1_168' title='bbox 2945 1154 3193 1208; x_wconf 72' lang='lat' dir='ltr'><strong>tumulata</strong></span> <span class='ocrx_word' id='word_1_169' title='bbox 3219 1170 3471 1221; x_wconf 89' lang='lat' dir='ltr'><strong>sororem,</strong></span> <span class='ocrx_word' id='word_1_170' title='bbox 3500 1153 3646 1208; x_wconf 86' lang='lat' dir='ltr'><strong>tradit</strong></span> <span class='ocrx_word' id='word_1_171' title='bbox 3659 1158 3702 1207; x_wconf 80' lang='lat' dir='ltr'><strong>et</strong></span> <span class='ocrx_word' id='word_1_172' title='bbox 3724 1155 3812 1224; x_wconf 77' lang='lat' dir='ltr'><strong>ipsa</strong></span> 
     </span>
    </p>
   </div>
   <div class='ocr_carea' id='block_1_12' title="bbox 572 1241 3813 1334">
    <p class='ocr_par' dir='ltr' id='par_1_12' title="bbox 572 1241 3813 1334">
     <span class='ocr_line' id='line_1_12' title="bbox 572 1241 3813 1334; baseline -0.005 -14"><span class='ocrx_word' id='word_1_173' title='bbox 572 1265 663 1331; x_wconf 91' lang='lat' dir='ltr'><strong>rii,</strong></span> <span class='ocrx_word' id='word_1_174' title='bbox 705 1241 813 1334; x_wconf 85' lang='lat' dir='ltr'><strong>quo</strong></span> <span class='ocrx_word' id='word_1_175' title='bbox 850 1259 1036 1315; x_wconf 82' lang='lat' dir='ltr'><strong>videas</strong></span> <span class='ocrx_word' id='word_1_176' title='bbox 1059 1258 1261 1312; x_wconf 86' lang='lat' dir='ltr'><strong>bonum</strong></span> <span class='ocrx_word' id='word_1_177' title='bbox 1294 1252 1519 1307; x_wconf 87' lang='lat' dir='ltr'><strong>militem</strong></span> <span class='ocrx_word' id='word_1_178' title='bbox 1552 1248 1704 1304; x_wconf 81' lang='lat' dir='ltr'><strong>frena</strong></span> <span class='ocrx_word' id='word_1_179' title='bbox 1736 1246 1821 1319; x_wconf 88' lang='lat' dir='ltr'><strong>(ut</strong></span> <span class='ocrx_word' id='word_1_180' title='bbox 1845 1245 2004 1314; x_wconf 81' lang='lat' dir='ltr'><strong>vulgo</strong></span> <span class='ocrx_word' id='word_1_181' title='bbox 2030 1241 2164 1334; x_wconf 83' lang='lat' dir='ltr'><strong>dici-</strong></span> <span class='ocrx_word' id='word_1_182' title='bbox 2263 1246 2526 1315; x_wconf 88' lang='lat' dir='ltr'><strong>Zelpham</strong></span> <span class='ocrx_word' id='word_1_183' title='bbox 2549 1248 2795 1303; x_wconf 83' lang='lat' dir='ltr'><strong>ancillam</strong></span> <span class='ocrx_word' id='word_1_184' title='bbox 2818 1264 2963 1302; x_wconf 89' lang='lat' dir='ltr'><strong>suam</strong></span> <span class='ocrx_word' id='word_1_185' title='bbox 2994 1248 3102 1302; x_wconf 79' lang='lat' dir='ltr'><strong>uiro</strong></span> <span class='ocrx_word' id='word_1_186' title='bbox 3125 1264 3247 1314; x_wconf 85' lang='lat' dir='ltr'><strong>suo,</strong></span> <span class='ocrx_word' id='word_1_187' title='bbox 3282 1250 3400 1316; x_wconf 65' lang='lat' dir='ltr'><strong>quae</strong></span> <span class='ocrx_word' id='word_1_188' title='bbox 3432 1248 3604 1319; x_wconf 85' lang='lat' dir='ltr'><strong>genuit</strong></span> <span class='ocrx_word' id='word_1_189' title='bbox 3644 1247 3744 1302; x_wconf 83' lang='lat' dir='ltr'><strong>Cad</strong></span> <span class='ocrx_word' id='word_1_190' title='bbox 3776 1260 3813 1303; x_wconf 80' lang='lat' dir='ltr'><strong>et</strong></span> 
     </span>
    </p>
   </div>
   <div class='ocr_carea' id='block_1_13' title="bbox 572 1333 3811 1426">
    <p class='ocr_par' dir='ltr' id='par_1_13' title="bbox 572 1333 3811 1426">
     <span class='ocr_line' id='line_1_13' title="bbox 572 1333 3811 1426; baseline -0.005 -14"><span class='ocrx_word' id='word_1_191' title='bbox 572 1356 686 1426; x_wconf 89' lang='lat' dir='ltr'><strong>tur)</strong></span> <span class='ocrx_word' id='word_1_192' title='bbox 718 1333 1079 1426; x_wconf 85' lang='lat' dir='ltr'><strong>permutasse.</strong></span> <span class='ocrx_word' id='word_1_193' title='bbox 1113 1347 1274 1404; x_wconf 84' lang='lat' dir='ltr'><strong>Certe</strong></span> <span class='ocrx_word' id='word_1_194' title='bbox 1304 1345 1358 1401; x_wconf 91' lang='lat' dir='ltr'><strong>in</strong></span> <span class='ocrx_word' id='word_1_195' title='bbox 1399 1358 1461 1399; x_wconf 94' lang='lat' dir='ltr'><strong>re</strong></span> <span class='ocrx_word' id='word_1_196' title='bbox 1500 1342 1634 1397; x_wconf 86' lang='lat' dir='ltr'><strong>tanti</strong></span> <span class='ocrx_word' id='word_1_197' title='bbox 1663 1338 1924 1395; x_wconf 86' lang='lat' dir='ltr'><strong>momenti</strong></span> <span class='ocrx_word' id='word_1_198' title='bbox 1953 1382 1968 1405; x_wconf 89' lang='lat'><strong>,</strong></span> <span class='ocrx_word' id='word_1_199' title='bbox 2017 1333 2161 1389; x_wconf 88' lang='lat' dir='ltr'><strong>unde</strong></span> <span class='ocrx_word' id='word_1_200' title='bbox 2264 1342 2441 1405; x_wconf 79' lang='lat' dir='ltr'><strong>Asser,</strong></span> <span class='ocrx_word' id='word_1_201' title='bbox 2468 1341 2523 1394; x_wconf 89' lang='lat' dir='ltr'><strong>in</strong></span> <span class='ocrx_word' id='word_1_202' title='bbox 2546 1349 2669 1410; x_wconf 85' lang='lat' dir='ltr'><strong>typo</strong></span> <span class='ocrx_word' id='word_1_203' title='bbox 2690 1341 2917 1394; x_wconf 89' lang='lat' dir='ltr'><strong>duorum</strong></span> <span class='ocrx_word' id='word_1_204' title='bbox 2945 1342 3190 1394; x_wconf 86' lang='lat' dir='ltr'><strong>ordinum</strong></span> <span class='ocrx_word' id='word_1_205' title='bbox 3221 1340 3477 1394; x_wconf 80' lang='lat' dir='ltr'><strong>(uicorum</strong></span> <span class='ocrx_word' id='word_1_206' title='bbox 3503 1345 3723 1412; x_wconf 77' lang='lat' dir='ltr'><strong>fratrum,</strong></span> <span class='ocrx_word' id='word_1_207' title='bbox 3744 1343 3811 1412; x_wconf 79' lang='lat' dir='ltr'><strong>qui</strong></span> 
     </span>
    </p>
   </div>
   <div class='ocr_carea' id='block_1_14' title="bbox 573 1426 3813 1507">
    <p class='ocr_par' dir='ltr' id='par_1_14' title="bbox 573 1426 3813 1507">
     <span class='ocr_line' id='line_1_14' title="bbox 573 1426 3813 1507; baseline -0.005 -3"><span class='ocrx_word' id='word_1_208' title='bbox 573 1448 751 1505; x_wconf 81' lang='lat' dir='ltr'><strong>honor</strong></span> <span class='ocrx_word' id='word_1_209' title='bbox 781 1444 883 1501; x_wconf 83' lang='lat' dir='ltr'><strong>viri</strong></span> <span class='ocrx_word' id='word_1_210' title='bbox 914 1443 1073 1498; x_wconf 90' lang='lat' dir='ltr'><strong>unius</strong></span> <span class='ocrx_word' id='word_1_211' title='bbox 1099 1438 1276 1495; x_wconf 86' lang='lat' dir='ltr'><strong>sancti</strong></span> <span class='ocrx_word' id='word_1_212' title='bbox 1325 1434 1597 1507; x_wconf 83' lang='lat' dir='ltr'><strong>pendebat</strong></span> <span class='ocrx_word' id='word_1_213' title='bbox 1630 1473 1645 1497; x_wconf 94' lang='lat'><strong>,</strong></span> <span class='ocrx_word' id='word_1_214' title='bbox 1698 1444 1858 1486; x_wconf 78' lang='lat' dir='ltr'><strong>nemo</strong></span> <span class='ocrx_word' id='word_1_215' title='bbox 1914 1429 2016 1484; x_wconf 88' lang='lat' dir='ltr'><strong>erit</strong></span> <span class='ocrx_word' id='word_1_216' title='bbox 2071 1426 2160 1497; x_wconf 85' lang='lat' dir='ltr'><strong>qui</strong></span> <span class='ocrx_word' id='word_1_217' title='bbox 2262 1432 2560 1486; x_wconf 75' lang='lat' dir='ltr'><strong>claruerunt</strong></span> <span class='ocrx_word' id='word_1_218' title='bbox 2590 1433 2671 1485; x_wconf 84' lang='lat' dir='ltr'><strong>Itis</strong></span> <span class='ocrx_word' id='word_1_219' title='bbox 2707 1431 3021 1501; x_wconf 76' lang='lat' dir='ltr'><strong>temporibus</strong></span> <span class='ocrx_word' id='word_1_220' title='bbox 3066 1433 3120 1486; x_wconf 85' lang='lat' dir='ltr'><strong>in</strong></span> <span class='ocrx_word' id='word_1_221' title='bbox 3165 1432 3403 1504; x_wconf 85' lang='lat' dir='ltr'><strong>partibus</strong></span> <span class='ocrx_word' id='word_1_222' title='bbox 3463 1432 3671 1487; x_wconf 82' lang='lat' dir='ltr'><strong>Orientis</strong></span> <span class='ocrx_word' id='word_1_223' title='bbox 3697 1475 3710 1497; x_wconf 90' lang='lat'><strong>,</strong></span> <span class='ocrx_word' id='word_1_224' title='bbox 3737 1434 3813 1487; x_wconf 86' lang='lat' dir='ltr'><strong>hoc</strong></span> 
     </span>
    </p>
   </div>
   <div class='ocr_carea' id='block_1_15' title="bbox 570 1522 3811 1597">
    <p class='ocr_par' dir='ltr' id='par_1_15' title="bbox 570 1522 3811 1597">
     <span class='ocr_line' id='line_1_15' title="bbox 570 1522 3811 1597; baseline -0.006 -2"><span class='ocrx_word' id='word_1_225' title='bbox 570 1540 898 1595; x_wconf 90' lang='lat' dir='ltr'><strong>Pcnnottum</strong></span> <span class='ocrx_word' id='word_1_226' title='bbox 926 1532 1173 1588; x_wconf 82' lang='lat' dir='ltr'><strong>absolvat</strong></span> <span class='ocrx_word' id='word_1_227' title='bbox 1199 1544 1229 1583; x_wconf 89' lang='lat' dir='ltr'><strong>a</strong></span> <span class='ocrx_word' id='word_1_228' title='bbox 1252 1528 1409 1596; x_wconf 90' lang='lat' dir='ltr'><strong>culpa</strong></span> <span class='ocrx_word' id='word_1_229' title='bbox 1470 1523 1728 1580; x_wconf 70' lang='lat' dir='ltr'><strong>notabilis</strong></span> <span class='ocrx_word' id='word_1_230' title='bbox 1778 1522 2003 1577; x_wconf 70' lang='lat' dir='ltr'><strong>incuria:</strong></span> <span class='ocrx_word' id='word_1_231' title='bbox 2052 1533 2160 1574; x_wconf 88' lang='lat' dir='ltr'><strong>non</strong></span> <span class='ocrx_word' id='word_1_232' title='bbox 2263 1533 2339 1578; x_wconf 87' lang='lat' dir='ltr'><strong>est</strong></span> <span class='ocrx_word' id='word_1_233' title='bbox 2369 1522 2663 1593; x_wconf 80' lang='lat' dir='ltr'><strong>llospitalis</strong></span> <span class='ocrx_word' id='word_1_234' title='bbox 2686 1524 2854 1597; x_wconf 87' lang='lat' dir='ltr'><strong>(nunc</strong></span> <span class='ocrx_word' id='word_1_235' title='bbox 2881 1523 2939 1579; x_wconf 87' lang='lat' dir='ltr'><strong>S.</strong></span> <span class='ocrx_word' id='word_1_236' title='bbox 2968 1522 3193 1579; x_wconf 86' lang='lat' dir='ltr'><strong>Joannis</strong></span> <span class='ocrx_word' id='word_1_237' title='bbox 3221 1523 3243 1594; x_wconf 93' lang='lat'>)</span> <span class='ocrx_word' id='word_1_238' title='bbox 3274 1532 3323 1578; x_wconf 85' lang='lat' dir='ltr'><strong>et</strong></span> <span class='ocrx_word' id='word_1_239' title='bbox 3374 1524 3598 1578; x_wconf 76' lang='lat' dir='ltr'><strong>Militum</strong></span> <span class='ocrx_word' id='word_1_240' title='bbox 3627 1523 3811 1594; x_wconf 79' lang='lat' dir='ltr'><strong>Templi.</strong></span> 
     </span>
    </p>
   </div>
   <div class='ocr_carea' id='block_1_16' title="bbox 570 1611 3815 1701">
    <p class='ocr_par' dir='ltr' id='par_1_16' title="bbox 570 1611 3815 1701">
     <span class='ocr_line' id='line_1_16' title="bbox 570 1611 3815 1701; baseline -0.005 -14"><span class='ocrx_word' id='word_1_241' title='bbox 570 1629 789 1701; x_wconf 85' lang='lat' dir='ltr'><strong>legendi</strong></span> <span class='ocrx_word' id='word_1_242' title='bbox 819 1623 1161 1683; x_wconf 83' lang='lat' dir='ltr'><strong>Joacbimum</strong></span> <span class='ocrx_word' id='word_1_243' title='bbox 1180 1664 1195 1688; x_wconf 97' lang='lat'><strong>,</strong></span> <span class='ocrx_word' id='word_1_244' title='bbox 1225 1635 1347 1676; x_wconf 91' lang='lat' dir='ltr'><strong>cum</strong></span> <span class='ocrx_word' id='word_1_245' title='bbox 1378 1616 1701 1674; x_wconf 83' lang='lat' dir='ltr'><strong>facillimum</strong></span> <span class='ocrx_word' id='word_1_246' title='bbox 1735 1613 1811 1669; x_wconf 93' lang='lat' dir='ltr'><strong>illi</strong></span> <span class='ocrx_word' id='word_1_247' title='bbox 1839 1622 1985 1669; x_wconf 87' lang='lat' dir='ltr'><strong>esset</strong></span> <span class='ocrx_word' id='word_1_248' title='bbox 2012 1611 2163 1666; x_wconf 91' lang='lat' dir='ltr'><strong>adire</strong></span> <span class='ocrx_word' id='word_1_249' title='bbox 2191 1682 2239 1701; x_wconf 49' lang='lat' dir='ltr'><strong>ﬁ</strong></span> <span class='ocrx_word' id='word_1_250' title='bbox 2269 1614 2420 1671; x_wconf 86' lang='lat' dir='ltr'><strong>Duos</strong></span> <span class='ocrx_word' id='word_1_251' title='bbox 2442 1616 2655 1671; x_wconf 83' lang='lat' dir='ltr'><strong>tandem</strong></span> <span class='ocrx_word' id='word_1_252' title='bbox 2682 1616 2903 1672; x_wconf 86' lang='lat' dir='ltr'><strong>ordines</strong></span> <span class='ocrx_word' id='word_1_253' title='bbox 2933 1616 3260 1672; x_wconf 88' lang='lat' dir='ltr'><strong>monastieos</strong></span> <span class='ocrx_word' id='word_1_254' title='bbox 3288 1618 3392 1672; x_wconf 87' lang='lat' dir='ltr'><strong>sub</strong></span> <span class='ocrx_word' id='word_1_255' title='bbox 3418 1618 3612 1686; x_wconf 81' lang='lat' dir='ltr'><strong>Joseplt</strong></span> <span class='ocrx_word' id='word_1_256' title='bbox 3632 1627 3683 1672; x_wconf 83' lang='lat' dir='ltr'><strong>et</strong></span> <span class='ocrx_word' id='word_1_257' title='bbox 3703 1617 3815 1672; x_wconf 86' lang='lat' dir='ltr'><strong>Ben-</strong></span> 
     </span>
    </p>
   </div>
   <div class='ocr_carea' id='block_1_17' title="bbox 570 1682 3814 1779">
    <p class='ocr_par' dir='ltr' id='par_1_17' title="bbox 570 1682 3814 1779">
     <span class='ocr_line' id='line_1_17' title="bbox 570 1682 3814 1779; baseline -0.005 0"><span class='ocrx_word' id='word_1_258' title='bbox 570 1682 756 1779; x_wconf 52' lang='lat' dir='ltr'><strong>siZein</strong></span> <span class='ocrx_word' id='word_1_259' title='bbox 786 1717 1113 1775; x_wconf 88' lang='lat' dir='ltr'><strong>bibliotheca</strong></span> <span class='ocrx_word' id='word_1_260' title='bbox 1146 1682 1430 1779; x_wconf 69' lang='lat' dir='ltr'><strong>\latieana,</strong></span> <span class='ocrx_word' id='word_1_261' title='bbox 1460 1712 1578 1766; x_wconf 83' lang='lat' dir='ltr'><strong>sive</strong></span> <span class='ocrx_word' id='word_1_262' title='bbox 1609 1709 1667 1766; x_wconf 91' lang='lat' dir='ltr'><strong>S.</strong></span> <span class='ocrx_word' id='word_1_263' title='bbox 1700 1708 1849 1764; x_wconf 83' lang='lat' dir='ltr'><strong>Petri</strong></span> <span class='ocrx_word' id='word_1_264' title='bbox 1889 1707 1944 1760; x_wconf 91' lang='lat' dir='ltr'><strong>in</strong></span> <span class='ocrx_word' id='word_1_265' title='bbox 1978 1706 2160 1761; x_wconf 81' lang='lat' dir='ltr'><strong>Monte</strong></span> <span class='ocrx_word' id='word_1_266' title='bbox 2191 1682 2240 1743; x_wconf 83' lang='lat' dir='ltr'><strong>B</strong></span> <span class='ocrx_word' id='word_1_267' title='bbox 2263 1707 2432 1777; x_wconf 86' lang='lat' dir='ltr'><strong>jamin</strong></span> <span class='ocrx_word' id='word_1_268' title='bbox 2463 1706 2586 1762; x_wconf 81' lang='lat' dir='ltr'><strong>ﬁliis</strong></span> <span class='ocrx_word' id='word_1_269' title='bbox 2618 1706 2819 1762; x_wconf 80' lang='lat' dir='ltr'><strong>Rachel</strong></span> <span class='ocrx_word' id='word_1_270' title='bbox 2853 1716 2907 1762; x_wconf 89' lang='lat' dir='ltr'><strong>et</strong></span> <span class='ocrx_word' id='word_1_271' title='bbox 2936 1707 3161 1763; x_wconf 78' lang='lat' dir='ltr'><strong>fratrum</strong></span> <span class='ocrx_word' id='word_1_272' title='bbox 3189 1708 3431 1763; x_wconf 90' lang='lat' dir='ltr'><strong>omnium</strong></span> <span class='ocrx_word' id='word_1_273' title='bbox 3462 1682 3709 1764; x_wconf 33' lang='lat' dir='ltr'><strong>ext-remis</strong></span> <span class='ocrx_word' id='word_1_274' title='bbox 3742 1707 3814 1762; x_wconf 78' lang='lat' dir='ltr'><strong>tul-</strong></span> 
     </span>
    </p>
   </div>
   <div class='ocr_carea' id='block_1_18' title="bbox 568 1799 3817 1884">
    <p class='ocr_par' dir='ltr' id='par_1_18' title="bbox 568 1799 3817 1884">
     <span class='ocr_line' id='line_1_18' title="bbox 568 1799 3817 1884; baseline -0.005 -14"><span class='ocrx_word' id='word_1_275' title='bbox 568 1830 758 1879; x_wconf 88' lang='lat' dir='ltr'><strong>aureo,</strong></span> <span class='ocrx_word' id='word_1_276' title='bbox 792 1811 1009 1884; x_wconf 78' lang='lat' dir='ltr'><strong>egregie</strong></span> <span class='ocrx_word' id='word_1_277' title='bbox 1039 1824 1070 1863; x_wconf 94' lang='lat' dir='ltr'><strong>a</strong></span> <span class='ocrx_word' id='word_1_278' title='bbox 1099 1808 1166 1863; x_wconf 72' lang='grc' dir='ltr'><strong>ῐὶ.</strong></span> <span class='ocrx_word' id='word_1_279' title='bbox 1193 1807 1254 1863; x_wconf 88' lang='grc' dir='ltr'><strong>Ρ.</strong></span> <span class='ocrx_word' id='word_1_280' title='bbox 1300 1807 1443 1861; x_wconf 84' lang='lat' dir='ltr'><strong>Luca</strong></span> <span class='ocrx_word' id='word_1_281' title='bbox 1487 1802 1793 1871; x_wconf 83' lang='lat' dir='ltr'><strong>Waddingo</strong></span> <span class='ocrx_word' id='word_1_282' title='bbox 1843 1800 2105 1854; x_wconf 88' lang='lat' dir='ltr'><strong>instructa</strong></span> <span class='ocrx_word' id='word_1_283' title='bbox 2143 1838 2159 1865; x_wconf 95' lang='lat'><strong>,</strong></span> <span class='ocrx_word' id='word_1_284' title='bbox 2265 1800 2564 1869; x_wconf 87' lang='lat' dir='ltr'><strong>umbratos,</strong></span> <span class='ocrx_word' id='word_1_285' title='bbox 2596 1800 2835 1854; x_wconf 89' lang='lat' dir='ltr'><strong>nondum</strong></span> <span class='ocrx_word' id='word_1_286' title='bbox 2868 1799 3159 1870; x_wconf 73' lang='lat' dir='ltr'><strong>incmpissc</strong></span> <span class='ocrx_word' id='word_1_287' title='bbox 3190 1816 3289 1856; x_wconf 90' lang='lat' dir='ltr'><strong>suo</strong></span> <span class='ocrx_word' id='word_1_288' title='bbox 3320 1810 3563 1871; x_wconf 89' lang='lat' dir='ltr'><strong>tempore</strong></span> <span class='ocrx_word' id='word_1_289' title='bbox 3589 1801 3723 1863; x_wconf 81' lang='lat' dir='ltr'><strong>dicit,</strong></span> <span class='ocrx_word' id='word_1_290' title='bbox 3740 1816 3817 1855; x_wconf 87' lang='lat' dir='ltr'><strong>nec</strong></span> 
     </span>
    </p>
   </div>
   <div class='ocr_carea' id='block_1_19' title="bbox 568 1891 3821 1971">
    <p class='ocr_par' dir='ltr' id='par_1_19' title="bbox 568 1891 3821 1971">
     <span class='ocr_line' id='line_1_19' title="bbox 568 1891 3821 1971; baseline -0.006 -9"><span class='ocrx_word' id='word_1_291' title='bbox 568 1906 687 1962; x_wconf 73' lang='lat' dir='ltr'><strong>sive</strong></span> <span class='ocrx_word' id='word_1_292' title='bbox 715 1903 974 1959; x_wconf 84' lang='lat' dir='ltr'><strong>Aniciana</strong></span> <span class='ocrx_word' id='word_1_293' title='bbox 997 1899 1214 1971; x_wconf 78' lang='lat' dir='ltr'><strong>collegii</strong></span> <span class='ocrx_word' id='word_1_294' title='bbox 1246 1897 1570 1968; x_wconf 83' lang='lat' dir='ltr'><strong>Gregoriani</strong></span> <span class='ocrx_word' id='word_1_295' title='bbox 1595 1940 1609 1965; x_wconf 95' lang='lat'><strong>,</strong></span> <span class='ocrx_word' id='word_1_296' title='bbox 1644 1898 1763 1952; x_wconf 84' lang='lat' dir='ltr'><strong>sive</strong></span> <span class='ocrx_word' id='word_1_297' title='bbox 1808 1892 2159 1951; x_wconf 88' lang='lat' dir='ltr'><strong>illustrissimi</strong></span> <span class='ocrx_word' id='word_1_298' title='bbox 2264 1893 2485 1959; x_wconf 90' lang='lat' dir='ltr'><strong>mirum,</strong></span> <span class='ocrx_word' id='word_1_299' title='bbox 2518 1908 2640 1948; x_wconf 83' lang='lat' dir='ltr'><strong>cum</strong></span> <span class='ocrx_word' id='word_1_300' title='bbox 2676 1892 2713 1947; x_wconf 94' lang='lat' dir='ltr'><strong>ii</strong></span> <span class='ocrx_word' id='word_1_301' title='bbox 2740 1891 2940 1947; x_wconf 82' lang='lat' dir='ltr'><strong>fuerint</strong></span> <span class='ocrx_word' id='word_1_302' title='bbox 2967 1892 3191 1949; x_wconf 86' lang='lat' dir='ltr'><strong>ordines</strong></span> <span class='ocrx_word' id='word_1_303' title='bbox 3233 1893 3632 1963; x_wconf 72' lang='lat' dir='ltr'><strong>prmelarissimi</strong></span> <span class='ocrx_word' id='word_1_304' title='bbox 3656 1892 3821 1947; x_wconf 70' lang='lat' dir='ltr'><strong>Prandi-</strong></span> 
     </span>
    </p>
   </div>
   <div class='ocr_carea' id='block_1_20' title="bbox 569 1985 3817 2064">
    <p class='ocr_par' dir='ltr' id='par_1_20' title="bbox 569 1985 3817 2064">
     <span class='ocr_line' id='line_1_20' title="bbox 569 1985 3817 2064; baseline -0.004 -11"><span class='ocrx_word' id='word_1_305' title='bbox 569 1996 783 2053; x_wconf 88' lang='lat' dir='ltr'><strong>Domini</strong></span> <span class='ocrx_word' id='word_1_306' title='bbox 808 1996 965 2052; x_wconf 77' lang='lat' dir='ltr'><strong>Jonn.</strong></span> <span class='ocrx_word' id='word_1_307' title='bbox 1002 1993 1259 2064; x_wconf 62' lang='lat' dir='ltr'><strong>Baptista:</strong></span> <span class='ocrx_word' id='word_1_308' title='bbox 1281 1990 1499 2046; x_wconf 82' lang='lat' dir='ltr'><strong>Coecini</strong></span> <span class='ocrx_word' id='word_1_309' title='bbox 1527 2004 1702 2046; x_wconf 75' lang='lat' dir='ltr'><strong>sacra:</strong></span> <span class='ocrx_word' id='word_1_310' title='bbox 1744 1988 1900 2043; x_wconf 74' lang='lat' dir='ltr'><strong>Roue</strong></span> <span class='ocrx_word' id='word_1_311' title='bbox 1935 1985 2155 2051; x_wconf 84' lang='lat' dir='ltr'><strong>decani,</strong></span> <span class='ocrx_word' id='word_1_312' title='bbox 2263 1997 2507 2042; x_wconf 88' lang='lat' dir='ltr'><strong>eatorunt</strong></span> <span class='ocrx_word' id='word_1_313' title='bbox 2539 1995 2594 2040; x_wconf 86' lang='lat' dir='ltr'><strong>et</strong></span> <span class='ocrx_word' id='word_1_314' title='bbox 2617 1986 2907 2052; x_wconf 81' lang='lat' dir='ltr'><strong>Minorem,</strong></span> <span class='ocrx_word' id='word_1_315' title='bbox 2936 1986 3006 2041; x_wconf 91' lang='lat' dir='ltr'><strong>de</strong></span> <span class='ocrx_word' id='word_1_316' title='bbox 3036 1987 3230 2057; x_wconf 83' lang='lat' dir='ltr'><strong>quibus</strong></span> <span class='ocrx_word' id='word_1_317' title='bbox 3257 1986 3571 2042; x_wconf 77' lang='lat' dir='ltr'><strong>Joaehimus</strong></span> <span class='ocrx_word' id='word_1_318' title='bbox 3609 1986 3657 2041; x_wconf 92' lang='lat' dir='ltr'><strong>in</strong></span> <span class='ocrx_word' id='word_1_319' title='bbox 3692 2001 3817 2041; x_wconf 86' lang='lat' dir='ltr'><strong>cont-</strong></span> 
     </span>
    </p>
   </div>
   <div class='ocr_carea' id='block_1_21' title="bbox 569 2077 3815 2160">
    <p class='ocr_par' dir='ltr' id='par_1_21' title="bbox 569 2077 3815 2160">
     <span class='ocr_line' id='line_1_21' title="bbox 569 2077 3815 2160; baseline -0.005 -15"><span class='ocrx_word' id='word_1_320' title='bbox 569 2088 625 2145; x_wconf 87' lang='lat' dir='ltr'><strong>in</strong></span> <span class='ocrx_word' id='word_1_321' title='bbox 655 2088 850 2160; x_wconf 88' lang='lat' dir='ltr'><strong>quibtts</strong></span> <span class='ocrx_word' id='word_1_322' title='bbox 880 2095 936 2143; x_wconf 91' lang='lat' dir='ltr'><strong>et</strong></span> <span class='ocrx_word' id='word_1_323' title='bbox 961 2085 1015 2140; x_wconf 89' lang='lat' dir='ltr'><strong>in</strong></span> <span class='ocrx_word' id='word_1_324' title='bbox 1046 2084 1167 2139; x_wconf 88' lang='lat' dir='ltr'><strong>aliis</strong></span> <span class='ocrx_word' id='word_1_325' title='bbox 1217 2081 1379 2139; x_wconf 90' lang='lat' dir='ltr'><strong>Urbis</strong></span> <span class='ocrx_word' id='word_1_326' title='bbox 1419 2080 1770 2137; x_wconf 88' lang='lat' dir='ltr'><strong>bibliothecis</strong></span> <span class='ocrx_word' id='word_1_327' title='bbox 1804 2092 1977 2149; x_wconf 89' lang='lat' dir='ltr'><strong>opera</strong></span> <span class='ocrx_word' id='word_1_328' title='bbox 2014 2077 2159 2132; x_wconf 90' lang='lat' dir='ltr'><strong>illius</strong></span> <span class='ocrx_word' id='word_1_329' title='bbox 2263 2083 2551 2140; x_wconf 81' lang='lat' dir='ltr'><strong>mentariis</strong></span> <span class='ocrx_word' id='word_1_330' title='bbox 2596 2083 2888 2138; x_wconf 56' lang='lat' dir='ltr'><strong>Hieremias</strong></span> <span class='ocrx_word' id='word_1_331' title='bbox 2936 2086 3225 2153; x_wconf 68' lang='lat' dir='ltr'><strong>perspicue</strong></span> <span class='ocrx_word' id='word_1_332' title='bbox 3267 2083 3628 2155; x_wconf 66' lang='lat' dir='ltr'><strong>prophetam,</strong></span> <span class='ocrx_word' id='word_1_333' title='bbox 3658 2083 3815 2137; x_wconf 64' lang='lat' dir='ltr'><strong>Videat</strong></span> 
     </span>
    </p>
   </div>
   <div class='ocr_carea' id='block_1_22' title="bbox 568 2172 3814 2251">
    <p class='ocr_par' dir='ltr' id='par_1_22' title="bbox 568 2172 3814 2251">
     <span class='ocr_line' id='line_1_22' title="bbox 568 2172 3814 2251; baseline -0.007 -15"><span class='ocrx_word' id='word_1_334' title='bbox 568 2180 815 2251; x_wconf 89' lang='lat' dir='ltr'><strong>reperire</strong></span> <span class='ocrx_word' id='word_1_335' title='bbox 845 2179 1054 2234; x_wconf 85' lang='lat' dir='ltr'><strong>liceret.</strong></span> <span class='ocrx_word' id='word_1_336' title='bbox 1087 2173 1227 2244; x_wconf 84' lang='lat' dir='ltr'><strong>Quid</strong></span> <span class='ocrx_word' id='word_1_337' title='bbox 1258 2175 1301 2229; x_wconf 90' lang='lat' dir='ltr'><strong>si</strong></span> <span class='ocrx_word' id='word_1_338' title='bbox 1324 2173 1642 2231; x_wconf 84' lang='lat' dir='ltr'><strong>Joachimus</strong></span> <span class='ocrx_word' id='word_1_339' title='bbox 1671 2172 1852 2227; x_wconf 89' lang='lat' dir='ltr'><strong>minus</strong></span> <span class='ocrx_word' id='word_1_340' title='bbox 1903 2172 2015 2226; x_wconf 89' lang='lat' dir='ltr'><strong>suis</strong></span> <span class='ocrx_word' id='word_1_341' title='bbox 2062 2184 2156 2224; x_wconf 84' lang='lat' dir='ltr'><strong>co-</strong></span> <span class='ocrx_word' id='word_1_342' title='bbox 2202 2237 2205 2240; x_wconf 7' lang='lat' dir='ltr'><strong>g</strong></span> <span class='ocrx_word' id='word_1_343' title='bbox 2261 2192 2431 2246; x_wconf 59' lang='lat' dir='ltr'><strong>nunc,</strong></span> <span class='ocrx_word' id='word_1_344' title='bbox 2456 2191 2666 2245; x_wconf 65' lang='grc' dir='ltr'>ηιιτεεο,</span> <span class='ocrx_word' id='word_1_345' title='bbox 2698 2175 2998 2232; x_wconf 73' lang='grc' dir='ltr'>Ρθηηοιιιιε</span> <span class='ocrx_word' id='word_1_346' title='bbox 3018 2176 3212 2245; x_wconf 68' lang='lat' dir='ltr'><strong>quibus</strong></span> <span class='ocrx_word' id='word_1_347' title='bbox 3240 2176 3413 2246; x_wconf 64' lang='lat' dir='ltr'><strong>magis</strong></span> <span class='ocrx_word' id='word_1_348' title='bbox 3432 2175 3727 2231; x_wconf 66' lang='lat' dir='ltr'><strong>Joachimus</strong></span> <span class='ocrx_word' id='word_1_349' title='bbox 3753 2174 3814 2228; x_wconf 58' lang='lat' dir='ltr'><strong>fa-</strong></span> 
     </span>
    </p>
   </div>
   <div class='ocr_carea' id='block_1_23' title="bbox 568 2264 3815 2339">
    <p class='ocr_par' dir='ltr' id='par_1_23' title="bbox 568 2264 3815 2339">
     <span class='ocr_line' id='line_1_23' title="bbox 568 2264 3815 2339; baseline -0.004 -12"><span class='ocrx_word' id='word_1_350' title='bbox 568 2272 784 2328; x_wconf 83' lang='lat' dir='ltr'><strong>natibus</strong></span> <span class='ocrx_word' id='word_1_351' title='bbox 805 2268 1229 2326; x_wconf 83' lang='lat' dir='ltr'><strong>adversaretur?</strong></span> <span class='ocrx_word' id='word_1_352' title='bbox 1255 2265 1394 2334; x_wconf 84' lang='lat' dir='ltr'><strong>Quid</strong></span> <span class='ocrx_word' id='word_1_353' title='bbox 1424 2266 1468 2320; x_wconf 83' lang='lat' dir='ltr'><strong>si</strong></span> <span class='ocrx_word' id='word_1_354' title='bbox 1496 2265 1735 2320; x_wconf 78' lang='lat' dir='ltr'><strong>faveret?</strong></span> <span class='ocrx_word' id='word_1_355' title='bbox 1768 2264 1963 2319; x_wconf 86' lang='lat' dir='ltr'><strong>Parum</strong></span> <span class='ocrx_word' id='word_1_356' title='bbox 2014 2267 2160 2316; x_wconf 83' lang='lat' dir='ltr'><strong>esset</strong></span> <span class='ocrx_word' id='word_1_357' title='bbox 2263 2279 2410 2334; x_wconf 66' lang='grc' dir='ltr'><strong>γεω,</strong></span> <span class='ocrx_word' id='word_1_358' title='bbox 2437 2267 2655 2325; x_wconf 68' lang='lat' dir='ltr'><strong>clericis</strong></span> <span class='ocrx_word' id='word_1_359' title='bbox 2678 2283 2744 2323; x_wconf 74' lang='lat' dir='ltr'><strong>an</strong></span> <span class='ocrx_word' id='word_1_360' title='bbox 2781 2267 3105 2324; x_wconf 69' lang='lat' dir='ltr'><strong>monachis?</strong></span> <span class='ocrx_word' id='word_1_361' title='bbox 3132 2268 3266 2324; x_wconf 66' lang='lat' dir='ltr'><strong>Nam</strong></span> <span class='ocrx_word' id='word_1_362' title='bbox 3290 2267 3435 2339; x_wconf 75' lang='lat' dir='ltr'><strong>quod</strong></span> <span class='ocrx_word' id='word_1_363' title='bbox 3469 2268 3536 2323; x_wconf 68' lang='lat' dir='ltr'><strong>de</strong></span> <span class='ocrx_word' id='word_1_364' title='bbox 3574 2266 3815 2323; x_wconf 67' lang='lat' dir='ltr'><strong>canonicis</strong></span> 
     </span>
    </p>
   </div>
   <div class='ocr_carea' id='block_1_24' title="bbox 567 2357 3817 2434">
    <p class='ocr_par' dir='ltr' id='par_1_24' title="bbox 567 2357 3817 2434">
     <span class='ocr_line' id='line_1_24' title="bbox 567 2357 3817 2434; baseline -0.001 -15"><span class='ocrx_word' id='word_1_365' title='bbox 567 2364 866 2419; x_wconf 89' lang='lat' dir='ltr'><strong>doctrinam</strong></span> <span class='ocrx_word' id='word_1_366' title='bbox 899 2361 1020 2431; x_wconf 86' lang='lat' dir='ltr'><strong>ejus</strong></span> <span class='ocrx_word' id='word_1_367' title='bbox 1047 2376 1217 2430; x_wconf 89' lang='lat' dir='ltr'><strong>usque</strong></span> <span class='ocrx_word' id='word_1_368' title='bbox 1240 2359 1306 2413; x_wconf 88' lang='lat' dir='ltr'><strong>ad</strong></span> <span class='ocrx_word' id='word_1_369' title='bbox 1331 2358 1500 2415; x_wconf 73' lang='lat' dir='ltr'><strong>cmlos</strong></span> <span class='ocrx_word' id='word_1_370' title='bbox 1527 2357 1822 2421; x_wconf 85' lang='lat' dir='ltr'><strong>extollere;</strong></span> <span class='ocrx_word' id='word_1_371' title='bbox 1857 2368 2017 2409; x_wconf 90' lang='lat' dir='ltr'><strong>nemo</strong></span> <span class='ocrx_word' id='word_1_372' title='bbox 2050 2363 2155 2408; x_wconf 91' lang='lat' dir='ltr'><strong>tam</strong></span> <span class='ocrx_word' id='word_1_373' title='bbox 2261 2362 2599 2434; x_wconf 65' lang='lat' dir='ltr'><strong>regularibus</strong></span> <span class='ocrx_word' id='word_1_374' title='bbox 2625 2362 2799 2431; x_wconf 83' lang='lat' dir='ltr'><strong>quinti</strong></span> <span class='ocrx_word' id='word_1_375' title='bbox 2831 2361 3045 2416; x_wconf 81' lang='lat' dir='ltr'><strong>ordinis</strong></span> <span class='ocrx_word' id='word_1_376' title='bbox 3071 2361 3305 2427; x_wconf 86' lang='lat' dir='ltr'><strong>scribit,</strong></span> <span class='ocrx_word' id='word_1_377' title='bbox 3331 2360 3400 2414; x_wconf 88' lang='lat' dir='ltr'><strong>de</strong></span> <span class='ocrx_word' id='word_1_378' title='bbox 3430 2359 3817 2431; x_wconf 72' lang='lat' dir='ltr'><strong>cettgregntionc</strong></span> 
     </span>
    </p>
   </div>
   <div class='ocr_carea' id='block_1_25' title="bbox 565 2448 3815 2525">
    <p class='ocr_par' dir='ltr' id='par_1_25' title="bbox 565 2448 3815 2525">
     <span class='ocr_line' id='line_1_25' title="bbox 565 2448 3815 2525; baseline -0.002 -15"><span class='ocrx_word' id='word_1_379' title='bbox 565 2455 836 2511; x_wconf 83' lang='lat' dir='ltr'><strong>acerrime</strong></span> <span class='ocrx_word' id='word_1_380' title='bbox 858 2453 1111 2525; x_wconf 86' lang='lat' dir='ltr'><strong>spiritum</strong></span> <span class='ocrx_word' id='word_1_381' title='bbox 1156 2452 1369 2508; x_wconf 85' lang='lat' dir='ltr'><strong>abbatis</strong></span> <span class='ocrx_word' id='word_1_382' title='bbox 1409 2448 1712 2521; x_wconf 76' lang='lat' dir='ltr'><strong>prOphelite</strong></span> <span class='ocrx_word' id='word_1_383' title='bbox 1754 2449 1901 2505; x_wconf 89' lang='lat' dir='ltr'><strong>dono</strong></span> <span class='ocrx_word' id='word_1_384' title='bbox 1949 2448 2157 2504; x_wconf 89' lang='lat' dir='ltr'><strong>clarum</strong></span> <span class='ocrx_word' id='word_1_385' title='bbox 2259 2453 2491 2524; x_wconf 87' lang='lat' dir='ltr'><strong>quadam</strong></span> <span class='ocrx_word' id='word_1_386' title='bbox 2518 2452 2865 2509; x_wconf 81' lang='lat' dir='ltr'><strong>manifestum</strong></span> <span class='ocrx_word' id='word_1_387' title='bbox 2893 2464 2976 2508; x_wconf 86' lang='lat' dir='ltr'><strong>est</strong></span> <span class='ocrx_word' id='word_1_388' title='bbox 2997 2452 3198 2509; x_wconf 89' lang='lat' dir='ltr'><strong>debere</strong></span> <span class='ocrx_word' id='word_1_389' title='bbox 3226 2450 3462 2521; x_wconf 81' lang='lat' dir='ltr'><strong>intelligi</strong></span> <span class='ocrx_word' id='word_1_390' title='bbox 3489 2490 3505 2518; x_wconf 95' lang='lat'><strong>,</strong></span> <span class='ocrx_word' id='word_1_391' title='bbox 3548 2451 3633 2505; x_wconf 75' lang='lat' dir='ltr'><strong>illa</strong></span> <span class='ocrx_word' id='word_1_392' title='bbox 3679 2450 3815 2503; x_wconf 74' lang='lat' dir='ltr'><strong>nimi-</strong></span> 
     </span>
    </p>
   </div>
   <div class='ocr_carea' id='block_1_26' title="bbox 566 2539 3817 2618">
    <p class='ocr_par' dir='ltr' id='par_1_26' title="bbox 566 2539 3817 2618">
     <span class='ocr_line' id='line_1_26' title="bbox 566 2539 3817 2618; baseline -0.002 -15"><span class='ocrx_word' id='word_1_393' title='bbox 566 2556 813 2605; x_wconf 87' lang='lat' dir='ltr'><strong>tucretur</strong></span> <span class='ocrx_word' id='word_1_394' title='bbox 834 2561 898 2602; x_wconf 92' lang='lat' dir='ltr'><strong>ac</strong></span> <span class='ocrx_word' id='word_1_395' title='bbox 926 2546 1231 2602; x_wconf 82' lang='lat' dir='ltr'><strong>Pcnnottus</strong></span> <span class='ocrx_word' id='word_1_396' title='bbox 1258 2561 1272 2598; x_wconf 87' lang='lat'><strong>:</strong></span> <span class='ocrx_word' id='word_1_397' title='bbox 1309 2559 1433 2599; x_wconf 90' lang='lat' dir='ltr'><strong>nam</strong></span> <span class='ocrx_word' id='word_1_398' title='bbox 1457 2554 1513 2598; x_wconf 90' lang='lat' dir='ltr'><strong>et</strong></span> <span class='ocrx_word' id='word_1_399' title='bbox 1540 2543 1679 2598; x_wconf 90' lang='lat' dir='ltr'><strong>alios</strong></span> <span class='ocrx_word' id='word_1_400' title='bbox 1708 2539 1984 2597; x_wconf 81' lang='lat' dir='ltr'><strong>interioris</strong></span> <span class='ocrx_word' id='word_1_401' title='bbox 2016 2551 2158 2596; x_wconf 77' lang='lat' dir='ltr'><strong>notae</strong></span> <span class='ocrx_word' id='word_1_402' title='bbox 2259 2562 2379 2601; x_wconf 89' lang='lat' dir='ltr'><strong>rum</strong></span> <span class='ocrx_word' id='word_1_403' title='bbox 2402 2562 2526 2615; x_wconf 67' lang='lat' dir='ltr'><strong>quas</strong></span> <span class='ocrx_word' id='word_1_404' title='bbox 2555 2549 2607 2602; x_wconf 92' lang='lat' dir='ltr'><strong>in</strong></span> <span class='ocrx_word' id='word_1_405' title='bbox 2637 2546 2830 2603; x_wconf 90' lang='lat' dir='ltr'><strong>Galliis</strong></span> <span class='ocrx_word' id='word_1_406' title='bbox 2857 2547 3043 2618; x_wconf 86' lang='lat' dir='ltr'><strong>regula</strong></span> <span class='ocrx_word' id='word_1_407' title='bbox 3067 2547 3124 2601; x_wconf 90' lang='lat' dir='ltr'><strong>S.</strong></span> <span class='ocrx_word' id='word_1_408' title='bbox 3152 2546 3439 2616; x_wconf 77' lang='lat' dir='ltr'><strong>Augustini</strong></span> <span class='ocrx_word' id='word_1_409' title='bbox 3471 2545 3716 2601; x_wconf 64' lang='lat' dir='ltr'><strong>canonice</strong></span> <span class='ocrx_word' id='word_1_410' title='bbox 3737 2543 3817 2598; x_wconf 86' lang='lat' dir='ltr'><strong>du-</strong></span> 
     </span>
    </p>
   </div>
   <div class='ocr_carea' id='block_1_27' title="bbox 560 2634 3817 2710">
    <p class='ocr_par' dir='ltr' id='par_1_27' title="bbox 560 2634 3817 2710">
     <span class='ocr_line' id='line_1_27' title="bbox 560 2634 3817 2710; baseline -0.003 -13"><span class='ocrx_word' id='word_1_411' title='bbox 560 2651 814 2698; x_wconf 87' lang='lat' dir='ltr'><strong>auctores</strong></span> <span class='ocrx_word' id='word_1_412' title='bbox 841 2640 944 2696; x_wconf 90' lang='lat' dir='ltr'><strong>sibi</strong></span> <span class='ocrx_word' id='word_1_413' title='bbox 972 2638 1244 2705; x_wconf 83' lang='lat' dir='ltr'><strong>faventes,</strong></span> <span class='ocrx_word' id='word_1_414' title='bbox 1274 2636 1627 2710; x_wconf 85' lang='lat' dir='ltr'><strong>gratitudinis</strong></span> <span class='ocrx_word' id='word_1_415' title='bbox 1653 2651 1783 2705; x_wconf 84' lang='lat' dir='ltr'><strong>ergo</strong></span> <span class='ocrx_word' id='word_1_416' title='bbox 1806 2634 2159 2691; x_wconf 88' lang='lat' dir='ltr'><strong>vehementer</strong></span> <span class='ocrx_word' id='word_1_417' title='bbox 2259 2646 2387 2693; x_wconf 90' lang='lat' dir='ltr'><strong>nata</strong></span> <span class='ocrx_word' id='word_1_418' title='bbox 2409 2646 2513 2704; x_wconf 91' lang='lat' dir='ltr'><strong>est,</strong></span> <span class='ocrx_word' id='word_1_419' title='bbox 2545 2648 2599 2694; x_wconf 90' lang='lat' dir='ltr'><strong>et</strong></span> <span class='ocrx_word' id='word_1_420' title='bbox 2627 2638 2903 2709; x_wconf 87' lang='lat' dir='ltr'><strong>geminato</strong></span> <span class='ocrx_word' id='word_1_421' title='bbox 2925 2637 3153 2694; x_wconf 80' lang='lat' dir='ltr'><strong>canonis</strong></span> <span class='ocrx_word' id='word_1_422' title='bbox 3177 2646 3233 2694; x_wconf 91' lang='lat' dir='ltr'><strong>et</strong></span> <span class='ocrx_word' id='word_1_423' title='bbox 3265 2637 3474 2708; x_wconf 72' lang='lat' dir='ltr'><strong>regula:</strong></span> <span class='ocrx_word' id='word_1_424' title='bbox 3520 2635 3722 2691; x_wconf 86' lang='lat' dir='ltr'><strong>nomine</strong></span> <span class='ocrx_word' id='word_1_425' title='bbox 3742 2650 3817 2688; x_wconf 52' lang='lat' dir='ltr'><strong>ea-</strong></span> 
     </span>
    </p>
   </div>
   <div class='ocr_carea' id='block_1_28' title="bbox 562 2727 3817 2804">
    <p class='ocr_par' dir='ltr' id='par_1_28' title="bbox 562 2727 3817 2804">
     <span class='ocr_line' id='line_1_28' title="bbox 562 2727 3817 2804; baseline -0.002 -15"><span class='ocrx_word' id='word_1_426' title='bbox 562 2734 814 2790; x_wconf 90' lang='lat' dir='ltr'><strong>honorat.</strong></span> <span class='ocrx_word' id='word_1_427' title='bbox 841 2733 1015 2804; x_wconf 89' lang='lat' dir='ltr'><strong>Spero</strong></span> <span class='ocrx_word' id='word_1_428' title='bbox 1044 2743 1222 2787; x_wconf 89' lang='lat' dir='ltr'><strong>tamen</strong></span> <span class='ocrx_word' id='word_1_429' title='bbox 1251 2745 1509 2801; x_wconf 83' lang='lat' dir='ltr'><strong>magnum</strong></span> <span class='ocrx_word' id='word_1_430' title='bbox 1538 2730 1678 2800; x_wconf 90' lang='lat' dir='ltr'><strong>apud</strong></span> <span class='ocrx_word' id='word_1_431' title='bbox 1711 2729 1861 2783; x_wconf 90' lang='lat' dir='ltr'><strong>illum</strong></span> <span class='ocrx_word' id='word_1_432' title='bbox 1891 2727 2157 2796; x_wconf 83' lang='lat' dir='ltr'><strong>deinceps</strong></span> <span class='ocrx_word' id='word_1_433' title='bbox 2260 2732 2582 2788; x_wconf 86' lang='lat' dir='ltr'><strong>nonicorum</strong></span> <span class='ocrx_word' id='word_1_434' title='bbox 2626 2730 2958 2803; x_wconf 80' lang='lat' dir='ltr'><strong>regularium</strong></span> <span class='ocrx_word' id='word_1_435' title='bbox 2994 2732 3183 2787; x_wconf 81' lang='lat' dir='ltr'><strong>vocari</strong></span> <span class='ocrx_word' id='word_1_436' title='bbox 3233 2740 3499 2800; x_wconf 71' lang='lat' dir='ltr'><strong>emperat.</strong></span> <span class='ocrx_word' id='word_1_437' title='bbox 3551 2728 3662 2795; x_wconf 87' lang='lat' dir='ltr'><strong>Quo</strong></span> <span class='ocrx_word' id='word_1_438' title='bbox 3708 2742 3817 2781; x_wconf 84' lang='lat' dir='ltr'><strong>vero</strong></span> 
     </span>
    </p>
   </div>
   <div class='ocr_carea' id='block_1_29' title="bbox 563 2817 3817 2892">
    <p class='ocr_par' dir='ltr' id='par_1_29' title="bbox 563 2817 3817 2892">
     <span class='ocr_line' id='line_1_29' title="bbox 563 2817 3817 2892; baseline -0.002 -12"><span class='ocrx_word' id='word_1_439' title='bbox 563 2826 870 2883; x_wconf 89' lang='lat' dir='ltr'><strong>habendum</strong></span> <span class='ocrx_word' id='word_1_440' title='bbox 904 2841 1026 2882; x_wconf 90' lang='lat' dir='ltr'><strong>esse</strong></span> <span class='ocrx_word' id='word_1_441' title='bbox 1052 2825 1421 2891; x_wconf 81' lang='lat' dir='ltr'><strong>Joachimum,</strong></span> <span class='ocrx_word' id='word_1_442' title='bbox 1448 2832 1508 2878; x_wconf 91' lang='lat' dir='ltr'><strong>ut</strong></span> <span class='ocrx_word' id='word_1_443' title='bbox 1539 2830 1662 2892; x_wconf 89' lang='lat' dir='ltr'><strong>pote</strong></span> <span class='ocrx_word' id='word_1_444' title='bbox 1688 2823 1776 2892; x_wconf 86' lang='lat' dir='ltr'><strong>qui</strong></span> <span class='ocrx_word' id='word_1_445' title='bbox 1804 2836 1912 2890; x_wconf 63' lang='grc' dir='ltr'>ιιι-α·</span> <span class='ocrx_word' id='word_1_446' title='bbox 1943 2818 2156 2876; x_wconf 77' lang='lat' dir='ltr'><strong>caeteris</strong></span> <span class='ocrx_word' id='word_1_447' title='bbox 2258 2838 2405 2878; x_wconf 87' lang='lat' dir='ltr'><strong>anno</strong></span> <span class='ocrx_word' id='word_1_448' title='bbox 2435 2823 2485 2879; x_wconf 91' lang='lat' dir='ltr'><strong>id</strong></span> <span class='ocrx_word' id='word_1_449' title='bbox 2514 2824 2779 2880; x_wconf 90' lang='lat' dir='ltr'><strong>acciderit</strong></span> <span class='ocrx_word' id='word_1_450' title='bbox 2803 2823 3122 2881; x_wconf 85' lang='lat' dir='ltr'><strong>Joachimus</strong></span> <span class='ocrx_word' id='word_1_451' title='bbox 3175 2836 3282 2877; x_wconf 88' lang='lat' dir='ltr'><strong>non</strong></span> <span class='ocrx_word' id='word_1_452' title='bbox 3331 2822 3561 2892; x_wconf 88' lang='lat' dir='ltr'><strong>promit;</strong></span> <span class='ocrx_word' id='word_1_453' title='bbox 3601 2832 3651 2877; x_wconf 88' lang='lat' dir='ltr'><strong>et</strong></span> <span class='ocrx_word' id='word_1_454' title='bbox 3691 2817 3817 2887; x_wconf 79' lang='lat' dir='ltr'><strong>quod</strong></span> 
     </span>
    </p>
   </div>
   <div class='ocr_carea' id='block_1_30' title="bbox 560 2912 3816 2983">
    <p class='ocr_par' dir='ltr' id='par_1_30' title="bbox 560 2912 3816 2983">
     <span class='ocr_line' id='line_1_30' title="bbox 560 2912 3816 2983; baseline -0.002 -10"><span class='ocrx_word' id='word_1_455' title='bbox 560 2919 889 2974; x_wconf 86' lang='lat' dir='ltr'><strong>clericorum</strong></span> <span class='ocrx_word' id='word_1_456' title='bbox 922 2933 1142 2975; x_wconf 81' lang='lat' dir='ltr'><strong>causam</strong></span> <span class='ocrx_word' id='word_1_457' title='bbox 1173 2925 1356 2973; x_wconf 88' lang='lat' dir='ltr'><strong>tuetur</strong></span> <span class='ocrx_word' id='word_1_458' title='bbox 1390 2933 1404 2970; x_wconf 90' lang='lat'><strong>:</strong></span> <span class='ocrx_word' id='word_1_459' title='bbox 1459 2914 1591 2969; x_wconf 88' lang='lat' dir='ltr'><strong>nihil</strong></span> <span class='ocrx_word' id='word_1_460' title='bbox 1650 2914 1855 2969; x_wconf 90' lang='lat' dir='ltr'><strong>etenim</strong></span> <span class='ocrx_word' id='word_1_461' title='bbox 1898 2927 2053 2982; x_wconf 66' lang='lat' dir='ltr'><strong>atque</strong></span> <span class='ocrx_word' id='word_1_462' title='bbox 2101 2912 2153 2966; x_wconf 94' lang='lat' dir='ltr'><strong>in</strong></span> <span class='ocrx_word' id='word_1_463' title='bbox 2257 2915 2453 2971; x_wconf 87' lang='lat' dir='ltr'><strong>asserit</strong></span> <span class='ocrx_word' id='word_1_464' title='bbox 2475 2931 2504 2970; x_wconf 93' lang='lat' dir='ltr'><strong>a</strong></span> <span class='ocrx_word' id='word_1_465' title='bbox 2528 2916 2587 2973; x_wconf 93' lang='lat' dir='ltr'><strong>S.</strong></span> <span class='ocrx_word' id='word_1_466' title='bbox 2619 2914 2762 2971; x_wconf 81' lang='lat' dir='ltr'><strong>Rufo</strong></span> <span class='ocrx_word' id='word_1_467' title='bbox 2794 2914 2964 2971; x_wconf 79' lang='lat' dir='ltr'><strong>fuisse</strong></span> <span class='ocrx_word' id='word_1_468' title='bbox 2993 2916 3318 2983; x_wconf 83' lang='lat' dir='ltr'><strong>institutam,</strong></span> <span class='ocrx_word' id='word_1_469' title='bbox 3351 2931 3459 2970; x_wconf 90' lang='lat' dir='ltr'><strong>non</strong></span> <span class='ocrx_word' id='word_1_470' title='bbox 3485 2932 3514 2970; x_wconf 81' lang='lat' dir='ltr'><strong>a</strong></span> <span class='ocrx_word' id='word_1_471' title='bbox 3536 2929 3592 2970; x_wconf 89' lang='lat' dir='ltr'><strong>se</strong></span> <span class='ocrx_word' id='word_1_472' title='bbox 3615 2956 3629 2978; x_wconf 93' lang='lat'><strong>,</strong></span> <span class='ocrx_word' id='word_1_473' title='bbox 3660 2914 3742 2968; x_wconf 76' lang='lat' dir='ltr'><strong>sed</strong></span> <span class='ocrx_word' id='word_1_474' title='bbox 3763 2928 3816 2965; x_wconf 77' lang='lat' dir='ltr'><strong>rx</strong></span> 
     </span>
    </p>
   </div>
   <div class='ocr_carea' id='block_1_31' title="bbox 561 3004 3819 3079">
    <p class='ocr_par' dir='ltr' id='par_1_31' title="bbox 561 3004 3819 3079">
     <span class='ocr_line' id='line_1_31' title="bbox 561 3004 3819 3079; baseline -0.002 -16"><span class='ocrx_word' id='word_1_475' title='bbox 561 3009 815 3064; x_wconf 83' lang='lat' dir='ltr'><strong>Omnibus</strong></span> <span class='ocrx_word' id='word_1_476' title='bbox 835 3009 950 3064; x_wconf 85' lang='lat' dir='ltr'><strong>suis</strong></span> <span class='ocrx_word' id='word_1_477' title='bbox 979 3008 1235 3079; x_wconf 85' lang='lat' dir='ltr'><strong>operibus</strong></span> <span class='ocrx_word' id='word_1_478' title='bbox 1267 3007 1501 3063; x_wconf 89' lang='lat' dir='ltr'><strong>inculcat</strong></span> <span class='ocrx_word' id='word_1_479' title='bbox 1527 3050 1542 3074; x_wconf 92' lang='lat'><strong>,</strong></span> <span class='ocrx_word' id='word_1_480' title='bbox 1576 3021 1736 3078; x_wconf 89' lang='lat' dir='ltr'><strong>quam</strong></span> <span class='ocrx_word' id='word_1_481' title='bbox 1760 3004 2011 3061; x_wconf 89' lang='lat' dir='ltr'><strong>ordinem</strong></span> <span class='ocrx_word' id='word_1_482' title='bbox 2043 3004 2156 3059; x_wconf 89' lang='lat' dir='ltr'><strong>cle-</strong></span> <span class='ocrx_word' id='word_1_483' title='bbox 2181 3052 2226 3079; x_wconf 55' lang='grc' dir='ltr'>η</span> <span class='ocrx_word' id='word_1_484' title='bbox 2258 3005 2489 3061; x_wconf 85' lang='lat' dir='ltr'><strong>aliorum</strong></span> <span class='ocrx_word' id='word_1_485' title='bbox 2519 3006 2791 3062; x_wconf 79' lang='lat' dir='ltr'><strong>relatione</strong></span> <span class='ocrx_word' id='word_1_486' title='bbox 2829 3006 3022 3062; x_wconf 92' lang='lat' dir='ltr'><strong>scribit</strong></span> <span class='ocrx_word' id='word_1_487' title='bbox 3053 3025 3065 3061; x_wconf 91' lang='lat'><strong>:</strong></span> <span class='ocrx_word' id='word_1_488' title='bbox 3098 3017 3152 3062; x_wconf 91' lang='lat' dir='ltr'><strong>et</strong></span> <span class='ocrx_word' id='word_1_489' title='bbox 3185 3006 3364 3063; x_wconf 78' lang='lat' dir='ltr'><strong>forsan</strong></span> <span class='ocrx_word' id='word_1_490' title='bbox 3390 3007 3549 3077; x_wconf 78' lang='lat' dir='ltr'><strong>vulgo</strong></span> <span class='ocrx_word' id='word_1_491' title='bbox 3572 3004 3819 3061; x_wconf 74' lang='lat' dir='ltr'><strong>dicebatur</strong></span> 
     </span>
    </p>
   </div>
   <div class='ocr_carea' id='block_1_32' title="bbox 561 3052 3821 3170">
    <p class='ocr_par' dir='ltr' id='par_1_32' title="bbox 561 3052 3821 3170">
     <span class='ocr_line' id='line_1_32' title="bbox 563 3052 3810 3079; baseline -0.002 -15"><span class='ocrx_word' id='word_1_492' title='bbox 563 3052 815 3064; x_wconf 72' lang='lat'><strong>-............</strong></span> <span class='ocrx_word' id='word_1_493' title='bbox 835 3052 950 3064; x_wconf 67' lang='grc' dir='ltr'><strong>-..η</strong></span> <span class='ocrx_word' id='word_1_494' title='bbox 980 3052 1235 3079; x_wconf 57' lang='lat' dir='ltr'><strong>vrum..-</strong></span> <span class='ocrx_word' id='word_1_495' title='bbox 1267 3052 1501 3063; x_wconf 72' lang='lat'><strong>........-_.</strong></span> <span class='ocrx_word' id='word_1_496' title='bbox 1527 3052 1542 3074; x_wconf 91' lang='lat'><strong>,</strong></span> <span class='ocrx_word' id='word_1_497' title='bbox 1763 3052 2011 3061; x_wconf 68' lang='lat'><strong>-.--..-..-</strong></span> <span class='ocrx_word' id='word_1_498' title='bbox 2047 3052 2125 3059; x_wconf 71' lang='lat'><strong>-.-</strong></span> <span class='ocrx_word' id='word_1_499' title='bbox 2519 3052 2790 3062; x_wconf 67' lang='lat'><strong>---_-.....-</strong></span> <span class='ocrx_word' id='word_1_500' title='bbox 2829 3052 3022 3062; x_wconf 56' lang='grc' dir='ltr'><strong>πη-.-</strong></span> <span class='ocrx_word' id='word_1_501' title='bbox 3053 3052 3065 3061; x_wconf 94' lang='grc'>.</span> <span class='ocrx_word' id='word_1_502' title='bbox 3100 3052 3152 3062; x_wconf 64' lang='grc' dir='ltr'><strong>ν-</strong></span> <span class='ocrx_word' id='word_1_503' title='bbox 3185 3052 3364 3063; x_wconf 62' lang='grc' dir='ltr'><strong>.-.ν-η</strong></span> <span class='ocrx_word' id='word_1_504' title='bbox 3400 3052 3547 3077; x_wconf 57' lang='grc' dir='ltr'><strong>.-.ον</strong></span> <span class='ocrx_word' id='word_1_505' title='bbox 3573 3052 3810 3061; x_wconf 57' lang='grc' dir='ltr'><strong>-.-η---η</strong></span> 
     </span>
     <span class='ocr_line' id='line_1_33' title="bbox 561 3052 3821 3170; baseline -0.002 -17"><span class='ocrx_word' id='word_1_506' title='bbox 561 3099 799 3155; x_wconf 91' lang='lat' dir='ltr'><strong>ricorum</strong></span> <span class='ocrx_word' id='word_1_507' title='bbox 828 3100 1066 3170; x_wconf 89' lang='lat' dir='ltr'><strong>priorem</strong></span> <span class='ocrx_word' id='word_1_508' title='bbox 1083 3100 1250 3156; x_wconf 81' lang='lat' dir='ltr'><strong>fuisse</strong></span> <span class='ocrx_word' id='word_1_509' title='bbox 1272 3100 1463 3156; x_wconf 89' lang='lat' dir='ltr'><strong>ordine</strong></span> <span class='ocrx_word' id='word_1_510' title='bbox 1486 3098 1895 3163; x_wconf 90' lang='lat' dir='ltr'><strong>monachorum,</strong></span> <span class='ocrx_word' id='word_1_511' title='bbox 1923 3095 1975 3152; x_wconf 87' lang='lat' dir='ltr'><strong>id</strong></span> <span class='ocrx_word' id='word_1_512' title='bbox 2005 3094 2149 3167; x_wconf 76' lang='lat' dir='ltr'><strong>quod</strong></span> <span class='ocrx_word' id='word_1_513' title='bbox 2180 3052 2228 3117; x_wconf 63' lang='grc' dir='ltr'>ο</span> <span class='ocrx_word' id='word_1_514' title='bbox 2258 3096 2392 3152; x_wconf 91' lang='lat' dir='ltr'><strong>ordo</strong></span> <span class='ocrx_word' id='word_1_515' title='bbox 2424 3098 2517 3153; x_wconf 90' lang='lat' dir='ltr'><strong>ille</strong></span> <span class='ocrx_word' id='word_1_516' title='bbox 2539 3113 2568 3152; x_wconf 92' lang='lat' dir='ltr'><strong>a</strong></span> <span class='ocrx_word' id='word_1_517' title='bbox 2593 3098 2648 3154; x_wconf 89' lang='lat' dir='ltr'><strong>S.</strong></span> <span class='ocrx_word' id='word_1_518' title='bbox 2679 3097 2819 3153; x_wconf 81' lang='lat' dir='ltr'><strong>Rufo</strong></span> <span class='ocrx_word' id='word_1_519' title='bbox 2848 3098 3148 3166; x_wconf 89' lang='lat' dir='ltr'><strong>institutus,</strong></span> <span class='ocrx_word' id='word_1_520' title='bbox 3177 3097 3320 3169; x_wconf 87' lang='lat' dir='ltr'><strong>quod</strong></span> <span class='ocrx_word' id='word_1_521' title='bbox 3356 3099 3409 3153; x_wconf 92' lang='lat' dir='ltr'><strong>in</strong></span> <span class='ocrx_word' id='word_1_522' title='bbox 3438 3098 3558 3168; x_wconf 88' lang='lat' dir='ltr'><strong>ejus</strong></span> <span class='ocrx_word' id='word_1_523' title='bbox 3581 3107 3821 3152; x_wconf 58' lang='lat' dir='ltr'><strong>monaste-</strong></span> 
     </span>
    </p>
   </div>
   <div class='ocr_carea' id='block_1_33' title="bbox 561 3186 3818 3260">
    <p class='ocr_par' dir='ltr' id='par_1_33' title="bbox 561 3186 3818 3260">
     <span class='ocr_line' id='line_1_34' title="bbox 561 3186 3818 3260; baseline -0.001 -17"><span class='ocrx_word' id='word_1_524' title='bbox 561 3188 687 3244; x_wconf 88' lang='lat' dir='ltr'><strong>data</strong></span> <span class='ocrx_word' id='word_1_525' title='bbox 737 3204 906 3259; x_wconf 80' lang='lat' dir='ltr'><strong>opera</strong></span> <span class='ocrx_word' id='word_1_526' title='bbox 953 3190 1193 3246; x_wconf 84' lang='lat' dir='ltr'><strong>altirmat</strong></span> <span class='ocrx_word' id='word_1_527' title='bbox 1241 3197 1298 3247; x_wconf 92' lang='lat' dir='ltr'><strong>et</strong></span> <span class='ocrx_word' id='word_1_528' title='bbox 1350 3190 1545 3260; x_wconf 87' lang='lat' dir='ltr'><strong>probat</strong></span> <span class='ocrx_word' id='word_1_529' title='bbox 1579 3189 1674 3244; x_wconf 91' lang='lat' dir='ltr'><strong>lib.</strong></span> <span class='ocrx_word' id='word_1_530' title='bbox 1732 3205 1772 3244; x_wconf 87' lang='grc' dir='ltr'>ιι</span> <span class='ocrx_word' id='word_1_531' title='bbox 1832 3186 2150 3245; x_wconf 73' lang='lat' dir='ltr'><strong>Concorditc</strong></span> <span class='ocrx_word' id='word_1_532' title='bbox 2255 3189 2339 3243; x_wconf 91' lang='lat' dir='ltr'><strong>rio</strong></span> <span class='ocrx_word' id='word_1_533' title='bbox 2368 3190 2649 3246; x_wconf 85' lang='lat' dir='ltr'><strong>institutus</strong></span> <span class='ocrx_word' id='word_1_534' title='bbox 2668 3200 2846 3255; x_wconf 89' lang='lat' dir='ltr'><strong>esset;</strong></span> <span class='ocrx_word' id='word_1_535' title='bbox 2880 3189 3111 3260; x_wconf 89' lang='lat' dir='ltr'><strong>indeque</strong></span> <span class='ocrx_word' id='word_1_536' title='bbox 3137 3203 3166 3244; x_wconf 87' lang='lat' dir='ltr'><strong>a</strong></span> <span class='ocrx_word' id='word_1_537' title='bbox 3196 3189 3257 3247; x_wconf 87' lang='lat' dir='ltr'><strong>S.</strong></span> <span class='ocrx_word' id='word_1_538' title='bbox 3289 3189 3438 3245; x_wconf 81' lang='lat' dir='ltr'><strong>Rufo</strong></span> <span class='ocrx_word' id='word_1_539' title='bbox 3468 3189 3533 3245; x_wconf 83' lang='lat' dir='ltr'><strong>ad</strong></span> <span class='ocrx_word' id='word_1_540' title='bbox 3563 3189 3713 3244; x_wconf 84' lang='lat' dir='ltr'><strong>multa</strong></span> <span class='ocrx_word' id='word_1_541' title='bbox 3731 3189 3818 3243; x_wconf 60' lang='lat' dir='ltr'><strong>alia</strong></span> 
     </span>
    </p>
   </div>
   <div class='ocr_carea' id='block_1_34' title="bbox 562 3279 3819 3352">
    <p class='ocr_par' dir='ltr' id='par_1_34' title="bbox 562 3279 3819 3352">
     <span class='ocr_line' id='line_1_35' title="bbox 562 3279 3819 3352; baseline -0 -17"><span class='ocrx_word' id='word_1_542' title='bbox 562 3281 842 3352; x_wconf 86' lang='lat' dir='ltr'><strong>utriusque</strong></span> <span class='ocrx_word' id='word_1_543' title='bbox 870 3281 1228 3349; x_wconf 86' lang='lat' dir='ltr'><strong>Tcstamenti,</strong></span> <span class='ocrx_word' id='word_1_544' title='bbox 1254 3292 1517 3338; x_wconf 87' lang='lat' dir='ltr'><strong>tractatur</strong></span> <span class='ocrx_word' id='word_1_545' title='bbox 1555 3298 1675 3352; x_wconf 86' lang='lat' dir='ltr'><strong>cap.</strong></span> <span class='ocrx_word' id='word_1_546' title='bbox 1708 3283 1742 3338; x_wconf 81' lang='grc'><strong>5</strong></span> <span class='ocrx_word' id='word_1_547' title='bbox 1769 3324 1781 3347; x_wconf 91' lang='grc'><em>,</em></span> <span class='ocrx_word' id='word_1_548' title='bbox 1810 3290 1869 3337; x_wconf 82' lang='grc' dir='ltr'><strong>ει</strong></span> <span class='ocrx_word' id='word_1_549' title='bbox 1896 3283 1950 3336; x_wconf 92' lang='lat' dir='ltr'><strong>in</strong></span> <span class='ocrx_word' id='word_1_550' title='bbox 1983 3282 2151 3337; x_wconf 84' lang='lat' dir='ltr'><strong>intro—</strong></span> <span class='ocrx_word' id='word_1_551' title='bbox 2254 3279 2533 3338; x_wconf 88' lang='lat' dir='ltr'><strong>derivatus</strong></span> <span class='ocrx_word' id='word_1_552' title='bbox 2559 3280 2649 3337; x_wconf 81' lang='lat' dir='ltr'><strong>sit.</strong></span> <span class='ocrx_word' id='word_1_553' title='bbox 2686 3281 2889 3337; x_wconf 80' lang='lat' dir='ltr'><strong>Verum</strong></span> <span class='ocrx_word' id='word_1_554' title='bbox 2922 3281 3193 3350; x_wconf 86' lang='lat' dir='ltr'><strong>ejusmodi</strong></span> <span class='ocrx_word' id='word_1_555' title='bbox 3237 3281 3559 3338; x_wconf 85' lang='lat' dir='ltr'><strong>clericorum</strong></span> <span class='ocrx_word' id='word_1_556' title='bbox 3586 3281 3819 3336; x_wconf 74' lang='lat' dir='ltr'><strong>antelatio</strong></span> 
     </span>
    </p>
   </div>
   <div class='ocr_carea' id='block_1_35' title="bbox 559 3373 3813 3446">
    <p class='ocr_par' dir='ltr' id='par_1_35' title="bbox 559 3373 3813 3446">
     <span class='ocr_line' id='line_1_36' title="bbox 559 3373 3813 3446; baseline 0 -19"><span class='ocrx_word' id='word_1_557' title='bbox 559 3373 793 3429; x_wconf 89' lang='lat' dir='ltr'><strong>ductorii</strong></span> <span class='ocrx_word' id='word_1_558' title='bbox 824 3376 891 3429; x_wconf 89' lang='lat' dir='ltr'><strong>ad</strong></span> <span class='ocrx_word' id='word_1_559' title='bbox 921 3374 1149 3445; x_wconf 85' lang='lat' dir='ltr'><strong>Apocal.</strong></span> <span class='ocrx_word' id='word_1_560' title='bbox 1181 3390 1301 3444; x_wconf 90' lang='lat' dir='ltr'><strong>cap.</strong></span> <span class='ocrx_word' id='word_1_561' title='bbox 1334 3376 1424 3431; x_wconf 80' lang='lat' dir='ltr'><strong>l9.</strong></span> <span class='ocrx_word' id='word_1_562' title='bbox 1480 3373 1671 3444; x_wconf 86' lang='lat' dir='ltr'><strong>Capite</strong></span> <span class='ocrx_word' id='word_1_563' title='bbox 1721 3385 1900 3430; x_wconf 89' lang='lat' dir='ltr'><strong>autem</strong></span> <span class='ocrx_word' id='word_1_564' title='bbox 1947 3375 2018 3429; x_wconf 76' lang='lat'><strong>20</strong></span> <span class='ocrx_word' id='word_1_565' title='bbox 2060 3389 2148 3430; x_wconf 87' lang='lat' dir='ltr'><strong>se-</strong></span> <span class='ocrx_word' id='word_1_566' title='bbox 2255 3387 2363 3428; x_wconf 90' lang='lat' dir='ltr'><strong>non</strong></span> <span class='ocrx_word' id='word_1_567' title='bbox 2388 3374 2459 3427; x_wconf 92' lang='lat' dir='ltr'><strong>ita</strong></span> <span class='ocrx_word' id='word_1_568' title='bbox 2488 3374 2766 3430; x_wconf 84' lang='lat' dir='ltr'><strong>mordicus</strong></span> <span class='ocrx_word' id='word_1_569' title='bbox 2793 3389 2854 3429; x_wconf 76' lang='lat' dir='ltr'><strong>ex</strong></span> <span class='ocrx_word' id='word_1_570' title='bbox 2884 3386 3064 3431; x_wconf 88' lang='lat' dir='ltr'><strong>mente</strong></span> <span class='ocrx_word' id='word_1_571' title='bbox 3088 3375 3234 3430; x_wconf 89' lang='lat' dir='ltr'><strong>beati</strong></span> <span class='ocrx_word' id='word_1_572' title='bbox 3262 3376 3363 3430; x_wconf 84' lang='lat' dir='ltr'><strong>viri</strong></span> <span class='ocrx_word' id='word_1_573' title='bbox 3395 3376 3693 3446; x_wconf 68' lang='lat' dir='ltr'><strong>accipiat-la</strong></span> <span class='ocrx_word' id='word_1_574' title='bbox 3720 3380 3813 3435; x_wconf 83' lang='lat' dir='ltr'><strong>est,</strong></span> 
     </span>
    </p>
   </div>
   <div class='ocr_carea' id='block_1_36' title="bbox 558 3465 3819 3538">
    <p class='ocr_par' dir='ltr' id='par_1_36' title="bbox 558 3465 3819 3538">
     <span class='ocr_line' id='line_1_37' title="bbox 558 3465 3819 3538; baseline -0 -19"><span class='ocrx_word' id='word_1_575' title='bbox 558 3465 748 3535; x_wconf 89' lang='lat' dir='ltr'><strong>quenti</strong></span> <span class='ocrx_word' id='word_1_576' title='bbox 774 3465 1059 3521; x_wconf 85' lang='lat' dir='ltr'><strong>duodecim</strong></span> <span class='ocrx_word' id='word_1_577' title='bbox 1086 3465 1458 3535; x_wconf 82' lang='lat' dir='ltr'><strong>religiosorum</strong></span> <span class='ocrx_word' id='word_1_578' title='bbox 1493 3465 1751 3529; x_wconf 87' lang='lat' dir='ltr'><strong>ordines,</strong></span> <span class='ocrx_word' id='word_1_579' title='bbox 1785 3481 1881 3521; x_wconf 90' lang='lat' dir='ltr'><strong>seu</strong></span> <span class='ocrx_word' id='word_1_580' title='bbox 1920 3480 2151 3537; x_wconf 85' lang='lat' dir='ltr'><strong>congre-</strong></span> <span class='ocrx_word' id='word_1_581' title='bbox 2253 3467 2409 3537; x_wconf 87' lang='lat' dir='ltr'><strong>quasi</strong></span> <span class='ocrx_word' id='word_1_582' title='bbox 2440 3468 2670 3524; x_wconf 90' lang='lat' dir='ltr'><strong>multum</strong></span> <span class='ocrx_word' id='word_1_583' title='bbox 2706 3468 2968 3538; x_wconf 88' lang='lat' dir='ltr'><strong>temporis</strong></span> <span class='ocrx_word' id='word_1_584' title='bbox 2994 3468 3138 3524; x_wconf 92' lang='lat' dir='ltr'><strong>inter</strong></span> <span class='ocrx_word' id='word_1_585' title='bbox 3182 3469 3509 3525; x_wconf 83' lang='lat' dir='ltr'><strong>clericorum</strong></span> <span class='ocrx_word' id='word_1_586' title='bbox 3558 3478 3613 3525; x_wconf 88' lang='lat' dir='ltr'><strong>et</strong></span> <span class='ocrx_word' id='word_1_587' title='bbox 3654 3482 3819 3521; x_wconf 72' lang='lat' dir='ltr'><strong>muti:-</strong></span> 
     </span>
    </p>
   </div>
   <div class='ocr_carea' id='block_1_37' title="bbox 556 3543 3817 3629">
    <p class='ocr_par' dir='ltr' id='par_1_37' title="bbox 556 3543 3817 3629">
     <span class='ocr_line' id='line_1_38' title="bbox 556 3543 3817 3629; baseline 0.003 -25"><span class='ocrx_word' id='word_1_588' title='bbox 556 3555 804 3625; x_wconf 79' lang='lat' dir='ltr'><strong>gationes</strong></span> <span class='ocrx_word' id='word_1_589' title='bbox 833 3555 1058 3612; x_wconf 89' lang='lat' dir='ltr'><strong>totidem</strong></span> <span class='ocrx_word' id='word_1_590' title='bbox 1081 3556 1408 3627; x_wconf 85' lang='lat' dir='ltr'><strong>patriarebis</strong></span> <span class='ocrx_word' id='word_1_591' title='bbox 1436 3597 1452 3623; x_wconf 96' lang='lat'><strong>,</strong></span> <span class='ocrx_word' id='word_1_592' title='bbox 1483 3557 1606 3612; x_wconf 83' lang='lat' dir='ltr'><strong>ﬁliis</strong></span> <span class='ocrx_word' id='word_1_593' title='bbox 1652 3557 1820 3613; x_wconf 82' lang='lat' dir='ltr'><strong>Jacob</strong></span> <span class='ocrx_word' id='word_1_594' title='bbox 1850 3543 2151 3614; x_wconf 80' lang='lat' dir='ltr'><strong>accommo-</strong></span> <span class='ocrx_word' id='word_1_595' title='bbox 2253 3556 2481 3613; x_wconf 89' lang='lat' dir='ltr'><strong>chorum</strong></span> <span class='ocrx_word' id='word_1_596' title='bbox 2510 3557 2908 3614; x_wconf 85' lang='lat' dir='ltr'><strong>institutionem</strong></span> <span class='ocrx_word' id='word_1_597' title='bbox 2955 3559 3263 3615; x_wconf 78' lang='lat' dir='ltr'><strong>interfuerit</strong></span> <span class='ocrx_word' id='word_1_598' title='bbox 3289 3577 3304 3617; x_wconf 88' lang='lat'><strong>:</strong></span> <span class='ocrx_word' id='word_1_599' title='bbox 3335 3576 3459 3615; x_wconf 87' lang='lat' dir='ltr'><strong>nam</strong></span> <span class='ocrx_word' id='word_1_600' title='bbox 3494 3575 3609 3629; x_wconf 86' lang='lat' dir='ltr'><strong>cap.</strong></span> <span class='ocrx_word' id='word_1_601' title='bbox 3641 3570 3817 3621; x_wconf 73' lang='lat' dir='ltr'><strong>rrzrcc-</strong></span> 
     </span>
    </p>
   </div>
   <div class='ocr_carea' id='block_1_38' title="bbox 558 3646 3819 3722">
    <p class='ocr_par' dir='ltr' id='par_1_38' title="bbox 558 3646 3819 3722">
     <span class='ocr_line' id='line_1_39' title="bbox 558 3646 3819 3722; baseline 0 -20"><span class='ocrx_word' id='word_1_602' title='bbox 558 3646 718 3715; x_wconf 87' lang='lat' dir='ltr'><strong>dans,</strong></span> <span class='ocrx_word' id='word_1_603' title='bbox 745 3648 977 3717; x_wconf 91' lang='lat' dir='ltr'><strong>primum</strong></span> <span class='ocrx_word' id='word_1_604' title='bbox 1011 3658 1259 3703; x_wconf 88' lang='lat' dir='ltr'><strong>recenset</strong></span> <span class='ocrx_word' id='word_1_605' title='bbox 1287 3664 1379 3703; x_wconf 83' lang='lat' dir='ltr'><strong>sex</strong></span> <span class='ocrx_word' id='word_1_606' title='bbox 1408 3648 1730 3704; x_wconf 86' lang='lat' dir='ltr'><strong>clericorum</strong></span> <span class='ocrx_word' id='word_1_607' title='bbox 1775 3650 2150 3719; x_wconf 82' lang='lat' dir='ltr'><strong>congregatio-</strong></span> <span class='ocrx_word' id='word_1_608' title='bbox 2252 3649 2400 3705; x_wconf 88' lang='lat' dir='ltr'><strong>denti</strong></span> <span class='ocrx_word' id='word_1_609' title='bbox 2436 3650 2553 3722; x_wconf 90' lang='lat' dir='ltr'><strong>(seu</strong></span> <span class='ocrx_word' id='word_1_610' title='bbox 2573 3650 2639 3706; x_wconf 79' lang='lat' dir='ltr'><strong>l9</strong></span> <span class='ocrx_word' id='word_1_611' title='bbox 2659 3651 2982 3721; x_wconf 89' lang='lat' dir='ltr'><strong>introduct.)</strong></span> <span class='ocrx_word' id='word_1_612' title='bbox 3009 3659 3271 3721; x_wconf 84' lang='lat' dir='ltr'><strong>utrosque</strong></span> <span class='ocrx_word' id='word_1_613' title='bbox 3286 3651 3338 3707; x_wconf 91' lang='lat' dir='ltr'><strong>in</strong></span> <span class='ocrx_word' id='word_1_614' title='bbox 3368 3652 3634 3720; x_wconf 81' lang='lat' dir='ltr'><strong>primitira</strong></span> <span class='ocrx_word' id='word_1_615' title='bbox 3657 3647 3819 3704; x_wconf 72' lang='lat' dir='ltr'><strong>l-leclc-</strong></span> 
     </span>
    </p>
   </div>
   <div class='ocr_carea' id='block_1_39' title="bbox 559 3740 3816 3815">
    <p class='ocr_par' dir='ltr' id='par_1_39' title="bbox 559 3740 3816 3815">
     <span class='ocr_line' id='line_1_40' title="bbox 559 3740 3816 3815; baseline 0 -21"><span class='ocrx_word' id='word_1_616' title='bbox 559 3755 657 3796; x_wconf 83' lang='lat' dir='ltr'><strong>nes</strong></span> <span class='ocrx_word' id='word_1_617' title='bbox 685 3740 788 3796; x_wconf 89' lang='lat' dir='ltr'><strong>sub</strong></span> <span class='ocrx_word' id='word_1_618' title='bbox 811 3756 906 3797; x_wconf 80' lang='lat' dir='ltr'><strong>sex</strong></span> <span class='ocrx_word' id='word_1_619' title='bbox 937 3741 1062 3796; x_wconf 80' lang='lat' dir='ltr'><strong>[iliis</strong></span> <span class='ocrx_word' id='word_1_620' title='bbox 1085 3741 1195 3796; x_wconf 69' lang='lat' dir='ltr'><strong>Lite</strong></span> <span class='ocrx_word' id='word_1_621' title='bbox 1216 3741 1588 3811; x_wconf 76' lang='lat' dir='ltr'><strong>primogenita:</strong></span> <span class='ocrx_word' id='word_1_622' title='bbox 1605 3750 1853 3812; x_wconf 88' lang='lat' dir='ltr'><strong>respectu</strong></span> <span class='ocrx_word' id='word_1_623' title='bbox 1870 3741 2146 3810; x_wconf 80' lang='lat' dir='ltr'><strong>Rachelis,</strong></span> <span class='ocrx_word' id='word_1_624' title='bbox 2251 3741 2329 3797; x_wconf 89' lang='lat' dir='ltr'><strong>sia</strong></span> <span class='ocrx_word' id='word_1_625' title='bbox 2347 3752 2496 3798; x_wconf 90' lang='lat' dir='ltr'><strong>ortos</strong></span> <span class='ocrx_word' id='word_1_626' title='bbox 2520 3742 2688 3799; x_wconf 78' lang='lat' dir='ltr'><strong>fuisse</strong></span> <span class='ocrx_word' id='word_1_627' title='bbox 2702 3743 3003 3805; x_wconf 88' lang='lat' dir='ltr'><strong>contendit,</strong></span> <span class='ocrx_word' id='word_1_628' title='bbox 3029 3744 3276 3815; x_wconf 89' lang='lat' dir='ltr'><strong>inquiens</strong></span> <span class='ocrx_word' id='word_1_629' title='bbox 3292 3762 3306 3799; x_wconf 91' lang='lat'><strong>:</strong></span> <span class='ocrx_word' id='word_1_630' title='bbox 3322 3742 3465 3799; x_wconf 88' lang='lat' dir='ltr'><strong>Inito</strong></span> <span class='ocrx_word' id='word_1_631' title='bbox 3486 3755 3652 3799; x_wconf 80' lang='lat' dir='ltr'><strong>autnn</strong></span> <span class='ocrx_word' id='word_1_632' title='bbox 3672 3744 3816 3812; x_wconf 76' lang='lat' dir='ltr'><strong>primo</strong></span> 
     </span>
    </p>
   </div>
   <div class='ocr_carea' id='block_1_40' title="bbox 555 3831 3816 3908">
    <p class='ocr_par' dir='ltr' id='par_1_40' title="bbox 555 3831 3816 3908">
     <span class='ocr_line' id='line_1_41' title="bbox 555 3831 3816 3908; baseline 0.001 -22"><span class='ocrx_word' id='word_1_633' title='bbox 555 3831 917 3903; x_wconf 85' lang='lat' dir='ltr'><strong>siguilieatas;</strong></span> <span class='ocrx_word' id='word_1_634' title='bbox 950 3849 1015 3888; x_wconf 89' lang='lat' dir='ltr'><strong>ac</strong></span> <span class='ocrx_word' id='word_1_635' title='bbox 1039 3832 1237 3888; x_wconf 89' lang='lat' dir='ltr'><strong>deinde</strong></span> <span class='ocrx_word' id='word_1_636' title='bbox 1276 3833 1496 3889; x_wconf 88' lang='lat' dir='ltr'><strong>totidem</strong></span> <span class='ocrx_word' id='word_1_637' title='bbox 1528 3834 1917 3896; x_wconf 85' lang='lat' dir='ltr'><strong>monachorum</strong></span> <span class='ocrx_word' id='word_1_638' title='bbox 1941 3845 1990 3888; x_wconf 91' lang='lat' dir='ltr'><strong>et</strong></span> <span class='ocrx_word' id='word_1_639' title='bbox 2022 3834 2151 3889; x_wconf 85' lang='lat' dir='ltr'><strong>reli-</strong></span> <span class='ocrx_word' id='word_1_640' title='bbox 2250 3842 2407 3901; x_wconf 84' lang='lat' dir='ltr'><strong>statu,</strong></span> <span class='ocrx_word' id='word_1_641' title='bbox 2441 3843 2491 3890; x_wconf 92' lang='lat' dir='ltr'><strong>et</strong></span> <span class='ocrx_word' id='word_1_642' title='bbox 2520 3834 2761 3890; x_wconf 88' lang='lat' dir='ltr'><strong>inchoato</strong></span> <span class='ocrx_word' id='word_1_643' title='bbox 2785 3835 3014 3891; x_wconf 85' lang='lat' dir='ltr'><strong>secundo</strong></span> <span class='ocrx_word' id='word_1_644' title='bbox 3048 3837 3065 3908; x_wconf 91' lang='lat'><strong>(</strong></span> <span class='ocrx_word' id='word_1_645' title='bbox 3094 3837 3186 3904; x_wconf 89' lang='lat' dir='ltr'><strong>qui</strong></span> <span class='ocrx_word' id='word_1_646' title='bbox 3224 3836 3391 3906; x_wconf 73' lang='lat' dir='ltr'><strong>((Bpil</strong></span> <span class='ocrx_word' id='word_1_647' title='bbox 3419 3852 3451 3892; x_wconf 89' lang='lat' dir='ltr'><strong>a</strong></span> <span class='ocrx_word' id='word_1_648' title='bbox 3486 3837 3692 3891; x_wconf 84' lang='lat' dir='ltr'><strong>Christo</strong></span> <span class='ocrx_word' id='word_1_649' title='bbox 3728 3834 3816 3888; x_wconf 78' lang='lat' dir='ltr'><strong>Dn-</strong></span> 
     </span>
    </p>
   </div>
   <div class='ocr_carea' id='block_1_41' title="bbox 554 3923 3818 3996">
    <p class='ocr_par' dir='ltr' id='par_1_41' title="bbox 554 3923 3818 3996">
     <span class='ocr_line' id='line_1_42' title="bbox 554 3923 3818 3996; baseline 0.001 -19"><span class='ocrx_word' id='word_1_650' title='bbox 554 3924 835 3995; x_wconf 81' lang='lat' dir='ltr'><strong>giosorum</strong></span> <span class='ocrx_word' id='word_1_651' title='bbox 860 3923 1095 3979; x_wconf 90' lang='lat' dir='ltr'><strong>militum</strong></span> <span class='ocrx_word' id='word_1_652' title='bbox 1129 3925 1235 3980; x_wconf 87' lang='lat' dir='ltr'><strong>sub</strong></span> <span class='ocrx_word' id='word_1_653' title='bbox 1262 3933 1388 3995; x_wconf 85' lang='lat' dir='ltr'><strong>typo</strong></span> <span class='ocrx_word' id='word_1_654' title='bbox 1419 3924 1647 3979; x_wconf 82' lang='lat' dir='ltr'><strong>ﬁliorum</strong></span> <span class='ocrx_word' id='word_1_655' title='bbox 1679 3923 1821 3979; x_wconf 72' lang='lat' dir='ltr'><strong>Bake</strong></span> <span class='ocrx_word' id='word_1_656' title='bbox 1851 3933 1907 3980; x_wconf 93' lang='lat' dir='ltr'><strong>et</strong></span> <span class='ocrx_word' id='word_1_657' title='bbox 1933 3925 2149 3996; x_wconf 68' lang='lat' dir='ltr'><strong>Zelplzte</strong></span> <span class='ocrx_word' id='word_1_658' title='bbox 2253 3926 2424 3996; x_wconf 89' lang='lat' dir='ltr'><strong>mino)</strong></span> <span class='ocrx_word' id='word_1_659' title='bbox 2446 3943 2567 3980; x_wconf 81' lang='lat' dir='ltr'><strong>mox</strong></span> <span class='ocrx_word' id='word_1_660' title='bbox 2594 3926 2902 3981; x_wconf 84' lang='lat' dir='ltr'><strong>clericorum</strong></span> <span class='ocrx_word' id='word_1_661' title='bbox 2928 3938 2976 3981; x_wconf 88' lang='lat' dir='ltr'><strong>et</strong></span> <span class='ocrx_word' id='word_1_662' title='bbox 3009 3927 3374 3982; x_wconf 84' lang='lat' dir='ltr'><strong>monachorum</strong></span> <span class='ocrx_word' id='word_1_663' title='bbox 3393 3928 3597 3983; x_wconf 82' lang='lat' dir='ltr'><strong>ordines</strong></span> <span class='ocrx_word' id='word_1_664' title='bbox 3611 3923 3818 3980; x_wconf 78' lang='lat' dir='ltr'><strong>inrhoa‘i</strong></span> 
     </span>
    </p>
   </div>
   <div class='ocr_carea' id='block_1_42' title="bbox 555 4015 3817 4088">
    <p class='ocr_par' dir='ltr' id='par_1_42' title="bbox 555 4015 3817 4088">
     <span class='ocr_line' id='line_1_43' title="bbox 555 4015 3817 4088; baseline 0.001 -17"><span class='ocrx_word' id='word_1_665' title='bbox 555 4016 900 4081; x_wconf 89' lang='lat' dir='ltr'><strong>ancillarum,</strong></span> <span class='ocrx_word' id='word_1_666' title='bbox 919 4032 983 4071; x_wconf 88' lang='lat' dir='ltr'><strong>ac</strong></span> <span class='ocrx_word' id='word_1_667' title='bbox 1006 4015 1261 4072; x_wconf 75' lang='lat' dir='ltr'><strong>Rueltelis</strong></span> <span class='ocrx_word' id='word_1_668' title='bbox 1281 4015 1663 4082; x_wconf 84' lang='lat' dir='ltr'><strong>adumbratas;</strong></span> <span class='ocrx_word' id='word_1_669' title='bbox 1694 4015 1780 4070; x_wconf 89' lang='lat' dir='ltr'><strong>his</strong></span> <span class='ocrx_word' id='word_1_670' title='bbox 1803 4015 1982 4073; x_wconf 82' lang='lat' dir='ltr'><strong>vetbis</strong></span> <span class='ocrx_word' id='word_1_671' title='bbox 2028 4031 2147 4085; x_wconf 74' lang='lat' dir='ltr'><strong>qua:</strong></span> <span class='ocrx_word' id='word_1_672' title='bbox 2250 4027 2402 4072; x_wconf 85' lang='lat' dir='ltr'><strong>sunt:</strong></span> <span class='ocrx_word' id='word_1_673' title='bbox 2425 4017 2569 4073; x_wconf 91' lang='lat' dir='ltr'><strong>haud</strong></span> <span class='ocrx_word' id='word_1_674' title='bbox 2591 4016 2805 4072; x_wconf 79' lang='lat' dir='ltr'><strong>dubiant</strong></span> <span class='ocrx_word' id='word_1_675' title='bbox 2844 4019 2967 4087; x_wconf 88' lang='lat' dir='ltr'><strong>quin</strong></span> <span class='ocrx_word' id='word_1_676' title='bbox 2989 4020 3056 4073; x_wconf 83' lang='lat' dir='ltr'><strong>.in</strong></span> <span class='ocrx_word' id='word_1_677' title='bbox 3086 4018 3320 4074; x_wconf 82' lang='lat' dir='ltr'><strong>Ecclesia</strong></span> <span class='ocrx_word' id='word_1_678' title='bbox 3349 4020 3610 4087; x_wconf 77' lang='lat' dir='ltr'><strong>primitira</strong></span> <span class='ocrx_word' id='word_1_679' title='bbox 3629 4061 3643 4084; x_wconf 89' lang='lat'><strong>,</strong></span> <span class='ocrx_word' id='word_1_680' title='bbox 3670 4018 3747 4088; x_wconf 74' lang='lat' dir='ltr'><strong>qui</strong></span> <span class='ocrx_word' id='word_1_681' title='bbox 3779 4023 3817 4067; x_wconf 76' lang='lat' dir='ltr'><strong>rt</strong></span> 
     </span>
    </p>
   </div>
   <div class='ocr_carea' id='block_1_43' title="bbox 556 4108 3816 4183">
    <p class='ocr_par' dir='ltr' id='par_1_43' title="bbox 556 4108 3816 4183">
     <span class='ocr_line' id='line_1_44' title="bbox 556 4108 3816 4183; baseline -0.001 -18"><span class='ocrx_word' id='word_1_682' title='bbox 556 4109 766 4167; x_wconf 83' lang='lat' dir='ltr'><strong>reierre</strong></span> <span class='ocrx_word' id='word_1_683' title='bbox 796 4110 998 4183; x_wconf 86' lang='lat' dir='ltr'><strong>placet,</strong></span> <span class='ocrx_word' id='word_1_684' title='bbox 1032 4118 1088 4164; x_wconf 90' lang='lat' dir='ltr'><strong>ut</strong></span> <span class='ocrx_word' id='word_1_685' title='bbox 1113 4109 1296 4165; x_wconf 85' lang='lat' dir='ltr'><strong>videat</strong></span> <span class='ocrx_word' id='word_1_686' title='bbox 1323 4108 1625 4165; x_wconf 89' lang='lat' dir='ltr'><strong>Pcnnottus</strong></span> <span class='ocrx_word' id='word_1_687' title='bbox 1657 4125 1940 4180; x_wconf 75' lang='lat' dir='ltr'><strong>perperam</strong></span> <span class='ocrx_word' id='word_1_688' title='bbox 1966 4110 2150 4164; x_wconf 90' lang='lat' dir='ltr'><strong>hacte-</strong></span> <span class='ocrx_word' id='word_1_689' title='bbox 2249 4112 2406 4164; x_wconf 85' lang='lat' dir='ltr'><strong>vitam</strong></span> <span class='ocrx_word' id='word_1_690' title='bbox 2426 4109 2835 4167; x_wconf 78' lang='lat' dir='ltr'><strong>ecclesiasticum</strong></span> <span class='ocrx_word' id='word_1_691' title='bbox 2870 4111 3204 4181; x_wconf 71' lang='lat' dir='ltr'><strong>pra&#39;dicando</strong></span> <span class='ocrx_word' id='word_1_692' title='bbox 3242 4120 3292 4166; x_wconf 87' lang='lat' dir='ltr'><strong>et</strong></span> <span class='ocrx_word' id='word_1_693' title='bbox 3321 4112 3553 4167; x_wconf 81' lang='lat' dir='ltr'><strong>ordinem</strong></span> <span class='ocrx_word' id='word_1_694' title='bbox 3591 4108 3816 4164; x_wconf 78' lang='lat' dir='ltr'><strong>monasti-</strong></span> 
     </span>
    </p>
   </div>
   <div class='ocr_carea' id='block_1_44' title="bbox 554 4198 3822 4275">
    <p class='ocr_par' dir='ltr' id='par_1_44' title="bbox 554 4198 3822 4275">
     <span class='ocr_line' id='line_1_45' title="bbox 554 4198 3822 4275; baseline -0.001 -17"><span class='ocrx_word' id='word_1_695' title='bbox 554 4218 658 4258; x_wconf 85' lang='lat' dir='ltr'><strong>nus</strong></span> <span class='ocrx_word' id='word_1_696' title='bbox 687 4202 936 4260; x_wconf 88' lang='lat' dir='ltr'><strong>abbatem</strong></span> <span class='ocrx_word' id='word_1_697' title='bbox 968 4211 1218 4259; x_wconf 86' lang='lat' dir='ltr'><strong>sanctum</strong></span> <span class='ocrx_word' id='word_1_698' title='bbox 1245 4202 1581 4259; x_wconf 86' lang='lat' dir='ltr'><strong>intellectum</strong></span> <span class='ocrx_word' id='word_1_699' title='bbox 1610 4217 1732 4258; x_wconf 88' lang='lat' dir='ltr'><strong>cum</strong></span> <span class='ocrx_word' id='word_1_700' title='bbox 1754 4204 1864 4274; x_wconf 87' lang='lat' dir='ltr'><strong>agit</strong></span> <span class='ocrx_word' id='word_1_701' title='bbox 1886 4202 1956 4259; x_wconf 87' lang='lat' dir='ltr'><strong>de</strong></span> <span class='ocrx_word' id='word_1_702' title='bbox 1977 4216 2147 4257; x_wconf 83' lang='lat' dir='ltr'><strong>eano-</strong></span> <span class='ocrx_word' id='word_1_703' title='bbox 2250 4218 2367 4257; x_wconf 89' lang='lat' dir='ltr'><strong>cum</strong></span> <span class='ocrx_word' id='word_1_704' title='bbox 2394 4219 2484 4275; x_wconf 84' lang='lat' dir='ltr'><strong>per</strong></span> <span class='ocrx_word' id='word_1_705' title='bbox 2503 4219 2825 4257; x_wconf 78' lang='lat' dir='ltr'><strong>etmmuncm</strong></span> <span class='ocrx_word' id='word_1_706' title='bbox 2856 4204 3011 4256; x_wconf 79' lang='lat' dir='ltr'><strong>vitam</strong></span> <span class='ocrx_word' id='word_1_707' title='bbox 3031 4203 3320 4257; x_wconf 81' lang='lat' dir='ltr'><strong>servabant.</strong></span> <span class='ocrx_word' id='word_1_708' title='bbox 3357 4200 3525 4256; x_wconf 85' lang='lat' dir='ltr'><strong>Tanta</strong></span> <span class='ocrx_word' id='word_1_709' title='bbox 3553 4214 3710 4256; x_wconf 81' lang='lat' dir='ltr'><strong>autem</strong></span> <span class='ocrx_word' id='word_1_710' title='bbox 3736 4198 3822 4268; x_wconf 67' lang='lat' dir='ltr'><strong>[ait</strong></span> 
     </span>
    </p>
   </div>
   <div class='ocr_carea' id='block_1_45' title="bbox 553 4292 3825 4368">
    <p class='ocr_par' dir='ltr' id='par_1_45' title="bbox 553 4292 3825 4368">
     <span class='ocr_line' id='line_1_46' title="bbox 553 4292 3825 4368; baseline -0.002 -20"><span class='ocrx_word' id='word_1_711' title='bbox 553 4293 694 4349; x_wconf 79' lang='lat' dir='ltr'><strong>uicis</strong></span> <span class='ocrx_word' id='word_1_712' title='bbox 718 4293 891 4350; x_wconf 79' lang='lat' dir='ltr'><strong>sancti</strong></span> <span class='ocrx_word' id='word_1_713' title='bbox 918 4292 1059 4349; x_wconf 80' lang='lat' dir='ltr'><strong>Ruﬁ.</strong></span> <span class='ocrx_word' id='word_1_714' title='bbox 1088 4293 1157 4351; x_wconf 90' lang='lat' dir='ltr'><strong>Ut</strong></span> <span class='ocrx_word' id='word_1_715' title='bbox 1184 4301 1355 4348; x_wconf 83' lang='lat' dir='ltr'><strong>autent</strong></span> <span class='ocrx_word' id='word_1_716' title='bbox 1384 4293 1709 4368; x_wconf 83' lang='lat' dir='ltr'><strong>intelligatur</strong></span> <span class='ocrx_word' id='word_1_717' title='bbox 1736 4296 1873 4363; x_wconf 84' lang='lat' dir='ltr'><strong>quod</strong></span> <span class='ocrx_word' id='word_1_718' title='bbox 1915 4294 2143 4362; x_wconf 83' lang='lat' dir='ltr'><strong>dicatur,</strong></span> <span class='ocrx_word' id='word_1_719' title='bbox 2250 4294 2545 4348; x_wconf 84' lang='lat' dir='ltr'><strong>communio</strong></span> <span class='ocrx_word' id='word_1_720' title='bbox 2569 4293 2789 4348; x_wconf 89' lang='lat' dir='ltr'><strong>duorum</strong></span> <span class='ocrx_word' id='word_1_721' title='bbox 2822 4292 3067 4348; x_wconf 82' lang='lat' dir='ltr'><strong>ordinum</strong></span> <span class='ocrx_word' id='word_1_722' title='bbox 3089 4294 3304 4347; x_wconf 87' lang='lat' dir='ltr'><strong>istorum</strong></span> <span class='ocrx_word' id='word_1_723' title='bbox 3340 4292 3397 4347; x_wconf 86' lang='lat' dir='ltr'><strong>in</strong></span> <span class='ocrx_word' id='word_1_724' title='bbox 3441 4292 3540 4347; x_wconf 91' lang='lat' dir='ltr'><strong>hoc</strong></span> <span class='ocrx_word' id='word_1_725' title='bbox 3576 4300 3707 4346; x_wconf 85' lang='lat' dir='ltr'><strong>statu</strong></span> <span class='ocrx_word' id='word_1_726' title='bbox 3752 4303 3825 4342; x_wconf 62' lang='grc' dir='ltr'><strong>ςέο</strong></span> 
     </span>
    </p>
   </div>
   <div class='ocr_carea' id='block_1_46' title="bbox 555 4383 3821 4458">
    <p class='ocr_par' dir='ltr' id='par_1_46' title="bbox 555 4383 3821 4458">
     <span class='ocr_line' id='line_1_47' title="bbox 555 4383 3821 4458; baseline -0.004 -17"><span class='ocrx_word' id='word_1_727' title='bbox 555 4386 675 4441; x_wconf 84' lang='lat' dir='ltr'><strong>libet</strong></span> <span class='ocrx_word' id='word_1_728' title='bbox 704 4386 845 4458; x_wconf 83' lang='lat' dir='ltr'><strong>ipsos</strong></span> <span class='ocrx_word' id='word_1_729' title='bbox 882 4387 1019 4457; x_wconf 76' lang='lat' dir='ltr'><strong>ﬁlios</strong></span> <span class='ocrx_word' id='word_1_730' title='bbox 1069 4383 1236 4441; x_wconf 72' lang='lat' dir='ltr'><strong>Iacob</strong></span> <span class='ocrx_word' id='word_1_731' title='bbox 1282 4386 1501 4457; x_wconf 82' lang='lat' dir='ltr'><strong>singulis</strong></span> <span class='ocrx_word' id='word_1_732' title='bbox 1543 4386 1807 4441; x_wconf 88' lang='lat' dir='ltr'><strong>ordinibus</strong></span> <span class='ocrx_word' id='word_1_733' title='bbox 1853 4386 2141 4458; x_wconf 85' lang='lat' dir='ltr'><strong>assignare.</strong></span> <span class='ocrx_word' id='word_1_734' title='bbox 2174 4431 2228 4458; x_wconf 55' lang='grc' dir='ltr'>τι</span> <span class='ocrx_word' id='word_1_735' title='bbox 2252 4383 2444 4447; x_wconf 80' lang='lat' dir='ltr'><strong>eundo,</strong></span> <span class='ocrx_word' id='word_1_736' title='bbox 2476 4392 2532 4437; x_wconf 87' lang='lat' dir='ltr'><strong>ut</strong></span> <span class='ocrx_word' id='word_1_737' title='bbox 2562 4399 2651 4437; x_wconf 87' lang='lat' dir='ltr'><strong>nec</strong></span> <span class='ocrx_word' id='word_1_738' title='bbox 2680 4383 2859 4438; x_wconf 87' lang='lat' dir='ltr'><strong>clerici</strong></span> <span class='ocrx_word' id='word_1_739' title='bbox 2887 4383 3123 4437; x_wconf 84' lang='lat' dir='ltr'><strong>deessent</strong></span> <span class='ocrx_word' id='word_1_740' title='bbox 3154 4383 3208 4436; x_wconf 87' lang='lat' dir='ltr'><strong>in</strong></span> <span class='ocrx_word' id='word_1_741' title='bbox 3228 4399 3314 4446; x_wconf 88' lang='lat' dir='ltr'><strong>eo,</strong></span> <span class='ocrx_word' id='word_1_742' title='bbox 3355 4384 3449 4453; x_wconf 83' lang='lat' dir='ltr'><strong>qui</strong></span> <span class='ocrx_word' id='word_1_743' title='bbox 3468 4383 3821 4437; x_wconf 78' lang='lat' dir='ltr'><strong>virerentront-</strong></span> 
     </span>
    </p>
   </div>
   <div class='ocr_carea' id='block_1_47' title="bbox 555 4473 3822 4549">
    <p class='ocr_par' dir='ltr' id='par_1_47' title="bbox 555 4473 3822 4549">
     <span class='ocr_line' id='line_1_48' title="bbox 555 4473 3822 4549; baseline -0.002 -20"><span class='ocrx_word' id='word_1_744' title='bbox 555 4473 766 4531; x_wconf 83' lang='lat' dir='ltr'><strong>Primus</strong></span> <span class='ocrx_word' id='word_1_745' title='bbox 792 4475 921 4531; x_wconf 89' lang='lat' dir='ltr'><strong>ordo</strong></span> <span class='ocrx_word' id='word_1_746' title='bbox 945 4475 1302 4549; x_wconf 81' lang='lat' dir='ltr'><strong>religiosorum</strong></span> <span class='ocrx_word' id='word_1_747' title='bbox 1327 4477 1592 4531; x_wconf 82' lang='lat' dir='ltr'><strong>institutus</strong></span> <span class='ocrx_word' id='word_1_748' title='bbox 1618 4485 1693 4531; x_wconf 87' lang='lat' dir='ltr'><strong>est</strong></span> <span class='ocrx_word' id='word_1_749' title='bbox 1716 4476 1779 4529; x_wconf 84' lang='lat' dir='ltr'><strong>ab</strong></span> <span class='ocrx_word' id='word_1_750' title='bbox 1816 4479 2065 4549; x_wconf 79' lang='lat' dir='ltr'><strong>apostolis</strong></span> <span class='ocrx_word' id='word_1_751' title='bbox 2098 4477 2150 4532; x_wconf 88' lang='lat' dir='ltr'><strong>in</strong></span> <span class='ocrx_word' id='word_1_752' title='bbox 2172 4473 2226 4494; x_wconf 80' lang='grc'><strong>⁵¹</strong></span> <span class='ocrx_word' id='word_1_753' title='bbox 2254 4477 2478 4547; x_wconf 81' lang='lat' dir='ltr'><strong>muniter</strong></span> <span class='ocrx_word' id='word_1_754' title='bbox 2496 4477 2630 4531; x_wconf 86' lang='lat' dir='ltr'><strong>sicut</strong></span> <span class='ocrx_word' id='word_1_755' title='bbox 2654 4476 2927 4545; x_wconf 89' lang='lat' dir='ltr'><strong>monachi,</strong></span> <span class='ocrx_word' id='word_1_756' title='bbox 2971 4492 3060 4531; x_wconf 85' lang='lat' dir='ltr'><strong>nec</strong></span> <span class='ocrx_word' id='word_1_757' title='bbox 3103 4475 3345 4531; x_wconf 82' lang='lat' dir='ltr'><strong>monachi</strong></span> <span class='ocrx_word' id='word_1_758' title='bbox 3384 4475 3567 4546; x_wconf 84' lang='lat' dir='ltr'><strong>quibus</strong></span> <span class='ocrx_word' id='word_1_759' title='bbox 3612 4474 3822 4545; x_wconf 66' lang='lat' dir='ltr'><strong>ofﬁciunt</strong></span> 
     </span>
    </p>
   </div>
   <div class='ocr_carea' id='block_1_48' title="bbox 553 4567 3015 4642">
    <p class='ocr_par' dir='ltr' id='par_1_48' title="bbox 553 4567 3015 4642">
     <span class='ocr_line' id='line_1_49' title="bbox 553 4567 3015 4642; baseline -0.001 -17"><span class='ocrx_word' id='word_1_760' title='bbox 553 4568 793 4625; x_wconf 77' lang='lat' dir='ltr'><strong>Ecclesia</strong></span> <span class='ocrx_word' id='word_1_761' title='bbox 818 4570 1077 4639; x_wconf 83' lang='lat' dir='ltr'><strong>primitiva</strong></span> <span class='ocrx_word' id='word_1_762' title='bbox 1115 4586 1134 4625; x_wconf 90' lang='lat'><strong><em>:</em></strong></span> <span class='ocrx_word' id='word_1_763' title='bbox 1169 4578 1216 4624; x_wconf 83' lang='lat' dir='ltr'><strong>et</strong></span> <span class='ocrx_word' id='word_1_764' title='bbox 1240 4569 1352 4640; x_wconf 82' lang='lat' dir='ltr'><strong>ipse</strong></span> <span class='ocrx_word' id='word_1_765' title='bbox 1404 4570 1701 4642; x_wconf 84' lang='lat' dir='ltr'><strong>designatus</strong></span> <span class='ocrx_word' id='word_1_766' title='bbox 1727 4579 1800 4625; x_wconf 84' lang='lat' dir='ltr'><strong>est</strong></span> <span class='ocrx_word' id='word_1_767' title='bbox 1842 4571 1896 4624; x_wconf 89' lang='lat' dir='ltr'><strong>in</strong></span> <span class='ocrx_word' id='word_1_768' title='bbox 1939 4569 2147 4627; x_wconf 83' lang='lat' dir='ltr'><strong>Ruben.</strong></span> <span class='ocrx_word' id='word_1_769' title='bbox 2256 4570 2656 4623; x_wconf 87' lang='lat' dir='ltr'><strong>committeretur</strong></span> <span class='ocrx_word' id='word_1_770' title='bbox 2685 4567 3015 4623; x_wconf 85' lang='lat' dir='ltr'><strong>clericorum.</strong></span> 
     </span>
    </p>
   </div>
   <div class='ocr_carea' id='block_1_49' title="bbox 557 4642 3821 4733">
    <p class='ocr_par' dir='ltr' id='par_1_49' title="bbox 557 4642 3821 4733">
     <span class='ocr_line' id='line_1_50' title="bbox 557 4642 3821 4733; baseline -0.003 -16"><span class='ocrx_word' id='word_1_771' title='bbox 557 4660 832 4717; x_wconf 85' lang='lat' dir='ltr'><strong>Secundus</strong></span> <span class='ocrx_word' id='word_1_772' title='bbox 853 4661 905 4716; x_wconf 89' lang='lat' dir='ltr'><strong>in</strong></span> <span class='ocrx_word' id='word_1_773' title='bbox 936 4659 1235 4724; x_wconf 80' lang='lat' dir='ltr'><strong>Antiochia,</strong></span> <span class='ocrx_word' id='word_1_774' title='bbox 1264 4660 1349 4715; x_wconf 90' lang='lat' dir='ltr'><strong>ubi</strong></span> <span class='ocrx_word' id='word_1_775' title='bbox 1370 4662 1538 4733; x_wconf 87' lang='lat' dir='ltr'><strong>primo</strong></span> <span class='ocrx_word' id='word_1_776' title='bbox 1567 4662 1692 4716; x_wconf 87' lang='lat' dir='ltr'><strong>dicti</strong></span> <span class='ocrx_word' id='word_1_777' title='bbox 1740 4669 1859 4716; x_wconf 80' lang='lat' dir='ltr'><strong>sunt</strong></span> <span class='ocrx_word' id='word_1_778' title='bbox 1907 4662 2150 4733; x_wconf 83' lang='lat' dir='ltr'><strong>discipuli</strong></span> <span class='ocrx_word' id='word_1_779' title='bbox 2327 4659 2497 4714; x_wconf 86' lang='lat' dir='ltr'><strong>Porro</strong></span> <span class='ocrx_word' id='word_1_780' title='bbox 2518 4658 2660 4730; x_wconf 91' lang='lat' dir='ltr'><strong>quod</strong></span> <span class='ocrx_word' id='word_1_781' title='bbox 2688 4658 2756 4714; x_wconf 86' lang='lat' dir='ltr'><strong>ad</strong></span> <span class='ocrx_word' id='word_1_782' title='bbox 2778 4674 2900 4730; x_wconf 83' lang='lat' dir='ltr'><strong>cap.</strong></span> <span class='ocrx_word' id='word_1_783' title='bbox 2935 4659 3001 4714; x_wconf 70' lang='grc'><strong>14</strong></span> <span class='ocrx_word' id='word_1_784' title='bbox 3026 4642 3194 4730; x_wconf 83' lang='lat' dir='ltr'><strong>Apoc.</strong></span> <span class='ocrx_word' id='word_1_785' title='bbox 3222 4657 3442 4724; x_wconf 87' lang='lat' dir='ltr'><strong>scribit,</strong></span> <span class='ocrx_word' id='word_1_786' title='bbox 3471 4659 3659 4729; x_wconf 83' lang='lat' dir='ltr'><strong>Surge&#39;</strong></span> <span class='ocrx_word' id='word_1_787' title='bbox 3681 4657 3821 4717; x_wconf 78' lang='lat' dir='ltr'><strong>ordo,</strong></span> 
     </span>
    </p>
   </div>
   <div class='ocr_carea' id='block_1_50' title="bbox 553 4750 3821 4824">
    <p class='ocr_par' dir='ltr' id='par_1_50' title="bbox 553 4750 3821 4824">
     <span class='ocr_line' id='line_1_51' title="bbox 553 4750 3821 4824; baseline -0.001 -17"><span class='ocrx_word' id='word_1_788' title='bbox 553 4750 866 4818; x_wconf 82' lang='lat' dir='ltr'><strong>Christiani;</strong></span> <span class='ocrx_word' id='word_1_789' title='bbox 895 4760 943 4806; x_wconf 90' lang='lat' dir='ltr'><strong>et</strong></span> <span class='ocrx_word' id='word_1_790' title='bbox 971 4752 1082 4822; x_wconf 83' lang='lat' dir='ltr'><strong>ipse</strong></span> <span class='ocrx_word' id='word_1_791' title='bbox 1120 4752 1421 4822; x_wconf 84' lang='lat' dir='ltr'><strong>designatus</strong></span> <span class='ocrx_word' id='word_1_792' title='bbox 1460 4761 1536 4806; x_wconf 86' lang='lat' dir='ltr'><strong>est</strong></span> <span class='ocrx_word' id='word_1_793' title='bbox 1574 4753 1630 4806; x_wconf 89' lang='lat' dir='ltr'><strong>in</strong></span> <span class='ocrx_word' id='word_1_794' title='bbox 1668 4751 1903 4808; x_wconf 89' lang='lat' dir='ltr'><strong>Simeon.</strong></span> <span class='ocrx_word' id='word_1_795' title='bbox 1942 4751 2149 4808; x_wconf 90' lang='lat' dir='ltr'><strong>Tertius</strong></span> <span class='ocrx_word' id='word_1_796' title='bbox 2252 4752 2342 4821; x_wconf 85' lang='lat' dir='ltr'><strong>qui</strong></span> <span class='ocrx_word' id='word_1_797' title='bbox 2362 4752 2564 4806; x_wconf 79' lang='lat' dir='ltr'><strong>videtur</strong></span> <span class='ocrx_word' id='word_1_798' title='bbox 2588 4768 2772 4821; x_wconf 84' lang='lat' dir='ltr'><strong>nouus,</strong></span> <span class='ocrx_word' id='word_1_799' title='bbox 2797 4763 2843 4808; x_wconf 83' lang='lat' dir='ltr'><strong>et</strong></span> <span class='ocrx_word' id='word_1_800' title='bbox 2874 4762 3093 4823; x_wconf 77' lang='lat' dir='ltr'><strong>nonest,</strong></span> <span class='ocrx_word' id='word_1_801' title='bbox 3127 4753 3301 4806; x_wconf 87' lang='lat' dir='ltr'><strong>induti</strong></span> <span class='ocrx_word' id='word_1_802' title='bbox 3333 4754 3498 4824; x_wconf 85' lang='lat' dir='ltr'><strong>nigris</strong></span> <span class='ocrx_word' id='word_1_803' title='bbox 3521 4753 3751 4815; x_wconf 68' lang='lat' dir='ltr'><strong>restibus,</strong></span> <span class='ocrx_word' id='word_1_804' title='bbox 3780 4757 3821 4801; x_wconf 80' lang='lat' dir='ltr'><strong>ct</strong></span> 
     </span>
    </p>
   </div>
   <div class='ocr_carea' id='block_1_51' title="bbox 554 4841 3823 4914">
    <p class='ocr_par' dir='ltr' id='par_1_51' title="bbox 554 4841 3823 4914">
     <span class='ocr_line' id='line_1_52' title="bbox 554 4841 3823 4914; baseline -0 -18"><span class='ocrx_word' id='word_1_805' title='bbox 554 4843 609 4896; x_wconf 88' lang='lat' dir='ltr'><strong>iu</strong></span> <span class='ocrx_word' id='word_1_806' title='bbox 635 4844 976 4910; x_wconf 70' lang='lat' dir='ltr'><strong>Alexandria,</strong></span> <span class='ocrx_word' id='word_1_807' title='bbox 1007 4843 1071 4898; x_wconf 91' lang='lat' dir='ltr'><strong>de</strong></span> <span class='ocrx_word' id='word_1_808' title='bbox 1098 4860 1222 4913; x_wconf 87' lang='lat' dir='ltr'><strong>quo,</strong></span> <span class='ocrx_word' id='word_1_809' title='bbox 1248 4854 1303 4898; x_wconf 89' lang='lat' dir='ltr'><strong>ut</strong></span> <span class='ocrx_word' id='word_1_810' title='bbox 1318 4846 1476 4913; x_wconf 77' lang='lat' dir='ltr'><strong>refert</strong></span> <span class='ocrx_word' id='word_1_811' title='bbox 1505 4841 2144 4912; x_wconf 84' lang='lat' dir='ltr'><strong>EcclesiasticaHistoria,</strong></span> <span class='ocrx_word' id='word_1_812' title='bbox 2254 4845 2430 4899; x_wconf 87' lang='lat' dir='ltr'><strong>induti</strong></span> <span class='ocrx_word' id='word_1_813' title='bbox 2454 4847 2674 4914; x_wconf 82' lang='lat' dir='ltr'><strong>desuper</strong></span> <span class='ocrx_word' id='word_1_814' title='bbox 2699 4862 2854 4911; x_wconf 75' lang='lat' dir='ltr'><strong>zona,</strong></span> <span class='ocrx_word' id='word_1_815' title='bbox 2885 4846 2973 4914; x_wconf 86' lang='lat' dir='ltr'><strong>qui</strong></span> <span class='ocrx_word' id='word_1_816' title='bbox 3009 4845 3108 4899; x_wconf 86' lang='lat' dir='ltr'><strong>erit</strong></span> <span class='ocrx_word' id='word_1_817' title='bbox 3133 4844 3260 4899; x_wconf 80' lang='lat' dir='ltr'><strong>ordo</strong></span> <span class='ocrx_word' id='word_1_818' title='bbox 3298 4844 3670 4905; x_wconf 69' lang='lat' dir='ltr'><strong>Eremitartm,</strong></span> <span class='ocrx_word' id='word_1_819' title='bbox 3703 4852 3823 4902; x_wconf 66' lang='lat' dir='ltr'><strong>etc,</strong></span> 
     </span>
    </p>
   </div>
   <div class='ocr_carea' id='block_1_52' title="bbox 557 4933 3830 5015">
    <p class='ocr_par' dir='ltr' id='par_1_52' title="bbox 557 4933 3830 5015">
     <span class='ocr_line' id='line_1_53' title="bbox 557 4933 3830 5015; baseline -0.001 -26"><span class='ocrx_word' id='word_1_820' title='bbox 557 4935 718 4990; x_wconf 86' lang='lat' dir='ltr'><strong>multa</strong></span> <span class='ocrx_word' id='word_1_821' title='bbox 747 4934 905 4991; x_wconf 89' lang='lat' dir='ltr'><strong>laude</strong></span> <span class='ocrx_word' id='word_1_822' title='bbox 934 4936 1093 5009; x_wconf 83' lang='lat' dir='ltr'><strong>digna</strong></span> <span class='ocrx_word' id='word_1_823' title='bbox 1122 4935 1298 5015; x_wconf 77' lang='lat' dir='ltr'><strong>retulit</strong></span> <span class='ocrx_word' id='word_1_824' title='bbox 1325 4934 1483 4990; x_wconf 86' lang='lat' dir='ltr'><strong>Philo</strong></span> <span class='ocrx_word' id='word_1_825' title='bbox 1507 4933 1760 5001; x_wconf 66' lang='lat' dir='ltr'><strong>Iudicas,</strong></span> <span class='ocrx_word' id='word_1_826' title='bbox 1792 4934 2017 4990; x_wconf 87' lang='lat' dir='ltr'><strong>laudans</strong></span> <span class='ocrx_word' id='word_1_827' title='bbox 2062 4952 2147 4990; x_wconf 84' lang='lat' dir='ltr'><strong>so-</strong></span> <span class='ocrx_word' id='word_1_828' title='bbox 2254 4938 2392 4994; x_wconf 84' lang='lat' dir='ltr'><strong>velit</strong></span> <span class='ocrx_word' id='word_1_829' title='bbox 2417 4937 2557 4992; x_wconf 88' lang='lat' dir='ltr'><strong>nolit</strong></span> <span class='ocrx_word' id='word_1_830' title='bbox 2600 4937 2920 5001; x_wconf 83' lang='lat' dir='ltr'><strong>Pcnnottus,</strong></span> <span class='ocrx_word' id='word_1_831' title='bbox 2959 4936 3245 4992; x_wconf 80' lang='lat' dir='ltr'><strong>manifesta</strong></span> <span class='ocrx_word' id='word_1_832' title='bbox 3293 4946 3374 4992; x_wconf 90' lang='lat' dir='ltr'><strong>est</strong></span> <span class='ocrx_word' id='word_1_833' title='bbox 3407 4936 3690 5007; x_wconf 80' lang='lat' dir='ltr'><strong>pmphetia</strong></span> <span class='ocrx_word' id='word_1_834' title='bbox 3719 4947 3830 4987; x_wconf 87' lang='lat' dir='ltr'><strong>erc-</strong></span> 
     </span>
    </p>
   </div>
   <div class='ocr_carea' id='block_1_53' title="bbox 558 5024 3827 5099">
    <p class='ocr_par' dir='ltr' id='par_1_53' title="bbox 558 5024 3827 5099">
     <span class='ocr_line' id='line_1_54' title="bbox 558 5024 3827 5099; baseline -0.002 -20"><span class='ocrx_word' id='word_1_835' title='bbox 558 5024 821 5079; x_wconf 87' lang='lat' dir='ltr'><strong>brietatcm</strong></span> <span class='ocrx_word' id='word_1_836' title='bbox 849 5034 895 5080; x_wconf 86' lang='lat' dir='ltr'><strong>et</strong></span> <span class='ocrx_word' id='word_1_837' title='bbox 917 5027 1359 5082; x_wconf 74' lang='lat' dir='ltr'><strong>conversationem</strong></span> <span class='ocrx_word' id='word_1_838' title='bbox 1385 5025 1562 5092; x_wconf 86' lang='lat' dir='ltr'><strong>illius;</strong></span> <span class='ocrx_word' id='word_1_839' title='bbox 1603 5035 1651 5079; x_wconf 89' lang='lat' dir='ltr'><strong>ct</strong></span> <span class='ocrx_word' id='word_1_840' title='bbox 1706 5026 1817 5095; x_wconf 86' lang='lat' dir='ltr'><strong>ipse</strong></span> <span class='ocrx_word' id='word_1_841' title='bbox 1847 5024 2145 5097; x_wconf 84' lang='lat' dir='ltr'><strong>designatus</strong></span> <span class='ocrx_word' id='word_1_842' title='bbox 2255 5030 2514 5086; x_wconf 85' lang='lat' dir='ltr'><strong>mitarum</strong></span> <span class='ocrx_word' id='word_1_843' title='bbox 2545 5029 2603 5086; x_wconf 88' lang='lat' dir='ltr'><strong>S.</strong></span> <span class='ocrx_word' id='word_1_844' title='bbox 2648 5029 2960 5099; x_wconf 81' lang='lat' dir='ltr'><strong>Augustini,</strong></span> <span class='ocrx_word' id='word_1_845' title='bbox 3003 5044 3125 5084; x_wconf 91' lang='lat' dir='ltr'><strong>eum</strong></span> <span class='ocrx_word' id='word_1_846' title='bbox 3159 5043 3256 5084; x_wconf 88' lang='lat' dir='ltr'><strong>eos</strong></span> <span class='ocrx_word' id='word_1_847' title='bbox 3287 5028 3525 5084; x_wconf 89' lang='lat' dir='ltr'><strong>nondum</strong></span> <span class='ocrx_word' id='word_1_848' title='bbox 3563 5043 3627 5083; x_wconf 88' lang='lat' dir='ltr'><strong>eo</strong></span> <span class='ocrx_word' id='word_1_849' title='bbox 3653 5024 3827 5079; x_wconf 80' lang='lat' dir='ltr'><strong>habitu</strong></span> 
     </span>
    </p>
   </div>
   <div class='ocr_carea' id='block_1_54' title="bbox 553 5117 3831 5194">
    <p class='ocr_par' dir='ltr' id='par_1_54' title="bbox 553 5117 3831 5194">
     <span class='ocr_line' id='line_1_55' title="bbox 553 5117 3831 5194; baseline -0.002 -21"><span class='ocrx_word' id='word_1_850' title='bbox 553 5128 629 5174; x_wconf 84' lang='lat' dir='ltr'><strong>est</strong></span> <span class='ocrx_word' id='word_1_851' title='bbox 654 5118 707 5173; x_wconf 87' lang='lat' dir='ltr'><strong>in</strong></span> <span class='ocrx_word' id='word_1_852' title='bbox 732 5117 871 5175; x_wconf 84' lang='lat' dir='ltr'><strong>Leri.</strong></span> <span class='ocrx_word' id='word_1_853' title='bbox 900 5120 1129 5187; x_wconf 83' lang='lat' dir='ltr'><strong>Quartus</strong></span> <span class='ocrx_word' id='word_1_854' title='bbox 1158 5120 1286 5175; x_wconf 89' lang='lat' dir='ltr'><strong>ordo</strong></span> <span class='ocrx_word' id='word_1_855' title='bbox 1314 5120 1583 5175; x_wconf 86' lang='lat' dir='ltr'><strong>institutus</strong></span> <span class='ocrx_word' id='word_1_856' title='bbox 1611 5127 1686 5174; x_wconf 84' lang='lat' dir='ltr'><strong>est</strong></span> <span class='ocrx_word' id='word_1_857' title='bbox 1720 5119 1774 5172; x_wconf 84' lang='lat' dir='ltr'><strong>in</strong></span> <span class='ocrx_word' id='word_1_858' title='bbox 1817 5119 1993 5189; x_wconf 69' lang='lat' dir='ltr'><strong>Africa</strong></span> <span class='ocrx_word' id='word_1_859' title='bbox 2018 5138 2050 5174; x_wconf 82' lang='grc' dir='ltr'><strong>ιι</strong></span> <span class='ocrx_word' id='word_1_860' title='bbox 2077 5119 2142 5176; x_wconf 88' lang='grc' dir='ltr'><strong>Β.</strong></span> <span class='ocrx_word' id='word_1_861' title='bbox 2256 5132 2310 5177; x_wconf 91' lang='lat' dir='ltr'><strong>et</strong></span> <span class='ocrx_word' id='word_1_862' title='bbox 2341 5122 2558 5192; x_wconf 83' lang='lat' dir='ltr'><strong>cingulo</strong></span> <span class='ocrx_word' id='word_1_863' title='bbox 2581 5121 2812 5176; x_wconf 86' lang='lat' dir='ltr'><strong>donatos</strong></span> <span class='ocrx_word' id='word_1_864' title='bbox 2839 5121 2921 5194; x_wconf 87' lang='lat' dir='ltr'><strong>(ut</strong></span> <span class='ocrx_word' id='word_1_865' title='bbox 2942 5120 3245 5175; x_wconf 75' lang='lat' dir='ltr'><strong>luculenter</strong></span> <span class='ocrx_word' id='word_1_866' title='bbox 3274 5120 3465 5190; x_wconf 82' lang='lat' dir='ltr'><strong>probat</strong></span> <span class='ocrx_word' id='word_1_867' title='bbox 3497 5121 3561 5173; x_wconf 76' lang='lat' dir='ltr'><strong>ll.</strong></span> <span class='ocrx_word' id='word_1_868' title='bbox 3589 5119 3642 5173; x_wconf 76' lang='grc' dir='ltr'><strong>Ρ.</strong></span> <span class='ocrx_word' id='word_1_869' title='bbox 3668 5117 3831 5171; x_wconf 78' lang='lat' dir='ltr'><strong>Lucas</strong></span> 
     </span>
    </p>
   </div>
   <div class='ocr_carea' id='block_1_55' title="bbox 554 5208 3835 5286">
    <p class='ocr_par' dir='ltr' id='par_1_55' title="bbox 554 5208 3835 5286">
     <span class='ocr_line' id='line_1_56' title="bbox 554 5208 3835 5286; baseline -0.002 -20"><span class='ocrx_word' id='word_1_870' title='bbox 554 5211 881 5283; x_wconf 80' lang='lat' dir='ltr'><strong>Augustino;</strong></span> <span class='ocrx_word' id='word_1_871' title='bbox 919 5222 966 5266; x_wconf 89' lang='grc' dir='ltr'><strong>ει</strong></span> <span class='ocrx_word' id='word_1_872' title='bbox 988 5213 1099 5282; x_wconf 86' lang='lat' dir='ltr'><strong>ipse</strong></span> <span class='ocrx_word' id='word_1_873' title='bbox 1138 5212 1437 5283; x_wconf 84' lang='lat' dir='ltr'><strong>designa&#39;us</strong></span> <span class='ocrx_word' id='word_1_874' title='bbox 1495 5219 1569 5264; x_wconf 85' lang='lat' dir='ltr'><strong>est</strong></span> <span class='ocrx_word' id='word_1_875' title='bbox 1612 5211 1664 5264; x_wconf 88' lang='lat' dir='ltr'><strong>in</strong></span> <span class='ocrx_word' id='word_1_876' title='bbox 1710 5208 1873 5264; x_wconf 76' lang='lat' dir='ltr'><strong>Iuda.</strong></span> <span class='ocrx_word' id='word_1_877' title='bbox 1926 5211 2148 5277; x_wconf 84' lang='lat' dir='ltr'><strong>Quintus</strong></span> <span class='ocrx_word' id='word_1_878' title='bbox 2258 5213 2621 5286; x_wconf 85' lang='lat' dir='ltr'><strong>Waddingus)</strong></span> <span class='ocrx_word' id='word_1_879' title='bbox 2658 5228 2757 5268; x_wconf 91' lang='lat' dir='ltr'><strong>nec</strong></span> <span class='ocrx_word' id='word_1_880' title='bbox 2787 5214 2971 5269; x_wconf 84' lang='lat' dir='ltr'><strong>unitos</strong></span> <span class='ocrx_word' id='word_1_881' title='bbox 2994 5213 3058 5267; x_wconf 91' lang='lat' dir='ltr'><strong>ad</strong></span> <span class='ocrx_word' id='word_1_882' title='bbox 3092 5229 3254 5268; x_wconf 88' lang='lat' dir='ltr'><strong>umtm</strong></span> <span class='ocrx_word' id='word_1_883' title='bbox 3283 5212 3556 5278; x_wconf 85' lang='lat' dir='ltr'><strong>ordinem,</strong></span> <span class='ocrx_word' id='word_1_884' title='bbox 3586 5210 3722 5263; x_wconf 74' lang='lat' dir='ltr'><strong>\‘i\is</strong></span> <span class='ocrx_word' id='word_1_885' title='bbox 3747 5221 3835 5260; x_wconf 82' lang='lat' dir='ltr'><strong>cc-</strong></span> 
     </span>
    </p>
   </div>
   <div class='ocr_carea' id='block_1_56' title="bbox 558 5300 3831 5375">
    <p class='ocr_par' dir='ltr' id='par_1_56' title="bbox 558 5300 3831 5375">
     <span class='ocr_line' id='line_1_57' title="bbox 558 5300 3831 5375; baseline -0.001 -22"><span class='ocrx_word' id='word_1_886' title='bbox 558 5301 684 5356; x_wconf 92' lang='lat' dir='ltr'><strong>ordo</strong></span> <span class='ocrx_word' id='word_1_887' title='bbox 712 5301 807 5369; x_wconf 75' lang='lat' dir='ltr'><strong>fuit</strong></span> <span class='ocrx_word' id='word_1_888' title='bbox 837 5303 1202 5357; x_wconf 76' lang='lat' dir='ltr'><strong>canonicorum</strong></span> <span class='ocrx_word' id='word_1_889' title='bbox 1228 5302 1543 5374; x_wconf 84' lang='lat' dir='ltr'><strong>regularium</strong></span> <span class='ocrx_word' id='word_1_890' title='bbox 1573 5302 1625 5356; x_wconf 85' lang='lat' dir='ltr'><strong>in</strong></span> <span class='ocrx_word' id='word_1_891' title='bbox 1655 5300 1883 5356; x_wconf 89' lang='lat' dir='ltr'><strong>occiduis</strong></span> <span class='ocrx_word' id='word_1_892' title='bbox 1919 5304 2150 5372; x_wconf 80' lang='lat' dir='ltr'><strong>partibus</strong></span> <span class='ocrx_word' id='word_1_893' title='bbox 2258 5306 2466 5362; x_wconf 87' lang='lat' dir='ltr'><strong>loribus</strong></span> <span class='ocrx_word' id='word_1_894' title='bbox 2495 5304 2823 5375; x_wconf 82' lang='lat' dir='ltr'><strong>depinxerit.</strong></span> <span class='ocrx_word' id='word_1_895' title='bbox 2855 5303 2987 5359; x_wconf 85' lang='lat' dir='ltr'><strong>Nam</strong></span> <span class='ocrx_word' id='word_1_896' title='bbox 3030 5302 3170 5372; x_wconf 88' lang='lat' dir='ltr'><strong>quod</strong></span> <span class='ocrx_word' id='word_1_897' title='bbox 3208 5300 3507 5372; x_wconf 73' lang='lat' dir='ltr'><strong>reSpondet</strong></span> <span class='ocrx_word' id='word_1_898' title='bbox 3548 5300 3831 5355; x_wconf 69' lang='lat' dir='ltr'><strong>Pcnnottus</strong></span> 
     </span>
    </p>
   </div>
   <div class='ocr_carea' id='block_1_57' title="bbox 557 5386 3833 5467">
    <p class='ocr_par' dir='ltr' id='par_1_57' title="bbox 557 5386 3833 5467">
     <span class='ocr_line' id='line_1_58' title="bbox 557 5386 3833 5467; baseline -0.001 -23"><span class='ocrx_word' id='word_1_899' title='bbox 557 5391 861 5459; x_wconf 84' lang='lat' dir='ltr'><strong>institutus,</strong></span> <span class='ocrx_word' id='word_1_900' title='bbox 890 5394 977 5462; x_wconf 72' lang='lat' dir='ltr'><strong>qui</strong></span> <span class='ocrx_word' id='word_1_901' title='bbox 1001 5411 1094 5464; x_wconf 82' lang='lat' dir='ltr'><strong>pro</strong></span> <span class='ocrx_word' id='word_1_902' title='bbox 1120 5405 1266 5463; x_wconf 86' lang='lat' dir='ltr'><strong>parte</strong></span> <span class='ocrx_word' id='word_1_903' title='bbox 1293 5395 1459 5465; x_wconf 86' lang='lat' dir='ltr'><strong>ipsius</strong></span> <span class='ocrx_word' id='word_1_904' title='bbox 1488 5396 1685 5466; x_wconf 70' lang='lat' dir='ltr'><strong>regula:</strong></span> <span class='ocrx_word' id='word_1_905' title='bbox 1711 5411 1865 5465; x_wconf 85' lang='lat' dir='ltr'><strong>quam</strong></span> <span class='ocrx_word' id='word_1_906' title='bbox 1897 5403 2029 5448; x_wconf 84' lang='lat' dir='ltr'><strong>tenet</strong></span> <span class='ocrx_word' id='word_1_907' title='bbox 2074 5396 2155 5450; x_wconf 87' lang='lat' dir='ltr'><strong>di-</strong></span> <span class='ocrx_word' id='word_1_908' title='bbox 2257 5396 2352 5452; x_wconf 87' lang='lat' dir='ltr'><strong>lib.</strong></span> <span class='ocrx_word' id='word_1_909' title='bbox 2386 5412 2425 5464; x_wconf 88' lang='grc' dir='ltr'>ι,</span> <span class='ocrx_word' id='word_1_910' title='bbox 2454 5412 2576 5467; x_wconf 86' lang='lat' dir='ltr'><strong>cap.</strong></span> <span class='ocrx_word' id='word_1_911' title='bbox 2608 5397 2699 5462; x_wconf 79' lang='grc'><strong>51,</strong></span> <span class='ocrx_word' id='word_1_912' title='bbox 2724 5395 2967 5465; x_wconf 89' lang='lat' dir='ltr'><strong>potuisse</strong></span> <span class='ocrx_word' id='word_1_913' title='bbox 2992 5394 3332 5449; x_wconf 84' lang='lat' dir='ltr'><strong>Joachimum</strong></span> <span class='ocrx_word' id='word_1_914' title='bbox 3357 5392 3428 5447; x_wconf 89' lang='lat' dir='ltr'><strong>de</strong></span> <span class='ocrx_word' id='word_1_915' title='bbox 3458 5386 3833 5448; x_wconf 79' lang='lat' dir='ltr'><strong>eremitisGui-</strong></span> 
     </span>
    </p>
   </div>
   <div class='ocr_carea' id='block_1_58' title="bbox 557 5483 3833 5560">
    <p class='ocr_par' dir='ltr' id='par_1_58' title="bbox 557 5483 3833 5560">
     <span class='ocr_line' id='line_1_59' title="bbox 557 5483 3833 5560; baseline -0.001 -23"><span class='ocrx_word' id='word_1_916' title='bbox 557 5485 694 5538; x_wconf 89' lang='lat' dir='ltr'><strong>citur</strong></span> <span class='ocrx_word' id='word_1_917' title='bbox 714 5494 763 5537; x_wconf 88' lang='lat' dir='ltr'><strong>et</strong></span> <span class='ocrx_word' id='word_1_918' title='bbox 792 5485 904 5555; x_wconf 63' lang='lat' dir='ltr'><strong>ipse</strong></span> <span class='ocrx_word' id='word_1_919' title='bbox 933 5485 994 5541; x_wconf 83' lang='lat' dir='ltr'><strong>S.</strong></span> <span class='ocrx_word' id='word_1_920' title='bbox 1021 5486 1300 5559; x_wconf 76' lang='lat' dir='ltr'><strong>Augustini</strong></span> <span class='ocrx_word' id='word_1_921' title='bbox 1343 5503 1363 5542; x_wconf 89' lang='lat'><strong><em>:</em></strong></span> <span class='ocrx_word' id='word_1_922' title='bbox 1417 5497 1464 5543; x_wconf 89' lang='lat' dir='ltr'><strong>et</strong></span> <span class='ocrx_word' id='word_1_923' title='bbox 1492 5489 1605 5556; x_wconf 87' lang='lat' dir='ltr'><strong>ipse</strong></span> <span class='ocrx_word' id='word_1_924' title='bbox 1656 5489 1957 5560; x_wconf 81' lang='lat' dir='ltr'><strong>designatus</strong></span> <span class='ocrx_word' id='word_1_925' title='bbox 1986 5497 2060 5544; x_wconf 87' lang='lat' dir='ltr'><strong>est</strong></span> <span class='ocrx_word' id='word_1_926' title='bbox 2100 5490 2155 5543; x_wconf 87' lang='lat' dir='ltr'><strong>in</strong></span> <span class='ocrx_word' id='word_1_927' title='bbox 2257 5487 2535 5555; x_wconf 89' lang='lat' dir='ltr'><strong>lielmitis,</strong></span> <span class='ocrx_word' id='word_1_928' title='bbox 2582 5495 2674 5541; x_wconf 91' lang='lat' dir='ltr'><strong>aut</strong></span> <span class='ocrx_word' id='word_1_929' title='bbox 2704 5483 3026 5541; x_wconf 80' lang='lat' dir='ltr'><strong>Jambonitis</strong></span> <span class='ocrx_word' id='word_1_930' title='bbox 3070 5484 3244 5554; x_wconf 68' lang='lat' dir='ltr'><strong>loqui,</strong></span> <span class='ocrx_word' id='word_1_931' title='bbox 3283 5492 3406 5551; x_wconf 85' lang='lat' dir='ltr'><strong>post</strong></span> <span class='ocrx_word' id='word_1_932' title='bbox 3441 5499 3581 5552; x_wconf 66' lang='lat' dir='ltr'><strong>quos</strong></span> <span class='ocrx_word' id='word_1_933' title='bbox 3620 5486 3833 5539; x_wconf 65' lang='lat' dir='ltr'><strong>esurias</strong></span> 
     </span>
    </p>
   </div>
   <div class='ocr_carea' id='block_1_59' title="bbox 561 5572 3834 5654">
    <p class='ocr_par' dir='ltr' id='par_1_59' title="bbox 561 5572 3834 5654">
     <span class='ocr_line' id='line_1_60' title="bbox 561 5572 3834 5654; baseline 0 -26"><span class='ocrx_word' id='word_1_934' title='bbox 561 5572 835 5631; x_wconf 83' lang='lat' dir='ltr'><strong>Issachar.</strong></span> <span class='ocrx_word' id='word_1_935' title='bbox 870 5574 1061 5631; x_wconf 71' lang='lat' dir='ltr'><strong>Sea;th</strong></span> <span class='ocrx_word' id='word_1_936' title='bbox 1089 5577 1220 5632; x_wconf 90' lang='lat' dir='ltr'><strong>ordo</strong></span> <span class='ocrx_word' id='word_1_937' title='bbox 1252 5578 1454 5633; x_wconf 84' lang='lat' dir='ltr'><strong>videtur</strong></span> <span class='ocrx_word' id='word_1_938' title='bbox 1480 5595 1589 5633; x_wconf 88' lang='lat' dir='ltr'><strong>esse</strong></span> <span class='ocrx_word' id='word_1_939' title='bbox 1617 5581 1979 5635; x_wconf 86' lang='lat' dir='ltr'><strong>canonicorum</strong></span> <span class='ocrx_word' id='word_1_940' title='bbox 2004 5580 2153 5635; x_wconf 79' lang='lat' dir='ltr'><strong>Prte-</strong></span> <span class='ocrx_word' id='word_1_941' title='bbox 2261 5581 2605 5654; x_wconf 75' lang='lat' dir='ltr'><strong>prophetarit</strong></span> <span class='ocrx_word' id='word_1_942' title='bbox 2627 5580 2770 5636; x_wconf 90' lang='lat' dir='ltr'><strong>circa</strong></span> <span class='ocrx_word' id='word_1_943' title='bbox 2797 5595 2996 5633; x_wconf 89' lang='lat' dir='ltr'><strong>annum</strong></span> <span class='ocrx_word' id='word_1_944' title='bbox 3029 5576 3239 5631; x_wconf 89' lang='lat' dir='ltr'><strong>Domini</strong></span> <span class='ocrx_word' id='word_1_945' title='bbox 3271 5577 3435 5644; x_wconf 69' lang='lat'><strong>1200,</strong></span> <span class='ocrx_word' id='word_1_946' title='bbox 3473 5578 3631 5645; x_wconf 86' lang='lat' dir='ltr'><strong>longe</strong></span> <span class='ocrx_word' id='word_1_947' title='bbox 3659 5592 3687 5624; x_wconf 72' lang='grc' dir='ltr'><strong>ιι</strong></span> <span class='ocrx_word' id='word_1_948' title='bbox 3717 5583 3834 5624; x_wconf 71' lang='lat' dir='ltr'><strong>vero</strong></span> 
     </span>
    </p>
   </div>
   <div class='ocr_carea' id='block_1_60' title="bbox 559 5660 3837 5745">
    <p class='ocr_par' dir='ltr' id='par_1_60' title="bbox 559 5660 3837 5745">
     <span class='ocr_line' id='line_1_61' title="bbox 559 5660 3837 5745; baseline -0.001 -20"><span class='ocrx_word' id='word_1_949' title='bbox 559 5671 1052 5726; x_wconf 81' lang='lat' dir='ltr'><strong>monstratentium:</strong></span> <span class='ocrx_word' id='word_1_950' title='bbox 1093 5679 1143 5725; x_wconf 89' lang='lat' dir='ltr'><strong>et</strong></span> <span class='ocrx_word' id='word_1_951' title='bbox 1190 5669 1299 5742; x_wconf 83' lang='lat' dir='ltr'><strong>ipse</strong></span> <span class='ocrx_word' id='word_1_952' title='bbox 1340 5671 1639 5743; x_wconf 84' lang='lat' dir='ltr'><strong>designatus</strong></span> <span class='ocrx_word' id='word_1_953' title='bbox 1688 5684 1760 5730; x_wconf 80' lang='lat' dir='ltr'><strong>est</strong></span> <span class='ocrx_word' id='word_1_954' title='bbox 1800 5678 1854 5729; x_wconf 89' lang='lat' dir='ltr'><strong>in</strong></span> <span class='ocrx_word' id='word_1_955' title='bbox 1892 5672 2151 5731; x_wconf 86' lang='lat' dir='ltr'><strong>Zabulon.</strong></span> <span class='ocrx_word' id='word_1_956' title='bbox 2263 5673 2441 5743; x_wconf 88' lang='lat' dir='ltr'><strong>abest,</strong></span> <span class='ocrx_word' id='word_1_957' title='bbox 2470 5680 2527 5730; x_wconf 86' lang='lat' dir='ltr'><strong>et</strong></span> <span class='ocrx_word' id='word_1_958' title='bbox 2560 5687 2748 5745; x_wconf 88' lang='lat' dir='ltr'><strong>parum</strong></span> <span class='ocrx_word' id='word_1_959' title='bbox 2796 5669 3069 5727; x_wconf 71' lang='lat' dir='ltr'><strong>metuoriw</strong></span> <span class='ocrx_word' id='word_1_960' title='bbox 3109 5667 3161 5723; x_wconf 90' lang='lat' dir='ltr'><strong>in</strong></span> <span class='ocrx_word' id='word_1_961' title='bbox 3208 5683 3276 5724; x_wconf 84' lang='lat' dir='ltr'><strong>eo</strong></span> <span class='ocrx_word' id='word_1_962' title='bbox 3314 5667 3521 5740; x_wconf 81' lang='lat' dir='ltr'><strong>arguit,</strong></span> <span class='ocrx_word' id='word_1_963' title='bbox 3561 5665 3650 5739; x_wconf 89' lang='lat' dir='ltr'><strong>qui</strong></span> <span class='ocrx_word' id='word_1_964' title='bbox 3684 5660 3837 5735; x_wconf 70' lang='lat' dir='ltr'><strong>paulo</strong></span> 
     </span>
    </p>
   </div>
  </div>
