3908 6268
75 288 159 346 617

1083 277 1612 338 APOLOGETICUS
1651 277 1787 335 PRO
1825 279 1888 334 L.
1934 275 2238 336 DEXTRO.

3211 273 3317 332 618

78 410 182 461 ante
204 413 314 468 cap.
341 396 430 464 16,
459 409 611 451 num.
644 395 700 461 5,
723 394 790 450 de
820 391 1152 450 Gulielmitis
1177 393 1393 449 dixerat
1419 412 1431 446 :
1462 392 1616 449 Patet
1643 395 1689 455 Α
1720 393 1806 448 nis
1849 391 2204 449 eremitarum
2253 387 2311 445 S.
2357 386 2668 459 Augustini,
2710 386 2929 442 adducit
2978 385 3318 458 prophetiam

80 492 192 564 quod
213 490 405 545 habitus
426 488 756 542 eretnitarunt
790 483 856 537 Β.
882 483 1152 537 Cuillelmi
1197 483 1348 554 longe
1384 484 1619 538 diversus

80 592 186 647 erat,
210 591 303 634 tum
332 597 393 634 ea:
419 577 641 634 eremitis
666 577 791 630 dicti
815 575 1038 640 ordinis,
1059 575 1148 645 qui
1169 591 1287 629 cum
1318 574 1411 629 illo
1439 575 1620 628 habitu

82 679 449 745 permanserunt,
475 671 562 741 qui
599 685 702 724 non
730 677 840 724 era:
862 667 1071 722 cuculla
1104 668 1277 741 nigra,
1310 667 1400 721 sed
1447 668 1622 722 tunica

81 768 196 831 alba,
224 781 326 819 cum
352 765 592 818 mantello
613 763 754 823 albo.
789 763 926 816 unde
960 772 1011 816 et
1047 762 1213 816 uocati
1243 771 1365 814 sunt
1393 761 1622 815 ntantelli

84 859 183 914 albi.
212 858 276 914 De
301 857 615 914 Jambonitis
647 872 801 922 vero,
842 872 943 912 seu
982 854 1225 912 eremitis
1261 855 1356 910 Fr.
1399 855 1624 910 Joannis

87 951 195 1008 Boni
220 967 329 1022 cap.
355 950 597 1021 sequenti
627 949 744 1023 (47)
769 965 919 1005 num.
949 951 976 1004 1
1003 951 1197 1006 asserit
1220 957 1347 1005 ante
1368 949 1623 1005 unionem

87 1045 141 1099 ab
164 1044 449 1100 Innocentio
487 1042 548 1098 IV
583 1043 804 1110 factam,
839 1058 947 1097 non
982 1041 1242 1098 habuisse
1283 1042 1502 1112 nigrum
1531 1041 1627 1096 ha-

87 1137 244 1200 bitum.
276 1136 365 1192 sed
405 1136 608 1191 habitui
652 1134 907 1190 Fratrum
947 1134 1212 1190 Minorem
1257 1133 1622 1204 persimilem;

89 1228 320 1296 reicitque
367 1227 571 1283 litteras
619 1227 880 1284 Gulielmi
912 1227 1212 1282 cardinalis
1267 1226 1623 1297 protectoris,

90 1321 160 1375 ubi
179 1320 238 1376 de
261 1321 360 1376 illis
375 1320 486 1390 jam
516 1320 684 1375 unitis
712 1320 790 1375 ait
824 1339 836 1373 :
872 1319 938 1374 Et
964 1321 1092 1390 quia
1112 1336 1290 1375 eorum
1314 1321 1518 1374 habitus
1541 1319 1627 1388 qui

90 1413 251 1468 babitui
278 1412 516 1468 Fratrum
543 1413 808 1468 Minorum
844 1413 1117 1468 ridebatur
1141 1414 1446 1483 conformis,
1483 1411 1628 1481 apud

90 1509 255 1579 aliquos
272 1508 566 1562 scandalum
583 1507 965 1578 quodammodo
985 1506 1288 1569 suscitabat,
1304 1506 1368 1560 de
1385 1504 1629 1558 mandato

91 1610 127 1653 et
152 1600 420 1656 auctoritate
447 1600 673 1655 duorum
697 1598 1075 1666 cardinalium,
1101 1599 1192 1669 qui
1216 1607 1341 1652 tunc
1379 1599 1435 1652 in
1463 1597 1630 1666 parti-

91 1691 159 1745 bss
180 1689 481 1746 Lambardia:
505 1691 779 1762 legationis
813 1690 1167 1762 fungebantur
1187 1688 1389 1760 ofﬁcio,
1416 1689 1628 1760 nigrum

1727 487 2019 552 Joachimi,
2052 485 2123 541 de
2152 499 2253 554 qua
2282 483 2445 554 paulo
2471 483 2720 554 superius
2747 483 2979 552 egimus.

1799 581 2072 637 Rohertus
2099 579 2169 634 de
2214 577 2365 634 Licio
2389 580 2685 648 episcopus
2723 575 2998 646 Aquensis
3042 577 3221 631 Serm.
3247 575 3322 631 45

1725 673 1796 728 de
1846 672 2086 737 Sanctis,
2133 670 2226 738 qui
2276 679 2360 725 est
2401 670 2474 726 de
2518 671 2682 725 beato
2727 667 3020 724 Francisco
3053 688 3067 724 :
3101 667 3324 740 Insuper

1726 766 1851 835 (ait)
1875 765 2037 818 abbas
2058 762 2302 817 Joachim
2329 765 2406 817 uir
2430 765 2632 818 eximia:
2659 764 2951 818 sanctitatis
2970 806 2983 830 ,
3011 773 3060 818 et
3095 760 3326 833 prophe-

1727 862 1829 914 tice
1859 861 2051 929 spiritu
2077 860 2304 926 clarens,
2337 859 2390 912 in
2415 859 2640 930 quodam
2671 876 2767 912 suo
2806 857 2983 912 libello
3029 859 3102 910 ita
3141 857 3273 909 dixit
3305 870 3326 908 :

1728 953 1900 1006 Erunt
1925 953 2026 1006 duo
2048 951 2165 1018 uiri,
2193 967 2326 1006 unus
2346 950 2484 1016 hinc,
2515 951 2654 1004 alius
2681 951 2805 1004 inde
2823 991 2836 1015 ,
2869 951 2954 1018 qui
2983 949 3086 1002 duo
3116 947 3327 1001 ordines

1726 1046 2162 1115 interpretantur;
2184 1061 2317 1098 unus
2339 1041 2513 1097 Italus
2536 1044 2599 1096 de
2625 1041 2872 1107 Thuscia,
2897 1042 3031 1095 alter
3056 1041 3327 1108 Hispanus

1728 1139 1792 1193 de
1833 1136 2110 1209 Hispania,
2144 1145 2276 1203 etc.,
2313 1145 2368 1192 et
2398 1135 2467 1192 de
2511 1135 2806 1190 Francisco
2843 1133 3068 1189 subdit:
3107 1131 3332 1201 Depingi

1729 1247 1845 1286 eum
1875 1230 1996 1301 fecit
2031 1228 2088 1284 in
2127 1229 2362 1284 Ecclesia
2393 1227 2458 1284 S.
2491 1227 2660 1281 Marci
2692 1227 2758 1280 de
2807 1225 3037 1281 Venetiis
3078 1240 3196 1276 cum
3236 1223 3331 1276 sti-

1729 1325 1990 1396 gmatibus
2030 1341 2187 1395 super
2229 1324 2420 1379 ostium
2460 1323 2737 1388 sacristiw,
2771 1322 2905 1376 sicut
2952 1320 3206 1376 hodierna
3248 1318 3333 1372 die

1737 1416 2060 1471 cernentibus
2087 1426 2251 1489 patet.

1802 1507 2134 1564 Ptolomaeus
2157 1507 2223 1564 de
2251 1507 2394 1564 Luca
2429 1510 2480 1563 in
2504 1507 2711 1564 Chron.
2739 1524 2753 1563 :
2778 1506 3032 1579 Tempore
3053 1505 3203 1561 Lucii
3233 1505 3294 1560 11
3303 1504 3330 1560 ι

1730 1601 1907 1670 ﬂoruit
1929 1599 2175 1656 Joaclrint
2191 1601 2355 1656 abbas
2376 1604 2430 1655 in
2453 1599 2721 1669 Calabria,
2740 1600 2980 1654 doctrina
3005 1610 3051 1654 et
3075 1599 3326 1654 vaticinia

1733 1694 1966 1749 celebris.

93 1801 206 1851 quem
227 1785 419 1855 gestatis
443 1784 617 1838 adhuc
647 1783 904 1848 habitum,
931 1783 1217 1856 elegerunt.
1249 1781 1352 1849 Qui
1377 1797 1494 1836 cum
1511 1784 1628 1853 jam
1658 1774 1707 1834 Β
1804 1785 2138 1843 Trithemius
2161 1786 2254 1843 lib.
2277 1802 2314 1842 ll
2338 1787 2405 1844 de
2421 1787 2569 1843 Viris
2593 1787 2795 1843 illustr.
2817 1787 2876 1842 S.
2901 1788 3036 1843 Ben.
3061 1802 3182 1858 cap.
3205 1785 3330 1842 117.

92 1887 347 1931 iocarentur
370 1876 586 1932 Fratres
613 1876 858 1933 Eremita:
880 1874 1102 1932 Joannis
1124 1876 1268 1943 boni,
1292 1885 1398 1933 etc.
1425 1875 1630 1930 Zouam

1807 1877 2089 1936 Mattbmus
2139 1879 2444 1935 Palmerius
2494 1881 2547 1936 in
2598 1883 3012 1936 continuatione
3060 1881 3269 1937 Chron.
3321 1896 3338 1932 :

95 1983 195 2023 vero
218 1968 540 2038 postmodum
564 1969 731 2024 etiam
761 1969 1073 2040 suscepisse
1101 1969 1279 2041 liquet
1315 1984 1382 2024 ex
1429 1967 1633 2025 litteris
1733 1973 1976 2029 Joaclrim
2001 1973 2180 2043 abbas,
2210 1975 2289 2028 vir
2307 1975 2493 2046 spiritu
2516 1976 2819 2048 prophetico
2850 1975 3060 2046 plenus,
3086 1975 3136 2028 in
3163 1991 3343 2029 sacrae

96 2062 308 2130 apostolis
347 2062 593 2134 Gregorii
631 2061 734 2128 IX,
777 2077 914 2133 quas
962 2062 1135 2119 refert
1183 2062 1302 2134 ipse
1333 2063 1634 2120 Pennottus

101 2151 253 2208 eodem
278 2168 388 2225 cap.
413 2155 505 2222 l7,
555 2169 708 2210 num.
748 2155 803 2208 7.
851 2154 1104 2224 Depinsit
1142 2169 1276 2225 ergo
1320 2154 1636 2212 Joachimus

100 2245 292 2304 habitum
339 2251 693 2306 eremitarum
741 2258 798 2304 et
849 2250 1182 2321 corrigiam,
1229 2264 1350 2320 qua:
1398 2248 1636 2304 nondum

101 2350 223 2395 erant
259 2341 306 2398 in
344 2343 505 2399 rebus
539 2359 556 2398 :
591 2358 692 2400 nec
730 2343 951 2410 mirum,
999 2357 1125 2398 cum
1159 2340 1386 2398 ordines
1423 2355 1640 2412 quoque

103 2430 318 2491 llinorum
371 2446 425 2493 et
473 2436 904 2492 Pricdicatorum
957 2435 1247 2492 manifeste
1295 2433 1638 2505 przcdixerit,

104 2539 348 2600 eorumque
371 2529 714 2600 patriarchas
746 2530 798 2585 in
831 2544 918 2595 eo,
941 2544 1104 2600 quem
1136 2527 1480 2599 postmodum
1503 2541 1643 2583 sum-

107 2633 280 2687 pserunt
321 2623 500 2680 habitu
551 2623 697 2693 apud
743 2622 803 2680 S.
834 2622 1076 2680 Marcum
1105 2622 1458 2679 Venetiarum
1507 2619 1644 2676 vivis

109 2715 330 2772 coloribus
355 2717 571 2789 depiugi
618 2717 833 2783 fecerit,
865 2725 919 2773 et
951 2716 1122 2771 multa
1157 2715 1261 2770 alia
1290 2713 1643 2786 prtcdixerit,

110 2809 260 2876 quibus
310 2810 505 2868 eximio
558 2811 860 2882 prephetize
914 2809 1110 2880 spiritu
1157 2808 1419 2880 polluisse
1475 2806 1647 2877 magis

111 2901 394 2970 Perspicuum
420 2912 529 2972 est,
563 2917 729 2974 quam
757 2910 817 2957 ut.
851 2900 1011 2972 longa
1042 2899 1290 2956 oratione
1320 2897 1539 2969 probari
1567 2897 1651 2951 in-

112 2989 266 3063 digeat.

165 3085 252 3141 Sed
292 3103 394 3158 quo
433 3087 554 3146 haec
597 3087 729 3144 flant
774 3095 902 3144 nota
933 3085 1211 3153 omnibus,
1244 3095 1300 3142 et
1323 3093 1517 3142 contra
1558 3081 1652 3138 ad-

117 3179 424 3238 rersariorum
451 3184 677 3240 testium
710 3181 1154 3238 informationem
1187 3196 1216 3236 a
1247 3180 1515 3236 Pennotto
1541 3177 1653 3232 fac-
1677 3156 1722 3220 (ἶ

120 3278 199 3326 tam
217 3289 300 3342 pro
313 3276 580 3333 Joachimi
605 3276 915 3332 innocentia
935 3273 1342 3346 comprobanda
1359 3271 1656 3328 nonnullos

119 3377 287 3433 corum,
321 3369 406 3439 qui
445 3383 546 3441 pro
584 3383 655 3424 eo
694 3376 846 3423 stant
872 3367 1051 3438 (brevi
1088 3376 1267 3422 tamen
1309 3362 1654 3434 compendio,

120 3467 244 3519 prout
267 3459 405 3516 locus
432 3459 665 3532 patitur)
699 3460 754 3515 in
788 3457 1026 3514 medium
1068 3457 1345 3513 adducere
1390 3469 1495 3510 non
1536 3468 1659 3524 gra-

121 3546 269 3605 rabor.
309 3551 542 3609 Primum
591 3551 837 3607 omnium
889 3549 1110 3620 profero
1139 3549 1199 3605 S.
1243 3547 1505 3620 Cyrillum
1533 3544 1654 3600 ord.

123 3639 478 3702 Carmelitarum
509 3645 889 3719 splendorem,
923 3646 1015 3714 qui
1045 3659 1110 3700 ex
1141 3642 1391 3698 Carmelo
1429 3639 1495 3694 ad
1537 3638 1659 3694 Joa-

125 3733 314 3794 chiutn
339 3740 386 3794 iu
415 3739 673 3796 Calabria
700 3738 990 3808 degentem
1032 3751 1197 3806 super
1229 3731 1513 3804 prolubetia
1554 3729 1660 3784 sibi

128 3827 296 3883 coalitus
327 3839 540 3887 ostensa
584 3829 874 3887 cnodauda
920 3829 975 3882 iu
1024 3826 1142 3881 hac
1185 3825 1351 3881 verba
1394 3823 1611 3893 scripsit
1646 3839 1658 3875 :

131 3920 226 3974 (iam
270 3920 396 3980 Deus
442 3926 534 3981 tibi
588 3924 727 3978 velut
775 3921 999 3977 secundo
1048 3920 1247 3975 Joanni
1297 3916 1661 3987 Evangelistar.

131 4017 271 4070 miratu
291 4021 454 4090 futura
489 4018 758 4075 noscenda
798 4020 1021 4088 gratiam
1056 4015 1353 4080 contulerit,
1388 4010 1668 4083 .humiliter

133 4125 264 4176 ηιωεο
291 4113 578 4184 (rererende
623 4110 806 4182 Pater)
847 4122 902 4165 ut
935 4109 1138 4164 breuius
1170 4106 1494 4178 prapltetiam
1532 4105 1666 4156 lianc

137 4205 349 4263 enucleare
391 4209 656 4281 digneris,
693 4222 798 4278 quo
855 4203 1135 4259 dilucidius
1191 4200 1367 4255 Divini
1427 4198 1669 4269 abyssum

139 4291 259 4364 hujus
291 4301 498 4356 muneris
543 4308 825 4372 penetrare
873 4297 1154 4352 calcamus.
1205 4291 1419 4365 Frange
1464 4304 1668 4352 nucem,

1737 2082 1853 2119 rum
1876 2068 2097 2122 scientia
2129 2068 2420 2122 litterarum
2452 2069 2659 2137 doctus,
2704 2069 2759 2122 in
2788 2068 3033 2123 Calabria
3059 2071 3208 2137 ﬂoret
3248 2067 3342 2121 sub

1743 2157 1956 2214 Urbano
1987 2157 2075 2214 Il.

1813 2258 2169 2329 Paudolphus
2213 2258 2556 2316 Collenutius
2602 2257 2702 2314 lib.
2751 2273 2808 2312 1v
2856 2257 3060 2314 llistor.
3111 2256 3339 2327 Neapol.

1741 2365 1910 2423 agens
1955 2351 2024 2407 de
2067 2351 2302 2407 Henrico
2334 2349 2404 2406 VI
2432 2351 2629 2422 imper.
2661 2351 2753 2421 qui
2803 2365 3030 2405 uxorem
3071 2348 3349 2403 Constan-

1746 2445 1878 2498 tiam
1918 2443 2444 2515 quinquagenariam
2481 2451 2732 2513 agentem
2771 2442 3050 2512 gravidam
3103 2441 3347 2495 admira-

1744 2534 1935 2602 batur;
1969 2543 2180 2605 utergo
2203 2534 2470 2590 Henricus
2509 2533 2787 2606 gravidam
2827 2533 2978 2588 illam
3020 2532 3187 2588 fuisse
3219 2530 3346 2600 per-

1745 2629 1911 2698 cepit,
1968 2627 2265 2691 admirans,
2323 2628 2393 2682 ab
2451 2628 2646 2683 abbate
2697 2626 2942 2683 Joaehim
2997 2635 3180 2682 certus
3229 2626 3347 2680 ﬁeri

1751 2720 1993 2785 studuit;
2023 2720 2111 2790 qui
2141 2720 2388 2776 Joachim
2422 2730 2550 2776 tunc
2579 2721 2836 2789 temporis
2865 2719 3095 2774 florebat
3117 2763 3130 2788 ,
3162 2728 3217 2774 et
3239 2719 3351 2788 spi-

1749 2811 1887 2868 ritus
1940 2812 2244 2882 prophetici
2289 2812 2433 2868 fama
2492 2811 2914 2883 insigniebatur.
2970 2812 3157 2867 Abbas
3215 2827 3350 2867 vero

1751 2905 2130 2960 Constantiam
2159 2904 2226 2960 ab
2250 2904 2444 2961 eodem
2466 2904 2784 2975 concepisse
2825 2905 3118 2960 llcnricum
3152 2903 3353 2960 certio-

1753 3013 1873 3054 rem
1918 2997 2080 3063 fecit;
2130 3006 2185 3052 et
2228 2996 2371 3068 quod
2417 3005 2540 3052 erat
2583 2996 2663 3051 illi
2709 2998 2954 3067 paritura
3001 2995 3352 3062 infantulum,

1753 3090 1908 3159 cujus
1937 3104 2127 3145 omnes
2158 3091 2282 3145 vitae
2309 3099 2562 3157 eventus,
2588 3099 2644 3144 et
2673 3089 2908 3159 qualiter
2935 3088 3208 3144 Henricus
3237 3089 3353 3158 ipse

1757 3191 1882 3254 post
1908 3196 2079 3254 pauca
2102 3181 2155 3237 in
2190 3196 2327 3253 agro
2357 3181 2652 3236 Malearum
2686 3195 2858 3251 prope
2897 3179 3200 3236 Messanam
3240 3189 3360 3235 erat

1739 3278 2079 3344 moriturus,
2110 3275 2386 3344 prmdixit,
2418 3284 2525 3331 etc.

1827 3368 2064 3425 Joannes
2094 3368 2350 3424 Nicolaus
2372 3368 2601 3438 Doglion
2631 3369 2664 3424 5
2690 3376 2845 3440 parte
2863 3367 3184 3439 Compendii
3212 3367 3351 3423 llist.

1759 3461 2084 3517 universalis
2119 3480 2130 3514 :
2173 3459 2480 3516 Joacltimus
2515 3460 2693 3529 abbas,
2729 3462 2824 3528 ait,
2866 3462 3112 3516 ambobus
3156 3459 3358 3531 rcgfbus

1761 3554 1838 3626 (id
1861 3565 1967 3623 est,
1999 3554 2254 3624 Philippo
2281 3554 2503 3622 Gallina,
2535 3564 2592 3611 et
2623 3554 2904 3610 Richardo
2937 3553 3169 3626 Anglizr)
3199 3555 3362 3607 inuti-

1761 3647 1864 3701 lem
1907 3647 2120 3702 illorum
2157 3649 2271 3717 fore
2310 3664 2644 3718 progressum
2682 3648 2958 3718 pra'dixit;
2991 3663 3049 3701 eo
3089 3647 3229 3717 quod
3259 3663 3362 3700 non

1763 3750 1872 3794 erat
1895 3742 2036 3796 ultra
2064 3750 2261 3811 tempus
2283 3751 2517 3795 sanctam
2541 3757 2850 3811 recuperare
2871 3741 3130 3794 civitatem
3156 3755 3173 3792 :
3197 3755 3362 3808 quan-

1765 3829 2042 3902 doquidem
2069 3832 2144 3884 rei
2167 3830 2404 3900 probavit
2426 3841 2655 3885 euentus.

1838 3921 2034 3976 Paulus
2059 3920 2313 3976 Emilius
2341 3922 2392 3975 iu
2423 3921 2620 3976 histor.
2645 3919 3020 3977 Carbonensis
3043 3919 3363 3974 monasterii

1769 4014 1837 4070 de
1865 4012 2100 4068 Henrico
2131 4011 2321 4080 imper.
2347 4011 2409 4065 VI
2442 4027 2609 4082 agens
2639 4010 2995 4068 aitzPrwscio
3029 4021 3361 4066 venturorum

1769 4123 1801 4160 a
1824 4104 2098 4160 Jouchimo
2129 4103 2315 4158 abbate
2339 4104 2498 4173 facto,
2534 4113 2642 4159 etc.

1846 4198 2038 4253 Petrus
2079 4195 2400 4266 Bodulphus
2445 4195 2500 4250 in
2545 4195 2738 4250 histor.
2786 4196 3080 4267 Seraphica
3121 4195 3250 4252 dum
3299 4196 3369 4251 de

1773 4291 1956 4362 efligie
2000 4292 2176 4347 sancti
2229 4288 2508 4346 Francisci
2555 4290 2689 4360 agit,
2731 4291 2812 4346 sic
2853 4289 2928 4345 ait
2970 4307 2982 4343 :
3025 4291 3156 4344 Ante
3183 4292 3373 4345 Sancti

139 4386 257 4442 densa
287 4395 460 4460 rerela,
503 4404 558 4448 ut
597 4391 875 4460 splendeat
912 4389 1112 4447 cunctis
1147 4388 1360 4442 claritas
1394 4383 1672 4439 clarissimi
1776 4386 1932 4459 Itujus
1964 4391 2221 4452 exortum,
2246 4383 2404 4438 abbas
2431 4382 2740 4438 Jour/timus
2771 4381 3036 4438 Florensis
3068 4384 3144 4436 vir
3174 4384 3370 4455 sancti-

141 4473 266 4532 Solis.
291 4482 463 4540 Exstat
492 4481 769 4554 ejusmodi
800 4481 1029 4552 epistola
1063 4495 1184 4536 cum
1215 4477 1471 4548 operibus
1502 4474 1673 4544 ipsius
1702 4539 1750 4554 ﬂ
1778 4480 1898 4533 tatis
1937 4478 2137 4533 eximia:
2175 4485 2221 4531 et
2259 4478 2452 4548 spiritu
2485 4476 2772 4547 prapltetia:
2813 4475 3144 4546 conspicuus,
3178 4474 3228 4527 in
3261 4474 3371 4525 inde

141 4565 356 4630 Joaebimi
379 4579 429 4633 in
461 4539 725 4634 Vaiticana
767 4539 1121 4639 biblimhcca,
1153 4582 1209 4628 et
1241 4539 1291 4626 in
1333 4569 1504 4625 altera
1525 4539 1672 4623 'mo-
1701 4539 1755 4600 Ῑ)
1780 4571 1849 4624 Ι).
1881 4569 2050 4624 Marci
2078 4539 2333 4637 Venetiii,
2364 4539 2501 4635 etc.,
2533 4539 2652 4640 qum
2677 4568 2856 4624 adhuc
2882 4539 3048 4624 hodie
3094 4565 3283 4621 visitur
3315 4565 3372 4617 in

145 4667 318 4722 nasterii
343 4669 394 4726 S.
425 4669 574 4727 Fidis
610 4668 823 4725 ordinis
847 4664 1232 4722 Cisterciensis
1253 4677 1425 4733 prepe
1466 4661 1677 4716 Causar-

146 4767 404 4832 “ltiltstam,
439 4755 675 4837 eamque
718 4762 888 4820 refert
926 4760 1165 4818 lacubus
1194 4757 1264 4815 de
1301 4757 1572 4828 Voragine
1622 4755 1678 4810 in

150 4843 240 4903 \‘ita
255 4852 306 4908 S.
333 4854 535 4928 Cyrilli.

200 4939 428 5002 Chronica
457 4951 848 5022 magistrorum
877 4943 1218 5017 generalium
1245 4942 1454 5000 ordinis
1478 4942 1536 5000 S.
1573 4941 1678 4996 Da-

151 5029 292 5089 miuici
332 5038 438 5096 litae
480 5043 722 5100 habent:
761 5038 1086 5096 Venerabilis
1125 5046 1300 5093 autem
1337 5035 1495 5090 abbas
1550 5033 1683 5088 Joa-

155 5121 258 5176 τΙιὶηι
282 5126 525 5187 Florensis
547 5134 750 5188 ordinis
779 5133 1070 5194 institutor,
1106 5129 1357 5200 fratribus
1393 5127 1502 5181 suis
1535 5125 1684 5180 habi-

158 5222 256 5282 tum.
285 5239 421 5291 quem
460 5227 634 5282 dictus
672 5227 919 5298 magister
961 5223 1282 5296 chinaldus
1311 5239 1343 5276 a
1371 5219 1437 5276 Β.
1475 5218 1688 5290 Virgine

159 5321 372 5380 “‘“Pﬂ’ﬂl
392 5361 406 5385 ,
451 5317 748 5389 prophetice
783 5317 1142 5372 demonstrans
1163 5359 1180 5384 ,
1219 5319 1273 5370 in
1307 5313 1537 5386 quodam
1579 5327 1689 5366 mo-

162 5406 338 5459 nasterio
367 5409 442 5462 sui
479 5410 701 5476 ordinis,
731 5410 869 5482 quod
908 5419 981 5466 est
1024 5410 1078 5464 in
1109 5407 1375 5470 Calabria,
1404 5403 1616 5477 depingi
1643 5415 1690 5457 et

163 5493 283 5549 etiam
306 5500 351 5554 in
379 5501 609 5558 Ecclesia
638 5501 806 5559 Marci
845 5503 1184 5559 Venetiarum
1218 5497 1558 5556 vermiculato
1588 5511 1697 5551 ent-

167 5581 339 5645 blemate
364 5595 470 5663 fieri
494 5599 635 5667 fecit,
661 5597 873 5654 dicens:
904 5597 1019 5653 Cito
1042 5603 1212 5668 surget
1253 5595 1307 5649 in
1336 5589 1578 5646 Ecclesia
1598 5588 1696 5645 Dei

167 5690 293 5736 nouus
316 5687 431 5742 ordo
460 5690 773 5756 docentium,
801 5701 908 5748 etc.

224 5769 457 5837 Henricus
475 5781 543 5837 de
568 5782 857 5847 \lrimaria,
881 5783 935 5837 in
970 5790 1202 5840 tractatu
1231 5779 1299 5840 de
1315 5778 1525 5851 origine
1550 5773 1704 5833 ordi-

483 5875 747 5940 ΡΑτιιοι..
796 5875 1044 5939 XXXI.

1780 4665 1988 4720 fornice
2042 4663 2262 4734 templi;
2301 4664 2446 4735 quod
2487 4673 2542 4720 et
2594 4673 2752 4734 pocla
2792 4662 3015 4734 quidam
3057 4661 3373 4733 ingeniosus

1781 4757 1868 4813 his
1899 4756 2145 4812 versibus
2169 4757 2476 4827 expressit:

1904 4870 2069 4933 Atque
2095 4870 2230 4930 prius
2252 4869 2411 4919 fuerat
2432 4884 2576 4933 quam
2596 4869 2775 4920 mundo
2798 4875 3004 4920 exortus
3023 4870 3069 4918 in
3096 4870 3224 4931 aede,

1907 4936 2029 4992 Qum
2049 4934 2194 4983 Marci
2219 4933 2360 4982 titulo
2383 4933 2501 4982 nulli
2525 4939 2626 4982 toto
2650 4933 2770 4981 orbe
2793 4933 3008 4980 secunda
3029 4939 3122 4991 est,

1911 4996 2088 5048 Exstat
2105 4995 2232 5059 apud
2255 4993 2476 5046 Venetos
2496 4994 2658 5056 longis
2681 5006 2952 5057 expressus
2975 4993 3036 5042 ab
3062 4995 3222 5048 anuis.

1788 5123 2092 5195 Subditque
2122 5141 2136 5180 :
2166 5121 2296 5178 Fuit
2334 5123 2488 5178 abbas
2528 5121 2832 5177 Joachimus
2855 5124 2932 5175 vir
2963 5119 3380 5176 excellentissimi

1789 5234 1852 5273 ac
1899 5235 2059 5289 prope
2106 5217 2271 5271 divini
2325 5215 2552 5288 ingenii;
2591 5216 2679 5286 qui
2720 5213 2969 5287 glossavit
2998 5212 3384 5285 Apocalypsim.

1791 5312 1880 5366 ubi
1907 5312 2072 5366 multa
2104 5310 2348 5382 prazdixit
2383 5311 2446 5364 de
2489 5310 2671 5363 ordine
2705 5307 3142 5376 Mendicantium,
3165 5323 3384 5381 quorum

1769 5405 2058 5460 ueritatem
2087 5404 2161 5457 rei
2192 5402 2477 5456 declaravit
2506 5412 2736 5456 eventus.

1868 5495 2140 5555 Arnoldus
2164 5492 2326 5550 Wion
2355 5494 2392 5548 2
2427 5507 2569 5565 part.
2601 5495 2755 5566 Ligni
2782 5495 2906 5550 vitae
2937 5495 3032 5550 lib.
3059 5511 3113 5560 v,
3143 5509 3263 5566 cap.
3296 5493 3392 5557 89,

1798 5603 1954 5647 ramo
1979 5589 2034 5655 9,
2069 5588 2236 5643 multa
2267 5589 2520 5659 congerit
2548 5588 2600 5642 in
2644 5587 2860 5643 laudem
2893 5589 3116 5658 spiritus
3154 5585 3390 5656 prophe-

1802 5683 1895 5740 tici
1917 5699 2024 5756 quo
2050 5680 2363 5739 Joachimus
2385 5681 2596 5750 floruit,
2620 5683 2863 5753 citatque
2892 5697 2990 5752 pro
3012 5680 3203 5736 eodem
3223 5678 3368 5732 Lean
3385 5707 3400 5716 -

1807 5779 1965 5838 drum
2013 5775 2414 5839 Bononiensem
2468 5776 2524 5838 in
2579 5777 2698 5848 ejus
2753 5774 2874 5835 Vita
2927 5791 2941 5828 :
2991 5773 3187 5830 asserit
3233 5771 3397 5829 etiam
