3908 6302
505 281 612 359 tio
1398 276 1690 352 triarios
1729 277 1976 353 Locros
2015 287 2860 350 oaxrsncunouowcus.
3656 287 3734 348 tu

504 417 797 474 victoriam
832 415 1077 473 navalem
1121 413 1190 470 de
1215 413 1410 469 Turcis
1437 413 1503 467 ad
1535 411 1859 483 Echynadas
1891 411 2103 466 Insulas
2132 417 2181 473 Α
2210 411 2344 466 tanti
2373 411 2472 466 viri
2505 410 2768 480 judicium
2813 421 2916 464 suo
2965 409 3261 464 Pennottus
3304 419 3410 461 non
3449 405 3745 475 prtetulissct.

519 521 874 582 reportatam,
907 510 1044 564 duce
1077 507 1429 565 serenissimo
1457 507 1522 560 D.
1553 505 1763 561 Joanne
1799 504 2105 568 Austriaco,
2216 505 2323 561 Sed
2354 503 2521 574 quid?
2551 503 2647 559 llic
2690 503 2854 572 igitur
2899 503 2952 557 in
2993 500 3411 556 Commentariis
3438 499 3500 554 ad
3538 511 3648 571 cap.
3688 516 3746 566 ιι,

516 617 660 659 anno
697 602 888 657 salutis
935 599 1096 665 1571,
1142 606 1271 654 ante
1311 596 1738 668 quadringentos
1781 595 1896 651 fere
1937 609 2111 649 annos
2213 595 2437 666 Apocal.
2474 596 2652 669 (cujus
2683 595 2866 664 operis
2897 593 3147 649 meminit
3174 593 3290 662 ipse
3319 592 3412 646 lib.
3446 605 3519 659 ut,
3547 607 3651 662 cap.
3679 593 3748 656 53,

517 697 809 768 praevisam
838 703 892 750 et
924 694 1330 764 pronuntiatam
1355 706 1384 744 a
1408 691 1720 757 Joachimo,
1756 698 1815 744 ut
1853 704 1920 744 ex
1954 687 2110 743 libris
2215 704 2366 742 num.
2394 688 2474 758 6),
2522 686 2640 742 haec
2682 685 2850 742 habet
2881 686 2950 741 de
2988 683 3273 741 Joacbimo
3301 699 3317 737 :
3351 681 3548 738 Nollent
3586 684 3754 752 exposi-

517 789 637 858 ejus
666 787 719 843 in
750 783 1134 857 Apocalypsim
1181 785 1387 855 optime
1435 782 1826 838 intellexerunt
1860 788 2110 836 auctores
2213 782 2404 834 tionem
2433 781 2584 834 istam
2617 780 2670 833 in
2698 778 2797 832 hoc
2827 778 3014 850 capite,
3047 793 3158 832 meo
3188 791 3299 831 esse
3327 775 3484 830 Marti
3511 775 3754 829 attribuito

516 878 806 950 Triumphi
830 877 1090 934 Ecclesia:
1115 875 1422 932 catholicae.
2212 874 2355 940 (lam,
2383 878 2433 925 et
2463 871 2581 924 ideo
2613 869 2780 924 minus
2805 869 3076 923 creditam.
3109 866 3340 940 Legatur
3365 865 3518 937 igitur
3539 865 3752 935 quidquid

554 1033 562 1040 κ
588 971 810 1028 Gabriel
851 969 1073 1026 Barrius
1104 969 1157 1024 in
1191 969 1308 1024 Vita
1340 967 1512 1038 ipsius
1541 963 1846 1034 Joachimi,
1872 978 1995 1035 qua;
2030 963 2113 1018 in-
2213 964 2353 1018 circa
2383 963 2490 1018 [nec
2513 963 2744 1016 scribunt
2771 959 3102 1026 Joacltintus,
3131 969 3178 1015 et
3210 957 3482 1015 libertinus
3509 971 3614 1012 cum
3639 957 3752 1025 aliis,

519 1063 654 1134 cipit
680 1080 694 1117 :
730 1059 858 1117 Fuit
896 1059 1129 1116 Joannes
1159 1057 1467 1114 Joachimus
1503 1057 1684 1124 abbas,
1722 1065 1863 1122 etc.,
1893 1056 1986 1111 ubi
2026 1069 2114 1110 re-
2213 1064 2259 1110 et
2287 1065 2476 1110 cuncta
2500 1055 2828 1119 clarescunt;
2857 1071 2978 1108 nam
3005 1053 3260 1126 quidquid
3291 1052 3376 1107 illi
3404 1052 3752 1123 prophetarum,

519 1153 747 1212 consitis
776 1152 896 1224 ejus
924 1152 1102 1217 libris,
1135 1151 1317 1206 subdit
1351 1168 1364 1203 :
1393 1148 1462 1204 In
1503 1150 1689 1221 quibus
1725 1162 1838 1204 cum
1869 1147 2112 1216 spiritum
2214 1165 2306 1204 nos
2327 1148 2639 1219 completum
2661 1163 2771 1202 esse
2792 1147 3163 1217 conspicimus.

519 1249 806 1321 prophetia:
829 1246 1066 1302 habuisse
1087 1245 1420 1314 manifestum
1448 1253 1552 1310 est;
1587 1246 1835 1313 pleraque
1865 1242 2002 1295 enim
2039 1248 2114 1295 est
2285 1242 2366 1296 En
2419 1241 2515 1296 tibi
2555 1241 2752 1315 (lector
2799 1239 3051 1311 candide)
3093 1254 3258 1310 supra
3302 1239 3375 1296 20
3430 1247 3605 1305 testes,
3646 1249 3758 1309 quos

517 1341 852 1404 vaticinatus,
896 1354 924 1393 e
972 1337 1158 1408 quibus
1206 1337 1372 1390 multa
1409 1335 1694 1405 atlintpleta
1732 1342 1876 1401 sunt,
1927 1341 2113 1388 cmtera
2214 1345 2469 1404 quatuor,
2502 1347 2591 1391 aut
2620 1337 2862 1407 quinque
2899 1351 2928 1390 a
2963 1334 3234 1390 Pennotto
3269 1336 3336 1390 ad
3373 1334 3638 1390 adversam
3664 1343 3760 1403 par-

517 1431 854 1504 adintplenda
881 1437 1179 1500 supersunt.
1208 1427 1349 1481 Nam
1376 1435 1424 1480 et
1453 1425 1711 1481 erciam
1736 1424 1798 1479 ob
1837 1424 2112 1494 perfidiam

516 1524 572 1577 in
601 1523 892 1578 Romanam
912 1519 1200 1574 Ecclesium
1223 1520 1461 1589 gentibus
1483 1519 1736 1582 dandam,
1768 1525 1815 1571 et
1845 1516 2113 1571 Prtedira—

517 1619 688 1669 torum
725 1630 786 1667 ac
821 1613 1087 1667 Hinorum
1122 1613 1369 1665 ordinum
1394 1611 1683 1665 initialorcs
1721 1625 1843 1665 mox
1872 1610 2106 1680 futuros,
2216 1613 2391 1668 titiam
2423 1615 2539 1682 ejus
2562 1614 2706 1684 quod
2753 1621 3055 1678 testantur;
3090 1612 3258 1667 nostri
3302 1610 3566 1679 siquidem
3597 1610 3761 1665 oculatl

515 1705 638 1776 quin
668 1706 825 1759 etiam
868 1704 923 1758 in
963 1704 1146 1774 januis
1183 1700 1434 1756 Ecclesitc
1465 1702 1728 1774 prwdixit.
1762 1704 1825 1756 Et
1860 1703 2028 1757 multa
2054 1702 2110 1755 iu
2215 1706 2297 1777 (ut
2341 1707 2418 1761 sic
2454 1705 2712 1776 dixerim)
2744 1714 2892 1771 sunt,
2927 1704 2978 1760 id
3015 1704 3160 1760 enim
3195 1702 3462 1769 seribnnt,
3495 1703 3625 1774 quod
3654 1703 3766 1757 suis-

519 1799 665 1853 hunc
693 1797 853 1852 linem
895 1797 1263 1868 prosequitur.
1297 1794 1405 1851 Sed
1435 1811 1570 1850 vero
1612 1795 1843 1851 Graeciaa
1879 1811 1908 1849 a
1948 1795 2112 1851 Sara-
2144 1794 2188 1852 Β
2217 1809 2326 1854 met
2354 1799 2527 1853 oculis
2561 1799 2616 1853 iu
2655 1798 2810 1853 libris
2862 1796 3130 1852 Joachimi
3183 1796 3456 1866 legerunt,
3488 1801 3542 1850 et
3578 1809 3634 1850 re
3674 1796 3763 1864 ipsa

517 1892 672 1947 cenis
695 1890 1052 1962 subjuganda:
1074 1889 1392 1945 vaticinium
1415 1897 1594 1944 exstat
1617 1890 1670 1944 in
1689 1888 2113 1946 Commentariis
2216 1890 2570 1960 adimpletum
2591 1890 2874 1956 viderunt;
2899 1895 3064 1944 testes
3081 1903 3211 1943 vero
3232 1887 3478 1942 adversm
3492 1887 3646 1957 partis
3665 1899 3770 1941 aeuo

519 1985 813 2042 Hieremiae
840 1984 908 2039 ad
939 1998 1059 2052 cap.
1094 1985 1117 2037 l
1148 1991 1203 2038 et
1231 1981 1299 2036 ad
1323 1997 1445 2052 cap.
1473 1984 1544 2039 48
1577 1983 1880 2053 perspicuis
1911 1981 2112 2039 verbis.
2218 1985 2312 2039 lati
2363 1997 2486 2038 esse
2543 1991 2836 2053 nequeunt,
2885 1995 3010 2037 cum
3067 1980 3120 2035 id
3176 1979 3456 2035 ascribunt
3501 1977 3762 2042 Joacbitno,

2218 1437 2324 1483 tem
2351 1427 2598 1483 adductis
2627 1428 2958 1497 opponimus
2989 1442 3004 1481 :
3037 1426 3180 1482 inter
3208 1438 3349 1497 quos
3381 1442 3487 1481 non
3515 1424 3670 1482 solum
3692 1433 3758 1481 est

2216 1520 2502 1576 notissima
2529 1517 2837 1575 differentia
2865 1532 3032 1589 penes
3061 1533 3366 1585 numerum,
3401 1517 3493 1574 sed
3518 1531 3665 1587 penes
3683 1531 3762 1572 no.

2217 2076 2360 2148 quod
2410 2091 2705 2146 numquam
2753 2074 2994 2144 scripsit.
3039 2071 3172 2128 Nam
3224 2071 3540 2128 Vincentius
3585 2069 3768 2126 Belvae.

2216 2187 2376 2242 quem
2426 2171 2485 2226 S.
2529 2168 2836 2224 Antoninus
2869 2165 3187 2223 transcribit
3226 2163 3480 2238 (proinde
3521 2179 3583 2219 es
3614 2161 3766 2218 audita

2218 2264 2324 2336 est)
2357 2281 2424 2318 co
2463 2264 2806 2320 Joachimum
2839 2271 3010 2328 taxat,
3044 2262 3184 2332 quod
3230 2261 3380 2317 diem
3422 2257 3598 2314 mundi
3623 2268 3771 2313 ostrea

2218 2373 2365 2412 mum
2396 2355 2538 2411 intra
2567 2356 2702 2411 duas
2734 2354 3148 2425 generationes,
3177 2352 3230 2408 id
3261 2360 3368 2416 est,
3406 2351 3473 2407 00
3499 2364 3658 2405 armos
3683 2357 3769 2403 ter-

2218 2447 2530 2502 minandum
2575 2447 2692 2501 fore
2737 2443 3078 2517 praedixerit,
3128 2453 3185 2498 et
3229 2451 3416 2499 tamen
3467 2439 3648 2496 nullibi
3686 2437 3768 2494 hoc

2217 2540 2359 2595 dixit
2409 2539 2757 2604 affirmando,
2791 2538 2888 2594 sed
2935 2535 3260 2603 dubitando,
3291 2543 3351 2591 ut
3397 2534 3580 2590 videre
3619 2539 3692 2588 οδι
3729 2532 3770 2585 in

2217 2633 2364 2688 calce
2393 2631 2732 2699 Concordia),
2769 2632 2858 2686 ubi
2890 2630 2959 2686 de
2991 2643 3050 2686 re
3083 2629 3184 2684 hac
3213 2644 3280 2684 ex
3319 2627 3571 2698 professo
3600 2623 3772 2682 edisse-

2217 2725 2309 2779 rit.
2343 2725 2539 2779 Mirum
2565 2739 2695 2779 vero
2723 2737 2846 2778 esse
2872 2738 2978 2776 non
3006 2721 3192 2788 debet,
3219 2721 3265 2776 si
3298 2719 3476 2776 abbas
3503 2725 3700 2774 sanctus
3717 2714 3772 2770 ds

2218 2817 2473 2890 proximo
2491 2817 2694 2872 Christi
2721 2815 2932 2887 jndi¢io
2959 2813 3388 2870 subdubitanter
3412 2811 3606 2881 aliquid
3630 2809 3772 2878 scrip-

2217 2911 2311 2979 sit,
2346 2924 2468 2964 cum
2501 2909 2590 2963 alii
2625 2921 2941 2965 sanctorum
2977 2907 3199 2961 Patrum
3244 2905 3472 2962 brevem
3501 2904 3662 2960 eidem
3685 2911 3774 2956 ter-

589 2075 875 2148 Sylveater
915 2075 1155 2130 Meueius
1196 2074 1251 2128 in
1297 2074 1566 2143 prooemio
1603 2073 1669 2128 ad
1709 2074 2114 2132 Commentaria

518 2167 900 2238 Apocalypsis,
946 2164 1287 2220 Joachimum
1325 2165 1511 2220 multis
1550 2163 1711 2220 ell‘ert
1758 2165 2006 2224 laudibus
2043 2165 2116 2222 ob

515 2262 765 2332 spiritum
800 2258 1099 2328 prophetiae
1127 2271 1236 2327 quo
1264 2256 1478 2326 polluit.

590 2351 947 2409 Paschalith
994 2349 1344 2419 Regiselinus
1390 2350 1443 2403 in
1494 2349 1728 2420 epistola
1777 2349 2115 2407 dedicatoria

517 2447 586 2502 ad
637 2443 954 2516 prophetias
1003 2443 1144 2499 beati
1173 2441 1481 2498 Joachimi:
1519 2441 1732 2497 Norant
1774 2460 1973 2511 omnes,
2015 2445 2116 2513 ait,

506 2537 764 2610 quidquid
794 2538 846 2590 in
877 2537 986 2590 suis
1009 2534 1162 2588 dictis
1193 2533 1361 2589 Abbas
1393 2534 1630 2604 involvit,
1656 2546 1863 2591 eventus
1891 2554 2013 2592 suos
2043 2537 2112 2592 ad

515 2646 737 2704 unguem
757 2628 996 2684 sortitum
1023 2627 1205 2697 fuisse.

582 2720 738 2776 Mitto
763 2721 900 2776 alios
933 2718 1153 2786 multos,
1183 2727 1242 2774 ut
1263 2718 1694 2775 eruditissimum
1719 2721 1893 2776 nostri
1924 2722 2116 2779 srcculi

514 2814 825 2885 theologum
846 2852 862 2879 ,
886 2811 1276 2883 egregiumque
1306 2813 1460 2868 verbi
1503 2813 1600 2868 Dei
1638 2815 2111 2880 concionatorem,

513 2922 577 2961 ac
609 2905 883 2975 publicum
915 2905 1056 2974 apud
1089 2904 1554 2962 Salmanticenscs
1580 2903 1872 2976 theologim
1906 2907 2113 2977 proles-

515 3013 698 3052 sorem
745 2997 1011 3068 Angelum
1060 2997 1341 3068 Maurique
1383 2999 1440 3053 iu
1482 2998 1691 3054 Laurea
1743 3001 2111 3070 Evangelica,
2217 3003 2424 3057 miuum
2473 3017 2758 3073 perperam
2808 2999 3165 3070 praelixerint,
3211 3007 3272 3052 ut
3319 2998 3394 3053 de
3439 2998 3502 3053 S.
3549 2993 3776 3051 Nolberlo

515 3089 817 3144 Barnabam
845 3098 914 3145 de
943 3091 1216 3148 Montalbo
1255 3096 1307 3148 in
1337 3094 1543 3149 Chron.
1575 3093 1905 3149 Cistcrcien.
1938 3104 1990 3148 et
2014 3094 2110 3149 Ja-
2217 3093 2828 3149 Priennenstratensium
2890 3090 3282 3146 canonicorum
3350 3101 3578 3145 auctore
3639 3084 3774 3140 refert

513 3181 710 3237 eobum
754 3183 1005 3239 Graecum
1039 3185 1355 3257 Syllaneum
1395 3188 1452 3243 in
1487 3188 1693 3244 Chron.
1742 3187 1954 3242 ordinis
1985 3187 2113 3242 Flo—
2141 3171 2188 3237 α
2221 3185 2528 3242 Bernartius
2576 3185 2736 3256 epist.
2770 3185 2842 3242 56
2869 3184 2965 3256 qui
3002 3185 3056 3239 id
3101 3184 3171 3238 ab
3199 3182 3318 3253 ejus
3362 3198 3463 3238 ore
3507 3185 3772 3251 accolunt.

515 3277 717 3340 rensis,
745 3287 800 3332 et
838 3278 977 3333 alios
1025 3280 1116 3347 qui
1160 3295 1255 3350 pro
1285 3281 1569 3336 Joachimo
1596 3281 1816 3351 egregie
1859 3280 2112 3337 deserta.

513 3378 674 3434 runt;
705 3383 805 3425 nec
826 3369 1031 3426 desunt
1057 3369 1298 3426 illustres
1329 3380 1508 3442 poetae
1537 3371 1783 3442 ejusdem
1822 3373 2110 3428 sententiae

513 3473 844 3521 asserentes.
870 3461 1004 3518 Nam
1037 3463 1239 3520 Dantes
1258 3465 1292 3520 5
1318 3480 1372 3534 p.
1401 3465 1470 3521 de
1492 3465 1775 3534 Paradiso,
1803 3465 2004 3537 inquit,

823 3577 1028 3644 ﬂabant)
1055 3592 1085 3629 e
1109 3580 1266 3644 quivi,
1293 3591 1322 3630 e
1341 3579 1522 3644 lucemi
1539 3579 1618 3629 del
1643 3578 1759 3644 lato,

823 3640 864 3706 ll
889 3640 1150 3706 Calabrese
1174 3640 1369 3706 Abbate
1393 3641 1663 3706 Joachimo,

824 3702 904 3754 De
923 3704 1098 3767 spiritu
1121 3703 1410 3766 prephetico
1428 3705 1611 3755 dolato.

579 3811 681 3871 Cui
735 3810 1019 3882 Philippus
1062 3808 1368 3866 Phasianus
1413 3809 1654 3868 succinit
1702 3811 2004 3884 imparibus
2054 3815 2107 3872 in

511 3905 632 3976 ejus
661 3903 875 3960 laudem
901 3902 1084 3968 editis,
1115 3918 1235 3974 qua:
1264 3901 1440 3958 refert
1468 3902 1710 3960 Graccus.

2219 3282 2377 3338 Stant
2413 3283 2770 3339 nihilominus
2801 3298 2901 3352 pro
2943 3282 3104 3338 nobis
3133 3281 3462 3338 Vincentius
3486 3288 3542 3336 et
3583 3275 3776 3333 Antoni-

2219 3391 2343 3441 nus,
2372 3375 2500 3429 dum
2545 3374 2707 3430 ﬁdem
2759 3374 3005 3444 praebent
3053 3372 3337 3429 nonnullis
3369 3369 3627 3429 Joachitni
3663 3381 3777 3438 pm-

2216 3464 2568 3532 dictionibus,
2605 3466 2655 3522 ei
2685 3466 2940 3521 nimirum
2973 3479 3081 3536 qua
3110 3465 3330 3536 regibus
3372 3463 3580 3534 Anglia
3601 3469 3653 3517 et
3675 3459 3777 3516 Gal-

2216 3559 2302 3615 lia:
2351 3559 2593 3615 nondum
2646 3559 2837 3614 adesse
2892 3567 3113 3628 tempus
3163 3555 3597 3628 recuperationis
3638 3563 3774 3610 terra

2215 3650 2433 3707 Sancta:
2463 3649 2733 3721 prtedixit.
2757 3658 2813 3706 et
2839 3649 2986 3706 aliis.

2284 3745 2594 3802 Cardlnalis
2621 3744 3009 3810 Bellarminus,
3038 3743 3132 3816 qui
3159 3744 3414 3802 secundo
3437 3741 3556 3800 loco
3580 3736 3776 3797 adduci-

2214 3847 2323 3905 tur,
2358 3838 2494 3894 nihil
2533 3838 2788 3907 aflirmat,
2827 3840 2923 3895 sed
2973 3839 3097 3895 aliis
3145 3838 3413 3911 judicium
3465 3835 3687 3910 reliquit,
3729 3838 3774 3887 at

2217 3932 2381 3986 verba
2411 3930 2532 4001 ejus
2577 3931 2952 3996 manifestam,
3004 3932 3100 3988 lib.
3135 3932 3205 3989 de
3250 3931 3457 4004 script.
3513 3929 3703 3987 Eccles.
3729 3926 3772 3980 in

578 3998 786 4092 Αιξειοΐ
816 3995 983 4092 ﬁniam
1007 3994 1269 4068 θρῖιεβιιίί
1307 3997 1427 4068 eius
1462 3998 1716 4069 εθΡιιῙοΥο
1745 3998 1920 4070 am“:
1959 4001 2107 4059 ίιιιθτ
2210 3994 2518 4079 Joachimo.
2549 4023 2707 4091 Quod
2751 4038 2884 4080 vero
2912 3994 3207 4080 cardinalis
3236 3994 3532 4092 Barohius,
3566 4031 3688 4078 tom.
3715 4031 3774 4073 xu

510 4089 615 4146 alia
648 4090 764 4146 haec
785 4089 860 4146 ait
889 4106 904 4145 :

629 4182 750 4234 Nam
774 4188 875 4233 tum
898 4181 1028 4232 dicta
1050 4180 1249 4232 Patrum
1274 4183 1426 4241 norit,
1453 4183 1536 4244 qui
1565 4181 1696 4244 nube
1715 4183 1917 4237 fuerunt.

697 4245 933 4307 Protecti,
959 4250 1011 4293 et
1029 4245 1322 4307 scivit,_qute
1340 4243 1622 4307 peragepda
1646 4243 1829 4296 forent.

635 4306 891 4369 Veridicus
913 4311 1054 4356 vates
1078 4304 1503 4369 prtedixit,_‘mult'a
1527 4304 1730 4369 {uerunt

693 4365 963 4431 Completa,
987 4374 1043 4417 ut
1064 4364 1510 4417 monstrat'lumine
1530 4366 1654 4417 facta
1671 4369 1800 4418 dies.

579 4473 792 4530 Addam
821 4487 924 4545 pro
951 4471 1216 4528 coronide
1253 4471 1620 4543 Seraphinum
1662 4473 1977 4530 Firmanum
2008 4492 2104 4535 ea-

2209 4115 2412 4183 Aunaz,
2443 4131 2575 4170 ann.
2614 4117 2778 4184 1164,
2822 4115 3014 4172 scribit
3050 4115 3400 4171 Joacbimum
3445 4115 3609 4171 Petro
3642 4111 3777 4167 Loui-

2210 4207 2382 4265 bardo
2423 4209 2812 4265 adversantem
2856 4210 2910 4263 in
2953 4208 3190 4264 concilio
3231 4208 3593 4265 Lateranensi
3634 4205 3773 4260 fuisse

2208 4299 2550 4369 damnatum,
2587 4300 2886 4372 impmprie
2927 4299 3133 4356 dictum
3161 4300 3284 4371 quis
3321 4317 3436 4357 non
3467 4298 3645 4356 videt?
3683 4308 3770 4350 non

2207 4393 2350 4449 enim
2397 4409 2626 4464 persona
2681 4393 2918 4455 abbatis.
2967 4393 3063 4449 sed
3111 4392 3333 4449 libellus
3388 4393 3460 4450 de
3514 4387 3769 4447 Trinitatis

2207 4484 2430 4542 unitate,
2467 4492 2525 4540 et
2566 4483 2808 4541 essentia
2857 4484 2926 4540 ab
2955 4498 3022 4541 eo
3068 4483 3268 4549 editus,
3313 4483 3659 4556 reprobatur.
3703 4476 3770 4531 Es

503 4567 761 4626 nonicum
790 4566 1095 4637 regularem
1119 4565 1570 4634 Lateranensem,
1601 4567 1746 4636 quod
1773 4583 1894 4623 eum
1930 4568 1994 4623 ll.
2034 4569 2091 4624 P.
2123 4560 2180 4622 Β
2206 4577 2366 4633 verba
2425 4577 2644 4633 concilii
2698 4592 2822 4648 cap.
2873 4577 2944 4631 9.:
3001 4573 3327 4631 Damnamus
3382 4591 3506 4648 ergo
3541 4586 3588 4630 et
3621 4583 3772 4643 repra-

506 4665 812 4720 Pcnnottus
859 4659 1016 4714 miris
1056 4657 1248 4713 elferat
1278 4657 1536 4714 laudibus
1583 4658 1678 4712 lib.
1722 4675 1802 4726 lt],
1835 4676 1956 4732 cap.
2001 4663 2094 4731 ‘39,

504 4773 654 4812 num.
684 4756 739 4818 5,
765 4760 1029 4822 vocctque
1057 4767 1179 4807 eum
1207 4751 1586 4815 venerandum,
1612 4754 2098 4827 sanctissimumque

501 4849 835 4912 canonicum,
867 4861 929 4898 ac
949 4843 1085 4900 uerbi
1113 4840 1213 4898 Dei
1238 4859 1522 4916 prwconem
1551 4844 1979 4915 fervidissimum,
2008 4850 2097 4915 qui

505 4951 687 4998 sancta
730 4937 1098 5011 prtvdicalione
1127 4953 1282 4992 suum
1319 4935 1574 4991 saxulum
1613 4935 1913 5006 illustravit,
1944 4942 2095 5011 cujus

501 5033 655 5089 verba
688 5031 808 5104 (ait)
835 5037 982 5086 erant
1009 5033 1156 5098 quasi
1186 5028 1321 5099 ignis
1356 5027 1572 5105 ardens,
1613 5036 1664 5082 et
1695 5028 1844 5096 quasi
1874 5030 2094 5086 malleus

500 5136 766 5180 conterens
794 5131 1000 5193 petras;
1020 5121 1169 5192 cujus
1193 5119 1516 5190 potissimum
1545 5118 1763 5172 consilio
1783 5128 1831 5173 et
1854 5120 2096 5176 suasione

500 5216 950 5273 dute’clericorum
973 5212 1293 5284 regularium
1322 5211 1741 5284 congregationes
1769 5214 1981 5280 fuerunt
2006 5215 2090 5267 in-

2205 4672 2386 4726 bamus
2431 4669 2692 4737 libellum,
2725 4686 2816 4725 seu
2849 4680 3151 4736 tractatum,
3183 4685 3331 4739 quem
3360 4669 3523 4723 abbas
3559 4664 3770 4722 Joacbitn

2204 4763 2366 4818 edidit
2394 4772 2582 4817 contra
2608 4762 2916 4835 magistrum
2948 4759 3166 4816 Petrum
3193 4759 3570 4828 Lombardum,
3594 4760 3654 4812 ds
3674 4754 3774 4809 uni-

2206 4864 2307 4910 tate
2335 4871 2424 4909 seu
2460 4856 2684 4909 essentia
2716 4852 3029 4919 Trinitatis;
3060 4862 3253 4924 utpote
3283 4852 3431 4924 quod
3470 4853 3528 4907 in
3555 4865 3618 4907 eo
3645 4859 3774 4902 asse-

2205 4947 2426 5003 rebatur
2455 4947 2515 5004 S.
2545 4947 2834 5002 Trinitatis
2864 4948 3044 5002 unitas
3075 4962 3184 5002 non
3213 4961 3336 5003 esse
3366 4947 3536 5003 realis
3560 4953 3611 5001 et
3651 4938 3772 4996 indi-

2201 5040 2387 5108 vidua,
2417 5041 2511 5097 sed
2555 5039 3028 5107 similitudinaria,
3057 5057 3162 5096 non
3212 5041 3375 5096 aliter
3403 5048 3568 5109 atque
3609 5036 3770 5106 plum

2200 5131 2453 5188 homines
2497 5133 2751 5189 dicuntur
2788 5149 2928 5188 unus
2977 5133 3238 5204 populus.
3292 5131 3569 5188 Subticuit
3609 5135 3767 5183 atttcm

2200 5222 2503 5280 Pennottus
2548 5235 2799 5294 persensu
2841 5222 3114 5279 Joachimi
3143 5223 3581 5285 excusationem,
3625 5229 3765 5288 quam

502 5308 715 5373 stitutce,
760 5307 928 5359 altera
967 5303 1028 5359 S.
1060 5303 1217 5359 Pauli
1267 5303 1524 5359 Decollati
1569 5300 1882 5370 Mediolani,
1924 5306 2114 5362 altertr
2196 5316 2492 5373 concilium
2523 5316 2826 5386 subjungit,
2859 5315 3114 5387 inquiens
3143 5334 3158 5372 ε
3192 5315 3258 5370 In
3288 5315 3440 5370 nullo
3471 5327 3637 5369 iam
3667 5324 3768 5381 pro-

499 5397 828 5452 saeerdolum
856 5394 986 5448 Boni
1013 5395 1141 5450 Iesu
1171 5395 1456 5462 Ravennaz,
1484 5397 1575 5468 qui
1600 5406 1714 5469 post
1742 5398 1917 5455 uarios
1944 5400 2088 5455 labo-

495 5507 576 5548 res
605 5506 704 5565 pro
741 5489 838 5543 Dei
866 5487 1033 5560 gloria
1060 5498 1106 5543 et
1133 5489 1299 5543 salute
1325 5489 1616 5544 animarum
1644 5491 1963 5559 exanllutos,
1991 5509 2084 5547 va-

491 5585 697 5656 riosque
722 5579 925 5636 libellos
956 5579 1070 5646 igne
1105 5579 1269 5633 divini
1305 5581 1502 5636 amoris
1528 5579 1708 5652 plenos
1735 5583 1806 5637 ad
1831 5585 2084 5654 spiritua-

489 5679 590 5732 lent
632 5673 1032 5746 a'diﬁcatiouem
1072 5671 1376 5726 utilissimos
1407 5673 1594 5740 editos,
1638 5671 1891 5732 Bononia:
1931 5678 2076 5747 obiit,

485 5778 591 5829 etc.
625 5770 752 5827 llaec
783 5781 907 5826 cum
941 5780 1006 5822 es
1040 5779 1136 5823 ore
1164 5763 1281 5834 ejus
1315 5776 1444 5821 vcra
1474 5765 1606 5834 sint,
1653 5767 1850 5825 mirum
1881 5769 1985 5827 erit
2025 5769 2070 5828 si

2195 5416 2308 5478 pter
2329 5407 2426 5461 hoc
2449 5403 2690 5461 Florensi
2719 5406 3048 5471 monasterio,
3070 5407 3222 5477 cujus
3245 5407 3355 5478 ipse
3376 5401 3618 5460 Joacin'ut
3631 5399 3769 5456 exsti-

2192 5501 2254 5553 tit
2274 5499 2565 5563 institutor,
2597 5497 2836 5554 volumus
2860 5499 3125 5572 derogari,
3152 5509 3374 5568 quorum
3401 5497 3476 5552 ibi
3505 5507 3552 5553 et
3577 5493 3765 5567 regale-

2187 5591 2260 5645 ris
2286 5598 2359 5645 est
2387 5591 2670 5658 institutio,
2699 5599 2745 5645 et
2767 5591 3086 5646 observantia
3117 5589 3386 5656 salutaris,
3414 5591 3640 5645 maxime
3663 5597 3762 5639 esst

2189 5682 2297 5752 ipse
2321 5677 2564 5736 Joachim
2585 5683 2758 5736 omnia
2779 5682 2977 5752 scripta
2999 5699 3095 5738 sua
3114 5683 3262 5738 nobis
3281 5682 3546 5754 assignari
3570 5675 3764 5734 manil-

2189 5773 2334 5845 t'crit,
2364 5773 2666 5846 apostolica:
2695 5773 2850 5831 Sedis
2875 5774 3082 5846 judicio
3110 5773 3473 5847 approbando,
3511 5781 3598 5830 seu
3621 5770 3751 5827 aliut
