3908 6276
511 291 618 346 625

1407 275 1703 335 FLAVIUS
1742 269 1992 330 LUCIUS
2031 268 2310 326 DEXTER
2351 267 2882 326 CIIRONOLUGUS.

3682 256 3770 315 διι

511 405 688 460 tribus
719 401 1018 472 Benjatnin,
1048 405 1101 452 et
1142 395 1310 450 tribus
1344 391 1475 447 Levi
1507 405 1645 446 unus
1681 387 1843 444 simul
1882 387 2110 459 populus
2141 386 2192 445 A
2220 391 2436 460 inquit:
2470 388 2765 460 Sequitur:
2811 385 2890 438 Ad
2931 381 3070 436 viros
3115 377 3396 442 Attat/roth,
3425 375 3507 446 qui
3563 386 3773 446 qua’runt

512 496 673 550 dieue
701 503 823 548 sunt
850 510 862 545 :
891 501 943 546 et
966 487 1104 558 quod
1137 485 1361 540 adderet
1389 499 1494 537 non
1527 496 1687 552 posse
1717 479 1948 551 cogitari
1977 478 2106 532 sitn-

512 591 709 659 plicem
735 586 972 640 divinam
1001 579 1359 636 substantiam
1391 591 1638 630 seorsum
1667 591 1695 628 a
1729 572 1977 644 personis
2008 570 2108 640 (uti

511 683 706 736 Petrus
735 676 1073 733 Lombartlus
1088 674 1235 728 visus
1256 682 1337 728 est
1368 669 1564 727 iecisse
1588 669 1637 723 in
1666 684 1682 722 ι
1707 675 1848 724 sent.
1873 665 2002 719 dist.
2025 663 2107 733 5),

512 773 618 830 nisi
668 788 790 828 cum
847 768 1086 826 Sabellio
1123 777 1179 822 et
1221 765 1378 821 Arrio
1430 760 1740 819 sentiendo.
1786 757 2112 814 Detulerunt

510 867 681 936 igitur
716 878 932 919 causam
965 858 1236 932 ejusmodi
1282 858 1348 912 ad
1387 855 1704 920 concilium,
1742 867 1774 906 a
1804 866 1913 921 quo
1949 850 2004 903 in
2045 863 2112 903 eo

512 973 702 1022 sensu,
729 971 891 1026 quem
929 953 1093 1008 verba
1126 951 1245 1020 ejus
1284 947 1626 1020 pra-tendere
1662 943 2008 1006 videbantur,
2049 939 2114 995 li-

516 1053 614 1104 ber
645 1049 900 1118 prceiatns
926 1062 1068 1099 anno
1099 1041 1310 1099 Domini
1340 1041 1501 1104 1215,
1532 1037 1857 1093 sententiam
1889 1035 2116 1088 damna-

515 1140 678 1196 tionis
707 1139 940 1210 aceepit.
974 1135 1082 1192 Sed
1117 1149 1244 1189 vero
1277 1131 1590 1188 Joachinius
1617 1129 1799 1183 minus
1829 1141 1888 1182 se
1918 1113 2117 1180 defen-

482 1277 484 1280 μ
517 1235 648 1289 dere
690 1233 891 1304 potuit,
921 1247 1044 1286 cum
1090 1243 1234 1284 anno
1279 1226 1559 1297 superiore
1601 1223 1668 1278 ab
1702 1221 1970 1278 Incarnat.
2005 1219 2115 1273 Do-

519 1324 652 1382 mini
688 1324 847 1390 1214,
882 1323 1068 1377 ultima
1097 1319 1268 1375 Martii
1293 1320 1434 1373 diem
1467 1317 1760 1373 clausisset
1785 1320 2114 1377 extremum,

521 1419 598 1474 uti
643 1417 878 1473 Jacobns
927 1414 1151 1470 Graecus
1202 1413 1378 1482 aperit
1425 1411 1478 1466 in
1536 1411 1654 1481 ejus
1707 1405 2114 1476 Chronologia,

520 1520 659 1567 sect.
685 1509 773 1565 56.
799 1508 1167 1564 Nihilominus
1187 1505 1255 1561 ab
1277 1503 1582 1560 octodecim
1608 1501 1768 1556 annis
1791 1497 2121 1554 condemna-

523 1605 728 1658 tionem
757 1615 908 1656 suam
943 1598 1244 1670 perSpieuis
1271 1597 1452 1653 verbis
1482 1594 1812 1666 prtedixerat
1843 1607 1988 1647 anno
2016 1589 2123 1645 sci-

523 1696 653 1750 licet
682 1693 843 1758 “97,
867 1692 1116 1762 quoipso
1145 1688 1536 1746 commentaria
1568 1687 1621 1741 in
1652 1684 1978 1741 Hieremiam
2010 1681 2123 1736 ela-

2209 484 2435 536 animam
2464 493 2627 535 luant.
2657 479 2700 532 Α
2726 475 3041 548 quibusdam
3068 471 3477 528 (listercirnsium
3514 469 3776 538 egre'lietttr

2211 575 2454 645 iniquitas
2484 573 2616 636 Ita'c,
2646 581 2699 624 ut
2725 571 2907 624 doctor
2947 566 3040 621 ille
3066 582 3169 620 non
3208 565 3474 634 propltetet
3515 562 3567 614 in
3600 561 3778 614 nomine

2213 667 2446 734 Domini,
2481 675 2529 720 et
2557 666 2611 718 itt
2644 679 2820 717 eorum
2852 659 3112 726 ntanibtts,
3143 656 3196 710 id
3223 665 3320 720 est,
3347 654 3579 726 operibus
3609 661 3652 706 et
3677 667 3783 705 cou-

2213 761 2348 816 ciliis
2399 759 2676 822 moriatur,
2734 754 2790 808 id
2835 763 2935 821 est,
2982 750 3302 821 reprobetur.
3357 746 3490 818 Ipsis
3538 744 3782 815 siquidem

2215 853 2507 926 agentibus
2541 853 2594 906 in
2643 847 2882 904 concilio
2911 843 3152 916 generali
3184 842 3472 896 damnatus
3515 845 3598 892 est
3645 835 3784 890 liber.

2219 947 2326 1001 Sed
2353 946 2479 1016 quid
2508 945 2628 997 inde
2651 940 2922 1011 sequitur?
2944 945 3004 992 ut
3023 949 3210 991 verum
3234 947 3368 988 vero
3391 939 3650 986 consonet
3669 943 3783 998 pra:-

2217 1039 2349 1096 dicit
2369 1039 2603 1093 lamenta
2614 1034 2774 1089 bilem
2798 1047 2983 1087 casum
3005 1025 3386 1084 Cisterciensis
3407 1024 3785 1092 ordinis,qnent

2220 1132 2424 1188 utinam
2451 1128 2658 1185 nostris
2685 1126 2860 1183 oculis
2885 1139 2994 1178 non
3019 1121 3319 1176 viderimus
3347 1136 3361 1170 :
3391 1116 3607 1171 Iuvenes
3631 1130 3790 1170 eorum

2219 1225 2509 1279 morientur
2532 1219 2733 1293 gladio,
2768 1215 3130 1273 etc.'.luvettes
3170 1221 3288 1267 sunt
3325 1211 3546 1282 priores,
3580 1207 3671 1276 ﬁlii
3699 1221 3792 1258 nio-

2221 1319 2398 1383 naclti,
2422 1317 2548 1387 ﬁlia:
2575 1312 2890 1369 monasteria
2913 1310 3060 1382 (qua:
3087 1321 3183 1377 per
3211 1305 3506 1360 liliationes
3531 1299 3792 1355 distributa

2221 1410 2400 1482 erant)
2441 1411 2520 1465 vel
2557 1406 2863 1463 obedientia:
2889 1417 3100 1466 eorum;
3128 1398 3283 1472 primi
3321 1398 3375 1451 in
3425 1394 3604 1466 gladio
3641 1392 3796 1461 reipu-

2223 1506 2370 1561 blicae
2413 1503 2599 1558 cadent
2654 1499 2730 1572 (id
2773 1507 2876 1568 est,
2922 1498 2977 1552 in
3027 1508 3220 1551 manus
3263 1486 3797 1553 comtnendatorum).

2225 1598 2477 1662 Secundi,
2518 1599 2573 1651 in
2615 1597 2751 1666 {ante
2777 1591 3032 1647 doctrina!
3066 1583 3361 1652 catholicae,
3395 1583 3673 1652 deﬁcient;
3698 1578 3803 1631 reli-

2225 1695 2380 1766 quiae,
2415 1698 2695 1764 potestates
2736 1687 2930 1741 scilicet
2974 1683 3196 1748 ordinis,
3227 1681 3280 1734 in
3324 1679 3527 1748 defectu
3572 1673 3802 1746 regularis

518 1787 755 1851 beravit,
801 1785 918 1855 ipso
961 1793 1122 1851 teste,
1156 1781 1284 1836 dum
1321 1780 1388 1835 ad
1427 1788 1588 1850 caput
1622 1777 1693 1832 24
1728 1776 1905 1831 dixit:
1942 1773 2153 1846 Agitur

2243 1784 2588 1842 observantia‘.
2632 1781 2885 1835 Iudaeam
2915 1778 3052 1833 enim
3086 1777 3287 1829 malum
3323 1788 3481 1839 super
3514 1770 3647 1824 viros
3679 1768 3800 1820 Aua-

521 1880 660 1934 enim
704 1893 842 1930 nunc
885 1876 1022 1931 1197
1056 1891 1249 1938 annus,
1282 1883 1389 1928 etc.
1425 1871 1717 1942 Prophetia
1763 1883 1895 1923 vero
1941 1872 2122 1922 exstat

523 1971 593 2026 ad
620 1980 784 2040 caput
815 1968 902 2034 Il,
934 1979 986 2022 et
1016 1977 1123 2021 tam
1155 1965 1440 2019 manifesta
1469 1972 1573 2029 est,
1605 1973 1662 2016 ut
1696 1961 1891 2015 librum
1923 1968 1978 2014 et
2009 1972 2121 2012 ma-

523 2066 720 2122 teriam
753 2063 877 2118 libri
904 2070 1090 2133 postea
1114 2058 1533 2126 condemnandi,
1564 2065 1912 2113 accusatores
1935 2053 2121 2109 itidem

526 2165 584 2213 et
635 2157 938 2211 Romanum
989 2153 1324 2222 pontiﬁcem,
1383 2151 1473 2221 qui
1529 2165 1653 2205 eum
1707 2146 2124 2204 condemnaturi

526 2259 705 2317 erant,
739 2247 974 2318 propriis
1008 2244 1283 2315 exprimat
1323 2242 1657 2298 nominibus.
1689 2242 1772 2298 Ad
1821 2239 1913 2295 illa
1958 2237 2126 2308 siqui-

528 2342 653 2397 dem
685 2339 849 2394 verba
878 2357 889 2390 :
929 2335 1133 2401 Venite,
1163 2336 1432 2389 mittamus
1461 2334 1663 2406 lignum
1695 2333 1745 2386 in
1775 2347 1962 2403 panem
1987 2333 2127 2402 ejus,

526 2439 575 2486 et
604 2429 879 2485 eradamus
909 2443 1026 2483 eum
1056 2426 1120 2479 de
1160 2437 1299 2481 terra
1345 2426 1649 2489 viventium,
1690 2431 1737 2479 et
1781 2439 1967 2476 nomen
2013 2423 2128 2492 ejus

527 2541 632 2580 non
682 2531 995 2578 memoratur
1035 2521 1283 2591 amplius,
1327 2520 1406 2575 sic
1450 2519 1572 2573 ait:
1619 2517 1843 2590 Lignum
1888 2513 2129 2569 scandali

528 2623 740 2688 portent,
783 2624 838 2668 ut
882 2629 1064 2668 sanam
1109 2611 1403 2664 doctrinam
1441 2609 1808 2680 exstinguant,
1853 2616 1901 2661 et
1947 2621 2131 2660 nomen

529 2708 761 2764 doctoris
804 2705 891 2759 ctti
935 2704 1247 2761 revelabitur
1295 2703 1550 2757 sententia
1599 2699 1838 2757 Danielis
1880 2707 2128 2756 evertant.
2165 2735 2172 2740 -

529 2801 581 2856 ls
607 2808 691 2854 est
715 2798 1030 2854 Joachimus
1058 2797 1198 2866 ipse,
1229 2796 1319 2864 qui
1351 2794 1727 2850 abditissimas
1753 2793 1992 2848 Danielis
2017 2806 2136 2862 pro-

531 2891 747 2960 phetias
769 2889 1046 2953 enodavit,
1069 2887 1135 2943 ad
1159 2902 1279 2956 cap.
1306 2902 1382 2942 sn
1412 2889 1586 2956 Apoc.
1607 2895 1665 2942 et
1688 2885 1840 2940 alibi.
1866 2882 2136 2938 Futurum

531 2989 607 3035 est
651 2981 789 3033 enim
814 3021 828 3046 ,
863 2989 915 3034 ut
944 2996 1174 3034 summus
1214 2979 1451 3050 pontifex
1495 2978 1761 3034 veritatem
1802 2975 2048 3045 insinuet,
2081 2985 2137 3030 ut

536 3088 671 3126 unus
718 3071 1015 3136 damnetur,
1051 3070 1103 3124 id
1130 3080 1223 3136 est,
1267 3071 1521 3124 moriatur
1569 3071 1752 3126 doctor
1782 3085 1876 3142 pro
1919 3070 2133 3141 populo,

537 3173 595 3219 ut
623 3181 727 3218 non
755 3172 863 3218 tota
901 3180 1022 3236 gens
1061 3173 1233 3234 pereat
1269 3165 1324 3217 in
1355 3180 1547 3218 errore.
1576 3164 1668 3220 Sic
1699 3163 1984 3218 Sedecltias
2015 3179 2139 3217 con-
2166 3143 2213 3208 Ο

539 3267 620 3313 tra
673 3255 991 3311 Hieremiam
1039 3258 1297 3330 insurgit;
1341 3261 1551 3314 damnat
1603 3260 1792 3314 librum
1835 3259 1989 3331 (quid
2031 3259 2143 3314 cla-

540 3349 718 3419 rius?)
745 3347 935 3401 scindit
976 3346 1277 3402 Trinitatem
1307 3350 1369 3402 ab
1403 3351 1597 3404 raritate
1637 3350 1724 3422 (cn
1757 3349 1973 3404 titulum
2020 3349 2143 3403 libri

539 3440 888 3512 expressum)
936 3450 980 3494 et
1013 3439 1262 3510 scalpello
1310 3441 1494 3496 scriba:
1540 3442 1845 3496 sententiam
1892 3441 2143 3504 doctoris,

543 3533 737 3589 alludit
765 3533 830 3587 ad
861 3531 992 3586 illud
1021 3546 1140 3600 cap.
1173 3547 1338 3586 xxxvi
1371 3532 1606 3587 IIiercm.
1643 3551 1655 3588 :
1685 3532 1914 3602 Cumque
1941 3533 2145 3606 legisset

543 3624 676 3680 ludi
720 3635 822 3678 tres
867 3620 1100 3695 pagellas
1139 3623 1216 3677 vel
1259 3633 1500 3690 quatuor,
1544 3625 1695 3678 scidit
1733 3624 1867 3679 illud
1909 3627 2145 3684 volumen
2191 3666 2196 3670 ι

545 3716 797 3789 scalpello
847 3715 1050 3769 scribaz.
1087 3714 1152 3768 Et
1193 3723 1312 3784 post
1345 3730 1554 3786 pauca:
1595 3713 1844 3789 Desiguat
1892 3735 2148 3774 summum

549 3809 848 3881 pontiﬁcem
874 3819 987 3880 post
1013 3805 1343 3862 Caelestinum
1372 3811 1610 3878 futurum
1640 3811 1947 3882 quicumque
1975 3813 2040 3865 sit
2063 3813 2151 3867 ille

548 3904 773 3972 (norunt
802 3915 996 3957 omnes
1025 3901 1401 3958 Innocentium
1435 3902 1529 3970 Ill,
1566 3903 1660 3974 qui
1694 3903 1891 3960 librum
1925 3905 2151 3962 damna-

550 3999 652 4061 vit,
687 3994 984 4050 C(elestino
1015 3994 1376 4068 sucressissc)
1407 4013 1440 4050 a
1482 4013 1580 4066 quo
1609 4001 1732 4068 quia
1776 3999 1928 4053 stella
1963 4000 2149 4067 dispa-

551 4087 680 4155 ruit,
714 4085 968 4142 nimirum
1013 4086 1139 4156 quia
1168 4084 1452 4142 Joachimo
1491 4097 1728 4158 mortuo,
1763 4091 1986 4146 claritas
2027 4107 2152 4146 scn—

555 4196 652 4236 sus
680 4180 799 4250 ejus
830 4179 1125 4250 disparuit,
1163 4179 1456 4252 spiritualis
1488 4183 1827 4255 intelligentia
1855 4186 2154 4256 exstingue-

558 4285 644 4329 tur
678 4275 732 4329 in
764 4274 904 4335 dolo,
936 4283 981 4329 et
1013 4289 1102 4346 per
1133 4274 1383 4328 invidiam
1414 4276 1672 4342 tradetur,
1701 4285 1748 4330 et
1785 4279 2036 4347 perimere
2066 4294 2154 4332 eoo

560 4369 762 4441 gitabit.
799 4366 955 4433 Quod
983 4376 1158 4420 autem
1201 4378 1642 4440 congregaverant
1669 4371 1938 4439 pontiﬁces
1973 4370 2155 4425 Eccle-

556 4461 776 4520 siarum,
810 4468 859 4512 et
895 4457 1153 4512 Plini-iaci
1184 4457 1424 4528 (scilicet
1464 4460 1725 4526 abbates,
1761 4462 1996 4530 priores,
2029 4463 2157 4518 reli-

2223 1880 2390 1946 tltotlt,
2419 1878 2614 1933 scilicet
2657 1890 2811 1946 super
2837 1872 3080 1944 pratiatos
3114 1869 3338 1939 majores
3379 1861 3799 1923 Cistercieusiunt,

2223 1988 2422 2027 annum
2469 1968 2776 2023 risitationis
2828 1981 3026 2029 eorum,
3062 1963 3256 2016 scilicet
3310 1955 3665 2012 tribulationis
3705 1954 3801 2005 int-

2223 2065 2419 2119 missw.
2451 2063 2558 2118 Sed
2594 2059 2952 2115 nihilominus
2981 2055 3210 2112 inferius
3239 2051 3305 2105 ad
3336 2057 3503 2120 caput
3533 2049 3604 2103 55
3629 2045 3798 2099 Iliere-

2226 2158 2350 2213 mia:
2403 2153 2819 2227 perpetuitatem
2878 2148 3124 2220 ejusdem
3178 2142 3393 2200 ordinis
3439 2141 3495 2196 in
3551 2135 3802 2192 nonnullis

2228 2251 2352 2306 liliis
2374 2250 2493 2319 ejus
2516 2245 2796 2318 praedicit;
2833 2259 2956 2298 nam
2985 2256 3107 2297 cum
3141 2236 3522 2309 prtemisissct,
3552 2233 3687 2303 quod
3720 2227 3809 2282 Jo-

2229 2343 2401 2398 nadab
2431 2341 2574 2411 ﬁlius
2621 2337 2826 2394 Rechab
2868 2334 3112 2406 prwcepit
3137 2332 3313 2385 vinum
3358 2344 3463 2382 non
3513 2324 3677 2380 bibere
3702 2321 3808 2389 ﬁliis

2230 2436 2358 2503 suis,
2393 2450 2484 2488 nec
2507 2434 2688 2487 dantes
2711 2438 3043 2491 construere;
3073 2425 3161 2479 sed
3202 2423 3255 2476 in
3299 2416 3647 2475 tabernaculis
3684 2411 3810 2466 ltabi-

2231 2537 2365 2591 tare,
2399 2526 2469 2580 ad
2498 2526 2558 2580 S.
2592 2522 2923 2578 Bernardum
2952 2534 3119 2573 sermo
3142 2515 3411 2585 dirigitur,
3445 2511 3540 2582 qui
3566 2519 3610 2564 et
3651 2521 3810 2561 mona-

2234 2621 2344 2675 cltis
2373 2619 2481 2674 suis
2532 2615 2956 2690 prtvdicationem
2997 2620 3043 2665 et
3085 2608 3413 2681 vagationem
3466 2599 3745 2674 prohibuit,
3775 2604 3812 2649 et

2234 2733 2322 2772 eos
2367 2713 2670 2783 simpliciter
2717 2711 2771 2764 in
2818 2705 3142 2762 monasteriis
3188 2701 3396 2756 subesse
3447 2695 3809 2770 prtccepit......

2239 2809 2389 2876 Quod
2419 2817 2588 2862 autem
2620 2805 2812 2858 dicitur
2857 2817 2958 2856 non
3008 2801 3188 2854 deesse
3233 2796 3300 2850 de
3331 2793 3533 2848 semine
3574 2784 3811 2848 Jonadalt,

2237 2905 2324 2973 qui
2353 2911 2512 2958 staret
2541 2915 2739 2966 semper
2771 2898 2823 2951 in
2866 2901 3149 2966 conspectu
3197 2887 3434 2950 Domini,
3473 2884 3676 2940 videtur
3697 2876 3815 2949 quod

2241 2995 2598 3052 Cistercicnsis
2641 2992 2825 3063 religio
2856 2990 2922 3043 sit
2958 2989 3013 3042 in
3044 2987 3199 3056 ﬁnem
3229 2997 3392 3052 usque
3421 2979 3606 3034 sreculi
3635 2989 3816 3048 proces-

2242 3104 2391 3142 sura.
2425 3087 2538 3154 Qua
2576 3098 2709 3139 sane
2740 3080 3094 3151 pra'diclione
3131 3075 3302 3146 prima
3331 3071 3579 3127 omnium
3608 3064 3815 3138 preplte-

2247 3189 2358 3235 tata
2408 3186 2491 3233 est
2545 3172 2897 3245 congregatio
2943 3171 3001 3228 S.
3059 3165 3320 3223 Bernardi
3362 3164 3429 3220 de
3481 3155 3815 3220 observantia,

2245 3283 2365 3339 qua:
2395 3267 2449 3321 in
2494 3265 2678 3337 regnis
2731 3261 3110 3333 lli-patriorum
3145 3257 3216 3312 ab
3257 3271 3403 3310 anno
3438 3251 3656 3309 Domini
3701 3249 3817 3339 ιιττ

2247 3334 2774 3425 institutumvctepit,
2806 3369 2926 3423 qua:
2954 3352 3067 3407 Deo
3115 3347 3336 3418 auspice
3381 3345 3442 3402 S.
3501 3344 3561 3399 Ρ.
3592 3334 3818 3398 Bernardi

2249 3450 2461 3505 meritis
2513 3449 2804 3518 pristinum
2855 3443 3067 3500 ordinis
3122 3440 3483 3511 splendorem
3541 3439 3818 3492 sustentat;

2247 3541 2449 3598 deinde
2469 3540 2813 3596 observantia
2845 3534 3286 3606 congregationis
3314 3531 3514 3594 ltalim,
3541 3543 3607 3584 ac
3632 3526 3819 3582 demum

2251 3633 2596 3690 Fulliensum
2631 3633 3027 3686 monachorum
3058 3625 3409 3687 rcl'ortnatio;
3443 3622 3648 3694 quibus
3672 3614 3822 3673 omni-

2249 3725 2349 3780 bus
2395 3723 2648 3780 elIectum
2683 3730 2784 3786 est,
2819 3732 2875 3776 ut
2923 3733 3188 3787 nusquam
3235 3716 3512 3770 hactenus
3543 3713 3611 3768 de
3638 3708 3821 3765 semine

2251 3814 2497 3870 Jonadab
2518 3829 2618 3870 seu
2648 3812 2894 3868 mellillui
2923 3809 3203 3877 Bernardi,
3229 3807 3502 3864 defecerit
3523 3803 3614 3877 qui
3642 3810 3740 3858 stet
3773 3798 3814 3851 in

2253 3917 2552 3976 conSpectu
2587 3907 2824 3962 Domini.

2330 3997 2398 4054 Ut
2418 4013 2548 4068 ergo
2566 4000 2632 4052 ad
2649 3998 2927 4067 superiora
2945 4009 3162 4051 recurro
3172 4008 3310 4062 mus,
3330 4006 3536 4048 sensus
3559 3985 3824 4062 prophetis

2256 4092 2450 4161 planus
2479 4098 2564 4147 est
2607 4107 2621 4146 :
2657 4091 2915 4146 nimirum
2966 4091 3084 4146 fore
3126 4097 3184 4144 ιιι
3216 4089 3268 4141 in
3309 4087 3434 4157 ejus
3480 4083 3721 4142 doctrina
3747 4076 3826 4132 lilii

2257 4185 2557 4251 Anathotb,
2601 4184 2652 4238 id
2691 4192 2796 4249 est,
2843 4182 3260 4246 Cistereienses,
3309 4177 3826 4234 scandalizarentur;

2258 4275 2405 4346 quod
2435 4274 2752 4330 scandalum
2785 4282 2844 4328 nt
2869 4273 3086 4329 sedaret
3124 4271 3445 4343 pontiticem
3478 4265 3830 4339 pronuntiatu-

2260 4381 2381 4420 rum
2413 4377 2668 4435 oportere
2715 4373 2772 4420 ut
2802 4378 2941 4420 unus
2985 4364 3336 4418 damnaretur
3380 4361 3436 4416 in
3474 4361 3620 4416 libro
3648 4357 3710 4412 de
3733 4353 3830 4408 Tri-

2263 4459 2449 4513 nitatis
2481 4458 2708 4526 unitate,
2759 4472 2924 4527 super
2951 4455 3107 4526 cujus
3149 4453 3515 4525 intelligentia
3545 4448 3826 4507 scandalum

563 4551 702 4621 giosi
723 4548 1112 4604 Cislcrcicnsis
1141 4547 1376 4620 ordinis)
1405 4551 1702 4617 concilium,
1737 4529 1963 4608 forsitan
1995 4569 2156 4624 gene-
2181 4529 2238 4591 D
2263 4563 2440 4608 ortum
2472 4563 2592 4608 erat
2621 4567 2634 4606 :
2665 4566 2786 4606 cum
2816 4564 2948 4605 vero
2997 4547 3306 4618 pontiﬁcem
3349 4562 3459 4600 non
3493 4531 3669 4600 Slium
3712 4540 3829 4594 lutuo

562 4643 702 4708 rale,
747 4650 914 4694 totum
952 4639 1020 4692 ad
1059 4638 1209 4693 illum
1251 4641 1515 4696 doctorem
1548 4645 1783 4698 veritatis
1824 4646 2160 4713 referendum

566 4743 662 4799 est,
703 4751 854 4806 quem
901 4745 1076 4788 sextus
1121 4732 1364 4788 describit
1407 4735 1650 4806 angelus,
1699 4738 1803 4790 imo
1842 4737 1936 4791 sub
1978 4754 2081 4807 quo
2106 4738 2160 4791 in

567 4842 727 4880 manu
755 4825 967 4881 alterius
995 4825 1168 4898 angeli
1189 4825 1321 4880 liber
1350 4826 1741 4882 demonstratur
1761 4830 1990 4884 veritatis
2011 4847 2164 4898 aper-

565 4929 669 4972 ttts.
700 4919 869 4974 Multo
902 4921 1016 4975 hate
1042 4918 1340 4976 illustriora
1374 4920 1678 4976 redduntur
1705 4938 1773 4976 ex
1803 4923 1884 4976 bis
1919 4939 2038 4991 qua:
2063 4924 2165 4976 itu-

571 5008 812 5066 mediate
856 5010 1159 5083 subjungit,
1192 5025 1473 5080 exponens
1523 5027 1756 5082 namque
1797 5012 1963 5066 verba
2023 5013 2112 5068 illa
2146 5030 2158 5067 :

570 5101 861 5174 Propterea
895 5102 1006 5160 ltwc
1046 5102 1175 5157 dicit
1206 5101 1463 5159 Dominus
1495 5103 1565 5157 ad
1590 5105 1728 5157 viros
1757 5103 2042 5171 Attat/tom,
2075 5107 2166 5177 qui

571 5207 812 5266 quierunt
849 5199 1078 5251 animum
1113 5207 1276 5261 tuam,
1319 5207 1367 5252 et
1408 5197 1586 5251 dicunt
1618 5212 1636 5251 :
1669 5196 1790 5251 Non
1830 5197 2165 5270 pt‘op/tctabis

571 5288 626 5341 in
675 5289 879 5342 nomine
923 5285 1154 5355 Domini,
1187 5298 1234 5343 et
1277 5290 1514 5343 morieris
1567 5289 1621 5343 in
1664 5289 1898 5343 manibus
1949 5293 2162 5346 nostris.

573 5377 862 5450 Pr0pterea
898 5380 1006 5435 lucc
1047 5383 1171 5436 dicit
1218 5382 1472 5437 Dominus
1507 5385 1875 5440 exercituum:
1909 5383 2047 5441 Ecce
2074 5402 2167 5455 ego

571 5474 786 5529 visitabo
825 5489 983 5544 super
1011 5490 1134 5538 eos;
1165 5476 1380 5545 juvenes
1410 5478 1698 5532 morientur
1725 5479 1778 5532 in
1813 5477 1993 5550 gladio
2017 5520 2030 5541 ,
2060 5479 2163 5549 ﬁlii

570 5581 750 5621 eorum
775 5575 819 5619 et
844 5566 970 5633 ﬁlice
1001 5565 1284 5619 morientur
1301 5567 1353 5620 in
1371 5568 1593 5636 fame,et
1623 5571 1854 5638 reliquia:
1881 5587 1984 5624 non
2014 5581 2165 5625 erunt

571 5675 637 5713 ex
657 5661 734 5713 eis
756 5673 772 5722 ;
798 5657 1041 5709 inducant
1067 5656 1201 5708 enim
1220 5658 1414 5711 malum
1436 5677 1589 5724 super
1607 5663 1739 5716 viros
1767 5662 2052 5729 Attat/roth,
2072 5681 2168 5717 att-

574 5766 694 5805 num
724 5747 1027 5804 uisitationis
1063 5763 1275 5815 eorum;
1308 5764 1606 5822 exponens,
1637 5752 1876 5826 inquam,
1917 5753 2055 5823 hinc,
2084 5754 2167 5814 sic

2264 4660 2382 4700 rum
2413 4659 2558 4708 esse,
2592 4659 2752 4713 quatn
2785 4657 2910 4698 eum
2948 4641 3040 4710 qui
3070 4639 3373 4696 leestino
3414 4635 3750 4694 succederet.
3793 4627 3830 4680 Is

2271 4751 2400 4791 vero
2423 4735 2521 4790 fuit
2548 4734 2901 4790 Innocentius
2932 4732 3032 4797 Ill,
3065 4731 3156 4801 qui
3186 4739 3380 4786 coacto
3424 4726 3668 4799 generali
3696 4722 3831 4778 Late-

2268 4830 2489 4886 ranensi
2539 4829 2794 4896 concilio,
2847 4827 2900 4882 in
2934 4841 3040 4894 quo
3087 4833 3288 4895 praeter
3317 4823 3389 4879 70
3418 4819 3834 4888 archiepiscopus

2268 4933 2322 4980 et
2351 4924 2459 4980 400
2498 4923 2803 4993 episcopos,
2855 4918 3131 4976 aﬂuerunt
3156 4917 3262 4972 800
3305 4915 3544 4970 abbatcs
3573 4924 3756 4982 magna
3779 4919 3834 4959 es

2271 5027 2424 5090 parte
2445 5014 2828 5073 Cisterciensis
2857 5012 3088 5078 ordinis,
3122 5011 3320 5066 librum
3343 5005 3619 5064 Joachimi
3646 5003 3710 5057 de
3735 4996 3836 5052 uni-

2269 5119 2382 5166 tate
2428 5109 2748 5171 Trinitatis,
2789 5105 3114 5176 quibusdam
3169 5117 3356 5158 eorum
3416 5092 3832 5170 suggerentibus.

2268 5202 2681 5259 condemnavit.
2716 5200 2819 5256 Ubi
2850 5209 3032 5255 tamen
3063 5195 3194 5252 illud
3225 5193 3530 5249 notandum
3567 5199 3668 5252 est,
3712 5180 3829 5255 quod

2270 5301 2367 5368 ait,
2403 5299 2630 5354 Damnat
2657 5299 2869 5362 librum,
2906 5294 3095 5350 scindit
3125 5292 3426 5347 Trinitatem
3453 5288 3521 5342 ab
3569 5285 3769 5343 unitate,
3794 5285 3832 5330 et

2269 5392 2517 5464 scalpello
2549 5391 2734 5446 scribat
2759 5389 3060 5444 sententiam
3097 5383 3346 5448 doctoris,
3378 5381 3602 5436 scilicet
3639 5372 3829 5432 scindit,

2275 5483 2534 5539 nimirum
2579 5483 2705 5554 quia
2758 5480 2886 5535 alibi
2937 5492 3089 5534 suam
3144 5473 3391 5530 declarat
3437 5468 3759 5526 sententiam
3789 5462 3831 5515 in

2274 5575 2468 5632 eodem
2518 5552 2656 5630 libro
2689 5592 2701 5626 :
2737 5571 2981 5643 qtttedam
3029 5565 3294 5638 siquidem
3357 5562 3526 5618 habet
3569 5577 3686 5632 qua:
3725 5552 3833 5610 satis

2273 5682 2398 5723 eunt
2431 5665 2496 5720 ad
2539 5665 2872 5721 Catholicutn
2901 5676 3120 5718 sensum
3153 5657 3375 5712 trahere
3401 5655 3682 5714 videnlur.
3710 5648 3748 5702 si
3771 5654 3832 5699 ta-

2273 5773 2396 5815 tneu
2429 5756 2474 5814 is
2502 5756 2594 5813 ille
2625 5755 2765 5813 liber
2796 5762 2901 5823 est,
2947 5753 3040 5824 qui
3073 5747 3396 5808 Psalteriqu
3443 5738 3826 5802 decachordun
