3908 6268
139 227 234 287 635
1035 228 1081 286 ἐν’

1180 229 1707 289 APOLOGETICUS
1742 231 1882 291 PRO
1917 236 1981 295 L.
2023 237 2327 297 DEXTRO.

3302 246 3409 306 626

141 354 477 443 nuncupatur,
519 346 662 443 alias
690 345 779 443 ιιι-
797 346 994 403 unitate
1018 346 1313 443 Trinitatis.
1342 351 1503 419 Quod
1544 352 1590 407 si
1622 352 1704 407 di-
1729 356 1785 418 Α
1808 356 2059 415 oculatus
2100 363 2261 417 testis
2288 378 2415 422 esse
2456 366 2662 439 nequit,
2694 382 2816 426 cum
2843 383 3088 427 errorem
3113 374 3405 443 quemdam

144 455 308 498 versus
334 438 400 495 ab
425 453 492 494 eo
518 437 647 504 fuit,
680 438 811 494 satis
836 454 901 495 ex
928 448 996 497 eo
1030 440 1255 496 vitiatus
1289 443 1531 509 videtur,
1560 445 1704 516 quod

140 532 433 592 sententiam
455 530 953 598 catholicam,data
978 548 1145 603 opera
1174 536 1229 589 in
1257 534 1546 604 Psalterio,
1581 552 1702 606 pro-

141 635 398 697 pugnatam
426 622 678 694 reliquit.
721 622 801 680 lbi
843 622 1134 695 siquidem,
1169 626 1269 682 lib.
1302 643 1341 694 ι,
1375 627 1503 683 dist.
1540 628 1591 693 l,
1624 628 1707 683 in-

139 722 236 790 quit
260 735 275 772 :
303 717 485 773 Omnes
509 716 610 772 Itoc
641 734 747 772 una
772 734 916 786 rore,
941 720 1393 791 unayonfessione
1430 720 1658 789 fatentur
1683 737 1704 775 :

142 813 221 871 Est
240 814 367 868 Deus
391 828 530 867 unus
560 812 676 867 sine
703 813 1009 883 confusione
1037 829 1420 883 personarum;
1452 814 1621 868 trinus
1648 814 1704 868 in

140 905 341 978 personis
380 905 489 959 sine
528 903 777 958 divisione
814 904 1139 958 substantiis.
1183 904 1251 959 Et
1300 917 1492 959 rursus
1524 919 1540 960 :
1576 902 1704 960 [lac

138 997 390 1052 substantia
412 1011 530 1065 qua:
554 994 695 1051 Dens
715 1004 811 1058 est,
838 1012 941 1050 una
961 1006 1057 1064 est,
1086 1004 1137 1051 et
1157 1012 1359 1050 summe
1383 1012 1510 1065 una,
1533 1003 1583 1050 et
1610 1011 1702 1050 su-

138 1106 216 1161 p.11
237 1104 379 1158 quam
400 1087 509 1140 dici
552 1087 714 1156 possit
752 1086 978 1158 simplex
1000 1096 1097 1153 est,
1124 1095 1175 1140 ct
1207 1103 1313 1141 una
1355 1098 1583 1141 natura:
1612 1102 1705 1142 nec

138 1198 353 1253 regamus
380 1179 685 1236 Trinitatem
734 1180 789 1234 in
822 1181 975 1235 unius
1010 1180 1335 1249 confessione
1377 1179 1700 1246 substantitc,

136 1276 211 1331 scd
234 1275 446 1345 partiatur
475 1274 777 1340 scissiones,
809 1289 939 1343 quas
978 1273 1207 1328 carnalis
1248 1274 1347 1327 sibi
1377 1273 1529 1345 lingit
1548 1273 1704 1328 intel-

138 1371 292 1435 lectus,
328 1369 718 1423 borremus.....
776 1366 903 1422 Tres
931 1368 1106 1437 itaque
1135 1384 1297 1422 unum
1317 1375 1437 1422 sunt
1465 1375 1516 1421 et
1538 1383 1703 1421 unum

138 1473 254 1527 tres;
278 1477 375 1515 non
405 1461 562 1515 divisi
588 1468 807 1525 natura,
846 1470 902 1514 ut
939 1470 1101 1527 terra,
1141 1476 1277 1531 aqua
1313 1469 1363 1514 et
1405 1460 1576 1532 ignis;
1600 1475 1703 1514 non

136 1569 433 1624 personarum
464 1552 839 1624 disjnnctione,
863 1560 919 1607 ut
949 1563 1050 1606 tres
1091 1553 1321 1606 homines
1343 1550 1580 1624 ejusdem
1607 1567 1703 1605 na-

134 1656 259 1702 tura.
289 1647 348 1701 Et
394 1644 627 1701 inferius
662 1663 677 1700 :
729 1644 881 1701 Unde
925 1655 973 1700 et
998 1645 1306 1714 simpliciter
1348 1644 1543 1698 dicitur
1592 1659 1703 1699 esse

1808 448 1990 506 abbati
2021 463 2213 509 sancto
2239 455 2500 529 impingat
2527 460 2806 533 (nimirum
2831 463 3106 533 apostolos
3134 479 3245 520 non
3269 479 3405 535 pra:-

1808 538 2019 597 dicasse
2044 544 2562 619 Evangeliumjuxta
2590 553 2933 623 spiritualetn
2960 555 3401 628 intelligentiam,

1808 632 1903 685 sed
1938 642 2146 691 tantum
2190 642 2491 697 secundum
2522 645 2780 717 litteram)
2833 655 2890 702 et
2934 657 3115 704 tamen
3159 660 3399 719 asserat,

1808 724 1935 782 eum
1960 742 2020 783 se
2050 730 2103 783 in
2137 730 2245 785 illis
2268 735 2525 802 operibus
2555 752 2663 792 non
2694 738 2985 806 reperisse.
3011 740 3107 797 sed
3130 742 3202 797 ita
3225 758 3255 797 a
3273 741 3405 799 Gui-

1806 820 1950 878 done
1977 824 2258 880 carmelita
2290 826 2359 883 de
2388 843 2456 883 eo
2492 831 2668 886 notari
2698 851 2711 885 :
2750 834 2923 898 Quare
2951 835 3194 904 ﬁdamus,
3220 836 3317 906 ait,
3348 836 3403 891 in

1806 913 1906 969 hac
1931 923 2079 985 parte
2105 914 2360 974 Guidoni.
2392 918 2508 975 Non
2555 923 2687 978 satis
2729 923 2970 980 demiror
3019 926 3152 981 tanti
3182 926 3283 982 viri
3311 928 3401 997 ju-

1806 1006 2031 1062 dicium.
2065 1009 2280 1080 Ergone
2335 1019 2443 1065 tam
2475 1012 2597 1069 leve
2634 1017 2909 1085 negotium
2961 1017 3246 1088 agebatur,
3292 1028 3400 1073 tam

1808 1100 1961 1155 nihili
1989 1100 2236 1157 ducenda
2265 1112 2387 1158 erat
2411 1105 2667 1161 catholici
2715 1106 2951 1163 hominis
2979 1110 3139 1174 fama,
3170 1119 3229 1165 ut
3259 1110 3311 1165 in
3342 1126 3402 1166 re

1804 1206 1927 1262 qum
1970 1194 2024 1248 in
2073 1196 2292 1266 scriptis
2343 1211 2451 1252 non
2511 1198 2837 1267 constabat,
2886 1198 3163 1256 ﬁdentium
3222 1201 3404 1271 potius

1805 1293 1951 1355 esset
1982 1284 2096 1352 uni,
2123 1302 2286 1357 quem
2317 1290 2462 1343 unde
2510 1288 2562 1345 id
2595 1294 2760 1346 sciret
2789 1292 3092 1360 nesciebat,
3117 1306 3275 1363 quam
3306 1292 3403 1348 ho-

1805 1378 1926 1431 nori
1970 1377 2311 1434 innocentis?
2357 1378 2627 1437 Cmterum
2671 1381 2896 1438 dubium
2950 1383 3083 1438 mihi
3133 1400 3243 1440 non
3294 1394 3401 1452 cst,

1804 1480 2091 1538 perperam
2144 1468 2493 1525 intellexisse
2541 1470 2846 1528 Guidenctn
2881 1482 2994 1529 tres
3042 1473 3168 1529 illos
3214 1474 3403 1529 mundi

1804 1566 1983 1614 status
2010 1573 2149 1629 quos
2174 1561 2346 1617 abbas
2384 1571 2605 1619 sanctus
2654 1578 2801 1635 sape
2844 1565 2898 1618 in
2928 1565 3041 1620 suis
3071 1566 3289 1636 scriptis
3318 1566 3401 1621 in-

1804 1652 2004 1721 culcat,
2034 1668 2265 1723 quorum
2296 1654 2505 1725 primus
2532 1656 2602 1711 ab
2626 1656 2799 1713 Adam
2831 1670 3001 1726 usque
3026 1657 3094 1712 ad
3126 1657 3399 1713 Christum

137 1755 248 1793 suus
278 1739 364 1808 qui
396 1748 473 1793 est
510 1738 764 1793 reruciler
801 1738 969 1793 trinas
1007 1738 1174 1793 Deus.
1218 1737 1285 1792 Et
1322 1748 1439 1809 post
1479 1751 1650 1807 pauca
1684 1755 1696 1789 :
1730 1738 1779 1798 Β
1805 1743 2141 1809 extenditur,
2188 1745 2465 1801 secundus
2509 1761 2539 1801 a
2568 1746 2794 1802 Christo
2834 1761 3007 1819 usque
3050 1747 3117 1803 ad
3156 1758 3400 1819 tempora

137 1830 456 1899 Cauﬁteamur
496 1829 858 1885 Deum‘unum
895 1839 944 1885 et
982 1846 1181 1886 summa
1218 1846 1380 1885 unum
1392 1846 1411 1896 ;
1441 1830 1698 1899 ean/itea-

135 1939 229 1976 tuur
265 1923 448 1978 trinum
485 1932 535 1977 et
579 1923 828 1978 veraciter
873 1924 1069 1978 trinum
1108 1938 1128 1979 :
1160 1931 1216 1979 et
1242 1922 1416 1978 multa
1449 1923 1504 1978 in
1553 1923 1700 1978 hunc

134 2014 345 2082 nodum,
369 2030 493 2085 qua:
522 2023 672 2070 certe
702 2014 1029 2071 catholicam
1058 2014 1364 2071 doctrinam
1393 2017 1697 2082 continent,

135 2117 181 2164 et
201 2123 309 2164 cum
336 2110 414 2166 eis
442 2117 597 2165 stare
624 2108 836 2179 nequit,
862 2107 1008 2180 quod
1033 2107 1336 2164 crediderit
1371 2122 1480 2163 non
1521 2106 1699 2173 majo-

136 2217 229 2258 retn
261 2217 375 2259 esse
414 2203 687 2259 unitatem
732 2186 1056 2257 substantia:
1098 2202 1261 2258 trium
1297 2214 1698 2272 personarum,

133 2310 269 2364 quam
306 2296 603 2351 multorum
653 2294 935 2349 hominum
979 2295 1123 2349 inter
1161 2307 1248 2359 se,
1277 2301 1372 2349 aut
1418 2293 1701 2349 hominum

131 2404 232 2448 cum
252 2390 385 2449 Deo:
414 2388 725 2461 quiuitan
749 2387 971 2458 quando
995 2388 1080 2443 his
1099 2385 1548 2443 similitudinibus
1572 2399 1702 2440 usus

132 2482 284 2538 estad
330 2470 714 2553 explicandam
756 2479 1022 2534 unitatem
1066 2476 1374 2544 Trinitatis,
1432 2475 1703 2548 praemisit

133 2574 347 2643 exempla
375 2588 507 2629 esse
535 2570 824 2627 dissimilia
859 2587 874 2624 :
910 2570 1201 2637 Quomodo,
1227 2570 1327 2636 ait,
1366 2578 1424 2623 ut
1451 2584 1554 2623 nou
1592 2583 1700 2623 rem

134 2666 347 2732 similem,
376 2667 468 2720 sed
497 2666 802 2720 dissimilem
825 2664 996 2719 dicam
1019 2706 1035 2731 ,
1062 2664 1223 2719 tribus
1251 2663 1397 2719 Iuda
1417 2706 1434 2729 ,
1459 2673 1509 2719 et
1537 2662 1701 2719 tribus

135 2754 397 2829 Benjamin,
438 2767 495 2813 et
534 2757 701 2812 tribus
737 2755 864 2810 Levi
900 2773 1035 2811 unus
1072 2756 1300 2828 populus
1338 2756 1491 2811 dictat
1525 2765 1647 2811 sunt
1680 2772 1699 2816 :

133 2865 267 2920 neque
288 2851 421 2906 enim
464 2864 586 2905 cum
615 2849 735 2904 dico
774 2865 910 2904 unus
938 2849 1203 2922 papulas,
1230 2856 1477 2921 quartum
1501 2849 1701 2917 aliquid

134 2945 337 3015 estigne;
361 2946 451 3000 sed
477 2944 598 2998 dico
617 2943 755 3012 quod
778 2944 951 2998 unitas
975 2952 1053 2999 est
1078 2944 1131 2998 in
1158 2941 1265 2998 illis
1288 2941 1478 3008 tribus,
1498 2950 1546 2996 et
1564 2943 1704 3013 quod

136 3052 215 3089 son
237 3038 331 3090 sint
370 3038 572 3102 scisse,
616 3032 697 3088 vel
740 3033 917 3089 άὶεἰσιε
943 3052 976 3087 a
1023 3034 1178 3089 domo
1208 3031 1399 3097 David,
1441 3033 1700 3103 quomodo

136 3131 315 3202 reliquie
339 3133 519 3187 decem
547 3132 735 3187 tribus.
767 3130 954 3188 Solum
987 3129 1153 3209 igitur
1188 3129 1588 3185 exsecrabatur
1609 3142 1697 3183 as-
1729 3105 1777 3170 C

134 3236 349 3282 serentes
380 3237 586 3297 praeter
613 3234 726 3282 tres
755 3237 1015 3294 personas
1047 3237 1171 3278 esse
1201 3231 1455 3296 quagtum
1484 3221 1700 3291 aliquod

136 3315 380 3387 (nimirum
411 3319 659 3375 divinam
703 3315 1086 3386 substantiam)
1125 3330 1186 3371 re
1216 3317 1332 3387 ipsa
1373 3313 1444 3369 ab
1473 3314 1554 3369 eis
1582 3312 1701 3368 dis-

140 3408 362 3477 tinctam;
393 3409 545 3481 quod
571 3409 755 3465 forsan
784 3407 996 3478 aliquos
1022 3407 1105 3462 sui
1131 3405 1395 3476 temporis
1423 3404 1705 3475 theologos

139 3515 414 3561 asserentes
441 3504 689 3570 audivit;
727 3516 854 3558 nam
889 3500 970 3556 ait
999 3519 1013 3553 :
1039 3498 1171 3555 Item
1199 3498 1339 3569 quod
1374 3497 1459 3553 Itis
1487 3498 1705 3570 nequius

140 3606 216 3660 est,
237 3598 396 3652 nescio
417 3599 525 3652 tria
545 3605 739 3669 printer
751 3594 1117 3659 substantiam,
1148 3608 1280 3648 nova
1299 3592 1600 3646 adiacentia
1615 3607 1674 3646 as
1690 3623 1703 3633 -

139 3687 312 3755 signare
355 3687 712 3759 prmampsit,
759 3686 812 3741 in
861 3699 1002 3755 quos
1043 3683 1314 3739 exclamat
1347 3700 1361 3736 :
1403 3681 1448 3736 0
1474 3683 1706 3736 humana

138 3781 387 3845 temeritas.
428 3796 591 3852 quam
628 3794 769 3834 circa
794 3778 1026 3850 semper!
1054 3777 1098 3830 0
1129 3776 1340 3830 inimica
1368 3791 1569 3847 semper
1594 3775 1705 3845 pie-

139 3871 216 3923 tati
233 3874 558 3945 praasuvnptio
583 3872 605 3926 !
641 3875 688 3925 si
711 3872 787 3926 sic
811 3871 1119 3925 existimasti
1150 3870 1436 3942 simplicem
1481 3869 1708 3923 divinam

137 3961 461 4031 substantiam,
510 3974 569 4019 ut
616 3980 848 4020 seorsum
864 3951 904 4016 la
936 3966 1168 4032 personis
1213 3960 1517 4032 cogitaveris
1560 3961 1709 4015 illam

141 4054 248 4123 (hoc
269 4065 365 4123 est,
391 4056 707 4114 credideris
732 4052 1070 4121 distinctam)
1123 4052 1415 4109 Sabellium
1443 4050 1538 4105 sub
1566 4051 1696 4105 Aria

140 4146 341 4215 palliasti
365 4166 384 4205 :
411 4151 457 4204 si
483 4164 717 4204 seorsum
738 4146 1060 4201 «substantia
1084 4153 1185 4200 tres
1215 4159 1485 4216 personas,
1510 4142 1694 4196 Arium

141 4238 217 4290 sub
267 4239 475 4297 Sabellii
541 4240 849 4311 palliatione
916 4253 1150 4293 excusas.
1230 4234 1414 4291 Verba
1477 4234 1596 4290 haec
1653 4234 1708 4289 in

144 4329 328 4390 Petrum
358 4335 729 4393 Lomhardum
767 4333 911 4389 dicta
956 4333 1343 4404 iudicaverunt
1372 4330 1495 4401 ejus
1533 4344 1707 4386 temu-

144 4422 192 4491 li,
212 4436 382 4497 utpote
404 4430 501 4501 qui
531 4430 588 4486 iu
612 4444 652 4497 ι,
683 4427 811 4483 dist.
856 4427 914 4497 5,
946 4426 1147 4482 dixerit
1170 4426 1414 4482 divinam
1459 4425 1712 4482 substan-

1802 1833 1860 1891 S.
1895 1835 1957 1890 P.
1988 1834 2291 1900 Benedicti,
2318 1837 2510 1892 tertius
2533 1837 2603 1892 ab
2623 1853 2691 1893 co
2712 1853 2882 1908 usque
2911 1840 2980 1894 ad
2999 1839 3161 1895 ﬁnem
3186 1841 3402 1907 mundi;

1801 1936 1857 1983 et
1887 1927 1941 1983 in
1971 1927 2149 1998 primo
2178 1928 2381 1985 vixisse
2415 1928 2667 1985 homines
2715 1931 3015 1986 secundum
3047 1946 3304 1997 carnem;
3346 1931 3401 1987 in

1802 2018 2046 2075 secundo
2067 2018 2263 2090 partim
2288 2020 2343 2075 in
2367 2036 2554 2087 carne,
2588 2022 2786 2093 partim
2816 2024 2869 2079 in
2896 2024 3127 2094 spiritu;
3156 2024 3208 2080 in
3239 2025 3399 2080 tertio

1802 2111 2102 2170 secundum
2158 2114 2333 2169 solum
2372 2114 2646 2183 spiritum.
2704 2115 2782 2173 De
2825 2115 2911 2171 his
2959 2117 3236 2189 praecipue
3289 2118 3402 2189 agit

1802 2219 1924 2277 cap.
1960 2206 2011 2260 5.
2047 2205 2343 2262 introduct.
2376 2206 2428 2262 in
2475 2208 2727 2279 Apocal.,
2761 2218 2816 2265 et
2846 2225 2912 2266 ex
2956 2209 3203 2279 professo
3231 2210 3329 2266 lib.
3359 2225 3401 2266 tt

1802 2294 2147 2361 Concordim,
2182 2307 2342 2353 tract.
2370 2297 2422 2364 ι,
2451 2312 2481 2353 a
2513 2301 2691 2371 capite
2718 2299 2752 2355 5
2773 2310 2829 2356 et
2869 2299 3148 2371 deinceps.
3183 2301 3260 2358 Ex
3288 2316 3398 2373 quo

1805 2385 1995 2444 inferri
2042 2388 2331 2445 videbatur
2383 2404 2557 2460 uSquc
2610 2391 2676 2445 ad
2726 2390 2786 2447 S.
2859 2391 3214 2451 Benedictum
3289 2407 3397 2448 non

1804 2478 2005 2535 vixisse
2032 2478 2283 2535 homines
2313 2496 2448 2551 pure
2493 2481 2792 2537 secundum
2838 2483 3121 2554 spiritum;
3167 2484 3323 2554 quasi
3354 2483 3400 2539 is

1803 2569 2016 2641 primus
2048 2571 2347 2641 Spiritualis
2378 2571 2750 2644 intelligentia:
2797 2573 3076 2646 Evangelii
3131 2574 3399 2644 praedica-

1805 2672 1892 2718 tor
1918 2662 2104 2729 fuerit,
2132 2673 2316 2720 etnon
2339 2666 2593 2736 apostoli.
2625 2669 2696 2721 At
2723 2682 2855 2745 vero
2898 2668 2945 2722 si
2988 2676 3237 2723 auctores
3260 2683 3403 2737 prm-

1802 2756 1899 2814 fati
1932 2767 2140 2813 attente
2186 2756 2432 2828 legerent
2459 2758 2724 2815 Joachiuti
2764 2760 2987 2831 scripta,
3020 2776 3128 2815 nott
3180 2759 3405 2817 incidis-

1801 2858 1926 2905 sent
1963 2851 2015 2904 iu
2048 2858 2157 2904 tam
2190 2850 2533 2907 manifestam
2569 2852 2923 2922 ignorantiam
2952 2870 2966 2907 :
2997 2853 3158 2923 longe
3178 2862 3230 2909 et
3253 2854 3399 2909 enim

1802 2941 1949 2997 aliud
1992 2942 2246 3011 intendit,
2292 2956 2347 2998 ut
2381 2944 2499 3016 ipse
2544 2961 2604 3001 sc
2629 2946 2890 3016 explicat,
2936 2956 3047 3002 tum
3078 2947 3231 3013 alibi,
3277 2957 3395 3003 tum

1803 3034 2079 3105 pru'cipuc
2109 3034 2205 3090 lib.
2238 3051 2291 3091 tv
2320 3034 2591 3093 Concord.
2626 3052 2750 3109 cap.
2774 3039 2828 3104 ὅ,
2861 3039 3118 3094 nimirum
3145 3040 3201 3093 in
3229 3039 3401 3111 primo

1807 3135 1948 3180 statu
1975 3127 2298 3198 pra'cessisse
2344 3128 2516 3184 solum
2561 3131 2936 3203 signiﬁcantia,
2961 3133 3087 3204 quia
3118 3133 3300 3188 omnia
3347 3132 3402 3188 in

1809 3220 1980 3290 ﬁgura
2007 3217 2314 3275 futurorum
2341 3223 2731 3294 contingebant
2776 3223 2883 3279 illis
2914 3241 2926 3277 :
2956 3225 3008 3279 in
3034 3226 3261 3279 sectmdo
3284 3241 3404 3279 suc-

1808 3311 1997 3364 cessit'e
2019 3311 2391 3384 signiﬁcantia,
2424 3321 2473 3367 et
2504 3313 2796 3388 signi/irata
2828 3331 2848 3371 :
2875 3331 2997 3392 qua:
3024 3309 3170 3371 eniti)
3200 3316 3403 3387 scripta

1808 3413 1936 3458 sunt
1981 3405 2035 3457 in
2082 3418 2224 3458 novo
2253 3403 2631 3473 Testamento,
2684 3406 2988 3478 signiﬁcata
3035 3418 3161 3463 sunt
3189 3423 3287 3478 per
3315 3422 3406 3464 res

1808 3486 2044 3568 prioris;
2100 3497 2586 3572 signiﬁcarantque
2641 3501 2747 3556 alia
2803 3500 3063 3572 deinceps
3120 3502 3299 3557 futura
3348 3502 3403 3557 in

1809 3605 1975 3646 sensu
1998 3590 2266 3661 spirituali
2300 3608 2314 3645 :
2344 3592 2400 3646 in
2428 3593 2579 3647 tertio
2602 3593 2825 3663 denique
2867 3595 3054 3648 amotis
3098 3595 3404 3666 signi/icon-

1810 3681 1947 3735 tibus
1974 3689 2153 3735 secuta
2174 3698 2285 3737 esse
2309 3684 2661 3738 tantummodo
2692 3684 2993 3754 signiﬁcata
3023 3700 3042 3740 :
3071 3685 3203 3740 nihil
3232 3686 3404 3756 siqui-

1810 3771 1935 3829 dem
1965 3788 2153 3828 eorum
2179 3789 2299 3844 qua:
2329 3785 2456 3830 tunc
2476 3775 2755 3844 accidunt,
2781 3776 2868 3832 vel
2889 3776 3162 3842 accident,
3190 3777 3403 3832 desumi

1810 3872 1994 3936 potest
2021 3874 2291 3935 tamquam
2342 3866 2510 3936 ﬁgura
2543 3865 2773 3936 alicujus
2802 3865 2883 3921 rei
2934 3867 3148 3921 futurae.
3179 3867 3246 3921 Et
3297 3866 3402 3922 hoc

1812 3955 2054 4010 inuuitur
2078 3970 2203 4011 cum
2231 3955 2454 4022 dicitur,
2490 3956 2540 4010 in
2570 3957 2744 4026 primo
2774 3966 2948 4011 totum
2976 3970 3104 4013 esse
3152 3973 3398 4025 carnem,

1811 4048 1864 4104 id
1921 4058 2026 4115 est,
2070 4047 2317 4118 ﬁguram,
2366 4062 2463 4104 seu
2516 4049 2766 4119 spiritum
2833 4048 3139 4106 futurorum
3172 4052 3263 4107 :in
3296 4060 3406 4107 ter-

1815 4141 1890 4198 tio
1932 4140 2067 4196 nihil
2121 4154 2245 4196 esse
2285 4138 2429 4211 quod
2472 4141 2642 4210 figura
2682 4141 2774 4207 sit,
2822 4141 2918 4197 sed
2958 4141 3140 4198 omnia
3189 4157 3311 4199 esse
3340 4145 3405 4199 ﬁ-

1811 4243 2025 4307 gurata,
2069 4232 2224 4306 quasi
2273 4234 2527 4305 spiritum
2578 4235 3014 4306 praeteritorum;
3052 4252 3174 4293 cum
3222 4246 3405 4294 tamen

1814 4329 1869 4384 in
1899 4325 2139 4384 secundo
2169 4335 2457 4397 utrumque
2500 4328 2661 4382 simul
2690 4326 2998 4398 reperiatur
3034 4338 3253 4399 propter
3279 4331 3406 4384 novi

1814 4418 2151 4476 Testamenti
2180 4419 2589 4487 excellentiam,
2623 4419 2768 4490 quod
2790 4418 2859 4474 ad
2885 4419 3058 4490 ipsum
3086 4431 3316 4490 Spectat,
3351 4421 3407 4476 in

146 4487 450 4592 tiam-neque
478 4487 722 4593 genitam
748 4487 912 4591 esse;
946 4533 1125 4590 neque
1153 4517 1573 4590 procedentem,
1605 4532 1704 4574 ue-
1734 4487 1791 4548 Β
1814 4531 1922 4587 quo
1944 4527 1999 4572 ct
2020 4516 2271 4588 spiritum
2301 4516 2727 4586 praeteritorum,
2754 4525 2811 4573 et
2837 4516 3064 4589 ﬁguram
3096 4515 3407 4571 futurorum

149 4622 236 4678 nuc
284 4625 666 4681 generantem;
705 4608 1024 4670 Joachimus
1084 4621 1268 4668 tamen
1320 4626 1445 4667 eum
1486 4611 1709 4684 preprio

147 4704 332 4760 nomine
357 4723 465 4764 non
485 4706 791 4778 expressit;
813 4703 961 4776 quod
982 4701 1029 4759 si
1059 4702 1286 4759 forsitan
1310 4703 1364 4757 in
1382 4718 1505 4759 eum
1529 4704 1709 4758 invec-

149 4802 223 4849 tus
241 4808 339 4865 est,
369 4800 421 4856 in
469 4816 596 4855 cum
643 4812 869 4854 sensum
918 4796 1084 4853 verba
1124 4795 1242 4867 ejus
1286 4795 1521 4865 accepit,
1555 4793 1709 4866 quasi

149 4886 352 4944 voluerit
377 4890 741 4949 substantiam
762 4887 1000 4944 divinam
1032 4901 1139 4942 non
1158 4899 1285 4942 esse
1306 4899 1427 4941 eam
1446 4899 1564 4940 rem
1590 4899 1710 4955 quae

147 4985 216 5030 est
238 4982 426 5049 genita,
459 4991 554 5036 aut
578 4994 874 5052 generans,
901 4987 995 5034 aut
1021 4976 1351 5049 procedens;
1382 4975 1528 5046 quod
1558 4991 1709 5032 erro-

151 5080 289 5126 neum
316 5083 457 5127 esset
484 5086 780 5129 asserere:
811 5085 937 5125 cum
965 5078 1147 5127 tamen
1178 5069 1233 5123 in
1276 5081 1443 5123 sensu
1491 5066 1708 5123 formali

150 5165 288 5219 verba
326 5168 575 5239 magistri
602 5166 918 5237 accipienda
949 5167 1081 5222 sint.
1115 5163 1229 5222 Sed
1252 5162 1321 5218 de
1352 5156 1438 5218 his
1476 5162 1708 5219 aliorum

150 5264 249 5309 esto
288 5256 572 5327 judicium,
621 5257 757 5315 mihi
798 5264 888 5314 sat
932 5257 1007 5313 sit
1054 5256 1411 5312 intentionem
1443 5254 1709 5312 Joaehitni

153 5355 312 5403 sanam
340 5349 527 5418 fuisse,
562 5361 613 5406 et
640 5364 809 5420 super
836 5348 939 5406 hac
964 5355 1239 5405 suammct
1276 5345 1626 5403 alllictiouem
1655 5356 1712 5404 ct

155 5433 527 5498 damnationem
558 5442 897 5513 pradixisse.

213 5531 375 5603 Atque
400 5536 520 5592 haec
549 5534 605 5591 in
644 5536 869 5607 gratiam
899 5533 1114 5592 Barooii
1158 5532 1303 5589 dicta
1330 5533 1461 5602 sint,
1494 5533 1717 5589 adducti

158 5631 183 5672 δ
210 5620 463 5684 Pennotto
490 5631 545 5685 in
574 5630 1083 5685 condemnationem
1114 5626 1407 5683 Joachimi.
1436 5625 1543 5684 Sed
1586 5641 1717 5684 vero

162 5710 443 5785 Alphonsus
474 5721 542 5777 de
563 5721 755 5779 (ἔρδει-ο
782 5707 973 5781 doctus
1019 5719 1261 5790 alioquin
1293 5717 1393 5785 vir,
1428 5718 1714 5777 manifeste

1812 4608 2055 4681 reperire
2100 4608 2250 4664 licet.
2280 4606 2436 4677 Quod
2462 4608 2507 4664 si
2538 4608 2607 4665 de
2633 4624 2701 4665 eo
2731 4608 3044 4675 admiraris,
3074 4605 3220 4679 quod
3263 4605 3411 4662 tertii

1811 4710 1986 4757 status
2038 4701 2252 4757 initium
2308 4701 2489 4772 potius
2538 4716 2570 4755 a
2622 4710 2812 4756 sancto
2871 4699 3183 4766 Benedicto,
3244 4714 3406 4769 quam

1793 4794 1882 4871 ab
1955 4792 2076 4850 aliis
2147 4793 2349 4849 sanetis
2419 4792 2542 4849 novi
2618 4792 2950 4848 Tcstamenti
3013 4791 3275 4861 accipiat,
3354 4791 3409 4845 in

1815 4896 2068 4957 promptu
2117 4895 2238 4953 est,
2287 4884 2431 4957 quod
2479 4884 2576 4941 tibi
2625 4884 2983 4956 respondeam
3045 4898 3112 4939 ex
3162 4884 3407 4940 doctrina

1818 4979 2114 5046 Coacord.,
2172 4978 2316 5035 libro
2386 4994 2454 5045 tt,
2527 4986 2756 5034 tractatu
2815 4978 2881 5045 1,
2941 4991 3061 5044 cap.
3119 4976 3188 5031 14
3238 4992 3409 5047 usque

1817 5076 1885 5133 ad
1917 5077 2005 5144 18,
2040 5086 2150 5132 tres
2198 5075 2324 5131 illos
2351 5082 2525 5131 status
2553 5088 2658 5129 non
2706 5072 2874 5145 gratis
2918 5064 3264 5139 dividendos,
3311 5071 3410 5127 sed

1818 5185 1990 5243 penes
2012 5168 2268 5226 eumdem
2300 5182 2584 5224 numerum
2609 5167 3023 5237 generationum
3050 5184 3064 5232 ;
3111 5182 3219 5223 non
3251 5166 3413 5223 aliter

1818 5273 1982 5332 atque
2009 5260 2151 5330 apud
2182 5259 2520 5327 Matthteum,
2543 5273 2664 5329 cap.
2698 5274 2738 5325 ι,
2792 5267 2966 5314 status
2994 5259 3085 5315 ille
3134 5260 3412 5315 hominum

1819 5354 1890 5411 ab
1917 5351 2191 5409 Abraham
2219 5366 2389 5419 usque
2408 5350 2475 5405 ad
2501 5348 2775 5405 Christum
2801 5351 2975 5405 tribus
2999 5351 3410 5421 generationum

1822 5443 2275 5506 tessaradecadis,
2317 5443 2422 5498 hoc.
2467 5451 2551 5498 est
2581 5441 2652 5498 42
2683 5452 2926 5513 generat.
2981 5442 3363 5514 complectitur
3396 5457 3410 5494 :

1820 5535 1966 5609 quod
1996 5534 2213 5606 quidem
2241 5549 2308 5591 eo
2335 5533 2441 5590 loci
2470 5534 2706 5606 qualiter
2747 5534 3275 5590 accommodandum
3317 5534 3411 5597 sit,

1822 5626 2136 5686 Joachimus
2166 5625 2277 5681 late
2308 5627 2927 5699 exponit.‘Quamquam
2958 5634 3014 5683 et
3057 5626 3109 5680 iu
3133 5639 3199 5680 co
3229 5622 3413 5678 veriti-

1821 5719 1933 5777 caii
1955 5727 2116 5790 queat
2147 5716 2443 5789 spiritualis
2469 5719 2576 5773 vita
2608 5718 2752 5776 tertii
2777 5728 2975 5786 status,
3006 5714 3151 5788 quod
3182 5729 3209 5767 a
3237 5712 3296 5769 S.
3325 5713 3398 5767 Bc
