3908 6300
500 238 605 295 δυ

1404 238 1701 298 FLAVIUS
1737 238 1992 303 LUCIUS
2029 241 2314 301 DEXTER
2353 239 2886 303 CIIRONOLOGUS.

3676 252 3766 313 (θα

508 356 728 415 nedicto
761 356 932 415 multo
964 357 1136 428 magis
1159 371 1319 429 quam
1342 357 1493 429 prius
1524 356 1778 413 examina
1800 357 2099 413 monacho-
2128 376 2176 434 Α
2207 357 2304 414 sed
2332 358 2743 416 abbreviatione
2763 358 3034 432 quadam:
3060 359 3310 418 uurlllus
3332 360 3595 434 integrum
3613 376 3770 422 exem-

507 469 652 521 rum,
680 452 820 527 apud
847 468 985 524 quos
1032 450 1333 523 spiritualis
1367 450 1475 506 vita
1510 450 1688 515 locum
1728 466 1884 511 suum
1917 450 2101 519 habet,

512 545 864 615 multiplicari
899 560 1140 615 carpere.

583 638 715 701 Qua:
752 652 870 690 cum
908 636 978 691 ita
1007 635 1159 707 sint,
1193 634 1331 691 nihil
1362 643 1447 692 est
1488 634 1633 705 quod
1661 634 1977 695 Joachimus
2013 635 2109 691 dc-

512 738 783 807 mereatur
812 740 870 785 ut
908 730 1113 791 erroris
1155 728 1359 800 passim
1392 730 1742 787 insimuletur
1775 747 1789 786 :
1823 738 1917 789 aut
1944 730 1994 787 ei
2023 744 2111 785 re-

508 824 757 879 verent’a
787 833 979 877 sancto
1004 822 1121 885 \iro
1147 824 1329 878 debita
1351 838 1459 879 non
1484 824 1833 890 cshibeatur,
1866 821 2112 892 quando-

513 916 732 988 quidem
789 916 1137 973 sanctitatem
1178 916 1305 971 vita:
1358 915 1571 987 ipsius,
1631 915 1773 972 Deus
1828 914 2109 973 humilium

512 1019 915 1077 rcmunerator,
950 1010 1254 1066 innumeris
1278 1024 1448 1080 prope
1478 1008 1757 1075 miraculis
1779 1006 2107 1080 propalavit,

512 1120 635 1175 qua:
676 1103 827 1173 justo
882 1101 1158 1161 volumine
1200 1100 1491 1173 descripsit
1541 1100 1801 1163 venerab.
1846 1099 2114 1169 archiepi-

515 1211 715 1268 scopus
746 1196 1077 1252 Cosentinus
1120 1195 1294 1251 Lucas
1337 1193 1580 1267 ejusdem
1630 1192 1901 1252 Joachimi
1948 1192 2115 1249 disci--

516 1290 677 1361 pulus
705 1336 719 1361 ,
750 1299 804 1346 et
834 1305 901 1346 ex
933 1304 999 1351 eo
1037 1288 1274 1347 Jacobus
1310 1287 1536 1349 Graccus
1557 1328 1572 1353 .
1609 1288 1760 1358 prior
1792 1285 2071 1349 Florensis
2093 1326 2110 1353 ,

514 1383 656 1439 libro
685 1381 753 1438 de
785 1380 886 1437 hac
927 1396 989 1437 re
1030 1381 1179 1437 edito
1204 1421 1220 1448 ,
1266 1380 1361 1451 qui
1390 1380 1442 1439 in
1469 1378 1695 1437 archivo
1722 1376 1971 1448 ejusdem
1996 1391 2111 1435 ca:-

514 1477 667 1532 nohii
713 1484 1050 1541 asscrvatur,
1090 1483 1144 1535 et
1176 1474 1345 1544 ipsius
1372 1472 1655 1543 exemplar
1678 1471 1734 1529 in
1777 1470 2114 1530 Bibliotheca

517 1567 785 1623 Aniciana
811 1565 1023 1635 collegii
1054 1565 1378 1636 Gregoriani
1422 1562 1493 1619 de
1531 1564 1689 1620 urbe.
1720 1560 1913 1619 Videat
1954 1560 2117 1632 igitur

516 1669 703 1714 nOSIer
731 1658 1007 1713 Ponuntus
1034 1668 1270 1728 quantus
1298 1654 1549 1727 qualiiice
1588 1652 1752 1709 fuerit
1784 1653 1833 1709 is
1858 1668 2021 1723 quem
2048 1652 2117 1706 ab

2211 452 2329 523 plar
2353 464 2544 508 nactus
2573 463 2656 508 est
2684 454 2751 508 ab
2780 456 2898 523 ipso
2926 454 2986 510 Ρ.
3014 455 3273 525 lligucra,
3305 456 3447 527 quod
3472 467 3645 515 tamen
3670 475 3771 517 cor-

2212 557 2373 617 rupte
2420 546 2711 603 admodum
2754 538 3181 617 C:rs.iraugustze
3211 552 3536 618 impressum
3578 555 3773 620 luit,et

2214 640 2420 696 idcirco
2449 643 2691 709 oportuit
2720 642 2853 699 illud
2884 643 2950 698 ad
2998 645 3102 699 alia
3140 645 3467 717 applicatum
3506 649 3772 719 corrigere,

2215 733 2291 788 uti
2322 750 2423 804 ego
2461 735 2564 790 feci
2602 736 2895 793 conferens
2926 738 3100 807 ipsum
3141 755 3262 794 cum
3308 743 3600 813 exemplari
3624 744 3774 800 Toleti

2212 826 2515 883 exsistente
2540 827 2594 882 in
2634 827 2966 885 bibliotheca
3005 830 3223 886 comitis
3257 831 3327 887 de
3356 833 3524 898 Mora,
3553 848 3705 904 opera
3725 835 3774 892 P.

2216 919 2468 990 lliguerze
2491 921 2558 975 ad
2587 920 2750 977 ﬁdem
2792 924 2873 977 sui
2905 933 3237 990 correctum,
3274 935 3328 980 et
3355 926 3775 993 collationatum;

2216 1022 2271 1066 et
2298 1012 2444 1066 aliud
2468 1013 2612 1084 quod
2639 1023 2819 1069 exstat
2841 1015 2893 1070 in
2921 1015 3255 1072 bibliotheca
3272 1017 3421 1087 regia
3446 1018 3506 1074 S.
3534 1019 3779 1076 Laurentii

2215 1101 2272 1157 in
2322 1102 2596 1159 Exeuriali
2620 1148 2635 1172 ,
2668 1113 2835 1175 atque
2882 1106 3009 1161 huic
3051 1107 3135 1163 sic
3170 1120 3422 1164 correcto
3446 1152 3462 1177 ,
3494 1111 3633 1181 quod
3661 1127 3781 1166 nunc

2218 1194 2463 1266 profero,
2493 1196 2760 1268 inteng
2791 1198 2951 1253 ﬁdem
2972 1197 3338 1255 adhibendam
3371 1200 3481 1255 late
3504 1201 3711 1270 probavi
3737 1202 3781 1257 in

2217 1285 2475 1345 Chronici
2504 1288 2820 1346 defensione
2846 1290 3221 1361 praeliminari.
3250 1293 3407 1359 Quod
3437 1308 3467 1346 a
3498 1293 3783 1362 Magdebur—

2220 1381 2481 1452 geusihus
2502 1382 2747 1438 vitiatum
2796 1385 3087 1448 asseritur,
3115 1384 3259 1439 haud
3310 1384 3446 1440 mihi
3491 1385 3644 1441 facile
3686 1401 3784 1456 per-

2218 1472 2447 1541 suadeo,
2481 1489 2603 1530 cum
2631 1475 2771 1535 nihil
2798 1476 2942 1547 quod
2966 1476 3216 1532 lireresim
3248 1477 3449 1547 sapiat,
3478 1488 3570 1533 aut
3596 1494 3785 1534 errores

2220 1582 2354 1623 suos
2370 1584 2587 1640 quoquo
2606 1570 2770 1625 modo
2790 1571 2984 1639 juvarc
3004 1580 3189 1640 queat,
3216 1570 3270 1626 in
3300 1579 3420 1626 toto
3448 1570 3630 1626 codice
3654 1585 3785 1641 repe-

2220 1660 2415 1727 riatur,
2448 1662 2552 1716 nisi
2584 1662 2706 1732 quis
2736 1662 2867 1717 velit
2893 1662 3155 1733 quasdam
3186 1662 3637 1733 transcriptiones
3660 1704 3675 1727 ,
3709 1678 3787 1717 seu

514 1752 702 1808 inferis
726 1760 1159 1807 resurrecturum
1190 1760 1409 1821 sperat;
1456 1758 1513 1807 et.
1541 1762 1703 1820 quam
1744 1747 1882 1807 belle
1913 1763 2112 1805 nomen
2146 1768 2191 1830 Β
2220 1754 2385 1808 etiam
2417 1754 2807 1824 replieationes
2842 1753 3239 1809 sententiarum
3264 1798 3279 1822 ,
3314 1768 3456 1825 quas
3486 1755 3539 1809 in
3569 1769 3633 1810 eo
3660 1769 3791 1823 repe-

519 1844 739 1903 Goliath
770 1844 976 1903 sanctis
1006 1842 1139 1901 viris
1165 1843 1496 1913 imponatur.

529 1982 559 2052 ᾗ
599 1980 714 2037 Vll.
762 1981 989 2054 Objectis
1016 1997 1047 2034 a
1070 1980 1335 2054 Pennotlo
1371 1989 1551 2054 contra
1596 1978 1775 2034 Dextri
1818 1985 1867 2031 et
1896 1974 2120 2030 Maximi

1054 2051 1311 2107 Chronica
1340 2054 1398 2121 ﬁt
1430 2052 1578 2107 satis.

595 2171 728 2225 Cum
761 2184 893 2239 ergo
919 2182 1057 2239 opus
1088 2182 1247 2222 suum
1278 2166 1459 2223 videat
1485 2165 1552 2222 Β.
1586 2166 1649 2222 Ρ.
1680 2164 1983 2221 Pcnnottus
2008 2163 2119 2218 eis-

526 2261 649 2316 dem
693 2260 929 2316 vinculis
975 2259 1178 2315 lrrctiri
1206 2300 1222 2326 ,
1266 2260 1462 2330 quibus
1513 2256 1824 2312 Chronicon
1877 2264 2119 2313 nostrum

525 2354 732 2408 vincire
756 2354 890 2419 vult,
922 2352 1193 2423 reliquum
1217 2352 1340 2421 erit,
1367 2358 1425 2405 ut
1450 2351 1634 2406 mitius
1659 2349 1916 2418 deinceps
1939 2346 2124 2407 nobis-

528 2460 650 2500 cum
684 2453 841 2515 agat;
873 2455 925 2499 et
954 2443 1140 2499 credat
1169 2444 1391 2523 proprio
1415 2442 1642 2497 edoctus
1686 2439 1932 2513 periculo
1977 2437 2122 2493 haud

526 2539 751 2594 difﬁcile
776 2541 829 2593 in
858 2538 1106 2610 quemvis
1138 2552 1299 2611 posse
1321 2536 1518 2593 librum
1547 2543 1862 2608 argumenta
1890 2532 2122 2604 jactari;

530 2631 877 2701 tametsijure
899 2646 965 2685 ne
994 2646 1060 2685 an
1086 2629 1282 2707 injuria
1316 2630 1369 2685 id
1402 2631 1513 2696 ﬁat,
1534 2629 1801 2684 lectorum
1831 2626 2038 2696 judicio
2056 2625 2127 2680 sit

529 2723 1128 2797 reiinque::dum.Nunc
1148 2738 1277 2779 vero
1299 2723 1364 2778 ad
1389 2724 1730 2794 objcCtioncs
1756 2736 1882 2777 suas
1901 2734 2128 2792 respon-

534 2819 720 2873 siones
744 2829 961 2874 noStras
985 2816 1250 2873 adhibere
1284 2816 1623 2881 curabimus,
1649 2829 1759 2887 quo
1776 2814 1993 2869 videant
2010 2827 2128 2867 om-

534 2924 629 2962 nes
644 2908 776 2962 nihil
792 2924 981 2963 eorum
996 2909 1376 2963 auctoritatem
1392 2906 1643 2963 Chronici
1658 2921 1925 2967 enervare
1941 2918 2124 2978 posse.

609 2998 666 3053 In
691 3000 879 3069 primis
911 3000 1169 3070 quidquid
1195 3001 1261 3055 de
1280 3001 1717 3066 conservatione,
1735 3008 1790 3055 et
1812 2998 2129 3054 inventione

539 3092 713 3161 ipsius
764 3091 1025 3147 hactenus
1057 3108 1084 3146 a
1119 3092 1353 3151 diversis
1397 3094 1597 3149 dictum
1642 3102 1765 3163 est,
1812 3109 1881 3148 ex
1932 3092 2127 3147 eodem

535 3150 807 3252 principio
831 3184 1091 3251 nascitur,
1120 3185 1502 3259 discrepat-unt
1523 3150 1793 3255 siquidem
1816 3184 1962 3239 inter
1985 3199 2045 3239 se
2064 3198 2128 3239 ex
2158 3159 2204 3222 δ
2235 3150 2533 3259 ξξξῗξ¹¹¹ῗ¹ξξ

537 3276 798 3345 Opinione
821 3276 992 3345 vulgi,
1026 3292 1146 3347 qua:
1180 3292 1278 3347 pro
1301 3277 1618 3333 diversitate
1647 3276 1892 3331 locorum
1919 3276 2132 3331 diversa

538 3383 663 3422 esse
694 3367 858 3431 solet,
894 3383 1000 3420 non
1029 3383 1093 3422 cx
1125 3352 1250 3422 vera
1283 3370 1494 3436 notitia,
1527 3384 1689 3441 quam
1720 3367 1825 3439 ipsi
1848 3367 2130 3423 haberent.

541 3459 694 3527 Quod
720 3458 845 3513 dico
873 3470 1099 3531 propter
1123 3459 1181 3513 Ρ.
1206 3459 1470 3514 Joannem
1491 3459 1782 3528 Calderon,
1812 3458 1903 3528 qui
1930 3472 1995 3512 ea
2015 3475 2132 3537 qua:

541 3550 609 3603 de
644 3549 914 3603 Chronico
947 3559 1168 3619 reperto
1210 3549 1279 3603 ah
1323 3549 1737 3623 archiepismpo
1780 3548 2133 3604 Braccarensi

542 3642 802 3711 scripsit,
834 3657 899 3696 ex
931 3643 1191 3711 Opinione
1223 3643 1364 3713 vngi
1395 3642 1605 3714 posuit,
1636 3660 1743 3699 non
1772 3658 1838 3698 ex
1872 3643 2136 3699 relatione

543 3733 603 3788 Ρ.
642 3733 960 3806 liieronymi
1003 3736 1067 3789 de
1096 3736 1142 3789 la
1178 3736 1411 3806 lliguera
1444 3749 1532 3789 aut
1562 3737 1625 3792 Ι).
1660 3737 1885 3792 Thema:
1907 3738 1973 3793 de
2002 3739 2137 3794 Τοῖ’-

541 3826 690 3881 ralba
716 3872 729 3895 ,
772 3828 967 3898 quibus
998 3828 1243 3891 inventio
1291 3827 1543 3885 debetur.
1577 3828 1763 3903 Neque
1809 3830 1934 3891 huic
1966 3846 2136 3907 oppu-

540 3919 685 3972 nitur
704 3919 847 3989 quod
875 3919 1077 3975 dicitur
1092 3929 1368 3995 repertum
1388 3922 1537 3993 prius
1560 3936 1681 3978 esse
1700 3922 1766 3977 ab
1792 3923 2130 3992 Euthrando,

541 4018 597 4064 et
644 4010 934 4079 aliquando
964 4002 1238 4083 quoddam
1272 4013 1388 4084 ejus
1419 4015 1725 4086 exemplum
1765 4015 1905 4088 apud
1940 4015 2131 4072 Sislam

540 4100 711 4155 fuis<e
742 4118 754 4155 :
790 4111 1081 4175 utrumque
1107 4106 1380 4176 siquidem
1413 4122 1601 4169 verum
1634 4122 1754 4163 esse
1782 4109 2134 4180 probavimus

538 4193 593 4248 in
648 4196 813 4263 priori
860 4206 1010 4265 parte
1068 4205 1268 4252 nostra:
1316 4199 1691 4269 prmlationis,
1746 4215 1853 4271 quo
1904 4199 2133 4256 lectores

542 4285 801 4340 amando.
839 4286 1211 4359 lliscrepantia
1250 4290 1499 4345 codicum
1543 4291 1670 4347 inde
1711 4303 1889 4355 ortum
1925 4292 2131 4359 habuit,

538 4378 681 4446 quod
698 4377 757 4431 Ρ.
786 4378 1014 4447 lliguera
1034 4396 1154 4435 cum
1172 4387 1578 4461 requireretura
1594 4384 1796 4463 multis,
1813 4397 1865 4439 et
1882 4387 2134 4457 nequiret

540 4473 750 4529 cunctis
788 4473 1055 4545 integrum
1084 4475 1399 4531 Chronicon
1420 4519 1435 4543 ,
1466 4477 1610 4548 quod
1647 4478 1825 4539 adhuc
1870 4493 2129 4551 cxcusum

536 4584 642 4624 non
668 4578 787 4624 erat
817 4610 831 4635 ,
882 4572 1327 4638 communicare,
1378 4570 1622 4631 diversas
1669 4586 1770 4644 pro
1816 4570 2131 4628 diversitate

538 4660 857 4731 petitionum
894 4660 1166 4717 clausulas
1204 4676 1299 4718 seu
1333 4663 1772 4719 abbreviatinnes
1813 4664 2124 4734 exscripsit.

537 4753 631 4810 Sic
661 4754 920 4825 episcopo
948 4753 1212 4825 Tudcnsi,
1246 4764 1432 4827 utpote
1462 4756 1834 4826 Benedictino,
1862 4772 1925 4817 ea
1951 4758 2124 4815 solum

534 4845 708 4911 misit,
742 4863 860 4916 quae
892 4847 959 4901 ad
990 4848 1239 4903 ordinem
1267 4848 1323 4904 S.
1359 4848 1419 4905 P.
1455 4848 1759 4917 Benedicti,
1790 4858 1880 4905 aut
1909 4860 2128 4905 sanctos

536 4934 883 5009 episcopatus
918 4937 1186 4995 Tudensis
1233 4939 1507 5010 pertinere
1533 4940 1882 5017 videbantur,
1921 4950 1979 4994 ut
2011 4941 2127 5013 ipse

532 5022 871 5084 Prudentius
901 5031 970 5085 de
998 5031 1270 5087 Sandoval
1300 5031 1537 5086 afﬁrmat
1576 5032 1629 5087 in
1661 5032 1756 5087 lib.
1786 5033 1854 5087 de
1888 5031 2125 5087 Ecclesia

534 5116 796 5175 Tudensi.
830 5121 919 5177 Sic
943 5122 1314 5179 illustrissimo
1339 5125 1752 5197 archiepiscopo
1773 5125 2126 5182 Braccarensi

531 5213 877 5281 professione
905 5216 1299 5285 Augustiniano
1323 5257 1339 5283 ,
1370 5231 1460 5272 res
1497 5202 1582 5287 sui
1617 5215 2126 5289 archiepiscopatus

533 5311 591 5357 et
619 5305 824 5359 ordinis
853 5304 1175 5373 transmisit,
1206 5307 1349 5381 quod
1378 5308 1611 5363 afﬁrmat
1633 5307 1865 5364 Losada.
1891 5308 1983 5365 Sic
2006 5310 2127 5367 aliis

532 5394 717 5449 multis
765 5410 864 5465 pro
908 5395 1223 5455 diversitate
1272 5401 1674 5472 provinciarum
1716 5401 2007 5468 satisfecit;
2058 5418 2124 5459 ex

529 5487 725 5558 quibus
747 5487 1249 5547 alihrcviationihus
1271 5496 1417 5549 varia
1440 5494 1684 5566 exempla
1713 5494 1848 5550 facta
1875 5496 2121 5550 fuerunt:

530 5582 674 5637 haud
700 5582 925 5637 dubium
945 5583 1098 5637 novis
1123 5600 1337 5664 semper
1355 5590 1555 5642 erratis
1585 5604 1625 5642 si
1645 5588 1873 5659 ateutia,
1891 5605 2119 5660 quorum

527 5678 759 5733 alterum
814 5678 1003 5745 procul
1056 5677 1220 5731 dubio
1275 5679 1375 5733 fuit
1423 5681 1661 5750 episcopi
1712 5682 2115 5753 Segorhiensis.

525 5769 599 5825 bl.
629 5772 868 5825 Joannes
896 5769 1149 5839 Marqucz
1175 5785 1282 5826 non
1311 5771 1525 5841 integro
1550 5771 1821 5832 Chronico
1848 5790 1981 5832 usus
1998 5766 2112 5845 est,

2223 1844 2321 1901 riri
2352 1846 2464 1901 suis
2493 1845 2628 1901 locis
2667 1846 3005 1915 ostendimus
3027 1888 3043 1912 ,
3074 1846 3342 1902 haereticis
3388 1845 3497 1901 illis
3545 1846 3787 1911 tribuere,

2224 1937 2300 1992 uti
2331 1936 2394 1992 P.
2426 1937 2657 2008 Higuera
2689 1937 3020 1993 existimavit
3046 1978 3061 2004 ,
3102 1954 3169 1994 eo
3199 1948 3379 1993 motus
3409 1938 3555 2006 quod
3582 1938 3731 1993 sciret
3768 1953 3790 1991 a

2226 2028 2784 2101 Magdeburgensibus
2831 2030 2999 2085 lihros
3054 2039 3108 2086 et
3156 2030 3517 2086 bibliothecas
3557 2030 3788 2095 vitiatus;

2225 2120 2323 2177 sed
2374 2120 2427 2185 id
2482 2122 2683 2177 Dextro
2723 2137 2940 2195 quoque
2986 2131 3137 2179 certo
3184 2121 3485 2192 contigisse
3526 2121 3788 2177 nesciebat.

2223 2214 2388 2271 Certe
2416 2216 2461 2271 si
2484 2217 2941 2287 corrumpendum
2971 2217 3039 2271 ab
3063 2216 3332 2273 htereticis
3354 2226 3475 2273 erat
3496 2213 3789 2281 ChrOnicon,

2228 2310 2466 2366 haereses
2498 2310 2714 2366 illorum
2750 2326 2856 2366 non
2888 2311 3174 2382 eﬁugeret.

2300 2406 2433 2472 Qum
2465 2405 2516 2460 in
2548 2406 2831 2475 epistolam
2879 2404 3269 2461 dcdiratoriam
3308 2404 3498 2463 Dextri
3531 2403 3792 2461 Pennottus

2228 2496 2437 2567 objicit,
2471 2497 2550 2551 his
2577 2514 2604 2549 a
2636 2498 2795 2552 nobis
2822 2497 3002 2553 soluta
3027 2508 3175 2567 sunt,
3203 2498 3466 2554 nimirum
3499 2498 3550 2553 in
3576 2497 3652 2567 ες
3677 2499 3794 2567 Apo-

2230 2589 2389 2659 logire
2417 2590 2833 2661 praeliminaris,
2865 2601 2922 2646 et
2966 2590 3021 2646 in
3067 2592 3485 2649 commentariis
3525 2591 3589 2647 ad
3625 2604 3790 2646 annum

2229 2678 2358 2747 ιδυ,
2386 2681 2453 2735 ad
2484 2680 2669 2737 ultima
2696 2683 2864 2739 verba
2905 2682 3177 2739 Chronizi.

2305 2774 2476 2831 Porro
2505 2777 2562 2830 S.
2609 2777 2956 2835 Pelronillam
2978 2793 3107 2834 vere
3146 2778 3208 2833 Β.
3245 2778 3518 2850 principis
3559 2776 3793 2850 apostolo-

2233 2884 2353 2925 rum
2379 2884 2448 2925 ex
2477 2871 2829 2926 matrimonio
2872 2871 3037 2928 ﬁliam
3085 2871 3253 2927 fuisse
3278 2913 3295 2938 ,
3338 2874 3631 2929 multorum
3669 2871 3790 2925 testi-

2234 2963 2436 3018 moniis
2484 2977 2582 3017 suo
2630 2963 2749 3018 loco
2781 2964 3062 3033 probatum
3092 2980 3122 3019 a
3152 2966 3310 3020 nobis
3347 2976 3458 3032 est,
3502 2965 3584 3021 ubi
3615 2961 3789 3019 llaronii

2235 3054 2464 3124 objectis
2508 3056 2895 3113 satisfecimus.
2950 3058 3136 3128 Neque
3181 3058 3338 3114 nobis
3390 3060 3491 3130 (ut
3537 3058 3791 3114 Pennottus

2568 3146 2629 3201 Ι).
2664 3150 2798 3218 Aug.
2830 3148 2924 3204 lib.
2969 3157 3161 3203 contra
3194 3148 3549 3205 Adimantum
3570 3191 3584 3214 ,
3613 3156 3791 3203 contra-

2237 3237 2409 3305 dicit,
2441 3254 2564 3294 nam
2602 3241 2817 3295 tametsi
2861 3255 2982 3311 cap.
3017 3241 3109 3295 illo
3142 3242 3209 3296 i7
3240 3242 3527 3297 historiam
3572 3240 3635 3297 de
3676 3238 3790 3294 Petri

2238 3330 2347 3385 ﬁlia
2377 3346 2407 3385 a
2440 3331 2679 3403 paralysi
2711 3341 2917 3395 sanata,
2952 3342 3006 3388 et
3046 3331 3115 3387 de
3159 3332 3262 3387 ﬁlia
3295 3332 3574 3388 hortulani
3604 3331 3663 3386 ad
3692 3344 3790 3401 pre-

2236 3439 2353 3480 cem
2388 3424 2557 3495 ipsius
2588 3431 2799 3479 mortua
2826 3468 2841 3493 ,
2875 3439 2938 3480 ex
2972 3424 3300 3495 apocryphis
3339 3425 3553 3482 desumi
3583 3425 3791 3478 videatur

2237 3530 2518 3577 asserere:
2565 3531 2673 3572 non
2701 3527 2880 3573 tamen
2907 3518 3107 3573 asserit
3140 3531 3263 3573 esse
3305 3517 3687 3589 apocryphum,
3715 3514 3791 3570 Pc-

2236 3619 2378 3664 trum
2411 3610 2719 3681 apostolum
2764 3609 3016 3665 habuisse
3045 3611 3205 3665 ﬁliam
3234 3652 3249 3677 ,
3290 3612 3391 3666 sed
3424 3612 3562 3681 quod
3594 3609 3672 3665 itla
3697 3606 3790 3675 ejus

2238 3703 2489 3772 precibus
2522 3718 2650 3758 sana
2686 3706 2824 3759 facta
2850 3704 2941 3759 sit.
2968 3704 3036 3759 Et
3062 3704 3424 3760 nihilominus
3449 3714 3572 3759 nota
3598 3716 3785 3775 apocry-

2239 3798 2470 3868 phorum
2516 3812 2577 3853 ea
2630 3799 2809 3853 omnia
2856 3798 3329 3869 comprehendere
3360 3799 3599 3862 videtur;
3622 3810 3722 3866 qua:
3748 3796 3787 3847 in

2238 3893 2409 3947 sacris
2440 3893 2636 3948 litteris
2660 3894 2887 3949 minime
2911 3902 3216 3949 narrantur.
3244 3893 3625 3965 Apoerypbum
3652 3889 3787 3958 siqui-

2236 3983 2359 4039 dem
2408 3985 2541 4039 illud
2586 3984 2808 4049 dicitur,
2849 3984 2991 4055 quod
3040 3984 3416 4039 anthenticnm
3459 3999 3563 4040 non
3602 3992 3693 4038 est.
3727 3979 3787 4033 En

2237 4078 2402 4132 verba
2449 4080 2672 4146 Augusti
2706 4094 2718 4132 :
2752 4076 2867 4132 Hoc
2909 4078 2991 4131 illi
3032 4076 3315 4131 Manichzei
3368 4093 3557 4146 magna
3597 4074 3789 4127 territan-

2236 4172 2525 4243 vituperant
2556 4171 2854 4242 (nimirum
2899 4169 3161 4224 miracula
3194 4169 3459 4224 divinitus
3502 4169 3630 4223 facta
3654 4168 3669 4233 )
3696 4180 3788 4216 eum

2235 4263 2291 4318 in
2316 4262 2627 4335 npocryp/tis
2654 4279 2746 4333 pro
2768 4279 2956 4334 magno
2977 4263 3171 4332 legant,
3207 4271 3252 4315 et
3283 4260 3423 4314 illud
3442 4259 3577 4331 quod
3601 4259 3657 4311 de
3674 4255 3788 4323 Apo-

2233 4357 2365 4412 stolo
2386 4355 2587 4411 'I’Itoma
2616 4357 3028 4421 commemoravi,
3060 4364 3109 4409 et
3134 4355 3296 4424 ipsius
3319 4353 3468 4409 Petri
3482 4354 3639 4424 filiam
3663 4362 3791 4421 para-

2235 4448 2449 4520 lyticam
2480 4464 2661 4503 sanam
2688 4450 2881 4520 factum
2905 4447 3138 4517 precibus
3167 4447 3368 4518 patria,
3404 4455 3451 4501 et
3476 4440 3717 4498 hortuloni
3740 4437 3789 4507 ﬁ-

2154 4534 2210 4598 D
2234 4538 2361 4594 liam
2389 4540 2461 4593 ad
2483 4556 2681 4612 precem
2712 4540 2877 4611 ipsius
2902 4538 3048 4595 Petri
3077 4555 3184 4595 esse
3212 4547 3469 4595 mortuam
3502 4554 3521 4593 :
3548 4546 3597 4591 et
3614 4547 3788 4602 respon-

2233 4632 2351 4686 dent
2384 4633 2524 4702 quod
2566 4630 2679 4685 lucc
2715 4633 2789 4686 eis
2829 4631 3131 4705 expediebat
3160 4672 3176 4697 ,
3228 4640 3283 4685 ut
3320 4641 3366 4684 et
3406 4630 3503 4685 illa
3547 4626 3788 4681 solveretur

2232 4724 2469 4794 paralysi
2492 4732 2541 4779 et
2565 4724 2659 4778 illa
2686 4733 2972 4778 moreretur
2996 4740 3016 4779 :
3045 4732 3213 4777 tanien
3245 4722 3316 4776 ad
3355 4736 3557 4794 precem
3590 4711 3788 4788 Δρομοιὶ

2234 4819 2435 4887 factum
2477 4832 2586 4870 esse
2626 4832 2731 4870 non
2772 4825 2985 4886 negant.
3028 4815 3155 4870 Haec
3195 4814 3432 4883 August.
3458 4810 3564 4868 Sed
3602 4820 3697 4863 non
3734 4802 3787 4855 ad

2233 4924 2371 4978 rem,
2399 4917 2456 4965 ut
2478 4909 2664 4975 vides;
2697 4924 2807 4965 non
2824 4911 2969 4964 enim
3000 4918 3159 4979 negat
3184 4907 3324 4962 tales
3351 4906 3517 4962 fuisse
3540 4908 3785 4975 personas.

2232 5002 2327 5057 sed
2359 5017 2420 5056 ea
2451 5002 2712 5058 miracula
2743 5016 2865 5057 esse
2887 5000 3217 5056 authentico.

2302 5095 2629 5165 Maguopere
2655 5095 2819 5150 etiam
2850 5095 3055 5150 excidit
3080 5093 3415 5161 Pennottus,
3444 5108 3563 5150 cum
3602 5087 3787 5160 scripsit

2229 5205 2351 5247 esse
2382 5201 2571 5247 contra
2621 5192 2881 5247 Ecclesiae
2912 5192 3261 5247 traditionem
3288 5232 3305 5258 ,
3337 5204 3583 5245 asserere
3608 5187 3783 5258 episto-

2229 5284 2336 5340 lam
2379 5283 2566 5339 Jacobi
2613 5285 2930 5340 canonicam
2963 5300 3067 5339 nou
3114 5299 3144 5339 a
3193 5283 3394 5339 Jacoho
3434 5283 3665 5344 llinore,
3706 5274 3781 5331 sed

2230 5375 2434 5446 Majore
2462 5375 2631 5432 fuisse
2657 5376 3019 5446 conscriptam
3038 5418 3052 5440 ,
3084 5390 3150 5431 eo
3179 5375 3321 5448 quod
3350 5375 3402 5430 in
3434 5374 3613 5429 ofﬁcio
3641 5370 3782 5426 Iliun-

2233 5470 2309 5526 ris
2331 5472 2538 5539 legatur
2559 5472 2611 5527 in
2636 5471 2810 5543 primo
2828 5483 3091 5527 nocturno
3120 5469 3374 5526 Breviarii
3401 5466 3643 5523 Romani.
3666 5465 3781 5517 Sane

2232 5566 2334 5622 hac
2382 5569 2434 5623 in
2488 5585 2546 5624 re
2593 5569 2827 5624 eximius
2876 5568 3182 5637 'l‘heoiogus
3236 5567 3521 5620 manifeste
3567 5565 3778 5632 ignorare

2228 5660 2587 5723 cunviuritur,
2615 5662 2743 5730 quid
2789 5662 3096 5731 requiratur
3135 5668 3192 5713 ut
3221 5658 3420 5730 aliquid
3458 5656 3703 5710 habeatur
3726 5662 3775 5701 ex

2227 5749 2520 5811 traditione
2548 5751 2955 5824 Ecclesiastica,
3001 5765 3125 5809 cum
3156 5758 3364 5807 constet
3396 5744 3641 5804 historias
3673 5754 3774 5797 san-
