3908 6278
163 239 254 299 639
1188 233 1716 293 APJLOGETICUS
1758 232 1893 292 PRO
1929 235 1992 294 L.
2034 235 2337 294 DEXTDO.
3307 241 3411 299 6'50

162 370 342 416 ciorum
364 399 378 424 ,
422 370 540 428 qutc
584 353 636 410 in
687 352 966 412 Breviario
1002 351 1275 423 leguntur,
1323 368 1430 408 non
1471 353 1710 424 gaudere
1737 358 1788 417 Α
1819 353 2012 420 restat;
2048 355 2142 410 sed
2170 370 2368 410 annum
2401 355 2454 410 in
2485 355 2668 428 specie
2701 371 2808 414 non
2836 359 3410 430 promitzquamquam

162 449 422 508 inevitabili
461 445 823 513 certitudine;
877 455 1239 517 praeterquam
1285 447 1429 517 quod
1478 448 1708 519 epistola
1815 459 2022 504 certum
2067 451 2140 503 sit
2170 449 2220 503 in
2278 448 2382 505 hoc
2425 450 2585 506 etiam
2627 452 2770 505 sicut
2798 451 2853 506 in
2903 453 3119 506 czeteris
3162 460 3408 506 secutum

162 545 237 601 illa
261 543 347 614 legi
376 541 539 613 possit
563 555 632 596 eo
656 539 748 596 die
781 554 874 607 per
895 541 1452 595 accommodationem
1476 540 1712 596 nominis
1815 542 1981 597 luisse
2022 542 2336 597 Chronicon
2386 543 2626 610 Eusebii,
2658 542 2747 613 qui
2799 559 2969 614 usque
2999 544 3065 598 ad
3113 558 3314 598 annum
3343 543 3410 598 7:7.

162 635 318 691 Jacobi
348 653 362 690 :
392 644 442 688 et
486 632 892 689 correctoribus
941 631 1202 688 Breviarii
1253 633 1388 687 satis
1436 632 1604 688 fuisse
1649 631 1708 686 S.
1816 634 2065 704 producit
2091 634 2209 689 Lini
2243 636 2634 706 episc0patum.
2696 635 2848 702 Quod
2903 637 2946 690 si
2989 636 3056 690 ab
3097 635 3180 691 his
3207 635 3413 691 dissen-

161 731 504 799 llieronymum
547 725 754 781 laccho
793 724 985 779 Minori
1036 741 1156 781 eam
1205 725 1446 780 tribuere
1496 725 1590 780 lib.
1645 725 1713 780 de
1816 728 2335 793 litmtreccntiorcs,
2382 744 2568 798 parum
2627 731 2873 792 interest,
2915 745 3036 785 cum
3065 729 3266 784 Dexter
3313 743 3409 798 eos

160 820 331 891 Script.
358 817 527 882 Ecc|.,
551 827 608 872 el
635 816 934 872 Pcnltottus
963 815 1080 885 ipse
1115 815 1377 872 lectiones
1407 816 1466 871 S.
1502 816 1710 870 "ercu-
1816 823 2007 877 audire
2036 823 2362 891 nequiverit,
2395 823 2489 877 sed
2518 823 2692 878 solum
2717 824 3064 893 vetustiores,
3099 839 3234 894 quos
3263 823 3315 880 in
3344 839 3406 882 re

159 911 248 965 lani
273 908 582 979 approbatas
613 922 643 960 a
672 907 730 962 S.
765 907 1187 976 congregatione
1232 905 1518 960 illustriSS-
1553 905 1711 960 card.
1817 913 1954 968 adeo
1981 915 2205 984 ancipiti
2237 923 2291 969 et
2327 916 2544 984 antiqua
2577 930 2765 970 onmes
2793 917 2946 986 sequi
2977 916 3260 972 deberent.

160 1015 274 1056 sacr.
304 1003 488 1056 rituum
523 1013 630 1053 non
654 998 772 1053 vult
812 998 1090 1069 reripere.
1119 997 1264 1070 quod
1293 999 1347 1053 in
1384 999 1464 1052 eis
1503 997 1714 1053 dicatur
1889 1008 2005 1063 lloc
2053 1017 2111 1062 ut
2142 1007 2424 1062 minimum
2456 1006 2643 1063 delere
2673 1023 2743 1063 ex
2781 1008 2895 1063 suis
2935 1009 3076 1063 notis
3110 1009 3408 1064 Pennottus

159 1092 296 1147 fuisse
319 1089 648 1162 professione
679 1089 1085 1144 Beucdictinus.
1109 1087 1382 1144 Caeterum
1408 1099 1514 1143 tam
1546 1089 1702 1144 distat

1862 1100 2099 1165 ebuerat,
2152 1108 2338 1170 utpote
2364 1100 2510 1170 prius
2535 1115 2564 1154 a
2615 1116 2701 1155 me
2747 1100 3061 1155 admonitus
3089 1101 3156 1156 de
3177 1115 3364 1157 erroro
3393 1119 3405 1155 :

158 1199 183 1238 a
206 1182 470 1239 traditione
495 1181 760 1238 Ecclesia:
785 1223 801 1249 ,
832 1181 977 1253 quod
1005 1182 1232 1253 epistola
1273 1181 1390 1253 ipsa
1422 1183 1494 1236 sit
1519 1181 1701 1237 Jacobi

1867 1191 1958 1247 iod
1982 1192 2125 1247 enim
2161 1192 2262 1246 hoc
2295 1192 2414 1247 loco
2448 1192 2643 1247 Dexter
2670 1193 2888 1262 asserit,
2932 1193 3154 1248 venisse
3201 1192 3410 1248 scilicet

157 1277 366 1342 Minoris,
393 1275 532 1344 quod
558 1277 613 1331 in
641 1274 1066 1330 Commentariis
1089 1275 1289 1330 nostris
1310 1274 1712 1330 ostenderimus
1815 1284 2042 1340 Romam
2067 1283 2432 1356 Polycarpmn
2461 1284 2562 1338 sub
2591 1284 2838 1352 Aniceto,
2875 1293 2985 1340 tam
3008 1300 3194 1340 verum
3221 1293 3326 1352 est,
3351 1293 3410 1340 ut

158 1385 210 1425 cx
234 1369 500 1425 traditione
529 1370 696 1425 totius
725 1367 984 1424 Ecclesiae
1013 1369 1262 1438 l‘lispante
1285 1377 1340 1421 et
1365 1367 1538 1438 Syrte,
1568 1377 1623 1422 et
1643 1382 1712 1422 ex
1816 1376 1866 1431 id
1899 1374 2289 1431 aiﬂrmaverint
2335 1377 2666 1447 posteriores
2694 1377 2836 1434 inter
2867 1378 3074 1447 priscos
3114 1378 3408 1442 Doctores,

156 1478 206 1519 re
231 1463 327 1532 ipsa
355 1461 516 1518 fuisse
537 1475 678 1532 Opus
698 1461 942 1530 Majoris,
960 1471 1016 1517 et
1043 1463 1209 1516 totius
1236 1461 1359 1516 novi
1381 1461 1699 1516 Testament

1864 1469 2012 1524 libus
2032 1478 2203 1524 tutmn
2225 1484 2328 1525 non
2349 1471 2456 1526 erit
2477 1470 2760 1538 reluctari,
2784 1470 2835 1525 id
2851 1470 3209 1538 est,lrena:us
3233 1471 3323 1526 lib.
3350 1486 3407 1526 ιιι

158 1554 352 1624 primam
381 1553 731 1622 scripturam.
765 1551 966 1622 Relege
990 1566 1114 1621 quae
1141 1551 1212 1606 ibi
1241 1551 1479 1606 diximus
1523 1549 1590 1605 ad
1616 1565 1701 1605 an-

1860 1571 1999 1616 )ntra
2024 1563 2155 1618 hzer.
2183 1579 2304 1634 cap.
2322 1565 2374 1630 ε,
2393 1562 2752 1635 Hieronymus
2770 1563 2861 1620 lib.
2885 1563 2950 1618 de
2975 1562 3176 1634 Script.
3194 1562 3403 1618 Eccles.

157 1661 262 1700 ιιιιιιι
295 1647 380 1708 57,
423 1661 572 1700 ιιιιιιι.
605 1644 639 1699 6
669 1653 725 1700 et
751 1646 803 1711 'l,
845 1654 903 1700 et
938 1652 1140 1716 quanta
1188 1643 1418 1716 gaudeat
1461 1643 1700 1712 probabi-

1857 1671 1868 1707 ι
1901 1653 2220 1726 Polycarpo,
2266 1665 2320 1709 et
2368 1654 2634 1709 Eusebius
2673 1655 2726 1710 in
2765 1653 2972 1711 Chron.
3012 1670 3158 1712 anno
3189 1655 3400 1712 Domini

156 1739 278 1794 litate
300 1739 557 1794 sententia
589 1739 771 1794 Dextri
798 1738 1026 1793 videbis.
1058 1737 1289 1794 Gravius
1313 1736 1545 1793 excessit
1575 1737 1712 1792 Pen-
1742 1729 1789 1790 Β
1821 1745 1942 1799 156.
1963 1744 2250 1815 llucusqttc
2277 1745 2367 1799 alii
2405 1746 2789 1804 modernorum
2819 1747 3214 1817 subscripsere.
3240 1745 3406 1802 Dedi-

156 1839 326 1894 nottns,
343 1829 464 1885 dum
495 1829 547 1885 id
566 1829 711 1900 quod
735 1829 933 1884 asserit
960 1829 1181 1894 Dexter,
1204 1825 1488 1883 duodecim
1515 1827 1709 1893 tribue,
1815 1852 1937 1890 mus
1957 1851 2142 1891 eorum
2156 1836 2320 1892 verba
2337 1835 2790 1894 inComment.ad
2806 1821 2951 1894 hunc
2975 1839 3154 1910 ipsum
3180 1853 3405 1895 annum.

153 1924 318 1993 quibus
337 1923 568 1978 Jacohus
606 1923 755 1978 misit
788 1923 1096 1994 epistolam,
1137 1922 1302 1977 inisse
1344 1921 1483 1975 intra
1514 1921 1710 1991 llispa-
1887 1929 2059 1985 han
2091 1931 2161 1986 ob
2192 1931 2241 1985 id
2271 1931 2447 2001 potius
2479 1932 2725 2004 lliginius
2753 1933 2817 1988 ad
2841 1933 3107 1990 Lcronem
3135 1933 3408 2004 relegatus

154 2017 307 2083 niam,
334 2032 450 2073 esse
477 2027 848 2073 commentum
875 2059 888 2083 ,
939 2027 994 2072 et
1038 2028 1226 2088 aperte
1263 2027 1452 2072 contra
1497 2031 1697 2072 sacran

1864 2032 1918 2088 st,
1949 2023 2095 2094 quod
2126 2025 2294 2078 insula
2326 2033 2471 2080 esset
2493 2025 2840 2094 serpentibus
2880 2026 3063 2096 plena,
3118 2035 3173 2080 ut
3203 2025 3407 2079 certius

153 2107 448 2181 Scripturam
491 2109 591 2163 lib.
640 2125 694 2164 ιν
737 2110 873 2180 Reg.
924 2110 1039 2164 "nc
1075 2110 1120 2164 Si
1159 2118 1308 2164 esset
1332 2150 1346 2174 ,
1395 2107 1711 2163 llmrelicum
1816 2125 2164 2172 moreretur:
2198 2124 2254 2172 et
2283 2117 2490 2172 idcirco
2535 2116 2717 2171 forsan
2740 2117 2961 2173 dolebat
2992 2117 3312 2173 Ambrosius
3341 2117 3406 2170 ad

154 2215 252 2258 esse
275 2217 424 2258 nemo
453 2212 682 2274 negaret
713 2221 724 2254 :
757 2202 1048 2272 verumfan
1075 2201 1192 2272 ipse
1221 2202 1416 2257 liblum
1449 2201 1602 2256 illum
1635 2199 1715 2254 ic-
1815 2209 2258 2265 Valentinianum
2311 2210 2580 2279 scribens,
2632 2211 2880 2266 exsilium
2924 2213 3093 2266 senis.
3125 2210 3260 2266 Vide
3287 2225 3408 2280 quae

154 2294 268 2362 gerit
307 2307 392 2349 IIII.
425 2295 797 2358 intellexerit,
831 2310 895 2349 ος
947 2293 1033 2350 his
1077 2309 1199 2365 qua:
1241 2295 1350 2348 late
1392 2293 1713 2364 scripsimus
1815 2301 1916 2356 hac
1937 2302 2007 2358 de
2037 2317 2096 2357 re
2123 2303 2363 2357 diximus
2403 2303 2468 2356 ad
2514 2319 2714 2356 annum
2744 2304 2868 2358 584,

153 2387 373 2456 pra-dicto
401 2387 523 2442 loco
551 2403 705 2441 num.
729 2385 787 2456 5,
815 2388 1028 2442 cunctis
1053 2385 1210 2441 facile
1235 2385 1472 2456 patebit;
1499 2399 1624 2457 quae
1646 2398 1712 2440 ne
1885 2393 2020 2448 Illud
2053 2409 2185 2448 vero
2215 2394 2360 2466 quod
2393 2393 2460 2449 de
2491 2393 2552 2449 S.
2609 2394 2832 2450 Paulino
2882 2393 3092 2463 objicit,
3146 2408 3306 2464 quam
3338 2396 3410 2451 sit

150 2490 301 2532 actum
327 2493 487 2549 agere
522 2479 810 2533 videamur
838 2479 890 2534 in
932 2480 1198 2556 praesenti,
1239 2492 1346 2532 non
1387 2477 1707 2546 repetimus.
1813 2485 1912 2540 abs
1939 2501 2022 2550 re,
2048 2486 2398 2554 exposuimus
2425 2485 2547 2540 data
2603 2500 2766 2556 opera
2818 2485 2873 2540 in
2921 2485 3294 2556 superioribus
3339 2487 3406 2541 ad

149 2572 312 2625 Acrem
337 2573 692 2626 nihilominus
716 2586 1007 2627 censuram
1036 2571 1218 2626 amico
1248 2571 1480 2627 libenter
1505 2570 1713 2625 condo-
1814 2589 2017 2630 annum
2044 2577 2220 2645 ipsum
2250 2575 2376 2640 596,
2404 2577 2616 2630 tametsi
2653 2589 2849 2630 nomen
2899 2575 3151 2631 Pennotti
3184 2579 3407 2632 honoris

150 2677 308 2719 namus
339 2682 352 2720 :
381 2674 435 2720 et
466 2665 620 2720 illam
643 2666 843 2731 etiam,
866 2680 970 2736 qua
1001 2676 1192 2720 contra
1223 2665 1502 2720 historiam
1547 2679 1711 2719 evan-
1813 2668 2006 2737 gratia,
2032 2678 2088 2722 et
2119 2667 2220 2723 loci
2254 2667 2695 2733 subticuerimus,
2724 2667 2868 2738 quod
2899 2683 2966 2723 eo
2994 2669 3256 2740 temporis
3285 2669 3408 2726 Tri-

147 2754 344 2822 gelicam
376 2756 534 2814 Joan.
574 2773 629 2812 xt
679 2771 798 2812 esse
846 2757 1020 2824 dicit,
1054 2756 1274 2812 Judzeos
1319 2756 1714 2828 ilierosolymi-
1815 2759 2067 2830 partitam
2098 2775 2249 2814 suam
2295 2761 2534 2815 nondum
2561 2760 2821 2828 ediderat,
2868 2761 2980 2816 illic
3004 2761 3176 2817 lector
3204 2762 3404 2818 nodum

150 2854 299 2914 tanos,
327 2849 523 2904 litteris
557 2848 735 2916 datis,
768 2848 1036 2918 llispanos
1063 2848 1283 2904 Judaeos
1314 2862 1482 2918 super
1511 2847 1711 2904 Christi
1813 2853 2050 2907 solutum
2081 2852 2336 2922 reperiet,
2381 2861 2435 2905 et
2475 2853 2688 2922 objecta
2735 2851 2869 2906 falso
2893 2853 2987 2908 niti
3030 2852 3406 2910 fundamento.

149 2949 293 2995 morte
312 2942 678 2996 consuluisse.
705 2943 821 3008 Qua
853 2942 920 2996 dc
947 2956 1009 2997 re
1037 2940 1152 3016 [use
1181 2941 1390 3010 egimus
1413 2939 1479 2993 ad
1510 2954 1710 2994 annum
1887 2945 2053 3000 Recte
2081 2944 2296 3012 quidem
2317 2943 2367 2998 id
2398 2943 2731 3014 objiceretur
2760 2955 2774 3010 ,
2827 2944 2873 2999 si
2898 2943 3070 3000 codex
3127 2960 3361 3001 excusas
3387 2988 3404 3016 ,

150 3029 278 3086 Dom.
299 3033 857 3100 55,comment.‘2,n.
877 3033 926 3099 l,
954 3032 1089 3087 ctad
1112 3047 1200 3086 an.
1226 3033 1315 3095 37,
1341 3043 1632 3086 comment.
1653 3030 1708 3098 '5,
1814 3053 1922 3110 quo
1960 3036 2260 3092 l‘ennottus
2301 3052 2431 3092 usus
2462 3037 2583 3103 fuit,
2613 3037 2836 3091 vitiatus
2881 3051 2987 3091 non
3013 3045 3191 3104 esset;
3227 3038 3404 3108 ipsum

150 3135 194 3177 Β·
222 3125 266 3180 ί·
290 3125 361 3180 EX
389 3127 591 3198 quibus
627 3125 844 3196 planum
871 3125 962 3180 lict
983 3126 1104 3196 quis
1133 3125 1338 3180 melius
1361 3124 1711 3195 Evangeiium
1741 3110 1788 3174 ο
1820 3142 1996 3189 tamen
2028 3133 2265 3204 oportuit
2297 3131 2589 3187 emendare
2616 3146 2684 3186 ex
2713 3131 2836 3186 aliis
2866 3131 3319 3196 correctioribus;
3352 3131 3406 3186 in

150 3217 493 3277 intellexerit:
542 3223 793 3292 satisque
840 3220 1033 3290 [rigide
1074 3219 1384 3290 oppositum
1432 3218 1486 3276 in
1533 3219 1752 3275 venbis'
1817 3225 2085 3280 sententia
2130 3223 2394 3294 siquidem
2439 3223 2566 3289 illa,
2616 3222 2713 3277 sub
2762 3221 2992 3276 Paciano
3037 3221 3412 3278 Barcinonensi

149 3307 339 3368 Joannis
367 3329 418 3368 xt
457 3312 702 3368 fundari.
1815 3319 2057 3387 episcopo
2085 3319 2312 3371 noscitur
2347 3315 2548 3370 Paulus
2570 3315 2807 3383 Orosius,
2832 3325 2937 3371 etc.
2987 3331 3095 3370 non
3123 3324 3249 3370 sunt
3279 3317 3408 3372 anni

207 3403 332 3459 Deus
374 3407 557 3472 bone,
617 3420 778 3475 quam
828 3404 968 3465 falso
1008 3405 1370 3462 calumniatur
1419 3405 1713 3461 Dextrum!
1820 3407 2032 3465 Domini
2059 3407 2183 3471 584,
2208 3407 2302 3462 sed
2328 3407 2452 3474 570,
2487 3415 2544 3462 ut
2573 3423 2672 3462 suo
2699 3409 2819 3463 loco
2849 3407 3019 3463 videri
3058 3417 3255 3477 potest.
3289 3408 3411 3476 Quo

149 3492 472 3553 Probavimus
499 3499 571 3554 ad
604 3514 804 3552 annum
828 3499 896 3554 58
912 3499 1134 3554 Saulum
1168 3500 1220 3554 in
1245 3498 1470 3553 Paulum
1489 3513 1717 3555 conver-
1818 3501 1945 3556 dato
1975 3502 2077 3556 ruit
2109 3501 2370 3570 objectio,
2401 3516 2522 3554 nam
2547 3517 2689 3555 anno
2709 3500 2812 3554 100
2849 3515 2956 3570 quo
2988 3501 3188 3554 missus
3211 3499 3410 3554 dicitur

147 3601 244 3642 smn
279 3605 413 3648 anno
439 3591 652 3647 Christi
699 3590 800 3662 56(
828 3591 916 3646 die
947 3591 1017 3646 25
1061 3591 1341 3662 Januarii)
1374 3592 1426 3646 id
1475 3602 1590 3655 est,
1625 3607 1715 3648 se-
1818 3595 1888 3649 ab
1908 3595 2178 3666 episcopis
2209 3594 2459 3663 Hispanis
2485 3594 2551 3649 ad
2604 3594 2887 3649 Africanos
2913 3603 3030 3649 erat
3059 3594 3233 3649 aetatis
3263 3596 3330 3648 5t)
3351 3604 3410 3650 et

149 3682 298 3735 eundo
321 3685 388 3738 ah
410 3683 756 3740 Ascensiune
787 3682 1002 3738 Domini
1032 3699 1198 3750 anno,
1233 3684 1308 3738 uti
1336 3684 1576 3738 Ecclesia
1603 3682 1714 3738 Ro-
1819 3685 2037 3756 quidem
2060 3685 2292 3755 juvenis,
2319 3688 2680 3757 quamtnmvis
2703 3687 3013 3757 presbyter;
3041 3687 3120 3741 sic
3145 3687 3289 3740 enim
3315 3701 3412 3741 vo-

147 3786 277 3828 mana
327 3776 378 3831 in
423 3792 531 3831 suo
586 3773 979 3847 martyrologio
1028 3777 1352 3846 proﬁtetur:
1387 3785 1442 3830 et
1488 3791 1611 3830 cum
1651 3790 1717 3830 eo
1819 3787 1973 3832 catur
1997 3777 2066 3832 ab
2096 3779 2398 3846 Augustino
2429 3779 2494 3830 nd
2543 3793 2700 3846 quem
2749 3779 3017 3846 praecipue
3066 3777 3407 3832 mittebatur.

148 3862 375 3925 Barouins
407 3871 460 3924 in
494 3869 646 3924 notis
672 3868 740 3923 ad
769 3884 887 3923 eam
934 3867 1099 3923 diem.
1144 3869 1281 3923 Cum
1310 3878 1490 3923 autem
1520 3868 1718 3923 Paulus
1821 3867 1898 3924 De
1923 3869 2192 3936 legatione
2224 3869 2334 3935 ipsa
2366 3869 2552 3921 multis
2578 3868 2785 3937 egimus
2811 3868 2875 3920 ad
2907 3883 3108 3921 annum
3139 3866 3265 3920 400.

146 3956 1715 4034 ipseprotiteatnrpost'annostresvcnisseilierosolymam,
1893 3961 2043 4028 Quod
2067 3959 2136 4013 de
2164 3960 2366 4029 duplici
2393 3959 2625 4027 Leporio
2671 3959 2889 4024 dicitur,
2925 3973 3111 4028 parum
3156 3965 3410 4013 constare

148 4061 399 4108 necessum
424 4065 510 4109 est
541 4066 601 4109 ut
635 4055 679 4107 is
701 4054 819 4122 ejus
843 4054 1109 4110 adventus
1147 4054 1402 4109 inciderit
1433 4056 1483 4108 in
1514 4068 1716 4108 annum
1819 4051 2169 4124 probavimus
2198 4051 2250 4105 in
2275 4059 2566 4106 comment.
2597 4050 2662 4110 ad
2702 4065 2792 4104 an.
2827 4050 2964 4117 406,
3006 4053 3097 4105 tibi
3144 4053 3410 4106 Pennotto

149 4139 332 4200 Doauini
352 4147 421 4202 58
444 4146 596 4217 quod
629 4146 829 4200 Dexter
846 4147 1080 4212 asserit;
1115 4163 1234 4200 nam
1263 4156 1407 4200 totus
1429 4145 1500 4200 56
1533 4160 1722 4199 nume-
1823 4158 2112 4214 suppresso
2138 4143 2356 4197 nomine
2388 4142 2898 4211 respomlimns,qui
2926 4154 3101 4197 tamen
3131 4144 3256 4199 inde
3280 4159 3410 4213 prm-

148 4235 324 4289 randus
344 4248 450 4302 est,
483 4255 612 4292 cum
635 4240 922 4292 conversio
953 4239 1097 4293 Pauli
1134 4243 1184 4291 in
1232 4240 1382 4293 initio
1415 4239 1559 4292 illius
1581 4237 1722 4291 acci-
1822 4239 1979 4307 cipue
2028 4244 2307 4299 movetur,
2367 4251 2436 4290 ne
2461 4234 2715 4289 videl;cct
2746 4235 3077 4302 reperiretur
3108 4236 3408 4306 discipulus

148 4323 293 4398 derit,
338 4332 387 4386 id
425 4344 507 4387 est
548 4332 625 4386 23
671 4331 934 4386 Jamiarii.
983 4330 1098 4385 Non
1156 4332 1318 4401 igitur
1357 4331 1560 4385 Dexter
1606 4329 1722 4382 vult
1823 4331 2019 4398 aliquis
2061 4327 2341 4399 Augustini
2385 4329 2451 4382 ad
2504 4327 2756 4382 haeresim
2797 4327 3120 4383 declinasse.
3156 4329 3260 4385 Sed
3311 4328 3415 4385 hoc

152 4415 346 4476 liaulum
390 4434 515 4493 post
562 4423 1004 4488 conversionem,
1059 4425 1108 4478 id
1142 4435 1244 4492 est,
1285 4424 1467 4478 statim
1497 4437 1562 4478 ac
1590 4436 1723 4478 con-
1753 4489 1785 4493 _
1825 4426 1941 4480 leve
1965 4423 2254 4477 admodum
2277 4431 2390 4486 est;
2417 4437 2518 4476 nec
2537 4421 2728 4476 minuit
2755 4422 2888 4475 tanti
2923 4426 3158 4491 pastoris
3183 4420 3411 4490 gloriam

153 4525 316 4569 versus
334 4489 1802 4588 est,venisseilierosolymam,utputatPennottusD
1830 4534 1933 4574 una
1967 4517 2211 4574 morbida
2256 4517 2394 4584 ovis,
2452 4519 2592 4570 sicut
2643 4531 2745 4572 nec
2791 4515 2993 4571 Christi
3044 4516 3415 4586 magisterium

160 4615 216 4655 ex
242 4620 327 4660 suo
352 4610 562 4681 capite;
609 4607 704 4663 sed
732 4608 878 4678 quod
909 4622 1054 4663 anno
1090 4609 1304 4664 Domini
1343 4607 1412 4664 58
1445 4617 1570 4677 post
1593 4621 1725 4662 con-
1833 4626 1974 4666 unus
2001 4609 2198 4675 Judas,
2228 4624 2294 4665 eo
2322 4609 2622 4678 praesertim
2651 4609 2795 4680 quod
2853 4607 3195 4680 postmodum
3243 4607 3416 4678 Lepo-

156 4698 457 4771 vcrsionem,
477 4702 532 4757 id
549 4701 783 4771 est,jam
813 4716 1117 4757 conversus
1144 4701 1312 4765 venit,
1341 4702 1593 4755 nimirum
1615 4715 1724 4762 non
1834 4704 1948 4760 rius
1977 4703 2078 4757 iste
2105 4716 2268 4771 opera
2301 4701 2474 4774 ipsius
2511 4701 2797 4772 Augustini
2829 4701 3086 4756 scribitur
3111 4701 3176 4755 ad
3214 4700 3412 4755 bonam

155 4798 260 4842 ante
282 4793 722 4858 conversionem,
745 4792 839 4847 sed
868 4807 1010 4847 anno
1042 4793 1257 4847 Domini
1287 4793 1356 4847 58
1387 4792 1478 4861 qui
1521 4790 1728 4845 scilicet
1834 4804 2071 4852 mentem
2100 4795 2372 4850 redactus.
2405 4793 2575 4850 Porro
2607 4795 2832 4863 prmla'o
2880 4795 3000 4848 loco
3043 4793 3410 4857 ostendimus,

157 4882 317 4942 lerlitti
344 4885 410 4942 ab
428 4901 490 4944 ea
525 4885 647 4942 fuit.
680 4888 750 4942 At
772 4885 914 4954 unde
942 4886 1153 4956 accepit
1181 4885 1481 4940 Pennottus
1501 4883 1726 4939 Paulum
1837 4886 2147 4944 testimonio
2169 4887 2395 4956 Appiani
2447 4885 2797 4940 Alexandrini
2829 4893 2883 4940 et
2905 4885 3172 4940 Ambrosii
3203 4884 3423 4940 Moralis

156 4985 381 5030 nonante
409 4979 480 5034 58
516 4976 734 5036 Domini
771 4991 1093 5033 conversum
1151 4975 1350 5032 fuisse?
1382 4985 1437 5031 et
1464 4992 1572 5031 non
1601 4983 1728 5032 ante
1833 4981 2061 5050 reperiri
2093 4978 2302 5036 Uticam
2351 4978 2405 5033 in
2448 4976 2727 5048 Hispania,
2772 4975 3014 5047 ejusdem
3070 4992 3294 5047 prorsus
3326 4993 3424 5032 no.

157 5061 206 5118 4|
236 5069 543 5127 ascendisse
577 5069 1049 5141 Hierosolymam?
1080 5068 1135 5125 ld
1165 5069 1365 5134 Dexter
1394 5067 1618 5124 minime
1645 5083 1731 5124 as-
1835 5071 1998 5126 minis
2031 5084 2152 5126 cum
2184 5068 2460 5123 Africana.

153 5161 301 5225 serit,
342 5179 439 5224 nec
465 5165 758 5235 qui-quam
784 5163 1051 5234 probabili
1081 5165 1274 5219 saltem
1315 5162 1656 5233 conjectura.
1910 5165 2137 5222 Demum
2167 5163 2310 5233 quod
2343 5161 2529 5216 ultimo
2559 5159 2678 5215 loco
2707 5157 2895 5227 objicit
2942 5158 2996 5212 in
3025 5157 3211 5212 Dextri
3243 5157 3421 5214 Chro:

215 5248 320 5308 Dion
349 5263 435 5310 est
460 5270 650 5312 verum
685 5254 953 5313 Dextrum
985 5270 1258 5322 asserere,
1282 5255 1426 5326 quod
1453 5254 1735 5326 pontiﬁca-
1836 5259 2000 5313 nicon
2020 5257 2089 5312 de
2114 5269 2281 5318 anno,
2322 5267 2430 5323 quo
2457 5251 2526 5306 ab
2569 5252 2688 5321 ipso
2736 5250 3042 5304 absolutum
3091 5249 3211 5315 fuit,
3261 5249 3342 5303 bis
3372 5249 3427 5304 in

159 5345 230 5398 lus
247 5342 358 5402 Liui
385 5348 639 5416 pervenit
656 5348 723 5402 ad
741 5364 944 5405 annum
972 5349 1184 5406 Domini
1206 5350 1305 5416 86;
1337 5350 1554 5406 illorum
1584 5354 1730 5406 enim
1841 5346 2218 5418 superioribus
2246 5345 2535 5410 solvimus,
2586 5345 2636 5398 id
2683 5352 2794 5410 est,
2823 5342 2850 5414 §
2879 5344 2914 5397 3
2943 5343 3221 5414 Apologia:
3254 5342 3435 5413 pradi-

158 5433 821 5502 verborumzdmtoﬂltristi
843 5441 933 5495 86.
957 5457 1046 5509 per
1067 5441 1204 5496 idem
1223 5449 1421 5513 tempus
1436 5439 1735 5497 S.Auacle-
1844 5437 2093 5504 minaris,
2115 5445 2174 5492 et
2206 5438 2259 5492 in
2287 5451 2490 5492 comm.
2529 5435 2596 5490 ad
2629 5435 2814 5491 ultima
2844 5434 3097 5490 Chronici
3138 5434 3322 5491 verba.
3355 5432 3430 5489 lbi

159 5531 248 5588 ius,
271 5531 346 5584 uel
369 5529 549 5588 Clem:
569 5542 883 5588 successerat
908 5532 1074 5599 Lino;
1118 5549 1225 5589 non
1246 5542 1331 5590 est
1349 5548 1563 5601 setisus,
1593 5534 1736 5605 quod
1844 5533 2014 5588 lector
2039 5527 2295 5598 quidquid
2317 5526 2668 5593 desiderabit,
2696 5534 2757 5581 ut
2777 5540 2924 5596 reor,
2960 5526 3216 5581 inveniet.

161 5628 214 5668 eo
237 5619 344 5690 ipso
375 5640 519 5681 anno
549 5627 842 5690 successit;
870 5642 994 5682 cum
1020 5627 1203 5697 potius
1229 5627 1374 5682 dicat
1402 5637 1737 5694 successerat,
1916 5622 2047 5690 Qua:
2073 5635 2204 5675 vero
2244 5620 2298 5674 in
2334 5618 2402 5676 Μ.
2431 5618 2722 5675 Maximum
2757 5619 3051 5676 meditatus
3086 5625 3168 5672 est
3197 5616 3433 5674 Penttot-

161 5724 256 5778 ‘luo
280 5731 405 5776 sane
455 5730 588 5777 ante
619 5721 790 5790 ipsum
843 5737 1048 5787 annum
1078 5722 1148 5780 86
1192 5721 1525 5784 successisse
1564 5725 1738 5780 mani-
1849 5717 2082 5787 tushanc
2101 5714 2800 5783 habentsolutionemﬂuid
2822 5715 2866 5773 si
2888 5711 3195 5783 textusipse
3214 5707 3439 5764 vitiatus
