3908 6288
529 217 629 276 651
1437 209 1733 268 FLAVIUS
1771 207 2022 266 LUCIUS
2070 203 2358 263 DEXTER
2395 202 2930 263 CHRONOLOGUS.
3687 212 3772 273 ωε

535 341 640 398 est,
670 341 723 389 et
751 348 847 404 pro
875 333 1076 388 seniore
1112 331 1274 386 habet
1289 327 1595 400 juniorem?
1620 326 1781 382 Certe
1827 325 1880 379 in
1907 331 2128 380 auctore
2153 325 2212 386 Α
2303 322 2524 378 Similes
2557 322 2762 392 patitur
2796 321 3044 378 defectus
3087 321 3141 378 id
3170 321 3314 394 quod
3341 325 3372 378 7
3397 323 3511 380 loco
3536 325 3703 396 objicit
3721 330 3777 386 de

533 430 906 485 vetustissimo
921 425 1224 484 mirandum
1244 423 1296 478 id
1311 437 1416 476 non
1438 428 1605 475 esset.
1625 418 1732 474 Sed
1746 417 2129 474 credoibinul-
2235 413 2418 468 habitu
2451 412 2754 468 monastico
2775 414 2948 470 sancti
2981 413 3191 468 Turibii
3218 414 3406 470 linum
3435 425 3644 488 accepto
3665 437 3678 472 :
3698 419 3778 490 ipsi

537 522 650 575 lum
683 521 973 589 irrepsisse
1005 516 1292 582 mendum;
1317 516 1362 569 is
1383 513 1528 594 enim
1551 512 1641 582 qui
1672 520 1914 580 tempore
1935 507 2128 564 Dextri
2234 521 2466 576 namque
2493 507 2726 575 probare
2747 506 3035 571 incumbit,
3057 507 3203 579 quod
3230 507 3653 582 producit,un
3673 511 3780 570 dum

535 613 728 668 Junior
772 620 890 666 erat
939 609 1212 677 Isidorus,
1246 615 1496 676 respectu
1538 603 1885 668 vetustior-is,
1941 612 2128 672 pos1ea
2233 613 2340 654 non
2368 597 2515 664 facit,
2545 598 2880 654 infructuose
2905 597 3135 654 laborat.

529 713 780 773 tempore
801 702 870 757 M.
899 698 1144 765 Maximi,
1168 697 1260 769 qui
1301 707 1422 768 post
1457 696 1565 752 200
1586 695 1769 750 floruit
1798 707 1988 759 annos,
2039 707 2127 748 se-
2305 688 2446 757 Quid
2471 689 2519 744 si
2558 688 2738 744 hacin
2781 704 2843 745 re
2872 689 3190 746 dormitavit
3229 690 3535 748 Maximus?
3581 709 3691 750 nam
3730 697 3785 751 de

535 796 655 851 nior
680 793 1000 859 vocabatur,
1034 792 1218 846 habito
1248 790 1456 845 scilicet
1484 798 1738 858 respectu
1760 786 1830 842 ad
1859 786 1918 841 8.
1955 784 2128 840 lsido-
2236 790 2479 852 tempore
2526 782 2720 837 mortis
2751 781 3180 838 clarissimorum
3229 783 3468 840 virorum
3522 787 3785 856 smpissime

532 903 653 942 rum
676 886 1069 952 llispalensem,
1100 883 1192 953 qui
1223 893 1350 938 tunc
1376 882 1555 951 magni
1584 881 1654 935 ab
1682 879 1940 934 onmibus
1965 877 2132 933 habe-
2235 876 2536 932 dubitatum
2568 886 2672 942 εει,
2700 885 2760 931 ιιι
2782 876 3096 946 Augustini,
3123 877 3457 950 llieronymi,
3485 888 3540 934 et
3555 880 3786 936 aliorum:

519 974 713 1035 batur.
747 977 929 1045 Quare
957 990 1119 1046 quem
1145 974 1236 1029 ille
1261 973 1532 1044 juniorem
1563 971 1874 1028 necessario
1894 971 2128 1034 vocavit,
2239 976 2295 1023 ct
2325 966 2619 1038 aliquando
2642 967 2818 1024 bonus
2846 967 3106 1023 dormitat
3130 969 3397 1024 Homerus
3424 969 3585 1026 :solis
3604 970 3789 1040 quidem

533 1071 682 1142 quod
715 1071 881 1125 alium
930 1068 1200 1140 juniorem
1250 1083 1356 1122 non
1399 1065 1669 1138 cognovit,
1722 1065 1813 1120 hic
1856 1067 2131 1121 seniorem
2234 1060 2404 1114 sacris
2431 1059 2743 1114 auctoribus
2771 1060 2955 1115 datum
3004 1061 3220 1116 coalitus
3249 1071 3355 1126 est.
3388 1076 3642 1133 nusqtum
3682 1061 3793 1117 labi-

536 1165 892 1235 nuncupavit,
924 1179 1048 1218 cum
1076 1162 1439 1218 recentiorem
1476 1160 1777 1232 agnoverit.
1817 1159 1972 1227 Quod
2003 1173 2130 1214 vero
2307 1152 2645 1223 Scrupulose
2672 1153 2966 1210 admodum
3014 1153 3211 1209 abnuit
3261 1153 3491 1210 culicem
3533 1154 3794 1224 deglutire,

537 1261 740 1315 librum
773 1257 1174 1328 Allegoriarum
1223 1255 1459 1310 dicatum
1486 1254 1692 1310 scribat
1735 1253 1935 1309 Dexter
1964 1251 2133 1307 Paulo
2235 1247 2414 1318 quiin
2466 1247 2628 1302 rebus
2676 1247 2792 1303 suis
2843 1248 3110 1304 camelum
3161 1247 3426 1304 devorare
3474 1263 3580 1304 non
3624 1249 3796 1304 renuit.

541 1352 737 1408 Orosio
773 1349 1191 1413 Tarraconensi,
1224 1348 1492 1403 Maximus
1517 1362 1649 1403 vero
1691 1355 1958 1402 assertum
1986 1359 2134 1402 asse-
2239 1338 2781 1410 EratAthanagildus
2809 1340 3029 1410 quidem
3057 1339 3383 1396 Arianorum
3415 1340 3545 1396 faece
3572 1339 3797 1405 ἱηΐεειιιεν

540 1452 627 1498 rat
656 1441 851 1496 Orosio
870 1440 1128 1510 episcOpo
1156 1439 1502 1509 Legionensi,
1526 1437 1802 1493 contraria
1832 1453 1940 1493 non
1976 1446 2131 1503 sunt;
2236 1433 2331 1488 sed
2356 1433 2709 1489 sanctitatem
2765 1433 3156 1490 monachorum
3213 1435 3594 1500 reverebatur;
3637 1451 3696 1492 ea
3732 1445 3800 1492 est

538 1535 636 1589 sed
658 1533 924 1588 Maximus
947 1531 1170 1601 exponit
1199 1531 1251 1585 id
1285 1529 1428 1600 quod
1463 1529 1662 1584 Dexter
1684 1531 1862 1584 minus
1894 1529 2134 1600 cXpIica-
2237 1527 2380 1581 enim
2423 1525 2724 1582 sanctitatis
2754 1526 2864 1593 vis,
2898 1533 3004 1582 uta
3047 1527 3271 1598 paganis
3315 1541 3531 1598 quoque
3561 1537 3615 1583 et
3639 1528 3802 1583 ortho-

540 1635 716 1691 verat,
743 1624 934 1694 nequis
957 1624 1146 1679 credat
1173 1623 1366 1678 librum
1392 1622 1541 1676 illum
1567 1620 1739 1675 Paulo
1759 1621 1954 1677 Orosio
1977 1621 2134 1676 disci-
2238 1618 2394 1674 doxze
2426 1618 2547 1674 fidei
2575 1618 2901 1676 adversariis
2943 1629 3262 1690 extorqueat
3301 1635 3544 1676 amorem
3590 1629 3643 1676 et
3675 1635 3801 1676 reve-

539 1720 668 1790 pulo
689 1715 1225 1790 Augustinidicatum
1245 1734 1259 1775 :
1279 1716 1373 1772 sed
1405 1716 1562 1770 alteri
1583 1716 2140 1786 ejusdem;nominiset
2169 1712 2217 1773 B
2243 1711 2496 1766 rentiam.
2521 1709 2631 1766 Sed
2655 1725 2784 1767 vero
2833 1711 3225 1782 Athanagildus
3270 1725 3376 1767 non
3431 1713 3505 1768 ita
3533 1714 3696 1768 errori
3721 1729 3802 1766 suo

540 1811 861 1882 patriae,qui
888 1818 1068 1865 tamen
1087 1809 1152 1861 ad
1196 1808 1590 1878 Lt-gionensem
1638 1807 1825 1862 sedem
1870 1806 1971 1861 fuit
2005 1822 2127 1862 cvc-
2237 1801 2594 1864 adhmrebat,
2636 1811 2694 1856 ut
2737 1801 2932 1858 dubius
2976 1801 3157 1857 forsan
3188 1801 3259 1857 de
3304 1801 3570 1871 religione
3605 1802 3802 1858 multum

538 1915 680 1973 ctus,
713 1903 851 1958 alios
878 1902 1144 1970 siquidem
1187 1916 1254 1954 eo
1291 1900 1510 1954 nomine
1541 1899 1824 1968 insignitos
1867 1898 2036 1954 fuisse
2067 1899 2136 1951 li-
2239 1911 2345 1952 non
2373 1895 2686 1952 adbtereret
2711 1895 2998 1952 catholicae
3023 1896 3182 1967 :quin
3207 1895 3374 1952 immo
3401 1896 3627 1972 interius
3644 1895 3805 1950 catho-

539 2009 671 2068 quet
699 1996 1010 2052 testimonio
1052 1995 1234 2052 Dextri
1277 1994 1344 2050 ad
1383 2010 1510 2051 ann.
1560 1993 1666 2050 566
1712 1992 1862 2050 etM.
1920 1992 2135 2048 Maximi
2238 1994 2358 2048 licis
2380 1991 2690 2047 consentire
2717 1991 3016 2047 dicebatur.
3042 1990 3154 2047 Nec
3176 1991 3373 2046 mirum
3394 2005 3521 2045 cum
3541 1989 3806 2045 monacho-

541 2088 608 2142 ad
639 2104 730 2142 an.
756 2087 880 2143 609..
2241 2103 2359 2143 rmn
2384 2086 2712 2141 monasteria
2741 2083 3035 2141 aedificaret
3055 2094 3149 2140 aut
3171 2091 3525 2148 restauraret,
3549 2091 3606 2136 ut
3624 2081 3803 2153 Syslam

611 2179 964 2250 Manuscripti
987 2178 1206 2234 codices
1227 2193 1416 2234 omnes
1435 2178 1913 2234 habentDextrum
1939 2179 2140 2234 obiisse
2241 2188 2582 2236 restaurasse
2612 2178 2832 2234 dicitur.
2868 2178 2943 2233 De
2972 2179 3190 2234 nomine
3217 2187 3399 2231 autem
3442 2176 3561 2246 ejus
3599 2175 3803 2232 cmnobii

545 2286 688 2326 anno
721 2270 936 2326 Domini
964 2269 1070 2325 414
1101 2286 1208 2325 non
1238 2269 1366 2337 459,
1397 2281 1452 2326 et
1476 2271 1594 2341 ipse
1621 2271 2140 2340 Cmsaraugustanus
2242 2288 2349 2328 non
2382 2272 2608 2327 multum
2630 2287 2782 2338 curo,
2815 2286 2938 2326 nam
2971 2269 3142 2340 potuit
3165 2270 3220 2324 in
3249 2268 3520 2324 honorem
3547 2267 3805 2323 multorum

545 2378 778 2419 excusus
827 2376 989 2418 manu
1037 2363 1208 2434 ipsius
1257 2365 1598 2419 recensentis
1649 2372 1935 2420 correctus
1978 2364 2139 2434 vulgo
2241 2365 2404 2422 simul
2431 2373 2747 2420 sanctorum
2799 2363 3081 2429 aedificari,
3113 2361 3342 2433 quodin
3389 2360 3518 2417 aliis
3562 2358 3804 2419 videmus;

543 2458 714 2512 venit.
2243 2467 2336 2514 aut
2364 2458 2596 2512 alterum
2628 2471 2850 2524 nomen,
2885 2471 3008 2512 cum
3057 2454 3391 2511 mdilicatum
3445 2462 3553 2520 est,
3608 2451 3806 2508 alterum

614 2547 1016 2620 Rectequidem
1043 2547 1117 2602 ait
1139 2547 1408 2602 Maximus
1428 2545 1652 2602 Paulum
1665 2545 1921 2603 Orosium
1939 2547 2140 2604 obiissc
2242 2552 2296 2608 in
2327 2548 2748 2606 rcmdificatione
2785 2547 2973 2604 sortiri
3000 2547 3195 2618 potuit.

543 2644 860 2702 centenario
885 2643 1148 2713 majorem
1184 2655 1328 2696 anno
1373 2639 1574 2695 Christi
1605 2641 1706 2695 471
1738 2684 1752 2710 ,
1801 2657 1926 2696 cum
1981 2652 2138 2699 natus
2317 2643 2398 2698 En
2430 2642 2696 2699 camelum
2743 2656 2905 2712 quem
2955 2641 3223 2712 deglutire
3270 2639 3575 2696 Pennottus
3602 2652 3700 2695 non
3736 2651 3808 2691 re-

543 2739 706 2794 fucrit
735 2737 862 2804 570,
895 2745 950 2790 ut
971 2734 1328 2817 correctiores
1358 2733 1575 2790 codices
1603 2734 1834 2802 habent,
1857 2733 2055 2805 dequo
2084 2736 2136 2791 in
2245 2737 2386 2793 nuit.
2423 2734 2718 2791 Ecclesium
2757 2735 2816 2791 8.
2861 2735 3047 2791 Mariae
3077 2734 3146 2790 de
3191 2735 3354 2790 Pilari
3403 2734 3478 2789 ab
3530 2728 3806 2802 apostolicis

543 2829 902 2899 responsione
916 2828 1067 2900 ad.“
1095 2826 1368 2898 objectum
1388 2825 1679 2882 adversum
1701 2827 1980 2896 Dextrum,
2005 2829 2138 2884 satis
2245 2828 2584 2900 temporibus
2614 2843 2784 2899 usque
2812 2827 2877 2882 ad
2911 2841 3149 2898 praesens
3168 2867 3184 2895 ,
3231 2827 3350 2882 sine
3403 2823 3805 2897 interpellatione

546 2923 803 2978 diximus.
2244 2920 2416 2977 fuisse
2445 2921 2830 2978 canonicorum
2850 2914 3200 2992 regularium,
3223 2936 3388 2992 quam
3421 2929 3602 2976 tamen
3621 2923 3804 2973 constat

619 3017 886 3086 Suspecta
910 3030 1124 3085 quoque
1145 3014 1274 3070 mihi
1297 3030 1399 3070 vox
1427 3014 1517 3070 illa
1541 3023 1645 3082 est,
1677 3015 1772 3071 sed
1795 3015 1864 3072 ab
1885 3017 2141 3085 Augusti-
2189 3085 2207 3086 ί
2245 3013 2312 3068 ad
2336 3015 2612 3085 regulares
2640 3013 2924 3070 transiisse
2953 3028 3098 3070 anno
3147 3014 3362 3068 Domini
3397 3013 3531 3069 1141
3579 3008 3806 3069 beneficio

545 3109 726 3165 nianis
753 3106 997 3162 eremitis
1014 3107 1251 3162 additam
1281 3123 1389 3162 non
1430 3107 1620 3176 credo,
1642 3109 1737 3163 sed
1774 3108 1844 3163 ab
1874 3109 2145 3164 Euthrau-
2167 3085 2215 3150 (ἶ
2248 3105 2556 3162 Innocentii
2577 3105 2681 3162 PP.
2711 3105 2775 3171 ll,
2805 3105 2958 3177 cujus
2986 3121 3153 3178 super
3173 3121 3235 3161 ea
3266 3121 3326 3161 re
3351 3105 3661 3177 apostolicae
3687 3103 3805 3158 litte-

545 3203 638 3270 do,
670 3209 765 3254 aut
794 3199 864 3255 ab
888 3199 995 3254 alio
1024 3201 1246 3268 antiquo
1292 3198 1608 3265 Scholiaste,
1650 3215 1747 3255 seu
1786 3211 2138 3271 annotatore;
2246 3214 2324 3256 ra:
2353 3213 2419 3254 eo
2443 3212 2587 3253 anno
2620 3197 2907 3268 expeditae,
2939 3199 3030 3268 qui
3057 3201 3140 3254 sui
3170 3198 3523 3268 pontificatus
3545 3198 3641 3254 fuit
3658 3197 3732 3260 19..
3761 3196 3803 3249 in

547 3306 653 3363 qua
682 3293 750 3347 de
779 3307 838 3346 re
869 3293 1002 3347 satis
1033 3292 1264 3347 diximus
1289 3292 1342 3348 in
1373 3301 1670 3348 comment.
1697 3293 1766 3348 ad
1789 3308 1916 3349 ann.
1949 3295 2056 3350 429
2083 3314 2140 3352 ιι.
2247 3291 2416 3362 ipsius
2444 3289 2767 3347 venerandae
2797 3288 3044 3346 ecclesiae
3067 3289 3291 3344 archivo
3313 3296 3679 3352 asservantur,
3699 3300 3801 3340 cum

546 3387 610 3452 5,
644 3399 744 3440 nec
789 3385 1013 3438 omnino
1060 3399 1166 3439 vox
1217 3386 1330 3455 ipsa
1372 3399 1403 3439 a
1429 3394 1644 3440 vetusto
1684 3385 1850 3442 modo
1887 3387 2142 3458 loquendi
2246 3384 2366 3439 aliis
2394 3381 2617 3453 Eugenii
2650 3381 2715 3437 lll
2758 3397 2850 3437 an.
2885 3381 3023 3439 1166
3053 3380 3406 3452 pontificatus
3429 3396 3522 3435 an.
3550 3378 3604 3444 2.
3632 3388 3685 3436 et
3704 3377 3803 3432 aliis

543 3477 872 3546 scriptorum
895 3476 1177 3542 abhorret,
1211 3493 1333 3530 eum
1357 3476 1649 3532 Zacharias
1693 3478 1972 3534 Romanus
1995 3479 2141 3536 Pon-
2246 3476 2432 3531 itidem
2456 3474 2747 3530 Alexandri
2778 3472 2845 3528 ill
2872 3488 3015 3530 anno
3045 3473 3213 3540 U75,
3248 3473 3596 3543 pontificatus
3630 3471 3707 3526 sui
3729 3468 3803 3532 12,

548 3571 703 3636 tilex,
735 3571 825 3641 qui
852 3584 957 3625 non
988 3570 1146 3640 longe
1175 3587 1206 3624 a
1227 3569 1295 3626 M.
1332 3570 1566 3626 Maximo
1589 3571 1745 3639 vixit,
1776 3572 2028 3628 ordinem
2078 3575 2139 3630 s,
2245 3583 2381 3640 quas
2409 3567 2476 3622 ad
2506 3581 2663 3623 suum
2711 3568 2951 3622 lavorem
2993 3565 3238 3622 canonici
3282 3566 3460 3636 ipsius
3487 3563 3729 3634 allegant,
3763 3570 3806 3616 et

547 3663 830 3719 Benedicti
875 3663 1233 3718 nominaverit
1279 3661 1335 3717 in
1387 3663 1669 3735 privilegio
1707 3679 1738 3719 a
1784 3679 1844 3721 se
1882 3679 2142 3722 concesso
2248 3659 2626 3731 producuutiu
2645 3674 2806 3715 causa
2827 3673 2992 3728 super
3016 3657 3376 3730 prmcedentia
3399 3673 3562 3730 quam
3581 3654 3806 3712 cumaliis

551 3755 753 3812 Vener.
791 3756 1043 3813 emnobio
1067 3753 1526 3825 Montis-Cassini,
1556 3756 1710 3827 cujus
1740 3757 1904 3814 verba
1935 3773 2001 3814 eo
2037 3759 2140 3817 loci
2244 3750 2648 3808 casthedralibus
2677 3751 2962 3818 Aragouim
3002 3759 3260 3816 tractant;
3305 3765 3517 3822 easque
3544 3747 3701 3806 refert
3719 3746 3810 3801 Aa-

548 3850 818 3908 dedimus.
2243 3844 2494 3916 gustinus
2528 3842 2799 3899 Morianes
2821 3843 2872 3899 in
2894 3843 3219 3913 allegatione
3247 3856 3346 3912 pro
3382 3839 3616 3899 ecclesia
3641 3841 3703 3894 de
3738 3836 3808 3891 Pi-

620 3944 734 4000 Hoc
766 3945 885 4000 loco
912 3944 1070 4001 facile
1119 3946 1418 4001 Pennottus
1450 3945 1699 4016 miratur,
1735 3963 1858 4004 cum
1905 3951 2138 4022 idipsum
2244 3936 2344 3993 Ῑ³ι⁶ί
2378 3944 2530 4005 [δέδηε
2557 3934 2615 4000 9s
2640 3951 2787 3990 ιιυῐη·
2811 3935 2938 3992 585-
2955 3934 3133 3990 (3³3181³
3138 3949 3226 3988 Ill“
3251 3933 3395 4003 (ιυοά
3415 3929 3806 4022 ἀίεῖιίιιεδτξηιι

545 4037 689 4104 quod
711 4035 973 4091 Maximus
996 4037 1063 4091 de
1087 4036 1146 4092 s.
1178 4037 1464 4108 Fulgenlio
1486 4037 1755 4110 RuSpensi
1801 4021 2014 4110 scribit,
2047 4043 2140 4099 alii
2243 4028 2510 4106 Maximus
2536 4027 2738 4082 multos
2759 4026 2876 4082 dies
2906 4027 3080 4098 ipsum
3107 4026 3282 4095 egisse
3313 4025 3419 4081 sub
3442 4025 3625 4094 recula
3652 4022 3706 4079 S-
3731 4021 3809 4075 Βε-

543 4144 760 4199 quoque
779 4139 1031 4184 auctores
1057 4128 1350 4198 fateantur,
1379 4139 1437 4185 ut
1459 4131 1643 4188 videre
1665 4141 1746 4188 est
1789 4132 1932 4204 apud
1971 4134 2125 4206 Equi‘

2246 4122 2447 4181 nediCti
2479 4122 2530 4176 in
2559 4120 2676 4176 :cde
2703 4118 2762 4176 8.
2796 4119 2978 4174 Mariae
3005 4119 3075 4174 de
3105 4117 3390 4181 Columna,
3419 4125 3479 4172 et
3499 4113 3640 4187 quod
3669 4125 3809 4184 prope

545 4222 719 4276 linum
745 4223 838 4278 lib.
857 4239 914 4289 tt,
940 4236 989 4278 c.
1019 4224 1108 4291 52,
1135 4221 1292 4279 Joan.
1318 4223 1598 4280 Marietam
1618 4224 1684 4281 de
1710 4223 1930 4283 Sanctis
1951 4204 2141 4300 Ηίέρδ-
2242 4225 2360 4272 erat
2377 4213 2766 4271 Monasterium
2789 4227 2945 4266 suum
2969 4213 3347 4274 constitutum,
3371 4224 3444 4266 eo
3457 4209 3629 4266 solum
3644 4204 3803 4269 tendit,

543 4316 683 4382 nite,
714 4325 769 4372 et
799 4302 957 4372 alios.
2245 4319 2304 4367 ut
2320 4312 2532 4377 innuat,
2561 4325 2686 4367 cum
2730 4310 2965 4381 primum
3003 4307 3337 4364 Benedictiui
3367 4307 3806 4377 Cmsaraugnstam

616 4408 694 4463 De
721 4424 854 4463 voce
884 4409 996 4474 illa,
1022 4410 1220 4464 ordinis
1242 4409 1300 4466 S.
1335 4409 1624 4478 Benedicti,
1655 4410 1766 4466 dixi
1800 4411 1964 4468 modo
1987 4429 2134 4468 num.
2170 4477 2189 4478 ί
2245 4402 2607 4460 adventarunt
2635 4402 2806 4458 adem
2837 4401 3128 4458 incoluisse
3160 4400 3396 4472 pariatur
3421 4400 3667 4458 ecclesia:
3696 4409 3807 4451 con-

539 4500 610 4566 4;
654 4500 957 4555 I-‘eunottus
979 4515 1106 4554 vero
1132 4499 1373 4556 infensus
1401 4502 1792 4569 Benedictinis,
1817 4503 1963 4574 quod
1994 4505 2137 4560 inter
2164 4477 2218 4538 D
2244 4494 2440 4565 “suam
2461 4537 2479 4564 ν
2530 4509 2629 4552 seu
2658 4494 2890 4550 Viduam
2912 4535 2928 4561 ,
2979 4495 3124 4550 unde
3166 4494 3433 4551 adeuntes
3468 4510 3584 4551 rem
3625 4503 3806 4548 88mm

540 4605 801 4662 utrosque
827 4607 992 4662 super
1016 4591 1273 4646 ordinum
1321 4593 1643 4665 antiquitate
1663 4595 1864 4651 acriter
1889 4596 2137 4652 deeerta-
2237 4604 2424 4646 coram
2452 4588 2686 4660 imagine
2716 4589 2777 4644 Β.
2804 4587 2900 4644 Dei
2921 4587 3208 4645 Genitricis
3245 4589 3487 4657 quotidie
3517 4584 3803 4643 faciebant:

540 4695 652 4742 tum
668 4687 760 4752 sit,
788 4685 1061 4740 inuncrito
1084 4695 1135 4738 et
1163 4685 1332 4753 gratis
1352 4686 1608 4756 deprimit
1634 4688 1844 4745 ordinis
1868 4689 1926 4746 8.
1953 4690 2132 4746 Bene-

537 4779 667 4833 dicti
698 4777 1100 4848 autiquitatem,
1135 4782 1192 4831 et
1218 4775 1560 4835 fundationes
1591 4782 2050 4839 monasteriorum
2078 4782 2132 4838 iu

536 4869 818 4938 llispauia,
841 4884 976 4941 quas
1005 4886 1176 4942 usque
1205 4870 1272 4925 ad
1317 4886 1517 4928 annum
1552 4873 1764 4929 Domini
1790 4874 1896 4931 6i6
1925 4877 2133 4932 violen-

538 4972 626 5017 ter
673 4963 981 5031 suspendit;
1034 4964 1177 5034 quod
1208 4972 1386 5021 tamen
1439 4981 1547 5022 non
1597 4967 1858 5037 probans,
1912 4969 2129 5038 preprio

2237 4696 2518 4754 quousque
2549 4682 2658 4737 illis
2685 4681 3011 4737 :edilicatum
3042 4680 3142 4735 fuit
3167 4679 3480 4736 ctenobium
3509 4677 3580 4734 ad
3629 4675 3804 4732 Nam:

2238 4777 2505 4843 Sanctae;
2535 4776 2679 4847 quod
2709 4775 2860 4833 brevi
2891 4785 3134 4844 tempore
3163 4773 3278 4829 fieri
3307 4772 3514 4844 potuit;
3547 4781 3603 4828 et
3630 4767 3805 4824 nihilo-

2236 4875 2417 4930 minus
2438 4872 2545 4929 dici
2575 4888 2700 4929 vere
2725 4871 3067 4944 postmodum
3090 4871 3278 4943 quivit,
3305 4869 3448 4942 quod
3467 4878 3630 4924 antea
3658 4873 3803 4935 prope

2231 4966 2522 5022 ecclesiam
2548 4965 2616 5020 de
2647 4965 2814 5020 Pilari
2845 4973 2964 5021 erat
3015 4964 3403 5018 monasterium
3433 4958 3800 5018 monachorum

2231 5058 2291 5114 S.
2322 5057 2620 5113 Benedicti.
2640 5055 2779 5124 Quid
2800 5056 2944 5111 enim
2969 5054 3217 5110 estaliud
3249 5052 3637 5110 monasterium
3658 5061 3798 5121 quam

2230 5150 2425 5206 domus
2453 5167 2484 5206 a
2510 5150 2794 5207 monachis
2823 5148 3099 5204 habitata?
3129 5147 3224 5205 sed
3253 5159 3306 5204 et
3333 5147 3439 5204 hoc
3455 5146 3693 5220 quotidie
3733 5141 3799 5194 vi-

2229 5243 2421 5300 demus
2451 5243 2503 5298 in
2547 5241 2832 5298 monachis
2875 5240 3206 5308 reformatis,
3229 5240 3321 5310 qui
3352 5241 3636 5311 primume
3655 5236 3795 5292 domo

2231 5337 2368 5392 satis
2397 5333 2600 5405 vulgari
2643 5333 3036 5391 monaSterium
3066 5331 3427 5398 constituunt,
3460 5330 3577 5386 sola
3603 5329 3797 5383 clausu-

2229 5443 2291 5483 ra
2315 5437 2370 5484 et
2399 5425 2716 5497 campanula
2749 5424 2817 5480 ad
2839 5432 3050 5494 portam
3071 5422 3283 5478 addita:
3321 5437 3353 5479 e
3371 5436 3476 5490 qua
3501 5420 3793 5493 plerumque

2227 5519 2297 5576 ad
2326 5533 2523 5574 novum
2548 5516 2839 5572 aedilicium
2862 5515 3010 5572 brevi
3035 5522 3336 5582 transeunt,
3359 5513 3546 5569 veteris
3563 5519 3792 5566 monime-

2227 5611 2296 5666 rii
2323 5609 2542 5667 nomine
2563 5609 2750 5666 domui
2780 5607 2943 5678 priori
2987 5607 3201 5665 relicto.

2299 5705 2438 5763 llinc
2467 5703 2649 5778 potius
2677 5703 2847 5762 robur
2872 5701 3073 5774 accipit
3111 5700 3381 5760 sententia
3408 5697 3563 5757 card.
3606 5694 3785 5753 Bellar-

532 5064 714 5111 marte
747 5055 891 5126 loqui
915 5058 1279 5127 convincitur,
1315 5066 1371 5113 et
1390 5059 1584 5115 saltem
1607 5059 1658 5114 in
1685 5059 1786 5114 hac
1816 5074 1999 5127 causa,
2028 5075 2120 5116 cu-

525 5147 619 5218 jus
643 5163 767 5218 pars
804 5149 1048 5206 formalis
1075 5161 1182 5220 est,
1218 5161 1406 5222 utpote
1439 5152 1791 5208 vehementer
1818 5161 2125 5224 suspectus,

528 5240 832 5296 audiendus
856 5258 963 5296 non
993 5255 1096 5298 est.
1125 5243 1232 5300 Sed
1255 5244 1385 5315 quid
1416 5245 1461 5300 si
1489 5245 1547 5301 8.
1587 5243 1900 5300 Vincentius
1937 5245 2126 5316 Legio-

527 5333 721 5390 nensis
743 5334 887 5388 circa
915 5350 1114 5390 annum
1150 5338 1362 5392 Domini
1389 5336 1494 5392 5M
1523 5336 1733 5392 Italiam
1763 5337 2120 5406 contendens,

525 5423 778 5478 habitum
810 5423 876 5478 de
905 5435 1065 5479 manu
1089 5426 1146 5481 S.
1174 5427 1234 5481 P.
1259 5428 1536 5484 Benedicti
1567 5427 1764 5495 induit,
1789 5428 1879 5498 qui
1901 5437 2124 5485 auctore

527 5516 651 5587 ipso
684 5515 951 5571 Pennotto
1004 5518 1072 5572 ab
1101 5532 1244 5574 anno
1293 5519 1400 5575 525
1447 5519 1742 5575 monachos
1789 5534 2123 5591 congregare

529 5616 794 5677 cmperat,
826 5607 950 5663 inde
969 5607 1022 5662 in
1051 5610 1278 5679 patriam
1302 5612 1581 5680 remeavit,
1616 5611 1707 5666 ubi
1732 5627 1876 5670 anno
1896 5613 2000 5670 516
2019 5612 2121 5668 sub

534 5702 841 5760 liichillane
857 5716 982 5775 rege
996 5702 1172 5760 Suevo
1187 5702 1444 5762 haeretica
1463 5707 1780 5778 martyrium
1795 5721 1987 5780 passus
2003 5707 2120 5765 est?
