  <div class='ocr_page' id='page_1' title='image "/cluster/home/n/w/nwhite01/storage/ocr_20150623/31/uva.x000826569/324.png"; bbox 0 0 3908 6294; ppageno 0'>
   <div class='ocr_carea' id='block_1_1' title="bbox 146 226 240 287">
    <p class='ocr_par' dir='ltr' id='par_1_1' title="bbox 146 226 240 287">
     <span class='ocr_line' id='line_1_1' title="bbox 146 226 240 287; baseline 0 -2"><span class='ocrx_word' id='word_1_1' title='bbox 146 226 240 287; x_wconf 76' lang='grc'><strong>635</strong></span> 
     </span>
    </p>
   </div>
   <div class='ocr_carea' id='block_1_2' title="bbox 1148 172 2298 280">
    <p class='ocr_par' dir='ltr' id='par_1_2' title="bbox 1148 172 2298 280">
     <span class='ocr_line' id='line_1_2' title="bbox 1148 172 2298 280; baseline 0.004 -5"><span class='ocrx_word' id='word_1_2' title='bbox 1148 172 1677 279; x_wconf 64' lang='grc' dir='ltr'><strong>Αροιοοετιουὲ</strong></span> <span class='ocrx_word' id='word_1_3' title='bbox 1714 215 1851 275; x_wconf 75' lang='lat' dir='ltr'><strong>eno</strong></span> <span class='ocrx_word' id='word_1_4' title='bbox 1888 218 1949 276; x_wconf 87' lang='lat' dir='ltr'><strong>L.</strong></span> <span class='ocrx_word' id='word_1_5' title='bbox 1994 220 2298 280; x_wconf 77' lang='lat' dir='ltr'><strong>nsxrno.</strong></span> 
     </span>
    </p>
   </div>
   <div class='ocr_carea' id='block_1_3' title="bbox 3294 232 3399 292">
    <p class='ocr_par' dir='ltr' id='par_1_3' title="bbox 3294 232 3399 292">
     <span class='ocr_line' id='line_1_3' title="bbox 3294 232 3399 292; baseline 0.01 -1"><span class='ocrx_word' id='word_1_6' title='bbox 3294 232 3399 292; x_wconf 69' lang='grc' dir='ltr'>σει</span> 
     </span>
    </p>
   </div>
   <div class='ocr_carea' id='block_1_4' title="bbox 144 332 3393 416">
    <p class='ocr_par' dir='ltr' id='par_1_4' title="bbox 144 332 3393 416">
     <span class='ocr_line' id='line_1_4' title="bbox 144 332 3393 416; baseline 0.002 -19"><span class='ocrx_word' id='word_1_7' title='bbox 144 340 277 405; x_wconf 86' lang='lat' dir='ltr'><strong>mini,</strong></span> <span class='ocrx_word' id='word_1_8' title='bbox 304 352 424 409; x_wconf 72' lang='lat' dir='ltr'><strong>qua:</strong></span> <span class='ocrx_word' id='word_1_9' title='bbox 443 334 726 392; x_wconf 83' lang='lat' dir='ltr'><strong>canonicis</strong></span> <span class='ocrx_word' id='word_1_10' title='bbox 750 334 880 405; x_wconf 83' lang='lat' dir='ltr'><strong>ipsis</strong></span> <span class='ocrx_word' id='word_1_11' title='bbox 908 332 1249 405; x_wconf 71' lang='lat' dir='ltr'><strong>regularibus</strong></span> <span class='ocrx_word' id='word_1_12' title='bbox 1278 334 1471 403; x_wconf 92' lang='lat' dir='ltr'><strong>placet,</strong></span> <span class='ocrx_word' id='word_1_13' title='bbox 1508 332 1561 389; x_wconf 92' lang='lat' dir='ltr'><strong>id</strong></span> <span class='ocrx_word' id='word_1_14' title='bbox 1592 341 1698 399; x_wconf 88' lang='lat' dir='ltr'><strong>est,</strong></span> <span class='ocrx_word' id='word_1_15' title='bbox 1729 332 1782 393; x_wconf 81' lang='grc' dir='ltr'><strong>Δ</strong></span> <span class='ocrx_word' id='word_1_16' title='bbox 1809 344 2017 392; x_wconf 91' lang='lat' dir='ltr'><strong>nottum</strong></span> <span class='ocrx_word' id='word_1_17' title='bbox 2050 337 2102 392; x_wconf 94' lang='lat' dir='ltr'><strong>id</strong></span> <span class='ocrx_word' id='word_1_18' title='bbox 2129 354 2236 394; x_wconf 89' lang='lat' dir='ltr'><strong>non</strong></span> <span class='ocrx_word' id='word_1_19' title='bbox 2266 339 2543 411; x_wconf 77' lang='lat' dir='ltr'><strong>ignorare,</strong></span> <span class='ocrx_word' id='word_1_20' title='bbox 2574 343 2667 416; x_wconf 86' lang='lat' dir='ltr'><strong>qui</strong></span> <span class='ocrx_word' id='word_1_21' title='bbox 2690 358 2837 416; x_wconf 66' lang='lat' dir='ltr'><strong>saepe</strong></span> <span class='ocrx_word' id='word_1_22' title='bbox 2862 342 2916 401; x_wconf 91' lang='lat' dir='ltr'><strong>in</strong></span> <span class='ocrx_word' id='word_1_23' title='bbox 2945 343 3240 415; x_wconf 83' lang='lat' dir='ltr'><strong>Tripartita</strong></span> <span class='ocrx_word' id='word_1_24' title='bbox 3269 362 3393 415; x_wconf 87' lang='lat' dir='ltr'><strong>sua,</strong></span> 
     </span>
    </p>
   </div>
   <div class='ocr_carea' id='block_1_5' title="bbox 143 426 1695 499">
    <p class='ocr_par' dir='ltr' id='par_1_5' title="bbox 143 426 1695 499">
     <span class='ocr_line' id='line_1_5' title="bbox 143 426 1695 499; baseline -0.006 -7"><span class='ocrx_word' id='word_1_25' title='bbox 143 432 329 492; x_wconf 89' lang='lat' dir='ltr'><strong>Simoni</strong></span> <span class='ocrx_word' id='word_1_26' title='bbox 348 428 604 487; x_wconf 87' lang='lat' dir='ltr'><strong>Uverliuo</strong></span> <span class='ocrx_word' id='word_1_27' title='bbox 627 428 917 499; x_wconf 61' lang='lat' dir='ltr'><strong>praeposito</strong></span> <span class='ocrx_word' id='word_1_28' title='bbox 937 426 1152 482; x_wconf 67' lang='lat' dir='ltr'><strong>Sanetrc</strong></span> <span class='ocrx_word' id='word_1_29' title='bbox 1172 426 1355 481; x_wconf 61' lang='lat' dir='ltr'><strong>Maria:</strong></span> <span class='ocrx_word' id='word_1_30' title='bbox 1371 428 1422 482; x_wconf 92' lang='lat' dir='ltr'><strong>in</strong></span> <span class='ocrx_word' id='word_1_31' title='bbox 1446 427 1695 495; x_wconf 82' lang='lat' dir='ltr'><strong>Diessen,</strong></span> 
     </span>
    </p>
   </div>
   <div class='ocr_carea' id='block_1_6' title="bbox 142 519 1698 599">
    <p class='ocr_par' dir='ltr' id='par_1_6' title="bbox 142 519 1698 599">
     <span class='ocr_line' id='line_1_6' title="bbox 142 519 1698 599; baseline 0.004 -27"><span class='ocrx_word' id='word_1_32' title='bbox 142 542 281 599; x_wconf 70' lang='lat' dir='ltr'><strong>quem</strong></span> <span class='ocrx_word' id='word_1_33' title='bbox 305 522 542 594; x_wconf 73' lang='lat' dir='ltr'><strong>sequitur</strong></span> <span class='ocrx_word' id='word_1_34' title='bbox 574 521 890 577; x_wconf 84' lang='lat' dir='ltr'><strong>Bernardus</strong></span> <span class='ocrx_word' id='word_1_35' title='bbox 927 519 1253 591; x_wconf 79' lang='lat' dir='ltr'><strong>Viodingus,</strong></span> <span class='ocrx_word' id='word_1_36' title='bbox 1290 535 1396 575; x_wconf 91' lang='lat' dir='ltr'><strong>non</strong></span> <span class='ocrx_word' id='word_1_37' title='bbox 1429 521 1573 576; x_wconf 88' lang='lat' dir='ltr'><strong>enim</strong></span> <span class='ocrx_word' id='word_1_38' title='bbox 1610 537 1698 578; x_wconf 85' lang='lat' dir='ltr'><strong>rc-</strong></span> 
     </span>
    </p>
   </div>
   <div class='ocr_carea' id='block_1_7' title="bbox 141 612 1696 692">
    <p class='ocr_par' dir='ltr' id='par_1_7' title="bbox 141 612 1696 692">
     <span class='ocr_line' id='line_1_7' title="bbox 141 612 1696 692; baseline -0.003 -18"><span class='ocrx_word' id='word_1_39' title='bbox 141 619 250 692; x_wconf 74' lang='lat' dir='ltr'><strong>gula</strong></span> <span class='ocrx_word' id='word_1_40' title='bbox 284 616 496 687; x_wconf 85' lang='lat' dir='ltr'><strong>scripta,</strong></span> <span class='ocrx_word' id='word_1_41' title='bbox 526 614 625 669; x_wconf 91' lang='lat' dir='ltr'><strong>sed</strong></span> <span class='ocrx_word' id='word_1_42' title='bbox 658 613 774 668; x_wconf 87' lang='lat' dir='ltr'><strong>viva</strong></span> <span class='ocrx_word' id='word_1_43' title='bbox 805 627 971 680; x_wconf 89' lang='lat' dir='ltr'><strong>voce,</strong></span> <span class='ocrx_word' id='word_1_44' title='bbox 1006 622 1063 669; x_wconf 92' lang='lat' dir='ltr'><strong>et</strong></span> <span class='ocrx_word' id='word_1_45' title='bbox 1100 612 1360 681; x_wconf 79' lang='lat' dir='ltr'><strong>exemplo</strong></span> <span class='ocrx_word' id='word_1_46' title='bbox 1397 613 1696 669; x_wconf 81' lang='lat' dir='ltr'><strong>monachos</strong></span> 
     </span>
    </p>
   </div>
   <div class='ocr_carea' id='block_1_8' title="bbox 142 704 1696 768">
    <p class='ocr_par' dir='ltr' id='par_1_8' title="bbox 142 704 1696 768">
     <span class='ocr_line' id='line_1_8' title="bbox 142 704 1696 768; baseline -0.005 -1"><span class='ocrx_word' id='word_1_47' title='bbox 142 728 222 768; x_wconf 86' lang='lat' dir='ltr'><strong>seu</strong></span> <span class='ocrx_word' id='word_1_48' title='bbox 248 709 523 765; x_wconf 80' lang='lat' dir='ltr'><strong>canonicos</strong></span> <span class='ocrx_word' id='word_1_49' title='bbox 553 721 683 761; x_wconf 91' lang='lat' dir='ltr'><strong>suos</strong></span> <span class='ocrx_word' id='word_1_50' title='bbox 710 705 905 761; x_wconf 91' lang='lat' dir='ltr'><strong>Doctor</strong></span> <span class='ocrx_word' id='word_1_51' title='bbox 934 706 1316 760; x_wconf 84' lang='lat' dir='ltr'><strong>sanctissimus</strong></span> <span class='ocrx_word' id='word_1_52' title='bbox 1345 704 1563 762; x_wconf 90' lang='lat' dir='ltr'><strong>edocuit</strong></span> <span class='ocrx_word' id='word_1_53' title='bbox 1598 724 1611 760; x_wconf 90' lang='lat'><strong>:</strong></span> <span class='ocrx_word' id='word_1_54' title='bbox 1637 714 1696 760; x_wconf 92' lang='lat' dir='ltr'><strong>ut</strong></span> 
     </span>
    </p>
   </div>
   <div class='ocr_carea' id='block_1_9' title="bbox 142 799 1691 873">
    <p class='ocr_par' dir='ltr' id='par_1_9' title="bbox 142 799 1691 873">
     <span class='ocr_line' id='line_1_9' title="bbox 142 799 1691 873; baseline -0.005 -12"><span class='ocrx_word' id='word_1_55' title='bbox 142 805 328 861; x_wconf 69' lang='lat' dir='ltr'><strong>ueteris</strong></span> <span class='ocrx_word' id='word_1_56' title='bbox 365 800 542 873; x_wconf 84' lang='lat' dir='ltr'><strong>prisco</strong></span> <span class='ocrx_word' id='word_1_57' title='bbox 592 810 840 870; x_wconf 87' lang='lat' dir='ltr'><strong>tempore</strong></span> <span class='ocrx_word' id='word_1_58' title='bbox 885 799 1140 855; x_wconf 90' lang='lat' dir='ltr'><strong>Patribus</strong></span> <span class='ocrx_word' id='word_1_59' title='bbox 1198 800 1370 855; x_wconf 86' lang='lat' dir='ltr'><strong>moris</strong></span> <span class='ocrx_word' id='word_1_60' title='bbox 1416 799 1539 855; x_wconf 93' lang='lat' dir='ltr'><strong>fuit.</strong></span> <span class='ocrx_word' id='word_1_61' title='bbox 1587 802 1691 855; x_wconf 82' lang='lat' dir='ltr'><strong>Aut</strong></span> 
     </span>
    </p>
   </div>
   <div class='ocr_carea' id='block_1_10' title="bbox 140 893 1691 967">
    <p class='ocr_par' dir='ltr' id='par_1_10' title="bbox 140 893 1691 967">
     <span class='ocr_line' id='line_1_10' title="bbox 140 893 1691 967; baseline -0.005 -11"><span class='ocrx_word' id='word_1_62' title='bbox 140 902 251 956; x_wconf 89' lang='lat' dir='ltr'><strong>dent</strong></span> <span class='ocrx_word' id='word_1_63' title='bbox 275 898 424 953; x_wconf 88' lang='lat' dir='ltr'><strong>nobis</strong></span> <span class='ocrx_word' id='word_1_64' title='bbox 447 894 593 967; x_wconf 59' lang='lat' dir='ltr'><strong>apul</strong></span> <span class='ocrx_word' id='word_1_65' title='bbox 616 896 791 965; x_wconf 90' lang='lat' dir='ltr'><strong>ipsum</strong></span> <span class='ocrx_word' id='word_1_66' title='bbox 824 894 1210 964; x_wconf 79' lang='lat' dir='ltr'><strong>Augustinum,</strong></span> <span class='ocrx_word' id='word_1_67' title='bbox 1252 903 1343 947; x_wconf 91' lang='lat' dir='ltr'><strong>aut</strong></span> <span class='ocrx_word' id='word_1_68' title='bbox 1388 893 1691 948; x_wconf 85' lang='lat' dir='ltr'><strong>Possidium</strong></span> 
     </span>
    </p>
   </div>
   <div class='ocr_carea' id='block_1_11' title="bbox 141 986 1690 1060">
    <p class='ocr_par' dir='ltr' id='par_1_11' title="bbox 141 986 1690 1060">
     <span class='ocr_line' id='line_1_11' title="bbox 141 986 1690 1060; baseline -0.005 -13"><span class='ocrx_word' id='word_1_69' title='bbox 141 991 445 1060; x_wconf 77' lang='lat' dir='ltr'><strong>iucatalogis</strong></span> <span class='ocrx_word' id='word_1_70' title='bbox 475 1004 704 1060; x_wconf 91' lang='lat' dir='ltr'><strong>operum</strong></span> <span class='ocrx_word' id='word_1_71' title='bbox 746 987 865 1057; x_wconf 86' lang='lat' dir='ltr'><strong>ejus</strong></span> <span class='ocrx_word' id='word_1_72' title='bbox 911 987 1312 1042; x_wconf 81' lang='lat' dir='ltr'><strong>studiosissime</strong></span> <span class='ocrx_word' id='word_1_73' title='bbox 1361 986 1690 1053; x_wconf 91' lang='lat' dir='ltr'><strong>elaboratis,</strong></span> 
     </span>
    </p>
   </div>
   <div class='ocr_carea' id='block_1_12' title="bbox 140 1078 1693 1152">
    <p class='ocr_par' dir='ltr' id='par_1_12' title="bbox 140 1078 1693 1152">
     <span class='ocr_line' id='line_1_12' title="bbox 140 1078 1693 1152; baseline -0.006 -12"><span class='ocrx_word' id='word_1_74' title='bbox 140 1086 206 1141; x_wconf 88' lang='lat' dir='ltr'><strong>vel</strong></span> <span class='ocrx_word' id='word_1_75' title='bbox 242 1085 400 1140; x_wconf 85' lang='lat' dir='ltr'><strong>levem</strong></span> <span class='ocrx_word' id='word_1_76' title='bbox 429 1081 632 1152; x_wconf 64' lang='lat' dir='ltr'><strong>regulae</strong></span> <span class='ocrx_word' id='word_1_77' title='bbox 677 1081 896 1151; x_wconf 75' lang='lat' dir='ltr'><strong>scripta:</strong></span> <span class='ocrx_word' id='word_1_78' title='bbox 940 1079 1276 1135; x_wconf 83' lang='lat' dir='ltr'><strong>mentionem</strong></span> <span class='ocrx_word' id='word_1_79' title='bbox 1313 1097 1324 1130; x_wconf 89' lang='lat'><strong>:</strong></span> <span class='ocrx_word' id='word_1_80' title='bbox 1358 1078 1500 1148; x_wconf 92' lang='lat' dir='ltr'><strong>quod</strong></span> <span class='ocrx_word' id='word_1_81' title='bbox 1531 1094 1693 1148; x_wconf 81' lang='lat' dir='ltr'><strong>argu-</strong></span> 
     </span>
    </p>
   </div>
   <div class='ocr_carea' id='block_1_13' title="bbox 140 1170 1690 1242">
    <p class='ocr_par' dir='ltr' id='par_1_13' title="bbox 140 1170 1690 1242">
     <span class='ocr_line' id='line_1_13' title="bbox 140 1170 1690 1242; baseline -0.006 -8"><span class='ocrx_word' id='word_1_82' title='bbox 140 1187 348 1235; x_wconf 80' lang='lat' dir='ltr'><strong>mentum</strong></span> <span class='ocrx_word' id='word_1_83' title='bbox 395 1173 675 1230; x_wconf 78' lang='lat' dir='ltr'><strong>evidenter</strong></span> <span class='ocrx_word' id='word_1_84' title='bbox 722 1173 1002 1228; x_wconf 77' lang='lat' dir='ltr'><strong>convincit</strong></span> <span class='ocrx_word' id='word_1_85' title='bbox 1065 1170 1430 1242; x_wconf 80' lang='lat' dir='ltr'><strong>Augustinum</strong></span> <span class='ocrx_word' id='word_1_86' title='bbox 1488 1170 1690 1225; x_wconf 89' lang='lat' dir='ltr'><strong>nullam</strong></span> 
     </span>
    </p>
   </div>
   <div class='ocr_carea' id='block_1_14' title="bbox 139 1264 1689 1340">
    <p class='ocr_par' dir='ltr' id='par_1_14' title="bbox 139 1264 1689 1340">
     <span class='ocr_line' id='line_1_14' title="bbox 139 1264 1689 1340; baseline -0.005 -15"><span class='ocrx_word' id='word_1_87' title='bbox 139 1270 389 1340; x_wconf 80' lang='lat' dir='ltr'><strong>scripsisse</strong></span> <span class='ocrx_word' id='word_1_88' title='bbox 427 1266 667 1336; x_wconf 78' lang='lat' dir='ltr'><strong>regulam</strong></span> <span class='ocrx_word' id='word_1_89' title='bbox 716 1264 995 1335; x_wconf 84' lang='lat' dir='ltr'><strong>discipulis</strong></span> <span class='ocrx_word' id='word_1_90' title='bbox 1033 1264 1147 1319; x_wconf 87' lang='lat' dir='ltr'><strong>suis</strong></span> <span class='ocrx_word' id='word_1_91' title='bbox 1181 1281 1196 1316; x_wconf 90' lang='lat'><strong>:</strong></span> <span class='ocrx_word' id='word_1_92' title='bbox 1229 1265 1420 1319; x_wconf 79' lang='lat' dir='ltr'><strong>saltem</strong></span> <span class='ocrx_word' id='word_1_93' title='bbox 1463 1278 1529 1318; x_wconf 81' lang='lat' dir='ltr'><strong>ex</strong></span> <span class='ocrx_word' id='word_1_94' title='bbox 1561 1278 1689 1318; x_wconf 90' lang='lat' dir='ltr'><strong>sen-</strong></span> 
     </span>
    </p>
   </div>
   <div class='ocr_carea' id='block_1_15' title="bbox 141 1354 1692 1428">
    <p class='ocr_par' dir='ltr' id='par_1_15' title="bbox 141 1354 1692 1428">
     <span class='ocr_line' id='line_1_15' title="bbox 141 1354 1692 1428; baseline -0.006 -10"><span class='ocrx_word' id='word_1_95' title='bbox 141 1362 279 1418; x_wconf 84' lang='lat' dir='ltr'><strong>tentia</strong></span> <span class='ocrx_word' id='word_1_96' title='bbox 305 1360 576 1427; x_wconf 84' lang='lat' dir='ltr'><strong>Pennotti,</strong></span> <span class='ocrx_word' id='word_1_97' title='bbox 609 1367 668 1413; x_wconf 95' lang='grc' dir='ltr'><strong>ιιι</strong></span> <span class='ocrx_word' id='word_1_98' title='bbox 697 1373 862 1428; x_wconf 81' lang='lat' dir='ltr'><strong>supra</strong></span> <span class='ocrx_word' id='word_1_99' title='bbox 891 1355 1198 1413; x_wconf 84' lang='lat' dir='ltr'><strong>notavimus</strong></span> <span class='ocrx_word' id='word_1_100' title='bbox 1222 1354 1267 1426; x_wconf 88' lang='lat'><strong>§.</strong></span> <span class='ocrx_word' id='word_1_101' title='bbox 1300 1354 1356 1422; x_wconf 81' lang='grc'><strong>4,</strong></span> <span class='ocrx_word' id='word_1_102' title='bbox 1390 1372 1444 1409; x_wconf 85' lang='grc' dir='ltr'>ιι.</span> <span class='ocrx_word' id='word_1_103' title='bbox 1471 1355 1504 1411; x_wconf 88' lang='lat'><strong>5</strong></span> <span class='ocrx_word' id='word_1_104' title='bbox 1534 1354 1692 1423; x_wconf 85' lang='lat' dir='ltr'><strong>hujus</strong></span> 
     </span>
    </p>
   </div>
   <div class='ocr_carea' id='block_1_16' title="bbox 138 1445 1693 1525">
    <p class='ocr_par' dir='ltr' id='par_1_16' title="bbox 138 1445 1693 1525">
     <span class='ocr_line' id='line_1_16' title="bbox 138 1445 1693 1525; baseline -0.005 -16"><span class='ocrx_word' id='word_1_105' title='bbox 138 1454 395 1525; x_wconf 71' lang='lat' dir='ltr'><strong>apologiea:</strong></span> <span class='ocrx_word' id='word_1_106' title='bbox 428 1450 832 1520; x_wconf 79' lang='lat' dir='ltr'><strong>responsionis;</strong></span> <span class='ocrx_word' id='word_1_107' title='bbox 856 1459 911 1504; x_wconf 90' lang='lat' dir='ltr'><strong>et</strong></span> <span class='ocrx_word' id='word_1_108' title='bbox 939 1447 1062 1503; x_wconf 91' lang='lat' dir='ltr'><strong>inde</strong></span> <span class='ocrx_word' id='word_1_109' title='bbox 1084 1446 1329 1518; x_wconf 89' lang='lat' dir='ltr'><strong>estquod</strong></span> <span class='ocrx_word' id='word_1_110' title='bbox 1357 1446 1421 1501; x_wconf 87' lang='lat' dir='ltr'><strong>D.</strong></span> <span class='ocrx_word' id='word_1_111' title='bbox 1455 1445 1693 1502; x_wconf 82' lang='lat' dir='ltr'><strong>lldefon-</strong></span> 
     </span>
    </p>
   </div>
   <div class='ocr_carea' id='block_1_17' title="bbox 139 1539 1689 1611">
    <p class='ocr_par' dir='ltr' id='par_1_17' title="bbox 139 1539 1689 1611">
     <span class='ocr_line' id='line_1_17' title="bbox 139 1539 1689 1611; baseline -0.004 -9"><span class='ocrx_word' id='word_1_112' title='bbox 139 1564 232 1611; x_wconf 81' lang='lat' dir='ltr'><strong>sus,</strong></span> <span class='ocrx_word' id='word_1_113' title='bbox 254 1560 311 1601; x_wconf 92' lang='lat' dir='ltr'><strong>ac</strong></span> <span class='ocrx_word' id='word_1_114' title='bbox 337 1542 540 1608; x_wconf 65' lang='lat' dir='ltr'><strong>caeteri,</strong></span> <span class='ocrx_word' id='word_1_115' title='bbox 575 1544 667 1611; x_wconf 91' lang='lat' dir='ltr'><strong>qui</strong></span> <span class='ocrx_word' id='word_1_116' title='bbox 699 1541 767 1598; x_wconf 91' lang='lat' dir='ltr'><strong>dc</strong></span> <span class='ocrx_word' id='word_1_117' title='bbox 808 1542 1019 1597; x_wconf 88' lang='lat' dir='ltr'><strong>Donato</strong></span> <span class='ocrx_word' id='word_1_118' title='bbox 1051 1550 1216 1610; x_wconf 78' lang='lat' dir='ltr'><strong>agunt</strong></span> <span class='ocrx_word' id='word_1_119' title='bbox 1248 1540 1350 1609; x_wconf 77' lang='grc' dir='ltr'><strong>(Μ.</strong></span> <span class='ocrx_word' id='word_1_120' title='bbox 1396 1539 1689 1596; x_wconf 76' lang='lat' dir='ltr'><strong>Maximum</strong></span> 
     </span>
    </p>
   </div>
   <div class='ocr_carea' id='block_1_18' title="bbox 138 1633 1690 1709">
    <p class='ocr_par' dir='ltr' id='par_1_18' title="bbox 138 1633 1690 1709">
     <span class='ocr_line' id='line_1_18' title="bbox 138 1633 1690 1709; baseline -0.005 -15"><span class='ocrx_word' id='word_1_121' title='bbox 138 1637 349 1709; x_wconf 69' lang='lat' dir='ltr'><strong>excipio)</strong></span> <span class='ocrx_word' id='word_1_122' title='bbox 372 1636 578 1705; x_wconf 76' lang='lat' dir='ltr'><strong>regula:</strong></span> <span class='ocrx_word' id='word_1_123' title='bbox 609 1637 1020 1707; x_wconf 75' lang='lat' dir='ltr'><strong>Augustiniante</strong></span> <span class='ocrx_word' id='word_1_124' title='bbox 1048 1650 1078 1689; x_wconf 91' lang='lat' dir='ltr'><strong>a</strong></span> <span class='ocrx_word' id='word_1_125' title='bbox 1110 1650 1171 1689; x_wconf 91' lang='lat' dir='ltr'><strong>se</strong></span> <span class='ocrx_word' id='word_1_126' title='bbox 1203 1634 1255 1688; x_wconf 91' lang='lat' dir='ltr'><strong>in</strong></span> <span class='ocrx_word' id='word_1_127' title='bbox 1286 1633 1576 1703; x_wconf 86' lang='lat' dir='ltr'><strong>llispanias</strong></span> <span class='ocrx_word' id='word_1_128' title='bbox 1608 1635 1690 1688; x_wconf 84' lang='lat' dir='ltr'><strong>iu-</strong></span> 
     </span>
    </p>
   </div>
   <div class='ocr_carea' id='block_1_19' title="bbox 136 1712 1766 1787">
    <p class='ocr_par' dir='ltr' id='par_1_19' title="bbox 136 1712 1766 1787">
     <span class='ocr_line' id='line_1_19' title="bbox 136 1712 1766 1787; baseline -0.004 0"><span class='ocrx_word' id='word_1_129' title='bbox 136 1732 285 1787; x_wconf 77' lang='lat' dir='ltr'><strong>ducta:</strong></span> <span class='ocrx_word' id='word_1_130' title='bbox 310 1746 413 1785; x_wconf 87' lang='lat' dir='ltr'><strong>non</strong></span> <span class='ocrx_word' id='word_1_131' title='bbox 453 1729 827 1784; x_wconf 86' lang='lat' dir='ltr'><strong>meminerint.</strong></span> <span class='ocrx_word' id='word_1_132' title='bbox 861 1727 1135 1783; x_wconf 78' lang='lat' dir='ltr'><strong>Maximus</strong></span> <span class='ocrx_word' id='word_1_133' title='bbox 1163 1742 1296 1781; x_wconf 85' lang='lat' dir='ltr'><strong>vero</strong></span> <span class='ocrx_word' id='word_1_134' title='bbox 1343 1725 1562 1781; x_wconf 86' lang='lat' dir='ltr'><strong>nomine</strong></span> <span class='ocrx_word' id='word_1_135' title='bbox 1604 1742 1663 1781; x_wconf 89' lang='lat' dir='ltr'><strong>re.</strong></span> <span class='ocrx_word' id='word_1_136' title='bbox 1717 1712 1766 1773; x_wconf 85' lang='grc' dir='ltr'><strong>Β</strong></span> 
     </span>
    </p>
   </div>
   <div class='ocr_carea' id='block_1_20' title="bbox 137 1820 1687 1894">
    <p class='ocr_par' dir='ltr' id='par_1_20' title="bbox 137 1820 1687 1894">
     <span class='ocr_line' id='line_1_20' title="bbox 137 1820 1687 1894; baseline -0.003 -15"><span class='ocrx_word' id='word_1_137' title='bbox 137 1825 249 1894; x_wconf 74' lang='lat' dir='ltr'><strong>gula:</strong></span> <span class='ocrx_word' id='word_1_138' title='bbox 270 1824 323 1879; x_wconf 86' lang='lat' dir='ltr'><strong>S.</strong></span> <span class='ocrx_word' id='word_1_139' title='bbox 354 1822 647 1893; x_wconf 77' lang='lat' dir='ltr'><strong>Augustini</strong></span> <span class='ocrx_word' id='word_1_140' title='bbox 686 1836 795 1877; x_wconf 89' lang='lat' dir='ltr'><strong>non</strong></span> <span class='ocrx_word' id='word_1_141' title='bbox 826 1820 1046 1892; x_wconf 85' lang='lat' dir='ltr'><strong>quidem</strong></span> <span class='ocrx_word' id='word_1_142' title='bbox 1078 1822 1409 1891; x_wconf 87' lang='lat' dir='ltr'><strong>scripturam</strong></span> <span class='ocrx_word' id='word_1_143' title='bbox 1449 1820 1687 1889; x_wconf 82' lang='lat' dir='ltr'><strong>aliquam</strong></span> 
     </span>
    </p>
   </div>
   <div class='ocr_carea' id='block_1_21' title="bbox 136 1915 1690 1989">
    <p class='ocr_par' dir='ltr' id='par_1_21' title="bbox 136 1915 1690 1989">
     <span class='ocr_line' id='line_1_21' title="bbox 136 1915 1690 1989; baseline -0.001 -15"><span class='ocrx_word' id='word_1_144' title='bbox 136 1917 484 1989; x_wconf 80' lang='lat' dir='ltr'><strong>intelligit,sed</strong></span> <span class='ocrx_word' id='word_1_145' title='bbox 506 1916 752 1983; x_wconf 91' lang='lat' dir='ltr'><strong>tnodnm,</strong></span> <span class='ocrx_word' id='word_1_146' title='bbox 783 1930 1138 1985; x_wconf 88' lang='lat' dir='ltr'><strong>normamque</strong></span> <span class='ocrx_word' id='word_1_147' title='bbox 1168 1915 1386 1971; x_wconf 79' lang='lat' dir='ltr'><strong>vivendi</strong></span> <span class='ocrx_word' id='word_1_148' title='bbox 1413 1917 1531 1970; x_wconf 91' lang='lat' dir='ltr'><strong>viva</strong></span> <span class='ocrx_word' id='word_1_149' title='bbox 1557 1930 1690 1972; x_wconf 88' lang='lat' dir='ltr'><strong>voce</strong></span> 
     </span>
    </p>
   </div>
   <div class='ocr_carea' id='block_1_22' title="bbox 136 2009 1689 2081">
    <p class='ocr_par' dir='ltr' id='par_1_22' title="bbox 136 2009 1689 2081">
     <span class='ocr_line' id='line_1_22' title="bbox 136 2009 1689 2081; baseline -0.003 -13"><span class='ocrx_word' id='word_1_150' title='bbox 136 2013 192 2069; x_wconf 84' lang='lat' dir='ltr'><strong>ab</strong></span> <span class='ocrx_word' id='word_1_151' title='bbox 214 2011 503 2081; x_wconf 79' lang='lat' dir='ltr'><strong>Augustino</strong></span> <span class='ocrx_word' id='word_1_152' title='bbox 527 2010 645 2064; x_wconf 89' lang='lat' dir='ltr'><strong>suis</strong></span> <span class='ocrx_word' id='word_1_153' title='bbox 674 2009 953 2075; x_wconf 85' lang='lat' dir='ltr'><strong>traditam,</strong></span> <span class='ocrx_word' id='word_1_154' title='bbox 980 2024 1103 2079; x_wconf 80' lang='lat' dir='ltr'><strong>qua:</strong></span> <span class='ocrx_word' id='word_1_155' title='bbox 1132 2024 1264 2063; x_wconf 86' lang='lat' dir='ltr'><strong>sane</strong></span> <span class='ocrx_word' id='word_1_156' title='bbox 1291 2024 1390 2079; x_wconf 90' lang='lat' dir='ltr'><strong>pro</strong></span> <span class='ocrx_word' id='word_1_157' title='bbox 1432 2010 1689 2079; x_wconf 85' lang='lat' dir='ltr'><strong>temporis</strong></span> 
     </span>
    </p>
   </div>
   <div class='ocr_carea' id='block_1_23' title="bbox 137 2101 1691 2173">
    <p class='ocr_par' dir='ltr' id='par_1_23' title="bbox 137 2101 1691 2173">
     <span class='ocr_line' id='line_1_23' title="bbox 137 2101 1691 2173; baseline -0.003 -10"><span class='ocrx_word' id='word_1_158' title='bbox 137 2109 332 2171; x_wconf 75' lang='lat' dir='ltr'><strong>terrore,</strong></span> <span class='ocrx_word' id='word_1_159' title='bbox 373 2104 623 2173; x_wconf 77' lang='lat' dir='ltr'><strong>rigorosa</strong></span> <span class='ocrx_word' id='word_1_160' title='bbox 663 2101 963 2158; x_wconf 87' lang='lat' dir='ltr'><strong>admodum</strong></span> <span class='ocrx_word' id='word_1_161' title='bbox 1004 2116 1126 2158; x_wconf 84' lang='lat' dir='ltr'><strong>esse</strong></span> <span class='ocrx_word' id='word_1_162' title='bbox 1169 2102 1449 2157; x_wconf 89' lang='lat' dir='ltr'><strong>credenda</strong></span> <span class='ocrx_word' id='word_1_163' title='bbox 1488 2111 1609 2157; x_wconf 92' lang='lat' dir='ltr'><strong>est:</strong></span> <span class='ocrx_word' id='word_1_164' title='bbox 1636 2111 1691 2158; x_wconf 93' lang='lat' dir='ltr'><strong>et</strong></span> 
     </span>
    </p>
   </div>
   <div class='ocr_carea' id='block_1_24' title="bbox 136 2193 1690 2266">
    <p class='ocr_par' dir='ltr' id='par_1_24' title="bbox 136 2193 1690 2266">
     <span class='ocr_line' id='line_1_24' title="bbox 136 2193 1690 2266; baseline -0.003 -12"><span class='ocrx_word' id='word_1_165' title='bbox 136 2198 308 2254; x_wconf 81' lang='lat' dir='ltr'><strong>idcirco</strong></span> <span class='ocrx_word' id='word_1_166' title='bbox 344 2196 582 2266; x_wconf 76' lang='lat' dir='ltr'><strong>mitigari</strong></span> <span class='ocrx_word' id='word_1_167' title='bbox 635 2193 979 2265; x_wconf 81' lang='lat' dir='ltr'><strong>postmodum</strong></span> <span class='ocrx_word' id='word_1_168' title='bbox 1013 2193 1186 2263; x_wconf 88' lang='lat' dir='ltr'><strong>potuit</strong></span> <span class='ocrx_word' id='word_1_169' title='bbox 1217 2209 1246 2247; x_wconf 92' lang='lat' dir='ltr'><strong>a</strong></span> <span class='ocrx_word' id='word_1_170' title='bbox 1272 2193 1331 2249; x_wconf 92' lang='lat' dir='ltr'><strong>S.</strong></span> <span class='ocrx_word' id='word_1_171' title='bbox 1365 2195 1595 2260; x_wconf 88' lang='lat' dir='ltr'><strong>Donato,</strong></span> <span class='ocrx_word' id='word_1_172' title='bbox 1633 2204 1690 2250; x_wconf 93' lang='lat' dir='ltr'><strong>ut</strong></span> 
     </span>
    </p>
   </div>
   <div class='ocr_carea' id='block_1_25' title="bbox 136 2286 1691 2359">
    <p class='ocr_par' dir='ltr' id='par_1_25' title="bbox 136 2286 1691 2359">
     <span class='ocr_line' id='line_1_25' title="bbox 136 2286 1691 2359; baseline -0.001 -16"><span class='ocrx_word' id='word_1_173' title='bbox 136 2288 362 2359; x_wconf 70' lang='lat' dir='ltr'><strong>lrigidiori</strong></span> <span class='ocrx_word' id='word_1_174' title='bbox 382 2288 621 2359; x_wconf 78' lang='lat' dir='ltr'><strong>regioni,</strong></span> <span class='ocrx_word' id='word_1_175' title='bbox 649 2287 830 2357; x_wconf 86' lang='lat' dir='ltr'><strong>qualis</strong></span> <span class='ocrx_word' id='word_1_176' title='bbox 853 2297 936 2341; x_wconf 89' lang='lat' dir='ltr'><strong>est</strong></span> <span class='ocrx_word' id='word_1_177' title='bbox 964 2286 1243 2357; x_wconf 77' lang='lat' dir='ltr'><strong>iliSpania,</strong></span> <span class='ocrx_word' id='word_1_178' title='bbox 1268 2297 1518 2357; x_wconf 87' lang='lat' dir='ltr'><strong>respectu</strong></span> <span class='ocrx_word' id='word_1_179' title='bbox 1548 2286 1691 2342; x_wconf 81' lang='lat' dir='ltr'><strong>Afri-</strong></span> 
     </span>
    </p>
   </div>
   <div class='ocr_carea' id='block_1_26' title="bbox 135 2378 1690 2452">
    <p class='ocr_par' dir='ltr' id='par_1_26' title="bbox 135 2378 1690 2452">
     <span class='ocr_line' id='line_1_26' title="bbox 135 2378 1690 2452; baseline -0.002 -15"><span class='ocrx_word' id='word_1_180' title='bbox 135 2397 213 2446; x_wconf 67' lang='lat' dir='ltr'><strong>cae,</strong></span> <span class='ocrx_word' id='word_1_181' title='bbox 230 2382 594 2452; x_wconf 87' lang='lat' dir='ltr'><strong>adaptaretur.</strong></span> <span class='ocrx_word' id='word_1_182' title='bbox 620 2378 824 2449; x_wconf 74' lang='lat' dir='ltr'><strong>Regula</strong></span> <span class='ocrx_word' id='word_1_183' title='bbox 846 2394 978 2434; x_wconf 91' lang='lat' dir='ltr'><strong>vero</strong></span> <span class='ocrx_word' id='word_1_184' title='bbox 999 2394 1123 2450; x_wconf 69' lang='lat' dir='ltr'><strong>qua)</strong></span> <span class='ocrx_word' id='word_1_185' title='bbox 1140 2394 1285 2435; x_wconf 90' lang='lat' dir='ltr'><strong>nunc</strong></span> <span class='ocrx_word' id='word_1_186' title='bbox 1307 2394 1420 2449; x_wconf 79' lang='lat' dir='ltr'><strong>pra:</strong></span> <span class='ocrx_word' id='word_1_187' title='bbox 1441 2379 1690 2434; x_wconf 87' lang='lat' dir='ltr'><strong>manibus</strong></span> 
     </span>
    </p>
   </div>
   <div class='ocr_carea' id='block_1_27' title="bbox 138 2468 1691 2544">
    <p class='ocr_par' dir='ltr' id='par_1_27' title="bbox 138 2468 1691 2544">
     <span class='ocr_line' id='line_1_27' title="bbox 138 2468 1691 2544; baseline -0.002 -15"><span class='ocrx_word' id='word_1_188' title='bbox 138 2483 218 2539; x_wconf 82' lang='lat' dir='ltr'><strong>est,</strong></span> <span class='ocrx_word' id='word_1_189' title='bbox 237 2490 296 2529; x_wconf 77' lang='lat' dir='ltr'><strong>ex</strong></span> <span class='ocrx_word' id='word_1_190' title='bbox 323 2473 555 2544; x_wconf 87' lang='lat' dir='ltr'><strong>epistola</strong></span> <span class='ocrx_word' id='word_1_191' title='bbox 588 2470 693 2529; x_wconf 83' lang='grc'>109</span> <span class='ocrx_word' id='word_1_192' title='bbox 721 2479 965 2527; x_wconf 74' lang='lat' dir='ltr'><strong>extracta</strong></span> <span class='ocrx_word' id='word_1_193' title='bbox 994 2470 1228 2536; x_wconf 89' lang='lat' dir='ltr'><strong>videtur,</strong></span> <span class='ocrx_word' id='word_1_194' title='bbox 1256 2470 1310 2525; x_wconf 94' lang='lat' dir='ltr'><strong>in</strong></span> <span class='ocrx_word' id='word_1_195' title='bbox 1342 2484 1447 2541; x_wconf 85' lang='lat' dir='ltr'><strong>qua</strong></span> <span class='ocrx_word' id='word_1_196' title='bbox 1475 2468 1691 2526; x_wconf 88' lang='lat' dir='ltr'><strong>variato</strong></span> 
     </span>
    </p>
   </div>
   <div class='ocr_carea' id='block_1_28' title="bbox 136 2564 1693 2636">
    <p class='ocr_par' dir='ltr' id='par_1_28' title="bbox 136 2564 1693 2636">
     <span class='ocr_line' id='line_1_28' title="bbox 136 2564 1693 2636; baseline -0.001 -15"><span class='ocrx_word' id='word_1_197' title='bbox 136 2582 242 2621; x_wconf 84' lang='lat' dir='ltr'><strong>sem</strong></span> <span class='ocrx_word' id='word_1_198' title='bbox 267 2566 577 2622; x_wconf 86' lang='lat' dir='ltr'><strong>continetur</strong></span> <span class='ocrx_word' id='word_1_199' title='bbox 608 2564 677 2619; x_wconf 89' lang='lat' dir='ltr'><strong>ad</strong></span> <span class='ocrx_word' id='word_1_200' title='bbox 705 2564 929 2620; x_wconf 84' lang='lat' dir='ltr'><strong>verbum</strong></span> <span class='ocrx_word' id='word_1_201' title='bbox 955 2582 968 2628; x_wconf 93' lang='lat'><strong>;</strong></span> <span class='ocrx_word' id='word_1_202' title='bbox 996 2574 1188 2635; x_wconf 87' lang='lat' dir='ltr'><strong>estque</strong></span> <span class='ocrx_word' id='word_1_203' title='bbox 1211 2564 1459 2636; x_wconf 66' lang='lat' dir='ltr'><strong>quaedam</strong></span> <span class='ocrx_word' id='word_1_204' title='bbox 1489 2566 1693 2620; x_wconf 90' lang='lat' dir='ltr'><strong>instru-</strong></span> 
     </span>
    </p>
   </div>
   <div class='ocr_carea' id='block_1_29' title="bbox 137 2657 1689 2729">
    <p class='ocr_par' dir='ltr' id='par_1_29' title="bbox 137 2657 1689 2729">
     <span class='ocr_line' id='line_1_29' title="bbox 137 2657 1689 2729; baseline -0.002 -14"><span class='ocrx_word' id='word_1_205' title='bbox 137 2662 221 2716; x_wconf 85' lang='lat' dir='ltr'><strong>ctio</strong></span> <span class='ocrx_word' id='word_1_206' title='bbox 236 2660 345 2715; x_wconf 78' lang='lat' dir='ltr'><strong>vita:</strong></span> <span class='ocrx_word' id='word_1_207' title='bbox 365 2658 886 2724; x_wconf 84' lang='lat' dir='ltr'><strong>sanctimonialium,</strong></span> <span class='ocrx_word' id='word_1_208' title='bbox 910 2671 1074 2729; x_wconf 89' lang='lat' dir='ltr'><strong>quam</strong></span> <span class='ocrx_word' id='word_1_209' title='bbox 1098 2657 1205 2714; x_wconf 82' lang='lat' dir='ltr'><strong>illis</strong></span> <span class='ocrx_word' id='word_1_210' title='bbox 1228 2658 1517 2713; x_wconf 88' lang='lat' dir='ltr'><strong>occasione</strong></span> <span class='ocrx_word' id='word_1_211' title='bbox 1536 2673 1689 2714; x_wconf 86' lang='lat' dir='ltr'><strong>sum-</strong></span> 
     </span>
    </p>
   </div>
   <div class='ocr_carea' id='block_1_30' title="bbox 139 2750 1689 2823">
    <p class='ocr_par' dir='ltr' id='par_1_30' title="bbox 139 2750 1689 2823">
     <span class='ocr_line' id='line_1_30' title="bbox 139 2750 1689 2823; baseline -0.003 -15"><span class='ocrx_word' id='word_1_212' title='bbox 139 2762 208 2823; x_wconf 91' lang='lat' dir='ltr'><strong>pta</strong></span> <span class='ocrx_word' id='word_1_213' title='bbox 232 2769 259 2808; x_wconf 92' lang='lat' dir='ltr'><strong>a</strong></span> <span class='ocrx_word' id='word_1_214' title='bbox 282 2752 685 2817; x_wconf 83' lang='lat' dir='ltr'><strong>controversia,</strong></span> <span class='ocrx_word' id='word_1_215' title='bbox 716 2766 879 2822; x_wconf 90' lang='lat' dir='ltr'><strong>quam</strong></span> <span class='ocrx_word' id='word_1_216' title='bbox 910 2766 1034 2806; x_wconf 93' lang='lat' dir='ltr'><strong>cum</strong></span> <span class='ocrx_word' id='word_1_217' title='bbox 1068 2750 1358 2821; x_wconf 65' lang='lat' dir='ltr'><strong>pra&#39;posita</strong></span> <span class='ocrx_word' id='word_1_218' title='bbox 1395 2750 1689 2819; x_wconf 78' lang='lat' dir='ltr'><strong>habebant,</strong></span> 
     </span>
    </p>
   </div>
   <div class='ocr_carea' id='block_1_31' title="bbox 138 2845 1688 2919">
    <p class='ocr_par' dir='ltr' id='par_1_31' title="bbox 138 2845 1688 2919">
     <span class='ocr_line' id='line_1_31' title="bbox 138 2845 1688 2919; baseline 0.001 -16"><span class='ocrx_word' id='word_1_219' title='bbox 138 2848 380 2919; x_wconf 66' lang='lat' dir='ltr'><strong>pucligere</strong></span> <span class='ocrx_word' id='word_1_220' title='bbox 407 2846 655 2911; x_wconf 88' lang='lat' dir='ltr'><strong>studuit;</strong></span> <span class='ocrx_word' id='word_1_221' title='bbox 686 2845 831 2901; x_wconf 88' lang='lat' dir='ltr'><strong>unde</strong></span> <span class='ocrx_word' id='word_1_222' title='bbox 859 2846 999 2901; x_wconf 81' lang='lat' dir='ltr'><strong>nihil</strong></span> <span class='ocrx_word' id='word_1_223' title='bbox 1031 2846 1085 2901; x_wconf 91' lang='lat' dir='ltr'><strong>in</strong></span> <span class='ocrx_word' id='word_1_224' title='bbox 1116 2861 1178 2901; x_wconf 90' lang='lat' dir='ltr'><strong>ea</strong></span> <span class='ocrx_word' id='word_1_225' title='bbox 1218 2847 1288 2902; x_wconf 91' lang='lat' dir='ltr'><strong>de</strong></span> <span class='ocrx_word' id='word_1_226' title='bbox 1316 2847 1688 2919; x_wconf 81' lang='lat' dir='ltr'><strong>presbyteris,</strong></span> 
     </span>
    </p>
   </div>
   <div class='ocr_carea' id='block_1_32' title="bbox 137 2938 1691 3011">
    <p class='ocr_par' dir='ltr' id='par_1_32' title="bbox 137 2938 1691 3011">
     <span class='ocr_line' id='line_1_32' title="bbox 137 2938 1691 3011; baseline 0.002 -18"><span class='ocrx_word' id='word_1_227' title='bbox 137 2941 332 3007; x_wconf 64' lang='lat' dir='ltr'><strong>cfericis,</strong></span> <span class='ocrx_word' id='word_1_228' title='bbox 355 2950 443 2994; x_wconf 89' lang='lat' dir='ltr'><strong>aut</strong></span> <span class='ocrx_word' id='word_1_229' title='bbox 470 2938 932 3010; x_wconf 72' lang='lat' dir='ltr'><strong>praedicatoribus</strong></span> <span class='ocrx_word' id='word_1_230' title='bbox 960 2938 1169 3008; x_wconf 75' lang='lat' dir='ltr'><strong>agitur;</strong></span> <span class='ocrx_word' id='word_1_231' title='bbox 1201 2949 1256 2994; x_wconf 91' lang='lat' dir='ltr'><strong>et</strong></span> <span class='ocrx_word' id='word_1_232' title='bbox 1276 2940 1323 2994; x_wconf 90' lang='lat' dir='ltr'><strong>si</strong></span> <span class='ocrx_word' id='word_1_233' title='bbox 1344 2939 1412 2995; x_wconf 91' lang='lat' dir='ltr'><strong>de</strong></span> <span class='ocrx_word' id='word_1_234' title='bbox 1432 2956 1542 2995; x_wconf 92' lang='lat' dir='ltr'><strong>uno</strong></span> <span class='ocrx_word' id='word_1_235' title='bbox 1569 2956 1691 3011; x_wconf 88' lang='lat' dir='ltr'><strong>pre-</strong></span> 
     </span>
    </p>
   </div>
   <div class='ocr_carea' id='block_1_33' title="bbox 136 3030 1691 3102">
    <p class='ocr_par' dir='ltr' id='par_1_33' title="bbox 136 3030 1691 3102">
     <span class='ocr_line' id='line_1_33' title="bbox 136 3030 1691 3102; baseline 0.003 -18"><span class='ocrx_word' id='word_1_236' title='bbox 136 3032 318 3102; x_wconf 79' lang='lat' dir='ltr'><strong>sbytero</strong></span> <span class='ocrx_word' id='word_1_237' title='bbox 345 3032 549 3087; x_wconf 86' lang='lat' dir='ltr'><strong>mentio</strong></span> <span class='ocrx_word' id='word_1_238' title='bbox 584 3030 666 3098; x_wconf 86' lang='lat' dir='ltr'><strong>lit,</strong></span> <span class='ocrx_word' id='word_1_239' title='bbox 694 3032 741 3085; x_wconf 92' lang='lat' dir='ltr'><strong>is</strong></span> <span class='ocrx_word' id='word_1_240' title='bbox 762 3030 878 3102; x_wconf 74' lang='lat' dir='ltr'><strong>ipse</strong></span> <span class='ocrx_word' id='word_1_241' title='bbox 902 3032 1176 3086; x_wconf 84' lang='lat' dir='ltr'><strong>convincit</strong></span> <span class='ocrx_word' id='word_1_242' title='bbox 1201 3033 1441 3102; x_wconf 78' lang='lat' dir='ltr'><strong>regulam</strong></span> <span class='ocrx_word' id='word_1_243' title='bbox 1473 3033 1691 3089; x_wconf 80' lang='lat' dir='ltr'><strong>feminis</strong></span> 
     </span>
    </p>
   </div>
   <div class='ocr_carea' id='block_1_34' title="bbox 137 3120 1688 3192">
    <p class='ocr_par' dir='ltr' id='par_1_34' title="bbox 137 3120 1688 3192">
     <span class='ocr_line' id='line_1_34' title="bbox 137 3120 1688 3192; baseline 0.005 -19"><span class='ocrx_word' id='word_1_244' title='bbox 137 3120 271 3177; x_wconf 82' lang='lat' dir='ltr'><strong>fuisse</strong></span> <span class='ocrx_word' id='word_1_245' title='bbox 284 3124 679 3191; x_wconf 76' lang='lat' dir='ltr'><strong>conscriptam;</strong></span> <span class='ocrx_word' id='word_1_246' title='bbox 706 3137 829 3176; x_wconf 91' lang='lat' dir='ltr'><strong>nam</strong></span> <span class='ocrx_word' id='word_1_247' title='bbox 851 3121 1164 3192; x_wconf 75' lang='lat' dir='ltr'><strong>przecipitur</strong></span> <span class='ocrx_word' id='word_1_248' title='bbox 1181 3122 1299 3191; x_wconf 90' lang='lat' dir='ltr'><strong>plus</strong></span> <span class='ocrx_word' id='word_1_249' title='bbox 1323 3122 1688 3180; x_wconf 90' lang='lat' dir='ltr'><strong>obediendum</strong></span> 
     </span>
    </p>
   </div>
   <div class='ocr_carea' id='block_1_35' title="bbox 137 3212 1690 3286">
    <p class='ocr_par' dir='ltr' id='par_1_35' title="bbox 137 3212 1690 3286">
     <span class='ocr_line' id='line_1_35' title="bbox 137 3212 1690 3286; baseline 0.001 -18"><span class='ocrx_word' id='word_1_250' title='bbox 137 3226 230 3268; x_wconf 87' lang='lat' dir='ltr'><strong>esse</strong></span> <span class='ocrx_word' id='word_1_251' title='bbox 266 3215 607 3286; x_wconf 87' lang='lat' dir='ltr'><strong>presbytero,</strong></span> <span class='ocrx_word' id='word_1_252' title='bbox 652 3212 742 3282; x_wconf 89' lang='lat' dir='ltr'><strong>qui</strong></span> <span class='ocrx_word' id='word_1_253' title='bbox 788 3213 1031 3268; x_wconf 91' lang='lat' dir='ltr'><strong>omnium</strong></span> <span class='ocrx_word' id='word_1_254' title='bbox 1078 3226 1266 3268; x_wconf 87' lang='lat' dir='ltr'><strong>curam</strong></span> <span class='ocrx_word' id='word_1_255' title='bbox 1304 3213 1479 3284; x_wconf 73' lang='lat' dir='ltr'><strong>~gcrit,</strong></span> <span class='ocrx_word' id='word_1_256' title='bbox 1529 3228 1690 3285; x_wconf 91' lang='lat' dir='ltr'><strong>quam</strong></span> 
     </span>
    </p>
   </div>
   <div class='ocr_carea' id='block_1_36' title="bbox 136 3306 1687 3378">
    <p class='ocr_par' dir='ltr' id='par_1_36' title="bbox 136 3306 1687 3378">
     <span class='ocr_line' id='line_1_36' title="bbox 136 3306 1687 3378; baseline 0.003 -19"><span class='ocrx_word' id='word_1_257' title='bbox 136 3308 432 3377; x_wconf 71' lang='lat' dir='ltr'><strong>praeposito:</strong></span> <span class='ocrx_word' id='word_1_258' title='bbox 466 3306 621 3378; x_wconf 86' lang='lat' dir='ltr'><strong>quod</strong></span> <span class='ocrx_word' id='word_1_259' title='bbox 670 3306 724 3361; x_wconf 92' lang='lat' dir='ltr'><strong>in</strong></span> <span class='ocrx_word' id='word_1_260' title='bbox 774 3306 905 3360; x_wconf 90' lang='lat' dir='ltr'><strong>viris</strong></span> <span class='ocrx_word' id='word_1_261' title='bbox 952 3307 1135 3362; x_wconf 90' lang='lat' dir='ltr'><strong>locum</strong></span> <span class='ocrx_word' id='word_1_262' title='bbox 1167 3323 1273 3362; x_wconf 91' lang='lat' dir='ltr'><strong>non</strong></span> <span class='ocrx_word' id='word_1_263' title='bbox 1322 3307 1513 3373; x_wconf 90' lang='lat' dir='ltr'><strong>habet;</strong></span> <span class='ocrx_word' id='word_1_264' title='bbox 1564 3322 1687 3364; x_wconf 88' lang='lat' dir='ltr'><strong>cum</strong></span> 
     </span>
    </p>
   </div>
   <div class='ocr_carea' id='block_1_37' title="bbox 135 3399 1688 3472">
    <p class='ocr_par' dir='ltr' id='par_1_37' title="bbox 135 3399 1688 3472">
     <span class='ocr_line' id='line_1_37' title="bbox 135 3399 1688 3472; baseline 0.004 -23"><span class='ocrx_word' id='word_1_265' title='bbox 135 3400 385 3468; x_wconf 79' lang='lat' dir='ltr'><strong>prchosito</strong></span> <span class='ocrx_word' id='word_1_266' title='bbox 411 3417 522 3472; x_wconf 73' lang='lat' dir='ltr'><strong>pra:</strong></span> <span class='ocrx_word' id='word_1_267' title='bbox 553 3400 813 3455; x_wconf 89' lang='lat' dir='ltr'><strong>omnibus</strong></span> <span class='ocrx_word' id='word_1_268' title='bbox 838 3399 1200 3456; x_wconf 87' lang='lat' dir='ltr'><strong>obediendum</strong></span> <span class='ocrx_word' id='word_1_269' title='bbox 1229 3399 1327 3455; x_wconf 91' lang='lat' dir='ltr'><strong>sit:</strong></span> <span class='ocrx_word' id='word_1_270' title='bbox 1350 3400 1487 3456; x_wconf 88' lang='lat' dir='ltr'><strong>bene</strong></span> <span class='ocrx_word' id='word_1_271' title='bbox 1507 3410 1688 3456; x_wconf 89' lang='lat' dir='ltr'><strong>autem</strong></span> 
     </span>
    </p>
   </div>
   <div class='ocr_carea' id='block_1_38' title="bbox 134 3486 1689 3565">
    <p class='ocr_par' dir='ltr' id='par_1_38' title="bbox 134 3486 1689 3565">
     <span class='ocr_line' id='line_1_38' title="bbox 134 3486 1689 3565; baseline 0.005 -24"><span class='ocrx_word' id='word_1_272' title='bbox 134 3486 175 3541; x_wconf 89' lang='lat' dir='ltr'><strong>in</strong></span> <span class='ocrx_word' id='word_1_273' title='bbox 205 3490 424 3559; x_wconf 78' lang='lat' dir='ltr'><strong>feminis,</strong></span> <span class='ocrx_word' id='word_1_274' title='bbox 480 3492 687 3562; x_wconf 86' lang='lat' dir='ltr'><strong>quibus</strong></span> <span class='ocrx_word' id='word_1_275' title='bbox 717 3506 855 3547; x_wconf 88' lang='lat' dir='ltr'><strong>unus</strong></span> <span class='ocrx_word' id='word_1_276' title='bbox 897 3491 1193 3563; x_wconf 62' lang='lat' dir='ltr'><strong>praeficitur</strong></span> <span class='ocrx_word' id='word_1_277' title='bbox 1222 3494 1527 3565; x_wconf 83' lang='lat' dir='ltr'><strong>presbyter,</strong></span> <span class='ocrx_word' id='word_1_278' title='bbox 1579 3510 1689 3564; x_wconf 70' lang='lat' dir='ltr'><strong>pra:</strong></span> 
     </span>
    </p>
   </div>
   <div class='ocr_carea' id='block_1_39' title="bbox 132 3585 1690 3658">
    <p class='ocr_par' dir='ltr' id='par_1_39' title="bbox 132 3585 1690 3658">
     <span class='ocr_line' id='line_1_39' title="bbox 132 3585 1690 3658; baseline 0.003 -21"><span class='ocrx_word' id='word_1_279' title='bbox 132 3586 327 3652; x_wconf 81' lang='lat' dir='ltr'><strong>regulari</strong></span> <span class='ocrx_word' id='word_1_280' title='bbox 355 3589 657 3657; x_wconf 63' lang='lat' dir='ltr'><strong>praeposito</strong></span> <span class='ocrx_word' id='word_1_281' title='bbox 690 3585 1050 3641; x_wconf 89' lang='lat' dir='ltr'><strong>obediendus.</strong></span> <span class='ocrx_word' id='word_1_282' title='bbox 1083 3587 1193 3641; x_wconf 82' lang='lat' dir='ltr'><strong>Aut</strong></span> <span class='ocrx_word' id='word_1_283' title='bbox 1220 3597 1525 3643; x_wconf 88' lang='lat' dir='ltr'><strong>monstrent</strong></span> <span class='ocrx_word' id='word_1_284' title='bbox 1568 3588 1690 3658; x_wconf 91' lang='lat' dir='ltr'><strong>quis</strong></span> 
     </span>
    </p>
   </div>
   <div class='ocr_carea' id='block_1_40' title="bbox 134 3678 1689 3749">
    <p class='ocr_par' dir='ltr' id='par_1_40' title="bbox 134 3678 1689 3749">
     <span class='ocr_line' id='line_1_40' title="bbox 134 3678 1689 3749; baseline 0.007 -24"><span class='ocrx_word' id='word_1_285' title='bbox 134 3687 348 3744; x_wconf 82' lang='lat' dir='ltr'><strong>umquam</strong></span> <span class='ocrx_word' id='word_1_286' title='bbox 392 3680 494 3733; x_wconf 86' lang='lat' dir='ltr'><strong>fuit</strong></span> <span class='ocrx_word' id='word_1_287' title='bbox 522 3680 621 3734; x_wconf 88' lang='lat' dir='ltr'><strong>ille</strong></span> <span class='ocrx_word' id='word_1_288' title='bbox 653 3678 940 3749; x_wconf 85' lang='lat' dir='ltr'><strong>presbyter</strong></span> <span class='ocrx_word' id='word_1_289' title='bbox 986 3680 1268 3735; x_wconf 85' lang='lat' dir='ltr'><strong>canonicis</strong></span> <span class='ocrx_word' id='word_1_290' title='bbox 1314 3689 1408 3735; x_wconf 85' lang='lat' dir='ltr'><strong>aut</strong></span> <span class='ocrx_word' id='word_1_291' title='bbox 1445 3682 1689 3736; x_wconf 92' lang='lat' dir='ltr'><strong>eremitis</strong></span> 
     </span>
    </p>
   </div>
   <div class='ocr_carea' id='block_1_41' title="bbox 131 3770 1686 3845">
    <p class='ocr_par' dir='ltr' id='par_1_41' title="bbox 131 3770 1686 3845">
     <span class='ocr_line' id='line_1_41' title="bbox 131 3770 1686 3845; baseline 0.008 -28"><span class='ocrx_word' id='word_1_292' title='bbox 131 3779 262 3835; x_wconf 86' lang='lat' dir='ltr'><strong>supra</strong></span> <span class='ocrx_word' id='word_1_293' title='bbox 283 3772 583 3841; x_wconf 75' lang='lat' dir='ltr'><strong>regularem</strong></span> <span class='ocrx_word' id='word_1_294' title='bbox 608 3771 959 3841; x_wconf 62' lang='lat' dir='ltr'><strong>praepositum</strong></span> <span class='ocrx_word' id='word_1_295' title='bbox 983 3770 1062 3825; x_wconf 92' lang='lat' dir='ltr'><strong>eis</strong></span> <span class='ocrx_word' id='word_1_296' title='bbox 1083 3770 1275 3827; x_wconf 86' lang='lat' dir='ltr'><strong>datus?</strong></span> <span class='ocrx_word' id='word_1_297' title='bbox 1296 3772 1449 3840; x_wconf 89' lang='lat' dir='ltr'><strong>Quod</strong></span> <span class='ocrx_word' id='word_1_298' title='bbox 1466 3773 1512 3829; x_wconf 92' lang='lat' dir='ltr'><strong>si</strong></span> <span class='ocrx_word' id='word_1_299' title='bbox 1527 3789 1686 3845; x_wconf 89' lang='lat' dir='ltr'><strong>quem</strong></span> 
     </span>
    </p>
   </div>
   <div class='ocr_carea' id='block_1_42' title="bbox 133 3856 1689 3934">
    <p class='ocr_par' dir='ltr' id='par_1_42' title="bbox 133 3856 1689 3934">
     <span class='ocr_line' id='line_1_42' title="bbox 133 3856 1689 3934; baseline 0.008 -25"><span class='ocrx_word' id='word_1_300' title='bbox 133 3856 367 3928; x_wconf 78' lang='lat' dir='ltr'><strong>ﬁnxerint,</strong></span> <span class='ocrx_word' id='word_1_301' title='bbox 401 3863 698 3919; x_wconf 77' lang='lat' dir='ltr'><strong>ostendant</strong></span> <span class='ocrx_word' id='word_1_302' title='bbox 731 3863 876 3919; x_wconf 90' lang='lat' dir='ltr'><strong>unde</strong></span> <span class='ocrx_word' id='word_1_303' title='bbox 905 3862 955 3917; x_wconf 87' lang='lat' dir='ltr'><strong>id</strong></span> <span class='ocrx_word' id='word_1_304' title='bbox 986 3872 1261 3934; x_wconf 81' lang='lat' dir='ltr'><strong>promunt,</strong></span> <span class='ocrx_word' id='word_1_305' title='bbox 1294 3880 1417 3919; x_wconf 89' lang='lat' dir='ltr'><strong>nam</strong></span> <span class='ocrx_word' id='word_1_306' title='bbox 1442 3866 1564 3921; x_wconf 86' lang='lat' dir='ltr'><strong>sine</strong></span> <span class='ocrx_word' id='word_1_307' title='bbox 1593 3881 1689 3921; x_wconf 83' lang='lat' dir='ltr'><strong>att-</strong></span> 
     </span>
    </p>
   </div>
   <div class='ocr_carea' id='block_1_43' title="bbox 130 3955 1687 4027">
    <p class='ocr_par' dir='ltr' id='par_1_43' title="bbox 130 3955 1687 4027">
     <span class='ocr_line' id='line_1_43' title="bbox 130 3955 1687 4027; baseline 0.006 -24"><span class='ocrx_word' id='word_1_308' title='bbox 130 3960 249 4005; x_wconf 83' lang='lat' dir='ltr'><strong>ctore</strong></span> <span class='ocrx_word' id='word_1_309' title='bbox 280 3955 526 4010; x_wconf 90' lang='lat' dir='ltr'><strong>audiendi</strong></span> <span class='ocrx_word' id='word_1_310' title='bbox 568 3972 681 4010; x_wconf 89' lang='lat' dir='ltr'><strong>non</strong></span> <span class='ocrx_word' id='word_1_311' title='bbox 727 3964 875 4009; x_wconf 89' lang='lat' dir='ltr'><strong>sunt.</strong></span> <span class='ocrx_word' id='word_1_312' title='bbox 915 3955 1050 4010; x_wconf 90' lang='lat' dir='ltr'><strong>llinc</strong></span> <span class='ocrx_word' id='word_1_313' title='bbox 1080 3965 1163 4010; x_wconf 89' lang='lat' dir='ltr'><strong>est</strong></span> <span class='ocrx_word' id='word_1_314' title='bbox 1188 3956 1337 4026; x_wconf 90' lang='lat' dir='ltr'><strong>quod</strong></span> <span class='ocrx_word' id='word_1_315' title='bbox 1383 3957 1573 4027; x_wconf 84' lang='lat' dir='ltr'><strong>regula</strong></span> <span class='ocrx_word' id='word_1_316' title='bbox 1620 3974 1687 4013; x_wconf 79' lang='lat' dir='ltr'><strong>ex</strong></span> 
     </span>
    </p>
   </div>
   <div class='ocr_carea' id='block_1_44' title="bbox 130 4044 1683 4116">
    <p class='ocr_par' dir='ltr' id='par_1_44' title="bbox 130 4044 1683 4116">
     <span class='ocr_line' id='line_1_44' title="bbox 130 4044 1683 4116; baseline 0.006 -22"><span class='ocrx_word' id='word_1_317' title='bbox 130 4044 321 4111; x_wconf 84' lang='lat' dir='ltr'><strong>epistola</strong></span> <span class='ocrx_word' id='word_1_318' title='bbox 372 4048 631 4103; x_wconf 87' lang='lat' dir='ltr'><strong>confecta</strong></span> <span class='ocrx_word' id='word_1_319' title='bbox 657 4045 943 4102; x_wconf 79' lang='lat' dir='ltr'><strong>mitissima</strong></span> <span class='ocrx_word' id='word_1_320' title='bbox 978 4049 1074 4115; x_wconf 88' lang='lat' dir='ltr'><strong>sit,</strong></span> <span class='ocrx_word' id='word_1_321' title='bbox 1109 4058 1298 4116; x_wconf 83' lang='lat' dir='ltr'><strong>utpOte</strong></span> <span class='ocrx_word' id='word_1_322' title='bbox 1329 4049 1546 4104; x_wconf 88' lang='lat' dir='ltr'><strong>feminis</strong></span> <span class='ocrx_word' id='word_1_323' title='bbox 1574 4049 1683 4104; x_wconf 86' lang='lat' dir='ltr'><strong>fra-</strong></span> 
     </span>
    </p>
   </div>
   <div class='ocr_carea' id='block_1_45' title="bbox 128 4138 1686 4210">
    <p class='ocr_par' dir='ltr' id='par_1_45' title="bbox 128 4138 1686 4210">
     <span class='ocr_line' id='line_1_45' title="bbox 128 4138 1686 4210; baseline 0.006 -20"><span class='ocrx_word' id='word_1_324' title='bbox 128 4138 291 4205; x_wconf 77' lang='lat' dir='ltr'><strong>gilibus</strong></span> <span class='ocrx_word' id='word_1_325' title='bbox 323 4140 476 4207; x_wconf 88' lang='lat' dir='ltr'><strong>data;</strong></span> <span class='ocrx_word' id='word_1_326' title='bbox 509 4151 570 4197; x_wconf 94' lang='lat' dir='ltr'><strong>et</strong></span> <span class='ocrx_word' id='word_1_327' title='bbox 603 4140 787 4196; x_wconf 84' lang='lat' dir='ltr'><strong>forsan</strong></span> <span class='ocrx_word' id='word_1_328' title='bbox 819 4156 938 4210; x_wconf 63' lang='lat' dir='ltr'><strong>quae</strong></span> <span class='ocrx_word' id='word_1_329' title='bbox 971 4158 1077 4196; x_wconf 92' lang='lat' dir='ltr'><strong>non</strong></span> <span class='ocrx_word' id='word_1_330' title='bbox 1122 4143 1437 4198; x_wconf 84' lang='lat' dir='ltr'><strong>continebat</strong></span> <span class='ocrx_word' id='word_1_331' title='bbox 1470 4144 1686 4199; x_wconf 85' lang='lat' dir='ltr'><strong>univer-</strong></span> 
     </span>
    </p>
   </div>
   <div class='ocr_carea' id='block_1_46' title="bbox 128 4233 1683 4303">
    <p class='ocr_par' dir='ltr' id='par_1_46' title="bbox 128 4233 1683 4303">
     <span class='ocr_line' id='line_1_46' title="bbox 128 4233 1683 4303; baseline 0.006 -22"><span class='ocrx_word' id='word_1_332' title='bbox 128 4242 219 4284; x_wconf 83' lang='lat' dir='ltr'><strong>sam</strong></span> <span class='ocrx_word' id='word_1_333' title='bbox 255 4234 577 4303; x_wconf 76' lang='lat' dir='ltr'><strong>regularium</strong></span> <span class='ocrx_word' id='word_1_334' title='bbox 631 4234 905 4289; x_wconf 90' lang='lat' dir='ltr'><strong>actionum</strong></span> <span class='ocrx_word' id='word_1_335' title='bbox 951 4233 1371 4299; x_wconf 84' lang='lat' dir='ltr'><strong>institutionem,</strong></span> <span class='ocrx_word' id='word_1_336' title='bbox 1426 4236 1683 4290; x_wconf 87' lang='lat' dir='ltr'><strong>nimirum</strong></span> 
     </span>
    </p>
   </div>
   <div class='ocr_carea' id='block_1_47' title="bbox 128 4322 1687 4394">
    <p class='ocr_par' dir='ltr' id='par_1_47' title="bbox 128 4322 1687 4394">
     <span class='ocr_line' id='line_1_47' title="bbox 128 4322 1687 4394; baseline 0.006 -22"><span class='ocrx_word' id='word_1_337' title='bbox 128 4322 367 4387; x_wconf 81' lang='lat' dir='ltr'><strong>epistulari</strong></span> <span class='ocrx_word' id='word_1_338' title='bbox 393 4325 711 4381; x_wconf 88' lang='lat' dir='ltr'><strong>tractationi</strong></span> <span class='ocrx_word' id='word_1_339' title='bbox 740 4327 920 4380; x_wconf 91' lang='lat' dir='ltr'><strong>minus</strong></span> <span class='ocrx_word' id='word_1_340' title='bbox 946 4326 1377 4383; x_wconf 81' lang='lat' dir='ltr'><strong>accommodato.</strong></span> <span class='ocrx_word' id='word_1_341' title='bbox 1409 4326 1560 4394; x_wconf 86' lang='lat' dir='ltr'><strong>Quod</strong></span> <span class='ocrx_word' id='word_1_342' title='bbox 1588 4326 1687 4381; x_wconf 90' lang='lat' dir='ltr'><strong>ad-</strong></span> 
     </span>
    </p>
   </div>
   <div class='ocr_carea' id='block_1_48' title="bbox 128 4411 1683 4490">
    <p class='ocr_par' dir='ltr' id='par_1_48' title="bbox 128 4411 1683 4490">
     <span class='ocr_line' id='line_1_48' title="bbox 128 4411 1683 4490; baseline 0.008 -27"><span class='ocrx_word' id='word_1_343' title='bbox 128 4411 245 4469; x_wconf 86' lang='lat' dir='ltr'><strong>ditur</strong></span> <span class='ocrx_word' id='word_1_344' title='bbox 267 4417 330 4473; x_wconf 90' lang='lat' dir='ltr'><strong>de</strong></span> <span class='ocrx_word' id='word_1_345' title='bbox 358 4418 657 4476; x_wconf 85' lang='lat' dir='ltr'><strong>Servitano</strong></span> <span class='ocrx_word' id='word_1_346' title='bbox 687 4418 1020 4474; x_wconf 88' lang='lat' dir='ltr'><strong>monasterio</strong></span> <span class='ocrx_word' id='word_1_347' title='bbox 1050 4419 1211 4476; x_wconf 89' lang='lat' dir='ltr'><strong>facile</strong></span> <span class='ocrx_word' id='word_1_348' title='bbox 1240 4420 1490 4490; x_wconf 87' lang='lat' dir='ltr'><strong>solvitur,</strong></span> <span class='ocrx_word' id='word_1_349' title='bbox 1524 4422 1570 4476; x_wconf 90' lang='lat' dir='ltr'><strong>si</strong></span> <span class='ocrx_word' id='word_1_350' title='bbox 1601 4422 1683 4476; x_wconf 88' lang='lat' dir='ltr'><strong>di-</strong></span> 
     </span>
    </p>
   </div>
   <div class='ocr_carea' id='block_1_49' title="bbox 125 4510 1679 4584">
    <p class='ocr_par' dir='ltr' id='par_1_49' title="bbox 125 4510 1679 4584">
     <span class='ocr_line' id='line_1_49' title="bbox 125 4510 1679 4584; baseline 0.009 -29"><span class='ocrx_word' id='word_1_351' title='bbox 125 4516 281 4563; x_wconf 85' lang='lat' dir='ltr'><strong>camus</strong></span> <span class='ocrx_word' id='word_1_352' title='bbox 299 4510 400 4565; x_wconf 89' lang='lat' dir='ltr'><strong>duo</strong></span> <span class='ocrx_word' id='word_1_353' title='bbox 432 4512 614 4567; x_wconf 88' lang='lat' dir='ltr'><strong>fuisse</strong></span> <span class='ocrx_word' id='word_1_354' title='bbox 638 4511 883 4581; x_wconf 87' lang='lat' dir='ltr'><strong>ejusdem</strong></span> <span class='ocrx_word' id='word_1_355' title='bbox 913 4512 1149 4568; x_wconf 87' lang='lat' dir='ltr'><strong>nominis</strong></span> <span class='ocrx_word' id='word_1_356' title='bbox 1178 4523 1306 4569; x_wconf 94' lang='lat' dir='ltr'><strong>tunc</strong></span> <span class='ocrx_word' id='word_1_357' title='bbox 1338 4514 1599 4584; x_wconf 91' lang='lat' dir='ltr'><strong>temporis</strong></span> <span class='ocrx_word' id='word_1_358' title='bbox 1627 4515 1679 4569; x_wconf 92' lang='lat' dir='ltr'><strong>in</strong></span> 
     </span>
    </p>
   </div>
   <div class='ocr_carea' id='block_1_50' title="bbox 128 4592 1681 4677">
    <p class='ocr_par' dir='ltr' id='par_1_50' title="bbox 128 4592 1681 4677">
     <span class='ocr_line' id='line_1_50' title="bbox 128 4592 1681 4677; baseline 0.012 -32"><span class='ocrx_word' id='word_1_359' title='bbox 128 4592 365 4668; x_wconf 86' lang='lat' dir='ltr'><strong>Hispania,</strong></span> <span class='ocrx_word' id='word_1_360' title='bbox 394 4605 640 4661; x_wconf 89' lang='lat' dir='ltr'><strong>alterum</strong></span> <span class='ocrx_word' id='word_1_361' title='bbox 664 4604 731 4660; x_wconf 91' lang='lat' dir='ltr'><strong>ad</strong></span> <span class='ocrx_word' id='word_1_362' title='bbox 757 4606 1132 4676; x_wconf 63' lang='lat' dir='ltr'><strong>praescriptum</strong></span> <span class='ocrx_word' id='word_1_363' title='bbox 1166 4607 1229 4661; x_wconf 92' lang='lat' dir='ltr'><strong>D.</strong></span> <span class='ocrx_word' id='word_1_364' title='bbox 1261 4608 1568 4677; x_wconf 74' lang='lat' dir='ltr'><strong>Augustini,</strong></span> <span class='ocrx_word' id='word_1_365' title='bbox 1600 4610 1681 4663; x_wconf 91' lang='lat' dir='ltr'><strong>al-</strong></span> 
     </span>
    </p>
   </div>
   <div class='ocr_carea' id='block_1_51' title="bbox 127 4693 1678 4768">
    <p class='ocr_par' dir='ltr' id='par_1_51' title="bbox 127 4693 1678 4768">
     <span class='ocr_line' id='line_1_51' title="bbox 127 4693 1678 4768; baseline 0.011 -29"><span class='ocrx_word' id='word_1_366' title='bbox 127 4693 265 4746; x_wconf 86' lang='lat' dir='ltr'><strong>terum</strong></span> <span class='ocrx_word' id='word_1_367' title='bbox 284 4695 375 4749; x_wconf 90' lang='lat' dir='ltr'><strong>sub</strong></span> <span class='ocrx_word' id='word_1_368' title='bbox 395 4697 586 4768; x_wconf 76' lang='lat' dir='ltr'><strong>regula</strong></span> <span class='ocrx_word' id='word_1_369' title='bbox 621 4696 686 4751; x_wconf 87' lang='grc' dir='ltr'><strong>Ι).</strong></span> <span class='ocrx_word' id='word_1_370' title='bbox 715 4696 995 4753; x_wconf 84' lang='lat' dir='ltr'><strong>Benedicti</strong></span> <span class='ocrx_word' id='word_1_371' title='bbox 1021 4699 1297 4763; x_wconf 90' lang='lat' dir='ltr'><strong>militans;</strong></span> <span class='ocrx_word' id='word_1_372' title='bbox 1331 4714 1430 4755; x_wconf 92' lang='lat' dir='ltr'><strong>nec</strong></span> <span class='ocrx_word' id='word_1_373' title='bbox 1456 4701 1678 4767; x_wconf 92' lang='lat' dir='ltr'><strong>mirum,</strong></span> 
     </span>
    </p>
   </div>
   <div class='ocr_carea' id='block_1_52' title="bbox 125 4788 1680 4848">
    <p class='ocr_par' dir='ltr' id='par_1_52' title="bbox 125 4788 1680 4848">
     <span class='ocr_line' id='line_1_52' title="bbox 125 4788 1680 4848; baseline 0.008 -13"><span class='ocrx_word' id='word_1_374' title='bbox 125 4790 221 4835; x_wconf 81' lang='lat' dir='ltr'><strong>cum</strong></span> <span class='ocrx_word' id='word_1_375' title='bbox 240 4799 346 4840; x_wconf 64' lang='lat' dir='ltr'><strong>sevo</strong></span> <span class='ocrx_word' id='word_1_376' title='bbox 364 4788 459 4843; x_wconf 92' lang='lat' dir='ltr'><strong>illo</strong></span> <span class='ocrx_word' id='word_1_377' title='bbox 480 4789 847 4845; x_wconf 86' lang='lat' dir='ltr'><strong>usitatissimo</strong></span> <span class='ocrx_word' id='word_1_378' title='bbox 868 4791 1133 4847; x_wconf 89' lang='lat' dir='ltr'><strong>vocabulo</strong></span> <span class='ocrx_word' id='word_1_379' title='bbox 1159 4792 1397 4847; x_wconf 83' lang='lat' dir='ltr'><strong>universi</strong></span> <span class='ocrx_word' id='word_1_380' title='bbox 1426 4793 1680 4848; x_wconf 89' lang='lat' dir='ltr'><strong>monachi</strong></span> 
     </span>
    </p>
   </div>
   <div class='ocr_carea' id='block_1_53' title="bbox 126 4867 1678 4952">
    <p class='ocr_par' dir='ltr' id='par_1_53' title="bbox 126 4867 1678 4952">
     <span class='ocr_line' id='line_1_53' title="bbox 126 4867 1678 4952; baseline 0.01 -27"><span class='ocrx_word' id='word_1_381' title='bbox 126 4867 244 4927; x_wconf 78' lang='lat' dir='ltr'><strong>Servi</strong></span> <span class='ocrx_word' id='word_1_382' title='bbox 283 4877 372 4933; x_wconf 82' lang='lat' dir='ltr'><strong>Dei</strong></span> <span class='ocrx_word' id='word_1_383' title='bbox 418 4893 894 4952; x_wconf 86' lang='lat' dir='ltr'><strong>nuncuparentur.</strong></span> <span class='ocrx_word' id='word_1_384' title='bbox 938 4882 1053 4939; x_wconf 69' lang='lat' dir='ltr'><strong>Nisi</strong></span> <span class='ocrx_word' id='word_1_385' title='bbox 1098 4886 1270 4939; x_wconf 84' lang='lat' dir='ltr'><strong>mavis</strong></span> <span class='ocrx_word' id='word_1_386' title='bbox 1305 4886 1616 4941; x_wconf 74' lang='lat' dir='ltr'><strong>ctenobium</strong></span> <span class='ocrx_word' id='word_1_387' title='bbox 1648 4903 1678 4942; x_wconf 90' lang='lat' dir='ltr'><strong>a</strong></span> 
     </span>
    </p>
   </div>
   <div class='ocr_carea' id='block_1_54' title="bbox 125 4960 1679 5049">
    <p class='ocr_par' dir='ltr' id='par_1_54' title="bbox 125 4960 1679 5049">
     <span class='ocr_line' id='line_1_54' title="bbox 125 4960 1679 5049; baseline 0.011 -34"><span class='ocrx_word' id='word_1_388' title='bbox 125 4960 171 5016; x_wconf 92' lang='lat' dir='ltr'><strong>S.</strong></span> <span class='ocrx_word' id='word_1_389' title='bbox 194 4964 380 5026; x_wconf 56' lang='lat' dir='ltr'><strong>Donato</strong></span> <span class='ocrx_word' id='word_1_390' title='bbox 408 4975 698 5031; x_wconf 81' lang='lat' dir='ltr'><strong>fundatum</strong></span> <span class='ocrx_word' id='word_1_391' title='bbox 728 4990 871 5031; x_wconf 90' lang='lat' dir='ltr'><strong>anno</strong></span> <span class='ocrx_word' id='word_1_392' title='bbox 902 4976 1119 5032; x_wconf 88' lang='lat' dir='ltr'><strong>Domini</strong></span> <span class='ocrx_word' id='word_1_393' title='bbox 1163 4976 1269 5031; x_wconf 84' lang='lat'><strong>575</strong></span> <span class='ocrx_word' id='word_1_394' title='bbox 1320 4987 1443 5047; x_wconf 92' lang='lat' dir='ltr'><strong>post</strong></span> <span class='ocrx_word' id='word_1_395' title='bbox 1471 4978 1679 5049; x_wconf 86' lang='lat' dir='ltr'><strong>aliquot</strong></span> 
     </span>
    </p>
   </div>
   <div class='ocr_carea' id='block_1_55' title="bbox 125 5066 1677 5141">
    <p class='ocr_par' dir='ltr' id='par_1_55' title="bbox 125 5066 1677 5141">
     <span class='ocr_line' id='line_1_55' title="bbox 125 5066 1677 5141; baseline 0.012 -36"><span class='ocrx_word' id='word_1_396' title='bbox 125 5068 265 5113; x_wconf 87' lang='lat' dir='ltr'><strong>annos</strong></span> <span class='ocrx_word' id='word_1_397' title='bbox 293 5066 483 5133; x_wconf 70' lang='lat' dir='ltr'><strong>regulae</strong></span> <span class='ocrx_word' id='word_1_398' title='bbox 530 5068 595 5123; x_wconf 92' lang='lat' dir='ltr'><strong>S.</strong></span> <span class='ocrx_word' id='word_1_399' title='bbox 629 5067 909 5141; x_wconf 86' lang='lat' dir='ltr'><strong>Benedicti</strong></span> <span class='ocrx_word' id='word_1_400' title='bbox 953 5084 1013 5124; x_wconf 88' lang='lat' dir='ltr'><strong>sc</strong></span> <span class='ocrx_word' id='word_1_401' title='bbox 1038 5068 1375 5131; x_wconf 84' lang='lat' dir='ltr'><strong>subdidisse.</strong></span> <span class='ocrx_word' id='word_1_402' title='bbox 1425 5069 1526 5123; x_wconf 88' lang='lat' dir='ltr'><strong>sub</strong></span> <span class='ocrx_word' id='word_1_403' title='bbox 1570 5085 1677 5140; x_wconf 92' lang='lat' dir='ltr'><strong>qua</strong></span> 
     </span>
    </p>
   </div>
   <div class='ocr_carea' id='block_1_56' title="bbox 125 5153 1676 5227">
    <p class='ocr_par' dir='ltr' id='par_1_56' title="bbox 125 5153 1676 5227">
     <span class='ocr_line' id='line_1_56' title="bbox 125 5153 1676 5227; baseline 0.006 -21"><span class='ocrx_word' id='word_1_404' title='bbox 125 5153 351 5217; x_wconf 70' lang='lat' dir='ltr'><strong>reperitur</strong></span> <span class='ocrx_word' id='word_1_405' title='bbox 380 5157 548 5212; x_wconf 88' lang='lat' dir='ltr'><strong>abbas</strong></span> <span class='ocrx_word' id='word_1_406' title='bbox 576 5158 901 5216; x_wconf 87' lang='lat' dir='ltr'><strong>Servitanus</strong></span> <span class='ocrx_word' id='word_1_407' title='bbox 945 5175 1087 5216; x_wconf 90' lang='lat' dir='ltr'><strong>anno</strong></span> <span class='ocrx_word' id='word_1_408' title='bbox 1118 5158 1322 5215; x_wconf 75' lang='lat' dir='ltr'><strong>Christi</strong></span> <span class='ocrx_word' id='word_1_409' title='bbox 1356 5158 1483 5224; x_wconf 84' lang='lat'><strong>590,</strong></span> <span class='ocrx_word' id='word_1_410' title='bbox 1532 5160 1676 5227; x_wconf 91' lang='lat' dir='ltr'><strong>quod</strong></span> 
     </span>
    </p>
   </div>
   <div class='ocr_carea' id='block_1_57' title="bbox 124 5244 1678 5322">
    <p class='ocr_par' dir='ltr' id='par_1_57' title="bbox 124 5244 1678 5322">
     <span class='ocr_line' id='line_1_57' title="bbox 124 5244 1678 5322; baseline 0.01 -26"><span class='ocrx_word' id='word_1_411' title='bbox 124 5244 230 5300; x_wconf 82' lang='lat' dir='ltr'><strong>satis</strong></span> <span class='ocrx_word' id='word_1_412' title='bbox 267 5253 552 5311; x_wconf 83' lang='lat' dir='ltr'><strong>verisimile</strong></span> <span class='ocrx_word' id='word_1_413' title='bbox 582 5264 689 5322; x_wconf 83' lang='lat' dir='ltr'><strong>est,</strong></span> <span class='ocrx_word' id='word_1_414' title='bbox 734 5270 853 5310; x_wconf 92' lang='lat' dir='ltr'><strong>cum</strong></span> <span class='ocrx_word' id='word_1_415' title='bbox 888 5256 1018 5310; x_wconf 89' lang='lat' dir='ltr'><strong>olim</strong></span> <span class='ocrx_word' id='word_1_416' title='bbox 1066 5272 1227 5312; x_wconf 90' lang='lat' dir='ltr'><strong>nemo</strong></span> <span class='ocrx_word' id='word_1_417' title='bbox 1279 5270 1344 5311; x_wconf 80' lang='lat' dir='ltr'><strong>ex</strong></span> <span class='ocrx_word' id='word_1_418' title='bbox 1395 5254 1678 5312; x_wconf 89' lang='lat' dir='ltr'><strong>monachis</strong></span> 
     </span>
    </p>
   </div>
   <div class='ocr_carea' id='block_1_58' title="bbox 125 5335 1677 5422">
    <p class='ocr_par' dir='ltr' id='par_1_58' title="bbox 125 5335 1677 5422">
     <span class='ocr_line' id='line_1_58' title="bbox 125 5335 1677 5422; baseline 0.012 -34"><span class='ocrx_word' id='word_1_419' title='bbox 125 5335 448 5402; x_wconf 79' lang='lat' dir='ltr'><strong>diversitatem</strong></span> <span class='ocrx_word' id='word_1_420' title='bbox 478 5350 737 5405; x_wconf 89' lang='lat' dir='ltr'><strong>ordinum</strong></span> <span class='ocrx_word' id='word_1_421' title='bbox 768 5349 1071 5419; x_wconf 77' lang='lat' dir='ltr'><strong>affectaret,</strong></span> <span class='ocrx_word' id='word_1_422' title='bbox 1096 5350 1191 5407; x_wconf 83' lang='lat' dir='ltr'><strong>sed</strong></span> <span class='ocrx_word' id='word_1_423' title='bbox 1221 5349 1573 5422; x_wconf 83' lang='lat' dir='ltr'><strong>perfectionis</strong></span> <span class='ocrx_word' id='word_1_424' title='bbox 1596 5348 1677 5406; x_wconf 80' lang='lat' dir='ltr'><strong>fa-</strong></span> 
     </span>
    </p>
   </div>
   <div class='ocr_carea' id='block_1_59' title="bbox 124 5427 700 5499">
    <p class='ocr_par' dir='ltr' id='par_1_59' title="bbox 124 5427 700 5499">
     <span class='ocr_line' id='line_1_59' title="bbox 124 5427 700 5499; baseline 0.033 -19"><span class='ocrx_word' id='word_1_425' title='bbox 124 5427 251 5487; x_wconf 86' lang='lat' dir='ltr'><strong>cilius</strong></span> <span class='ocrx_word' id='word_1_426' title='bbox 276 5435 509 5496; x_wconf 90' lang='lat' dir='ltr'><strong>invenirc</strong></span> <span class='ocrx_word' id='word_1_427' title='bbox 532 5441 700 5499; x_wconf 81' lang='lat' dir='ltr'><strong>viam.</strong></span> 
     </span>
    </p>
   </div>
   <div class='ocr_carea' id='block_1_60' title="bbox 182 5522 1674 5606">
    <p class='ocr_par' dir='ltr' id='par_1_60' title="bbox 182 5522 1674 5606">
     <span class='ocr_line' id='line_1_60' title="bbox 182 5522 1674 5606; baseline 0.01 -29"><span class='ocrx_word' id='word_1_428' title='bbox 182 5522 425 5587; x_wconf 83' lang='lat' dir='ltr'><strong>Quantum</strong></span> <span class='ocrx_word' id='word_1_429' title='bbox 447 5531 761 5591; x_wconf 86' lang='lat' dir='ltr'><strong>dissimulat</strong></span> <span class='ocrx_word' id='word_1_430' title='bbox 790 5536 1130 5606; x_wconf 86' lang='lat' dir='ltr'><strong>antiquitatis</strong></span> <span class='ocrx_word' id='word_1_431' title='bbox 1161 5536 1433 5604; x_wconf 88' lang='lat' dir='ltr'><strong>notitiam,</strong></span> <span class='ocrx_word' id='word_1_432' title='bbox 1469 5545 1526 5592; x_wconf 91' lang='lat' dir='ltr'><strong>ut</strong></span> <span class='ocrx_word' id='word_1_433' title='bbox 1555 5537 1674 5592; x_wconf 88' lang='lat' dir='ltr'><strong>inu-</strong></span> 
     </span>
    </p>
   </div>
   <div class='ocr_carea' id='block_1_61' title="bbox 126 5612 1674 5689">
    <p class='ocr_par' dir='ltr' id='par_1_61' title="bbox 126 5612 1674 5689">
     <span class='ocr_line' id='line_1_61' title="bbox 126 5612 1674 5689; baseline 0.016 -25"><span class='ocrx_word' id='word_1_434' title='bbox 126 5612 313 5675; x_wconf 85' lang='lat' dir='ltr'><strong>sitatum</strong></span> <span class='ocrx_word' id='word_1_435' title='bbox 355 5626 455 5681; x_wconf 90' lang='lat' dir='ltr'><strong>sibi</strong></span> <span class='ocrx_word' id='word_1_436' title='bbox 506 5627 759 5686; x_wconf 88' lang='lat' dir='ltr'><strong>videatur</strong></span> <span class='ocrx_word' id='word_1_437' title='bbox 807 5630 1108 5687; x_wconf 89' lang='lat' dir='ltr'><strong>monachos</strong></span> <span class='ocrx_word' id='word_1_438' title='bbox 1158 5632 1223 5687; x_wconf 90' lang='lat' dir='ltr'><strong>ad</strong></span> <span class='ocrx_word' id='word_1_439' title='bbox 1276 5634 1591 5689; x_wconf 88' lang='lat' dir='ltr'><strong>clericatum</strong></span> <span class='ocrx_word' id='word_1_440' title='bbox 1642 5646 1674 5688; x_wconf 77' lang='grc' dir='ltr'><strong>θ</strong></span> 
     </span>
    </p>
   </div>
   <div class='ocr_carea' id='block_1_62' title="bbox 126 5717 1671 5793">
    <p class='ocr_par' dir='ltr' id='par_1_62' title="bbox 126 5717 1671 5793">
     <span class='ocr_line' id='line_1_62' title="bbox 126 5717 1671 5793; baseline 0.017 -33"><span class='ocrx_word' id='word_1_441' title='bbox 126 5717 413 5775; x_wconf 79' lang='lat' dir='ltr'><strong>monasterio</strong></span> <span class='ocrx_word' id='word_1_442' title='bbox 435 5719 655 5793; x_wconf 85' lang='lat' dir='ltr'><strong>abduci,</strong></span> <span class='ocrx_word' id='word_1_443' title='bbox 681 5723 845 5781; x_wconf 83' lang='lat' dir='ltr'><strong>etiam</strong></span> <span class='ocrx_word' id='word_1_444' title='bbox 864 5724 1131 5783; x_wconf 84' lang='lat' dir='ltr'><strong>violenter</strong></span> <span class='ocrx_word' id='word_1_445' title='bbox 1149 5727 1357 5784; x_wconf 85' lang='lat' dir='ltr'><strong>solitos.</strong></span> <span class='ocrx_word' id='word_1_446' title='bbox 1382 5726 1507 5787; x_wconf 85' lang='lat' dir='ltr'><strong>Scio</strong></span> <span class='ocrx_word' id='word_1_447' title='bbox 1530 5728 1671 5787; x_wconf 83' lang='lat' dir='ltr'><strong>Pen-</strong></span> 
     </span>
    </p>
   </div>
   <div class='ocr_carea' id='block_1_63' title="bbox 1720 3083 1765 3148">
    <p class='ocr_par' dir='ltr' id='par_1_63' title="bbox 1720 3083 1765 3148">
     <span class='ocr_line' id='line_1_63' title="bbox 1720 3083 1765 3148; baseline 0 0"><span class='ocrx_word' id='word_1_448' title='bbox 1720 3083 1765 3148; x_wconf 90' lang='lat' dir='ltr'><strong>C</strong></span> 
     </span>
    </p>
   </div>
   <div class='ocr_carea' id='block_1_64' title="bbox 1800 428 3394 498">
    <p class='ocr_par' dir='ltr' id='par_1_64' title="bbox 1800 428 3394 498">
     <span class='ocr_line' id='line_1_64' title="bbox 1800 428 3394 498; baseline 0.009 -15"><span class='ocrx_word' id='word_1_449' title='bbox 1800 428 2050 487; x_wconf 89' lang='lat' dir='ltr'><strong>adductis</strong></span> <span class='ocrx_word' id='word_1_450' title='bbox 2089 436 2252 489; x_wconf 90' lang='lat' dir='ltr'><strong>etiam</strong></span> <span class='ocrx_word' id='word_1_451' title='bbox 2296 436 2471 491; x_wconf 90' lang='lat' dir='ltr'><strong>sacris</strong></span> <span class='ocrx_word' id='word_1_452' title='bbox 2516 439 2816 494; x_wconf 88' lang='lat' dir='ltr'><strong>canouibus</strong></span> <span class='ocrx_word' id='word_1_453' title='bbox 2864 438 2921 494; x_wconf 93' lang='lat' dir='ltr'><strong>in</strong></span> <span class='ocrx_word' id='word_1_454' title='bbox 2965 440 3205 496; x_wconf 88' lang='lat' dir='ltr'><strong>medium</strong></span> <span class='ocrx_word' id='word_1_455' title='bbox 3250 441 3394 498; x_wconf 91' lang='lat' dir='ltr'><strong>idem</strong></span> 
     </span>
    </p>
   </div>
   <div class='ocr_carea' id='block_1_65' title="bbox 1801 523 3396 597">
    <p class='ocr_par' dir='ltr' id='par_1_65' title="bbox 1801 523 3396 597">
     <span class='ocr_line' id='line_1_65' title="bbox 1801 523 3396 597; baseline 0.008 -22"><span class='ocrx_word' id='word_1_456' title='bbox 1801 523 2060 579; x_wconf 89' lang='lat' dir='ltr'><strong>inculcat.</strong></span> <span class='ocrx_word' id='word_1_457' title='bbox 2092 524 2235 597; x_wconf 79' lang='lat' dir='ltr'><strong>Ergo</strong></span> <span class='ocrx_word' id='word_1_458' title='bbox 2266 526 2337 582; x_wconf 77' lang='lat' dir='ltr'><strong>bl.</strong></span> <span class='ocrx_word' id='word_1_459' title='bbox 2371 527 2659 584; x_wconf 64' lang='lat' dir='ltr'><strong>Maximum</strong></span> <span class='ocrx_word' id='word_1_460' title='bbox 2691 545 2723 586; x_wconf 91' lang='lat' dir='ltr'><strong>e</strong></span> <span class='ocrx_word' id='word_1_461' title='bbox 2747 532 3084 587; x_wconf 90' lang='lat' dir='ltr'><strong>monasterio</strong></span> <span class='ocrx_word' id='word_1_462' title='bbox 3108 532 3175 587; x_wconf 91' lang='lat' dir='ltr'><strong>ad</strong></span> <span class='ocrx_word' id='word_1_463' title='bbox 3212 532 3396 589; x_wconf 84' lang='lat' dir='ltr'><strong>archi-</strong></span> 
     </span>
    </p>
   </div>
   <div class='ocr_carea' id='block_1_66' title="bbox 1799 613 3391 695">
    <p class='ocr_par' dir='ltr' id='par_1_66' title="bbox 1799 613 3391 695">
     <span class='ocr_line' id='line_1_66' title="bbox 1799 613 3391 695; baseline 0.008 -27"><span class='ocrx_word' id='word_1_464' title='bbox 1799 613 2145 671; x_wconf 70' lang='lat' dir='ltr'><strong>diaconatum</strong></span> <span class='ocrx_word' id='word_1_465' title='bbox 2193 618 2773 690; x_wconf 68' lang='lat' dir='ltr'><strong>Caesaraugustantun,</strong></span> <span class='ocrx_word' id='word_1_466' title='bbox 2826 622 3065 694; x_wconf 88' lang='lat' dir='ltr'><strong>indeque</strong></span> <span class='ocrx_word' id='word_1_467' title='bbox 3120 622 3188 679; x_wconf 90' lang='lat' dir='ltr'><strong>ad</strong></span> <span class='ocrx_word' id='word_1_468' title='bbox 3219 624 3391 695; x_wconf 87' lang='lat' dir='ltr'><strong>ipsam</strong></span> 
     </span>
    </p>
   </div>
   <div class='ocr_carea' id='block_1_67' title="bbox 1797 706 3006 785">
    <p class='ocr_par' dir='ltr' id='par_1_67' title="bbox 1797 706 3006 785">
     <span class='ocr_line' id='line_1_67' title="bbox 1797 706 3006 785; baseline 0.006 -22"><span class='ocrx_word' id='word_1_469' title='bbox 1797 706 2111 764; x_wconf 87' lang='lat' dir='ltr'><strong>cathedram</strong></span> <span class='ocrx_word' id='word_1_470' title='bbox 2142 710 2363 776; x_wconf 87' lang='lat' dir='ltr'><strong>abduci,</strong></span> <span class='ocrx_word' id='word_1_471' title='bbox 2399 728 2559 767; x_wconf 92' lang='lat' dir='ltr'><strong>nemo</strong></span> <span class='ocrx_word' id='word_1_472' title='bbox 2585 715 2771 770; x_wconf 90' lang='lat' dir='ltr'><strong>mirari</strong></span> <span class='ocrx_word' id='word_1_473' title='bbox 2803 724 3006 785; x_wconf 87' lang='lat' dir='ltr'><strong>potest.</strong></span> 
     </span>
    </p>
   </div>
   <div class='ocr_carea' id='block_1_68' title="bbox 1867 801 3383 879">
    <p class='ocr_par' dir='ltr' id='par_1_68' title="bbox 1867 801 3383 879">
     <span class='ocr_line' id='line_1_68' title="bbox 1867 801 3383 879; baseline 0.007 -24"><span class='ocrx_word' id='word_1_474' title='bbox 1867 801 2004 870; x_wconf 81' lang='lat' dir='ltr'><strong>Quid</strong></span> <span class='ocrx_word' id='word_1_475' title='bbox 2036 802 2080 856; x_wconf 93' lang='lat' dir='ltr'><strong>si</strong></span> <span class='ocrx_word' id='word_1_476' title='bbox 2104 802 2399 858; x_wconf 87' lang='lat' dir='ltr'><strong>identidem</strong></span> <span class='ocrx_word' id='word_1_477' title='bbox 2440 807 2747 863; x_wconf 86' lang='lat' dir='ltr'><strong>scriberent</strong></span> <span class='ocrx_word' id='word_1_478' title='bbox 2782 811 3079 879; x_wconf 89' lang='lat' dir='ltr'><strong>scriptores</strong></span> <span class='ocrx_word' id='word_1_479' title='bbox 3125 810 3383 868; x_wconf 85' lang='lat' dir='ltr'><strong>classici?</strong></span> 
     </span>
    </p>
   </div>
   <div class='ocr_carea' id='block_1_69' title="bbox 1797 891 3393 973">
    <p class='ocr_par' dir='ltr' id='par_1_69' title="bbox 1797 891 3393 973">
     <span class='ocr_line' id='line_1_69' title="bbox 1797 891 3393 973; baseline 0.008 -26"><span class='ocrx_word' id='word_1_480' title='bbox 1797 891 1955 948; x_wconf 90' lang='lat' dir='ltr'><strong>Certe</strong></span> <span class='ocrx_word' id='word_1_481' title='bbox 1985 894 2041 949; x_wconf 89' lang='lat' dir='ltr'><strong>S.</strong></span> <span class='ocrx_word' id='word_1_482' title='bbox 2069 893 2310 949; x_wconf 85' lang='lat' dir='ltr'><strong>Isidorus</strong></span> <span class='ocrx_word' id='word_1_483' title='bbox 2336 896 2389 949; x_wconf 89' lang='lat' dir='ltr'><strong>id</strong></span> <span class='ocrx_word' id='word_1_484' title='bbox 2422 895 2587 952; x_wconf 86' lang='lat' dir='ltr'><strong>habet</strong></span> <span class='ocrx_word' id='word_1_485' title='bbox 2615 898 2668 953; x_wconf 91' lang='lat' dir='ltr'><strong>in</strong></span> <span class='ocrx_word' id='word_1_486' title='bbox 2702 899 3001 965; x_wconf 85' lang='lat' dir='ltr'><strong>Chronico,</strong></span> <span class='ocrx_word' id='word_1_487' title='bbox 3033 902 3178 973; x_wconf 91' lang='lat' dir='ltr'><strong>quod</strong></span> <span class='ocrx_word' id='word_1_488' title='bbox 3217 903 3393 960; x_wconf 89' lang='lat' dir='ltr'><strong>Lucas</strong></span> 
     </span>
    </p>
   </div>
   <div class='ocr_carea' id='block_1_70' title="bbox 1797 984 3392 1060">
    <p class='ocr_par' dir='ltr' id='par_1_70' title="bbox 1797 984 3392 1060">
     <span class='ocr_line' id='line_1_70' title="bbox 1797 984 3392 1060; baseline 0.008 -21"><span class='ocrx_word' id='word_1_489' title='bbox 1797 984 2098 1050; x_wconf 80' lang='lat' dir='ltr'><strong>Tudensis,</strong></span> <span class='ocrx_word' id='word_1_490' title='bbox 2139 985 2295 1055; x_wconf 89' lang='lat' dir='ltr'><strong>jussu</strong></span> <span class='ocrx_word' id='word_1_491' title='bbox 2344 988 2685 1056; x_wconf 76' lang='lat' dir='ltr'><strong>Berengaria:</strong></span> <span class='ocrx_word' id='word_1_492' title='bbox 2730 992 2931 1060; x_wconf 76' lang='lat' dir='ltr'><strong>regium</strong></span> <span class='ocrx_word' id='word_1_493' title='bbox 2982 995 3285 1060; x_wconf 89' lang='lat' dir='ltr'><strong>recensuit;</strong></span> <span class='ocrx_word' id='word_1_494' title='bbox 3337 1006 3392 1051; x_wconf 92' lang='lat' dir='ltr'><strong>et</strong></span> 
     </span>
    </p>
   </div>
   <div class='ocr_carea' id='block_1_71' title="bbox 1794 1080 3388 1159">
    <p class='ocr_par' dir='ltr' id='par_1_71' title="bbox 1794 1080 3388 1159">
     <span class='ocr_line' id='line_1_71' title="bbox 1794 1080 3388 1159; baseline 0.008 -27"><span class='ocrx_word' id='word_1_495' title='bbox 1794 1080 1911 1147; x_wconf 84' lang='lat' dir='ltr'><strong>ipse</strong></span> <span class='ocrx_word' id='word_1_496' title='bbox 1941 1080 2211 1135; x_wconf 87' lang='lat' dir='ltr'><strong>Tudensis</strong></span> <span class='ocrx_word' id='word_1_497' title='bbox 2240 1081 2370 1152; x_wconf 87' lang='lat' dir='ltr'><strong>(seu</strong></span> <span class='ocrx_word' id='word_1_498' title='bbox 2413 1081 2733 1148; x_wconf 84' lang='lat' dir='ltr'><strong>Tuditanus,</strong></span> <span class='ocrx_word' id='word_1_499' title='bbox 2772 1095 2828 1138; x_wconf 92' lang='lat' dir='ltr'><strong>ut</strong></span> <span class='ocrx_word' id='word_1_500' title='bbox 2862 1085 3160 1141; x_wconf 83' lang='lat' dir='ltr'><strong>Pennottus</strong></span> <span class='ocrx_word' id='word_1_501' title='bbox 3192 1091 3388 1159; x_wconf 89' lang='lat' dir='ltr'><strong>vocat)</strong></span> 
     </span>
    </p>
   </div>
   <div class='ocr_carea' id='block_1_72' title="bbox 1792 1180 3390 1252">
    <p class='ocr_par' dir='ltr' id='par_1_72' title="bbox 1792 1180 3390 1252">
     <span class='ocr_line' id='line_1_72' title="bbox 1792 1180 3390 1252; baseline 0.004 -17"><span class='ocrx_word' id='word_1_502' title='bbox 1792 1180 1879 1235; x_wconf 90' lang='lat' dir='ltr'><strong>cui</strong></span> <span class='ocrx_word' id='word_1_503' title='bbox 1906 1180 2070 1235; x_wconf 89' lang='lat' dir='ltr'><strong>etiam</strong></span> <span class='ocrx_word' id='word_1_504' title='bbox 2098 1181 2331 1236; x_wconf 90' lang='lat' dir='ltr'><strong>multum</strong></span> <span class='ocrx_word' id='word_1_505' title='bbox 2362 1196 2460 1252; x_wconf 93' lang='lat' dir='ltr'><strong>pro</strong></span> <span class='ocrx_word' id='word_1_506' title='bbox 2481 1183 2691 1238; x_wconf 91' lang='lat' dir='ltr'><strong>meritis</strong></span> <span class='ocrx_word' id='word_1_507' title='bbox 2722 1184 2917 1249; x_wconf 77' lang='lat' dir='ltr'><strong>defert,</strong></span> <span class='ocrx_word' id='word_1_508' title='bbox 2948 1184 3123 1240; x_wconf 90' lang='lat' dir='ltr'><strong>eidem</strong></span> <span class='ocrx_word' id='word_1_509' title='bbox 3151 1186 3390 1242; x_wconf 56' lang='lat' dir='ltr'><strong>subseri-</strong></span> 
     </span>
    </p>
   </div>
   <div class='ocr_carea' id='block_1_73' title="bbox 1792 1271 3392 1348">
    <p class='ocr_par' dir='ltr' id='par_1_73' title="bbox 1792 1271 3392 1348">
     <span class='ocr_line' id='line_1_73' title="bbox 1792 1271 3392 1348; baseline 0.004 -21"><span class='ocrx_word' id='word_1_510' title='bbox 1792 1271 1895 1338; x_wconf 89' lang='lat' dir='ltr'><strong>bit,</strong></span> <span class='ocrx_word' id='word_1_511' title='bbox 1940 1282 1996 1328; x_wconf 90' lang='lat' dir='ltr'><strong>et</strong></span> <span class='ocrx_word' id='word_1_512' title='bbox 2036 1272 2181 1344; x_wconf 92' lang='lat' dir='ltr'><strong>quod</strong></span> <span class='ocrx_word' id='word_1_513' title='bbox 2213 1283 2375 1348; x_wconf 82' lang='lat' dir='ltr'><strong>caput</strong></span> <span class='ocrx_word' id='word_1_514' title='bbox 2400 1283 2506 1341; x_wconf 86' lang='lat' dir='ltr'><strong>est,</strong></span> <span class='ocrx_word' id='word_1_515' title='bbox 2557 1274 2622 1346; x_wconf 76' lang='lat' dir='ltr'><strong>D.</strong></span> <span class='ocrx_word' id='word_1_516' title='bbox 2672 1274 2979 1330; x_wconf 89' lang='lat' dir='ltr'><strong>lldefonsus</strong></span> <span class='ocrx_word' id='word_1_517' title='bbox 3022 1277 3075 1331; x_wconf 89' lang='lat' dir='ltr'><strong>in</strong></span> <span class='ocrx_word' id='word_1_518' title='bbox 3106 1279 3392 1333; x_wconf 84' lang='lat' dir='ltr'><strong>continua-</strong></span> 
     </span>
    </p>
   </div>
   <div class='ocr_carea' id='block_1_74' title="bbox 1792 1363 3391 1437">
    <p class='ocr_par' dir='ltr' id='par_1_74' title="bbox 1792 1363 3391 1437">
     <span class='ocr_line' id='line_1_74' title="bbox 1792 1363 3391 1437; baseline 0.004 -18"><span class='ocrx_word' id='word_1_519' title='bbox 1792 1365 1940 1419; x_wconf 91' lang='lat' dir='ltr'><strong>tione</strong></span> <span class='ocrx_word' id='word_1_520' title='bbox 1988 1363 2273 1420; x_wconf 80' lang='lat' dir='ltr'><strong>lsidoriaui</strong></span> <span class='ocrx_word' id='word_1_521' title='bbox 2323 1364 2599 1421; x_wconf 91' lang='lat' dir='ltr'><strong>Chronici.</strong></span> <span class='ocrx_word' id='word_1_522' title='bbox 2633 1368 2793 1420; x_wconf 80' lang='lat' dir='ltr'><strong>Anno</strong></span> <span class='ocrx_word' id='word_1_523' title='bbox 2845 1366 3009 1437; x_wconf 82' lang='lat' dir='ltr'><strong>igitur</strong></span> <span class='ocrx_word' id='word_1_524' title='bbox 3040 1367 3252 1424; x_wconf 82' lang='lat' dir='ltr'><strong>Domini</strong></span> <span class='ocrx_word' id='word_1_525' title='bbox 3285 1371 3391 1425; x_wconf 83' lang='lat'><strong>606</strong></span> 
     </span>
    </p>
   </div>
   <div class='ocr_carea' id='block_1_75' title="bbox 1792 1455 3388 1529">
    <p class='ocr_par' dir='ltr' id='par_1_75' title="bbox 1792 1455 3388 1529">
     <span class='ocr_line' id='line_1_75' title="bbox 1792 1455 3388 1529; baseline 0.003 -19"><span class='ocrx_word' id='word_1_526' title='bbox 1792 1455 2167 1511; x_wconf 85' lang='lat' dir='ltr'><strong>Machometus</strong></span> <span class='ocrx_word' id='word_1_527' title='bbox 2220 1456 2697 1527; x_wconf 87' lang='lat' dir='ltr'><strong>pseudopropheta</strong></span> <span class='ocrx_word' id='word_1_528' title='bbox 2752 1457 2807 1513; x_wconf 89' lang='lat' dir='ltr'><strong>in</strong></span> <span class='ocrx_word' id='word_1_529' title='bbox 2860 1458 3149 1529; x_wconf 81' lang='lat' dir='ltr'><strong>Hispanias</strong></span> <span class='ocrx_word' id='word_1_530' title='bbox 3199 1460 3388 1527; x_wconf 78' lang='lat' dir='ltr'><strong>irruit,</strong></span> 
     </span>
    </p>
   </div>
   <div class='ocr_carea' id='block_1_76' title="bbox 1790 1550 3392 1619">
    <p class='ocr_par' dir='ltr' id='par_1_76' title="bbox 1790 1550 3392 1619">
     <span class='ocr_line' id='line_1_76' title="bbox 1790 1550 3392 1619; baseline 0.005 -17"><span class='ocrx_word' id='word_1_531' title='bbox 1790 1550 2105 1604; x_wconf 89' lang='lat' dir='ltr'><strong>commercii</strong></span> <span class='ocrx_word' id='word_1_532' title='bbox 2132 1558 2187 1604; x_wconf 91' lang='lat' dir='ltr'><strong>et</strong></span> <span class='ocrx_word' id='word_1_533' title='bbox 2214 1550 2618 1619; x_wconf 61' lang='lat' dir='ltr'><strong>praedicationis</strong></span> <span class='ocrx_word' id='word_1_534' title='bbox 2646 1560 2944 1619; x_wconf 60' lang='lat' dir='ltr'><strong>praetextu;</strong></span> <span class='ocrx_word' id='word_1_535' title='bbox 2987 1553 3083 1607; x_wconf 92' lang='lat' dir='ltr'><strong>sed</strong></span> <span class='ocrx_word' id='word_1_536' title='bbox 3128 1553 3252 1609; x_wconf 92' lang='lat' dir='ltr'><strong>inde</strong></span> <span class='ocrx_word' id='word_1_537' title='bbox 3294 1554 3392 1609; x_wconf 74' lang='lat' dir='ltr'><strong>I~i-</strong></span> 
     </span>
    </p>
   </div>
   <div class='ocr_carea' id='block_1_77' title="bbox 1792 1641 3386 1716">
    <p class='ocr_par' dir='ltr' id='par_1_77' title="bbox 1792 1641 3386 1716">
     <span class='ocr_line' id='line_1_77' title="bbox 1792 1641 3386 1716; baseline 0.003 -21"><span class='ocrx_word' id='word_1_538' title='bbox 1792 1641 1912 1697; x_wconf 74' lang='lat' dir='ltr'><strong>duri</strong></span> <span class='ocrx_word' id='word_1_539' title='bbox 1945 1643 2277 1712; x_wconf 76' lang='lat' dir='ltr'><strong>llispalensis</strong></span> <span class='ocrx_word' id='word_1_540' title='bbox 2300 1658 2465 1714; x_wconf 91' lang='lat' dir='ltr'><strong>opera</strong></span> <span class='ocrx_word' id='word_1_541' title='bbox 2495 1658 2617 1697; x_wconf 91' lang='lat' dir='ltr'><strong>eum</strong></span> <span class='ocrx_word' id='word_1_542' title='bbox 2650 1644 2980 1700; x_wconf 90' lang='lat' dir='ltr'><strong>verecundia</strong></span> <span class='ocrx_word' id='word_1_543' title='bbox 3034 1646 3240 1716; x_wconf 77' lang='lat' dir='ltr'><strong>ejectus</strong></span> <span class='ocrx_word' id='word_1_544' title='bbox 3281 1658 3386 1712; x_wconf 88' lang='lat' dir='ltr'><strong>est,</strong></span> 
     </span>
    </p>
   </div>
   <div class='ocr_carea' id='block_1_78' title="bbox 1792 1734 3385 1804">
    <p class='ocr_par' dir='ltr' id='par_1_78' title="bbox 1792 1734 3385 1804">
     <span class='ocr_line' id='line_1_78' title="bbox 1792 1734 3385 1804; baseline 0.006 -19"><span class='ocrx_word' id='word_1_545' title='bbox 1792 1750 1895 1804; x_wconf 88' lang='lat' dir='ltr'><strong>qua</strong></span> <span class='ocrx_word' id='word_1_546' title='bbox 1926 1734 1994 1789; x_wconf 92' lang='lat' dir='ltr'><strong>de</strong></span> <span class='ocrx_word' id='word_1_547' title='bbox 2023 1750 2103 1804; x_wconf 89' lang='lat' dir='ltr'><strong>re,</strong></span> <span class='ocrx_word' id='word_1_548' title='bbox 2138 1735 2251 1791; x_wconf 89' lang='lat' dir='ltr'><strong>Deo</strong></span> <span class='ocrx_word' id='word_1_549' title='bbox 2272 1736 2457 1799; x_wconf 86' lang='lat' dir='ltr'><strong>dante,</strong></span> <span class='ocrx_word' id='word_1_550' title='bbox 2490 1735 2735 1791; x_wconf 91' lang='lat' dir='ltr'><strong>dicemus</strong></span> <span class='ocrx_word' id='word_1_551' title='bbox 2773 1737 2826 1791; x_wconf 92' lang='lat' dir='ltr'><strong>in</strong></span> <span class='ocrx_word' id='word_1_552' title='bbox 2872 1737 3182 1795; x_wconf 89' lang='lat' dir='ltr'><strong>Comment.</strong></span> <span class='ocrx_word' id='word_1_553' title='bbox 3213 1739 3281 1793; x_wconf 92' lang='lat' dir='ltr'><strong>ad</strong></span> <span class='ocrx_word' id='word_1_554' title='bbox 3315 1739 3385 1794; x_wconf 77' lang='grc' dir='ltr'><strong>Μ.</strong></span> 
     </span>
    </p>
   </div>
   <div class='ocr_carea' id='block_1_79' title="bbox 1792 1828 3389 1901">
    <p class='ocr_par' dir='ltr' id='par_1_79' title="bbox 1792 1828 3389 1901">
     <span class='ocr_line' id='line_1_79' title="bbox 1792 1828 3389 1901; baseline 0.003 -17"><span class='ocrx_word' id='word_1_555' title='bbox 1792 1828 2114 1897; x_wconf 77' lang='lat' dir='ltr'><strong>Maximum,</strong></span> <span class='ocrx_word' id='word_1_556' title='bbox 2160 1844 2296 1899; x_wconf 90' lang='lat' dir='ltr'><strong>quos</strong></span> <span class='ocrx_word' id='word_1_557' title='bbox 2346 1830 2660 1899; x_wconf 89' lang='lat' dir='ltr'><strong>propediem</strong></span> <span class='ocrx_word' id='word_1_558' title='bbox 2715 1846 2987 1899; x_wconf 90' lang='lat' dir='ltr'><strong>paramus.</strong></span> <span class='ocrx_word' id='word_1_559' title='bbox 3037 1831 3216 1901; x_wconf 78' lang='lat' dir='ltr'><strong>Atque</strong></span> <span class='ocrx_word' id='word_1_560' title='bbox 3267 1832 3389 1888; x_wconf 68' lang='lat' dir='ltr'><strong>hmc</strong></span> 
     </span>
    </p>
   </div>
   <div class='ocr_carea' id='block_1_80' title="bbox 1790 1921 3314 1992">
    <p class='ocr_par' dir='ltr' id='par_1_80' title="bbox 1790 1921 3314 1992">
     <span class='ocr_line' id='line_1_80' title="bbox 1790 1921 3314 1992; baseline 0.004 -17"><span class='ocrx_word' id='word_1_561' title='bbox 1790 1922 2010 1991; x_wconf 85' lang='lat' dir='ltr'><strong>quidem</strong></span> <span class='ocrx_word' id='word_1_562' title='bbox 2041 1936 2139 1992; x_wconf 91' lang='lat' dir='ltr'><strong>pro</strong></span> <span class='ocrx_word' id='word_1_563' title='bbox 2162 1921 2482 1977; x_wconf 87' lang='lat' dir='ltr'><strong>defensione</strong></span> <span class='ocrx_word' id='word_1_564' title='bbox 2511 1922 2679 1990; x_wconf 90' lang='lat' dir='ltr'><strong>ipsius</strong></span> <span class='ocrx_word' id='word_1_565' title='bbox 2711 1937 2811 1991; x_wconf 92' lang='lat' dir='ltr'><strong>pro</strong></span> <span class='ocrx_word' id='word_1_566' title='bbox 2839 1937 2981 1977; x_wconf 92' lang='lat' dir='ltr'><strong>nunc</strong></span> <span class='ocrx_word' id='word_1_567' title='bbox 3015 1924 3314 1981; x_wconf 81' lang='lat' dir='ltr'><strong>sulliciant.</strong></span> 
     </span>
    </p>
   </div>
   <div class='ocr_carea' id='block_1_81' title="bbox 1860 2011 3385 2085">
    <p class='ocr_par' dir='ltr' id='par_1_81' title="bbox 1860 2011 3385 2085">
     <span class='ocr_line' id='line_1_81' title="bbox 1860 2011 3385 2085; baseline 0.001 -17"><span class='ocrx_word' id='word_1_568' title='bbox 1860 2011 2059 2069; x_wconf 85' lang='lat' dir='ltr'><strong>Contra</strong></span> <span class='ocrx_word' id='word_1_569' title='bbox 2094 2013 2427 2069; x_wconf 87' lang='lat' dir='ltr'><strong>Entrandum</strong></span> <span class='ocrx_word' id='word_1_570' title='bbox 2458 2014 2591 2068; x_wconf 92' lang='lat' dir='ltr'><strong>nihil</strong></span> <span class='ocrx_word' id='word_1_571' title='bbox 2633 2013 2877 2081; x_wconf 78' lang='lat' dir='ltr'><strong>affertur,</strong></span> <span class='ocrx_word' id='word_1_572' title='bbox 2911 2015 3056 2085; x_wconf 91' lang='lat' dir='ltr'><strong>quod</strong></span> <span class='ocrx_word' id='word_1_573' title='bbox 3102 2031 3203 2070; x_wconf 93' lang='lat' dir='ltr'><strong>nos</strong></span> <span class='ocrx_word' id='word_1_574' title='bbox 3254 2031 3385 2085; x_wconf 89' lang='lat' dir='ltr'><strong>pre-</strong></span> 
     </span>
    </p>
   </div>
   <div class='ocr_carea' id='block_1_82' title="bbox 1791 2106 3374 2179">
    <p class='ocr_par' dir='ltr' id='par_1_82' title="bbox 1791 2106 3374 2179">
     <span class='ocr_line' id='line_1_82' title="bbox 1791 2106 3374 2179; baseline 0.001 -17"><span class='ocrx_word' id='word_1_575' title='bbox 1791 2117 1936 2173; x_wconf 89' lang='lat' dir='ltr'><strong>mat;</strong></span> <span class='ocrx_word' id='word_1_576' title='bbox 1997 2106 2438 2179; x_wconf 87' lang='lat' dir='ltr'><strong>quandoquidem</strong></span> <span class='ocrx_word' id='word_1_577' title='bbox 2484 2122 2595 2162; x_wconf 90' lang='lat' dir='ltr'><strong>non</strong></span> <span class='ocrx_word' id='word_1_578' title='bbox 2646 2109 2943 2163; x_wconf 88' lang='lat' dir='ltr'><strong>asserimus</strong></span> <span class='ocrx_word' id='word_1_579' title='bbox 2991 2108 3374 2178; x_wconf 85' lang='lat' dir='ltr'><strong>Antipodositn</strong></span> 
     </span>
    </p>
   </div>
   <div class='ocr_carea' id='block_1_83' title="bbox 1793 2199 3386 2269">
    <p class='ocr_par' dir='ltr' id='par_1_83' title="bbox 1793 2199 3386 2269">
     <span class='ocr_line' id='line_1_83' title="bbox 1793 2199 3386 2269; baseline -0.001 -14"><span class='ocrx_word' id='word_1_580' title='bbox 1793 2215 1949 2255; x_wconf 91' lang='lat' dir='ltr'><strong>suam</strong></span> <span class='ocrx_word' id='word_1_581' title='bbox 2001 2199 2178 2269; x_wconf 92' lang='lat' dir='ltr'><strong>ipsum</strong></span> <span class='ocrx_word' id='word_1_582' title='bbox 2236 2199 2413 2254; x_wconf 91' lang='lat' dir='ltr'><strong>adhuc</strong></span> <span class='ocrx_word' id='word_1_583' title='bbox 2456 2199 2745 2255; x_wconf 89' lang='lat' dir='ltr'><strong>diaconum</strong></span> <span class='ocrx_word' id='word_1_584' title='bbox 2791 2199 3135 2263; x_wconf 80' lang='lat' dir='ltr'><strong>elaborasse,</strong></span> <span class='ocrx_word' id='word_1_585' title='bbox 3185 2216 3285 2255; x_wconf 91' lang='lat' dir='ltr'><strong>nec</strong></span> <span class='ocrx_word' id='word_1_586' title='bbox 3334 2201 3386 2255; x_wconf 91' lang='lat' dir='ltr'><strong>in</strong></span> 
     </span>
    </p>
   </div>
   <div class='ocr_carea' id='block_1_84' title="bbox 1791 2290 3389 2361">
    <p class='ocr_par' dir='ltr' id='par_1_84' title="bbox 1791 2290 3389 2361">
     <span class='ocr_line' id='line_1_84' title="bbox 1791 2290 3389 2361; baseline -0.001 -13"><span class='ocrx_word' id='word_1_587' title='bbox 1791 2293 1984 2348; x_wconf 76' lang='lat' dir='ltr'><strong>exsilio</strong></span> <span class='ocrx_word' id='word_1_588' title='bbox 2017 2311 2029 2347; x_wconf 91' lang='lat'>:</span> <span class='ocrx_word' id='word_1_589' title='bbox 2057 2291 2188 2347; x_wconf 90' lang='lat' dir='ltr'><strong>nihil</strong></span> <span class='ocrx_word' id='word_1_590' title='bbox 2220 2291 2413 2347; x_wconf 91' lang='lat' dir='ltr'><strong>horum</strong></span> <span class='ocrx_word' id='word_1_591' title='bbox 2438 2292 2492 2347; x_wconf 92' lang='lat' dir='ltr'><strong>in</strong></span> <span class='ocrx_word' id='word_1_592' title='bbox 2524 2291 2757 2361; x_wconf 88' lang='lat' dir='ltr'><strong>epistola</strong></span> <span class='ocrx_word' id='word_1_593' title='bbox 2790 2290 3221 2347; x_wconf 86' lang='lat' dir='ltr'><strong>continuationis</strong></span> <span class='ocrx_word' id='word_1_594' title='bbox 3270 2291 3389 2361; x_wconf 85' lang='lat' dir='ltr'><strong>ejus</strong></span> 
     </span>
    </p>
   </div>
   <div class='ocr_carea' id='block_1_85' title="bbox 1791 2382 3386 2453">
    <p class='ocr_par' dir='ltr' id='par_1_85' title="bbox 1791 2382 3386 2453">
     <span class='ocr_line' id='line_1_85' title="bbox 1791 2382 3386 2453; baseline -0.001 -14"><span class='ocrx_word' id='word_1_595' title='bbox 1791 2382 2097 2439; x_wconf 86' lang='lat' dir='ltr'><strong>deducitur.</strong></span> <span class='ocrx_word' id='word_1_596' title='bbox 2126 2386 2259 2439; x_wconf 84' lang='lat' dir='ltr'><strong>Cum</strong></span> <span class='ocrx_word' id='word_1_597' title='bbox 2284 2398 2416 2439; x_wconf 89' lang='lat' dir='ltr'><strong>vero</strong></span> <span class='ocrx_word' id='word_1_598' title='bbox 2436 2383 2637 2441; x_wconf 86' lang='lat' dir='ltr'><strong>asserit</strong></span> <span class='ocrx_word' id='word_1_599' title='bbox 2660 2382 2982 2453; x_wconf 77' lang='lat' dir='ltr'><strong>produxisse</strong></span> <span class='ocrx_word' id='word_1_600' title='bbox 3008 2383 3386 2452; x_wconf 81' lang='lat' dir='ltr'><strong>Autipodosim</strong></span> 
     </span>
    </p>
   </div>
   <div class='ocr_carea' id='block_1_86' title="bbox 1792 2474 3383 2546">
    <p class='ocr_par' dir='ltr' id='par_1_86' title="bbox 1792 2474 3383 2546">
     <span class='ocr_line' id='line_1_86' title="bbox 1792 2474 3383 2546; baseline -0.001 -15"><span class='ocrx_word' id='word_1_601' title='bbox 1792 2490 1964 2546; x_wconf 89' lang='lat' dir='ltr'><strong>usque</strong></span> <span class='ocrx_word' id='word_1_602' title='bbox 1992 2476 2063 2531; x_wconf 89' lang='lat' dir='ltr'><strong>ad</strong></span> <span class='ocrx_word' id='word_1_603' title='bbox 2092 2491 2257 2531; x_wconf 67' lang='lat' dir='ltr'><strong>azram</strong></span> <span class='ocrx_word' id='word_1_604' title='bbox 2289 2474 2416 2538; x_wconf 77' lang='lat'><strong>965,</strong></span> <span class='ocrx_word' id='word_1_605' title='bbox 2449 2490 2613 2530; x_wconf 73' lang='lat' dir='ltr'><strong>teram</strong></span> <span class='ocrx_word' id='word_1_606' title='bbox 2641 2489 2763 2530; x_wconf 91' lang='lat' dir='ltr'><strong>cum</strong></span> <span class='ocrx_word' id='word_1_607' title='bbox 2789 2489 2934 2529; x_wconf 89' lang='lat' dir='ltr'><strong>anno</strong></span> <span class='ocrx_word' id='word_1_608' title='bbox 2978 2474 3282 2539; x_wconf 88' lang='lat' dir='ltr'><strong>confundit,</strong></span> <span class='ocrx_word' id='word_1_609' title='bbox 3308 2475 3383 2529; x_wconf 92' lang='lat' dir='ltr'><strong>uti</strong></span> 
     </span>
    </p>
   </div>
   <div class='ocr_carea' id='block_1_87' title="bbox 1792 2567 3388 2640">
    <p class='ocr_par' dir='ltr' id='par_1_87' title="bbox 1792 2567 3388 2640">
     <span class='ocr_line' id='line_1_87' title="bbox 1792 2567 3388 2640; baseline -0.001 -14"><span class='ocrx_word' id='word_1_610' title='bbox 1792 2570 1993 2627; x_wconf 89' lang='lat' dir='ltr'><strong>multos</strong></span> <span class='ocrx_word' id='word_1_611' title='bbox 2041 2585 2263 2625; x_wconf 89' lang='lat' dir='ltr'><strong>suorum</strong></span> <span class='ocrx_word' id='word_1_612' title='bbox 2318 2578 2623 2640; x_wconf 89' lang='lat' dir='ltr'><strong>temporum</strong></span> <span class='ocrx_word' id='word_1_613' title='bbox 2675 2567 2873 2625; x_wconf 87' lang='lat' dir='ltr'><strong>fecisse</strong></span> <span class='ocrx_word' id='word_1_614' title='bbox 2920 2568 3132 2624; x_wconf 88' lang='lat' dir='ltr'><strong>erudite</strong></span> <span class='ocrx_word' id='word_1_615' title='bbox 3179 2569 3388 2625; x_wconf 90' lang='lat' dir='ltr'><strong>notavit</strong></span> 
     </span>
    </p>
   </div>
   <div class='ocr_carea' id='block_1_88' title="bbox 1793 2660 3383 2731">
    <p class='ocr_par' dir='ltr' id='par_1_88' title="bbox 1793 2660 3383 2731">
     <span class='ocr_line' id='line_1_88' title="bbox 1793 2660 3383 2731; baseline -0.001 -14"><span class='ocrx_word' id='word_1_616' title='bbox 1793 2661 2118 2717; x_wconf 79' lang='lat' dir='ltr'><strong>Ambrosius</strong></span> <span class='ocrx_word' id='word_1_617' title='bbox 2146 2660 2373 2717; x_wconf 78' lang='lat' dir='ltr'><strong>Morales</strong></span> <span class='ocrx_word' id='word_1_618' title='bbox 2404 2662 2455 2715; x_wconf 93' lang='lat' dir='ltr'><strong>in</strong></span> <span class='ocrx_word' id='word_1_619' title='bbox 2491 2661 2605 2716; x_wconf 85' lang='lat' dir='ltr'><strong>suis</strong></span> <span class='ocrx_word' id='word_1_620' title='bbox 2633 2660 3057 2730; x_wconf 81' lang='lat' dir='ltr'><strong>Antiquitatibus</strong></span> <span class='ocrx_word' id='word_1_621' title='bbox 3090 2660 3383 2731; x_wconf 73' lang='lat' dir='ltr'><strong>Hispanizn.</strong></span> 
     </span>
    </p>
   </div>
   <div class='ocr_carea' id='block_1_89' title="bbox 1792 2753 3387 2823">
    <p class='ocr_par' dir='ltr' id='par_1_89' title="bbox 1792 2753 3387 2823">
     <span class='ocr_line' id='line_1_89' title="bbox 1792 2753 3387 2823; baseline 0 -14"><span class='ocrx_word' id='word_1_622' title='bbox 1792 2753 1965 2809; x_wconf 89' lang='lat' dir='ltr'><strong>Porro</strong></span> <span class='ocrx_word' id='word_1_623' title='bbox 1991 2754 2225 2809; x_wconf 86' lang='lat' dir='ltr'><strong>Bonisus</strong></span> <span class='ocrx_word' id='word_1_624' title='bbox 2256 2753 2560 2809; x_wconf 88' lang='lat' dir='ltr'><strong>Toletanus</strong></span> <span class='ocrx_word' id='word_1_625' title='bbox 2586 2754 2837 2821; x_wconf 90' lang='lat' dir='ltr'><strong>antistes,</strong></span> <span class='ocrx_word' id='word_1_626' title='bbox 2870 2753 3025 2823; x_wconf 84' lang='lat' dir='ltr'><strong>cujus</strong></span> <span class='ocrx_word' id='word_1_627' title='bbox 3072 2753 3387 2809; x_wconf 88' lang='lat' dir='ltr'><strong>Eutrandus</strong></span> 
     </span>
    </p>
   </div>
   <div class='ocr_carea' id='block_1_90' title="bbox 1792 2844 3385 2917">
    <p class='ocr_par' dir='ltr' id='par_1_90' title="bbox 1792 2844 3385 2917">
     <span class='ocr_line' id='line_1_90' title="bbox 1792 2844 3385 2917; baseline 0.001 -17"><span class='ocrx_word' id='word_1_628' title='bbox 1792 2845 2159 2900; x_wconf 83' lang='lat' dir='ltr'><strong>subdiaconus</strong></span> <span class='ocrx_word' id='word_1_629' title='bbox 2210 2845 2329 2911; x_wconf 89' lang='lat' dir='ltr'><strong>fuit,</strong></span> <span class='ocrx_word' id='word_1_630' title='bbox 2366 2862 2473 2901; x_wconf 92' lang='lat' dir='ltr'><strong>non</strong></span> <span class='ocrx_word' id='word_1_631' title='bbox 2504 2855 2587 2900; x_wconf 87' lang='lat' dir='ltr'><strong>est</strong></span> <span class='ocrx_word' id='word_1_632' title='bbox 2617 2847 2737 2914; x_wconf 87' lang='lat' dir='ltr'><strong>ejus</strong></span> <span class='ocrx_word' id='word_1_633' title='bbox 2766 2845 3002 2901; x_wconf 89' lang='lat' dir='ltr'><strong>nominis</strong></span> <span class='ocrx_word' id='word_1_634' title='bbox 3034 2846 3259 2915; x_wconf 88' lang='lat' dir='ltr'><strong>primus,</strong></span> <span class='ocrx_word' id='word_1_635' title='bbox 3290 2844 3385 2917; x_wconf 89' lang='lat' dir='ltr'><strong>qui</strong></span> 
     </span>
    </p>
   </div>
   <div class='ocr_carea' id='block_1_91' title="bbox 1792 2938 3387 3005">
    <p class='ocr_par' dir='ltr' id='par_1_91' title="bbox 1792 2938 3387 3005">
     <span class='ocr_line' id='line_1_91' title="bbox 1792 2938 3387 3005; baseline 0.001 -12"><span class='ocrx_word' id='word_1_636' title='bbox 1792 2953 1939 2993; x_wconf 89' lang='lat' dir='ltr'><strong>anno</strong></span> <span class='ocrx_word' id='word_1_637' title='bbox 1972 2938 2183 2994; x_wconf 90' lang='lat' dir='ltr'><strong>Domini</strong></span> <span class='ocrx_word' id='word_1_638' title='bbox 2230 2938 2335 2993; x_wconf 80' lang='grc'><strong>865</strong></span> <span class='ocrx_word' id='word_1_639' title='bbox 2376 2938 2587 2993; x_wconf 86' lang='lat' dir='ltr'><strong>electus</strong></span> <span class='ocrx_word' id='word_1_640' title='bbox 2625 2939 2745 3005; x_wconf 88' lang='lat' dir='ltr'><strong>fuit,</strong></span> <span class='ocrx_word' id='word_1_641' title='bbox 2798 2938 2894 2994; x_wconf 88' lang='lat' dir='ltr'><strong>sed</strong></span> <span class='ocrx_word' id='word_1_642' title='bbox 2952 2940 3147 2994; x_wconf 86' lang='lat' dir='ltr'><strong>tertius</strong></span> <span class='ocrx_word' id='word_1_643' title='bbox 3175 2940 3387 2995; x_wconf 87' lang='lat' dir='ltr'><strong>electus</strong></span> 
     </span>
    </p>
   </div>
   <div class='ocr_carea' id='block_1_92' title="bbox 1797 3031 3385 3102">
    <p class='ocr_par' dir='ltr' id='par_1_92' title="bbox 1797 3031 3385 3102">
     <span class='ocr_line' id='line_1_92' title="bbox 1797 3031 3385 3102; baseline -0.001 -14"><span class='ocrx_word' id='word_1_644' title='bbox 1797 3034 1970 3089; x_wconf 85' lang='lat' dir='ltr'><strong>Toleti</strong></span> <span class='ocrx_word' id='word_1_645' title='bbox 1997 3048 2142 3088; x_wconf 89' lang='lat' dir='ltr'><strong>anno</strong></span> <span class='ocrx_word' id='word_1_646' title='bbox 2168 3031 2296 3100; x_wconf 65' lang='grc'>946,</span> <span class='ocrx_word' id='word_1_647' title='bbox 2329 3031 2471 3102; x_wconf 90' lang='lat' dir='ltr'><strong>quod</strong></span> <span class='ocrx_word' id='word_1_648' title='bbox 2498 3046 2762 3101; x_wconf 73' lang='lat' dir='ltr'><strong>expresse</strong></span> <span class='ocrx_word' id='word_1_649' title='bbox 2809 3033 3024 3086; x_wconf 89' lang='lat' dir='ltr'><strong>notavit</strong></span> <span class='ocrx_word' id='word_1_650' title='bbox 3052 3032 3302 3087; x_wconf 87' lang='lat' dir='ltr'><strong>Julianus</strong></span> <span class='ocrx_word' id='word_1_651' title='bbox 3332 3033 3385 3087; x_wconf 85' lang='lat' dir='ltr'><strong>in</strong></span> 
     </span>
    </p>
   </div>
   <div class='ocr_carea' id='block_1_93' title="bbox 1794 3122 3389 3194">
    <p class='ocr_par' dir='ltr' id='par_1_93' title="bbox 1794 3122 3389 3194">
     <span class='ocr_line' id='line_1_93' title="bbox 1794 3122 3389 3194; baseline -0.003 -12"><span class='ocrx_word' id='word_1_652' title='bbox 1794 3125 2000 3183; x_wconf 88' lang='lat' dir='ltr'><strong>Chron.</strong></span> <span class='ocrx_word' id='word_1_653' title='bbox 2030 3140 2097 3181; x_wconf 92' lang='lat' dir='ltr'><strong>eo</strong></span> <span class='ocrx_word' id='word_1_654' title='bbox 2127 3140 2293 3193; x_wconf 91' lang='lat' dir='ltr'><strong>anno,</strong></span> <span class='ocrx_word' id='word_1_655' title='bbox 2328 3123 2613 3194; x_wconf 88' lang='lat' dir='ltr'><strong>inquiens:</strong></span> <span class='ocrx_word' id='word_1_656' title='bbox 2641 3122 2854 3178; x_wconf 79' lang='lat' dir='ltr'><strong>Electus</strong></span> <span class='ocrx_word' id='word_1_657' title='bbox 2885 3133 2992 3178; x_wconf 90' lang='lat' dir='ltr'><strong>erat</strong></span> <span class='ocrx_word' id='word_1_658' title='bbox 3024 3134 3195 3179; x_wconf 87' lang='lat' dir='ltr'><strong>autem</strong></span> <span class='ocrx_word' id='word_1_659' title='bbox 3226 3122 3389 3178; x_wconf 89' lang='lat' dir='ltr'><strong>Boni-</strong></span> 
     </span>
    </p>
   </div>
   <div class='ocr_carea' id='block_1_94' title="bbox 1794 3216 3391 3289">
    <p class='ocr_par' dir='ltr' id='par_1_94' title="bbox 1794 3216 3391 3289">
     <span class='ocr_line' id='line_1_94' title="bbox 1794 3216 3391 3289; baseline -0.002 -13"><span class='ocrx_word' id='word_1_660' title='bbox 1794 3239 1883 3276; x_wconf 88' lang='lat' dir='ltr'><strong>sus</strong></span> <span class='ocrx_word' id='word_1_661' title='bbox 1910 3220 2128 3284; x_wconf 86' lang='lat' dir='ltr'><strong>tertius;</strong></span> <span class='ocrx_word' id='word_1_662' title='bbox 2174 3219 2268 3273; x_wconf 88' lang='lat' dir='ltr'><strong>sub</strong></span> <span class='ocrx_word' id='word_1_663' title='bbox 2296 3218 2393 3273; x_wconf 84' lang='lat' dir='ltr'><strong>hoc</strong></span> <span class='ocrx_word' id='word_1_664' title='bbox 2422 3218 2520 3289; x_wconf 80' lang='lat' dir='ltr'><strong>fuit</strong></span> <span class='ocrx_word' id='word_1_665' title='bbox 2556 3219 2901 3273; x_wconf 80' lang='lat' dir='ltr'><strong>subdiaconus</strong></span> <span class='ocrx_word' id='word_1_666' title='bbox 2941 3216 3269 3287; x_wconf 84' lang='lat' dir='ltr'><strong>Eutrandus,</strong></span> <span class='ocrx_word' id='word_1_667' title='bbox 3310 3218 3391 3274; x_wconf 74' lang='lat' dir='ltr'><strong>vel</strong></span> 
     </span>
    </p>
   </div>
   <div class='ocr_carea' id='block_1_95' title="bbox 1796 3312 3389 3387">
    <p class='ocr_par' dir='ltr' id='par_1_95' title="bbox 1796 3312 3389 3387">
     <span class='ocr_line' id='line_1_95' title="bbox 1796 3312 3389 3387; baseline -0.003 -16"><span class='ocrx_word' id='word_1_668' title='bbox 1796 3314 2147 3387; x_wconf 82' lang='lat' dir='ltr'><strong>Luitprandus</strong></span> <span class='ocrx_word' id='word_1_669' title='bbox 2208 3312 2517 3379; x_wconf 86' lang='lat' dir='ltr'><strong>Ticinensis,</strong></span> <span class='ocrx_word' id='word_1_670' title='bbox 2576 3313 2918 3367; x_wconf 79' lang='lat' dir='ltr'><strong>historiarum</strong></span> <span class='ocrx_word' id='word_1_671' title='bbox 2975 3312 3199 3383; x_wconf 76' lang='lat' dir='ltr'><strong>scriptor</strong></span> <span class='ocrx_word' id='word_1_672' title='bbox 3244 3312 3389 3367; x_wconf 81' lang='lat' dir='ltr'><strong>haud</strong></span> 
     </span>
    </p>
   </div>
   <div class='ocr_carea' id='block_1_96' title="bbox 1794 3404 3389 3477">
    <p class='ocr_par' dir='ltr' id='par_1_96' title="bbox 1794 3404 3389 3477">
     <span class='ocr_line' id='line_1_96' title="bbox 1794 3404 3389 3477; baseline -0.001 -18"><span class='ocrx_word' id='word_1_673' title='bbox 1794 3406 2059 3477; x_wconf 81' lang='lat' dir='ltr'><strong>ignobilis,</strong></span> <span class='ocrx_word' id='word_1_674' title='bbox 2090 3415 2139 3460; x_wconf 86' lang='lat' dir='ltr'><strong>et</strong></span> <span class='ocrx_word' id='word_1_675' title='bbox 2167 3406 2361 3475; x_wconf 86' lang='lat' dir='ltr'><strong>pariter</strong></span> <span class='ocrx_word' id='word_1_676' title='bbox 2398 3414 2549 3476; x_wconf 86' lang='lat' dir='ltr'><strong>poeta</strong></span> <span class='ocrx_word' id='word_1_677' title='bbox 2588 3405 2862 3460; x_wconf 72' lang='lat' dir='ltr'><strong>excellens.</strong></span> <span class='ocrx_word' id='word_1_678' title='bbox 2893 3404 3026 3473; x_wconf 86' lang='lat' dir='ltr'><strong>Ejus</strong></span> <span class='ocrx_word' id='word_1_679' title='bbox 3055 3418 3185 3459; x_wconf 90' lang='lat' dir='ltr'><strong>vero</strong></span> <span class='ocrx_word' id='word_1_680' title='bbox 3215 3404 3389 3459; x_wconf 85' lang='lat' dir='ltr'><strong>Chro-</strong></span> 
     </span>
    </p>
   </div>
   <div class='ocr_carea' id='block_1_97' title="bbox 1796 3496 3388 3569">
    <p class='ocr_par' dir='ltr' id='par_1_97' title="bbox 1796 3496 3388 3569">
     <span class='ocr_line' id='line_1_97' title="bbox 1796 3496 3388 3569; baseline -0.002 -15"><span class='ocrx_word' id='word_1_681' title='bbox 1796 3501 1955 3555; x_wconf 88' lang='lat' dir='ltr'><strong>nicon</strong></span> <span class='ocrx_word' id='word_1_682' title='bbox 2006 3515 2113 3556; x_wconf 93' lang='lat' dir='ltr'><strong>non</strong></span> <span class='ocrx_word' id='word_1_683' title='bbox 2145 3498 2318 3569; x_wconf 91' lang='lat' dir='ltr'><strong>potuit</strong></span> <span class='ocrx_word' id='word_1_684' title='bbox 2344 3498 2613 3557; x_wconf 89' lang='lat' dir='ltr'><strong>Calderon</strong></span> <span class='ocrx_word' id='word_1_685' title='bbox 2650 3496 2873 3561; x_wconf 86' lang='lat' dir='ltr'><strong>cudere,</strong></span> <span class='ocrx_word' id='word_1_686' title='bbox 2924 3505 3113 3567; x_wconf 90' lang='lat' dir='ltr'><strong>utpote</strong></span> <span class='ocrx_word' id='word_1_687' title='bbox 3136 3496 3205 3551; x_wconf 88' lang='lat' dir='ltr'><strong>ad</strong></span> <span class='ocrx_word' id='word_1_688' title='bbox 3233 3496 3388 3565; x_wconf 88' lang='lat' dir='ltr'><strong>cujus</strong></span> 
     </span>
    </p>
   </div>
   <div class='ocr_carea' id='block_1_98' title="bbox 1795 3586 3384 3661">
    <p class='ocr_par' dir='ltr' id='par_1_98' title="bbox 1795 3586 3384 3661">
     <span class='ocr_line' id='line_1_98' title="bbox 1795 3586 3384 3661; baseline -0.002 -15"><span class='ocrx_word' id='word_1_689' title='bbox 1795 3606 1987 3646; x_wconf 88' lang='lat' dir='ltr'><strong>manus</strong></span> <span class='ocrx_word' id='word_1_690' title='bbox 2018 3606 2125 3646; x_wconf 92' lang='lat' dir='ltr'><strong>non</strong></span> <span class='ocrx_word' id='word_1_691' title='bbox 2154 3599 2494 3661; x_wconf 87' lang='lat' dir='ltr'><strong>pervenerat,</strong></span> <span class='ocrx_word' id='word_1_692' title='bbox 2525 3590 2621 3645; x_wconf 86' lang='lat' dir='ltr'><strong>sed</strong></span> <span class='ocrx_word' id='word_1_693' title='bbox 2646 3588 2871 3659; x_wconf 85' lang='lat' dir='ltr'><strong>epistola</strong></span> <span class='ocrx_word' id='word_1_694' title='bbox 2901 3587 3073 3653; x_wconf 87' lang='lat' dir='ltr'><strong>nuda;</strong></span> <span class='ocrx_word' id='word_1_695' title='bbox 3112 3603 3213 3643; x_wconf 89' lang='lat' dir='ltr'><strong>nec</strong></span> <span class='ocrx_word' id='word_1_696' title='bbox 3240 3586 3384 3643; x_wconf 88' lang='lat' dir='ltr'><strong>enim</strong></span> 
     </span>
    </p>
   </div>
   <div class='ocr_carea' id='block_1_99' title="bbox 1794 3679 3385 3753">
    <p class='ocr_par' dir='ltr' id='par_1_99' title="bbox 1794 3679 3385 3753">
     <span class='ocr_line' id='line_1_99' title="bbox 1794 3679 3385 3753; baseline -0.002 -18"><span class='ocrx_word' id='word_1_697' title='bbox 1794 3680 1856 3735; x_wconf 88' lang='lat' dir='ltr'><strong>P.</strong></span> <span class='ocrx_word' id='word_1_698' title='bbox 1906 3681 2271 3753; x_wconf 83' lang='lat' dir='ltr'><strong>Hieronymus</strong></span> <span class='ocrx_word' id='word_1_699' title='bbox 2298 3680 2368 3736; x_wconf 92' lang='lat' dir='ltr'><strong>de</strong></span> <span class='ocrx_word' id='word_1_700' title='bbox 2410 3680 2463 3735; x_wconf 86' lang='lat' dir='ltr'><strong>la</strong></span> <span class='ocrx_word' id='word_1_701' title='bbox 2508 3680 2739 3751; x_wconf 80' lang='lat' dir='ltr'><strong>lliguera</strong></span> <span class='ocrx_word' id='word_1_702' title='bbox 2788 3679 3004 3735; x_wconf 74' lang='lat' dir='ltr'><strong>blorillo</strong></span> <span class='ocrx_word' id='word_1_703' title='bbox 3052 3679 3385 3735; x_wconf 81' lang='lat' dir='ltr'><strong>Eutrandnm</strong></span> 
     </span>
    </p>
   </div>
   <div class='ocr_carea' id='block_1_100' title="bbox 1792 3770 3386 3843">
    <p class='ocr_par' dir='ltr' id='par_1_100' title="bbox 1792 3770 3386 3843">
     <span class='ocr_line' id='line_1_100' title="bbox 1792 3770 3386 3843; baseline -0.005 -13"><span class='ocrx_word' id='word_1_704' title='bbox 1792 3773 2308 3841; x_wconf 88' lang='lat' dir='ltr'><strong>communicaverat,</strong></span> <span class='ocrx_word' id='word_1_705' title='bbox 2328 3787 2358 3827; x_wconf 91' lang='lat' dir='ltr'><strong>a</strong></span> <span class='ocrx_word' id='word_1_706' title='bbox 2385 3788 2493 3843; x_wconf 91' lang='lat' dir='ltr'><strong>quo</strong></span> <span class='ocrx_word' id='word_1_707' title='bbox 2517 3772 2576 3827; x_wconf 88' lang='lat' dir='ltr'><strong>P.</strong></span> <span class='ocrx_word' id='word_1_708' title='bbox 2605 3772 2874 3827; x_wconf 85' lang='lat' dir='ltr'><strong>Calderon</strong></span> <span class='ocrx_word' id='word_1_709' title='bbox 2905 3772 3171 3826; x_wconf 68' lang='lat' dir='ltr'><strong>Dextrum</strong></span> <span class='ocrx_word' id='word_1_710' title='bbox 3195 3779 3250 3823; x_wconf 88' lang='lat' dir='ltr'><strong>et</strong></span> <span class='ocrx_word' id='word_1_711' title='bbox 3278 3770 3386 3823; x_wconf 82' lang='lat' dir='ltr'><strong>Ma-</strong></span> 
     </span>
    </p>
   </div>
   <div class='ocr_carea' id='block_1_101' title="bbox 1792 3861 3380 3935">
    <p class='ocr_par' dir='ltr' id='par_1_101' title="bbox 1792 3861 3380 3935">
     <span class='ocr_line' id='line_1_101' title="bbox 1792 3861 3380 3935; baseline -0.003 -15"><span class='ocrx_word' id='word_1_712' title='bbox 1792 3866 1999 3921; x_wconf 78' lang='lat' dir='ltr'><strong>ximum</strong></span> <span class='ocrx_word' id='word_1_713' title='bbox 2025 3866 2259 3934; x_wconf 92' lang='lat' dir='ltr'><strong>accepit,</strong></span> <span class='ocrx_word' id='word_1_714' title='bbox 2286 3880 2391 3919; x_wconf 92' lang='lat' dir='ltr'><strong>non</strong></span> <span class='ocrx_word' id='word_1_715' title='bbox 2419 3865 2542 3934; x_wconf 91' lang='lat' dir='ltr'><strong>quia</strong></span> <span class='ocrx_word' id='word_1_716' title='bbox 2568 3866 2752 3935; x_wconf 88' lang='lat' dir='ltr'><strong>spuria</strong></span> <span class='ocrx_word' id='word_1_717' title='bbox 2781 3863 3154 3931; x_wconf 87' lang='lat' dir='ltr'><strong>judicarentur</strong></span> <span class='ocrx_word' id='word_1_718' title='bbox 3176 3862 3243 3917; x_wconf 91' lang='lat' dir='ltr'><strong>ab</strong></span> <span class='ocrx_word' id='word_1_719' title='bbox 3269 3861 3380 3929; x_wconf 90' lang='lat' dir='ltr'><strong>illo,</strong></span> 
     </span>
    </p>
   </div>
   <div class='ocr_carea' id='block_1_102' title="bbox 1790 3954 3384 4026">
    <p class='ocr_par' dir='ltr' id='par_1_102' title="bbox 1790 3954 3384 4026">
     <span class='ocr_line' id='line_1_102' title="bbox 1790 3954 3384 4026; baseline -0.003 -14"><span class='ocrx_word' id='word_1_720' title='bbox 1790 3958 1887 4012; x_wconf 84' lang='lat' dir='ltr'><strong>sed</strong></span> <span class='ocrx_word' id='word_1_721' title='bbox 1934 3957 2057 4026; x_wconf 86' lang='lat' dir='ltr'><strong>quia</strong></span> <span class='ocrx_word' id='word_1_722' title='bbox 2090 3957 2251 4011; x_wconf 74' lang='lat' dir='ltr'><strong>trcdio</strong></span> <span class='ocrx_word' id='word_1_723' title='bbox 2290 3956 2507 4024; x_wconf 90' lang='lat' dir='ltr'><strong>plenum</strong></span> <span class='ocrx_word' id='word_1_724' title='bbox 2539 3966 2655 4011; x_wconf 88' lang='lat' dir='ltr'><strong>erat</strong></span> <span class='ocrx_word' id='word_1_725' title='bbox 2701 3963 2781 4010; x_wconf 92' lang='lat' dir='ltr'><strong>tot</strong></span> <span class='ocrx_word' id='word_1_726' title='bbox 2806 3954 3055 4023; x_wconf 76' lang='lat' dir='ltr'><strong>exempla</strong></span> <span class='ocrx_word' id='word_1_727' title='bbox 3086 3968 3247 4008; x_wconf 88' lang='lat' dir='ltr'><strong>manu</strong></span> <span class='ocrx_word' id='word_1_728' title='bbox 3289 3967 3384 4007; x_wconf 90' lang='lat' dir='ltr'><strong>sua</strong></span> 
     </span>
    </p>
   </div>
   <div class='ocr_carea' id='block_1_103' title="bbox 1790 4044 3385 4119">
    <p class='ocr_par' dir='ltr' id='par_1_103' title="bbox 1790 4044 3385 4119">
     <span class='ocr_line' id='line_1_103' title="bbox 1790 4044 3385 4119; baseline -0.004 -14"><span class='ocrx_word' id='word_1_729' title='bbox 1790 4064 2035 4115; x_wconf 79' lang='lat' dir='ltr'><strong>exarare,</strong></span> <span class='ocrx_word' id='word_1_730' title='bbox 2070 4057 2205 4119; x_wconf 90' lang='lat' dir='ltr'><strong>quot</strong></span> <span class='ocrx_word' id='word_1_731' title='bbox 2229 4047 2509 4102; x_wconf 89' lang='lat' dir='ltr'><strong>adiversis</strong></span> <span class='ocrx_word' id='word_1_732' title='bbox 2537 4047 2727 4103; x_wconf 86' lang='lat' dir='ltr'><strong>amicis</strong></span> <span class='ocrx_word' id='word_1_733' title='bbox 2760 4061 2855 4101; x_wconf 90' lang='lat' dir='ltr'><strong>seu</strong></span> <span class='ocrx_word' id='word_1_734' title='bbox 2886 4044 3064 4100; x_wconf 87' lang='lat' dir='ltr'><strong>doctis</strong></span> <span class='ocrx_word' id='word_1_735' title='bbox 3095 4045 3229 4099; x_wconf 89' lang='lat' dir='ltr'><strong>viris</strong></span> <span class='ocrx_word' id='word_1_736' title='bbox 3251 4059 3385 4113; x_wconf 91' lang='lat' dir='ltr'><strong>quo-</strong></span> 
     </span>
    </p>
   </div>
   <div class='ocr_carea' id='block_1_104' title="bbox 1795 4136 3382 4209">
    <p class='ocr_par' dir='ltr' id='par_1_104' title="bbox 1795 4136 3382 4209">
     <span class='ocr_line' id='line_1_104' title="bbox 1795 4136 3382 4209; baseline -0.003 -13"><span class='ocrx_word' id='word_1_737' title='bbox 1795 4142 1926 4198; x_wconf 89' lang='lat' dir='ltr'><strong>tidie</strong></span> <span class='ocrx_word' id='word_1_738' title='bbox 1951 4143 2020 4196; x_wconf 91' lang='lat' dir='ltr'><strong>ab</strong></span> <span class='ocrx_word' id='word_1_739' title='bbox 2061 4155 2127 4197; x_wconf 92' lang='lat' dir='ltr'><strong>eo</strong></span> <span class='ocrx_word' id='word_1_740' title='bbox 2157 4138 2536 4209; x_wconf 77' lang='lat' dir='ltr'><strong>exigebantur.</strong></span> <span class='ocrx_word' id='word_1_741' title='bbox 2585 4138 2778 4193; x_wconf 82' lang='lat' dir='ltr'><strong>Frusta</strong></span> <span class='ocrx_word' id='word_1_742' title='bbox 2819 4139 2968 4192; x_wconf 88' lang='lat' dir='ltr'><strong>varia</strong></span> <span class='ocrx_word' id='word_1_743' title='bbox 3010 4136 3382 4191; x_wconf 82' lang='lat' dir='ltr'><strong>communica-</strong></span> 
     </span>
    </p>
   </div>
   <div class='ocr_carea' id='block_1_105' title="bbox 1790 4226 3382 4301">
    <p class='ocr_par' dir='ltr' id='par_1_105' title="bbox 1790 4226 3382 4301">
     <span class='ocr_line' id='line_1_105' title="bbox 1790 4226 3382 4301; baseline -0.004 -13"><span class='ocrx_word' id='word_1_744' title='bbox 1790 4234 1869 4288; x_wconf 87' lang='lat' dir='ltr'><strong>vit</strong></span> <span class='ocrx_word' id='word_1_745' title='bbox 1909 4232 2092 4287; x_wconf 90' lang='lat' dir='ltr'><strong>muhis</strong></span> <span class='ocrx_word' id='word_1_746' title='bbox 2120 4247 2223 4301; x_wconf 89' lang='lat' dir='ltr'><strong>pro</strong></span> <span class='ocrx_word' id='word_1_747' title='bbox 2270 4228 2513 4299; x_wconf 89' lang='lat' dir='ltr'><strong>cujusvis</strong></span> <span class='ocrx_word' id='word_1_748' title='bbox 2561 4228 2896 4299; x_wconf 80' lang='lat' dir='ltr'><strong>indigentia:</strong></span> <span class='ocrx_word' id='word_1_749' title='bbox 2927 4226 3003 4282; x_wconf 91' lang='lat' dir='ltr'><strong>uti</strong></span> <span class='ocrx_word' id='word_1_750' title='bbox 3054 4227 3382 4283; x_wconf 83' lang='lat' dir='ltr'><strong>Sandovalio</strong></span> 
     </span>
    </p>
   </div>
   <div class='ocr_carea' id='block_1_106' title="bbox 1790 4318 3381 4395">
    <p class='ocr_par' dir='ltr' id='par_1_106' title="bbox 1790 4318 3381 4395">
     <span class='ocr_line' id='line_1_106' title="bbox 1790 4318 3381 4395; baseline -0.006 -14"><span class='ocrx_word' id='word_1_751' title='bbox 1790 4325 2048 4395; x_wconf 86' lang='lat' dir='ltr'><strong>episcopo</strong></span> <span class='ocrx_word' id='word_1_752' title='bbox 2074 4323 2335 4388; x_wconf 84' lang='lat' dir='ltr'><strong>Tudensi,</strong></span> <span class='ocrx_word' id='word_1_753' title='bbox 2367 4321 2610 4389; x_wconf 87' lang='lat' dir='ltr'><strong>Gasparo</strong></span> <span class='ocrx_word' id='word_1_754' title='bbox 2643 4319 2926 4382; x_wconf 81' lang='lat' dir='ltr'><strong>Machado,</strong></span> <span class='ocrx_word' id='word_1_755' title='bbox 2969 4328 3025 4374; x_wconf 90' lang='lat' dir='ltr'><strong>et</strong></span> <span class='ocrx_word' id='word_1_756' title='bbox 3049 4318 3201 4384; x_wconf 89' lang='lat' dir='ltr'><strong>aliis;</strong></span> <span class='ocrx_word' id='word_1_757' title='bbox 3233 4318 3381 4373; x_wconf 83' lang='lat' dir='ltr'><strong>Patri</strong></span> 
     </span>
    </p>
   </div>
   <div class='ocr_carea' id='block_1_107' title="bbox 1790 4412 3380 4487">
    <p class='ocr_par' dir='ltr' id='par_1_107' title="bbox 1790 4412 3380 4487">
     <span class='ocr_line' id='line_1_107' title="bbox 1790 4412 3380 4487; baseline -0.008 -10"><span class='ocrx_word' id='word_1_758' title='bbox 1790 4436 1920 4477; x_wconf 84' lang='lat' dir='ltr'><strong>vero</strong></span> <span class='ocrx_word' id='word_1_759' title='bbox 1969 4418 2208 4476; x_wconf 88' lang='lat' dir='ltr'><strong>Gabrieli</strong></span> <span class='ocrx_word' id='word_1_760' title='bbox 2255 4417 2502 4487; x_wconf 67' lang='lat' dir='ltr'><strong>Vosque:</strong></span> <span class='ocrx_word' id='word_1_761' title='bbox 2552 4414 2839 4485; x_wconf 89' lang='lat' dir='ltr'><strong>epistolam</strong></span> <span class='ocrx_word' id='word_1_762' title='bbox 2888 4412 3155 4468; x_wconf 81' lang='lat' dir='ltr'><strong>Eutrandi</strong></span> <span class='ocrx_word' id='word_1_763' title='bbox 3208 4412 3380 4478; x_wconf 92' lang='lat' dir='ltr'><strong>dedit,</strong></span> 
     </span>
    </p>
   </div>
   <div class='ocr_carea' id='block_1_108' title="bbox 1788 4505 3380 4588">
    <p class='ocr_par' dir='ltr' id='par_1_108' title="bbox 1788 4505 3380 4588">
     <span class='ocr_line' id='line_1_108' title="bbox 1788 4505 3380 4588; baseline -0.007 -18"><span class='ocrx_word' id='word_1_764' title='bbox 1788 4516 1936 4588; x_wconf 91' lang='lat' dir='ltr'><strong>quod</strong></span> <span class='ocrx_word' id='word_1_765' title='bbox 1967 4514 2194 4569; x_wconf 89' lang='lat' dir='ltr'><strong>multum</strong></span> <span class='ocrx_word' id='word_1_766' title='bbox 2222 4511 2289 4566; x_wconf 88' lang='lat' dir='ltr'><strong>ad</strong></span> <span class='ocrx_word' id='word_1_767' title='bbox 2321 4510 2565 4565; x_wconf 86' lang='lat' dir='ltr'><strong>favorem</strong></span> <span class='ocrx_word' id='word_1_768' title='bbox 2596 4507 2845 4580; x_wconf 84' lang='lat' dir='ltr'><strong>Elipandi</strong></span> <span class='ocrx_word' id='word_1_769' title='bbox 2870 4506 3117 4562; x_wconf 84' lang='lat' dir='ltr'><strong>Toletani</strong></span> <span class='ocrx_word' id='word_1_770' title='bbox 3164 4505 3380 4559; x_wconf 87' lang='lat' dir='ltr'><strong>archic-</strong></span> 
     </span>
    </p>
   </div>
   <div class='ocr_carea' id='block_1_109' title="bbox 1790 4596 3380 4679">
    <p class='ocr_par' dir='ltr' id='par_1_109' title="bbox 1790 4596 3380 4679">
     <span class='ocr_line' id='line_1_109' title="bbox 1790 4596 3380 4679; baseline -0.01 -14"><span class='ocrx_word' id='word_1_771' title='bbox 1790 4607 1997 4679; x_wconf 90' lang='lat' dir='ltr'><strong>piscopi</strong></span> <span class='ocrx_word' id='word_1_772' title='bbox 2022 4605 2353 4662; x_wconf 90' lang='lat' dir='ltr'><strong>conduceret</strong></span> <span class='ocrx_word' id='word_1_773' title='bbox 2382 4605 2436 4659; x_wconf 93' lang='lat' dir='ltr'><strong>in</strong></span> <span class='ocrx_word' id='word_1_774' title='bbox 2459 4603 2758 4674; x_wconf 66' lang='lat' dir='ltr'><strong>qua&#39;sﬁone</strong></span> <span class='ocrx_word' id='word_1_775' title='bbox 2779 4604 2848 4658; x_wconf 92' lang='lat' dir='ltr'><strong>de</strong></span> <span class='ocrx_word' id='word_1_776' title='bbox 2870 4601 3154 4657; x_wconf 83' lang='lat' dir='ltr'><strong>Filiatione</strong></span> <span class='ocrx_word' id='word_1_777' title='bbox 3175 4596 3380 4652; x_wconf 83' lang='lat' dir='ltr'><strong>Christi</strong></span> 
     </span>
    </p>
   </div>
   <div class='ocr_carea' id='block_1_110' title="bbox 1789 4692 3379 4769">
    <p class='ocr_par' dir='ltr' id='par_1_110' title="bbox 1789 4692 3379 4769">
     <span class='ocr_line' id='line_1_110' title="bbox 1789 4692 3379 4769; baseline -0.005 -15"><span class='ocrx_word' id='word_1_778' title='bbox 1789 4699 1857 4754; x_wconf 90' lang='lat' dir='ltr'><strong>ad</strong></span> <span class='ocrx_word' id='word_1_779' title='bbox 1886 4701 1941 4757; x_wconf 78' lang='grc'><strong>5.</strong></span> <span class='ocrx_word' id='word_1_780' title='bbox 1976 4714 2029 4769; x_wconf 92' lang='lat' dir='ltr'><strong>p.</strong></span> <span class='ocrx_word' id='word_1_781' title='bbox 2065 4700 2129 4753; x_wconf 90' lang='lat' dir='ltr'><strong>D.</strong></span> <span class='ocrx_word' id='word_1_782' title='bbox 2163 4698 2388 4753; x_wconf 80' lang='lat' dir='ltr'><strong>&#39;l‘homa:</strong></span> <span class='ocrx_word' id='word_1_783' title='bbox 2434 4705 2570 4753; x_wconf 89' lang='lat' dir='ltr'><strong>tom.</strong></span> <span class='ocrx_word' id='word_1_784' title='bbox 2598 4697 2640 4765; x_wconf 90' lang='grc' dir='ltr'><strong>Ι,</strong></span> <span class='ocrx_word' id='word_1_785' title='bbox 2693 4695 2857 4760; x_wconf 91' lang='lat' dir='ltr'><strong>unde,</strong></span> <span class='ocrx_word' id='word_1_786' title='bbox 2910 4704 2967 4748; x_wconf 90' lang='lat' dir='ltr'><strong>ut</strong></span> <span class='ocrx_word' id='word_1_787' title='bbox 3017 4692 3205 4760; x_wconf 86' lang='lat' dir='ltr'><strong>credo,</strong></span> <span class='ocrx_word' id='word_1_788' title='bbox 3258 4704 3379 4746; x_wconf 89' lang='lat' dir='ltr'><strong>eam</strong></span> 
     </span>
    </p>
   </div>
   <div class='ocr_carea' id='block_1_111' title="bbox 1788 4784 3209 4863">
    <p class='ocr_par' dir='ltr' id='par_1_111' title="bbox 1788 4784 3209 4863">
     <span class='ocr_line' id='line_1_111' title="bbox 1788 4784 3209 4863; baseline -0.005 -17"><span class='ocrx_word' id='word_1_789' title='bbox 1788 4790 2007 4863; x_wconf 91' lang='lat' dir='ltr'><strong>quidam</strong></span> <span class='ocrx_word' id='word_1_790' title='bbox 2037 4804 2322 4859; x_wconf 87' lang='lat' dir='ltr'><strong>sumpsere</strong></span> <span class='ocrx_word' id='word_1_791' title='bbox 2348 4789 2416 4843; x_wconf 91' lang='lat' dir='ltr'><strong>ad</strong></span> <span class='ocrx_word' id='word_1_792' title='bbox 2448 4788 2689 4844; x_wconf 86' lang='lat' dir='ltr'><strong>favorem</strong></span> <span class='ocrx_word' id='word_1_793' title='bbox 2718 4785 2973 4842; x_wconf 88' lang='lat' dir='ltr'><strong>Chronici</strong></span> <span class='ocrx_word' id='word_1_794' title='bbox 3001 4784 3209 4839; x_wconf 76' lang='lat' dir='ltr'><strong>Dextri.</strong></span> 
     </span>
    </p>
   </div>
   <div class='ocr_carea' id='block_1_112' title="bbox 1862 4876 3373 4956">
    <p class='ocr_par' dir='ltr' id='par_1_112' title="bbox 1862 4876 3373 4956">
     <span class='ocr_line' id='line_1_112' title="bbox 1862 4876 3373 4956; baseline -0.004 -18"><span class='ocrx_word' id='word_1_795' title='bbox 1862 4884 2153 4956; x_wconf 78' lang='lat' dir='ltr'><strong>Reliquum</strong></span> <span class='ocrx_word' id='word_1_796' title='bbox 2185 4894 2290 4952; x_wconf 83' lang='lat' dir='ltr'><strong>est,</strong></span> <span class='ocrx_word' id='word_1_797' title='bbox 2316 4892 2373 4938; x_wconf 91' lang='lat' dir='ltr'><strong>ut</strong></span> <span class='ocrx_word' id='word_1_798' title='bbox 2404 4882 2586 4938; x_wconf 90' lang='lat' dir='ltr'><strong>verbis</strong></span> <span class='ocrx_word' id='word_1_799' title='bbox 2622 4879 2881 4937; x_wconf 89' lang='lat' dir='ltr'><strong>Bernardi</strong></span> <span class='ocrx_word' id='word_1_800' title='bbox 2914 4878 3019 4934; x_wconf 91' lang='lat' dir='ltr'><strong>mei</strong></span> <span class='ocrx_word' id='word_1_801' title='bbox 3064 4880 3227 4933; x_wconf 85' lang='lat' dir='ltr'><strong>linem</strong></span> <span class='ocrx_word' id='word_1_802' title='bbox 3271 4876 3373 4932; x_wconf 82' lang='lat' dir='ltr'><strong>im-</strong></span> 
     </span>
    </p>
   </div>
   <div class='ocr_carea' id='block_1_113' title="bbox 1782 4970 3376 5047">
    <p class='ocr_par' dir='ltr' id='par_1_113' title="bbox 1782 4970 3376 5047">
     <span class='ocr_line' id='line_1_113' title="bbox 1782 4970 3376 5047; baseline -0.004 -16"><span class='ocrx_word' id='word_1_803' title='bbox 1782 4990 1985 5047; x_wconf 90' lang='lat' dir='ltr'><strong>ponam</strong></span> <span class='ocrx_word' id='word_1_804' title='bbox 2010 4976 2134 5031; x_wconf 89' lang='lat' dir='ltr'><strong>huic</strong></span> <span class='ocrx_word' id='word_1_805' title='bbox 2165 4978 2441 5041; x_wconf 88' lang='lat' dir='ltr'><strong>tractatui,</strong></span> <span class='ocrx_word' id='word_1_806' title='bbox 2472 4974 2668 5044; x_wconf 89' lang='lat' dir='ltr'><strong>quibus</strong></span> <span class='ocrx_word' id='word_1_807' title='bbox 2699 4973 2815 5041; x_wconf 71' lang='lat' dir='ltr'><strong>ipse</strong></span> <span class='ocrx_word' id='word_1_808' title='bbox 2835 4970 3235 5039; x_wconf 81' lang='lat' dir='ltr'><strong>apologetieam</strong></span> <span class='ocrx_word' id='word_1_809' title='bbox 3258 4970 3376 5036; x_wconf 83' lang='lat' dir='ltr'><strong>epi-</strong></span> 
     </span>
    </p>
   </div>
   <div class='ocr_carea' id='block_1_114' title="bbox 1781 5061 3378 5132">
    <p class='ocr_par' dir='ltr' id='par_1_114' title="bbox 1781 5061 3378 5132">
     <span class='ocr_line' id='line_1_114' title="bbox 1781 5061 3378 5132; baseline -0.004 -9"><span class='ocrx_word' id='word_1_810' title='bbox 1781 5069 1977 5124; x_wconf 83' lang='lat' dir='ltr'><strong>stolam</strong></span> <span class='ocrx_word' id='word_1_811' title='bbox 1998 5068 2064 5123; x_wconf 88' lang='lat' dir='ltr'><strong>ad</strong></span> <span class='ocrx_word' id='word_1_812' title='bbox 2087 5068 2336 5124; x_wconf 89' lang='lat' dir='ltr'><strong>abbatem</strong></span> <span class='ocrx_word' id='word_1_813' title='bbox 2354 5067 2422 5122; x_wconf 90' lang='lat' dir='ltr'><strong>de</strong></span> <span class='ocrx_word' id='word_1_814' title='bbox 2442 5067 2864 5121; x_wconf 74' lang='lat' dir='ltr'><strong>Prmmonstrato</strong></span> <span class='ocrx_word' id='word_1_815' title='bbox 2881 5062 3141 5132; x_wconf 89' lang='lat' dir='ltr'><strong>scriptam</strong></span> <span class='ocrx_word' id='word_1_816' title='bbox 3157 5061 3378 5117; x_wconf 88' lang='lat' dir='ltr'><strong>clausit:</strong></span> 
     </span>
    </p>
   </div>
   <div class='ocr_carea' id='block_1_115' title="bbox 1780 5155 3371 5236">
    <p class='ocr_par' dir='ltr' id='par_1_115' title="bbox 1780 5155 3371 5236">
     <span class='ocr_line' id='line_1_115' title="bbox 1780 5155 3371 5236; baseline -0.006 -18"><span class='ocrx_word' id='word_1_817' title='bbox 1780 5179 1905 5236; x_wconf 77' lang='lat' dir='ltr'><strong>qua:</strong></span> <span class='ocrx_word' id='word_1_818' title='bbox 1936 5164 2078 5218; x_wconf 85' lang='lat' dir='ltr'><strong>inter</strong></span> <span class='ocrx_word' id='word_1_819' title='bbox 2106 5177 2231 5218; x_wconf 89' lang='lat' dir='ltr'><strong>suas</strong></span> <span class='ocrx_word' id='word_1_820' title='bbox 2258 5171 2341 5217; x_wconf 91' lang='lat' dir='ltr'><strong>est</strong></span> <span class='ocrx_word' id='word_1_821' title='bbox 2364 5160 2472 5217; x_wconf 73' lang='lat'><strong>252</strong></span> <span class='ocrx_word' id='word_1_822' title='bbox 2498 5177 2511 5213; x_wconf 89' lang='lat'><strong>:</strong></span> <span class='ocrx_word' id='word_1_823' title='bbox 2538 5159 2667 5213; x_wconf 85' lang='lat' dir='ltr'><strong>Cum</strong></span> <span class='ocrx_word' id='word_1_824' title='bbox 2687 5156 2797 5212; x_wconf 73' lang='lat' dir='ltr'><strong>lucc</strong></span> <span class='ocrx_word' id='word_1_825' title='bbox 2821 5158 2893 5211; x_wconf 82' lang='lat' dir='ltr'><strong>ita</strong></span> <span class='ocrx_word' id='word_1_826' title='bbox 2915 5172 2968 5209; x_wconf 84' lang='lat' dir='ltr'><strong>se</strong></span> <span class='ocrx_word' id='word_1_827' title='bbox 2995 5155 3242 5221; x_wconf 83' lang='lat' dir='ltr'><strong>habeant,</strong></span> <span class='ocrx_word' id='word_1_828' title='bbox 3268 5170 3371 5208; x_wconf 86' lang='lat' dir='ltr'><strong>non</strong></span> 
     </span>
    </p>
   </div>
   <div class='ocr_carea' id='block_1_116' title="bbox 1781 5247 3375 5328">
    <p class='ocr_par' dir='ltr' id='par_1_116' title="bbox 1781 5247 3375 5328">
     <span class='ocr_line' id='line_1_116' title="bbox 1781 5247 3375 5328; baseline -0.006 -16"><span class='ocrx_word' id='word_1_829' title='bbox 1781 5267 1856 5314; x_wconf 86' lang='lat' dir='ltr'><strong>est</strong></span> <span class='ocrx_word' id='word_1_830' title='bbox 1883 5257 2021 5328; x_wconf 87' lang='lat' dir='ltr'><strong>quod</strong></span> <span class='ocrx_word' id='word_1_831' title='bbox 2047 5257 2112 5309; x_wconf 88' lang='lat' dir='ltr'><strong>de</strong></span> <span class='ocrx_word' id='word_1_832' title='bbox 2141 5256 2287 5310; x_wconf 83' lang='lat' dir='ltr'><strong>nobis</strong></span> <span class='ocrx_word' id='word_1_833' title='bbox 2320 5255 2463 5326; x_wconf 84' lang='lat' dir='ltr'><strong>queri</strong></span> <span class='ocrx_word' id='word_1_834' title='bbox 2508 5252 2755 5317; x_wconf 82' lang='lat' dir='ltr'><strong>debeatis,</strong></span> <span class='ocrx_word' id='word_1_835' title='bbox 2798 5266 2916 5304; x_wconf 86' lang='lat' dir='ltr'><strong>cum</strong></span> <span class='ocrx_word' id='word_1_836' title='bbox 2938 5249 3137 5321; x_wconf 81' lang='lat' dir='ltr'><strong>justius</strong></span> <span class='ocrx_word' id='word_1_837' title='bbox 3178 5262 3271 5303; x_wconf 85' lang='lat' dir='ltr'><strong>nos</strong></span> <span class='ocrx_word' id='word_1_838' title='bbox 3309 5247 3375 5302; x_wconf 87' lang='lat' dir='ltr'><strong>de</strong></span> 
     </span>
    </p>
   </div>
   <div class='ocr_carea' id='block_1_117' title="bbox 1780 5341 3375 5418">
    <p class='ocr_par' dir='ltr' id='par_1_117' title="bbox 1780 5341 3375 5418">
     <span class='ocr_line' id='line_1_117' title="bbox 1780 5341 3375 5418; baseline -0.006 -15"><span class='ocrx_word' id='word_1_839' title='bbox 1780 5349 1942 5415; x_wconf 75' lang='lat' dir='ltr'><strong>vobis,</strong></span> <span class='ocrx_word' id='word_1_840' title='bbox 1977 5358 2031 5401; x_wconf 88' lang='lat' dir='ltr'><strong>ut</strong></span> <span class='ocrx_word' id='word_1_841' title='bbox 2060 5359 2299 5418; x_wconf 85' lang='lat' dir='ltr'><strong>apparet,</strong></span> <span class='ocrx_word' id='word_1_842' title='bbox 2340 5347 2487 5417; x_wconf 83' lang='lat' dir='ltr'><strong>queri</strong></span> <span class='ocrx_word' id='word_1_843' title='bbox 2529 5344 2807 5417; x_wconf 85' lang='lat' dir='ltr'><strong>possimus.</strong></span> <span class='ocrx_word' id='word_1_844' title='bbox 2858 5341 3141 5413; x_wconf 80' lang='lat' dir='ltr'><strong>Reliquum</strong></span> <span class='ocrx_word' id='word_1_845' title='bbox 3188 5350 3286 5406; x_wconf 85' lang='lat' dir='ltr'><strong>est,</strong></span> <span class='ocrx_word' id='word_1_846' title='bbox 3318 5351 3375 5394; x_wconf 87' lang='lat' dir='ltr'><strong>ut</strong></span> 
     </span>
    </p>
   </div>
   <div class='ocr_carea' id='block_1_118' title="bbox 1780 5432 3377 5513">
    <p class='ocr_par' dir='ltr' id='par_1_118' title="bbox 1780 5432 3377 5513">
     <span class='ocr_line' id='line_1_118' title="bbox 1780 5432 3377 5513; baseline -0.006 -17"><span class='ocrx_word' id='word_1_847' title='bbox 1780 5443 2049 5513; x_wconf 85' lang='lat' dir='ltr'><strong>diligentes</strong></span> <span class='ocrx_word' id='word_1_848' title='bbox 2076 5456 2161 5495; x_wconf 84' lang='lat' dir='ltr'><strong>vos</strong></span> <span class='ocrx_word' id='word_1_849' title='bbox 2186 5439 2436 5511; x_wconf 80' lang='lat' dir='ltr'><strong>diligatis,</strong></span> <span class='ocrx_word' id='word_1_850' title='bbox 2469 5437 2754 5505; x_wconf 77' lang='lat' dir='ltr'><strong>prtesertim</strong></span> <span class='ocrx_word' id='word_1_851' title='bbox 2786 5434 2997 5490; x_wconf 87' lang='lat' dir='ltr'><strong>solliciti</strong></span> <span class='ocrx_word' id='word_1_852' title='bbox 3022 5450 3230 5488; x_wconf 82' lang='lat' dir='ltr'><strong>servare</strong></span> <span class='ocrx_word' id='word_1_853' title='bbox 3259 5432 3377 5486; x_wconf 81' lang='lat' dir='ltr'><strong>uni-</strong></span> 
     </span>
    </p>
   </div>
   <div class='ocr_carea' id='block_1_119' title="bbox 1781 5525 3370 5606">
    <p class='ocr_par' dir='ltr' id='par_1_119' title="bbox 1781 5525 3370 5606">
     <span class='ocr_line' id='line_1_119' title="bbox 1781 5525 3370 5606; baseline -0.009 -14"><span class='ocrx_word' id='word_1_854' title='bbox 1781 5547 1936 5593; x_wconf 85' lang='lat' dir='ltr'><strong>tatem</strong></span> <span class='ocrx_word' id='word_1_855' title='bbox 1978 5537 2194 5606; x_wconf 86' lang='lat' dir='ltr'><strong>spiritus</strong></span> <span class='ocrx_word' id='word_1_856' title='bbox 2230 5535 2284 5588; x_wconf 91' lang='lat' dir='ltr'><strong>in</strong></span> <span class='ocrx_word' id='word_1_857' title='bbox 2326 5534 2530 5587; x_wconf 75' lang='lat' dir='ltr'><strong>vinculo</strong></span> <span class='ocrx_word' id='word_1_858' title='bbox 2569 5531 2734 5605; x_wconf 69' lang='lat' dir='ltr'><strong>paris.</strong></span> <span class='ocrx_word' id='word_1_859' title='bbox 2781 5529 2891 5601; x_wconf 84' lang='lat' dir='ltr'><strong>Ego</strong></span> <span class='ocrx_word' id='word_1_860' title='bbox 2934 5539 3107 5584; x_wconf 85' lang='lat' dir='ltr'><strong>autem</strong></span> <span class='ocrx_word' id='word_1_861' title='bbox 3146 5525 3370 5597; x_wconf 88' lang='lat' dir='ltr'><strong>(Pater)</strong></span> 
     </span>
    </p>
   </div>
   <div class='ocr_carea' id='block_1_120' title="bbox 1778 5621 3371 5704">
    <p class='ocr_par' dir='ltr' id='par_1_120' title="bbox 1778 5621 3371 5704">
     <span class='ocr_line' id='line_1_120' title="bbox 1778 5621 3371 5704; baseline -0.011 -18"><span class='ocrx_word' id='word_1_862' title='bbox 1778 5630 2030 5704; x_wconf 82' lang='lat' dir='ltr'><strong>quidquid</strong></span> <span class='ocrx_word' id='word_1_863' title='bbox 2072 5630 2297 5699; x_wconf 79' lang='lat' dir='ltr'><strong>faciatis,</strong></span> <span class='ocrx_word' id='word_1_864' title='bbox 2331 5627 2530 5681; x_wconf 75' lang='lat' dir='ltr'><strong>decrevi</strong></span> <span class='ocrx_word' id='word_1_865' title='bbox 2573 5642 2773 5698; x_wconf 84' lang='lat' dir='ltr'><strong>semper</strong></span> <span class='ocrx_word' id='word_1_866' title='bbox 2812 5624 3028 5694; x_wconf 86' lang='lat' dir='ltr'><strong>diligere</strong></span> <span class='ocrx_word' id='word_1_867' title='bbox 3059 5637 3165 5685; x_wconf 83' lang='lat' dir='ltr'><strong>ros,</strong></span> <span class='ocrx_word' id='word_1_868' title='bbox 3217 5621 3371 5671; x_wconf 87' lang='lat' dir='ltr'><strong>etiam</strong></span> 
     </span>
    </p>
   </div>
   <div class='ocr_carea' id='block_1_121' title="bbox 1780 5708 3371 5795">
    <p class='ocr_par' dir='ltr' id='par_1_121' title="bbox 1780 5708 3371 5795">
     <span class='ocr_line' id='line_1_121' title="bbox 1780 5708 3371 5795; baseline -0.013 -12"><span class='ocrx_word' id='word_1_869' title='bbox 1780 5744 1880 5784; x_wconf 89' lang='lat' dir='ltr'><strong>non</strong></span> <span class='ocrx_word' id='word_1_870' title='bbox 1905 5726 2119 5781; x_wconf 81' lang='lat' dir='ltr'><strong>dilectus</strong></span> <span class='ocrx_word' id='word_1_871' title='bbox 2148 5720 2379 5795; x_wconf 79' lang='lat' dir='ltr'><strong>(Epltes.</strong></span> <span class='ocrx_word' id='word_1_872' title='bbox 2415 5718 2525 5791; x_wconf 88' lang='lat' dir='ltr'><strong>tv).</strong></span> <span class='ocrx_word' id='word_1_873' title='bbox 2560 5719 2870 5776; x_wconf 65' lang='lat' dir='ltr'><strong>Occasiones</strong></span> <span class='ocrx_word' id='word_1_874' title='bbox 2897 5733 3001 5788; x_wconf 82' lang='lat' dir='ltr'><strong>qua</strong></span> <span class='ocrx_word' id='word_1_875' title='bbox 3016 5724 3116 5782; x_wconf 88' lang='lat' dir='ltr'><strong>rat,</strong></span> <span class='ocrx_word' id='word_1_876' title='bbox 3148 5711 3237 5782; x_wconf 89' lang='lat' dir='ltr'><strong>qui</strong></span> <span class='ocrx_word' id='word_1_877' title='bbox 3259 5708 3371 5765; x_wconf 76' lang='lat' dir='ltr'><strong>calt</strong></span> 
     </span>
    </p>
   </div>
  </div>
