3908 6272
543 199 654 258 σεῦ
1608 190 1687 246 ΡΛ
1699 188 1877 246 [ΙΙΛΤΒ
1913 187 2086 243 OROS

2253 182 2774 243 CIIRONOLOGUS.
3708 189 3796 252 036

547 315 787 372 recedere
816 313 881 370 ab
903 312 1105 378 amico;
1127 308 1255 366 mihi
1282 306 1443 364 studii
1463 312 1536 361 est
1562 312 1608 361 et
1629 305 1749 373 erit,
1775 320 1869 358 nec
1899 303 2140 373 cuiquam
2168 306 2220 364 Α
2245 316 2332 354 vos
2359 299 2620 373 poteritis,
2653 298 2745 352 sed
2775 313 2876 354 non
2904 313 3005 356 me.
3033 297 3318 356 Adhaerebo
3347 299 3487 356 robis
3513 304 3603 358 etsi
3621 303 3800 375 nolitis;

546 409 836 470 amicorum
857 410 1054 480 justam
1085 404 1138 457 in
1158 419 1236 456 me
1257 399 1589 458 discessionis
1630 414 1840 452 causam
1869 396 2018 460 dare,
2050 411 2140 450 nec
2245 390 2522 446 adharebo
2547 390 2642 444 etsi
2673 391 2834 444 nolint
2862 391 2973 461 ipse
2997 407 3016 446 :
3053 392 3496 464 quandoquidem
3527 396 3572 450 si
3595 396 3800 466 insipiens

549 504 777 560 scrutari
799 503 851 556 in
874 502 1001 562 alio,
1029 496 1168 567 quod
1197 496 1294 549 hoc
1314 493 1528 565 quidem
1555 493 1714 563 ﬁctio,
1745 492 1878 546 illud
1903 506 2024 544 vero
2054 504 2142 542 ne-
2250 485 2350 556 fui,
2385 501 2471 539 vos
2505 500 2584 537 me
2613 483 2875 556 coegistis,
2923 483 3078 552 cujus
3108 485 3322 541 scilicet
3363 487 3646 544 maceriam
3673 490 3803 548 etiam

550 593 733 665 glectte
753 591 996 646 amicitia:
1013 589 1098 642 sit.
1128 586 1194 640 Et
1215 587 1336 656 quia
1358 584 1637 640 secundum
1667 582 1961 655 praphetam
1986 580 2142 654 (Isai.
2252 576 2518 634 admoniti
2545 575 2876 647 abrumpere
2905 579 3084 633 conati
3116 577 3278 634 estis.

549 684 692 756 xu),
716 683 930 738 Glutino
951 683 1142 737 bonum
1168 689 1273 746 est;
1304 679 1521 747 solvere,
1549 679 1625 734 rel
1648 679 1817 750 potius
1839 677 2148 747 abrumpere

1099 981 2049 1151 PAULUS
2184 977 3277 1170 onosms,

1525 1243 2104 1332 HISPANUS
2176 1242 2891 1328 PRESBYTER.

557 835 3810 870 πῇ.ᾑῂ

960 1534 1506 1610 EPISTOLA
1582 1532 2336 1606 DEDICATORIA
2407 1531 2616 1610 SIG.
2697 1531 3466 1610 HAVEBCAMPI.

557 1699 1008 1764 Ercelleutissimo
1036 1699 1148 1752 uiro
1173 1695 1410 1757 Nicouo
1439 1695 1612 1762 Cum,
1645 1695 1980 1751 serenissima
2009 1695 2146 1764 regis
2177 1692 2394 1764 Danite,
2429 1694 2725 1764 Norvegite,
2756 1704 2883 1763 etc.,
2919 1714 2952 1751 a
2979 1697 3216 1752 consiliis
3242 1705 3443 1762 status,
3483 1707 3539 1752 ut
3573 1703 3620 1752 et
3663 1696 3713 1750 in
3749 1711 3823 1752 su-

625 1788 803 1854 prema
831 1771 978 1825 curia
999 1769 1241 1842 justitim,
1276 1768 1609 1842 ejusdemque
1640 1767 1934 1839 Majestatis
1963 1767 2031 1821 ad
2058 1763 2168 1819 ου’άὲ

635 1843 1053 1900 ΙΙΔγειιεΑιιδυε.
2107 1848 2116 1854 ’

2289 1763 2552 1823 Foederati
2583 1763 2751 1839 Betgii
2781 1767 3018 1840 ablegato
3047 1768 3490 1836 extraordinario,
3519 1767 3819 1824 Suessanus

702 1979 832 2040 Cum
859 1979 983 2036 olim
1014 1977 1286 2051 imperium
1316 1975 1608 2033 Romanum
1631 2017 1646 2044 ,
1681 1976 1854 2046 prouti
1885 1976 2048 2032 solent
2071 1973 2225 2043 e/I'eta
2245 1991 2466 2050 corpora
2490 2016 2504 2040 ,
2557 1991 2668 2048 pra:
2702 1977 2846 2033 senio
2876 1977 3165 2050 fatisceret,
3195 1987 3266 2046 et,
3308 1978 3466 2033 veluti
3492 1993 3689 2050 magna:
3711 1979 3819 2033 sub-

559 2073 911 2134 structionum
939 2071 1125 2141 moles,
1155 2071 1296 2126 carie
1316 2079 1364 2127 et
1392 2069 1775 2143 tempestatibus
1801 2068 1969 2136 lteste,
1999 2071 2207 2125 ruinam
2235 2071 2598 2136 meditaretur,
2630 2087 2732 2126 non
2763 2087 2823 2126 eo
2852 2071 3107 2142 superbus
3138 2072 3267 2127 victo
3296 2072 3561 2142 quondam
3597 2071 3724 2126 Orbe
3745 2088 3825 2144 ps-

555 2168 733 2243 pulus,
766 2184 870 2239 quo
902 2168 1152 2240 oportuit,
1183 2167 1330 2238 ﬂexit
1360 2167 1585 2233 lumina,
1609 2167 1702 2220 sed
1725 2183 1880 2237 quam
1907 2165 2006 2220 sibi
2034 2175 2082 2220 et
2111 2167 2243 2220 votis
2270 2177 2319 2221 et
2348 2167 2514 2222 titulis
2549 2166 2624 2221 1E
2629 2178 2827 2222 lernam
2852 2169 3078 2236 ﬁnxerat
3108 2169 3330 2237 Urbem,
3367 2170 3654 2224 immutatis
3676 2169 3832 2240 pristi-

555 2262 639 2318 nis
668 2263 854 2326 sacris,
887 2263 968 2316 ira
997 2260 1216 2315 deorum
1243 2261 1420 2331 perire
1446 2269 1494 2315 et
1523 2261 1755 2329 antiquae
1781 2260 1969 2332 gloria:
1993 2275 2256 2331 superesse
2293 2260 2535 2314 credidit.
2585 2258 2754 2315 Nova!
2779 2260 3047 2332 religionis
3073 2261 3317 2333 contagia
3347 2277 3452 2315 non
3484 2262 3634 2315 modo
3661 2261 3832 2332 passis:

558 2372 738 2412 omnes
765 2356 976 2426 inﬁcere
1005 2355 1319 2427 provincias,
1349 2353 1442 2408 sed
1479 2363 1527 2408 et
1558 2361 1776 2408 veterem
1801 2363 1848 2406 et
1883 2368 2068 2406 novam
2104 2352 2319 2420 implere
2351 2353 2572 2407 Romam
2599 2353 3018 2410 criminabatur:
3050 2353 3226 2408 claudi
3250 2369 3371 2408 eum
3400 2353 3605 2424 templis
3644 2353 3832 2408 deorum

558 2449 989 2516 benevolentiam,
1013 2462 1212 2504 cessare
1236 2464 1353 2503 cum
1379 2447 1649 2518 sacriﬁciis
1679 2457 1726 2502 et
1755 2447 2061 2520 aruspicinis
2087 2447 2504 2520 prwmonitiones
2531 2448 2822 2515 numinum,
2853 2463 3016 2519 neque
3043 2449 3223 2502 evitari
3259 2463 3412 2519 posse
3438 2445 3667 2519 pericula
3688 2447 3832 2501 illisve

555 2541 790 2609 occurri;
818 2540 1066 2612 quoniam
1093 2539 1499 2611 negligerentur,
1560 2538 1742 2609 quibus
1772 2541 1836 2593 de
1863 2537 2048 2592 iisdem
2078 2539 2302 2610 majores
2331 2538 2412 2592 sui
2444 2539 2640 2592 moneri
2669 2538 2931 2605 solebant,
2973 2541 3250 2613 prtesagia.
3313 2538 3436 2605 Hic,
3471 2540 3562 2611 qui
3587 2540 3712 2592 inter
3751 2555 3832 2606 pa-

554 2651 722 2708 ganos
750 2633 1078 2699 audiebatur,
1111 2634 1411 2688 inconditus
1439 2647 1607 2686 sermo
1633 2632 1688 2685 in
1718 2632 1952 2686 convicia
1980 2633 2152 2704 erupit
2183 2633 2439 2698 atrocius,
2481 2639 2756 2703 postquam
2785 2632 2879 2686 illa
2905 2631 3054 2690 Orbis
3083 2634 3206 2688 olim
3234 2634 3488 2687 domitrix
3510 2673 3526 2700 ,
3571 2629 3736 2687 Italia
3753 2635 3833 2686 ad-

555 2727 660 2782 huc
684 2739 842 2799 atque
885 2726 1092 2799 imperii
1140 2723 1495 2779 Occidentalis
1539 2724 1785 2789 domina,
1828 2733 1979 2794 capta
2023 2734 2177 2795 atque
2215 2724 2414 2796 direpta
2460 2740 2492 2776 a
2535 2722 2720 2778 Gothis
2753 2724 2918 2779 Roma
2945 2734 3042 2782 est.
3084 2725 3243 2780 Hanc
3267 2727 3483 2797 imperii
3513 2726 3727 2793 cladess,
3750 2726 3830 2782 bss

560 2820 716 2878 Orbis
757 2822 1077 2878 calamitates
1115 2820 1315 2876 nomini
1363 2818 1661 2875 Christiano
1689 2819 1979 2888 imputabat
2015 2821 2172 2874 ueteri
2197 2820 2562 2892 superstitione
2587 2829 2782 2874 tactum
2817 2820 3024 2890 vulgus,
3051 2830 3100 2874 et
3141 2819 3429 2890 fremebant
3475 2820 3645 2889 palam
3681 2836 3833 2874 omnes

562 2913 782 2984 pagani,
807 2912 948 2967 mala
976 2921 1186 2977 cuncta,
1209 2909 1348 2965 velut
1374 2911 1580 2981 agmine
1608 2913 1773 2980 facta,
1811 2910 2024 2964 irruisse
2043 2910 2099 2964 in
2130 2918 2292 2963 terras
2318 2909 2524 2978 imperii
2551 2908 2813 2976 Romani,
2855 2925 2921 2964 eo:
2940 2926 3070 2980 quo,
3102 2910 3310 2964 abolitis
3340 2909 3595 2965 ueteribus
3619 2911 3768 2964 sacris
3793 2919 3833 2963 et

559 3006 779 3062 deorum
803 3015 1093 3078 contempto
1117 3005 1349 3071 numine,
1383 3003 1554 3058 solum
1575 3001 1774 3058 Christi
1801 3019 1984 3057 nonten
2013 3001 2218 3074 publice
2237 3003 2508 3058 coleretur.

707 3096 905 3152 Contra
943 3095 1078 3154 hanc
1123 3097 1366 3152 insanam
1402 3106 1452 3151 et
1485 3111 1623 3151 cteca
1653 3096 1903 3168 religione
1945 3096 2157 3166 dignam
2202 3096 2498 3168 opinionem
2519 3140 2533 3165 ,
2569 3096 2780 3152 hortatu
2805 3097 3221 3166 pratstantissimi
3249 3096 3607 3169 Hipponensis
3632 3098 3833 3172 episcopi

564 3188 847 3263 Augustini
871 3231 887 3257 ,
936 3189 1193 3243 calamum
1238 3188 1449 3242 strinxit
1482 3185 1698 3242 Orosius
1720 3229 1734 3252 ,
1767 3187 2035 3260 Hispanus
2065 3189 2295 3254 natione,
2326 3188 2626 3244 conditione
2647 3190 2941 3261 presbyter;
2986 3207 3090 3244 non
3119 3201 3173 3246 ut
3202 3189 3453 3246 evineeret
3483 3192 3749 3247 stultitiam
3773 3202 3833 3246 tot

562 3283 837 3338 numinum
861 3281 1212 3347 colendorum,
1231 3289 1278 3334 et
1302 3281 1579 3336 vanitatem
1593 3281 1878 3336 ostenderet
1898 3280 2154 3336 adorandi
2168 3291 2394 3336 mortuos
2419 3290 2464 3334 et
2489 3282 2667 3336 inania
2692 3281 2934 3347 nomina;
2955 3281 3030 3335 vel
3055 3282 3226 3352 ipsam
3247 3281 3554 3353 religionum
3574 3284 3834 3351 increparet

562 3376 972 3444 turpitudinem;
994 3374 1133 3445 quod
1161 3379 1384 3444 fecerant
1411 3375 1560 3429 multi
1590 3382 1710 3428 ante
1731 3373 1913 3440 illum;
1943 3376 2032 3428 sed
2062 3383 2117 3428 ut
2143 3375 2463 3443 ostenderet,
2490 3391 2811 3447 nequaquam
2835 3376 3066 3448 pejoreus
3097 3375 3251 3430 Orbis
3275 3387 3553 3442 terrarum,
3584 3379 3769 3448 rigente
3791 3376 3834 3430 iu

562 3469 742 3526 eodem
771 3469 979 3537 publica
1003 3470 1106 3524 veri
1136 3467 1232 3521 Dei
1256 3467 1400 3521 cultu
1422 3477 1579 3538 atque
1606 3474 1814 3534 recepta
1837 3464 2088 3536 religione
2107 3463 2426 3533 Christiana,
2457 3481 2567 3518 esse
2587 3465 2936 3520 conditionem
2954 3507 2968 3532 ,
3001 3481 3160 3536 quam
3192 3481 3395 3537 semper
3421 3478 3472 3520 et
3494 3467 3682 3536 possint
3707 3476 3834 3536 atque

561 3561 627 3614 ab
647 3561 794 3615 initio
826 3562 1018 3632 fuerat.
1059 3558 1334 3620 Introiisse
1359 3559 1494 3612 enim
1524 3573 1644 3611 mox
1671 3567 1783 3626 post
1814 3557 2083 3609 conditura
2105 3555 2204 3608 hoc
2230 3554 2537 3610 Universum
2557 3599 2572 3623 ,
2603 3571 2720 3608 cum
2748 3565 2957 3627 peccato
2987 3555 3145 3626 primi
3175 3555 3404 3609 hominis
3433 3556 3610 3610 omnia
3637 3557 3689 3610 iss
3711 3572 3835 3609 nuut-

562 3649 688 3706 dum
717 3649 861 3705 mtsla
889 3693 904 3714 ,
934 3651 1069 3705 bella
1094 3691 1110 3719 ,
1141 3651 1380 3720 rapinas,
1410 3649 1598 3714 cades,
1621 3648 1942 3702 calamitates
1967 3650 2341 3720 cujuscumque
2368 3648 2602 3720 generis,
2633 3655 2682 3701 et
2723 3647 2974 3718 quidquid
2997 3647 3251 3719 superbus
3271 3648 3452 3714 uictor,
3483 3649 3562 3703 uel
3590 3647 3835 3703 inclemen-

560 3751 637 3799 tia
667 3745 802 3809 cteli,
833 3744 1050 3800 tellusse
1081 3747 1259 3817 fruges
1287 3760 1479 3815 negans
1505 3783 1523 3811 ,
1567 3742 1697 3796 dira:
1723 3748 1886 3812 pestes
1905 3781 1920 3806 ,
1951 3741 2192 3796 incendia
2218 3785 2232 3808 ,
2282 3743 2450 3798 ruimc
2479 3753 2526 3795 et
2556 3741 2747 3796 cluvies
2766 3757 3043 3812 aquarum,
3077 3744 3299 3798 miseros
3327 3754 3374 3798 et
3400 3745 3642 3799 mortales
3667 3747 3835 3817 perpeti

563 3845 773 3908 cogunt.
817 3835 954 3903 Quin
996 3846 1046 3892 et
1088 3837 1252 3910 ipsam
1294 3835 1513 3894 Romam
1559 3835 1625 3890 iis
1651 3877 1665 3900 ,
1713 3833 1898 3905 quibus
1949 3834 2321 3888 numerabatur
2339 3833 2449 3888 dies
2475 3832 2777 3903 triumphis,
2802 3834 3251 3902 temporibus,-uia:
3280 3835 3511 3903 ansulis,
3535 3852 3652 3907 qua
3673 3852 3834 3907 magno

563 3930 756 4000 possint
781 3937 1007 3994 recenset
1031 3943 1270 3995 numero,
1293 3942 1552 3998 quoquam
1573 3935 1802 3996 tempore
1827 3924 2130 3997 reapirasse.

707 4019 752 4076 Τ
753 4030 894 4076 etum
921 4020 1043 4077 hinc
1069 4021 1364 4091 scriptionis
1395 4035 1577 4091 genus,
1604 4019 1742 4091 quod
1771 4020 1867 4074 sibi
1888 4019 2164 4091 proposuit
2195 4017 2437 4086 Orcsius,
2459 4017 2514 4072 in
2541 4017 2817 4088 multiplici
2838 4027 2991 4088 atque
3011 4018 3158 4072 uaria
3179 4027 3411 4073 uersatur
3431 4018 3688 4084 Historia,
3712 4020 3836 4083 dum,

566 4129 599 4168 α
625 4111 839 4167 condito
862 4111 996 4168 Orbe
1019 4154 1034 4178 ,
1081 4129 1172 4185 per
1210 4113 1312 4168 tria
1336 4155 1351 4177 ,
1397 4113 1584 4184 quibus
1632 4129 1840 4184 pressus
1880 4113 2018 4168 urbis
2046 4123 2302 4168 terrarum
2334 4114 2454 4184 fuit,
2496 4131 2656 4186 regna
2683 4126 2918 4186 vagatus,
2949 4115 3178 4170 Romani
3208 4116 3414 4181 imperii
3437 4117 3650 4180 limites,
3680 4117 3777 4184 [uta
3801 4121 3838 4166 et

565 4211 798 4274 tempora
840 4203 1072 4267 metitur,
1117 4218 1230 4273 qua:
1257 4201 1543 4270 quibusque
1571 4202 1862 4264 consulibus
1891 4215 1938 4258 et
1970 4205 2022 4257 in
2049 4204 2232 4274 quibus
2259 4205 2540 4275 provinciis
2571 4206 2793 4274 imperii,
2816 4207 2976 4260 immo
3001 4209 3054 4261 in
3084 4209 3198 4279 ipta
3229 4207 3357 4261 olim
3390 4205 3562 4262 Itoma
3589 4204 3839 4262 acciderint

564 4291 718 4357 mira,
750 4291 1067 4359 miseranda,
1099 4293 1294 4362 turpia,
1329 4301 1378 4346 et
1399 4293 1498 4346 nisi
1524 4292 1630 4361 ﬁde
1655 4293 1801 4364 digni
1826 4302 2061 4350 asserunt
2089 4293 2346 4360 historici,
2377 4295 2706 4350 incredibilia
2727 4313 2747 4360 ;
2769 4306 2824 4354 ut
2852 4299 3107 4353 immerito
3139 4301 3411 4370 quisquam
3451 4301 3724 4372 pra'sentia
3748 4307 3837 4350 tua

560 4386 794 4456 culparet
819 4390 1075 4452 tempora,
1105 4386 1205 4442 nisi
1225 4386 1315 4456 qui
1343 4394 1513 4441 vetera
1536 4386 1780 4451 nesciret,
1810 4396 1964 4454 atque
1989 4389 2044 4441 in
2075 4389 2292 4446 lectione
2316 4389 2630 4460 scriptorum
2659 4391 2748 4461 qui
2772 4391 2900 4459 illa,
2931 4407 3046 4459 qua:
3063 4395 3174 4448 suis
3198 4394 3500 4448 acciderant
3531 4391 3836 4464 temporibus,

561 4481 840 4554 diligenter
865 4480 1050 4538 litteris
1073 4480 1410 4544 mandarunt,
1443 4480 1645 4549 penitus
1673 4481 1937 4536 exsisteret
1965 4481 2180 4551 hospes.

710 4571 883 4640 Quare
927 4571 972 4624 si
1015 4578 1162 4624 extra
1201 4568 1322 4623 belli
1365 4570 1600 4640 pericula
1632 4571 1796 4638 posito
1823 4587 1924 4626 non
1956 4573 2168 4634 insuaue
2193 4582 2264 4627 est
2297 4575 2582 4628 certamina
2611 4590 2820 4629 cernere
2841 4573 3107 4646 ambigua,
3134 4584 3180 4628 et
3211 4575 3308 4642 ita,
3339 4575 3531 4643 quibus
3554 4575 3660 4646 ipse
3689 4586 3837 4628 careas

561 4663 736 4727 malis,
769 4661 1029 4734 gaudere;
1057 4677 1160 4716 non
1186 4667 1350 4726 potest
1399 4676 1501 4716 non
1537 4661 1780 4734 jucunda
1809 4671 1920 4717 esse
1949 4679 2159 4727 rerum,
2192 4680 2308 4733 qua:
2339 4666 2482 4720 vario
2513 4675 2695 4719 aventu
2717 4711 2730 4734 ,
2764 4665 2965 4735 magnis
2992 4665 3385 4732 certaminibus,
3418 4667 3637 4736 totisque
3665 4664 3838 4719 viribus

564 4775 598 4813 a
624 4755 780 4810 claris
809 4754 1102 4810 hominibus
1123 4763 1266 4825 gesta
1289 4763 1430 4822 sunt,
1465 4756 1782 4813 recordatio.
1824 4755 1905 4812 Ατι
1925 4774 2056 4829 quas
2086 4762 2238 4816 ueluti
2266 4763 2322 4816 in
2346 4761 2524 4817 tabula
2549 4760 2904 4831 inspiciendas
2934 4761 3262 4814 introducere
3290 4777 3384 4814 nos
3412 4761 3585 4815 solent
3609 4757 3834 4820 historici,

558 4861 776 4916 quarunt
794 4849 1198 4920 quotusquisque
1223 4849 1411 4919 majori
1436 4849 1514 4903 vel
1539 4849 1863 4908 condimento
1890 4853 2141 4908 sermonis
2167 4856 2244 4910 vel
2273 4855 2520 4909 varietate
2549 4871 2721 4909 rerum
2765 4855 2966 4910 animos
2997 4854 3189 4908 detinet
3211 4895 3225 4917 ,
3271 4855 3480 4914 laudari
3510 4864 3658 4924 atque
3685 4848 3837 4920 appeti

561 4937 734 5005 solet;
779 4940 910 4996 inter
929 4957 1055 5010 quos
1078 4941 1304 4998 secundo
1333 4941 1387 4996 in
1411 4956 1594 5012 genere
1614 4943 1888 4998 consistere
1915 4942 2155 4999 Orosiutu
2177 4963 2324 5000 nemo
2354 4947 2670 5017 cli/ﬁtebitnr,
2695 4948 2819 5002 dum
2849 4948 3005 5002 totius
3037 4946 3190 5002 Orbis
3214 4946 3278 5000 ab
3302 4947 3454 5001 initio
3479 4947 3550 5001 ad
3581 4961 3675 5001 sua
3701 4957 3840 5013 Itqu

565 5037 798 5101 tempora
822 5030 995 5094 clades
1015 5040 1063 5086 et
1092 5033 1327 5088 miserias
1345 5032 1608 5090 succincte
1633 5032 1878 5088 describit
1908 5045 2062 5104 atque
2092 5053 2182 5106 per
2211 5047 2443 5109 tempora
2471 5049 2595 5106 apte
2615 5039 2873 5108 disponit.

712 5122 844 5192 autc
872 5142 951 5179 me
991 5125 1244 5194 imprimis
1268 5141 1430 5182 causa
1455 5123 1660 5193 impulit
1688 5165 1704 5189 ,
1739 5127 2167 5182 excellentissime
2187 5139 2236 5184 et
2257 5131 2648 5200 generosissime
2673 5133 2770 5195 vir,
2810 5140 2863 5184 ut
2885 5129 3046 5203 hujus
3071 5139 3175 5185 tam
3206 5129 3352 5185 utilis
3380 5131 3652 5202 scriptoris
3675 5143 3837 5182 noram

570 5215 842 5272 editionem
872 5227 962 5275 tuo
990 5216 1171 5274 lubens
1198 5233 1490 5274 consecrem
1521 5217 1746 5272 nomini.
1800 5217 1959 5284 Nam,
1983 5218 2101 5274 licet
2130 5221 2183 5276 in
2214 5223 2351 5276 omni
2380 5222 2691 5292 scriptorum
2720 5238 2905 5291 genere
2934 5262 2950 5284 ,
2988 5239 3101 5291 qua:
3129 5239 3313 5293 pauere
3341 5232 3618 5290 supersunt
3651 5239 3682 5274 a
3707 5232 3838 5288 nego.

567 5303 701 5362 tioso
726 5323 934 5364 munere
958 5348 974 5373 ,
1004 5324 1192 5364 racuas
1227 5306 1446 5364 colloces
1488 5307 1644 5364 horas
1671 5349 1686 5373 ,
1735 5318 1905 5366 tamen
1954 5325 2092 5382 sape
2131 5310 2470 5380 aﬂirmantcm
2499 5311 2700 5378 audivi,
2731 5311 2783 5366 in
2816 5310 2977 5366 nullis
3008 5313 3194 5383 majori
3221 5329 3336 5366 cum
3362 5312 3624 5386 voluptate
3650 5325 3834 5380 ponere.

572 5412 727 5468 quam
758 5398 811 5453 in
845 5400 1095 5454 veteribus
1127 5401 1406 5458 historicis.
1446 5399 1633 5472 Itaque
1661 5401 1766 5468 his,
1794 5404 1922 5458 inter
1952 5403 2177 5471 reliquas
2207 5403 2562 5458 selectissimos
2597 5421 2662 5458 es:
2687 5405 2826 5458 omni
2859 5404 3151 5457 studiorum
3177 5405 3446 5474 voluptate
3475 5405 3655 5469 libros,
3677 5405 3838 5458 selecti

571 5505 696 5544 cura
727 5499 1000 5559 congestos
1025 5531 1040 5554 .
1070 5493 1248 5550 merito
1277 5509 1386 5565 pra'
1409 5494 1609 5549 ctcteris
1640 5504 1727 5550 tua
1756 5494 1988 5565 splendet
2016 5493 2342 5550 bibliotheca.
2389 5493 2511 5550 Non
2541 5505 2710 5550 tamen
2734 5505 2787 5550 ut
2815 5493 2929 5550 solo
2957 5503 3146 5550 ornatu
3173 5493 3378 5563 placeat
3399 5536 3415 5559 ,
3456 5507 3505 5551 et
3535 5496 3837 5550 laudatorum

569 5582 639 5638 ad
667 5598 777 5638 sese
795 5579 969 5636 trahat
1003 5582 1200 5648 oculos,
1229 5586 1318 5638 sed
1343 5595 1398 5639 ut
1427 5585 1629 5640 domini
1649 5596 1694 5640 et
1724 5591 2011 5642 amicorum
2043 5595 2215 5656 pateat
2244 5588 2440 5654 usibus;
2473 5588 2553 5643 his
2581 5589 2789 5657 quidem
2816 5590 2959 5646 uaria
2985 5587 3050 5642 de
3074 5605 3232 5648 causa
3255 5632 3270 5654 ,
3298 5588 3384 5644 illi
3407 5629 3424 5654 ,
3458 5597 3514 5642 nt
3543 5588 3729 5643 monita
3751 5585 3836 5638 col-

583 5674 713 5747 ligat
762 5684 808 5734 et
839 5683 1100 5750 prarcepta
1120 5715 1137 5743 ,
1179 5677 1230 5740 in
1279 5677 1553 5749 splendido
1596 5679 1734 5748 quod
1783 5680 1909 5753 gerit
1941 5695 2174 5746 munere,
2205 5689 2432 5748 veterum
2470 5698 2585 5736 cum
2613 5683 2756 5749 novis
2785 5680 3062 5738 collatione
3089 5681 3251 5750 facta,
3287 5681 3407 5740 usui
3434 5683 3657 5750 futura;
3684 5672 3838 5746 οριὶιιὶ
