3908 6284
498 10 981 27 τ--ῖδ--Ξ--μτ-..ι-..ι-..μ
1004 18 1031 27 σι..
1060 14 1309 27 m—
1336 20 1529 26 ῌ

542 256 656 316 639

1601 254 1874 314 PAULUS
1910 253 2207 313 OROSIUS
2244 251 2778 312 CllRONOLOGUS.

3705 255 3801 314 010

546 372 767 444 signare
819 373 967 429 circa
1017 387 1070 427 a.
1112 373 1256 428 1175
1298 368 1443 426 unde
1492 376 1639 439 patet
1686 368 2043 424 vetustiorem
2073 382 2140 425 eo
2166 372 2213 432 Α
2243 376 2425 423 autem
2451 366 2775 424 Juliacensis
2816 366 3124 423 Germanus
3167 364 3290 436 fuit,
3324 366 3566 439 plurima
3589 368 3654 426 ab
3680 384 3800 430 anno

549 479 696 520 anno
752 464 957 530 Orosii,
996 462 1067 515 ab
1108 461 1301 517 eodem
1357 459 1582 530 vulgati,
1638 472 1762 516 esse
1816 458 2136 526 editionem,

550 573 720 629 quare
750 557 900 612 illam
933 556 1136 626 passim
1187 553 1243 609 in
1294 555 1440 609 notis
1488 553 1721 624 primam
1752 562 1807 609 et
1836 553 2142 624 principem

549 649 852 719 appellavi;
884 646 1133 719 quamvis
1179 646 1249 703 de
1294 644 1602 717 principatu
1646 660 1744 701 seu
1802 644 2145 716 antiquitatis

552 739 907 811 prmrogativa
936 738 1087 794 litem
1117 737 1192 793 illi
1226 752 1448 794 movere
1478 738 1652 808 possit
1681 737 1783 792 alia
1811 736 1991 794 Orosii
2030 736 2145 793 edi-

551 830 650 900 tio,
680 846 801 900 qua:
818 831 947 884 anni
974 838 1159 886 notam
1187 828 1433 896 exhibet,
1466 844 1642 900 neque
1667 844 1698 884 a
1724 828 2147 901 diligentissimo

553 921 673 978 vim
694 919 749 977 in
782 921 977 976 Annal.
1006 920 1244 992 Typvgr.
1280 918 1530 988 quamvis
1569 920 1852 976 rarissima
1892 921 2144 986 inventu,

556 1011 921 1084 praetermissa
952 1013 1074 1075 fuit,
1112 1012 1202 1082 qui
1249 1026 1372 1068 eam
1404 1021 1656 1067 recenset
1692 1020 1824 1067 tom.
1860 1012 1901 1075 l,
1938 1027 1989 1083 p.
2015 1011 2144 1068 505.

560 1104 864 1175 lmpressus
902 1105 950 1158 is
992 1103 1130 1159 liber
1154 1114 1242 1159 eSt
1267 1102 1802 1159 Germano-Gothico
1830 1102 2150 1160 charactere

557 1198 819 1267 Augustae
845 1211 897 1252 a.
929 1197 1058 1252 1171
1109 1211 1206 1268 per
1252 1195 1557 1253 Johanuem
1609 1197 2005 1253 Schuszler.lu
2045 1198 2150 1253 hac

558 1289 822 1359 editione,
847 1304 973 1361 qua:
1011 1289 1253 1361 reliquas
1281 1300 1496 1346 veteres
1524 1289 1796 1346 editiones
1829 1305 2022 1347 omnes
2051 1291 2148 1346 bo-

534 1380 731 1436 'uitate
758 1380 1040 1452 praecedit,
1066 1389 1228 1451 atque
1254 1395 1324 1436 ex
1355 1383 1563 1451 optimo
1586 1381 1779 1438 codice
1810 1396 1913 1437 ms.
1937 1396 2149 1437 summa

569 1474 673 1530 [ide
700 1488 963 1544 eXpressa
992 1472 1112 1538 fuit.
1139 1474 1312 1543 ipsius
1330 1473 1511 1530 Orosii
1534 1476 1761 1545 prologo
1782 1474 1897 1529 lucc
1928 1476 2147 1547 praeﬁxa

563 1568 845 1639 leguntur:
865 1565 1021 1621 Pauli
1051 1566 1267 1621 llorosii
1289 1566 1737 1640 llistoriographi,
1761 1568 2007 1639 discipuli
2028 1584 2152 1622 san-

559 1661 630 1714 cti
655 1657 931 1732 Augustini
953 1658 1199 1727 episcOpi,
1224 1658 1321 1712 viri
1350 1656 1582 1725 Hispani
1611 1657 1814 1730 generis
1840 1660 2148 1729 eloquentis-

558 1748 709 1812 simi,
731 1747 1000 1801 adversum
1023 1744 1394 1818 Cristiani(sic)
1415 1734 1526 1800 uol}
1548 1745 1671 1816 (sic)
1698 1744 1941 1816 querulos
1958 1746 2148 1802 Prolo-
2183 1747 2233 1807 B

560 1853 665 1910 gns
697 1838 750 1893 in
778 1837 949 1893 libros
975 1847 1207 1908 septem.
1228 1836 1295 1891 In
1324 1848 1550 1893 extremo
1579 1847 1754 1893 autem
1783 1838 1885 1906 [ine
1906 1838 2023 1893 libri
2042 1839 2153 1893 [nec

558 1946 757 1993 rxslanl
790 1954 809 1993 :
840 1935 992 1991 Beati
1022 1935 1173 1990 Pauli
1208 1935 1352 1991 lloro
1367 1936 1431 1990 sii
1463 1935 1770 2007 presbyteri
1798 1924 1994 2006 Xp'tTmi
2031 1934 2148 2005 (sic)

565 2019 686 2084 110Ῐέ
734 2027 993 2099 querulos
1036 2026 1153 2080 libri
1195 2040 1409 2080 numero
1437 2032 1630 2095 septem
1669 2024 1860 2093 finiunt
1910 2023 2150 2095 filiciter,

559 2132 650 2189 per
675 2117 968 2173 Joltannem
996 2116 1290 2185 Schuszler,
1318 2116 1700 2186 ﬂorentissimi:
1736 2114 1877 2169 urbis
1907 2118 2158 2187 Augusta:

559 2211 818 2265 concivem
854 2207 1110 2281 impressi.
1140 2207 1291 2261 Anno
1319 2224 1350 2261 ιι
1395 2205 1561 2261 Parta
1598 2203 1823 2275 Virginis
1854 2202 2043 2259 Maria:
2070 2221 2158 2258 sa-

556 2301 767 2373 lutifero
807 2300 1080 2355 millesimo
1115 2298 1623 2372 quadringentesimo
1661 2306 1708 2352 et
1752 2296 2151 2369 septuagesimo.

563 2393 778 2449 Circiter
796 2390 946 2447 Junii
970 2408 1135 2464 nouas
1162 2391 1430 2464 septimas.

631 2488 819 2545 Tertio
859 2486 1057 2542 deinde
1096 2484 1296 2556 prodiit
1334 2482 1563 2539 Orosius
1588 2481 1835 2538 Venetiis
1865 2495 2028 2553 opera
2060 2480 2159 2537 0c-

562 2583 762 2641 taviani
789 2580 935 2637 Scoti
966 2596 996 2635 a
1047 2578 1206 2635 1485.
1238 2577 1298 2634 In
1321 2576 1483 2648 cujus
1506 2575 1765 2633 editionis
1796 2575 1905 2632 llne
1932 2575 2048 2630 haec
2078 2574 2159 2629 iu-

563 2677 895 2733 veniuutur:
928 2672 1086 2730 Pauli
1112 2672 1310 2739 Orosii,
1341 2671 1438 2726 viri
1458 2669 1763 2740 clarissimi,
1787 2670 1857 2724 ad
1886 2667 2158 2724 Aurelium

564 2770 930 2843 Augustinum
983 2769 1283 2842 episcopum
1330 2776 1378 2823 et
1423 2764 1701 2821 Doctorem
1750 2764 1997 2820 eximium
2040 2762 2163 2818 libri

564 2865 770 2935 septimi
815 2879 878 2917 ac
926 2859 1099 2916 ultimi
1152 2860 1293 2932 ﬁnis.
1324 2856 1577 2932 Impressi
1620 2855 1873 2924 Venetiis,
1904 2871 2065 2927 opera
2109 2864 2156 2910 et

560 2956 801 3026 expensis
845 2953 1061 3010 Octaria
1083 2953 1119 3007 ti
1164 2952 1310 3007 Scoti
1356 2950 1742 3007 Modoesiensis.
1777 2948 1926 3003 Anno
1964 2948 2027 3001 ab
2072 2947 2154 3000 in-

564 3046 868 3101 carnatione
928 3041 1140 3098 Domini
1190 3043 1352 3109 1485,
1402 3043 1554 3097 tertio
1607 3039 1858 3095 kalendas
1912 3037 2148 3105 Sextilis,

567 3137 773 3194 Joanne
802 3135 1070 3191 Morcnico
1108 3134 1304 3206 inclyto
1356 3133 1692 3189 Venetiarum
1741 3131 1894 3186 duce.
1936 3130 2157 3185 Litteris
2186 3120 2235 3186 C

567 3230 682 3284 haec
710 3227 880 3284 editio
911 3227 1094 3283 rubeis
1115 3235 1170 3282 et
1208 3225 1389 3296 pictis,
1420 3233 1580 3295 prout
1606 3234 1662 3279 et
1692 3222 1869 3293 prima
1901 3221 2071 3277 editio
2101 3222 2156 3276 in

570 3324 750 3379 fronte
779 3329 837 3376 et
878 3320 1033 3374 initio
1079 3319 1316 3389 capitum
1353 3317 1643 3389 superbire
1685 3316 1848 3371 solet.
1874 3315 2005 3370 Post
2036 3315 2157 3370 illas

569 3414 769 3488 prodiit
803 3413 998 3468 iterum
1031 3411 1276 3467 Venetiis
1297 3427 1455 3482 opera
1482 3419 1530 3464 et
1569 3408 1806 3481 expensis
1840 3406 1925 3480 (ut
1952 3406 2158 3477 pariter

569 3510 623 3566 in
658 3510 767 3564 line
812 3506 1035 3578 legitur)
1061 3504 1319 3560 Bernardi
1364 3502 1545 3559 Veneti
1591 3502 1656 3556 de
1694 3501 1975 3555 Vitalibus.
2008 3502 2158 3554 Anno

569 3604 636 3656 ab
666 3598 1024 3654 incarnatione
1056 3596 1263 3651 Domini
1287 3595 1425 3651 1500
1450 3594 1534 3650 die
1560 3593 1628 3649 12
1657 3593 1845 3648 mensis
1894 3590 2158 3649 Octobris.

569 3691 843 3763 Regnanle
866 3689 1080 3744 domino
1105 3687 1395 3760 Augustino
1422 3683 1738 3740 Barbadico.

641 3783 727 3838 Ab
747 3797 814 3838 eo
840 3790 1085 3853 tempore
1113 3780 1415 3849 saepissime
1443 3777 1592 3851 prela
1624 3778 1871 3849 fatigavit
1905 3777 2152 3846 Orosius,

567 3889 623 3935 et
648 3879 868 3952 quidem
894 3876 1118 3933 Parisiis
1150 3875 1331 3948 primo
1360 3875 1663 3946 impressus
1701 3873 1803 3928 luit
1832 3888 1927 3944 per
1955 3872 2162 3929 Johan-

573 3988 697 4029 uem
731 3960 991 4041 Barbier,
1011 3971 1400 4042 impressorem
1432 3981 1533 4023 nec
1562 3981 1667 4024 non
1703 3965 1985 4023 librarium
2009 3966 2165 4036 jura-

572 4080 710 4134 tum,
741 4075 799 4120 ut
825 4081 884 4122 se
914 4073 1090 4130 vocat,
1110 4078 1255 4119 anno
1274 4062 1343 4117 al)
1372 4062 1746 4118 incarnatione
1778 4061 1993 4116 Domini
2020 4058 2161 4115 1510

571 4162 660 4218 die
693 4162 759 4218 15
789 4162 993 4216 mensis
1037 4158 1390 4215 Novembris.
1435 4155 1570 4213 Dein
1616 4156 1816 4212 ibidem
1852 4154 1988 4212 1521
2019 4153 2163 4226 apud

572 4255 875 4312 Johannetn
901 4253 1133 4335 [iarvum
1181 4251 1327 4324 typis
1354 4250 1502 4307 Petri
1530 4247 1801 4318 Vidovtei,
1830 4249 2029 4306 edente
2075 4248 2166 4304 Se-

572 4346 820 4402 bastiano
851 4345 1122 4416 Meugino.
1596 4340 1605 4347 ’

642 4439 685 4493 C
708 4440 997 4495 ilouienses
1028 4437 1226 4494 deinde
1253 4436 1379 4508 plus
1408 4435 1585 4491 semel
1617 4435 1758 4492 hunc
1780 4442 2056 4491 auctorem
2081 4449 2163 4490 re-

570 4532 859 4594 cuderuut.
890 4529 1195 4599 prresertim
1218 4506 1542 4596 ann01526,
1563 4527 1718 4597 cujus
1739 4527 1994 4589 editionis
2017 4525 2159 4582 haud
2186 4506 2239 4567 Ῑ)

573 4623 747 4679 levem
776 4636 964 4676 cuiam
995 4619 1205 4686 habuit,
1229 4619 1321 4689 qui
1349 4622 1606 4690 praelatus
1645 4617 1712 4674 ad
1761 4620 2009 4675 eamdem
2052 4629 2160 4686 est,

570 4713 847 4774 Gerardus
875 4714 1183 4785 Bolsuingc.
1213 4712 1467 4777 Excudit,
1499 4723 1557 4767 ut
1585 4713 1638 4767 in
1674 4713 1849 4768 lrunlc
1882 4714 2001 4768 libri
2029 4712 2165 4768 diei-

571 4818 677 4877 tur,
724 4806 1025 4863 Eucharius
1070 4803 1458 4869 Cervicornus,
1506 4805 1767 4875 impensis
1816 4820 1968 4875 vero,
1999 4815 2057 4860 ut
2110 4804 2163 4861 in

540 4882 759 4955 [ultima
806 4901 1068 4956 docemur
1094 4898 1310 4970 pagina,
1343 4896 1420 4952 M.
1456 4895 1735 4966 Goiefrirli
1780 4896 2064 4968 Ilydorpii,
2096 4898 2167 4952 ci-

569 4993 643 5047 ris
672 4985 1020 5061 Coloniensis,
1052 5008 1224 5067 mense
1263 4990 1443 5046 Junio.
1479 4989 1806 5061 llittorpium
1854 4990 1997 5046 idem
2044 5005 2167 5047 sese

571 5094 733 5141 vocat
756 5085 805 5140 in
836 5086 1077 5141 editione
1105 5084 1442 5152 Coloniensi,
1472 5099 1594 5154 quae
1620 5082 1820 5154 prodiit
1847 5098 1919 5139 ex
1948 5081 2167 5139 otlicina

570 5178 813 5247 .Izisparis
835 5176 1154 5247 Genneptei,
1178 5190 1325 5230 anno
1357 5175 1519 5241 15i2,
1546 5183 1601 5230 et
1652 5191 1817 5246 quam
1849 5176 2168 5247 procuravit

572 5270 812 5324 Joannes
862 5269 1153 5337 (Ia-sarius,
1200 5268 1357 5339 cujus
1409 5267 1655 5340 praefatio
1701 5269 1879 5324 eidem
1937 5267 2166 5324 editioni

574 5358 799 5430 prmlixa
829 5358 1047 5430 legitur.
1075 5361 1133 5418 lu
1173 5371 1420 5418 extremo
1446 5362 1566 5435 ejus
1609 5361 1730 5416 libri
1763 5362 1879 5420 lucc
1907 5371 2124 5419 exstant
2151 5381 2164 5417 :

576 5452 826 5521 Impensa
851 5459 897 5503 rt
918 5466 1017 5507 tere
1046 5452 1115 5508 Μ.
1144 5455 1420 5524 Gatlcfridi
1442 5453 1720 5527 Hittorpii,
1735 5456 1860 5512 civis
1889 5456 2169 5512 Colonien-

571 5546 668 5606 sis,
702 5559 873 5597 mense
916 5547 1146 5615 Augusto
1178 5547 1336 5604 1542.
1372 5548 1502 5605 Haec
1538 5550 1704 5606 editio
1749 5550 1909 5607 nobis
1958 5550 2163 5620 passim

573 5634 917 5702 llittorpiaua
931 5646 1174 5705 vocatur,
1199 5641 1348 5710 prior
1378 5657 1505 5698 vero
1520 5642 1919 5714 Bolsuiugiana.
1938 5642 2016 5698 De
2044 5643 2168 5698 Bol-

571 5723 798 5794 suiugio
822 5726 950 5781 mihi
985 5742 1151 5798 pauca
1175 5745 1451 5804 comperta
1470 5746 1588 5792 sunt
1610 5752 1624 5799 ;
1643 5734 1878 5793 Joannes
1898 5735 2167 5793 Czcsarius
2218 5783 2222 5786 .

2249 460 2397 517 l520
2424 476 2597 532 usque
2622 460 2691 516 ad
2714 459 2874 517 1540.
2907 459 3152 515 Coloniae
3187 461 3394 529 passim
3442 463 3582 532 apud
3616 462 3803 520 Eucha-

2247 552 2389 609 rium
2422 550 2816 609 Cervicornum
2839 552 3103 622 impressa
3127 550 3321 615 edidit,
3348 552 3619 624 pratcipue
3642 552 3699 610 C.
3719 554 3808 611 Pli-

2248 642 2323 700 nii
2346 643 2622 700 Naturalis
2651 642 2907 703 Historia:
2934 656 3072 713 opus
3096 641 3418 698 universum
3452 658 3597 699 anno
3622 642 3764 711 1521,
3782 661 3807 701 a

2248 739 2518 809 plurimis,
2552 746 2612 794 ut
2634 738 2828 793 titulus
2858 738 3046 803 refert,
3072 736 3285 793 mendis
3326 747 3691 808 repurgatum.
3712 738 3809 795 Pis

2249 829 2475 901 reliquis
2505 844 2635 886 vero
2666 827 2991 884 medicinam
3014 827 3211 884 Orosio
3237 827 3494 897 ptaestitit
3523 827 3810 886 Frauciseus

2250 919 2536 977 Fabricius
2562 918 3011 987 Mareodurauus,
3044 917 3129 973 vir
3151 918 3339 974 multis
3365 918 3421 973 in
3458 919 3810 989 rempublicam

2252 1013 2574 1071 litterariam
2608 1012 2817 1069 meritis
2844 1012 3046 1068 clarus.
3079 1011 3175 1067 llic
3218 1025 3417 1067 novam
3449 1010 3624 1066 Orosii
3648 1009 3814 1066 editio-

2255 1120 2398 1171 nem,
2457 1105 2602 1160 notis
2654 1101 3325 1169 illuStratam,adornavit
3372 1118 3518 1159 anno
3568 1103 3813 1171 156l,sc-

2253 1196 2432 1254 eundo
2462 1195 2659 1253 deinde
2709 1195 2891 1252 emisit
2937 1209 3083 1251 anno
3133 1195 3295 1266 1575,
3322 1203 3377 1250 et
3420 1194 3652 1267 denique
3678 1197 3814 1250 tertio

2255 1304 2398 1346 anno
2424 1290 2587 1345 1582.
2613 1287 2858 1358 Triginta
2887 1287 3062 1344 tribus
3086 1295 3210 1358 post
3234 1289 3394 1344 anuis
3423 1288 3666 1344 Andreas
3684 1287 3818 1345 Scot-

2255 1392 2365 1450 tus,
2397 1391 2584 1438 notum
2628 1380 2771 1451 apud
2817 1380 3065 1437 eruditos
3095 1395 3316 1449 nomen,
3343 1390 3400 1437 et
3444 1382 3562 1453 ipse
3596 1381 3816 1438 Orosium

2256 1475 2573 1548 publicavit.
2605 1473 2752 1530 Nihil
2782 1485 2963 1530 autem
3001 1472 3071 1530 dc
3115 1488 3217 1530 suo
3255 1472 3494 1542 addidit,
3526 1471 3619 1528 sed
3645 1484 3816 1542 przetcr

2259 1565 2614 1622 Fabriciauas
2645 1575 2799 1621 notas
2828 1565 3027 1636 adjecit
3065 1575 3324 1635 excerpta
3354 1580 3424 1622 ex
3469 1564 3817 1620 Annotatioui-

2259 1660 2360 1716 bus
2393 1657 2651 1713 Ludovici
2699 1657 2898 1726 Lautii,
2930 1657 3131 1727 Belgae,
3162 1656 3474 1728 presbyteri
3522 1654 3820 1712 Gandeasis.

2262 1752 2317 1808 lu
2347 1751 2450 1806 hae
2499 1759 2771 1823 postrema
2799 1749 2977 1807 Orosii
3009 1749 3275 1818 editione,
3306 1763 3430 1818 qua:
3460 1747 3686 1819 reliquis
3712 1746 3820 1802 hae-

2261 1854 2418 1901 tcnus
2446 1853 2706 1915 praestare
2729 1828 2844 1900 visa
2868 1841 2990 1911 fuit,
3017 1842 3249 1912 plurima
3280 1840 3620 1910 deprehendi
3644 1850 3819 1908 errata,

2260 1952 2382 2009 qua:
2409 1936 2715 1992 incuriosos
2743 1935 2932 1990 oculos
2963 1944 3201 2005 arguunt
3239 1933 3409 2000 illius,
3442 1934 3539 2004 qui
3578 1932 3667 1990 isti
3699 1948 3823 1989 cum

2261 2027 2498 2099 praefuit.
2534 2025 2719 2098 Neque
2748 2027 2864 2097 ipse
2892 2025 3198 2093 Fabricius,
3231 2024 3487 2097 quamvis
3527 2022 3736 2097 egregie
3780 2027 3824 2081 in

2259 2119 2454 2177 Orosio
2475 2119 2818 2176 emendando
2840 2132 2888 2176 et
2906 2119 3233 2177 illustrando
3263 2130 3517 2177 versatus
3547 2121 3662 2187 luit,
3684 2136 3823 2179 omne

2260 2223 2517 2284 punctum
2543 2213 2732 2268 tulisse
2762 2212 2919 2268 visus
2942 2222 3047 2278 est,
3076 2213 3222 2284 quod
3248 2213 3350 2268 sibi
3379 2214 3545 2269 nimis
3573 2213 3624 2269 in
3653 2227 3716 2271 eo
3745 2230 3827 2270 au-

2258 2315 2413 2360 ctore
2440 2302 2751 2370 indulserit,
2783 2311 2923 2360 teste
2950 2303 3175 2359 Barthio
3216 2304 3518 2361 Adversar.
3547 2305 3640 2360 lib.
3662 2317 3824 2372 xxxvi,

2259 2410 2380 2467 cap.
2415 2397 2503 2452 17.
2532 2395 2712 2465 Quare
2761 2396 2959 2452 merito
2983 2396 3097 2466 jam
3150 2396 3362 2466 pridem
3406 2395 3710 2467 iudicarunt
3740 2396 3825 2452 viri

2260 2490 2430 2555 docti,
2465 2491 2666 2547 mereri
2705 2489 2982 2558 Orosium,
3015 2498 3074 2544 ut
3117 2489 3300 2546 denuo
3343 2488 3543 2559 majori
3570 2503 3684 2544 cum
3710 2503 3825 2545 cura

2259 2585 2329 2641 ad
2380 2599 2512 2640 mss.
2562 2583 2895 2654 exemplaria
2944 2592 3358 2649 recenseretur;
3393 2583 3689 2654 praesertim
3715 2596 3825 2637 cum

2260 2678 2330 2734 ab
2354 2694 2498 2733 anno
2523 2676 2663 2733 1615
2706 2690 2813 2748 quo
2847 2676 2902 2732 in
2933 2675 3213 2745 publicum
3242 2675 3376 2731 exiit
3405 2674 3634 2731 Andrea:
3671 2673 3826 2731 Scotti

2260 2772 2429 2829 editio
2472 2771 2810 2843 Moguntina,
2843 2771 2994 2827 nullo
3037 2786 3105 2827 ex
3142 2770 3277 2826 viris
3329 2767 3588 2825 litteratis
3628 2780 3824 2823 manum

2263 2864 2616 2932 admovente,
2648 2862 2897 2935 adeoque
2942 2861 3067 2935 plus
3096 2874 3316 2918 centum
3357 2871 3415 2916 et
3453 2859 3638 2931 viginti
3665 2857 3824 2924 annis,

2262 2958 2315 3013 in
2348 2965 2500 3013 tanto
2523 2965 2735 3012 veteres
2755 2964 3012 3011 auctores
3041 2952 3108 3009 ad
3140 2953 3287 3024 prela
3313 2950 3606 3009 revocandi
3632 2949 3825 3011 ardore,

2260 3049 2497 3121 jacuerit
2523 3047 2774 3115 Orosius,
2804 3046 2965 3118 cujus
2995 3056 3173 3100 tamen
3207 3055 3286 3100 tot
3310 3053 3471 3099 antea
3517 3058 3575 3099 se
3615 3042 3825 3097 invicem

2264 3148 2596 3214 exceperant
2616 3139 2911 3207 editiones,
2944 3148 2999 3194 et
3026 3148 3134 3193 tam
3165 3137 3339 3206 varia,
3360 3144 3529 3208 atque
3550 3134 3823 3206 multiplex,

2265 3246 2322 3293 et
2350 3250 2575 3307 prorsus
2589 3233 2904 3290 necessaria
2918 3232 3182 3288 existeret
3204 3231 3466 3286 Historia.

2341 3328 2492 3386 Haud
2534 3328 2700 3401 igitur
2739 3334 3028 3383 contentus
3052 3324 3325 3396 prioribus
3365 3335 3421 3380 et
3462 3322 3649 3396 priscis
3695 3320 3820 3386 illis,

2264 3436 2386 3494 qua!
2433 3435 2624 3477 omnes
2675 3418 2743 3475 ad
2791 3432 3010 3474 manum
3067 3417 3199 3473 mihi
3245 3416 3431 3483 fuere,
3498 3414 3826 3477 editionibus,

2264 3496 2524 3570 auxilium
2545 3511 2846 3583 praesertim
2865 3525 2896 3565 a
2915 3523 3044 3564 mss.
3073 3508 3350 3565 codicibus
3374 3506 3657 3578 petendum
3671 3503 3828 3561 existi-

2265 3605 2409 3663 mavi
2435 3647 2452 3675 ,
2509 3605 2666 3675 cujus
2709 3603 2927 3675 generis
2967 3601 3219 3659 undecim
3246 3616 3370 3657 cum
3415 3611 3605 3658 nactus
3630 3613 3826 3663 essem,

2265 3697 2399 3754 satis
2426 3712 2514 3754 me
2561 3697 2883 3752 instructum
2918 3695 3397 3766 putavi.Quinque
3439 3708 3506 3749 ex
3552 3694 3614 3749 iis
3655 3705 3830 3764 suppe-

2269 3788 2459 3845 ditavit
2508 3788 2641 3843 mihi
2672 3786 2997 3844 biblimheca
3035 3801 3156 3858 quae
3178 3785 3361 3841 Leidae
3392 3784 3514 3840 sive
3536 3783 3701 3854 Lugd.
3732 3782 3828 3838 llat.

2268 3895 2387 3951 est,
2429 3893 2539 3939 tres
2572 3881 2884 3938 Florentino
2908 3923 2923 3949 ,
2958 3896 3121 3936 unum
3154 3878 3536 3947 Ultrajectina.
3567 3877 3686 3949 Ipse
3722 3888 3831 3946 quo-

2281 3993 2387 4049 que
2416 3993 2580 4033 unum
2613 3976 2864 4047 possideo
2889 4018 2905 4043 ,
2938 3982 2994 4030 et
3016 3973 3249 4045 denique
3287 3972 3632 4027 collationem
3664 3967 3833 4026 codicis

2269 4070 2475 4143 antiqui
2495 4112 2508 4136 ,
2540 4084 2749 4127 summa
2782 4083 2911 4125 cura
2938 4084 2968 4122 a
2992 4068 3206 4124 clariss.
3238 4063 3441 4122 Jacoho
3463 4064 3729 4121 Gronovio
3753 4061 3822 4115 in-

2268 4164 2511 4221 stitutam
2532 4207 2547 4233 ,
2576 4172 2768 4219 nactus
2796 4162 2889 4217 lui.
2917 4160 3089 4231 Hujus
3111 4158 3241 4215 mihi
3262 4158 3476 4227 copiam
3504 4157 3626 4236 fecit
3650 4154 3831 4224 dignis-

2269 4258 2439 4313 simus
2465 4255 2561 4311 illo
2593 4266 2746 4327 patre
2776 4254 2918 4310 [ilius
2963 4253 3303 4309 Abrahamus
3328 4250 3636 4308 Gronovius
3655 4291 3672 4316 ,
3694 4261 3827 4303 eum.

2269 4365 2376 4422 que
2414 4347 2661 4407 codicem
2712 4362 2833 4402 cum
2868 4346 3030 4403 tertio
3060 4360 3129 4402 ex
3161 4343 3337 4415 Lugd.
3388 4342 3533 4398 But.
3570 4340 3832 4413 plurimum

2271 4442 2567 4498 convenire
2604 4437 2955 4510 deprehendi.
3014 4434 3204 4492 Codex
3251 4448 3407 4490 meus
3447 4434 3502 4490 in
3532 4444 3827 4505 pergameno

2268 4550 2364 4607 per
2418 4534 2698 4590 columnas
2753 4530 2987 4602 scriptus
3017 4572 3034 4596 ,
3088 4545 3157 4585 ex
3215 4527 3543 4584 bibliotheca
3601 4524 3823 4582 Halsisna

2266 4625 2535 4698 quondam
2583 4630 2902 4693 coemptos,
2977 4621 3199 4693 optima:
3247 4629 3333 4675 est
3379 4630 3563 4688 notae,
3621 4615 3827 4685 mihique

2269 4718 2565 4788 plurimum
2607 4713 2827 4786 profuit.
2878 4713 3286 4788 Ultrajectinum
3342 4726 3539 4781 magna
3595 4707 3827 4766 industria

2268 4811 2500 4868 contulit
2552 4809 2676 4866 Otto
2730 4806 3093 4871 Arulzenius,
3149 4804 3365 4861 Scholze
3405 4802 3825 4859 Goudancnunc

2270 4900 2584 4957 moderator
2637 4898 2946 4955 indefessus
2976 4914 2991 4954 :
3022 4906 3106 4954 est
3143 4896 3360 4967 quidem
3409 4897 3456 4952 is
3485 4895 3654 4952 codex
3680 4907 3739 4948 es
3767 4903 3835 4944 re-

2270 4993 2609 5050 centioribus
2638 5000 2694 5047 et
2740 4990 2895 5046 valde
2943 4989 3275 5056 mendosus,
3318 4988 3416 5047 sed
3474 4988 3632 5044 habet
3674 4996 3832 5041 tamen

2275 5087 2537 5142 lectiones
2564 5083 2823 5157 quasdam
2853 5083 2907 5139 in
2947 5082 3142 5154 quibus
3170 5097 3296 5138 cum
3319 5081 3543 5153 optimis
3570 5076 3833 5148 conspirat.

2272 5181 2415 5238 Inter
2431 5181 2668 5252 quinque
2692 5192 2822 5234 mss.
2839 5191 2975 5247 quos
2991 5176 3427 5244 academize,qu:e
3445 5173 3683 5247 Lugduni
3704 5171 3836 5225 Bata-

2278 5289 2473 5329 vorum
2502 5282 2584 5328 est
2612 5316 2627 5340 ,
2657 5271 2986 5327 bibliotheca
3018 5267 3415 5339 suppeditavit,
3444 5283 3581 5323 unus
3620 5270 3835 5318 servatur

2275 5370 2326 5425 in
2401 5369 2578 5436 legato
2628 5365 3018 5430 Pcrizouiano,
3093 5361 3387 5431 inscriptus
3457 5361 3522 5415 de
3585 5357 3827 5413 Orchestra

2271 5462 2455 5517 mundi
2489 5504 2502 5529 ,
2532 5468 2586 5515 et
2635 5459 2867 5528 scriptus
2921 5457 2973 5511 in
3002 5454 3191 5510 charta
3218 5467 3364 5508 anno
3398 5452 3540 5508 1465
3562 5494 3576 5518 ,
3624 5449 3832 5515 adeoque

2270 5553 2427 5611 valde
2476 5567 2698 5620 recens,
2732 5550 2826 5607 sed
2873 5559 3050 5606 tamen
3082 5545 3238 5601 valde
3270 5545 3449 5602 bonus
3481 5538 3831 5613 (ειτιιιιίιιιιίςδὶο

2273 5647 2375 5701 tuis
2421 5644 2846 5716 coauparaudus.
2909 5641 2988 5697 Ex
3027 5649 3259 5712 quatuor
3316 5639 3551 5710 reliquis
3595 5630 3833 5692 codicibus

2274 5736 2443 5812 Lugd.
2476 5738 2621 5794 Batt.
2658 5737 2887 5809 primum
2916 5733 3066 5792 soleo
3113 5731 3399 5790 nominare
3428 5747 3553 5789 eum
3572 5771 3590 5801 ,
3616 5727 3707 5800 qui
3731 5724 3833 5781 olim
