3908 6264
101 237 176 295 stt
965 201 968 203 λ
1167 233 1541 290 litterario
1577 232 1710 292 su}.
1755 233 2226 294 llaV’ERCAMPl.

3243 242 3352 300 θη

101 332 270 405 Nicolai
311 347 537 413 lleinsii,
569 346 773 404 deinde
805 343 973 402 lsaaci
1006 345 1180 401 Vossii
1225 347 1322 400 fuit
1343 387 1359 413 ,
1383 354 1543 419 atque
1571 345 1666 402 ad-
1689 351 1736 410 Α
1769 356 1836 412 37
1858 363 1910 410 ct
1943 353 2009 408 ad
2038 351 2295 407 smculum
2322 352 2588 408 decimum
2611 359 2860 425 quartum
2884 354 3137 410 relertur.
3168 354 3225 409 ln
3259 370 3357 424 por

98 443 306 512 junctum
344 440 444 495 sibi
474 440 745 495 Justinum
778 441 955 496 habet.
1003 439 1059 494 l‘n
1091 438 1193 494 hoc
1223 439 1361 494 libro
1392 440 1442 494 itt
1482 456 1652 496 mem-

111 534 269 587 branis
313 534 540 602 scripto,
567 535 779 603 quidam
819 547 1009 589 versus
1039 533 1475 602 praeﬁgebantur,
1519 547 1655 602 quos

105 625 310 696 integros
335 624 590 680 exhibere
619 641 829 696 nequeo
847 666 861 691 ,
897 625 1038 696 quod
1061 626 1300 680 exterior
1328 625 1657 680 membrana:

104 733 204 788 pars
230 717 487 787 discerpta
513 716 598 772 sit.
624 717 755 789 Legi
777 727 954 773 autem
977 718 1027 771 hi
1051 726 1340 789 potuerunt
1372 734 1385 771 :

200 830 333 880 Orbis
353 840 614 888 terrarum,
643 838 910 894 metasque
925 832 1150 893 situsque
1169 832 1406 894 locorum,

200 895 438 954 gontputat
462 893 543 942 hic
564 895 690 942 sacri
715 893 870 943 codex
901 893 1180 943 luculenter
1203 894 1362 944 Orosi.

198 953 544 1018 blundnmpost
567 958 760 1016 factum,
789 955 1045 1005 formatum
1071 963 1180 1018 post
1203 956 1554 1018 prototilastum
1579 993 1593 1017 ,

200 1014 385 1064 Terram
403 1014 586 1066 diluvio
609 1014 762 1078 super
786 1031 983 1066 omnem
1009 1014 1355 1077 vitidice'l'nso,

196 1080 306 1140 arca
328 1080 539 1127 servatis
554 1080 718 1127 divino
741 1092 952 1129 munere
975 1082 1157 1140 paucis.

194 1138 308 1205 ilinc
325 1141 448 1205 mala
471 1141 621 1205 bella,
649 1153 823 1199 neces,
851 1138 1124 1201 conﬂictus,
1153 1139 1346 1205 praelia,
1368 1140 1504 1205 lites,

198 1201 388 1266 l_’robra,
413 1203 706 1259 simultates.
736 1204 973 1266 incestus,
997 1201 1180 1266 jurgia,
1201 1203 1419 1254 fraudes.

196 1261 409 1313 Errorutn
429 1275 605 1327 sectze,
630 1265 901 1328 patricidia,
928 1261 1311 1328 furtafrapinze,

351 1431 529 1490 (Deest
551 1443 671 1496 pene
692 1437 792 1483 tota
814 1429 1059 1496 discerpta
1082 1432 1320 1483 columna.
1351 1433 1369 1492 )

197 1617 420 1672 Cerneret
439 1621 520 1670 hic
545 1621 720 1682 oculis,
747 1635 846 1683 quo
865 1627 1034 1683 posset
1058 1628 1274 1683 uterque
1295 1620 1482 1669 doceri.

198 1684 320 1746 Quod
337 1685 421 1733 tibi
446 1685 716 1746 transmisi,
746 1698 842 1733 non
862 1693 915 1733 ut
939 1699 1048 1733 mea
1072 1685 1265 1732 discere
1286 1683 1444 1746 possis

195 1745 427 1808 Dogmata,
449 1747 539 1795 sed
567 1744 710 1796 ﬁeret
729 1760 876 1794 verax
904 1746 1149 1808 utjudiee
1168 1744 1341 1794 temet.

209 1805 378 1857 diluuia
402 1821 617 1869 namque
640 1821 809 1856 manus
831 1809 903 1857 sic
926 1805 1104 1856 rodere
1125 1807 1323 1856 desinet
1340 1805 1480 1855 illud.

162 1911 414 1966 Secundus
473 1909 660 1966 Codex
743 1911 913 1980 Lugd.
989 1910 1111 1966 Bat.
1169 1910 1223 1964 in
1272 1911 1378 1964 line
1436 1915 1654 1963 notatur

103 2005 294 2076 scriptus
324 2019 481 2059 manu
513 2004 696 2074 fratris
728 2001 984 2058 Ererardi
1031 2005 1095 2058 de
1122 2001 1418 2073 Novongio.
1457 1999 1655 2055 luseri-

105 2097 220 2152 bitur
234 2107 396 2152 autem
421 2097 472 2150 in
498 2096 656 2150 initio
680 2095 750 2149 ita
769 2137 781 2159 ,
805 2094 977 2149 Orosii
1005 2096 1067 2148 de
1088 2094 1332 2150 Cladibus
1353 2102 1398 2148 et
1427 2092 1657 2148 Miseriis

104 2188 397 2259 Antiquorum
439 2188 564 2243 libri
605 2198 821 2258 septem.
856 2187 911 2242 itt
953 2187 1062 2242 line
1109 2197 1290 2242 autem
1325 2186 1441 2242 haec
1474 2187 1660 2257 legun-

108 2292 206 2338 tur:
249 2282 381 2337 Libri
411 2284 592 2338 Orosii
641 2283 926 2353 presbyteri
975 2284 1038 2335 tle
1068 2280 1316 2337 Cladibus
1364 2291 1410 2336 et
1437 2280 1659 2350 antiquis

110 2373 294 2430 JIiseriis
322 2377 498 2430 mundi
530 2391 625 2445 per
664 2390 848 2428 manus
879 2373 1059 2445 scripti
1107 2373 1284 2443 fratris
1319 2371 1570 2427 Everurdi
1601 2371 1664 2426 de

110 2463 354 2538 Norangio.
374 2467 598 2522 Tertius
617 2467 774 2521 nobis
793 2465 937 2521 audit
953 2465 1127 2522 Orosii
1142 2463 1334 2530 codex,
1355 2465 1443 2535 qui
1463 2463 1662 2519 Justini

107 2574 274 2630 quoque
319 2561 481 2616 libros
533 2559 809 2626 continet,
842 2569 895 2615 et
938 2556 1273 2627 inscribitur,
1310 2557 1480 2611 Orosii
1533 2557 1662 2612 liber

110 2649 410 2707 Historiarum
439 2654 503 2708 de
525 2652 769 2708 Ormesta
797 2652 996 2706 mundi.
1018 2650 1100 2706 Ad
1118 2650 1280 2705 linem
1309 2650 1429 2704 libri
1445 2648 1662 2719 septimi

108 2743 415 2800 subscribitur
430 2759 648 2811 versus,
664 2745 752 2816 qui
770 2747 819 2798 in
838 2745 1010 2814 primo
1025 2756 1239 2813 quoque
1256 2739 1662 2813 codiceﬁesStat:

261 2856 539 2922 Presbyteri
567 2857 696 2908 sacri
721 2857 878 2908 codex
903 2856 981 2906 hic
1005 2853 1113 2905 linit
1132 2854 1293 2904 Orosl.

107 2961 304 3028 Quartus
354 2965 594 3036 denique
623 3011 638 3035 ,
698 2964 1178 3031 ntembranaceus,
1229 2962 1355 3018 olim
1411 2961 1476 3017 ad
1525 2962 1669 3018 Isaa-

115 3066 207 3108 cutn
223 3055 454 3113 Vossium
486 3057 753 3128 pertinuit
772 3068 827 3112 et
851 3072 972 3112 eum
1004 3055 1228 3128 reliquis
1244 3054 1360 3125 ejus
1382 3069 1514 3111 mss.
1553 3069 1668 3110 em-

113 3150 260 3217 ptione
283 3151 335 3207 in
377 3151 510 3208 bibl.
542 3151 721 3223 Lugd.
756 3153 876 3207 Bal.
912 3151 1147 3207 transiit.

163 3241 218 3296 Et
241 3243 344 3298 haec
383 3245 610 3315 quidem
655 3243 730 3315 in.
760 3246 930 3314 patria
968 3253 1158 3298 nactus
1217 3240 1465 3297 subsidia
1497 3254 1615 3296 sum
1650 3283 1666 3310 ,

111 3346 194 3386 non
240 3343 413 3391 tamen
472 3337 660 3408 putavi
720 3337 790 3391 iis
837 3333 1324 3407 acquiescendum,
1375 3334 1504 3403 sed,
1544 3348 1667 3389 cum

110 3423 267 3480 scirem
303 3427 598 3484 Florentiae
620 3427 674 3482 in
699 3427 1022 3484 bibliOtheca
1045 3426 1405 3482 Laurentiana
1425 3424 1670 3481 studiose

111 3518 330 3573 asservari
348 3519 594 3575 omnium
613 3519 1078 3590 Orosii,quotquot
1099 3525 1243 3583 sunt,
1264 3530 1398 3572 mss.
1423 3516 1668 3572 codicum

114 3605 240 3680 longe
277 3615 746 3684 antiquissimum,
779 3611 1204 3684 Longobardicis
1237 3610 1430 3666 litteris
1455 3609 1670 3680 egregie

113 3712 375 3770 exaratum,
425 3721 534 3761 non
589 3707 766 3776 quievi
818 3711 1106 3774 antequam
1163 3701 1369 3772 frugem
1429 3701 1555 3756 inde
1613 3700 1668 3755 in

123 3790 231 3848 hanc
261 3811 486 3853 messem
540 3805 995 3868 tranSportat'cm.
1028 3795 1297 3850 Eximinm
1331 3794 1472 3850 hunc
1512 3791 1668 3848 codi-

122 3896 214 3938 cem
259 3887 662 3959 religiosissima
707 3885 1104 3955 sollicitudine,
1163 3896 1490 3956 procurante
1536 3885 1668 3942 mihi

121 3971 202 4030 hoc
239 3977 546 4038 beneﬁcium
612 3979 769 4036 Dom.
819 3980 1042 4036 Alherto
1080 3978 1388 4034 Mazzoleno
1416 4015 1434 4044 ,
1495 3977 1668 4032 veteri

122 4070 263 4128 amico
288 4115 303 4141 ,
339 4089 429 4130 sua
483 4089 657 4131 manu
686 4074 905 4144 suisque
935 4073 1107 4129 oculis
1153 4071 1382 4128 contulit
1424 4071 1667 4126 Lauren-

114 4161 242 4218 tiante
267 4165 612 4226 bibliOtbeca:
647 4167 930 4238 pra-lectus
979 4165 1248 4222 Antonius
1275 4165 1439 4220 Maria
1463 4164 1672 4220 Biscio—

119 4254 239 4324 uitis,
285 4273 421 4318 anno
474 4261 644 4318 1729.
689 4259 1142 4332 Antiquissimum
1198 4258 1344 4314 hunc
1390 4257 1657 4325 codicem,

120 4356 246 4419 atque
284 4353 333 4409 in
369 4355 602 4427 majoris
629 4354 804 4425 quarti
851 4355 1023 4410 lorma
1053 4352 1345 4422 scriptum,
1379 4350 1494 4406 fere
1519 4350 1671 4406 mille

117 4453 330 4539 finiturum
355 4458 576 4505 aetatem
601 4463 714 4518 pra:
737 4463 799 4504 se
826 4447 969 4504 ferre
997 4445 1201 4502 notavit
1220 4442 1669 4514 diligentissimus
1697 4485 1749 4546 Β

121 4530 195 4588 ille
222 4541 555 4610 examinator,
587 4549 746 4612 atque
766 4540 987 4611 insuper
1009 4538 1311 4596 transmisit
1342 4536 1413 4592 ad
1445 4551 1533 4592 me
1555 4536 1669 4606 pic-

121 4630 258 4683 ιυηιη
304 4631 606 4691 litterarum
629 4678 645 4702 ,
689 4634 788 4688 mri
820 4632 1203 4700 incidendam,
1233 4644 1394 4700 quam
1425 4627 1667 4684 invenies

131 4731 226 4790 WB.
249 4724 330 4791 70,
353 4727 440 4783 ubi
467 4726 644 4783 codex
673 4726 762 4782 ille
784 4723 1226 4797 Longobardicus
1246 4767 1260 4792 ,
1285 4725 1438 4791 cujus
1469 4721 1674 4776 mentio

135 4825 311 4886 quoque
333 4829 507 4875 exstat
533 4820 683 4892 apud
712 4820 1087 4876 Mabillonium
1114 4818 1182 4873 de
1213 4817 1290 4872 Re
1321 4816 1674 4887 Diplomatica

133 4901 208 4958 lib.
230 4923 273 4975 γ,
299 4924 348 4979 p.
369 4912 498 4980 554,
534 4914 760 4983 incipit,
793 4922 878 4969 est
921 4913 1064 4968 enim
1097 4911 1149 4965 in
1181 4909 1336 4964 initio
1365 4909 1488 4963 libri
1519 4905 1678 4976 primi

136 4998 351 5071 mutilus,
379 5005 542 5076 inque
575 5005 765 5061 eodem
818 5012 962 5060 totus
1000 5002 1138 5058 liber
1179 5002 1440 5070 septimus
1465 4997 1680 5053 deside-

129 5095 269 5144 tatur.
312 5093 496 5166 Neque
545 5096 710 5152 modo
757 5095 994 5151 alliciunt
1041 5089 1418 5147 humanissimi
1471 5087 1572 5143 viri
1623 5089 1676 5141 in

133 5179 387 5243 collatione
415 5187 625 5244 codicis
657 5187 814 5259 hujus
840 5226 856 5253 ,
887 5186 978 5258 qui
1005 5194 1255 5242 servatur
1283 5183 1337 5238 in
1363 5181 1464 5236 ista
1489 5178 1680 5237 biblio-

132 5269 257 5329 llteca
283 5279 460 5347 pluteo
488 5281 581 5351 65,
613 5297 761 5337 num.
789 5295 826 5348 t,
855 5279 1118 5346 subatitit,
1137 5276 1234 5334 sed
1265 5285 1320 5332 et
1341 5289 1495 5344 teque
1521 5287 1683 5330 accu-

130 5374 270 5424 mam
319 5374 550 5431 duorum
596 5376 823 5430 aliorum
867 5374 1118 5430 codicum
1168 5370 1468 5426 transmisit
1505 5367 1676 5423 colla-

130 5457 320 5520 tionem.
335 5469 485 5524 Alter
506 5485 576 5525 ex
603 5469 687 5525 his
714 5477 964 5525 servatur
980 5466 1164 5538 pluteo
1180 5464 1443 5532 65,7num.
1473 5460 1568 5527 55,
1589 5457 1682 5530 qui

135 5562 356 5613 censetur
375 5575 499 5616 esse
533 5561 716 5617 saeculi
759 5558 1119 5626 dccimitertii,
1144 5557 1281 5613 alter
1305 5553 1502 5612 ibidem
1527 5565 1676 5608 num.

1759 448 1988 503 steriore
2015 460 2078 501 ex
2107 445 2286 513 hisce,
2318 460 2439 498 nam
2472 444 2623 514 prior
2647 445 2700 499 in
2727 446 2994 516 principio
3015 459 3231 517 quoque
3262 445 3357 500 lte-

1756 553 1850 594 sus
1879 547 1962 591 est
1988 579 2002 601 ,
2031 536 2217 591 titulus
2250 535 2372 590 libri
2406 537 2493 591 hic
2537 545 2617 592 cst
2655 553 2670 590 :
2709 536 2866 591 Pauli
2896 537 3103 604 Orosii,
3137 537 3354 608 presby-

1757 631 1853 684 teri
1910 630 2172 702 Hispani,
2225 628 2288 682 de
2339 630 2497 683 totius
2551 630 2732 683 mundi
2787 630 3167 684 calamitatibus
3225 629 3354 684 liber

1759 721 1978 790 primus.
2023 718 2436 789 Orthographizn
2477 719 2711 790 denique
2756 720 3052 784 rationem,
3086 735 3246 790 quam
3296 717 3351 774 in

1759 809 2145 882 antiquissimo
2187 810 2491 880 praesertim
2525 811 2616 864 illo
2653 810 2841 866 codice
2865 811 3164 867 observare
3191 810 3349 878 licet,

1762 903 1945 959 itidem
1975 911 2290 971 excerptum
2312 912 2364 956 et
2398 901 2790 966 transmissum,
2817 901 2954 957 infra
2981 910 3103 974 post
3129 901 3352 959 dedica-

1762 999 1940 1054 tiones
1971 1007 2028 1053 et
2057 996 2403 1068 pra-lationes
2429 994 2696 1050 invenies.
3283 1015 3286 1018 ~

1831 1089 1912 1144 Ad
1948 1090 2048 1143 hos
2096 1087 2257 1158 igitur
2287 1085 2504 1143 codices
2545 1101 2676 1142 mss.
2725 1095 3044 1157 veteresque
3092 1086 3359 1142 editiones

1761 1197 1958 1240 omnes
1984 1198 2046 1238 ca
2075 1198 2204 1238 cura
2233 1181 2480 1237 reccnsui
2514 1179 2762 1235 Orosium
2796 1227 2810 1247 ,
2845 1195 3004 1251 quam
3052 1179 3249 1236 mereri
3282 1180 3363 1234 vi-

1761 1277 1990 1333 debatur
2035 1276 2300 1345 Scriptor,
2350 1274 2434 1328 cui
2485 1273 2810 1344 expellendo
2867 1284 3085 1330 centum
3130 1272 3362 1343 amplius

1761 1369 1920 1427 anuis
1931 1369 2170 1425 defuisse
2187 1369 2425 1424 fautores
2437 1367 2798 1437 agnoscimus,
2816 1382 2936 1438 qua:
2949 1367 3093 1422 enim
3111 1382 3357 1438 sparsum

1762 1465 1828 1520 ad
1860 1465 2010 1520 illum
2034 1463 2134 1518 viri
2172 1462 2320 1518 docti
2354 1471 2820 1531 notarunt,parea
2868 1460 3156 1516 admodum
3192 1474 3353 1514 mautt

1767 1556 1979 1628 [collata
2007 1568 2133 1612 sunt
2162 1602 2176 1624 ,
2199 1562 2254 1610 et
2280 1551 2580 1610 conl‘erenti
2610 1553 2809 1622 patebit
2835 1560 3092 1623 quantum
3129 1551 3355 1607 medela:

1765 1663 1829 1703 ex
1853 1663 1987 1703 mss.
2013 1663 2308 1716 eorumque
2333 1646 2685 1707 accuratiore.
2713 1661 2873 1716 quam
2905 1661 2932 1697 a
2957 1643 3228 1714 prioribus
3252 1643 3361 1697 fac-

1690 1730 1738 1792 B
1771 1753 1878 1798 tum
1904 1741 2001 1796 fuit
2029 1741 2358 1806 editoribus,
2396 1740 2760 1810 inspectione,
2803 1736 3357 1801 accesseritOrosio;

1759 1838 1849 1905 qtti
1903 1835 2168 1906 Scriptor.
2209 1835 2456 1905 quamvis
2486 1848 2660 1904 neque
2687 1846 2846 1887 aurea
2899 1845 3073 1900 neque
3105 1836 3359 1899 argentea

1760 1929 2066 1985 Latinitatis
2085 1937 2242 1982 :elale
2265 1925 2633 1991 ﬂoruit,etvix
2661 1923 2712 1979 itt
2737 1939 2879 1978 terea
2904 1922 3002 1978 sibi
3026 1921 3200 1976 locum
3234 1919 3362 1975 reti-

1761 2031 1916 2089 neat,
1950 2036 2348 2092 nonnumquam
2383 2035 2620 2092 quoquc,
2667 2033 2766 2089 pro
2804 2016 3117 2086 sarculifsui
3163 2025 3362 2084 captu,

1761 2115 1995 2172 anilibus
2040 2115 2233 2170 fabulis
2255 2159 2270 2183 ,
2299 2122 2356 2167 ut
2383 2113 2452 2167 de
2492 2111 2732 2178 vestigiis
2761 2122 3028 2178 rotarum,
3061 2125 3181 2180 qua:
3237 2108 3362 2164 reli-

1761 2208 1982 2280 querint
2019 2205 2400 2277 conspicienda
2429 2203 2604 2258 adhuc
2631 2202 3008 2274 Egyptiornm
3030 2216 3365 2270 persequen-

1767 2301 1897 2354 tium
1923 2312 2133 2363 currus,
2165 2297 2489 2366 abripiatur:
2518 2305 2694 2350 tamen
2713 2310 2852 2359 ,cum
2881 2295 2951 2348 oh
2981 2294 3148 2364 ipsius
3175 2294 3356 2362 Operis

1767 2395 2098 2466 multijugem
2147 2392 2468 2457 llistoriam,
2500 2406 2604 2445 non
2640 2389 2812 2445 inutili
2837 2389 3103 2444 brevitate
3127 2405 3354 2460 congcs-

1769 2497 1968 2557 tam,et
1986 2487 2050 2542 ad
2084 2496 2382 2556 temporqu
2417 2484 2678 2540 rationem
2699 2483 3056 2553 consulesque
3082 2482 3359 2537 Romanos

1767 2581 2004 2638 sollicite
2027 2580 2309 2652 digestum,
2338 2588 2460 2633 tunr
2475 2586 2756 2648 propterea
2782 2574 2922 2645 quod
2952 2574 3197 2645 integris,
3227 2589 3362 2644 quos

1770 2673 1961 2728 frustra
1978 2673 2086 2743 jam
2105 2672 2419 2742 quaerimus,
2436 2668 2642 2739 magnis
2657 2666 3001 2721 historiarum
3019 2675 3069 2720 ct
3085 2663 3360 2718 annalium

1770 2764 2123 2835 scriptoribus
2145 2804 2160 2829 ,
2187 2771 2346 2832 atque
2380 2761 2433 2814 in
2459 2774 2524 2816 co
2543 2773 2746 2829 genere
2773 2757 3136 2828 principatum
3170 2765 3358 2811 tenen-

1771 2857 1946 2924 tibus,
1975 2857 2047 2911 sit
2074 2871 2232 2924 usus,
2266 2852 2479 2924 plurimi
2513 2851 2654 2922 apud
2685 2865 2876 2907 omnes
2906 2847 3146 2906 eruditus
3169 2847 3358 2902 haberi

1819 2969 1932 3006 tlcl.

1819 2973 1830 3003 ι
1873 2969 1885 2986 ³
1917 2992 1932 3006 ο

1771 2967 1818 3008 ﬂ
1836 2953 1924 3099 11L);
1947 3040 2209 3098 vocabulo
2233 3038 2536 3105 Hormcsta,
2551 3034 2692 3107 quod
2707 3033 2922 3092 codices
2943 3031 3159 3103 quidam
3179 3030 3359 3088 Orosii

1695 3109 1742 3173 ο
1776 3137 1918 3194 libro
1944 3137 2106 3201 dant,
2137 3149 2237 3204 pro
2262 3148 2369 3203 quo
2396 3129 2730 3185 Orrltestram
2779 3127 2869 3182 alii
2909 3125 3100 3196 reponi
3135 3125 3364 3192 volunt,

1778 3231 1970 3302 inspici
2029 3236 2211 3301 potest
2275 3225 2362 3282 Jo.
2417 3224 2668 3280 Albcrtus
2726 3220 3006 3277 Fabricius
3047 3218 3186 3274 Bibl.
3244 3217 3365 3272 Lat.

1777 3323 1878 3379 lib.
1919 3337 1994 3386 tv,
2024 3335 2144 3390 cap.
2179 3321 2243 3384 5,
2273 3318 2387 3372 sive
2415 3327 2566 3372 tomo
2594 3314 2693 3382 ill,
2735 3328 2856 3384 pag.
2887 3312 3011 3376 557,
3040 3311 3130 3382 qui
3184 3311 3365 3380 plures

1773 3415 1972 3472 ibidem
2005 3415 2137 3472 citat
2183 3413 2330 3468 viros
2363 3409 2576 3477 doctos,
2603 3408 2690 3480 qui
2727 3407 2794 3464 de
2821 3424 2886 3463 eo
2912 3405 3365 3462 vocabuludisse-

1772 3521 2023 3570 ruerunt.
2070 3509 2196 3566 Mihi
2235 3524 2364 3564 vero
2421 3506 2662 3562 omnium
2705 3507 2943 3561 rationes
2974 3503 3366 3576 perpendenti,

1773 3619 2022 3664 neutrum
2068 3620 2132 3660 ex
2173 3603 2320 3660 hisce
2357 3601 2649 3672 genuinum
2683 3599 2916 3654 videtur.
2945 3597 3076 3654 Cum
3119 3597 3262 3653 enim
3308 3597 3361 3651 in

1773 3701 2096 3772 quibusdam
2128 3716 2194 3756 ex
2207 3698 2535 3767 cmplaribns
2559 3695 2622 3749 tle
2651 3692 2874 3748 orntesia
2899 3689 3078 3745 mundi
3099 3690 3362 3758 scriptum

1785 3793 2114 3857 inveniatur,
2170 3790 2223 3845 id
2258 3788 2388 3844 nihil
2427 3787 2570 3842 aliud
2600 3800 2720 3841 esse
2747 3783 2997 3838 existimo
3032 3795 3191 3851 quam
3239 3795 3368 3834 cor-

1776 3894 1989 3955 ruptum
2014 3928 2026 3951 ,
2055 3899 2124 3938 ex
2153 3881 2333 3937 verbis
2357 3880 2418 3933 de
2443 3878 2650 3933 miseria
2682 3877 2894 3941 mundi,
2927 3884 2979 3928 et
3010 3872 3153 3927 hunc
3177 3885 3362 3926 verum

1773 3992 1899 4034 esse
1927 3974 2141 4029 titulutn
2169 3991 2182 4036 ;
2215 3972 2470 4043 quoniam
2498 3969 2564 4023 ad
2597 3969 2749 4024 illuni
2781 3977 2890 4021 toto
2912 3979 3010 4019 suo
3036 3979 3200 4032 opere
3223 3962 3361 4017 allu-

1774 4071 1850 4126 dit
1880 4075 2090 4135 auctor,
2115 4066 2204 4136 qui
2246 4063 2448 4118 nullam
2474 4061 2634 4114 aliam
2665 4059 2735 4114 ob
2765 4073 2980 4113 causam
3027 4066 3232 4127 septem
3263 4055 3362 4111 hos

1776 4165 1980 4230 libros,
2044 4162 2258 4215 hortatu
2331 4152 2614 4225 Augustini
2651 4193 2666 4215 ,
2735 4150 3090 4220 conscripsit,
3147 4146 3250 4203 nisi
3307 4157 3366 4201 ttt

1771 4258 2082 4316 ostenderet
2111 4252 2212 4324 (α).
2265 4247 2538 4306 Miseriam
2599 4244 2786 4300 mundi
2832 4259 2934 4298 una
2967 4257 3089 4298 cum
3146 4249 3369 4310 peccato

1772 4366 1894 4409 esse
1925 4359 2136 4414 natam,
2169 4359 2344 4416 neque
2367 4357 2488 4406 cum
2519 4337 2845 4394 Christiania
2883 4334 3141 4405 religione
3181 4334 3235 4389 in
3268 4333 3368 4388 im-

1781 4445 1988 4516 perium
2023 4440 2324 4495 Romanum
2368 4432 2680 4498 intrtiiisse,
2721 4429 2817 4486 sed
2864 4428 2930 4484 ab
2979 4423 3380 4496 antiquissimis.

1776 4534 2128 4606 temporibus,
2159 4547 2255 4602 per
2279 4532 2584 4586 universum
2610 4535 2872 4582 terrarum
2897 4522 3085 4580 orbem
3109 4517 3368 4590 viguisse,

1775 4643 1952 4698 neque
1974 4639 2229 4695 umquam
2259 4624 2310 4677 in
2342 4619 2571 4693 imperio
2593 4617 2998 4682 Romano,cum
3023 4611 3104 4668 vel
3131 4608 3365 4666 maxime

1776 4721 2030 4786 ﬂoreret,
2063 4717 2320 4772 defuisse.

1849 4811 2092 4867 Libellus
2123 4809 2298 4865 Orosii
2322 4850 2336 4874 ,
2372 4806 2460 4877 qui
2494 4801 2806 4860 inscribitur
2833 4795 3092 4869 Apologia
3116 4839 3130 4862 ,
3161 4793 3275 4849 sive
3303 4791 3372 4850 de

1780 4904 2009 4961 Arhitrii
2065 4901 2342 4956 Libertate
2392 4904 2576 4952 contra
2623 4893 2938 4962 Pelagianos
2972 4932 2987 4957 ,
3030 4886 3246 4958 proprie
3300 4883 3369 4940 ad

1783 4995 2055 5052 Historias
2080 4993 2195 5063 ejus
2228 5005 2332 5046 non
2366 4987 2628 5058 pertinet,
2663 4984 2756 5038 sed
2786 4999 2815 5036 a
2851 4979 3095 5036 Fabricio
3123 4980 3173 5034 itt
3198 4979 3369 5033 altera

1788 5104 1951 5160 quam
2002 5084 2289 5141 adornavit
2342 5081 2612 5139 editione,
2667 5074 2943 5144 adjectus,
2995 5070 3251 5140 deinceps
3320 5069 3371 5121 itt

1788 5179 2012 5251 reliquis
2044 5192 2184 5246 quoq
2200 5190 2265 5229 ue
2293 5171 2560 5243 apparuit.
2593 5168 2770 5237 Quare
2799 5163 3072 5220 noluimus
3094 5171 3148 5216 ut
3179 5177 3207 5214 a
3235 5174 3383 5249 nova.

1788 5274 1892 5329 hac
1939 5271 2190 5333 abesset,
2238 5263 2536 5337 praesertim
2569 5277 2688 5318 cum
2722 5259 2928 5330 insigne
2967 5256 3082 5328 ejus
3118 5252 3374 5324 temporis

1786 5367 1855 5421 sit
1897 5369 2334 5428 monumentum,
2380 5366 2436 5413 et
2491 5373 2556 5412 ex
2618 5353 2858 5424 Pelagii,
2894 5369 3012 5424 qua:
3065 5350 3370 5422 perierunt,

1785 5457 2028 5528 scriptis,
2085 5461 2366 5524 excerptas
2429 5449 2626 5506 habeat
2682 5446 3078 5520 portiunculas,
3125 5459 3188 5498 ex
3256 5439 3374 5511 qui-

1789 5553 1888 5608 bus
1920 5547 2104 5605 l‘eralia
2131 5547 2248 5617 ejus
2268 5531 2383 5600 viri
2413 5542 2666 5614 dogmata
2694 5547 3112 5612 cognoscuntur.
3149 5533 3298 5588 Vale.

191 5715 256 5791 (α)
282 5721 386 5780 Lib.
417 5740 470 5796 l,
502 5744 617 5800 cap.
645 5741 684 5798 ι,
715 5746 769 5802 p.
802 5727 836 5784 6
865 5746 878 5780 :
905 5727 1019 5800 Ego
1050 5723 1258 5782 initium
1302 5721 1534 5783 miseriae
1559 5719 1834 5780 hominum
1867 5711 1936 5772 ab
1980 5713 2134 5773 initio
2172 5709 2440 5788 peccantis
2493 5707 2727 5768 hominis
2775 5706 2973 5764 ducere
3000 5695 3231 5762 insitui,
3264 5701 3372 5751 etc.
