3908 6292
1540 250 1812 312 PAULUS
1849 248 2139 310 OROSIUS
2176 239 2708 306 CilRUNOLOGUS.
3678 229 3770 293 ιιι

513 349 3770 401 ___________________________.__..___._—————————-

912 520 1303 608 VARI/E
1375 507 2252 608 DEDICATIONES
2327 506 2477 590 ET
2551 499 3425 589 PREFATIONES.

1145 785 1483 870 EPISTULA

508 905 639 949 ιυυ.
671 901 931 944 τωιιουετ
963 898 1285 941 ranrsmnsrs
1315 899 1383 937 ΔΙ)
1420 883 1758 936 61.Δῐιί5811105
1799 887 2100 933 ιυυοηωιι

583 977 654 1017 ΕΤ
676 973 920 1015 Αμιικελει
945 969 1281 1013 ουιιιλῐιυωι
1301 966 1728 1009 8ΡΕΕΤΔΤ1551ΜΑΞ
1753 960 1958 1005 INDOLIS
1975 959 2105 1000 ADU-

576 1045 880 1089 LE‘CENTES
910 1042 1211 1084 PATRICIOS.

573 1146 675 1214 Qui
701 1145 1028 1214 scriptorum
1054 1139 1388 1216 monitnettta
1411 1127 1721 1194 accuratius
1752 1131 2106 1202 intr05picere

503 1247 558 1294 et
596 1253 660 1294 ea
693 1235 858 1291 veluti
900 1235 952 1290 in
995 1231 1158 1289 librili
1187 1231 1423 1288 solerter
1465 1229 1728 1285 collocata
1766 1225 2108 1296 perpendere

504 1329 812 1387 accuratius
843 1328 1158 1383 laborarunt
1192 1343 1205 1380 :
1238 1323 1623 1379 adulescentes
1653 1303 1940 1376 clarissimi
1967 1335 1979 1372 :
2011 1325 2106 1372 cos

503 1436 626 1478 esse
660 1413 1208 1476 commentlabiliores
1243 1411 1759 1485 pralstantinresqtte
1790 1425 1895 1463 non
1929 1405 2106 1463 minus

503 1527 633 1568 vere
658 1527 818 1582 quam
841 1509 1136 1582 prudenter
1155 1507 1664 1563 animadverterunt
1693 1519 1706 1556 :
1741 1499 1831 1573 qui
1855 1499 2106 1555 fidelibus

508 1603 859 1660 historiarum
892 1595 1241 1656 monimentis
1280 1613 1369 1654 res
1415 1612 1446 1652 a
1481 1593 1785 1666 majoribus
1825 1591 2109 1661 insigniter

504 1705 717 1769 gestas:
741 1694 1079 1764 consiliaque
1105 1689 1448 1748 admirabilia
1475 1705 1488 1744 :
1514 1705 1579 1745 ac
1606 1685 2108 1756 reruminOpinatos

504 1800 734 1849 eventus
772 1786 1062 1860 multiplici
1096 1786 1331 1858 quadam
1371 1782 1748 1854 exemplorum
1788 1779 1942 1849 copia
1973 1790 2104 1833 exs-

505 1887 766 1956 cripsere.
803 1881 1038 1938 llistoria
1068 1881 1336 1952 siquidem
1373 1878 1556 1949 (quam
1582 1877 1772 1932 Cicero
1799 1915 1814 1943 ,
1839 1873 2108 1944 eloquen-

507 1970 596 2032 tite
624 1990 823 2046 parens
854 1973 1169 2046 primarius,
1203 1967 1462 2040 temporis
1491 1975 1686 2024 testem
1715 1981 1730 2022 :
1759 1965 1935 2021 lucem
1966 1964 2110 2018 veri-

508 2067 634 2122 tatis
665 2084 680 2121 :
707 2067 870 2121 vitam
894 2065 1201 2129 memoriae;
1251 2061 1494 2117 nuntiam
1534 2059 1818 2116 vetustatis
1845 2054 2108 2128 appellat)

2129 781 2178 840 Α
2204 776 2585 846 cumspiciant.
2619 773 2878 832 Homines
2907 782 3171 846 praeterea
3196 769 3265 827 ab
3287 765 3652 840 improborum
3680 767 3778 824 vita

2205 869 2543 933 absterrerl,
2574 869 2693 925 solo
2722 869 2885 924 etiam
2913 875 3061 923 metu
3088 863 3175 920 vel
3201 861 3516 929 dedecoris,
3553 859 3634 918 vel
3668 876 3777 932 sup-

2205 965 2352 1037 plicii
2376 964 2510 1020 satis
2537 969 2772 1018 constat.
2807 959 2991 1029 itaque
3018 955 3161 1028 apud
3192 954 3545 1011 Plutarchum
3569 951 3778 1022 legimus

2207 1057 2349 1113 hanc
2371 1056 2538 1112 fuisse
2556 1049 2984 1110 Lacedaemoniis
3005 1046 3482 1113 consuetudinem,
3515 1057 3608 1116 per
3631 1041 3780 1100 festos

2206 1151 2322 1207 dies
2351 1151 2490 1206 bene
2516 1159 2678 1220 potos
2704 1161 2894 1202 servos
2919 1183 2937 1213 ,
2981 1143 3213 1199 infames
3239 1139 3624 1211 cupedivoras,
3650 1137 3784 1193 vino-

2210 1245 2382 1300 lentia
2397 1235 3054 1305 dementatos,adducere
3081 1237 3224 1292 inter
3244 1231 3784 1302 convivia,quovlno-

2207 1352 2390 1394 sorum
2425 1333 2674 1405 exemplo
2705 1335 2965 1389 docerent
3007 1330 3412 1395 adulescente=,
3462 1335 3712 1398 quantum
3737 1327 3780 1381 in

2207 1447 2269 1488 se
2299 1431 2425 1487 mali
2453 1430 2806 1504 Spttrcissitna
2831 1426 3068 1484 ebrietas
3090 1425 3421 1482 contineret.
3447 1419 3782 1490 Quamobrem

2209 1524 2796 1587 nihiLconducibilius,
2821 1521 2952 1577 nihil
2972 1517 3336 1590 praistahilius
3365 1515 3777 1582 bistoria,repe-

2208 1617 2303 1674 riri
2336 1630 2495 1687 posse
2525 1613 2900 1671 contenderim
2921 1651 2936 1680 ,
2980 1620 3034 1666 et
3065 1609 3268 1665 nullam
3295 1622 3422 1664 esse
3454 1604 3742 1682 facultatem
3767 1644 3782 1670 ,

2211 1710 2411 1766 nullam
2445 1707 2787 1778 disciplinam
2814 1750 2830 1776 ,
2860 1717 2981 1776 qua:
3013 1703 3061 1758 el
3093 1701 3242 1758 velut
3263 1701 3408 1756 bene
3437 1690 3648 1754 vivendi
3687 1705 3786 1750 nia-

2209 1804 2394 1874 εἰςιν-ω
2419 1817 2527 1858 non
2554 1801 2806 1857 cesserit.
2834 1796 2980 1855 inter
3007 1811 3104 1852 eos
3140 1810 3271 1852 vero
3299 1794 3392 1864 qui
3425 1788 3787 1864 praestantissi-

2211 1912 2357 1950 mum
2383 1895 2484 1950 hoc
2501 1892 2773 1950 scribendi
2796 1906 2971 1962 genus
2997 1887 3291 1953 tradidere,
3309 1885 3536 1941 Paulum
3559 1881 3786 1938 Orosium

2210 1990 2484 2056 floruisse,
2517 2002 2581 2042 ac
2609 1986 2678 2042 de
2700 1985 2865 2040 rebus
2889 1981 3138 2038 humanis
3161 1979 3380 2051 egregie
3410 1979 3660 2034 meritum
3684 1989 3788 2031 esse

2211 2082 2376 2153 plane
2397 2069 2859 2144 concesserimus,
2883 2074 2976 2146 qui
3012 2072 3112 2130 etsi
3134 2069 3574 2127 conﬂictationes
3597 2065 3788 2139 generis

509 2175 574 2217 ea
619 2158 889 2215 ministrat
917 2157 1125 2213 all'atim
1157 2172 1173 2212 :
1220 2155 1495 2226 copiosius
1520 2156 1793 2225 suggerit,
1833 2150 2106 2207 uberrime
2141 2161 2182 2221 Β
2212 2150 2432 2228 immani
2466 2187 2484 2228 ς
2515 2168 2842 2241 cupiditates
2875 2182 2890 2221 ε
2921 2175 2978 2221 ει
3021 2165 3200 2219 varios
3227 2161 3600 2217 calamimum
3643 2173 3788 2214 even,

510 2249 857 2322 suppeditat,
899 2249 1094 2319 quibus
1151 2246 1402 2304 homines
1439 2288 1456 2314 ,
1509 2247 1749 2317 insignes
1803 2245 2106 2316 priscorum

510 2357 690 2400 mores
711 2338 1073 2398 :cmulabundi
1095 2339 1160 2395 ad
1185 2341 1400 2395 beatam
1427 2339 1591 2394 vitam
1617 2337 1914 2394 reddantur
1934 2346 1988 2392 et
2009 2351 2106 2408 pa-

511 2435 774 2502 ratiores,
819 2442 873 2490 et
929 2433 1337 2501 instructiores,
1395 2431 1686 2503 culpabilia
1736 2431 2108 2500 obscmnaque

505 2527 652 2584 factu
681 2523 964 2582 vitabundi
995 2542 1102 2583 non
1145 2525 1506 2582 reformident
1539 2525 1656 2581 htec
1686 2524 1856 2592 adeo,
1893 2524 1984 2581 sed
2024 2523 2109 2579 fu-

508 2623 655 2694 giant
675 2663 690 2689 ,
717 2621 1078 2686 insectentur,
1102 2618 1392 2690 despuant.
1417 2618 1605 2687 Neque
1627 2617 1772 2674 enim
1803 2616 2107 2689 posteritati

508 2714 792 2786 quisquam
819 2711 1144 2783 exquisitius
1165 2711 1454 2767 consulere
1484 2710 1687 2780 possit,
1737 2723 1912 2779 neque
1942 2723 2002 2763 ea
2054 2695 2107 2762 in

508 2804 786 2877 publicum
807 2801 997 2871 edere,
1031 2803 1174 2861 unde
1200 2802 1302 2859 sibi
1329 2803 1508 2859 omnis
1536 2802 1702 2868 ordo,
1731 2817 1918 2868 sexus,
1951 2809 2104 2869 tetas,

509 2895 594 2950 vel
627 2895 835 2963 majora
878 2894 1182 2952 litterarum
1223 2893 1580 2962 adminicula,
1611 2894 1701 2951 vel
1744 2892 2108 2965 cepiosiorcm

509 2987 578 3042 ad
623 2986 974 3044 instruendus
1027 3004 1208 3046 mores
1263 2989 1662 3059 supellectilem
1713 2985 2107 3059 spoponderit,

510 3091 674 3152 quam
697 3079 976 3138 historiam
995 3125 1010 3149 ,
1041 3084 1094 3141 id
1121 3093 1207 3141 est
1231 3086 1544 3157 magistram
1571 3101 1585 3139 :
1617 3093 1674 3141 et
1702 3085 1894 3139 ducem
1928 3083 2066 3138 bene
2091 3121 2106 3147 ,

509 3187 575 3229 ac
607 3173 768 3231 beate
798 3174 1012 3231 vivendi
1033 3218 1050 3242 ,
1093 3178 1163 3233 de
1203 3193 1305 3248 qua
1334 3187 1392 3235 et
1425 3193 1607 3233 rerum
1638 3177 1881 3233 omnium
1911 3173 2109 3246 peritia

513 3268 765 3338 provenit
796 3283 810 3322 :
843 3275 904 3324 et
931 3283 994 3324 ea
1023 3267 1349 3326 documenta
1373 3271 1591 3326 haurire
1613 3279 1815 3338 queant
1838 3265 2108 3332 homines,

513 3362 710 3433 quibus
746 3363 831 3418 vel
866 3359 1128 3432 publicis,
1171 3361 1254 3419 vel
1302 3363 1527 3435 privatis
1557 3361 1861 3420 rationibus
1907 3359 2110 3416 utilitas

511 3451 776 3525 pariatur.
821 3455 976 3512 Nulla
1006 3457 1295 3528 siquidem,
1337 3457 1448 3514 ulla
1493 3473 1560 3515 ex
1615 3467 1790 3528 parte,
1848 3451 2110 3512 litteraria

2214 2277 2300 2323 tus
2348 2281 2410 2322 se
2455 2263 2784 2331 scripturum
2820 2259 3108 2330 pollicetur
3142 2273 3156 2312 ε
3190 2253 3363 2310 nihilo
3409 2263 3590 2309 tamen
3632 2249 3786 2307 secius

2212 2367 2489 2428 perpetua:
2517 2355 2760 2410 historia:
2789 2352 2988 2406 seriem
3011 2389 3026 2414 ,
3071 2348 3140 2404 ab
3165 2345 3298 2403 orbe
3327 2343 3579 2409 condito,
3606 2340 3667 2397 ad
3693 2355 3789 2396 me-

2212 2451 2442 2506 moriam
2463 2462 2688 2504 suorum
2715 2455 3020 2514 temporum
3041 2456 3251 2496 summa
3275 2455 3403 2493 eum
3429 2438 3535 2493 ίὶιιε
3558 2443 3638 2492 est
3656 2449 3786 2490 eom-

2212 2543 2424 2614 plexus,
2457 2539 2829 2612 pestilentias,
2885 2545 3230 2590 tcrrmmotus
3254 2575 3271 2602 ,
3325 2530 3600 2586 inauditas
3627 2534 3785 2582 Vasta-

2213 2638 2411 2698 tiones,
2442 2649 2602 2690 casus
2629 2631 3053 2701 inexepectatos,
3085 2638 3248 2696 atque
3279 2632 3600 2693 portentosa
3627 2633 3787 2676 rerum

2215 2729 2478 2785 miracula
2525 2742 2622 2798 pro
2651 2727 2731 2781 sui
2764 2723 2948 2791 operis
2976 2721 3224 2777 inStituto
3264 2717 3581 2774 conferens.
3624 2713 3784 2785 Neque

2211 2820 2539 2890 eloquentia:
2568 2816 2819 2872 laudibus
2846 2815 3039 2880 caruit,
3064 2811 3221 2880 cujus
3243 2809 3537 2882 perspicua
3559 2807 3781 2869 brevitas,

2220 2910 2627 2970 succulentiorc
2647 2924 2831 2966 rerum
2856 2906 3166 2962 narratione
3182 2903 3539 2968 concinnata,
3563 2898 3785 2972 gravibus

2217 3005 2436 3077 quidem
2466 2996 3206 3065 sententiiscumulatissima,
3235 2989 3787 3053 etinevltabilidistitt-

2214 3108 2299 3155 t-ta
2324 3102 2585 3153 varietate
2608 3093 2959 3166 splendescit,
2976 3090 3302 3162 eﬂulgetque
3314 3095 3490 3160 atque
3509 3081 3786 3156 edimpellit

2215 3192 2499 3255 lectorem,
2527 3196 2586 3244 ut
2615 3190 2705 3242 vix
2731 3187 3003 3242 existimet
3037 3192 3246 3239 tantum
3274 3177 3502 3238 dicendi
3526 3177 3788 3236 artiﬁcium

2213 3283 2481 3341 contineri
2505 3283 2560 3338 in
2587 3279 2692 3338 hoc
2713 3279 3063 3349 corpusculo.
3093 3275 3414 3335 Alexander
3447 3265 3785 3345 Aphrodiseus

2215 3377 2268 3432 itt
2301 3375 2414 3432 suis
2443 3372 2795 3445 problematis
2825 3369 3105 3444 physicam
3145 3367 3310 3424 adert
3346 3366 3653 3431 rationem,
3695 3359 3787 3418 Cur

2216 3466 2366 3524 brevi
2407 3473 2614 3522 statura
2651 3463 2900 3518 homines
2951 3459 3193 3533 proceris
3241 3470 3299 3515 ut
3349 3455 3643 3529 plurimum
3682 3459 3786 3509 sunt

516 3548 848 3606 monimenta
888 3549 1016 3607 licet
1053 3551 1314 3624 reperiri,
1347 3566 1465 3622 qua:
1489 3550 1843 3606 historiarum
1883 3545 2108 3603 admini-

2219 3558 2600 3632 prudentiores
2629 3574 2644 3611 :
2675 3553 2943 3611 Nimirum
2970 3553 3095 3624 quia
3143 3553 3438 3625 constipata
3476 3560 3630 3624 atque
3667 3553 3784 3602 cant-

513 3642 640 3700 culo
680 3657 786 3700 non
837 3645 1140 3718 indigeant,
1185 3661 1249 3702 ac
1269 3661 1458 3702 carum
1489 3645 1717 3722 vestigia
1746 3661 1856 3702 non
1882 3659 2110 3703 exoscu-

514 3733 718 3792 letttur.
737 3733 846 3793 Nec
869 3736 982 3808 jam
1013 3737 1192 3809 legunt
1219 3737 1416 3794 latores
1439 3737 1780 3809 prmterimus
1805 3755 1816 3791 :
1841 3738 1930 3810 qui
1962 3751 2115 3793 men-

513 3826 645 3885 dose
692 3845 850 3886 suum
909 3831 1515 3905 munus-adimpleant,
1569 3835 1662 3905 qui
1718 3849 1819 3891 nec
1872 3833 2110 3889 officium

514 3919 656 3978 bene
699 3921 1046 3980 instituenda:
1084 3926 1324 3982 civitatis
1364 3936 1761 3998 exsequemur,
1794 3927 1896 3983 nisi
1928 3942 2109 3983 rerum

515 4024 789 4084 gestarum
821 4018 1190 4075 narrationem
1216 4019 1376 4090 plane
1402 4019 1678 4076 tenuerint
1705 4037 1718 4072 :
1749 4035 1819 4076 ex
1843 4035 1907 4076 ea
1927 4021 2113 4087 singu-

517 4107 690 4163 lorum
731 4125 914 4166 mores
938 4109 1106 4169 veluti
1139 4113 1192 4168 in
1227 4114 1533 4186 exemplari
1567 4129 1580 4167 :
1614 4123 1670 4170 et
1697 4113 1948 4169 humanae
1989 4111 2112 4170 vitae

513 4200 736 4270 spcettlo
758 4202 1082 4273 inspecturi,
1111 4204 1314 4276 quosin
1337 4220 1502 4260 unum
1539 4212 1851 4261 contractos
1879 4205 2112 4261 cireum-

511 4290 806 4362 spicienter
826 4294 1073 4364 eliciant,
1101 4303 1213 4352 tum
1240 4295 1476 4368 denique
1507 4295 1732 4360 electos,
1761 4295 1850 4368 qui
1874 4295 1939 4350 ad
1962 4307 2116 4350 com-

513 4397 734 4441 munem
778 4387 1020 4443 omnium
1073 4387 1361 4445 utilitatem
1407 4373 1716 4458 proderiut,
1763 4389 1816 4443 itt
1867 4387 2110 4444 medium

513 4477 829 4546 proferant,
884 4489 1048 4552 atque
1095 4481 1456 4554 promulgent.
1516 4479 1624 4538 Sed
1670 4489 1726 4536 et
1769 4478 2111 4552 philosophia

513 4583 690 4642 neque
717 4568 787 4626 de
831 4569 1079 4628 moribus
1128 4581 1397 4643 prmcepta
1452 4571 1758 4642 explicare,
1815 4587 1992 4641 neque
2042 4571 2112 4629 de

513 4673 695 4716 rerum
723 4660 1150 4718 domesticarum
1177 4677 1310 4730 usu,
1357 4677 1421 4718 ac
1453 4662 1520 4720 de
1551 4663 1742 4733 peritia
1774 4671 1887 4719 tota
1929 4661 2113 4732 reipu-

511 4751 666 4809 blicae
695 4752 1146 4811 administrandae
1174 4796 1190 4822 ,
1245 4755 1752 4826 eonstitueuqune
1781 4757 1902 4812 sine
1932 4753 2112 4810 multi-

509 4845 634 4916 juga
657 4848 1032 4918 exemplorum
1052 4849 1365 4905 narratione
1387 4865 1553 4921 agere
1567 4852 1699 4906 satis
1722 4849 1914 4920 possit:
1941 4865 2110 4920 quan-

2215 3661 2369 3725 pacta
2397 3651 2506 3706 illis
2540 3659 2614 3705 est
2644 3649 2822 3703 anima
2849 3647 2902 3701 in
2928 3647 3167 3701 universo
3194 3659 3437 3717 corpore.
3462 3642 3691 3699 Proceri:
3712 3655 3783 3694 ve-

2213 3763 2271 3802 ro
2294 3747 2347 3800 in
2382 3743 2759 3815 longitudinem
2782 3740 3003 3795 distenta
3026 3735 3320 3794 resolvitur.
3359 3735 3520 3806 Quod
3570 3733 3665 3792 hoc
3703 3744 3786 3787 suo

2214 3836 2459 3894 carmine
2483 3833 2805 3903 complexus
2830 3840 2913 3888 est
2940 3829 3199 3902 Papinius
3229 3845 3243 3887 :

2461 3927 2614 3991 Major
2637 3927 2687 3976 in
2707 3927 2889 3988 exiguo
2912 3917 3153 3988 regnabat
3181 3934 3394 3987 corpore
3412 3917 3585 3974 virtus.

2213 4014 2553 4084 Quapmpter
2574 4010 2840 4066 Homerus
2864 4007 3077 4064 Ulixem
3105 4006 3352 4071 brevem,
3379 4017 3446 4060 ac
3469 4002 3780 4075 prodentem,

2215 4105 2438 4176 Ajacem
2473 4117 2604 4159 vero
2631 4114 2943 4172 procerum,
2977 4113 3041 4154 ac
3069 4096 3412 4154 stolidiorem
3441 4092 3708 4152 descrth.
3732 4089 3784 4145 in

2215 4199 2362 4272 quod
2387 4199 2638 4270 equidem
2669 4196 2974 4269 problema,
3007 4193 3173 4250 veluti
3198 4193 3253 4248 in
3284 4187 3667 4248 diverticulum
3692 4197 3782 4242 non

2216 4291 2424 4346 invitus
2467 4288 2747 4352 transilui,
2787 4297 2936 4343 ratus
2967 4285 3215 4341 eamdem
3244 4282 3437 4340 alferri
3484 4282 3786 4337 solutionem

2217 4382 2284 4440 de
2317 4381 2605 4454 prodentia
2639 4379 2812 4436 nostri
2845 4377 3314 4450 Historiographi,
3365 4375 3458 4448 qui
3493 4376 3545 4430 in
3581 4374 3677 4430 hoc
3699 4381 3786 4425 suo

2219 4476 2379 4532 brevi
2410 4490 2574 4546 opere
2599 4487 2693 4529 res
2726 4480 2805 4528 tot
2845 4471 3135 4528 retroactis
3171 4469 3387 4526 strculis
3407 4476 3592 4541 gestas
3617 4461 3782 4534 ampli-

2219 4575 2304 4623 ter
2323 4564 2620 4630 describit,
2647 4563 2966 4620 brevitatem
2993 4576 3170 4632 neque
3197 4560 3496 4617 obscuram
3526 4571 3692 4627 neque
3711 4554 3784 4622 je-

2214 4661 2400 4731 junam
2425 4658 2723 4714 observans
2746 4696 2760 4722 ,
2794 4654 2892 4711 sed
2915 4667 3036 4726 qua;
3056 4662 3262 4724 quanto
3300 4647 3652 4720 suppressior
3678 4648 3749 4701 est
3766 4682 3779 4706 ν

2220 4761 2376 4809 tanto
2405 4759 2491 4808 est
2520 4750 2838 4821 prudentior
2862 4789 2878 4816 ,
2905 4756 2960 4803 et
2986 4746 3338 4803 luculentior.
3375 4745 3662 4800 Enimvero
3697 4751 3781 4807 ego

2217 4847 2340 4918 ipse
2362 4846 2546 4903 multis
2572 4845 2740 4906 rebus
2769 4843 3156 4909 subinvitatus,
3186 4841 3566 4899 adolescentes
3593 4841 3781 4909 speeta-

512 4935 805 5008 doquidem
826 4940 1246 5012 conducibilius,
1268 4940 1652 5012 efficaciusque
1669 4941 1901 4998 docendi
1939 4953 2110 5012 genus
2140 4937 2186 4997 D
2217 4940 2411 4998 tissimi
2436 4983 2451 5004 ,
2475 4953 2571 4995 vos
2600 4953 2831 5005 moneo,
2865 4947 2922 4992 et
2967 4936 3180 5001 hortor,
3207 4942 3269 4989 nt
3298 4929 3780 5005 prmstantissimum

510 5039 609 5104 per
630 5033 901 5103 exempla.
925 5051 1086 5106 quam
1115 5049 1209 5106 per
1229 5035 1554 5089 documenta
1584 5048 1730 5100 esse,
1757 5049 1918 5090 nemo
1945 5031 2108 5088 homo

511 5139 617 5182 non
662 5125 832 5180 novit.
866 5124 1065 5180 Natura
1095 5125 1239 5182 enim
1270 5135 1641 5196 comparatum
1674 5132 1792 5190 est,
1840 5132 1899 5179 ut
1928 5123 2110 5178 excel-

510 5217 740 5275 lentium
791 5217 1034 5274 virorum
1073 5217 1346 5288 exemplis
1391 5218 1724 5274 advoceutur
1757 5216 2006 5272 homines
2041 5213 2109 5271 ad

509 5310 750 5366 studium
781 5309 1002 5381 glorite:
1049 5320 1105 5368 et
1144 5311 1354 5377 allecti,
1405 5327 1514 5368 non
1547 5310 1650 5367 nisi
1689 5327 1811 5384 quae
1849 5310 2110 5382 praeclara

511 5404 621 5460 sint
651 5413 709 5463 et
751 5405 1002 5469 honesta,
1049 5406 1132 5461 vel
1177 5404 1376 5460 imitari
1404 5404 1685 5471 studeant,
1736 5403 1826 5459 vel
1870 5403 2107 5475 assequi.

510 5494 622 5553 Usu
650 5509 871 5568 quoque
903 5495 1051 5548 venit
1077 5505 1135 5549 ut
1159 5496 1516 5552 humanarum
1559 5511 1746 5552 rerum
1775 5495 2108 5553 vicissitudi-

511 5603 632 5644 nem
663 5581 1147 5652 contemplabundi
1177 5603 1191 5639 :
1218 5587 1434 5644 nantem
1461 5630 1478 5654 ,
1525 5587 1918 5657 rt-ilantemqne
1950 5589 2108 5643 toties

508 5679 782 5739 fortunam
814 5677 1031 5733 alterna
1059 5678 1301 5734 velorum
1328 5681 1694 5752 explicatione
1727 5681 2103 5747 moderentur,

506 5774 794 5848 ipsiusque
843 5767 1105 5826 variantis
1151 5768 1378 5830 fortuna:
1422 5773 1670 5833 incursus
1717 5773 1952 5834 solerter
1995 5774 2103 5831 cir-

2215 5034 2318 5090 boc
2347 5048 2486 5106 opus
2521 5033 2682 5090 vobis
2709 5029 3027 5086 nominatim
3063 5027 3368 5084 dedicatum
3393 5068 3408 5091 .
3441 5023 3599 5080 hilari
3628 5018 3777 5081 vultu,

2213 5135 2268 5186 et
2293 5144 2486 5184 serena
2519 5126 2696 5182 fronte
2717 5122 3024 5194 suscipiatis
3049 5139 3062 5176 :
3096 5122 3323 5176 multum
3350 5118 3479 5174 inde
3503 5111 3780 5188 incundita-

2214 5221 2303 5286 tis,
2331 5221 2558 5274 multum
2590 5215 2966 5279 emolumenti,
3001 5226 3102 5271 nec
3138 5212 3317 5268 minus
3342 5205 3682 5266 beatitudinis
3706 5215 3778 5257 re-

2214 5309 2502 5385 portatttrl.
2547 5309 2694 5380 Opus
2748 5314 2833 5364 est
2883 5306 3031 5363 enim
3081 5317 3190 5361 non
3241 5305 3419 5359 minus
3461 5301 3771 5385 frugiferam.

2216 5383 2376 5477 quam
2436 5402 2838 5474 voluptitlcum,
2895 5399 2981 5454 cui
3038 5395 3289 5466 equidem
3330 5383 3776 5448 annotatiunculos

2215 5495 2502 5552 cltnrtatitn
2531 5495 2586 5550 in
2625 5491 2962 5563 marginibus
2992 5488 3212 5556 ascripsi
3239 5525 3255 5551 ,
3287 5494 3337 5541 et
3357 5495 3551 5540 earum
3579 5487 3775 5547 mw

2216 5588 2298 5642 stti
2321 5587 2643 5643 litterarium
2673 5582 2910 5641 indicem
2931 5622 2946 5646 ,
2981 5579 3034 5634 ni
3068 5575 3176 5632 illis
3206 5585 3524 5647 argumenta
3543 5577 3772 5629 occurre‘

2214 5687 2340 5735 rent
2368 5680 2506 5735 scitu
2542 5676 2844 5749 patentiora
2870 5715 2884 5739 ,
2915 5671 3018 5726 hoc
3046 5683 3176 5723 vero
3219 5670 3410 5724 fierent
3441 5665 3670 5721 faciliora
3697 5673 3769 5714 re-

2214 5781 2404 5844 pertu;
2446 5748 2558 5829 fuit,
2595 5769 2681 5826 hic
2727 5764 2879 5825 labor
2917 5774 3046 5821 sane
3094 5774 3201 5817 non
3253 5757 3575 5830 injucundus
3621 5748 3766 5815 mihi.
