3908 6288
101 275 188 335 645
963 275 1195 334 Vitiile
1237 274 1745 336 DEDICATIONES
1786 275 1874 334 ET
1913 276 2432 339 PRASFATIONES.

3244 285 3353 347 ίια

104 390 403 447 existimanti
435 389 542 448 hoc
575 400 732 464 pacto
763 406 936 463 operte
969 397 1200 472 pretium
1240 394 1502 450 facturum
1534 407 1651 461 me,
1681 394 1731 454 Α
1762 400 1910 467 rent,
1944 395 2108 452 immo
2136 397 2217 454 vel
2247 397 2340 452 toti
2365 396 2583 454 domum
2618 397 2735 456 orbi
2767 408 3089 471 patescerct,
3113 403 3352 460 sanctis-

101 484 239 555 idque
265 486 724 556 promulgaturum
751 526 768 552 ,
790 501 895 557 quo
925 494 1105 541 vestra
1135 487 1373 542 eruditio
1401 485 1652 542 nonnihil

99 576 410 644 adjuvantur
437 577 508 633 ad
539 577 858 646 prmclarum
886 587 942 634 et
966 579 1208 646 virtutis,
1241 587 1300 634 et
1329 579 1653 634 litteraturae

100 665 342 737 fastigium
384 667 817 738 adipiscendum.
855 669 1042 726 Valete
1085 679 1142 726 et
1185 670 1324 726 hanc
1371 670 1651 741 operulam

98 760 184 814 tnei
219 760 269 813 in
314 775 402 814 vos
428 762 638 817 amoris
672 777 734 819 ac
780 763 1143 820 observantia:
1189 773 1382 822 testem
1424 763 1652 836 perenni

98 849 253 908 studio
281 850 628 910 cOnfoveatis.

697 947 1037 1006 EPISTOLA

239 1035 448 1095 αἰθυίαις
473 1038 710 1098 Cassa"
749 1059 817 1098 so
847 1043 1132 1101 Gsonotuu
1176 1062 1207 1102 Α
1246 1045 1436 1102 εειεΑ.

97 1150 262 1226 illustri
292 1168 663 1226 generosaque
691 1157 810 1213 viro
838 1158 1070 1214 Doman
1096 1161 1342 1216 GEORGIO
1381 1175 1413 1216 lt
1457 1159 1645 1224 δείδιε,

148 1225 421 1302 ειηῇηοιιιι
451 1237 504 1281 et
535 1225 794 1302 praeclara
825 1234 1087 1286 comitum
1119 1247 1147 1302 a
1181 1232 1538 1302 Vittgenstein
1571 1233 1647 1285 fa-

149 1294 278 1367 milia
303 1294 800 1367 {metropolitanze
833 1302 1077 1356 ecclesia:
1102 1294 1444 1360 Colonicnsis
1473 1318 1640 1358 cano-

152 1365 268 1444 nico
318 1365 1157 1444 archigrammateo,“divorum
1215 1373 1447 1430 Patrocli
1504 1371 1644 1444 apud

147 1433 380 1515 Susatunt
419 1433 556 1493 haud
589 1433 1192 1515 ignobile'Vestphalim
1229 1445 1511 1515 oppidum,
1535 1433 1642 1500 Cc-

147 1508 416 1583 reonis,_ac
447 1508 830 1581 Apostolorum
871 1508 1011 1583 apud
1043 1508 1323 1571 Coloniam
1368 1508 1519 1582 item,
1555 1530 1647 1569 ur-

151 1577 270 1658 bem
291 1577 548 1636 Ubiorum
585 1577 1112 1658 lamiget-atissimatn
1136 1631 1149 1654 ,
1179 1577 1534 1643 ecclesiarum
1557 1603 1647 1640 ar-

146 1648 468 1715 chidiacono,
520 1648 834 1729 praeposito,
878 1653 1103 1729 domino
1139 1648 1218 1729 'et
1243 1667 1474 1729 patrono
1519 1673 1642 1724 suo,

406 1738 564 1794 quam
596 1724 890 1793 plurimuttt
919 1724 1284 1796 observando,

477 1839 714 1897 Josa‘sus
743 1842 1043 1908 CESARIUS,
1073 1845 1131 1901 S.
1164 1845 1229 1900 Ι).

141 1953 288 2010 Divus
327 1955 582 2011 Aurelius
613 1958 978 2028 Augustinus,
1029 1959 1113 2014 vir
1143 1967 1345 2028 praeter
1373 1958 1538 2014 animi
1568 1960 1646 2014 lc-

85 2046 276 2101 nitatettt
300 2086 318 2114 ,
348 2062 511 2118 quam
538 2046 652 2118 jam
683 2047 811 2104 inde
841 2065 869 2102 a
911 2050 1085 2119 prima
1117 2049 1488 2106 adolescentia
1530 2065 1643 2122 prce

83 2152 131 2190 se
157 2137 264 2193 tulit
289 2155 530 2210 semper,
559 2155 622 2196 ac
652 2153 916 2213 perpetuo
939 2143 1196 2207 servavit,
1225 2153 1337 2198 tum
1359 2152 1416 2200 et
1440 2152 1641 2214 praeter

83 2233 184 2288 vita:
208 2235 619 2290 sanctimoniam
641 2276 655 2301 ,
687 2252 790 2306 qua
819 2251 944 2292 mox
974 2246 1092 2307 post
1137 2237 1257 2307 ejus
1283 2237 1350 2291 ad
1372 2236 1640 2293 Christia-

82 2331 279 2386 nismum
317 2333 746 2390 conversionem
770 2373 786 2399 ,
821 2333 1185 2390 inclarescere
1227 2343 1469 2403 cmperat
1499 2331 1641 2404 apud

86 2422 226 2480 Deum
250 2436 304 2482 et
345 2426 616 2493 homines,
647 2442 710 2483 ac
729 2427 927 2484 deinde
956 2427 1240 2498 insigniter
1257 2430 1476 2493 claruit,
1509 2428 1640 2482 dum

79 2515 216 2586 vixit,
247 2519 437 2590 magni
482 2535 618 2576 sane
651 2519 842 2589 judicii
874 2520 1004 2587 fuit,
1047 2535 1172 2576 cum
1219 2520 1274 2575 in
1309 2518 1550 2590 profanis
1582 2526 1638 2573 et

78 2610 426 2680 saeuiaribus,
459 2621 572 2668 tum
605 2615 656 2668 in
691 2611 888 2669 divinis
910 2613 1183 2684 praecipue
1205 2622 1261 2670 et
1292 2613 1462 2668 sacris
1493 2612 1642 2667 litte-

78 2702 156 2766 tis,
177 2720 343 2775 quas,
374 2714 727 2776 posteaquam
759 2705 974 2760 Christo
1005 2705 1057 2760 itt
1086 2719 1242 2761 sacro
1270 2704 1416 2760 fonte
1440 2719 1638 2760 nomen

79 2793 287 2865 dederat,
328 2796 752 2869 diligentissime
775 2806 1044 2855 scrutatus
1063 2797 1349 2866 cst,volvit
1369 2805 1532 2865 atque
1554 2811 1641 2850 re-

81 2886 231 2953 volvit,
267 2897 335 2945 et.
371 2888 424 2943 in
456 2890 542 2945 his
571 2889 908 2946 elucidandis
931 2890 1378 2960 exponendisque
1407 2903 1514 2943 non
1544 2903 1636 2944 se-

1758 488 1879 542 sitni
1903 488 2020 558 ejus
2034 489 2134 544 viri
2157 499 2263 545 tam
2293 490 2440 560 pium
2466 491 2774 547 institutum
2802 509 2908 549 non
2926 510 3049 551 esse
3071 495 3346 564 frivolum,

1755 579 2058 636 inhortatos
2095 592 2179 638 est
2223 583 2366 638 idem
2408 584 2492 640 vir
2522 585 2748 641 Paulum
2777 585 3029 643 Orosium
3061 587 3345 661 presbyte-

1754 685 1894 739 runt,
1923 672 2126 740 virum,
2171 689 2268 743 per
2298 689 2364 730 ea
2397 685 2643 745 tempora
2691 677 2796 733 sibi
2830 680 3076 748 apprime
3111 679 3347 737 familia-

1752 778 1867 818 rem
1895 805 1910 830 ,
1941 773 1996 820 et
2043 765 2096 820 itt
2129 765 2364 821 lectione
2402 767 2752 824 historiarum
2781 773 3346 841 exercitatissimum,

1753 863 1812 910 ut
1836 855 1904 910 ab
1933 856 2065 912 orbe
2095 857 2314 912 condito
2339 858 2606 916 Historias
2631 871 2926 919 contexere
2956 864 3348 935 aggrederetur

1751 950 1818 1005 ad
1844 965 1940 1006 sua
1975 965 2144 1019 usque
2170 959 2438 1022 tempora,
2463 953 2606 1010 unde
2630 954 2846 1010 tandem
2871 956 3118 1012 maledici
3143 957 3220 1012 illi
3247 957 3346 1015 lto-

1751 1045 1929 1101 mines
1955 1045 2040 1100 vel
2074 1046 2225 1100 inviti
2274 1047 2636 1118 intelligerent
2689 1059 3194 1120 cognoscerentque
3238 1066 3346 1107 non

1750 1137 2112 1192 Christianam
2139 1137 2455 1208 religionem
2489 1141 2540 1194 in
2569 1155 2732 1196 causa
2753 1155 2902 1207 esse,
2927 1141 3074 1211 quod
3092 1140 3204 1212 jam
3231 1152 3344 1198 tum

1749 1227 2052 1283 Romanum
2093 1229 2384 1300 imperium
2416 1231 2684 1288 inclinare
2715 1231 3012 1300 videretur,
3041 1233 3137 1289 sed
3171 1232 3349 1290 homi-

1749 1338 1878 1377 num
1902 1323 2080 1393 potius
2101 1325 2284 1394 gravia
2309 1324 2682 1396 horrendaque
2709 1325 2919 1382 scelera
2944 1333 3105 1398 atque
3131 1320 3332 1399 ﬂagitia

1753 1414 1916 1484 idque
1961 1415 2102 1470 haud
2153 1415 2319 1471 dubio
2377 1416 2558 1471 divina
2607 1417 2950 1486 providentia
3021 1419 3102 1472 sic
3157 1416 3343 1487 dispo-

1750 1515 1914 1561 nente
1941 1517 1992 1561 et
2025 1507 2344 1562 moderante
2373 1508 2554 1562 omnia
2585 1519 2685 1577 pro
2713 1523 2813 1564 suo
2846 1516 2978 1564 nutu
3010 1508 3074 1564 ad
3095 1521 3346 1564 commu-

1750 1614 1871 1654 neut
1951 1615 2165 1669 semper
2228 1601 2448 1655 humani
2506 1602 2725 1672 generis
2776 1601 3050 1669 salutem,
3115 1601 3345 1674 ejusque

1753 1690 2216 1747 emendationem.
2244 1691 2472 1746 Orosius
2504 1691 2664 1763 igitur
2691 1693 2826 1747 tanti
2847 1693 2946 1748 viri
2981 1687 3218 1750 bortatui
3245 1707 3346 1749 seu

1672 1783 1721 1843 Β
1749 1785 1925 1855 potius
1950 1791 2222 1855 prteccpto
2250 1786 2333 1854 (ut
2352 1793 2409 1840 et
2435 1785 2550 1855 ipse
2577 1784 2646 1841 de
2667 1799 2725 1840 se
2747 1779 2802 1840 itt
2828 1786 3012 1855 oueris
3037 1785 3122 1841 sui
3150 1783 3343 1856 praefa-

1749 1881 1896 1934 tione
1925 1880 2161 1950 ingenue
2192 1879 2448 1947 testatur)
2490 1895 2596 1934 non
2626 1877 2862 1934 illultcns
2889 1879 3094 1950 paruit,
3120 1878 3344 1936 tametsi

1749 1971 1803 2027 id
1845 1972 1948 2026 sibi
1986 1971 2206 2026 ditticile
2227 1970 2519 2025 admodum
2561 1972 2679 2028 fore
2713 1973 2966 2038 sentiret,
3007 1987 3070 2027 ae
3100 1971 3347 2042 protinus

1746 2078 2042 2133 aggressus
2089 2063 2344 2117 historias
2381 2063 2768 2128 conscribere,
2809 2079 2906 2134 per
2933 2063 3104 2119 libros
3133 2072 3345 2134 septem

1754 2156 1822 2212 ab
1847 2156 2056 2224 origine
2086 2157 2269 2211 mundi
2298 2171 2562 2225 exorsus,
2601 2157 2846 2213 collectis
2878 2157 3118 2228 undique
3150 2156 3234 2229 (ut
3255 2163 3343 2212 est

1758 2248 2078 2319 verisimile)
2108 2248 2420 2312 annalibus,
2445 2248 2768 2319 adjutusque
2797 2247 3178 2319 proculdubio,
3205 2261 3346 2319 quos

1747 2351 1874 2396 ante
1903 2356 1964 2397 se
2001 2342 2217 2409 habuit,
2253 2340 2533 2396 historicis
2569 2341 2791 2398 minime
2835 2341 3153 2412 vulgaribus
3177 2375 3196 2409 ,
3241 2352 3340 2396 eos

1747 2430 1896 2501 ipsos
1922 2431 2090 2486 libros
2114 2441 2325 2503 septem
2353 2433 2404 2486 itt
2435 2447 2570 2502 opus
2598 2432 2828 2503 redegit,
2860 2431 3108 2502 profecto
3137 2443 3197 2487 ut
3228 2447 3340 2488 non

1746 2522 2047 2593 inelegans,
2083 2524 2152 2577 ita
2194 2538 2296 2579 nec
2334 2524 2547 2580 caeteris
2588 2523 2938 2579 historiarum
2981 2523 3342 2594 scriptoribus

1745 2615 1904 2683 longe
1936 2613 2373 2683 postponendum
2407 2631 2420 2667 :
2461 2614 2590 2685 quin
2632 2614 2836 2670 eisdem
2869 2613 2922 2669 itt
2955 2613 3058 2671 hoc
3086 2613 3340 2670 fortassis

1745 2704 2165 2774 praeferendum,
2196 2703 2340 2775 quod
2369 2705 2567 2776 ubique
2587 2714 2778 2761 auctor
2799 2706 2918 2776 ipse
2945 2706 3000 2760 iu
3027 2714 3140 2760 toto
3168 2721 3339 2776 onere

1743 2796 1838 2850 illo
1865 2810 1985 2860 suo,
2011 2811 2135 2852 cum
2161 2812 2344 2852 rerum
2372 2808 2648 2867 gestarum
2673 2798 3010 2862 narratione,
3035 2805 3344 2869 temporum

1746 2901 2121 2958 annorumque
2164 2887 2516 2942 collationem
2545 2928 2560 2954 ,
2616 2889 3169 2958 suppurationemque
3212 2903 3345 2944 cou-

73 2979 218 3047 gniter
238 2991 498 3039 versatus
524 2983 844 3040 innumeros
869 2999 1036 3055 prope
1066 2983 1238 3039 libros
1268 2999 1296 3036 a
1326 2999 1387 3038 se
1404 2983 1640 3052 scriptos
1739 2981 1953 3051 junxit;
1986 2990 2254 3052 quatenus
2295 2997 2402 3038 non
2437 2982 2587 3052 parvi
2629 2981 2818 3047 refert,
2849 2997 2996 3048 eum,
3019 2981 3110 3054 qui
3141 2997 3228 3038 res
3249 2981 3335 3038 di-

75 3075 273 3138 posteris
293 3076 546 3151 reliquit.
573 3077 674 3133 ilic
700 3077 972 3150 (inquam)
1001 3093 1123 3133 cunt
1150 3078 1293 3134 inter
1321 3077 1427 3132 alia
1455 3075 1635 3131 studia

74 3180 170 3234 quae
204 3170 494 3239 tractabat,
530 3170 582 3225 in
614 3170 864 3225 manibus
905 3169 1130 3228 haberet
1170 3175 1634 3238 componeretque

73 3260 240 3326 grande
265 3262 406 3317 illud
454 3277 624 3332 opus,
668 3263 782 3319 sive
810 3260 1254 3332 volumen,quod
1299 3260 1368 3315 de
1405 3257 1638 3314 Civitate

73 3347 147 3406 Dei
171 3352 470 3424 inscripsit,
491 3363 546 3410 et
569 3355 624 3410 in
655 3354 823 3412 libros
851 3355 1041 3426 viginti
1065 3354 1202 3410 duos
1228 3353 1474 3424 digessit,
1501 3367 1636 3421 quo-

71 3456 166 3498 tum
193 3446 243 3502 in
270 3446 556 3518 prioribus
585 3447 806 3519 quidem
837 3447 1029 3504 decem
1055 3447 1369 3503 acutissime
1397 3447 1641 3515 disputat

71 3547 226 3596 contra
275 3541 534 3599 infideles
562 3584 578 3610 ,
629 3558 770 3614 quos
816 3543 977 3613 vulgo
1019 3555 1259 3613 paganos
1311 3547 1529 3606 Vocant.
1582 3545 1642 3592 ει

69 3630 336 3693 Christiani
359 3637 595 3692 nominis
617 3636 824 3703 hostes,
847 3636 942 3707 qui
964 3635 1198 3691 Romani
1229 3633 1441 3704 imperii
1462 3631 1641 3686 itumi-

68 3736 254 3783 nentem
297 3728 545 3796 ruinam,
577 3737 636 3784 ut
671 3728 815 3799 quod
861 3743 956 3798 per
985 3727 1039 3783 id
1072 3725 1336 3797 temporis
1366 3723 1632 3780 inclinare

68 3829 278 3886 cmperat
296 3860 320 3888 ,
348 3818 678 3876 Christiana:
701 3819 893 3889 pietati
922 3819 1156 3889 ﬁdeique
1182 3827 1232 3872 et
1253 3815 1504 3886 religioni
1533 3814 1636 3870 im-

69 3910 322 3975 putabant.
357 3911 412 3967 lu
451 3912 652 3984 quibus
683 3911 913 3983 proinde
943 3911 1098 3967 libris
1138 3912 1221 3966 vir
1260 3910 1352 3967 ille
1383 3907 1642 3980 gravissi-

69 4000 152 4058 mis
175 4003 606 4077 certissimisque
636 4021 704 4062 ex
733 4005 974 4077 probatis
1013 4003 1363 4068 historiarum
1406 4002 1640 4072 scripto-

70 4091 194 4149 ribus
231 4095 540 4168 desumptis
591 4097 947 4164 testimoniis,
988 4095 1114 4152 illos
1175 4096 1421 4152 confutat
1474 4103 1638 4165 atque

69 4189 336 4257 tonvincit,
365 4191 533 4247 immo
561 4190 995 4248 luculentis-sitne
1017 4189 1254 4246 ostendit
1274 4188 1640 4245 demonstrat-

70 4292 172 4346 que,
218 4297 586 4341 non.novum
627 4282 761 4353 fore,
803 4293 897 4338 aut
929 4283 1093 4339 etiam
1133 4296 1230 4353 pro
1259 4279 1521 4337 miraculo
1549 4275 1638 4332 lta-

68 4368 303 4442 bendum,
340 4374 644 4433 Romanum
678 4377 1292 4447 imperiumdesiturum
1319 4373 1635 4444 aliquando,

68 4474 140 4516 aut
160 4477 302 4525 certe
316 4467 702 4525 inclinaturum
724 4487 738 4523 :
760 4485 882 4526 eum
902 4469 1208 4526 clarissime
1231 4478 1466 4533 constet,
1487 4464 1632 4537 apud

65 4552 388 4617 historiarum
439 4563 862 4634 annaliuntque,
910 4562 1078 4619 immo
1119 4571 1174 4620 et
1227 4561 1633 4619 Cltronicorum

65 4650 372 4720 scriptores,
411 4654 483 4712 ab
529 4654 847 4727 eisdemque
888 4657 1166 4712 memoria:
1217 4654 1494 4725 proditum
1539 4655 1636 4720 sit,

64 4754 210 4812 regna
229 4756 282 4800 et
317 4747 544 4817 imperia
577 4748 808 4804 subinde
835 4749 918 4804 vel
949 4748 1208 4804 subversa
1253 4746 1518 4814 funditus,
1547 4746 1636 4802 vel

68 4837 301 4896 translata
346 4839 514 4898 fuisse
544 4859 557 4896 :
587 4850 646 4897 ut
686 4840 734 4897 si
761 4841 886 4912 quis
907 4841 1152 4913 exempla
1184 4850 1350 4912 petat,
1383 4842 1635 4914 Assyrio-

63 4943 186 4995 rum,
210 4931 516 5000 Medorum,
539 4933 856 5002 Persarum,
885 4934 1238 4992 Macedonum
1268 4935 1384 4991 sive
1411 4935 1636 4992 Graeco-

62 5035 185 5088 rum,
234 5026 400 5080 etiam
447 5027 553 5082 sub
601 5025 739 5083 falsa
782 5027 876 5082 illa
905 5027 1194 5098 religione,
1226 5043 1348 5098 quae
1375 5027 1468 5082 ditt
1508 5037 1634 5083 ante

58 5110 240 5172 Christi
281 5119 588 5175 Salvatoris
628 5121 801 5176 nostri
832 5119 1126 5176 adventum
1156 5119 1469 5175 universum
1495 5133 1634 5190 pene

58 5207 222 5263 urbem
246 5220 544 5281 occuparat
565 5220 729 5284 atque
761 5211 1032 5268 illuserat.
1058 5213 1190 5279 Quae
1215 5212 1470 5267 nimirum
1502 5211 1632 5282 quid

52 5295 181 5353 aliud
211 5300 444 5370 (quasso)
475 5299 603 5368 fuit,
627 5316 792 5372 quam
829 5301 1089 5358 falsorum
1115 5301 1366 5367 deorum,
1397 5301 1514 5357 sive
1541 5317 1632 5357 ve-

52 5390 152 5446 rius
179 5392 489 5450 datmonum
513 5435 532 5462 ,
561 5393 738 5449 cultus
766 5394 1189 5450 exitiosissimus
1214 5394 1238 5449 7
1263 5394 1534 5450 Craterum
1559 5409 1630 5451 ne

49 5480 218 5554 impiis
255 5487 360 5542 illis
387 5496 446 5543 et
473 5485 816 5558 blasphemis
840 5485 1167 5542 Christiana;
1196 5486 1476 5558 religionis
1501 5501 1632 5541 oso-

49 5575 189 5632 ribus
232 5589 288 5634 et
327 5578 794 5637 conviciatoribus
829 5588 1144 5650 superesset
1173 5577 1490 5649 quidquam,
1521 5593 1631 5648 quo

45 5680 186 5724 suam
237 5668 382 5728 illam
411 5671 687 5728 vafritiam
736 5682 792 5727 et
839 5671 1183 5741 versipellem
1226 5671 1490 5726 malitiam
1548 5685 1614 5724 ac

48 5761 474 5823 maledicentiam
511 5763 780 5825 adversus
803 5762 1147 5824 Christianos
1188 5765 1334 5836 ipsos
1362 5771 1629 5836 praetexe-

1663 3128 1712 3194 C

1743 3079 1920 3133 versis
1941 3086 2123 3149 gestas
2164 3078 2500 3148 temporibus
2535 3091 2866 3149 cognoscere
2891 3075 3097 3143 studet,
3130 3083 3341 3147 tempo-

1744 3187 1864 3227 rum
1892 3187 2110 3242 quoque
2142 3172 2419 3242 ipsorum,
2448 3171 2648 3242 quibus
2687 3186 2776 3227 res
2818 3169 2925 3226 illae
2965 3178 3136 3241 gestat
3177 3177 3343 3240 sunt,

1740 3274 1947 3320 certam
1994 3263 2154 3319 simul
2197 3263 2468 3319 rationem
2507 3262 3060 3334 observatiottemque
3113 3262 3348 3319 habere.

1741 3357 1894 3427 Quod
1923 3357 2142 3429 quidem
2171 3373 2309 3428 opus
2339 3358 2464 3428 quia
2489 3357 2600 3428 jam
2632 3356 2928 3428 aliquoties
2958 3370 3224 3413 excusum
3253 3371 3342 3413 ex-

1745 3448 1906 3517 stitit,
1950 3450 2049 3506 sed
2080 3449 2294 3505 mendis
2331 3449 2550 3505 interim
2580 3464 2688 3505 non
2717 3450 2902 3520 paucis
2942 3456 3183 3518 scatens,
3215 3448 3346 3506 licet

1747 3543 1912 3598 toties
1935 3549 2198 3598 tentatum
2221 3542 2290 3597 ab
2312 3542 2398 3597 bis
2417 3541 2712 3598 etttaculari
2735 3541 3164 3612 repurgariqtte:
3199 3555 3347 3598 nunc

1743 3635 1962 3692 demum
1990 3652 2122 3692 cura
2165 3647 2218 3692 et
2247 3634 2504 3706 expensis
2544 3631 2788 3706 magistri
2812 3634 3044 3690 Gotfridi
3081 3634 3340 3707 Hittorpii

1743 3729 1878 3784 civis
1905 3729 2246 3785 Coloniensis
2269 3743 2375 3783 non
2405 3727 2573 3784 intimi
2601 3725 2833 3793 ordinis,
2859 3726 2960 3781 viri
2988 3742 3075 3782 me
3105 3726 3333 3784 hercule

1742 3830 1798 3877 et
1841 3822 2091 3876 industrii
2140 3830 2195 3876 et
2241 3819 2490 3885 honesti,
2543 3818 2640 3874 sed
2679 3817 3017 3888 recognitum
3049 3818 3202 3887 prius
3225 3833 3333 3874 non

1744 3930 1905 3985 parva
1931 3916 2232 3986 diligentia,
2259 3915 2454 3984 partim
2485 3919 2693 3977 nostra,
2722 3911 2918 3980 partim
2943 3909 3172 3966 aliorum
3199 3926 3340 3984 quo-

1743 4007 1990 4063 rumdam
2011 4048 2026 4073 ,
2065 4016 2119 4061 et
2144 4007 2212 4060 ab
2250 4005 2590 4061 restantibus
2638 4003 2852 4060 mendis
2880 4015 3258 4074 repurgatum,
3287 4005 3343 4063 in

1746 4098 1926 4155 lucem
1950 4099 2144 4153 iterum
2179 4095 2383 4166 prodit,
2421 4095 2594 4149 multo
2617 4109 2748 4150 sane
2776 4094 2934 4150 aliter
2959 4110 3119 4165 quam
3160 4096 3344 4152 hacte-

1747 4205 1872 4255 nus,
1896 4186 2167 4258 simulque
2195 4195 2245 4242 et
2274 4186 2418 4258 typis
2448 4183 2740 4240 admodum
2766 4185 3154 4256 plausibilibus
3177 4204 3346 4245 exeu-

1744 4297 1888 4337 sunt.
1918 4279 2184 4337 Cmterum
2233 4279 2373 4334 hanc
2402 4287 2645 4334 nostram
2686 4277 2740 4333 in
2770 4278 2874 4334 hoc
2917 4286 3164 4335 navatam
3191 4280 3344 4338 lucu-

1747 4373 2050 4430 brationem
2079 4379 2244 4442 atque
2278 4385 2536 4441 operam,
2568 4384 2692 4425 cum
2716 4373 2828 4441 jam
2859 4369 3340 4443 circumspicerent

1745 4477 2067 4533 mecumque
2093 4462 2388 4532 cogitarem
2412 4501 2427 4528 ,
2462 4458 2677 4516 cuinam
2723 4475 2791 4517 ex
2830 4460 3167 4532 principibus
3204 4461 3342 4517 viris

1747 4570 2116 4628 nunettparem
2160 4552 2612 4624 dedicaremque,
2648 4561 2706 4608 ut
2735 4552 2891 4623 cujus
2919 4552 3086 4608 tutela
3136 4553 3341 4608 nitere-

1750 4659 1872 4717 tur,
1916 4658 2005 4704 tua
2051 4646 2186 4703 mihi
2217 4661 2338 4702 cum
2369 4645 2558 4716 primis
2589 4647 2760 4716 gratia
2795 4645 2849 4701 in
2893 4655 3132 4702 mentem
3162 4644 3338 4712 venit,

1746 4744 1947 4815 inclyte
1976 4757 2040 4798 ac
2083 4754 2351 4812 generose
2380 4739 2608 4806 Comes,
2650 4755 2754 4797 nec
2791 4737 2842 4793 id
2867 4738 3080 4807 quidem
3110 4752 3242 4795 sane
3267 4738 3337 4794 ab

1755 4854 1838 4894 re.
1867 4836 2078 4906 Quippe
2114 4834 2268 4904 cujus
2305 4833 2548 4888 favorem
2596 4842 2651 4888 et
2681 4831 3112 4887 benevolentiam
3140 4831 3342 4902 saepius

1747 4931 1800 4986 in
1828 4947 1914 4987 me
1942 4938 2204 5000 expertus
2228 4943 2370 4992 sum,
2405 4941 2510 4983 non
2539 4925 2740 4996 absque
2770 4924 2944 4980 fructu
2972 4933 3025 4980 et
3051 4925 3340 4983 commodo

1745 5023 1929 5095 aliquo
1970 5038 2113 5078 meo.
2150 5021 2335 5091 Itaque
2371 5029 2428 5073 ιιι
2457 5017 2842 5090 gratitudinem
2874 5019 3067 5074 saltem
3095 5017 3338 5090 aliquam

1742 5132 1870 5188 erga
1903 5127 1954 5172 te
1981 5130 2158 5171 meam
2197 5122 2251 5168 et
2289 5109 2458 5166 animi
2507 5125 2632 5180 erga
2666 5117 2717 5164 te
2749 5109 2856 5164 tnei
2886 5109 3338 5180 prepensionem,

1741 5224 1886 5264 nunc
1914 5207 2132 5262 tandem
2168 5206 2249 5259 vel
2295 5213 2585 5271 utcumque
2620 5200 2893 5256 declarent
2939 5201 3338 5274 ostendatnque

1739 5302 1888 5370 (nam
1933 5299 1986 5353 id
2015 5301 2066 5352 in
2101 5297 2240 5350 votis
2265 5292 2583 5362 jamdudum
2628 5292 2814 5358 habui,
2848 5293 2929 5348 vir
2957 5293 3336 5352 cordatissittte

1745 5387 2194 5462 dignissimeque)
2221 5429 2234 5454 ,
2266 5385 2368 5442 hoc
2405 5394 2511 5440 tum
2535 5384 2720 5455 gratia
2756 5398 2821 5440 ac
2847 5384 3233 5442 muniﬁcentia:
3273 5387 3330 5443 in

1743 5482 2035 5555 praesentia
2060 5478 2437 5534 munusculum
2461 5475 2633 5532 oliero
2655 5475 2963 5548 dedicoque
2988 5495 3002 5532 :
3031 5493 3132 5533 nec
3147 5477 3336 5534 dubito

1743 5578 1872 5649 quin
1914 5585 2001 5631 tua
2038 5589 2166 5644 erga
2210 5587 2297 5628 me
2342 5571 2746 5638 benevolentia,
2796 5570 2931 5627 illud
2982 5571 3336 5643 quantulum-

1743 5683 1958 5738 cunque
1986 5665 2087 5732 sit,
2128 5679 2284 5735 aequo
2312 5664 2656 5736 benignaque
2695 5664 2878 5720 animo
2914 5664 2987 5719 sit
3013 5673 3330 5734 acceptura,

1741 5772 1804 5821 ut
1852 5759 1944 5832 qui
1979 5757 2159 5817 soleas
2202 5770 2302 5829 pro
2337 5766 2425 5815 tua
2474 5755 2792 5828 prudentia,
2831 5771 2937 5815 non
2962 5755 3031 5812 ad
3056 5770 3171 5813 rem
3204 5769 3327 5827 quat
