3908 6302
566 300 670 357 617

1611 298 1880 357 PAULUS
1918 295 2216 355 OROSIUS
2252 294 2789 353 CIIRONOLOGUS.
3729 297 3811 353 (illi

562 421 803 476 donatur
833 420 1145 484 oﬂ‘erturve,
1169 415 1265 472 sed
1296 415 1363 469 ad
1388 414 1628 469 animum
1655 414 1836 484 potius
1865 427 1971 483 quo
1993 411 2155 466 dona-
2181 412 2229 470 Α
2260 408 2580 480 deperditis,
2642 406 2961 462 fidelissime
3012 404 3418 474 transsumpsit.
3455 405 3626 459 Porro
3669 404 3707 459 si
3744 410 3808 461 cui

567 523 655 568 tur
681 512 1013 581 olferturque
1037 552 1053 577 ,
1084 510 1376 579 respicere.
1410 507 1561 575 Quod
1593 515 1775 561 tatnen
1799 506 1891 561 ubi
1917 505 2025 575 jam
2057 518 2155 573 pro

566 618 847 675 comperto
877 604 1137 669 habuero,
1184 618 1289 657 non
1324 610 1409 656 est
1453 615 1560 671 quo
1598 614 1706 655 non
1752 600 1870 669 ipse
1898 596 2027 651 mihi
2060 610 2155 650 no-

563 698 708 753 mine
736 698 925 768 gratia:
951 706 1057 751 tua:
1085 696 1346 767 gratulari
1375 696 1572 751 merito
1596 694 1849 749 debeam.
1890 692 2037 747 Bene
2063 704 2157 745 va-

562 791 670 845 leat
696 802 784 847 tua
811 791 1018 847 Gratia.
1043 790 1285 848 Colonia:
1307 830 1321 857 ,
1350 788 1525 859 pridie
1565 786 1786 843 kalend.
1818 784 2023 842 mensis
2044 786 2159 841 Au-

564 884 728 953 gusti.

1186 973 1523 1031 EPISTOLA

857 1091 1103 1148 GERABDI
1154 1089 1455 1146 BOLSUINGB
1495 1102 1563 1143 ao
1612 1085 1859 1142 Domuum

1002 1164 1264 1218 Ancutsr.
1312 1162 1374 1215 Ι).
1419 1161 1721 1214 llenlanxt.

567 990 669 1044 ικιῶ

568 1296 888 1355 lleverendo
916 1296 967 1351 in
991 1295 1214 1351 Christo
1240 1294 1378 1362 patri
1412 1309 1477 1349 ac
1506 1294 1752 1358 domino,
1780 1288 2008 1345 Domino
2030 1286 2161 1362 Qni-

640 1370 792 1433 rino,
828 1369 921 1423 Dei
953 1376 1007 1422 et
1037 1360 1365 1440 Apostolicae
1392 1365 1541 1440 sedis
1564 1362 1737 1440 gratia
1771 1360 2161 1440 episeopotlyf

642 1432 834 1495 renen.
867 1432 1314 1494 reverendissimi
1341 1450 1406 1490 ac
1435 1432 1783 1489 illustrissimi
1815 1432 2075 1502 principis
2104 1437 2162 1484 et

640 1511 845 1564 domini
898 1508 1066 1565 nostri
1124 1509 1187 1562 1).
1241 1507 1524 1561 llenuasxt
1556 1547 1570 1567 ,
1612 1501 1826 1560 Sancue
1874 1501 2155 1557 Colonien.

634 1582 895 1636 Ecclesia:
950 1579 1390 1646 archiprtesulis.
1437 1588 1491 1630 et
1543 1578 1692 1631 Sacri
1739 1574 1911 1646 Rern.
1941 1571 2158 1646 Imperii

642 1667 737 1717 per
764 1651 970 1705 Italiam
998 1642 1523 1712 archi—cancellarii,
1558 1644 1824 1715 principis
1858 1642 2153 1717 Eleetoris,

635 1715 972 1789 Wesphalite
992 1731 1048 1776 et
1070 1721 1319 1788 Auguria:
1347 1720 1522 1783 ducis,
1555 1719 1851 1789 Legatique
1878 1715 2156 1789 nati,_etc.

2259 518 2357 574 per
2386 504 2524 557 alias
2554 506 2691 557 forte
2740 502 3135 570 occupationes
3167 500 3400 555 liberum
3435 516 3543 553 non
3567 499 3636 553 sit
3661 515 3813 556 omnes

2259 594 2501 648 omnium
2535 593 2788 648 historias
2818 593 3074 649 evolvere
3097 631 3115 659 ,
3148 592 3239 647 hic
3270 590 3436 647 habet
3462 594 3607 647 velut
3630 590 3813 645 absolu-

2262 695 2372 741 tum
2430 685 2838 756 c0utpendium,
2884 684 3241 740 selectissima
3302 699 3536 755 qumque
3585 684 3818 754 magisque

2260 776 2572 832 necessaria
2603 792 2670 831 ex
2724 776 2977 831 omnibus
3021 776 3417 845 complectens,
3452 775 3593 847 quod
3637 776 3818 845 quidem

2259 877 2579 924 cunctarum
2610 868 2958 922 historiarum
2990 867 3161 923 instar
3202 882 3328 923 esse
3370 867 3565 937 possit.
3593 866 3821 923 Historia-

2261 976 2381 1015 rum
2410 974 2543 1014 vero
2572 962 2817 1034 ἐγκώμιον
2868 972 2966 1029 pro
2995 959 3193 1014 merito
3221 957 3503 1013 celebrare
3539 968 3594 1011 ut
3619 973 3820 1013 mearum

2263 1069 2372 1108 non
2399 1062 2483 1108 est
2513 1054 2706 1108 virium
2726 1094 2741 1117 ,
2770 1053 2843 1107 ita
2882 1052 2969 1107 hic
3018 1052 3173 1107 locus
3197 1052 3428 1107 minime
3456 1050 3706 1117 admittit,
3734 1062 3824 1106 tau-

2264 1155 2377 1201 tum
2409 1146 2815 1202 detrectatores
2848 1148 3009 1201 unius
3031 1145 3317 1201 Ciceronis
3343 1146 3495 1201 dicto
3522 1146 3679 1201 veluti
3717 1148 3825 1203 fuste

2262 1238 2656 1308 comprimam:
2693 1238 2975 1310 lgnorare,
3008 1237 3202 1308 inquit,
3233 1238 3361 1308 quid
3411 1248 3680 1308 antequam
3704 1248 3826 1293 natus

2265 1331 2337 1386 sis
2358 1341 2535 1385 actum
2574 1348 2665 1386 seu
2687 1343 2888 1404 gestum
2908 1332 2997 1399 sit,
3029 1332 3127 1385 hoc
3152 1341 3231 1386 est
3260 1347 3467 1403 sentpcr
3497 1349 3603 1387 csse
3621 1349 3824 1404 puerum.

2278 1424 2395 1479 iam
2428 1442 2558 1480 vero
2588 1436 2850 1496 quantum
2882 1425 2984 1480 olei
3015 1424 3326 1490 laborisque
3374 1424 3502 1480 huic
3527 1425 3722 1480 auctori
3762 1441 3826 1481 rc-

2265 1520 2553 1575 stituendo
2576 1522 2881 1590 impensum
2903 1521 2997 1587 sit,
3027 1535 3188 1576 nemo
3208 1519 3515 1590 pervidebit
3537 1521 3827 1590 judicabitrc

2265 1614 2535 1679 exactius,
2563 1630 2724 1685 quam
2750 1617 2839 1685 qui
2866 1615 2969 1670 hoc
2993 1616 3281 1685 exemplar
3306 1631 3432 1670 cum
3462 1614 3719 1683 prioribus
3736 1615 3829 1685 qui-

2266 1706 2456 1761 busvis
2485 1708 2648 1762 etiam
2683 1718 2792 1761 tam
2842 1708 3065 1777 scriptis
3093 1722 3253 1777 quam
3306 1707 3591 1777 impressis
3619 1706 3830 1762 contule-

636 1793 689 1849 in
722 1785 1121 1870 pontificalibus
1148 1785 1632 1870 Yicario_generali
1664 1828 1679 1851 ,
1709 1785 1999 1845 GEuauous
2024 1785 2155 1839 Boc-

2266 1799 2355 1852 rit.
2388 1797 2523 1853 Nam
2554 1798 2680 1869 quid
2713 1814 3030 1854 recenseam
3060 1814 3155 1854 seu
3195 1798 3369 1855 mavis
3420 1799 3699 1870 subjiciam
3721 1814 3827 1853 cen-

642 1879 834 1919 suram:
864 1862 1410 1919 Ilerkeliucbusensis
1443 1862 1710 1916 Salutem.

636 1996 771 2053 Cum
804 1996 957 2051 multi
988 2005 1113 2051 sunt
1142 1994 1305 2051 hodie
1330 2037 1345 2059 .
1391 1993 1693 2052 reverende
1722 1993 1881 2049 Pater
1907 1991 2160 2064 idemque

574 2089 889 2145 doctissime
909 2088 1139 2159 Przesul,
1170 2088 1261 2158 qui
1292 2088 1343 2143 in
1375 2087 1729 2144 restituendis
1766 2098 2011 2143 veterum
2042 2100 2161 2141 mo-

564 2182 866 2251 numentis,
898 2182 966 2237 de
988 2196 1048 2237 re
1082 2180 1341 2236 litteraria
1386 2180 1632 2237 certatim
1659 2180 1800 2238 bene
1822 2180 2020 2237 mereri
2040 2188 2157 2235 stu-

565 2276 732 2332 deant
754 2322 768 2345 ,
797 2286 912 2331 tum
937 2279 1018 2332 vel
1049 2277 1103 2331 in
1133 2275 1325 2347 primis
1349 2276 1401 2330 in
1430 2292 1618 2332 eorum
1650 2276 1774 2332 albo
1803 2287 1887 2331 est
1918 2278 2001 2331 vir
2024 2291 2158 2331 can-

564 2368 882 2424 didissimus
917 2370 1067 2439 juxta
1114 2375 1277 2440 atque
1328 2368 1566 2439 optimus
1598 2367 1917 2438 Godefridus
1957 2366 2161 2421 [littor-

567 2463 685 2534 pius
707 2504 720 2527 ,
752 2462 841 2533 qui
890 2477 1185 2532 numquam
1220 2476 1327 2515 non
1359 2459 1564 2532 aliquid
1594 2468 1840 2516 veterum
1872 2460 2163 2516 elucubra-

567 2556 774 2609 tionum
807 2569 907 2610 suo
943 2553 1221 2624 impendio
1258 2553 1344 2607 vel
1375 2552 1655 2623 purgatins
1686 2552 1773 2607 vel
1804 2552 2077 2608 elimatius
2107 2552 2158 2607 in

562 2649 737 2704 lucem
779 2648 1031 2718 profert:
1071 2656 1235 2719 atque
1274 2646 1415 2702 adeo
1447 2661 1621 2717 nuper
1662 2660 1873 2700 mecum
1910 2644 2051 2714 egit,
2102 2652 2162 2699 ut

562 2739 788 2795 Paulum
821 2739 970 2795 illum
1002 2738 1254 2794 Orosium
1285 2753 1408 2794 cum
1434 2737 1714 2793 veteribus
1736 2752 1798 2793 ac
1823 2735 2162 2804 manuscrip-

564 2831 630 2886 lis
660 2830 1064 2900 exemplaribus
1096 2831 1391 2899 collatum,
1425 2845 1453 2884 a
1483 2837 1563 2885 tut
1590 2828 1913 2884 meadorum
1957 2829 2159 2899 myria-

561 2922 725 2977 dibus
757 2938 855 2992 pro
884 2923 1090 2978 viribus
1132 2923 1499 2978 vindicarem:
1533 2922 1731 2993 quibus
1774 2922 1992 2993 quidem
2034 2922 2162 2977 hac-

565 3022 722 3069 tenus
750 3014 833 3067 vel
857 3015 1220 3071 somnolculia
1240 3057 1253 3081 ,
1279 3016 1365 3071 vel
1399 3016 1611 3083 ignavia
1639 3031 1736 3071 seu
1766 3016 1935 3071 mavis
1963 3015 2157 3071 inertia

564 3114 677 3160 tum
700 3105 1000 3161 scribarum
1023 3150 1037 3175 ,
1070 3113 1183 3161 tum
1215 3106 1742 3178 ebalcograpborum
1773 3107 1910 3164 adeo
1942 3108 2158 3163 mutila—

572 3208 656 3253 tus
676 3239 690 3263 ,
721 3210 1040 3268 corruptus,
1090 3215 1153 3255 ac
1182 3199 1501 3269 deturpatus
1546 3200 1741 3266 fuerat,
1767 3209 1826 3254 ut
1850 3201 1934 3255 vel
1962 3200 2154 3257 doctos

564 3291 761 3346 nedum
786 3291 1038 3346 rudiores
1065 3306 1093 3344 a
1116 3292 1200 3346 sui
1232 3292 1465 3348 lectione
1488 3294 1684 3347 merito
1710 3291 2029 3347 deterreret.
2056 3291 2153 3347 Ne—

562 3397 669 3452 que
718 3382 769 3437 id
801 3382 1145 3450 mehercule,
1190 3390 1447 3453 quantum
1492 3382 1559 3438 ad
1588 3391 1865 3439 auctorem
1913 3385 2152 3450 attinet;

565 3475 791 3531 sinistro
820 3475 1023 3546 judicio
1050 3492 1065 3529 :
1097 3475 1367 3546 siquidem
1397 3492 1538 3531 unus
1563 3477 1656 3532 ille
1686 3477 1943 3544 Orosius,
1976 3478 2061 3532 vir
2096 3486 2156 3533 ut

564 3580 793 3643 apparet
820 3570 1065 3628 omnium
1096 3570 1362 3627 bonarum
1391 3571 1696 3627 litterarum
1730 3570 1894 3626 etiam
1941 3571 2151 3626 divina-

569 3680 687 3720 rttm
723 3665 1116 3736 peritissimus,
1150 3665 1195 3721 is
1223 3664 1415 3721 estcni
1440 3664 1525 3720 vel
1555 3663 1657 3719 soli
1693 3665 1745 3719 in
1777 3664 2019 3720 historiis
2041 3679 2156 3721 me-

565 3758 671 3813 rito
701 3758 836 3815 fides
870 3757 1057 3813 haberi
1088 3757 1305 3814 debeat.
1334 3757 1546 3827 Quippe
1578 3756 1667 3826 qui
1698 3754 1860 3811 homo
1891 3755 2157 3812 Christia-

563 3842 662 3907 ntis
682 3894 694 3913 ,
726 3866 865 3906 sano
894 3851 1219 3921 integroque
1243 3848 1454 3919 judicio
1482 3847 1776 3915 praeditus,
1810 3847 1999 3903 adharc
2024 3847 2156 3904 nulli

562 3945 809 4016 privatim
861 3943 1083 3999 factioni
1138 3942 1417 4009 addictus,
1450 3941 1585 3996 nulli
1632 3940 1840 3995 nationi
1883 3956 1980 3997 seu
2009 3940 2156 4012 genti

562 4036 777 4093 deditus
797 4078 810 4101 ,
835 4052 899 4090 ex
924 4035 1146 4106 aptimis
1169 4033 1475 4105 quibusque
1510 4033 1754 4088 historiis
1781 4050 1843 4089 ac
1867 4033 2156 4089 annalibus

559 4129 669 4197 jam
703 4127 829 4183 inde
868 4126 938 4183 ab
987 4124 1217 4182 exordio
1260 4124 1481 4180 humani
1522 4126 1743 4195 generis
1797 4124 2152 4193 conscriptis,

563 4218 687 4273 divo
715 4232 933 4288 quoque
982 4216 1286 4288 Augustino
1338 4223 1563 4271 auctore
1595 4217 1979 4287 negotiumque
2008 4215 2059 4270 id
2105 4216 2157 4272 ei

565 4307 881 4379 injungente
910 4308 1060 4378 (nam
1103 4306 1322 4377 utrique
1351 4305 1597 4363 eamdem
1644 4307 1903 4363 scribenti
1935 4321 2153 4362 causam

564 4399 732 4457 luisse
752 4408 968 4457 constat
986 4443 1000 4469 ,
1028 4399 1333 4472 Augustino
1359 4398 1514 4455 libris
1537 4397 1606 4455 de
1636 4398 1871 4455 Civitate
1900 4400 1989 4456 Dei
2016 4413 2153 4466 xxtr,

562 4493 759 4549 Orosio
790 4494 874 4550 bis
904 4502 1111 4563 septem
1138 4491 1649 4562 falsaspaganorum
1677 4506 1774 4547 seu
1809 4490 2148 4548 ethnicorum

2264 1902 2375 1945 tum
2411 1892 2645 1963 amplius
2698 1907 2923 1957 versus,
2978 1893 3227 1948 mutilata
3282 1908 3481 1950 sensus
3532 1893 3827 1965 integritate,

2263 1987 2463 2055 passim
2498 1988 2893 2042 intermissos?
2922 2002 3152 2058 quorum
3184 1998 3387 2066 tamen,
3416 2004 3483 2043 ue
3512 1987 3629 2060 quis
3661 2003 3829 2042 vanum

2270 2094 2358 2133 me
2386 2086 2561 2148 putet,
2591 2094 2621 2133 e
2650 2079 2835 2135 multis
2887 2094 3088 2150 paucos
3136 2079 3408 2135 indicabo.
3444 2078 3629 2151 Itaque
3677 2081 3833 2134 conlc-

2272 2181 2428 2229 ratur
2460 2174 2670 2228 initium
2697 2174 2887 2245 capitis
2918 2174 3064 2229 tertii
3090 2174 3213 2229 libri
3240 2189 3278 2230 ιι
3306 2173 3398 2229 ubi
3426 2189 3489 2230 ea
3520 2172 3679 2229 verba
3707 2172 3829 2227 desi-

2263 2267 2592 2323 derabantur
2619 2283 2634 2323 :
2667 2266 2765 2321 Cui
2795 2268 3066 2331 successit,
3109 2277 3164 2321 ut
3189 2268 3321 2333 dixi,
3352 2283 3489 2321 uxor
3514 2283 3609 2321 sua
3632 2266 3834 2322 Semira-

2262 2362 2379 2427 mis,
2405 2378 2520 2432 qua:
2539 2378 2655 2415 cum
2678 2372 2720 2417 et
2745 2363 2857 2434 ipsa
2876 2362 2949 2417 42
2973 2363 3124 2417 annis
3152 2372 3416 2433 regnaret,
3437 2372 3547 2419 etc.
3576 2361 3699 2418 Item
3724 2377 3828 2431 cap.

2264 2454 2331 2509 17
2364 2464 2421 2509 ιιι
2449 2454 2554 2509 alia
2606 2464 2900 2521 transeam,
2932 2454 3053 2510 libri
3078 2470 3130 2521 v,
3162 2471 3255 2509 sex
3290 2454 3413 2525 plus
3443 2455 3622 2510 minus
3667 2468 3831 2511 versus

2263 2548 2409 2603 nulla
2458 2548 2662 2619 alioqui
2718 2556 3007 2604 constante
3060 2548 3330 2604 sententia
3392 2549 3827 2621 requirebantur,

2263 2655 2458 2710 nempe
2485 2638 2557 2695 ibi
2587 2656 2600 2693 :
2641 2638 2741 2693 Die
2784 2640 2925 2693 dicta
2970 2656 3001 2694 a
3040 2641 3326 2711 suppositis
3355 2642 3589 2712 ejusdem
3618 2641 3829 2711 [actionis

2252 2735 2537 2805 judicibus,
2564 2751 2654 2805 per
2679 2734 2849 2789 scelus
2887 2735 3135 2789 innocens
3178 2734 3428 2790 Metellus
3468 2736 3757 2799 damnatus,
3786 2734 3826 2786 in

2260 2826 2505 2880 exsiliunt
2548 2841 2667 2879 cum
2712 2826 2870 2880 totius
2906 2825 3060 2880 Urbis
3107 2828 3287 2883 dolore
3332 2828 3606 2894 discessit;
3652 2836 3828 2895 etqme

2259 2926 2562 2987 sequuntur
2593 2932 2784 2987 usque,
2812 2917 3093 2988 infamibus
3122 2920 3356 2974 ausibus.
3393 2919 3593 2975 Itidem
3617 2935 3730 2990 cap.
3757 2931 3827 2971 sc-

2261 3010 2445 3079 quenti
2474 3008 2722 3079 ejusdem
2750 3007 2847 3063 lib.
2883 3024 2988 3064 non
3017 3011 3199 3065 minus
3226 3018 3339 3066 tres
3367 3012 3711 3082 prretermissi
3735 3013 3828 3064 tne-

2267 3112 2410 3171 rant,
2441 3103 2512 3159 ibi
2543 3120 2556 3157 :
2590 3102 2831 3176 Namque
2857 3104 2931 3159 ita
2960 3115 3013 3158 ut
3042 3104 3255 3159 attoniti
3289 3106 3477 3161 timore
3501 3105 3720 3161 hostium
3746 3114 3828 3158 ste-

2191 3176 2237 3239 (ἶ
2270 3202 2461 3261 terant,
2484 3196 2577 3251 alii
2599 3192 2867 3267 stirpibus,
2892 3196 2985 3251 alii
3006 3198 3145 3253 saxis
3173 3196 3410 3263 reclines,
3452 3200 3548 3253 alii
3570 3201 3721 3254 armis
3740 3198 3827 3252 suis

2258 3288 2554 3354 innitentes,
2583 3299 2690 3345 etc.
2732 3289 2871 3357 Quid
2910 3290 3083 3345 dicam
3117 3290 3185 3347 de
3213 3300 3292 3346 tot
3312 3292 3546 3349 millibus
3571 3295 3825 3349 verborum

2258 3381 2341 3436 vel
2366 3381 2631 3438 restitutis
2653 3382 2736 3438 vel
2763 3383 2813 3437 in
2838 3382 3011 3439 locum
3035 3383 3323 3453 repositis?
3345 3385 3426 3440 Ad
3452 3400 3610 3456 quant
3639 3384 3826 3458 quidem

2258 3489 2373 3531 rem
2407 3491 2513 3531 non
2546 3491 2733 3547 parum
2758 3479 3019 3533 momenti
3040 3477 3200 3535 nobis
3222 3479 3527 3534 attulerunt
3553 3480 3650 3534 tria
3674 3488 3829 3534 vetus.

2260 3568 2469 3624 tissima
2494 3569 2825 3642 exemplaria
2857 3570 3086 3641 scripta,
3118 3586 3347 3643 quorum
3380 3588 3544 3629 unum
3577 3572 3661 3627 vix
3693 3571 3829 3627 hodie

2256 3659 2400 3716 netis
2418 3671 2510 3715 aut
2527 3660 2837 3733 legibilibus
2862 3662 3169 3718 litterarum
3205 3664 3394 3735 ﬁguris
3416 3664 3742 3736 descriptum
3769 3663 3832 3716 bi-

2256 3753 2529 3810 bliotheca
2574 3755 2798 3825 majoris
2830 3754 3093 3813 Ecclesiae
3128 3757 3425 3814 Colonien.
3475 3758 3826 3829 suppeditavit.

2256 3847 2419 3918 Atqui
2458 3850 2645 3918 quanti
2679 3847 2880 3917 negotii
2912 3863 3005 3904 res
3032 3848 3196 3904 fuerit
3228 3850 3279 3904 iu
3314 3858 3461 3905 tanta
3493 3850 3731 3906 codicum
3758 3862 3833 3899 va-

2258 3941 2525 4012 riegantia
2555 3956 2651 3997 seu
2701 3940 3042 4009 dissidentia,
3074 3944 3165 3999 ubi
3204 3943 3397 4014 scripti
3425 3945 3495 4000 ab
3544 3942 3819 4014 impressis,

2257 4036 2548 4106 etutrique
2577 4035 2721 4091 inter
2744 4051 2804 4091 se
2830 4050 2989 4106 qnam
3020 4037 3253 4093 maxime
3275 4037 3681 4103 discordabant,
3709 4033 3832 4105 judi—

2257 4143 2383 4183 care
2429 4128 2557 4199 quid
2612 4128 2949 4185 eradendum
3001 4145 3096 4185 seu
3140 4130 3565 4203 relinquendum
3596 4174 3611 4196 ,
3660 4129 3833 4201 quidve

2267 4218 2428 4275 etiam
2455 4220 2892 4277 subslituendum
2920 4220 3107 4289 fuerit,
3140 4222 3229 4278 vix
3272 4223 3548 4295 quispiam
3594 4224 3695 4280 nisi
3736 4223 3836 4291 ipse

2270 4319 2527 4381 expertus
2543 4310 2750 4367 credat.
2774 4312 3046 4369 Prmterea
3071 4314 3157 4369 cui
3189 4314 3454 4385 ignotum,
3489 4332 3647 4389 quam
3672 4315 3835 4371 indoc-

2259 4409 2315 4458 te
2347 4417 2414 4459 ne
2445 4402 2621 4460 dicam
2654 4404 2796 4460 finde
2822 4420 2919 4475 per
2945 4403 3065 4482 ὅρον
3090 4404 3251 4480 λύρας
3282 4409 3561 4479 quondam
3598 4410 3685 4465 hic
3712 4407 3834 4461 liler

2258 4493 2423 4550 fuerit
2449 4495 2502 4550 in
2527 4497 2701 4565 capita
2730 4496 3219 4564 dissectus?adeo,
3251 4508 3311 4554 ut
3349 4516 3458 4556 non
3488 4501 3663 4556 solum
3703 4498 3832 4554 nullo

565 4584 905 4656 suspiciones
934 4598 999 4640 ac
1023 4583 1328 4640 calumnias
1377 4581 1696 4653 depellenti)
1730 4599 1793 4638 ea
1843 4583 2146 4654 collegerit,
2177 4556 2234 4619 D
2258 4583 2447 4641 habito
2477 4556 2731 4657 respectu
2772 4586 3116 4643 diversarum
3144 4556 3326 4645 rerum
3358 4599 3454 4645 aut
3480 4590 3830 4653 historiarum,

562 4681 860 4751 seduloque
886 4693 1049 4749 opera
1080 4678 1148 4733 ad
1176 4686 1425 4747 posteros
1454 4677 1837 4745 transmiserit,
1872 4694 1992 4750 quae
2015 4678 2152 4735 citra

562 4773 999 4830 controversiam
1031 4772 1100 4827 ab
1152 4771 1297 4826 omni
1328 4771 1523 4826 affectu
1554 4771 1896 4841 vanitateque
1940 4773 2154 4829 seclusa

562 4881 787 4935 prorsus
812 4875 973 4937 atque
999 4865 1242 4937 seiuncta
1274 4864 1589 4920 viderentur
1613 4906 1628 4932 ,
1663 4865 1920 4923 adhibitis
1950 4868 2151 4937 passim

561 4965 615 5014 et
644 4958 696 5013 iu
742 4959 863 5015 loco
913 4958 1133 5029 optimis
1181 4956 1665 5027 saluberrimisque
1709 4957 2003 5014 Christiani
2032 4974 2157 5030 pec-

563 5051 696 5107 toris
721 5050 1108 5118 condimentis,
1137 5066 1258 5123 qum
1286 5049 1434 5122 pium
1481 5064 1544 5105 ac
1576 5049 1856 5105 cordatum
1888 5050 2149 5107 lectorem

561 5160 667 5201 non
699 5143 879 5200 minus
930 5143 1199 5213 profecto,
1230 5157 1390 5213 quam
1424 5142 1556 5211 ipsa:
1589 5139 1832 5196 historia:
1860 5141 2150 5212 juvabunt.

559 5236 782 5293 Accedit
816 5233 899 5289 bis
929 5250 1144 5305 quoque
1172 5235 1314 5306 quod
1343 5233 1533 5303 optimi
1564 5230 1725 5303 hujus
1747 5232 1849 5287 viri
1882 5233 2153 5292 beneficio

562 5326 926 5397 res‘profecto
979 5330 1275 5384 innumera:
1329 5336 1383 5382 et
1417 5324 1563 5380 haud
1589 5339 1858 5396 quaquam
1890 5341 2154 5397 spernen-

570 5423 654 5478 da:
684 5420 888 5477 clarius
916 5420 1073 5475 nobis
1101 5422 1297 5477 dentur
1328 5419 1598 5491 pervideri
1632 5436 1646 5477 :
1672 5436 1899 5491 quarum
1944 5421 2154 5478 scilicet

556 5511 786 5584 perditis
816 5510 1129 5580 archetypis
1154 5514 1242 5567 vix
1269 5511 1398 5567 alibi
1432 5512 1593 5568 hodie
1623 5513 1914 5584 vestigium
1963 5529 2155 5585 super-

560 5614 665 5663 est.
720 5604 874 5674 Quod
905 5615 1079 5673 genus
1106 5612 1233 5659 sunt
1259 5604 1427 5660 multa
1468 5620 1593 5676 qua:
1634 5607 1838 5675 optima
1868 5606 1973 5663 fide
2003 5622 2067 5663 ex
2095 5608 2157 5662 ll-

557 5694 857 5753 delissimis
882 5689 1127 5749 Livianae
1158 5690 1437 5750 industria:
1458 5697 1850 5763 monumentis,
1885 5698 1997 5768 jam
2020 5698 2152 5755 olim

559 5788 752 5862 injuria
804 5795 1115 5859 temporum
1151 5799 1247 5843 seu
1289 5785 1472 5859 potius
1523 5788 1840 5859 ignavorum
1873 5788 2151 5849 hominum

2258 4693 2446 4733 verum
2478 4693 2587 4734 non
2620 4695 2744 4735 raro
2775 4679 2827 4733 in
2858 4680 3053 4735 mediis
3094 4682 3369 4751 periodis,
3400 4682 3572 4739 immo
3597 4696 3834 4739 sensuum

2260 4771 2477 4827 interim
2518 4771 2780 4828 clausulis
2829 4774 3112 4831 orationes
3141 4774 3455 4831 divaricarit
3486 4786 3646 4848 atque
3674 4779 3840 4843 sejun-

2257 4866 2421 4931 xerit,
2461 4880 2789 4936 rursumque
2834 4866 2924 4921 ubi
2973 4867 3211 4923 maxime
3261 4867 3609 4939 dissepienda
3649 4868 3839 4935 disjun-

2257 4955 2505 5027 gendave
2550 4956 2796 5025 fuerant,
2839 4959 3166 5016 concluserit
3201 4974 3264 5015 ac
3289 4963 3693 5033 conglutinarit.
3718 4960 3838 5015 Tum

2261 5062 2421 5118 quam
2463 5048 2668 5104 insulsa
2695 5064 2882 5119 quaeso
2908 5058 2964 5106 et
2990 5050 3172 5122 inepta
3204 5051 3451 5123 nihilque
3480 5052 3547 5108 ad
3575 5070 3687 5109 rem
3721 5067 3833 5121 pcr—

2262 5142 2489 5200 tinentia
2516 5144 2794 5215 adjecerat
2820 5146 3192 5216 argumenta?
3221 5144 3511 5204 Postremo
3537 5163 3701 5220 quam
3732 5161 3835 5215 pcr-

2261 5252 2448 5308 peram
2479 5253 2644 5308 quam
2690 5237 2840 5293 nullo
2889 5238 3095 5309 judicio
3118 5237 3387 5297 hactenus
3418 5241 3561 5297 idem
3598 5242 3687 5296 hic
3718 5240 3837 5293 liln-r

2261 5330 2704 5386 circumferretur
2727 5331 3046 5399 distinctus,
3076 5333 3347 5390 neminem
3384 5335 3555 5392 credo
3581 5349 3726 5397 esse,
3756 5330 3833 5402 qui

2262 5420 2426 5479 modo
2454 5424 2670 5495 legerit,
2707 5424 2798 5494 qui
2852 5424 3082 5495 ignoret.
3131 5426 3340 5492 Quibus
3370 5428 3623 5484 omnibus
3650 5427 3699 5483 si
3727 5422 3834 5495 σιειῖά

2260 5525 2447 5573 nostra
2476 5518 2655 5588 opella
2682 5516 2871 5573 sedula
2903 5517 3071 5588 magis
3099 5534 3259 5589 quam
3292 5521 3502 5579 eftieaci
3533 5522 3834 5579 subventum

2259 5616 2363 5674 est,
2394 5623 2516 5663 cum
2550 5608 2778 5665 studiosi
2805 5609 2966 5664 velim
2998 5625 3188 5665 omnes
3216 5616 3360 5680 aequi
3389 5613 3626 5685 bonique
3654 5625 3835 5668 consu-

2261 5702 2400 5770 lant,
2432 5709 2548 5758 lum
2594 5700 2848 5773 quidquid
2880 5701 2982 5758 hoc
3012 5703 3110 5756 fuit
3141 5703 3343 5759 laboris
3376 5706 3511 5776 tibi,
3541 5707 3744 5762 Prmsul
3769 5704 3835 5757 iu-

2262 5794 2575 5867 tegcrrime,
2620 5793 2879 5862 dicatum,
2934 5809 3001 5852 co
3050 5796 3195 5851 νιιΙιιι
3245 5796 3545 5873 anitnoque
3592 5795 3835 5870 accipias,
