3908 6280
189 226 283 286 669

1045 224 1284 288 VARIE
1324 229 1830 293 DEDICATIONES
1867 232 1955 292 ET
1995 233 2523 297 PRzEFATlONES.

3344 247 3452 307 630

185 357 280 411 quo
324 341 444 397 Olim
489 340 782 397 Persarum
809 339 900 397 ille
925 354 1016 397 τοι
1043 341 1374 398 Artaxerxes
1427 345 1744 418 pauperculi
1775 351 1820 408 A
1849 350 2098 406 veritatis
2138 354 2412 411 cancellos
2457 355 2528 410 ita
2568 356 2672 412 sibi
2705 358 3154 432 circutndedisse,
3206 375 3259 422 ut
3292 383 3454 426 extra

185 431 438 503 cujusdam
460 430 712 487 frivolum
735 432 952 503 quidem
980 432 1075 488 sed
1097 432 1326 503 simplex
1348 449 1570 504 munus,
1597 453 1751 493 nem-

186 539 243 594 pe
266 539 445 594 aquam
495 524 836 594 complicatis
887 525 1138 581 manibus
1166 542 1196 582 c
1225 529 1474 596 proximo
1526 529 1749 586 [lumine

183 619 407 673 haustam
433 616 604 674 fertur
625 617 958 690 suscepisse,
987 619 1322 677 voluntatem
1349 635 1411 676 ac
1437 622 1601 677 animi
1627 638 1750 692 pro-

182 711 496 782 pensionem,
531 728 634 767 non
667 727 779 768 rem
813 712 984 783 ipsam
1017 714 1372 785 permetiens.
1425 714 1617 771 Valeat
1642 716 1750 773 Re-

181 803 394 859 verentia
424 814 512 860 tua
537 804 789 862 feliciter.
820 804 1066 864 Colonia:
1087 847 1102 875 ,
1126 807 1285 864 Anno
1315 808 1457 864 i526
1485 808 1617 880 ipsis
1646 809 1748 865 idi-

181 896 264 952 bus
287 895 447 952 Junii.

783 989 1127 1049 EPISTULA

273 1097 451 1139 FBANC.
492 1097 720 1140 FABRICII
759 1099 1138 1141 ιηοουυιυιιιι
1175 1101 1244 1142 ΑΒ
1298 1101 1352 1143 D.
1397 1103 1636 1144 ιοΑΝΝειι

792 1171 1132 1214 υιιττειιυιι.

176 1243 494 1312 Amplissimo
538 1247 998 1319 ornatissimeque
1041 1247 1162 1304 viro
1219 1249 1283 1305 Ι).
1323 1249 1513 1306 Josnm
1556 1249 1743 1306 Uur-

233 1331 360 1400 Ξειιο
385 1359 402 1383 ,
452 1320 744 1400 praeposito
788 1317 1026 1400 Aquensi
1053 1359 1083 1400 ._
1121 1319 1604 1400 granenburgeusi
1631 1363 1656 1400 ._
1689 1330 1746 1400 e_t

229 1387 468 1460 garpensi
502 1409 518 1444 :
547 1389 821 1445 illustriss.
853 1387 1117 1460 principis
1141 1391 1420 1447 Guilielmi
1446 1387 1609 1447 Ducis
1630 1393 1738 1448 Jul.

229 1456 352 1530 cur.
383 1457 549 1513 hlont.
596 1471 704 1515 etc.
727 1456 1092 1527 cancellario,
1115 1471 1345 1529 patrono
1374 1479 1495 1530 suo,
1535 1464 1742 1520 anc.

231 1528 501 1585 Fssucws
541 1530 977 1588 lsnconunsnus
1013 1531 1072 1588 S.
1117 1528 1182 1587 D.

228 1646 348 1701 Cum
374 1662 602 1714 omnes,
651 1650 746 1720 qui
793 1664 883 1706 res
913 1664 943 1704 a
975 1665 1036 1707 se
1077 1652 1165 1708 vel
1199 1651 1451 1710 inventas
1481 1654 1740 1726 primum,

1852 443 1976 500 illos
2005 461 2301 518 numquam
2333 449 2440 502 sint
2483 451 2711 520 egressi,
2765 453 2909 508 nulla
2949 457 3147 525 gratia,
3199 460 3344 514 nulla
3376 463 3454 517 si-

1853 537 2081 594 multate
2112 540 2168 595 in
2199 541 2498 597 scribendo
2523 543 2635 598 sint
2665 548 2922 615 permoti.
2957 548 3111 616 Quod
3140 553 3359 622 quidem
3395 564 3455 612 ut

1849 628 1920 684 de
1962 629 2130 686 Paulo
2182 631 2376 688 Orosio
2417 634 2470 690 in
2521 633 2624 690 hoc
2669 647 2915 708 tempore
2965 643 3208 710 pluribus
3271 645 3452 701 verbis

1849 719 2070 791 planum
2098 723 2318 789 faciam,
2347 727 2718 782 necessarium
2747 744 2870 785 esse
2902 746 3010 786 non
3051 732 3288 789 arbitror
3313 753 3325 789 :
3352 737 3451 791 sed

1849 827 1910 867 ea
1934 829 2055 883 qua:
2082 813 2472 871 adolescentes
2499 815 2568 872 de
2596 817 2698 873 hoc
2728 831 2917 875 nostro
2943 833 3167 879 auctore
3195 825 3336 882 scire
3369 827 3450 881 la-

1848 903 2143 970 borahunt,
2169 905 2394 962 minime
2424 909 2860 976 prmtcrmittam.
2892 911 3014 967 Vita
3034 914 3152 984 ejus
3173 916 3445 989 descripta

1848 996 2091 1055 breviter
2115 1014 2146 1055 a
2175 998 2463 1056 Gennadio
2493 1001 2546 1057 in
2578 1001 2838 1076 Catalogo
2866 1005 3162 1064 Illustrium
3194 1011 3446 1069 Virorum

1846 1099 2027 1146 exstat
2064 1108 2076 1142 :
2115 1106 2239 1162 qua:
2277 1093 2442 1148 etiam
2486 1094 2539 1148 in
2579 1095 2798 1166 scriptis
2837 1100 3243 1170 exemplaribus
3289 1105 3448 1161 initio

1846 1183 2104 1240 Historia:
2146 1186 2444 1254 invenitur,
2479 1188 2624 1243 sicut
2651 1205 2682 1244 a
2727 1190 2885 1246 nobis
2912 1201 2997 1248 est
3044 1195 3210 1252 edita.
3245 1197 3371 1254 Fuit
3401 1201 3450 1256 is

1847 1275 2216 1346 Christianus,
2254 1277 2307 1333 in
2342 1277 2598 1350 llispauia
2629 1289 2792 1338 natus
2821 1292 2878 1338 et
2905 1284 3194 1356 educatus,
3227 1289 3324 1345 sed
3364 1289 3448 1346 di-

1845 1367 2033 1425 scendi
2061 1369 2314 1440 cupidus,
2353 1385 2484 1426 suos
2514 1373 2857 1444 patriamque
2898 1376 3155 1448 reliquit;
3189 1388 3356 1451 atque
3388 1391 3448 1437 ut

1845 1475 1932 1527 ea,
1957 1475 2080 1529 qum
2107 1461 2160 1516 in
2190 1461 2458 1532 religione
2475 1464 2768 1521 enodatius
2796 1468 2937 1525 scire
2969 1471 3249 1541 cupiebat,
3284 1473 3444 1544 plane

1845 1561 2222 1622 cognosceret,
2268 1554 2320 1609 in
2359 1553 2600 1610 Africam
2643 1557 2712 1612 ad
2745 1557 3027 1614 Aurelium
3073 1561 3444 1631 Augustinum

1846 1642 2078 1713 trajecit.
2095 1643 2223 1698 Fuit
2245 1643 2350 1701 hoc
2371 1645 2515 1702 circa
2539 1661 2742 1702 annum
2764 1649 2969 1705 Christi
2990 1651 3116 1710 400.
3142 1652 3277 1709 Cum
3299 1658 3445 1726 apud

169 1735 238 1790 vel
265 1735 450 1793 deinde
479 1739 734 1796 excultas
773 1755 837 1796 ac
882 1741 1187 1798 illustratas
1218 1743 1419 1800 litteris
1448 1745 1737 1818 consigna-

1843 1735 2202 1806 Augustinum
2233 1745 2402 1804 esset,
2437 1739 2710 1795 consuluit
2737 1756 2862 1797 eum
2890 1743 2959 1798 de
2984 1744 3442 1817 Priscillianistis,

167 1838 301 1894 runt,
330 1829 466 1887 bene
491 1830 562 1887 de
594 1834 918 1903 posteritate
947 1843 1078 1890 sunt
1107 1837 1323 1906 meriti,
1355 1839 1439 1894 vir
1464 1841 1739 1910 amplissi-

168 1938 240 1977 me
268 1940 278 1975 :
332 1934 439 1982 tum
494 1925 641 1982 haud
696 1929 816 1984 scio
845 1945 912 1984 an
943 1929 1040 1986 ulli
1072 1931 1297 1998 melius,
1328 1948 1488 2003 quam
1520 1935 1611 2004 qui
1645 1950 1736 1991 res

163 2027 317 2085 gestas
356 2018 602 2076 historia:
645 2022 1001 2093 mandarunt,
1046 2025 1434 2096 memorimque
1471 2042 1735 2098 propaga-

166 2117 287 2161 ruut.
316 2109 487 2181 Magni
521 2111 684 2179 fiunt,
711 2121 772 2170 ut
796 2115 993 2170 merito
1023 2114 1141 2171 ﬁeri
1182 2115 1404 2182 debent,
1435 2133 1560 2188 qua:
1609 2133 1736 2189 gra-

163 2200 337 2258 vissimi
362 2204 464 2260 viri
484 2204 773 2272 Socrates,
802 2206 985 2277 Plato,
1015 2207 1359 2275 Aristotcles,
1390 2209 1590 2280 aliique
1614 2210 1733 2278 phi-

162 2292 342 2365 lusophi
374 2295 442 2353 de
483 2298 796 2369 appetenda
828 2300 1052 2365 virtute,
1089 2301 1542 2373 aspernantlaque
1571 2303 1730 2358 vitio-

159 2388 292 2444 sitate
317 2389 510 2446 litteris
560 2390 926 2460 prodiderunt
957 2410 972 2447 :
1005 2409 1129 2464 qua:
1177 2402 1357 2450 tamen
1388 2394 1725 2464 Herodotus,

157 2476 500 2551 Thucydides,
541 2480 957 2552 Theopompus,
1004 2483 1279 2552 Ephorus,
1323 2494 1378 2540 ct
1407 2486 1591 2540 cancri
1619 2485 1727 2539 his-

157 2571 283 2626 torici
306 2572 659 2629 monimentis
686 2574 961 2629 annalium
1005 2576 1422 2646 consignarunt,
1459 2577 1726 2648 majorem

153 2659 238 2715 vim
260 2663 322 2718 ad
352 2679 443 2721 res
497 2665 794 2735 pra‘claras
825 2667 1137 2735 sectandas,
1178 2671 1593 2741 contrariasque
1631 2670 1728 2725 de-

152 2753 394 2812 clinandas
444 2757 676 2822 habere.
725 2774 892 2815 nemo
933 2760 1183 2827 inficias,
1217 2761 1432 2833 Opinor,
1478 2762 1597 2818 ibit.
1642 2761 1726 2819 Illi

151 2848 268 2902 enim
295 2850 417 2921 quid
446 2868 614 2924 agere
645 2851 895 2908 homines
921 2853 1183 2916 debeant.
1229 2854 1283 2909 hi
1311 2855 1434 2926 quid
1462 2855 1724 2926 prmelarc

150 2945 347 3012 egerint,
370 2945 577 3003 docent
607 2965 622 3000 :
654 2947 730 3002 illi
759 2948 828 3003 de
857 2948 1084 3004 colenda
1109 2948 1344 3019 justitia,
1379 2948 1720 3018 lortitudine,

148 3040 470 3108 temperantia
498 3039 678 3096 multa
706 3050 984 3112 praecepta
1015 3041 1321 3107 dederunt;
1351 3041 1428 3112 hi,
1464 3042 1722 3114 quisjus.

1843 1833 1902 1882 et
1925 1827 1993 1882 de
2018 1825 2341 1897 quibusdam
2363 1827 2611 1898 Origcnis
2631 1831 2902 1888 sensibus.
2928 1833 3028 1891 Cui
3051 1838 3442 1896 consultationi

1841 1919 1934 1975 ille
1975 1919 2262 1990 respondit
2303 1920 2468 1987 libro,
2506 1922 2597 1992 qui
2639 1933 2822 1980 exstat
2851 1925 2918 1980 ad
2950 1926 3206 1984 Orosium
3247 1944 3442 1988 contra

1838 2009 2280 2068 Priscillianistas
2301 2019 2357 2066 et
2377 2011 2730 2084 Origeuistas.
2765 2017 2991 2088 Capitur
3021 2020 3236 2078 interim
3266 2023 3442 2080 Roma

1837 2118 1868 2158 a
1897 2104 2203 2160 Gothorum
2235 2118 2363 2176 rege
2395 2105 2638 2174 Alarico,
2673 2118 2728 2164 et
2757 2127 3010 2182 magnam
3055 2113 3284 2171 Romani
3329 2118 3444 2172 cla-

1835 2196 1960 2253 dem
1998 2198 2283 2269 accipiunt
2316 2215 2330 2253 :
2372 2213 2703 2272 causamque
2733 2202 2918 2260 hostes
2959 2205 3282 2263 Christiana:
3311 2210 3440 2265 reli-

1835 2288 2017 2358 gionis
2038 2289 2094 2344 in
2117 2305 2234 2345 eam
2262 2291 2586 2358 conferunt;
2617 2293 2880 2351 advtrsus
2908 2295 3028 2353 illos
3059 2309 3170 2354 tum
3201 2301 3432 2358 Orosius

1836 2381 2130 2451 AuguStini
2155 2381 2312 2452 jussu
2337 2381 2438 2438 hos
2467 2397 2677 2454 septem
2713 2388 2881 2444 libros
2909 2389 3270 2448 Historiarum
3306 2409 3440 2452 con-

1833 2474 2074 2544 scripsit.
2105 2474 2179 2530 De
2197 2475 2394 2546 quibus
2422 2477 2672 2534 Gelasius
2696 2481 2906 2550 primus
2933 2497 3056 2538 cum
3089 2501 3195 2540 ιιι
3223 2487 3438 2558 episco-

1833 2567 1918 2637 pis
1938 2570 2266 2624 sententiam
2291 2569 2435 2636 tulit,
2467 2571 2695 2642 ejusmte
2717 2573 2924 2630 decreti
2947 2576 3110 2632 verba
3137 2587 3269 2634 sunt
3293 2578 3436 2636 lucc:

1836 2659 2116 2725 Orosium,
2158 2662 2324 2716 cirum
2367 2665 2813 2735 eruditissimum,
2861 2668 3260 2741 collaudamus,
3309 2677 3435 2744 quia

1830 2754 1981 2809 t'alde
2005 2757 2300 2810 necessaria
2329 2757 2575 2812 adversus
2604 2776 2930 2832 paganorum
2956 2762 3252 2820 calumnias
3281 2767 3432 2822 ordi-

1829 2849 1992 2916 navit,
2038 2849 2274 2920 miraque
2313 2849 2558 2906 brevitate
2592 2855 2875 2908 contexuit.
2908 2855 3198 2928 Augustini
3227 2859 3430 2917 deinde

1828 2942 2094 3010 consilio,
2137 2951 2199 2998 ut
2221 2945 2339 3013 ipse
2369 2944 2436 3000 ad
2470 2945 2736 3002 Evodium
2762 2948 2973 3017 scribit,
3008 2951 3234 3008 Orosius
3265 2955 3429 3010 Beth-

1828 3035 2063 3092 leemum
2099 3037 2169 3092 ad
2200 3036 2394 3094 Divum
2427 3038 2820 3114 Hieronymum
2850 3042 3128 3114 profectus
3167 3055 3270 3114 est,
3303 3063 3428 3104 cum

148 3135 214 3194 te,
240 3131 471 3200 fortiter,
503 3131 797 3189 moderate
834 3133 1072 3201 vixerit,
1098 3134 1500 3191 demonstrant.
1538 3135 1724 3208 Neque
1749 3121 1797 3186 C
1830 3131 1933 3186 hac
1964 3131 2080 3201 ejus
2107 3131 2590 3191 commendatione
2623 3153 2636 3188 :
2674 3135 2810 3192 Ecce
2838 3139 2975 3192 venit
3004 3139 3074 3193 ad
3102 3157 3182 3194 me
3215 3143 3429 3214 religio-

146 3234 250 3277 rero
276 3224 363 3294 qui
385 3225 452 3280 ad
485 3223 764 3296 justitiam
796 3225 1126 3294 hortabitur,
1157 3225 1282 3297 plus
1323 3226 1602 3282 Socratica
1637 3243 1724 3282 ra-

145 3316 284 3386 tione,
331 3335 494 3390 quam
537 3319 825 3388 Aristidis,
872 3319 1132 3387 Fabricii,
1173 3330 1230 3375 et
1267 3320 1502 3376 aliorum
1551 3319 1722 3376 docu-

145 3411 310 3465 mentis
335 3410 563 3466 efficiet.
605 3410 776 3466 Recte
808 3411 972 3482 igitur
1001 3412 1274 3468 Antonius
1323 3413 1465 3484 apud
1495 3412 1721 3468 Cicero-

143 3513 242 3554 nem
269 3501 549 3560 historiam
583 3503 700 3559 suis
741 3503 997 3560 laudibus
1039 3519 1357 3573 exornans,
1402 3519 1522 3562 eam
1560 3520 1719 3561 isset-

142 3607 286 3650 smu
319 3612 451 3653 vim;
501 3597 796 3664 nominat;
852 3611 1043 3669 eStque
1073 3613 1264 3667 magna
1310 3597 1481 3668 gratia
1536 3614 1718 3653 rerum

141 3696 378 3753 gestarum
406 3690 784 3760 scriptoribus
814 3688 1092 3756 habenda,
1119 3691 1210 3761 qui
1248 3705 1350 3746 suo
1378 3690 1560 3746 studio
1586 3691 1718 3746 elfc-

141 3792 337 3852 cet-unt,
371 3792 435 3839 ut
463 3784 645 3841 rebus
695 3783 993 3854 praeteritis
1034 3784 1456 3855 cognoscendis,
1493 3783 1622 3854 quid
1663 3784 1716 3838 in

143 3870 232 3926 vita
275 3873 550 3932 hominum
594 3874 850 3932 laudetur
882 3887 977 3931 aut
1021 3877 1388 3947 vituperetur,
1418 3876 1545 3946 quid
1591 3890 1718 3946 pro-

141 3962 274 4023 betur
293 3979 383 4024 aut
409 3969 682 4035 offendat,
726 3978 999 4040 tamquam
1031 3970 1084 4024 in
1102 3969 1329 4038 speculo
1352 3971 1714 4024 intueremur.

142 4057 443 4133 Quamquam
462 4079 578 4118 non
603 4061 794 4118 eodem
816 4063 937 4117 loco
948 4075 1160 4129 omnes,
1179 4063 1269 4132 qui
1297 4061 1558 4118 historias
1586 4060 1715 4117 scri-

141 4166 353 4222 pserunt,
383 4154 698 4223 habendos,
721 4171 899 4228 neque
911 4156 1156 4212 eamdem
1184 4157 1473 4212 utilitatem
1497 4170 1564 4210 ex
1594 4171 1712 4211 om-

143 4246 264 4302 nium
304 4251 520 4306 illorum
576 4249 804 4318 scriptis
855 4249 1304 4320 exspectandam,
1340 4264 1502 4305 nemo
1531 4263 1713 4304 rerum

142 4340 501 4415 :Itleoiguarus,
517 4354 619 4400 aut
641 4359 668 4398 a
688 4345 888 4399 litteris
906 4345 978 4398 ita
997 4343 1206 4398 alienus
1230 4351 1335 4411 est,
1369 4343 1456 4413 qui
1482 4341 1712 4398 neseiat.

141 4430 228 4489 Sed
249 4452 360 4493 cum
382 4455 580 4496 eorum
609 4437 699 4492 alii
727 4453 907 4492 rerum
929 4436 1230 4507 priscarum
1255 4433 1594 4501 narratione,
1619 4449 1712 4488 au-

1826 3242 1918 3279 sus
1936 3225 2162 3296 juvenis,
2188 3225 2445 3280 catholica
2474 3243 2599 3298 pace
2621 3229 2810 3298 frater,
2842 3239 2999 3286 actate
3030 3232 3194 3299 ﬁlius,
3229 3235 3427 3289 honore

1826 3318 2210 3389 compresbyter
2239 3326 2434 3387 noster,
2480 3319 2723 3387 Orosius,
2774 3321 2896 3393 vigil
2938 3324 3164 3394 ingenio,
3212 3338 3427 3395 paratus

1825 3411 2053 3480 eloquio,
2085 3413 2317 3483 ﬂagrans
2339 3411 2536 3481 studio,
2566 3414 2694 3467 utile
2717 3431 2805 3469 ras
2833 3415 2884 3470 in
2908 3416 3060 3470 domo
3089 3417 3300 3474 Domini
3319 3438 3428 3476 esse

1823 3503 2146 3572 desiderans,
2173 3503 2242 3557 ad
2269 3503 2580 3575 refellendas
2606 3506 2768 3576 falsas
2791 3510 3206 3580 perniciosasque
3234 3512 3428 3567 doctri-

1824 3611 1940 3661 nas,
1965 3609 2080 3664 qua:
2105 3595 2307 3649 animas
2343 3593 2701 3666 Hispanorum
2739 3599 2902 3653 multo
2944 3602 3228 3671 infelicius,
3269 3621 3425 3675 quam

1824 3706 2046 3760 corpora
2073 3690 2373 3744 barbaricus
2401 3691 2611 3764 gladius
2637 3693 2994 3762 trucidarunt,
3037 3704 3146 3751 etc.
3181 3696 3301 3752 Non
3331 3699 3422 3755 hic

1823 3785 2294 3852 commemorabo,
2342 3801 2503 3855 quam
2535 3800 2703 3857 stupe,
2741 3803 3014 3860 quamque
3056 3789 3288 3844 libenter
3322 3792 3425 3846 ho-

1823 3876 2002 3932 mines
2029 3877 2252 3947 eruditi,
2287 3876 2448 3947 hujus
2473 3877 2758 3948 scriptoris
2791 3881 3118 3936 auctoritate
3164 3891 3221 3936 et
3267 3887 3422 3940 testi-

1822 3967 2010 4023 monio
2034 3977 2279 4037 utantur,
2303 3983 2465 4039 quam
2499 3969 2794 4023 multarum
2837 3986 3021 4025 rerum
3046 3974 3310 4029 memoria
3364 3977 3417 4032 in

1822 4059 2020 4114 Orosio
2055 4068 2264 4124 cx5tet;
2304 4075 2426 4129 qua:
2463 4059 2610 4129 apud
2655 4060 2796 4116 alios
2829 4072 2952 4131 post
2989 4071 3196 4119 tantam
3248 4065 3418 4139 Livii,

1821 4149 2017 4216 Taciti,
2052 4157 2217 4220 atque
2244 4149 2475 4204 aliorum
2506 4148 2894 4207 historicorum
2919 4152 3187 4221 jactur-am
3217 4156 3420 4214 factam

1823 4259 1933 4300 non
1966 4243 2335 4300 inveniantur.
2373 4241 2487 4300 lloc
2526 4243 2672 4309 dico,
2709 4244 3004 4301 dolendum
3051 4247 3237 4318 fuisse,
3281 4255 3416 4308 tanti

1821 4338 1928 4394 viri
1959 4347 2066 4394 tam
2096 4337 2432 4393 fructuosam
2465 4336 2753 4394 historiam
2781 4338 2919 4395 adeo
2950 4340 3209 4398 mendose
3236 4343 3420 4402 hacte-

1822 4447 1925 4486 nus
1955 4431 2009 4486 in
2036 4429 2286 4486 manibus
2313 4432 2546 4486 versari.
2581 4431 2902 4488 Centulerat
2921 4447 3040 4488 eam
3067 4449 3190 4489 cum
3211 4436 3419 4507 aliquot

142 4540 411 4588 restantutn
428 4533 594 4604 quasi
611 4530 1130 4602 voluptatequadam
1149 4527 1706 4600 perfundere,verbo-
1740 4513 1794 4592 Ι)
1821 4522 2214 4594 manuscriptis
2264 4523 2666 4594 exemplaribus
2705 4533 2833 4580 ante
2881 4539 3055 4581 annos
3095 4526 3166 4581 55
3207 4527 3413 4584 Gerar-

141 4631 333 4692 rutuque
354 4623 638 4681 illecebris
665 4632 888 4694 captare
917 4621 1212 4688 voluerint,
1243 4622 1335 4677 alii
1365 4636 1454 4678 res
1491 4622 1711 4692 sapien-

140 4718 226 4779 ιον,
265 4717 423 4786 iuste,
472 4718 595 4790 pie,
627 4715 866 4782 fortiter,
915 4715 1302 4787 moderateque
1345 4722 1549 4784 gestas,
1600 4715 1710 4770 sint

139 4803 386 4871 splendida
407 4819 462 4866 et
492 4808 700 4866 illustri
727 4808 979 4865 oratione
1002 4809 1272 4880 persecuti
1305 4826 1317 4862 :
1342 4807 1432 4864 alii
1461 4807 1710 4880 neglecto

139 4896 406 4957 verborum
437 4910 642 4958 ornatu
666 4915 776 4968 res,
821 4901 984 4957 utiles
1019 4901 1140 4958 illas
1171 4901 1414 4972 quidem,
1447 4902 1544 4958 sed
1586 4917 1713 4958 ora~

139 4985 277 5047 tionis
296 4993 593 5051 luminibus
625 5010 733 5050 non
769 4995 1078 5051 illustratas
1107 4996 1491 5066 proposuerint
1521 5014 1536 5052 :
1574 4996 1711 5052 deli-

137 5081 270 5146 gelidi
297 5093 424 5140 sunt
458 5086 733 5154 imprimis
764 5085 1024 5158 omnique
1047 5087 1229 5143 studio
1260 5089 1587 5158 evolvendi,
1617 5089 1711 5160 qui

137 5183 227 5226 non
267 5176 425 5232 modo
467 5177 710 5249 linguam
754 5179 1041 5245 excolere,
1086 5194 1275 5235 verum
1306 5180 1469 5235 etiam
1524 5189 1712 5250 pectus

136 5260 470 5330 plurimarum
509 5279 570 5326 et
599 5271 957 5325 maximarum
1003 5285 1190 5327 rerum
1233 5273 1392 5340 capia
1436 5270 1712 5328 instruere

137 5368 357 5421 possunt.
381 5361 540 5431 Quod
573 5361 620 5418 si
645 5371 825 5420 tamen
859 5377 958 5418 eos
990 5377 1099 5419 non
1129 5379 1508 5434 aspernamur,
1538 5381 1566 5419 a
1591 5363 1712 5436 qui-

136 5445 220 5504 bus
246 5465 440 5522 praeter
468 5455 766 5512 verborum
797 5466 1052 5513 ornatum
1084 5456 1222 5512 nihil
1253 5458 1480 5512 omnino
1510 5473 1711 5529 suppe-

136 5541 332 5614 ditatur,
366 5559 519 5605 certe
542 5549 697 5605 valde
718 5550 854 5606 lauti
882 5559 1032 5618 sunt,
1061 5552 1152 5622 qui
1173 5551 1240 5606 ab
1262 5551 1370 5607 illis
1387 5551 1710 5622 abhorrent,

133 5637 212 5702 qui
240 5639 381 5697 brevi
403 5641 754 5713 simplicique
780 5644 1035 5698 oratione
1057 5659 1145 5698 res
1169 5646 1483 5714 cognitione
1507 5645 1713 5716 dignis-

133 5724 279 5788 simas
303 5732 876 5804 comprehendet-unt,
922 5735 1227 5804 praesertim
1258 5735 1304 5793 si
1333 5745 1570 5807 constet,
1618 5752 1713 5795 eos

561 5825 838 5891 Psrnoc.
891 5826 1140 5893 XXXI.

1821 4616 1926 4671 dus
1956 4616 2249 4686 Bolsuiuge
2289 4633 2303 4670 :
2351 4616 2621 4672 laboravit
2665 4617 2864 4674 deinde
2911 4619 2966 4674 in
3003 4623 3192 4675 eadem
3230 4635 3418 4676 cmen-

1821 4712 2005 4768 danda
2036 4712 2260 4768 doetiss.
2295 4711 2380 4767 vir
2420 4713 2663 4768 Joannes
2693 4713 2962 4770 thsat-ins
2992 4733 3005 4770 :
3035 4715 3131 4771 sed
3172 4717 3417 4786 profecto

1821 4818 2052 4860 necesse
2097 4813 2203 4870 est,
2251 4815 2309 4858 ut
2350 4804 2432 4860 vel
2465 4819 2652 4860 eorum
2682 4808 3012 4876 exemplaria
3059 4825 3169 4863 non
3214 4809 3417 4866 fuerint

1821 4895 2121 4965 diligenter
2154 4896 2287 4951 satis
2327 4895 2624 4966 descripta,
2667 4898 2753 4953 vel
2785 4899 2886 4968 ipsi
2931 4914 3121 4968 parum
3159 4912 3416 4958 accurate

1821 5002 1962 5059 opus
2005 4986 2422 5058 perspexerint,
2470 4996 2550 5043 tot
2583 4989 2780 5044 menda
2819 4989 3009 5046 relicta
3050 4992 3121 5047 ab
3168 4994 3280 5050 illis
3319 4995 3416 5050 de-

1819 5078 2114 5152 prehendi,
2144 5088 2432 5152 postquam
2457 5095 2650 5136 corum
2679 5080 2850 5136 libros
2879 5095 3003 5136 cum
3029 5084 3202 5139 tribus
3225 5101 3416 5141 manu-

1817 5173 2042 5244 scriptis
2086 5173 2341 5229 conferre
2376 5173 2541 5243 ccepi.
2575 5172 2761 5243 Neque
2787 5187 2921 5229 vero
2958 5175 3094 5231 satis
3125 5176 3289 5234 habui
3321 5195 3419 5236 ve-

1821 5275 1996 5321 tustos
2025 5264 2196 5321 libros
2225 5265 2292 5320 ad
2326 5264 2484 5334 hujus
2517 5273 2622 5319 tam
2649 5265 2927 5334 praeclara:
2951 5265 3197 5325 historim
3229 5285 3416 5328 emcn-

1821 5355 2100 5410 dationem
2131 5355 2398 5412 advocare
2424 5371 2440 5408 :
2468 5356 2565 5411 sed
2587 5371 2709 5411 cum
2735 5356 3088 5430 jampridem,
3120 5363 3416 5420 multorum

1822 5449 2141 5506 Graecorum
2170 5457 2226 5503 et
2253 5447 2572 5504 Latinorum
2603 5459 2888 5506 auctorum
2922 5453 3244 5522 collatione,
3269 5457 3416 5512 didi-

1821 5541 2044 5613 cissem,
2093 5541 2242 5611 ipsos
2291 5540 2463 5597 libros
2511 5542 2748 5614 scriptos
2795 5546 2978 5602 multis
3015 5562 3163 5616 stupe
3204 5549 3418 5603 mendis

1822 5633 2056 5690 foedatos
2089 5648 2234 5698 esse,
2267 5632 2530 5698 conduxi,
2562 5643 2617 5689 et
2644 5637 2796 5707 quasi
2831 5639 3128 5693 convocavi
3163 5637 3214 5691 iu
3249 5653 3414 5693 unum

1825 5730 2002 5787 locum
2035 5740 2252 5800 omnes,
2282 5739 2418 5801 quos
2449 5725 2517 5788 de
2545 5725 2630 5788 his
2659 5729 2844 5795 rebus,
2878 5745 3014 5801 quas
3043 5728 3265 5789 Orosius
3289 5731 3416 5790 atti-

2818 5821 2895 5886 21
