3908 6270
517 188 619 247 651

1553 178 1827 241 PAULUS
1864 176 2157 237 OROSlUS
2195 177 2729 239 CHRONULOGUS.

3674 172 3760 232 652

520 303 620 375 git,
644 301 932 371 scripsisse
952 296 1155 372 aliquid
1183 295 1335 368 potui
1356 293 1657 351 recordari.
1682 293 1784 362 Qui
1809 300 1992 347 autem
2020 290 2120 358 illi,
2150 294 2199 355 Α
2225 294 2369 375 Ante
2393 298 2523 355 licet
2551 293 2737 371 populi
2765 292 2933 351 fuerit
2960 291 3175 375 delatus
3210 293 3266 351 in
3296 305 3419 375 ora,

524 407 583 454 et
610 407 744 469 quot
774 395 1000 461 fuerint,
1033 408 1101 451 ex
1130 386 1593 446 Annotationibus
1639 384 1848 443 nostris
1893 399 2121 455 appare-

526 491 649 548 bit:
681 490 735 544 in
769 488 968 559 quibus
997 499 1105 540 non
1137 492 1345 538 tantum
1384 480 1527 535 hanc
1556 479 1854 536 editionem
1892 476 2082 533 fulcire
2102 517 2119 541 ,

523 583 621 640 sed
648 592 703 638 et
731 580 1028 636 llistoriam
1060 577 1365 633 Romanam
1398 574 1683 630 illustrare
1709 588 1830 631 sum
1859 582 2117 631 conatus:

525 685 587 732 ut
606 674 1007 737 adolescentes,
1039 671 1133 743 qui
1160 676 1425 741 cuperent
1463 682 1553 737 ea,
1584 682 1709 739 quae
1736 666 1966 723 Orosius
1992 665 2121 725 bre-

523 770 661 825 viter
686 766 1006 837 complexus
1031 772 1138 829 est,
1171 762 1388 835 plenius
1418 774 1775 833 cognoscere,
1808 758 1911 814 hac
1938 766 2122 814 nostra

523 859 898 917 admonitione
928 856 1178 913 instructi
1208 854 1437 919 scirent,
1483 852 1630 911 unde
1666 851 1761 909 illa
1812 859 1995 909 essent
2028 864 2123 919 pe-

524 954 709 1021 tenda,
734 963 1040 1021 eorumque
1067 948 1302 1005 lectione
1332 946 1480 1002 sitim
1510 960 1665 1002 suam
1695 944 1997 1014 explerent.
2029 946 2124 997 At-

523 1062 629 1119 que
659 1046 766 1101 hoc
806 1043 1027 1115 quidem
1076 1055 1182 1112 ego
1219 1055 1416 1113 magno
1450 1045 1648 1095 conatu
1677 1037 1965 1106 studioque
1993 1038 2076 1108 egi
2105 1052 2119 1088 :

527 1137 657 1209 quid
686 1126 823 1194 vero
855 1134 957 1191 sim
999 1140 1353 1199 consecutus,
1395 1131 1632 1188 aliorum
1670 1130 1877 1201 judicio
1930 1130 2123 1199 lubens

527 1229 809 1305 permitto.
836 1226 896 1284 In
924 1227 1123 1300 quibus
1144 1240 1286 1281 unus
1311 1235 1390 1290 tu,
1413 1223 1651 1280 Patrone
1677 1222 2035 1294 amplissime,
2064 1237 2124 1279 es

532 1322 669 1381 mihi
711 1322 886 1379 instar
917 1319 1182 1375 omnium.
1214 1316 1326 1372 Tua
1354 1313 1494 1371 mihi
1531 1314 1940 1381 benevolentia,
1973 1325 2122 1369 tuum

530 1415 796 1488 judicium
823 1412 1019 1469 harum
1062 1411 1367 1482 vigiliarum
1398 1407 1606 1467 fructus
1632 1409 1739 1465 erit
1787 1408 2121 1467 uberrimus.

529 1505 705 1565 llabui
746 1503 1002 1576 equidem
1043 1502 1097 1558 iu
1144 1499 1307 1571 hujus
1345 1499 1555 1556 laboris
1591 1516 1697 1556 non
1731 1498 1893 1557 modo
1941 1513 2127 1555 susce-

527 1598 737 1670 ptione,
766 1610 955 1652 verum
994 1595 1161 1649 etiam
1206 1591 1489 1649 molitione
1518 1606 1582 1648 ac
1627 1590 1991 1662 perfectione,
2024 1607 2125 1661 pu-

528 1693 726 1748 blicam
745 1687 1050 1761 iuventutis
1074 1686 1359 1743 utilitatem
1393 1686 1526 1741 mihi
1558 1685 1915 1757 propositam,
1947 1683 2043 1741 sed
2073 1686 2130 1741 in
2159 1683 2207 1744 B
2233 1718 2293 1775 Ε,

528 1797 584 1842 te
629 1785 805 1856 ipsum
853 1780 1016 1837 simul
1062 1794 1186 1835 cum
1235 1779 1433 1836 Orosio
1476 1794 1701 1850 operam
1753 1779 1967 1847 darem,
2000 1795 2121 1835 eum

531 1886 683 1947 grata
715 1874 949 1946 quadam
992 1871 1387 1929 beneﬁciorum
1418 1880 1634 1927 tuorum
1674 1872 1726 1927 in
1750 1887 1836 1929 me
1867 1874 2125 1929 recorda-

528 1970 680 2023 tione
706 1964 968 2038 spectavi,
994 1979 1094 2020 nec
1115 1963 1167 2018 id
1189 1964 1307 2019 sine
1328 1977 1489 2018 causa
1515 1980 1529 2017 :
1553 1962 1610 2019 Si
1634 1963 1779 2018 enim
1800 1965 1869 2018 ab
1892 1979 1957 2019 eo
1986 1974 2123 2020 tem-

530 2074 685 2133 pore,
728 2072 837 2129 quo
876 2071 966 2112 me
996 2056 1227 2126 primum
1279 2055 1598 2124 complexus
1640 2070 1720 2124 es,
1757 2056 1855 2110 tibi
1902 2057 2081 2112 omnia
2107 2098 2123 2123 ,

527 2136 650 2222 qum
672 2166 701 2205 a
728 2165 816 2206 me
842 2150 1340 2220 proﬁciscerentur,
1374 2148 1562 2204 deberi
1588 2149 1776 2217 statui,
1800 2162 2005 2222 quanto
2033 2165 2127 2207 cn-

528 2245 787 2302 mulatior
826 2257 974 2299 nunc
1010 2255 1076 2298 ea
1125 2241 1378 2301 voluntas
1421 2257 1543 2299 esse
1582 2242 1770 2311 debet,
1838 2253 2124 2316 postquam

525 2337 697 2391 filium
728 2350 907 2392 meum
932 2350 963 2390 a
988 2343 1339 2390 sacrosancto
1364 2335 1690 2405 baptismate
1713 2336 1991 2407 suscipere
2018 2352 2129 2391 ma-

524 2427 670 2484 xima
698 2426 1100 2484 benevolentia:
1128 2425 1530 2496 signiﬁcatione
1558 2427 1819 2482 voluisti?
1847 2427 1999 2498 Quod
2033 2445 2128 2484 ne—

526 2516 883 2575 cessitudinis
903 2515 1203 2582 vinculum.
1232 2516 1451 2587 quando
1472 2514 1762 2572 Iustiniani
1785 2517 1855 2573 im
1862 2520 2128 2588 peratoris

527 2611 812 2669 sanctione
838 2610 1203 2667 arctissimum
1228 2609 1479 2679 habetur,
1503 2625 1604 2681 ego
1632 2610 1729 2667 illo
1749 2613 2124 2682 gravissimum

528 2721 670 2763 onus
731 2703 1097 2769 observantiae
1145 2703 1278 2758 mihi
1338 2701 1654 2774 impositum
1696 2706 1898 2760 statu’o.
1957 2704 2128 2776 Cujus

526 2808 723 2857 testem
751 2795 1007 2854 Orosium
1039 2794 1143 2855 hoc
1175 2802 1424 2868 tempore
1452 2794 1519 2850 ad
1552 2806 1604 2851 te
1632 2795 1794 2851 mitto
1820 2812 1833 2850 :
1875 2811 2036 2865 quem
2071 2797 2126 2853 in

530 2899 623 2946 tuo
649 2889 868 2945 nomine
894 2888 1092 2944 merito
1117 2902 1381 2958 apparere
1407 2887 1682 2957 existimo,
1727 2888 1875 2959 quod
1909 2898 1988 2956 tu,
2021 2890 2116 2960 qui

534 2997 807 3039 summam
838 2981 994 3037 istam
1028 2980 1395 3052 prudentiam,
1430 2996 1535 3053 qua
1566 2980 1620 3036 in
1651 2981 1922 3039 altissimo
1949 2982 2129 3054 digni-

535 3074 663 3131 tatis
693 3072 864 3147 gradu
895 3072 1125 3143 positus,
1160 3072 1348 3143 patria:
1395 3072 1777 3145 tranquillitati
1817 3074 1956 3131 bene
1996 3090 2128 3133 con~
2155 3065 2201 3128 C
2236 3139 2268 3147 ﬂ
2306 3068 2385 3147 Et
2396 3065 2595 3147 sensus
2632 3071 2855 3147 dempto

537 3168 672 3225 sulis
698 3176 753 3221 et
776 3165 1057 3236 praesides,
1093 3174 1143 3220 te
1169 3164 1531 3229 Historiarum
1562 3165 1877 3236 cognitione
1903 3180 1931 3219 a
1956 3166 2129 3236 prima

536 3267 701 3314 aetate
742 3257 1053 3323 inchoasse,
1100 3255 1323 3324 aluisse,
1373 3254 1625 3323 auxisse,
1671 3272 1734 3313 ac
1766 3257 2125 3315 conﬁrmasse

538 3349 860 3416 meministi,
903 3364 971 3403 ne
998 3363 1142 3403 nunc
1173 3348 1413 3419 quidem,
1467 3364 1589 3404 cum
1632 3363 1729 3427 per
1772 3349 2128 3419 gravissimas

532 3443 694 3514 Reip.
718 3441 1108 3511 occupationes
1133 3440 1283 3509 licet,
1308 3440 1697 3498 historicorum
1725 3442 2014 3501 lectionem
2046 3461 2131 3501 re-

532 3538 724 3608 fugere
752 3531 1119 3591 consuevisti:
1147 3531 1293 3603 quod
1319 3547 1444 3591 cum
1479 3550 1586 3589 non
1614 3536 2002 3606 cognoscendi,
2032 3539 2129 3596 sed

535 3626 814 3684 recolendi
846 3624 1019 3697 gratia
1062 3624 1254 3694 facias,
1306 3626 1443 3682 nulli
1473 3629 1812 3687 commodius
1844 3630 2127 3702 leguntur,

535 3734 699 3792 quam
740 3718 831 3790 qui
861 3719 912 3774 ἐν
933 3716 1149 3794 ἐπιτομῇ
1179 3733 1267 3773 res
1295 3725 1478 3787 gestas
1505 3720 1780 3777 clarorum
1803 3721 2044 3778 virorum
2068 3740 2132 3779 ac

537 3810 862 3882 populorum
895 3809 1257 3879 scripserunt.
1291 3807 1351 3864 ld
1382 3824 1513 3866 vero
1531 3826 1653 3867 cum
1680 3811 1907 3869 Orosius
1924 3815 2134 3889 gravis-

536 3904 799 3958 simorum
823 3902 1063 3957 virorum
1093 3901 1406 3958 testimonio
1427 3918 1638 3959 summa
1668 3903 1771 3962 ﬁde
1793 3909 2129 3979 praestiterit,

538 4009 677 4067 opus
706 4008 830 4049 esse
861 4009 967 4049 non
1004 3993 1267 4061 arbitror,
1302 4004 1361 4050 ut
1401 3994 1502 4053 hoc
1534 3997 1780 4068 pluribus
1827 3999 2013 4056 verbis
2044 4000 2133 4057 hic

538 4087 910 4143 demonstrem
946 4105 958 4139 :
993 4101 1093 4141 nec
1132 4086 1344 4152 dubito,
1389 4089 1516 4160 quin
1562 4091 1656 4146 tibi
1696 4092 1828 4148 satis
1855 4108 2133 4152 commeo-

538 4180 700 4235 datus
729 4179 802 4235 sit
827 4181 894 4250 is,
929 4180 1020 4251 qui
1046 4178 1338 4236 llistoriam
1376 4182 1446 4238 ab
1474 4182 1629 4239 initio
1658 4186 1846 4243 mundi
1873 4203 2129 4257 exorsus,

536 4272 603 4326 ad
644 4286 739 4327 sua
774 4280 1018 4343 tempora
1049 4289 1146 4344 per
1174 4274 1417 4346 quinque
1466 4276 1635 4333 millia
1665 4294 1934 4337 annorum
1969 4298 2131 4353 supra

537 4381 603 4420 oc
633 4363 744 4421 fere
776 4365 1001 4421 deduxit
1032 4384 1046 4421 :
1077 4366 1293 4423 conﬁdo
1326 4370 1489 4425 etiam
1521 4378 1573 4426 te
1598 4383 1846 4430 nostrum
1882 4376 2128 4432 laborem

536 4460 1012 4532 approbaturum:
1046 4461 1214 4529 unde,
1253 4471 1310 4517 ut
1353 4462 1675 4520 Timanthes
1705 4467 2131 4538 Agamemnonis
2157 4447 2211 4508 D

535 4552 808 4621 dolorem,
848 4553 928 4609 sic
969 4568 1071 4608 nos
1110 4569 1358 4610 amorem
1386 4563 1442 4611 et
1466 4557 1877 4615 observantiam
1909 4576 2037 4631 erga
2082 4572 2135 4618 te

537 4653 782 4700 nostram
829 4644 1206 4700 mstimandam
1256 4646 1637 4719 relinquimus.
1685 4649 1964 4708 Christum
2004 4655 2129 4722 Opt.

538 4739 683 4795 Max.
725 4753 1040 4809 precamur,
1085 4748 1143 4794 ut
1175 4749 1227 4796 te
1252 4742 1465 4811 patriae,
1514 4743 1777 4815 nobisque
1802 4746 1893 4802 diu
1918 4738 2132 4804 incolu-

540 4845 684 4885 mem
706 4841 1019 4887 conservet.
1040 4829 1192 4902 Vale,
1228 4841 1455 4904 patrone
1484 4834 1617 4891 mihi
1646 4834 1701 4891 iu
1730 4838 1921 4908 primis
1945 4839 2131 4897 obser-

532 4922 729 4980 vaude.
772 4924 1169 5001 Dusseldorpii,
1219 4929 1486 4999 postridie
1534 4930 1657 4993 idus
1695 4931 1855 4990 Mart.
1890 4935 2049 4992 Anno
2096 4951 2126 4992 a

532 5010 756 5071 Christo
778 5026 907 5073 nato
930 5017 1091 5074 1561.

1064 5109 1157 5166 AD
1197 5108 1593 5182 LECTOREM,

772 5215 1037 5261 PROLOGUS
1059 5218 1209 5261 JOAN.
1244 5221 1553 5265 RUREIONDI
1582 5220 1862 5275 DISCIPULI.

528 5314 591 5373 Si
604 5312 766 5396 juvat
794 5320 1283 5396 ereti-emaseriptis
1309 5321 1381 5382 ab
1405 5322 1623 5396 origine
1650 5326 1841 5387 mundi

602 5385 825 5462 Plenius
853 5385 1114 5462 liistgiis,
1147 5385 1321 5448 lector
1348 5385 1545 5462 amice,
1577 5395 1678 5459 frui
1705 5413 1722 5453 :

525 5455 673 5545 Quid
690 5455 1225 5545 Animis‘inmveterum
1254 5465 1500 5545 mutilata
1532 5455 2043 5545 voluminapendcs
2060 5516 2077 5545 ,

592 5529 1034 5602 Qumrneqtteuut
1060 5530 1169 5585 ulla
1201 5543 1357 5602 parte
1382 5535 1569 5593 levare
1595 5537 1837 5597 famem?

523 5597 782 5680 En_rcdit
809 5597 1257 5680 Orosiustenues
1285 5608 1521 5680 emissus
1552 5610 1607 5663 in
1629 5624 1822 5680 auras,

603 5671 835 5729 Lumine
867 5668 1144 5728 Francisci
1174 5673 1543 5744 Splendidiore
1569 5680 1771 5739 nitens.

2298 367 2414 423 Non
2448 363 2852 424 tam'en'exutus
2881 364 3132 421 sordibus
3161 364 3279 436 ipse
3307 363 3431 429 fuit,

2222 437 2330 511 Sed
2370 440 2533 495 veluti
2564 438 2764 511 malum
2790 435 3307 511 roseo_plerumque
3335 435 3538 511 colore,

2300 510 2524 565 Brachia
2549 508 2693 579 quod
2722 509 2916 562 matris
2940 507 3150 563 deserit
3174 517 3300 562 ante
3329 507 3494 579 diem,

2225 581 2341 649 Qua
2365 576 2616 649 coquitur
2637 579 2843 636 thbn
2873 580 3019 635 cutis
3040 580 3199 635 alma:
3221 576 3422 649 linquit
3442 577 3707 647 honorem,

2296 652 2663 723 Cmteraipars
2702 653 2869 706 veteri
2900 651 3065 723 plena
3094 651 3281 723 vigore
3308 660 3526 704 manet:

2226 722 2320 780 Sic
2342 725 2464 778 hinc
2494 722 2744 778 Orosium
2772 721 2972 776 multus
3001 721 3331 777 labefecerat
3357 734 3532 788 error,

2298 793 2451 850 Illinc
2489 809 2519 848 a
2548 794 2777 847 maculis
2802 792 3180 848 sentirefectus
3203 801 3343 848 erat.

2228 864 2313 936 En
2328 865 2436 936 tibi
2473 880 2612 919 nunc
2644 863 2823 933 posito
2855 864 3033 936 labuin
3063 864 3340 936 squalore,
3363 864 3594 936 situque,

2301 935 2540 991 Fabricii
2571 936 2731 990 docto
2757 936 2898 991 fetus
2931 935 3140 991 honore
3163 935 3335 991 venit.

2224 1007 2279 1062 Si
2314 1017 2544 1071 possunt
2573 1005 2799 1061 Veteres
2828 1006 3063 1075 aliquem
3090 1007 3362 1062 meruisse
3390 1004 3656 1074 favorem,

2298 1077 2399 1146 Qui
2434 1086 2614 1133 tamen
2636 1076 2880 1131 historia:
2910 1080 3126 1132 vincula
3153 1092 3299 1143 smne
3329 1081 3549 1134 levant:

2226 1149 2343 1205 Non
2378 1151 2556 1218 placet
2585 1149 2812 1203 Orosius
2839 1149 2965 1203 lima
2991 1150 3100 1217 jam
3123 1148 3345 1204 vindice
3372 1164 3546 1216 rasus,

2298 1221 2398 1286 Qui
2420 1236 2521 1279 sua
2549 1236 2646 1290 pro
2669 1218 2886 1290 Christo
2912 1219 3127 1277 fortiter
3156 1234 3307 1279 arma
3339 1219 3498 1275 tulit?

2228 1291 2361 1353 Nam
2391 1289 2647 1349 simulac
2672 1289 2868 1361 ﬂueret
2895 1290 3144 1347 Romana
3171 1294 3417 1361 potentia
3444 1299 3620 1361 retro,

2298 1363 2569 1433 Plebsque
2597 1364 2723 1434 mali
2748 1360 3033 1418 Christum
3056 1360 3264 1434 diceret
3292 1377 3418 1419 esse
3449 1373 3635 1434 caput,

2226 1433 2428 1493 Texuit
2453 1432 2680 1493 annales
2706 1448 2737 1489 a
2766 1436 2940 1503 primo
2961 1432 3171 1490 semine
3199 1434 3421 1499 mundi,

2301 1505 2531 1575 Semper
2557 1504 2783 1561 humum
2802 1513 3116 1577 monstrans
3130 1504 3381 1577 cladibus
3401 1519 3526 1562 esse
3549 1518 3749 1577 gravem
3769 1520 3780 1558 :

2229 1578 2307 1632 Ae
2340 1584 2399 1631 ut
2426 1577 2658 1631 dilueret
2686 1576 2869 1631 stolidi
2903 1576 3183 1631 mendacia
3204 1577 3373 1645 vulgi,

2303 1648 2437 1715 Quae
2464 1645 2667 1703 Christi
2699 1655 2946 1712 poterant
2976 1648 3340 1702 obteucbrare
3366 1646 3548 1716 iubar,

2300 1718 2486 1788 locuit,
2528 1721 2666 1773 mira
2698 1717 2915 1774 fraudes
2940 1718 3208 1774 brevitate
3237 1717 3497 1774 refellens
3517 1762 3534 1788 ,

2300 1787 2531 1845 Romula
2562 1789 2929 1862 Christiaduiu
2954 1798 3170 1862 sceptra
3200 1791 3381 1846 virere
3407 1789 3536 1862 ﬁde.

2228 1860 2365 1916 lline
2394 1876 2496 1916 nos
2522 1861 2615 1932 qui
2647 1862 2875 1931 tegimur
2899 1858 3065 1915 densa
3091 1876 3190 1916 ceu
3221 1862 3362 1916 nube
3388 1858 3666 1929 dolorum,

2302 1932 2531 2001 Semper
2559 1941 2615 1987 et
2644 1933 2902 1986 atrumnis
2928 1932 3083 1986 turba
3110 1932 3322 2001 sepulta
3352 1948 3562 1996 sumus,

2228 2001 2289 2058 ιιι
2314 2004 2595 2060 Clu-istum
2626 2004 2861 2073 fugimus
2884 2017 3082 2060 causas
3103 2014 3361 2074 torquere
3386 2004 3668 2070 malorum,

2303 2074 2572 2131 Discimus
2599 2089 2656 2132 et
2683 2075 2867 2131 clades
2894 2075 3061 2143 ferre,
3086 2074 3291 2143 subire,
3329 2076 3462 2144 pati.

2229 2144 2374 2272 Ergo
2398 2160 2531 2213 cape
2562 2145 2813 2228 Orosium
2842 2144 2960 2200 vitii
2987 2145 3057 2202 de
3089 2144 3309 2215 pulvere
3335 2156 3571 2219 raptum,

2341 2233 2356 2271 ι
2382 2224 2436 2272 te
2462 2231 2621 2272 Darva
2646 2227 2720 2272 tut
2752 2225 2976 2272 mouere
2996 2232 3124 2272 cura
3153 2226 3357 2272 potest.

2341 2216 2356 2271 i
2382 2224 2436 2272 te
2462 2231 2621 2287 parva
2646 2219 2720 2272 tui
2752 2225 2976 2286 tangere
2996 2232 3124 2272 cura
3153 2226 3357 2287 potest.

2229 2287 2361 2361 Non
2381 2302 2550 2361 vanus
2574 2289 2747 2358 pariet
2774 2289 2872 2343 tibi
2907 2289 3064 2342 taedia
3096 2304 3278 2346 sermo
3320 2288 3572 2361 legendi,

2302 2358 2515 2428 Eloquii
2548 2360 2720 2414 currit
2738 2361 2907 2428 gratia
2938 2361 3061 2417 viva
3085 2361 3189 2415 sui.

2228 2427 2346 2504 Non
2374 2427 2435 2484 te
2454 2427 2910 2504 mendorumrjatn
2940 2432 3095 2486 triste
3129 2431 3433 2504 morabitur
3462 2445 3671 2504 agmen,

2299 2501 2538 2574 Quorum
2573 2498 2813 2574 Fabricii
2835 2516 3058 2558 munere
3091 2502 3269 2571 prodit
3293 2518 3490 2574 egens.

2227 2569 2287 2627 Si
2312 2587 2417 2640 qua
2444 2572 2780 2627 videbuntur
2810 2576 2969 2628 czrcis
3000 2569 3249 2629 immersa
3275 2569 3542 2642 tenebris,

2299 2642 2439 2715 Quze
2460 2644 2649 2715 nequit
2676 2643 2877 2715 ingenii
2905 2654 3101 2715 captus
3137 2645 3275 2700 inire
3300 2649 3376 2700 tui
3407 2663 3423 2700 :

2228 2712 2363 2788 llac_c
2396 2714 2494 2788 tibi
2535 2712 2816 2788 Gynina'sii
2850 2717 2939 2788 lux
2973 2712 3339 2788 illustris-ima
3365 2718 3545 2777 nostri

2304 2783 2629 2841 Fraueiscus
2658 2786 2851 2842 scliulii
2884 2787 3033 2843 clara
3067 2787 3242 2842 nitore
3267 2785 3423 2843 facit.

2231 2853 2287 2909 in
2308 2855 2512 2933 quibus
2541 2867 2604 2933 nt_
2624 2858 2873 2924 sequitur
2903 2867 3147 2933 veterum
3180 2860 3519 2919 monimenta
3542 2864 3756 2921 virorum
3775 2907 3788 2933 ,

2304 2927 2395 2982 Sie
2424 2926 2547 2982 loca
2575 2928 2642 2984 de
2672 2943 2856 2985 rerum
2888 2930 3073 2985 nubila
3106 2936 3266 2985 nocte
3294 2934 3486 2991 trahit.

2234 2994 2345 3053 Cur
2375 3000 2469 3053 tibi
2502 3000 2548 3052 si
2578 3001 2788 3070 possint
2820 3000 2981 3126 hutilus
3021 3000 3290 3070 placuisse
3318 3003 3565 3077 labores,

2306 3068 2373 3123 Et
2401 3084 2595 3126 sensus
2632 3071 2855 3126 demnto
2926 3086 2991 3126 ne
3024 3086 3243 3126 movere
3273 3085 3395 3126 tuos
3421 3094 3437 3126 :

2926 3086 2991 3127 ue
3024 3086 3243 3127 movere
3273 3085 3395 3130 HIOS
3421 3094 3437 3131 ἓ

2229 3139 2408 3217 Orosii
2441 3157 2663 3217 ειιιιιτιξ,⁸
2693 3142 2870 3217 lector
2890 3144 3156 3209 studiose,
3190 3142 3442 3217 libellos,

2300 3211 2449 3280 Quos
2478 3213 2587 3269 fert
2612 3212 2702 3271 hie
2727 3213 2910 3271 studio
2938 3217 3287 3286 gratificante
3315 3211 3439 3274 tibi;

2851 3346 3210 3421 EPISTOLA,

2231 3477 2357 3533 4ND.
2389 3477 2665 3525 εειιοττυε
2694 3481 2961 3522 Αμτυειιιι.
3002 3480 3066 3533 s.‘
3093 3483 3131 3524 1.
3172 3484 3349 3525 Ρετιιο
3376 3485 3639 3540 ειιοωιιο,
3664 3485 3796 3527 rno-

2409 3551 2617 3592 GRAPIIO
2643 3552 2884 3593 COLONLE
2914 3554 3225 3608 AGRIPPINJE,
3259 3556 3310 3596 IN
3337 3558 3503 3610 UBIIS,
3529 3559 3644 3601 SAL.

2300 3649 2402 3719 Qui
2435 3650 2505 3708 de
2534 3651 2762 3724 legenda
2791 3652 3040 3722 historia,
3070 3654 3351 3713 hominum
3386 3659 3517 3723 vita:
3545 3654 3796 3729 iungenti-

2231 3740 2460 3810 lissima,
2488 3753 2676 3815 utpote
2698 3760 2907 3801 morum
2934 3747 3211 3816 magistra,
3237 3759 3516 3823 praecepta
3546 3761 3795 3822 parentum

2232 3837 2511 3893 memoria:
2533 3838 2907 3910 tradiderunt,
2925 3841 2963 3895 ii
2988 3840 3104 3899 fere
3124 3841 3201 3897 ab
3216 3844 3481 3913 epitomis
3504 3852 3660 3916 atque
3680 3856 3797 3898 coni-

2234 3927 2447 3998 pendiis
2472 3930 2840 3987 inchoandum
2863 3946 3003 4001 esse,
3031 3934 3373 3991 commodius
3406 3936 3648 3993 arbitrati
3674 3940 3796 3998 sunt,

2231 4020 2645 4095 ducendumque
2692 4032 2920 4081 censent
2973 4024 3215 4096 initium,
3259 4027 3343 4083 vel
3391 4044 3424 4084 a
3470 4028 3535 4087 L.
3582 4025 3795 4084 Floroiu

2232 4113 2389 4170 Rom.
2421 4115 2681 4187 llistoria,
2716 4118 2803 4174 vel
2843 4132 2874 4175 a
2900 4119 3172 4191 scriptore
3198 4119 3268 4177 de
3309 4121 3463 4179 Viris
3492 4120 3796 4182 lllustribus;

2236 4206 2322 4262 vel
2351 4206 2591 4278 denique
2629 4209 2684 4264 in
2729 4209 2920 4267 Graeca
2971 4211 3274 4284 Latinaque
3317 4212 3557 4272 historia
3601 4214 3665 4267 ab
3711 4211 3795 4265 hoc

2236 4297 2409 4356 Paula
2443 4300 2633 4358 Orosio
2672 4305 3064 4375 auspicandum
3106 4308 3449 4379 existimant,
3492 4308 3800 4383 gradumque

2235 4395 2495 4463 paulatim
2521 4394 2827 4454 faciendum
2856 4401 2924 4456 ad
2946 4413 3130 4459 vastos
3156 4401 3283 4460 illos
3313 4402 3632 4468 bistoricOS.
3660 4400 3800 4469 majo-

2235 4503 2356 4543 rum
2390 4489 2632 4561 gentium
2665 4492 2923 4548 Romana:
2952 4493 3110 4566 Reip.
3141 4496 3467 4567 scriptores,
3499 4498 3564 4554 Τ.
3597 4495 3797 4557 Livium,

2234 4582 2555 4657 Dionysium
2577 4586 3074 4663 Halicarnasscum,
3100 4591 3479 4661 Plutarchum,
3501 4594 3797 4664 Appianum,

2236 4676 2485 4744 Dionem,
2515 4678 2819 4753 Polybium,
2852 4696 2915 4739 ac
2935 4693 3187 4742 exteros.
3228 4687 3304 4747 De
3333 4687 3603 4759 Epitomis
3635 4686 3692 4742 L.
3720 4684 3801 4741 Ju-

2234 4767 2368 4824 lium
2410 4769 2662 4838 Florum,
2708 4772 2821 4831 sive
2858 4772 2905 4831 is
2934 4774 3000 4831 L.
3039 4775 3237 4839 Annaei.
3283 4777 3513 4837 Senecre
3550 4776 3694 4834 labor
3732 4779 3802 4829 est

2237 4860 2329 4932 (ut
2360 4860 2587 4919 Vinetus
2617 4872 2790 4933 putat,
2808 4874 2864 4922 et
2888 4866 3223 4935 membrana:
3245 4884 3449 4926 nomen
3472 4868 3604 4929 illud
3627 4864 3801 4939 pmic-

2236 4952 2407 5026 runt),
2439 4954 2726 5011 doctorum
2752 4956 3030 5014 hominum
3048 4960 3434 5025 commentarii
3464 4961 3801 5021 illitistrarttat.

2230 5046 2459 5105 Joannis
2486 5045 2777 5116 Camenis,
2811 5050 2943 5107 Elite
2981 5051 3183 5121 Vineti,
3210 5053 3299 5113 «ιο.
3333 5053 3546 5118 Stadii.
3577 5048 3801 5115 Gmmi.

2233 5136 2526 5210 Electaque
2554 5139 2695 5196 Justi
2744 5140 3010 5211 Lipsii,V.
3040 5143 3102 5200 C.
3148 5144 3207 5201 in
3252 5155 3532 5205 auctorem
3574 5144 3642 5201 de
3683 5139 3802 5197 Viris

2233 5233 2548 5303 lllustribus
2577 5235 2727 5292 urbis
2769 5235 2991 5307 Romae,
3045 5245 3335 5311 utcumque
3387 5247 3651 5297 notarunt
3689 5234 3800 5290 Olim

2232 5325 2553 5382 Dominicus
2590 5326 2969 5394 Machameus,
3011 5329 3295 5402 Philippus
3322 5330 3663 5391 Puuclterius
3684 5324 3801 5383 etin

2224 5415 2517 5473 Germania
2560 5417 2938 5490 Lycostltenes
2977 5437 2991 5476 :
3037 5437 3139 5479 nos
3167 5422 3403 5493 denique
3434 5423 3597 5479 Corn.
3636 5414 3801 5490 Nepoti

2225 5523 2443 5564 manum
2487 5508 2823 5581 addidimus,
2863 5512 3139 5586 voluimus
3175 5514 3391 5585 quidem
3437 5523 3624 5579 certe,
3662 5510 3801 5565 ador—

2223 5600 2428 5657 nando.
2462 5600 2524 5658 In
2558 5602 2802 5658 Orosium
2845 5620 2999 5674 vero,
3030 5621 3193 5677 quem
3213 5607 3325 5677 jam
3352 5614 3614 5676 quartum
3639 5610 3724 5657 aut
3747 5613 3800 5655 eo

2221 5693 2478 5767 amplius,
2505 5695 2707 5770 optime
2734 5693 2986 5771 Choline,
3019 5698 3126 5759 tuis
3152 5699 3297 5775 typis
3323 5699 3605 5759 excudere
3629 5707 3795 5772 paras.
