3908 6324
505 275 612 337 655

1539 270 1810 331 PAULUS
1845 268 2140 330 OROSIUS
2177 268 2711 330 CllRONOLOGUS.
3633 278 3711 341 θεὶς

503 404 568 451 ut
591 401 883 466 propterea
913 392 1091 450 nullus
1119 405 1186 448 es
1212 391 1442 448 laudatis
1473 393 1746 462 episc0pis
1767 399 1961 446 auctor
1985 391 2100 448 fue-
2126 395 2177 457 Α
2203 393 2298 447 iret
2343 393 2577 446 hortatus
2621 409 2757 446 sum.
2804 391 2974 463 quue
3017 391 3146 448 alibi
3188 399 3440 463 prteterca
3481 395 3647 466 tradit,
3671 403 3720 456 ad

508 491 582 544 rit
636 487 910 544 Africana:
974 485 1435 556 peregrinationis
1491 484 1711 550 Orosii;
1759 485 1962 555 quippe
2007 485 2101 555 qui

502 580 616 634 sine
642 578 938 644 voluntate,
971 577 1081 631 sine
1101 577 1428 642 necessitate,
1457 577 1569 631 sine
1606 592 1881 643 consensu,
1921 576 1984 630 de
2009 593 2104 648 pa-

505 673 609 726 tria
651 687 918 741 egressus,
965 670 1172 725 occulta
1199 671 1428 740 quadam
1465 672 1516 724 vi
1557 681 1702 724 actus
1733 670 1860 725 illuc
1907 669 2100 735 luerit,

505 759 966 832 quemadmodum
1024 776 1150 816 eum
1201 761 1512 832 loquentem
1557 762 1722 816 modo
1774 760 2100 816 audivimus.

509 855 696 924 Neque
721 867 853 907 vero
881 851 1008 909 huic
1033 852 1319 909 Orosianae
1349 853 1642 909 assertioni
1684 868 1744 908 ea
1774 853 1992 908 obsrare
2021 852 2104 906 vi-

508 951 730 1018 dentur,
759 964 882 1021 qua:
913 948 1030 1018 ipse
1060 948 1189 1002 alibi
1231 958 1413 1002 narrat
1443 945 1519 1018 (a)
1549 945 1620 1002 de
1645 946 2024 1016 persecutione
2049 944 2103 1000 in

511 1043 631 1100 solo
660 1042 838 1112 patrio
869 1059 897 1094 a
929 1041 1177 1096 barbaris
1206 1040 1310 1095 sibi
1341 1040 1510 1106 illata,
1541 1055 1648 1110 quo
1671 1047 1920 1109 tempore
1946 1039 2106 1094 nimi-

509 1153 633 1193 rum
680 1136 843 1193 Gothi
894 1150 959 1190 ac
1017 1133 1182 1191 Suevi
1223 1134 1510 1204 Hispanias
1555 1135 1874 1189 invaserant
1904 1149 1920 1190 :
1951 1131 2106 1203 cujus

510 1229 747 1301 proinde
789 1228 1187 1300 persecutionis
1241 1226 1578 1283 declinandac
1627 1241 1827 1292 causa,
1874 1225 2106 1296 quadam

520 1323 826 1378 necessitate
844 1320 1158 1392 compulsus
1187 1319 1291 1374 sibi
1318 1319 1437 1390 fuga
1457 1318 1850 1374 consulendum
1870 1317 2104 1374 duxerit.

510 1418 648 1474 Nam
670 1417 1069 1489 persecutionis
1095 1415 1316 1487 quidem
1359 1412 1656 1468 barbariem
1682 1410 1736 1466 vi
1764 1410 2016 1475 adactus,
2038 1423 2106 1464 ex

511 1510 790 1582 Hispaniis
850 1509 1044 1580 pedem
1100 1509 1312 1564 retulit.
1359 1504 1561 1561 Verum
1613 1505 1720 1560 alio
1769 1502 2109 1560 contendere

509 1618 671 1674 quam
703 1603 759 1658 in
783 1617 910 1658 oras
935 1602 1240 1670 Africanas,
1280 1602 1495 1672 integro
1518 1599 1703 1654 animo
1733 1598 1986 1654 aclibero
2012 1612 2110 1670 po-

510 1696 726 1761 tuisset,
762 1695 854 1750 ubi
887 1696 1058 1751 tutius
1087 1696 1253 1749 vitam
1288 1693 1516 1749 duceret
1548 1711 1560 1746 :
1593 1691 1839 1763 adeoque
1875 1692 1992 1747 sine
2019 1707 2111 1745 ne-

2209 487 2471 543 Evodium
2504 487 2825 558 episcopum
2851 486 3099 542 scribens
3128 485 3227 558 (j).
3255 485 3535 558 Augustino
3560 505 3724 550 morem

2206 582 2376 650 gessit
2401 580 2655 647 Orosius;
2688 582 2780 650 qui
2811 591 3100 652 prepterea
3125 581 3194 634 de
3224 595 3324 635 suo
3351 580 3560 638 adventu
3582 583 3625 639 in
3653 585 3729 640 Pa-

2208 676 2472 732 lmstinam
2495 676 2662 731 verba
2681 675 2909 742 faciens,
2936 675 3053 731 lucc
3079 673 3243 743 ait(k)
3270 693 3282 727 :
3305 661 3529 730 Latebant
3547 677 3591 732 in
3608 677 3729 734 Belli-

2207 767 2391 834 lehem,
2425 769 2652 823 traditus
2677 785 2708 821 a
2739 779 2888 840 patre
2905 768 3223 839 Augustino,
3242 778 3298 820 ut
3319 767 3532 821 timorem
3562 769 3732 826 Domini

2207 862 2476 926 discerem,
2490 861 2670 915 sedens
2689 860 2755 914 ad
2766 860 2921 932 pedes
2932 859 3246 930 Hieronymi
3255 902 3265 912 .
3282 859 3413 914 Hinc
3432 875 3578 931 porro
3591 863 3646 917 ad
3658 866 3735 919 Att-

2207 955 2483 1025 gustinum
2509 954 2815 1010 rescribens
2837 951 3520 1023 ipsemctllicronymusU)
3550 971 3562 1005 :
3595 951 3738 1008 Virum

2209 1048 2584 1111 Itonorabilem,
2607 1046 2806 1116 inquit,
2836 1048 3051 1117 fratrem
3079 1062 3273 1110 nteant,
3300 1044 3460 1115 ﬁlium
3478 1046 3739 1118 dignationis

2209 1149 2331 1207 tuae,
2367 1138 2613 1194 Orosium
2639 1139 3012 1210 presbyterum,
3037 1147 3086 1192 et
3127 1138 3210 1191 sui
3239 1137 3416 1192 merito
3441 1148 3484 1193 et
3512 1149 3554 1192 te
3569 1138 3744 1209 jubente

2207 1232 2434 1300 suscepi.
2461 1228 2716 1301 Acceptis
2746 1230 2927 1300 itaque
2955 1230 3024 1285 ab
3043 1230 3348 1300 Augustino
3367 1227 3559 1284 duabus
3578 1230 3746 1301 episto-

2209 1321 2277 1376 lis
2305 1320 2374 1376 ad
2400 1321 2792 1394 llieronymum
2811 1335 2981 1376 verno
3006 1329 3253 1391 tempore
3273 1320 3400 1376 anni
3419 1317 3518 1375 “5
3545 1321 3748 1390 scriptis,

2210 1412 2460 1484 llippone
2495 1413 2722 1468 Solverit
2762 1413 2946 1468 statim
2987 1412 3218 1468 Orosius
3259 1419 3317 1467 et
3360 1412 3413 1468 in
3460 1411 3749 1467 Palaestinam

2209 1508 2514 1580 pert-exerit
2547 1526 2561 1562 :
2611 1507 2723 1563 illic
2753 1508 2898 1564 enim
2929 1521 3052 1562 eum
3079 1506 3192 1577 jam
3228 1506 3404 1580 egisse
3437 1522 3608 1562 mense
3639 1505 3754 1562 iulio

2209 1611 2448 1658 exeunte
2491 1602 2736 1674 ejusdem
2782 1604 2908 1659 anni
2948 1601 3056 1658 115
3087 1617 3154 1658 es
3203 1617 3330 1658 mox
3367 1601 3608 1674 dicendis
3637 1616 3754 1657 cotu-

2211 1709 2294 1766 pei
2313 1703 2424 1749 tum
2455 1694 2568 1751 fiet.

506 1785 767 1851 cessitate,
793 1795 852 1840 ut
878 1785 998 1857 ipse
1029 1786 1104 1840 ait
1138 1803 1151 1839 :
1185 1799 1249 1840 ac
1277 1784 1452 1840 libens
1485 1799 1550 1838 eo
1580 1783 1798 1838 demum
1842 1781 2103 1853 eenfugit.
2137 1787 2186 1847 B
2281 1789 2491 1845 Interea
2521 1787 2648 1844 dum
2676 1787 2818 1858 apud
2853 1786 3246 1860 Hieronymum
3273 1787 3632 1844 diversaretur
3649 1786 3758 1842 Oro-

511 1879 628 1947 Qua
665 1878 732 1934 de
760 1893 819 1934 re
843 1878 1019 1949 ipsum
1049 1878 1332 1933 audiamus
1365 1878 1439 1948 (b)
1469 1895 1483 1930 :
1515 1875 1648 1930 Mihi
1669 1886 1862 1942 autem,
1899 1875 2106 1946 inquit,

511 1972 687 2043 prima
707 1972 1093 2043 qualiscumque
1119 1981 1291 2026 motus
1315 1970 1703 2040 perturbatione
1727 1969 1970 2040 fugienti,
1991 1970 2113 2040 quia

515 2068 581 2121 de
607 2065 944 2136 confugiendi
974 2066 1199 2120 statione
1237 2081 1442 2131 securo,
1475 2064 1666 2135 ubique
1694 2065 1896 2134 patria,
1926 2064 2112 2134 ubique

513 2159 599 2214 lca:
622 2167 669 2212 et
695 2159 881 2229 religio
929 2175 1040 2213 mea
1077 2168 1148 2212 est
1179 2175 1198 2212 :
1229 2174 1365 2212 nunc
1394 2173 1473 2212 me
1511 2157 1694 2228 Africa
1733 2167 1838 2211 tam
1893 2157 2114 2213 libenter

516 2252 734 2324 excepit,
764 2267 923 2321 quam
943 2251 1267 2322 confidenter
1290 2252 1482 2306 accessi
1505 2268 1524 2305 :
1548 2268 1686 2305 nunc
1717 2267 1797 2305 me
1814 2295 1828 2320 ,
1862 2252 2072 2322 inquam
2094 2293 2108 2314 ,

514 2345 620 2398 ista
632 2343 814 2415 Africa
843 2345 1042 2416 excepit
1069 2361 1199 2415 pace
1227 2344 1452 2415 simplici
1475 2388 1490 2412 ,
1531 2344 1651 2398 sinu
1703 2346 1915 2416 proprio
1935 2387 1950 2410 ,
1987 2347 2112 2416 jure

511 2437 794 2492 communi.
829 2437 897 2492 Et
941 2437 1173 2508 reliqua,
1209 2436 1371 2509 digna
1418 2453 1551 2494 sane
1580 2454 1703 2510 qua:
1745 2438 1887 2508 apud
1934 2438 2110 2510 ipsum

511 2537 791 2584 auctorem
831 2528 1202 2598 perlegantur.

583 2619 825 2676 Primum
851 2618 1031 2675 Orosii
1057 2620 1344 2692 appulsum
1377 2622 1430 2676 in
1451 2622 1692 2678 Africam
1723 2623 1842 2679 sive
1872 2633 1993 2694 post
2018 2623 2113 2678 ini-

525 2714 800 2770 tiumanni
820 2712 952 2782 415,
969 2713 1086 2770 sive
1114 2725 1240 2770 ante
1266 2715 1507 2771 medium
1535 2714 1780 2786 ejusdem
1804 2716 2114 2786 anniligeu-

512 2807 640 2862 dum
663 2822 784 2862 cum
806 2807 936 2862 viris
967 2807 1146 2862 doctis
1168 2806 1242 2880 (c)
1272 2808 1518 2864 ducimus
1539 2826 1552 2861 :
1570 2824 1726 2865 secus
1744 2819 1913 2880 atque
1936 2810 2111 2864 visum

511 2897 728 2955 Norisio
752 2897 834 2971 (ά)
859 2899 1086 2972 ejusque
1108 2901 1708 2974 assectatoriPagioQ),
1731 2917 1958 2972 quorum
1982 2902 2114 2958 utri-

513 3009 620 3066 que
641 2993 988 3066 praeeedente
1009 3011 1153 3051 anno
1182 2996 1286 3051 414
1310 2995 1361 3052 id
1393 2998 1710 3068 contigisse,
1729 3007 1973 3053 statuere
1995 2997 2112 3068 pla-

515 3087 647 3142 cuit.
666 3086 912 3157 llippone
926 3088 1107 3159 itaque
1122 3087 1264 3158 apud
1279 3087 1632 3160 Augustinum
1653 3090 1855 3160 degens
1867 3091 2109 3158 Orosius,

2212 1879 2359 1947 sius,
2409 1887 2709 1951 cunctaque
2740 1879 2810 1935 ibi
2845 1891 3160 1936 enarrasset
3187 1895 3313 1951 qua:
3342 1877 3653 1951 Carthagine
3688 1880 3762 1934 ad-

2214 1987 2407 2028 versus
2435 1972 2760 2042 Pelagianos
2785 1979 3005 2042 peracta
3035 1971 3251 2027 fuerant
3277 1988 3292 2038 ;
3326 1971 3409 2027 bis
3428 1971 3616 2027 auditis
3638 1971 3763 2027 Joan-

2213 2082 2314 2121 nes
2341 2065 2870 2138 llierosolymitanus
2899 2067 3048 2138 quia
3091 2067 3313 2138 Pelagio
3342 2067 3456 2123 illic
3499 2066 3672 2122 itidem
3697 2066 3765 2122 de-

2213 2171 2374 2231 gente
2403 2159 2687 2230 deceptus,
2721 2174 2846 2215 eum
2867 2160 3031 2215 veluti
3057 2159 3421 2215 ortbodoxnm
3445 2159 3761 2224 existimabat,

2214 2267 2331 2308 rem
2375 2267 2540 2324 agere
2582 2251 2788 2321 judicio
2835 2249 3123 2306 decrevit:
3167 2250 3480 2322 indictaque
3519 2258 3764 2321 propterea

2213 2345 2418 2400 urbana
2433 2343 2665 2415 synodo,
2686 2343 2752 2398 ad
2775 2358 2900 2400 eam
2919 2342 3176 2399 Orosium
3197 2343 3416 2400 accivit.
3432 2342 3531 2411 Qui
3549 2341 3766 2409 deinceps

2212 2438 2420 2494 dolosis
2453 2436 2898 2492 adversariorum
2955 2437 3168 2492 artibus
3214 2444 3491 2510 tamquam
3543 2435 3768 2492 ltmreticzc

2216 2529 2501 2600 pravitatis
2533 2537 2776 2584 assertor
2804 2536 3058 2598 notatus,
3093 2528 3296 2584 librum
3330 2526 3655 2599 postmodum
3677 2525 3767 2580 edi-

2214 2620 2296 2676 dit
2323 2619 2747 2691 apologetieum,
2785 2620 2874 2675 ubi
2907 2620 2990 2675 sui
3017 2619 3394 2676 defensionem
3423 2618 3647 2689 pluribus
3662 2630 3766 2689 pro-

2213 2723 2469 2782 secutus,
2512 2730 2681 2769 unum
2714 2715 3014 2769 insectatur
3045 2713 3353 2786 Pelagium.
3387 2713 3614 2784 Longum
3651 2720 3770 2766 esset

2215 2805 2294 2859 ire
2325 2819 2424 2876 per
2449 2805 2696 2874 singula,
2743 2820 2865 2877 qua:
2911 2804 3005 2859 illo
3033 2804 3102 2860 in
3140 2817 3419 2860 conventu
3468 2812 3607 2874 gesta
3633 2800 3770 2857 fuisse

2214 2898 2602 2968 perhibentur.
2643 2897 2719 2952 Ea
2771 2912 3007 2969 namque
3040 2897 3212 2952 satius
3251 2898 3420 2954 fuerit
3467 2896 3687 2952 ediscere
3717 2908 3770 2948 ex

2215 2992 2335 3060 ipso
2361 2991 2602 3046 auctoris
2635 2990 2808 3046 nostri
2838 2990 3217 3062 Apologctico,
3240 3007 3409 3062 quem
3432 2989 3562 3047 infra
3587 2986 3770 3045 exhibe-

2216 3099 2359 3138 mus.
2381 3082 2602 3138 lnterim
2618 3098 2752 3139 vero
2769 3099 2930 3139 unum
2953 3083 3257 3140 alterumve
3275 3100 3377 3154 pro
3404 3082 3621 3139 instituti
3635 3078 3770 3136 nostri

513 3189 803 3251 postquam
835 3179 918 3235 sui
948 3195 1169 3238 causam
1200 3182 1409 3238 itineris
1437 3193 1623 3238 sancto
1644 3182 1854 3238 doctori
1884 3199 2111 3254 sugges-
2138 3173 2185 3237 C
2217 3176 2428 3232 ratione
2456 3175 2749 3233 advertere
2780 3186 3146 3248 opportunum
3173 3175 3449 3260 ducimus.
3485 3177 3551 3232 Et
3578 3175 3769 3246 primum

513 3272 703 3337 sisset,
728 3272 904 3328 eidem
929 3273 1273 3342 postmodum
1289 3274 1736 3330 Consultationem
1760 3290 1857 3330 seu
1875 3273 2116 3332 Cornuto-

512 3367 766 3422 nitorium
817 3366 1012 3422 obtulit
1070 3368 1330 3423 deerrare
1382 3367 1917 3424 Priscillianistarum
1960 3380 2114 3441 atque

519 3457 936 3530 Origenistarum
955 3500 970 3525 ,
1006 3457 1076 3512 ab
1105 3472 1172 3512 eo
1201 3457 1368 3513 enixe
1393 3467 1585 3527 petens
1613 3456 1714 3529 (ί),
1753 3468 1808 3512 ιιι
1835 3461 2114 3531 perspectis

515 3554 754 3608 omnibus
783 3553 973 3608 morbis
999 3553 1311 3608 medicinam
1327 3552 1576 3607 adhibere
1601 3554 1890 3624 festinaret.
1908 3555 2113 3610 Annuit

518 3648 714 3706 Orosio
757 3649 1131 3718 Augustinus;
1183 3647 1410 3718 ejusque
1440 3647 1835 3703 Consultationi
1885 3663 2110 3719 respon-

513 3742 686 3809 dens,
718 3740 918 3797 librum
959 3741 1136 3797 eidem
1171 3739 1446 3809 inscripsit
1482 3739 1582 3813 (g).
1613 3739 1907 3810 Utriusque
1931 3741 2110 3811 operis

515 3833 685 3889 semel
709 3834 1018 3903 iterumque
1045 3833 1525 3888 meminitsanctus
1555 3840 1708 3903 pater
1731 3831 1828 3905 (Ιι).
1859 3832 2112 3901 Quando-

508 3923 729 3995 quidem
760 3939 890 3980 vero
931 3925 1076 3980 inter
1101 3923 1279 3979 Orosii
1309 3925 1640 3994 interrogata
1669 3933 1723 3979 ct
1750 3923 1881 3980 illud
1912 3939 2109 3981 cense-

509 4015 670 4071 batur
709 4017 774 4072 de
811 4016 1014 4088 origine
1041 4015 1270 4083 animm;
1303 4015 1369 4070 ad
1403 4015 1539 4070 hanc
1585 4015 1958 4072 difficillimam
2005 4016 2112 4072 sol-

507 4107 744 4164 vendam
779 4107 1137 4179 quarstioncm
1168 4108 1430 4178 imparem
1469 4123 1530 4163 se
1579 4107 1859 4178 professus
1885 4118 2110 4164 sanctus

509 4199 886 4270 Augustinus,
947 4199 1326 4272 presbyterum
1389 4208 1636 4254 nostrum
1691 4199 1986 4271 llispanum
2041 4200 2106 4256 ad

507 4291 897 4363 Hieronymum
920 4291 1204 4348 doctorem
1236 4293 1531 4348 maximum
1567 4293 1953 4350 remittendum
1979 4309 2109 4350 cen-

509 4384 652 4450 suit,
695 4399 820 4438 eum
849 4384 1059 4440 duabus
1101 4385 1246 4440 inter
1274 4395 1471 4441 caetera
1514 4387 1763 4456 epismlis
1798 4387 1976 4443 eidem
2025 4388 2108 4444 in-

509 4475 752 4547 scriptis,
776 4475 829 4530 in
854 4491 1083 4546 quarum
1116 4478 1296 4547 priore
1312 4478 1413 4533 sub
1436 4477 1776 4535 initiumhacc
1808 4480 1969 4535 habet
1997 4483 2060 4551 (ἰ)
2090 4500 2104 4537 :

509 4567 683 4624 Docui
718 4568 977 4623 hominem
1017 4568 1316 4642 (Orosium)
1348 4573 1484 4640 quod
1519 4571 1700 4642 potui:
1751 4574 1889 4643 quod
1933 4583 2104 4628 autent
2131 4554 2186 4617 D

504 4680 610 4719 non
635 4662 806 4733 potui,
836 4663 972 4718 unde
992 4663 1191 4718 discere
1211 4673 1383 4736 posset
1404 4664 1678 4733 admonui,
1709 4674 1863 4736 atque
1892 4677 1947 4720 ut
1973 4667 2040 4721 ad
2061 4676 2111 4720 te

605 4848 657 4910 a)
700 4847 851 4902 Oros.
884 4844 1020 4900 llist.
1053 4843 1148 4900 lib.
1180 4860 1254 4910 Ill,
1290 4859 1408 4910 cap.
1436 4842 1530 4900 20.

606 4915 656 4985 b)
694 4917 782 4972 Id.
814 4917 944 4972 ibid.
978 4915 1074 4971 lib.
1106 4933 1161 4984 γ,
1187 4929 1308 4985 cap.
1338 4915 1395 4970 2.

575 4986 650 5058 (c)
691 4987 804 5044 BB.
857 4987 1153 5058 Admonit:
1176 4995 1314 5058 tom.
1358 4986 1580 5058 Xropp.
1617 4986 1753 5057 Aug.
1788 5001 1909 5056 pag.
1968 4989 2097 5056 165,

579 5056 651 5133 st.
676 5057 1098 5133 n1ed_.;_Batler:-
1122 5056 1356 5133 Observ.
1396 5056 1502 5114 lib.
1527 5056 1570 5123 ἰ,
1602 5056 1726 5129 cap.
1748 5059 1804 5126 4,
1833 5059 1862 5129 §
1888 5058 1945 5125 4,
1972 5076 2095 5133 pag.

579 5071 651 5114 ει.
676 5071 843 5124 med;
873 5071 1073 5114 Bauer.
1122 5071 1232 5114 Ubs

500 5071 605 5186 ἕδὸ
633 5139 768 5186 tom.
796 5129 863 5186 IV
893 5143 1018 5200 opp.
1050 5127 1234 5200 Noris.

506 5200 870 5326 “gole-is.
890 5198 1028 5257 lliSt.
1047 5199 1235 5271 Pelag.
1264 5198 1362 5256 lib.
1387 5215 1424 5268 t,
1445 5212 1565 5270 cap.
1590 5199 1647 5266 6,
1671 5213 1723 5271 p.
1749 5198 1818 5258 68
1834 5213 2094 5275 seq.0pp.

567 5341 647 5413 le)
687 5340 843 5413 Pagi.
878 5341 944 5413 ad
972 5357 1102 5398 ann.
1123 5341 1250 5409 414,
1279 5340 1308 5413 §
1334 5341 1390 5399 6.

577 5411 660 5484 (f)
705 5411 858 5485 Oros.
887 5412 1133 5469 Censuit.
1171 5411 1469 5485 adJAng.§
1504 5411 1557 5485 1.

595 5482 653 5554 9)
690 5483 978 5554 ᾼυῃ.ρρρ.
1000 5493 1143 5554 tom.
1175 5482 1314 5548 VIII,
1344 5482 1466 5554 pag.
1493 5482 1621 5538 611.

596 5552 650 5627 ti)
691 5552 784 5630 Id.
808 5552 968 5630 iii)qu
996 5552 1374 5630 Retract_._cap.
1394 5552 1625 5630 ﬂ,_opp.
1648 5564 1780 5630 tom.
1795 5555 1836 5622 l,
1855 5571 1980 5630 pag.
1999 5557 2092 5628 57,

497 5639 552 5687 et
579 5624 638 5684 in
663 5627 828 5696 epist.
857 5624 983 5692 169,
1019 5641 1168 5696 num.
1206 5624 1292 5690 15,
1320 5636 1449 5679 tom.
1484 5627 1522 5679 ll
1558 5624 1680 5695 pag.
1715 5629 1840 5683 608.

567 5700 630 5772 (ί)
668 5694 806 5772 Aug.
837 5694 1162 5772 epistzjbti,
1194 5697 1429 5772 num._2,
1462 5694 1818 5772 tom.r_llpag.
1851 5697 1980 5759 584,

494 5803 508 5841 ι
570 5764 640 5844 (j)
681 5764 771 5824 Id.
800 5766 962 5838 epist.
993 5764 1120 5833 166,
1150 5780 1298 5824 num.
1333 5767 1420 5836 15,
1451 5781 1571 5842 pag.
1605 5764 1730 5828 608.

2213 3269 2433 3339 quidem
2479 3270 2828 3326 statuendum
2861 3271 3111 3337 videtur,
3157 3273 3446 3342 pertinere
3490 3278 3770 3328 conventum

2212 3359 2363 3416 illum
2411 3360 2972 3434 liierosolynritanum
3033 3361 3102 3416 ad
3149 3377 3360 3418 annum
3403 3363 3534 3430 415,
3581 3374 3678 3432 quo
3717 3372 3769 3413 ex

2213 3457 2398 3514 Africa
2421 3473 2588 3514 verna
2638 3467 2966 3532 tempeState
2999 3461 3290 3518 discedens
3323 3463 3582 3528 Orosius,
3621 3461 3668 3515 in
3696 3459 3774 3514 Pa-

2212 3549 2477 3606 laestinam
2506 3552 2807 3618 contendit,
2840 3560 2898 3608 ut
2921 3554 3173 3622 superius
3200 3554 3463 3611 vidimus.
3496 3554 3638 3610 Diem
3668 3564 3772 3606 vero

2211 3656 2319 3711 quo
2350 3651 2655 3697 conventus
2681 3643 2825 3700 idem
2848 3654 3068 3700 coactus
3099 3654 3203 3712 est,
3252 3647 3428 3703 fuisse
3454 3646 3524 3702 28
3543 3644 3690 3709 Julii,
3717 3656 3771 3696 ex

2213 3735 2450 3804 ipsomet
2495 3735 2691 3792 Orosio
2720 3736 3022 3796 erudimur.
3067 3737 3300 3795 Constat
3348 3743 3493 3796 enim
3526 3739 3635 3811 (in),
3675 3749 3772 3790 cum

2209 3837 2324 3898 post
2355 3829 2467 3882 dies
2493 3830 2842 3903 quadraginta
2870 3841 2922 3884 et
2951 3840 3145 3900 septem
3184 3831 3258 3886 ab
3301 3831 3494 3888 habito
3519 3836 3774 3890 conventu,

2211 3920 2643 3992 Hierosolymam
2673 3921 2905 3979 rediisse
2937 3923 3106 3993 primo
3152 3923 3528 3979 Eucamiorum
3563 3923 3639 3976 die
3664 3936 3678 3974 :
3702 3918 3772 3988 qui

2210 4012 2452 4080 quidem,
2479 4014 2598 4070 dies
2617 4025 2733 4069 erat
2763 4015 2831 4070 15
2856 4016 3197 4085 Septembris
3218 4059 3233 4080 ,
3260 4027 3324 4071 ut
3359 4017 3525 4072 tradit
3551 4013 3778 4084 Nicepho-

2211 4119 2304 4158 rus
2331 4103 2435 4176 (tt),
2467 4106 2857 4183 τρισκαιδεκάτῃ
2885 4107 2927 4164 δ’
2947 4107 3007 4168 ἦν
3045 4111 3400 4188 Σεπτεμϐρίου
3441 4111 3592 4184 μηνὸς
3621 4125 3633 4162 ε
3660 4103 3774 4174 quod

2211 4201 2378 4272 probe
2403 4201 2785 4258 animadvertit
2824 4202 3072 4258 Valesius
3101 4203 3203 4275 (a),
3239 4220 3308 4260 ac
3347 4216 3471 4276 post
3500 4219 3617 4259 cum
3640 4201 3778 4256 Tillc-

2210 4294 2448 4349 montius
2466 4293 2775 4364 (p).Vcrum
2801 4294 3046 4350 Norisius
3069 4295 3170 4366 (ιι),
3200 4296 3546 4352 Benedictini
3577 4294 3660 4363 (r),
3681 4290 3778 4345 Val-

2210 4385 2406 4442 larsius
2451 4384 2524 4458 (s)
2557 4385 2760 4457 aliique
2789 4386 2858 4441 ab
2891 4388 3187 4458 interprete
3242 4389 3440 4459 Lange
3479 4387 3675 4457 decepti
3709 4382 3778 4454 qui

2208 4482 2358 4537 aliud
2376 4497 2539 4553 agens
2554 4483 2846 4554 Nicephori
2876 4484 3040 4540 verba
3067 4485 3332 4554 reddidit,
3362 4486 3495 4540 Erat
3517 4486 3560 4540 is
3587 4481 3778 4537 decimus

2207 4588 2423 4648 quartus
2455 4577 2640 4632 mensis
2665 4577 2983 4649 Septembris
3007 4580 3136 4648 dies,
3170 4581 3412 4652 primum
3439 4577 3778 4636 Enctcniorum

2209 4669 2352 4727 diem
2385 4671 2437 4727 in
2471 4671 2535 4726 14
2573 4669 2912 4742 Septembris
2942 4672 3200 4731 incidisse
3236 4683 3526 4733 asserunt.
3559 4671 3778 4728 Erratunt

2279 4849 2360 4918 (k)
2403 4848 2556 4932 0ros.
2584 4849 2814 4935 Apolog.
2848 4851 2957 4978 ﬁ}.

2279 4920 2340 4978 (ι)
2383 4920 2608 4976 Hieron.
2651 4931 2816 4978 cntst.
2882 4924 2953 4978 51

2276 4920 2346 5000 ξιξ
2383 4920 2608 5000 Hieran.
2638 4920 2816 4994 epist.
2848 4920 2972 4993 151,
3007 4938 3156 4980 num.
3188 4939 3228 4994 ι,
3261 4941 3398 5000 opp.
3432 4935 3564 4984 tom.
3599 4921 3641 4993 l,
3681 4934 3781 4994 pag.

2208 4990 2370 5056 1056,
2386 4991 2516 5046 cdit.
2552 4990 2753 5048 Veron.

2279 5062 2377 5138 (ut)
2407 5063 2888 5138 _(_)_ros._Apolog.§
2922 5067 2978 5121 7.

2275 5133 2804 5223 (n)'NicephA;gattI
2835 5133 2976 5195 llist.
3026 5138 3166 5196 eccl.
3213 5139 3318 5196 lib.
3353 5156 3450 5198 vru
3485 5181 3500 5207 ,
3548 5153 3662 5210 cap.
3691 5135 3780 5199 50.

2206 5203 2345 5261 tom.
2373 5203 2415 5267 Ι,
2448 5203 2572 5277 pag.
2601 5204 2730 5263 655.
3487 5203 3498 5207 ⁷
3611 5203 3628 5210 ’

2274 5274 2355 5406 ἕο)
2399 5277 2576 5360 Vales.
2610 5277 2677 5332 ad
2709 5277 2911 5335 Euseb.
2941 5278 3053 5335 Vit.
3095 5279 3290 5336 ConSt.
3317 5281 3418 5337 lib.
3461 5296 3538 5345 tv,
3566 5294 3680 5352 cap.
3706 5274 3779 5333 i6.

2301 5349 2358 5406 nl
2395 5347 2604 5402 Tiltem.
2640 5348 2797 5403 Mem.
2829 5353 2965 5405 eccl.
2998 5361 3129 5406 tom.
3159 5351 3318 5406 Xlll.
3348 5367 3480 5406 bac.
3509 5352 3631 5406 668.

2301 5349 2358 5423 ρ)
2395 5347 2805 5423 T_ilterit.__blenr:
2829 5353 2965 5423 eccl.
2998 5361 3129 5423 tom.
3159 5351 3318 5420 Xlll,
3348 5367 3480 5423 pag.
3509 5352 3631 5407 668.

2275 5415 2575 5493 (q)_1_\loris.
2612 5419 2750 5474 llist.
2778 5420 2961 5490 Pelag.
2997 5421 3094 5478 lib.
3125 5437 3166 5491 ι,
3198 5415 3324 5493 cap.
3350 5415 3582 5493 '7,'opp.
3611 5431 3726 5477 tom.
3748 5415 3781 5481 I,

2520 5561 2573 5615 in
2603 5560 2850 5646 Append.
2977 5570 3110 5617 tom.
3139 5561 3206 5646 _X
3229 5562 3378 5646 Aug.
3417 5564 3663 5646 ιδεμ-ῃ,
3689 5568 3779 5646 not.

2272 5629 2342 5703 (s)
2382 5631 2610 5707 Vallars.
2638 5634 2703 5707 ad
2727 5648 2854 5702 opp.
2882 5634 3101 5707 llierou.
3137 5644 3268 5688 tom.
3301 5633 3369 5698 ΙΙ,
3404 5629 3530 5707 pag.
3555 5635 3677 5704 575,
3702 5629 3782 5687 sub

2200 5701 2294 5760 lin.
2321 5701 2381 5762 et
2407 5713 2538 5762 tom.
2567 5701 2610 5773 i,
2642 5702 2693 5759 in
2727 5701 2940 5762 recens.
2984 5704 3146 5778 epist.
3175 5718 3331 5763 nmn.
3366 5701 3496 5766 155.
