3908 6270
171 259 263 317 657

1045 253 1323 314 NO'I’ITIA
1363 253 1735 314 GALLANDII
1777 253 1840 311 IN
1881 253 2167 312 PAULUM
2205 253 2530 314 OROSIUM.

3333 263 3439 322 658

174 372 296 427 idem
318 370 510 426 erravit
537 383 762 442 quoque
800 368 990 441 Pagins
1018 369 1118 441 (a),
1152 369 1425 425 Norisium
1451 380 1508 425 ut
1536 372 1741 426 assolet
1766 371 1815 431 Α
1843 368 1911 424 de
1941 378 2215 440 potestate
2240 370 2398 428 liberi
2427 373 2666 444 arbitrii,
2697 375 2864 433 altera
2881 375 2949 435 de
2977 377 3314 448 perfectione
3338 381 3441 436 ho-

173 474 397 530 sccutus;
425 463 514 519 sui
559 464 820 519 nimirum
847 463 1073 528 oblitus;
1107 463 1311 533 quippe
1337 465 1430 533 qui
1457 474 1618 518 antea
1634 464 1738 518 Va-

174 559 343 613 Iesium
368 557 715 625 exscribeus,
747 555 997 611 Enca'nia
1043 554 1293 611 ccclesim
1341 555 1737 627 Ilierosiilymi-

175 661 294 704 tante
318 649 400 705 die
427 650 493 704 I3
520 649 863 718 Septembris
900 648 1174 704 celebrata
1199 647 1367 703 fuisse
1398 657 1547 703 recte
1577 648 1741 702 tradi-

173 743 305 796 derat
327 741 416 812 (ὁ).
449 742 492 795 Α
515 740 606 797 die
631 740 814 810 itaque
840 741 905 794 15
935 740 1276 810 Septembris
1300 739 1584 794 retroactis
1611 739 1734 794 die-

172 839 258 893 bus
280 837 342 890 47
367 836 682 900 Orosianis,
720 836 786 890 ad
811 836 937 891 Julii
979 834 1121 890 diem
1174 837 1246 890 9.8
1278 836 1564 904 pervenies
1586 878 1600 901 ,
1626 848 1736 903 quo

176 932 363 984 habitus
389 929 489 984 fuit
517 942 826 984 conventus
864 928 1408 1000 Ilierosolymitanus.

234 1020 384 1075 Porro
421 1019 655 1074 alterum
681 1019 827 1091 quod
867 1019 1309 1075 animadvertere
1340 1027 1525 1073 nostra
1563 1018 1736 1088 magis

173 1114 412 1168 interesse
444 1111 798 1177 arbitramur,
824 1123 1074 1167 versatur
1101 1112 1155 1166 in
1196 1112 1493 1167 assercndo
1523 1112 1732 1166 auctori

173 1215 338 1260 nosuo
384 1219 505 1261 cum
549 1206 684 1260 viris
730 1205 910 1260 doctis
950 1204 1316 1276 Apologetico
1360 1204 1516 1274 cujus
1569 1203 1733 1260 modo

173 1297 476 1352 mentionem
508 1296 760 1353 fecimus.
803 1297 1071 1353 Nimirum
1123 1295 1412 1352 Jansenius
1451 1296 1731 1366 egregium

172 1391 291 1444 ἰδιυά
313 1389 628 1459 cpusculum
658 1390 727 1446 ab
746 1389 929 1458 aliquo
951 1390 1359 1445 exercitationis
1383 1404 1543 1444 causa
1568 1387 1733 1445 fuisse

170 1485 502 1553 conscriptum
531 1483 806 1538 existimat
835 1483 929 1554 (c).
961 1483 1261 1540 Wastelius
1283 1499 1411 1538 vero
1435 1484 1500 1538 iis
1525 1498 1644 1554 qua:
1661 1497 1730 1539 ex

167 1573 397 1629 Janseuio
409 1575 608 1644 hausit,
630 1574 759 1630 illud
777 1589 994 1645 quoque
1013 1575 1238 1644 adjecit,
1256 1572 1645 1628 Novatianismi
1666 1586 1732 1628 ac

167 1664 555 1721 Nestorianismi
578 1681 731 1722 reum
749 1681 870 1721 esse
891 1666 1143 1722 Orosiani
1175 1665 1422 1736 opusculi
1447 1673 1730 1720 auctorem

1843 462 2004 517 minis
2031 461 2085 516 in
2113 465 2220 518 vita
2253 467 2470 522 mortali
2503 483 2680 539 :quas
2709 485 2842 527 unas
2871 472 3235 546 Hieronymus
3265 475 3351 546 (η)
3383 476 3440 531 in

1842 555 2050 611 oriente
2072 555 2324 626 agitabat,
2354 575 2685 632 suarumque
2707 564 2942 634 partium
2964 568 3304 638 presbyteris
3316 584 3444 638 per-

1839 659 2086 704 suaserat
2112 665 2126 713 ;
2157 649 2227 704 ita
2253 662 2308 704 ut
2331 652 2554 723 Pelagio
2582 671 2829 726 magnam
2859 658 2985 713 inde
3016 659 3271 715 invidiam
3297 661 3434 716 facc-

1839 749 1979 794 rent.
2012 740 2199 793 Ambze
2221 755 2353 796 vero
2382 752 2489 797 tam
2517 747 2791 803 subtiliter
2819 749 2884 804 ad
2909 750 3122 807 Sehelze
3150 755 3436 829 ἀκρίϐειαν,

1840 839 2059 900 tamque
2089 830 2263 886 solide
2291 834 2360 888 ad
2389 833 2515 890 fidei
2544 839 2787 907 regulam
2814 841 3102 897 solvuntur
3143 844 3224 913 (in
3261 845 3434 899 hocce

1837 924 2018 980 Orosii
2043 925 2425 998 Apologetico)
2451 944 2465 992 ;
2490 937 2550 984 ut
2575 929 2852 988 afﬁrmare
2869 948 2977 988 non
2999 935 3269 1003 dubitem,
3298 937 3434 992 nihil

1837 1017 1951 1072 fere
1990 1018 2187 1075 melius
2205 1021 2472 1090 scriptum
2500 1022 2632 1078 olim
2666 1023 2859 1094 primis
2892 1028 3228 1097 temporibus
3251 1069 3266 1094 ,
3298 1029 3434 1085 nihil

1837 1119 2083 1166 veterum
2127 1113 2591 1171 monimentorum
2627 1129 2917 1188 superesse
2964 1123 3434 1192 consequentibus

1838 1204 2176 1274 temporibus
2206 1205 2448 1262 utilius.)

1908 1297 2015 1354 Sed
2072 1298 2310 1354 nondum
2367 1313 2550 1356 sermo
2603 1301 2673 1356 de
2735 1301 3002 1358 Orosiano
3068 1304 3432 1376 Apologetico

1834 1391 2259 1460 abrumpendus.
2304 1390 2569 1449 Nimirum
2619 1405 2907 1465 postrema:
2959 1396 3118 1467 hujus
3183 1401 3433 1468 opusculi

1833 1483 1973 1551 parti
2003 1483 2078 1554 (ο)
2118 1483 2262 1538 haud
2304 1499 2473 1553 pauca
2508 1501 2578 1542 ex
2629 1487 2771 1543 libro
2825 1491 2996 1544 sancti
3026 1489 3317 1561 Augustini
3367 1494 3434 1549 de

1835 1572 2049 1627 Natura
2079 1584 2126 1628 et
2157 1573 2338 1629 Gratia
2365 1576 2445 1647 (p)
2496 1576 2666 1634 fuisse
2708 1580 2918 1635 intexta
2944 1591 3286 1651 compertum
3315 1593 3430 1650 est;

1834 1679 1955 1735 quze
1985 1674 2275 1736 propterea
2307 1667 2504 1724 merito
2530 1671 2600 1724 ab
2618 1671 2850 1726 eruditis
2877 1673 3285 1728 rescinduntur.
3321 1675 3433 1730 Ilu-

167 1759 256 1827 (d).
283 1778 299 1811 ι
335 1758 444 1814 Νοιι
466 1770 551 1815 est
579 1758 667 1814 hic
692 1759 862 1822 locus,
884 1771 939 1812 ut
967 1759 1166 1815 Labbei
1186 1757 1368 1814 verbis
1392 1768 1605 1813 utamur
1632 1758 1726 1828 (c).
1760 1759 1810 1820 B
1829 1755 2070 1825 jusmodi
2098 1766 2474 1812 assumentum
2507 1758 2767 1816 Schottus
2813 1761 3019 1830 primus
3064 1763 3279 1820 detexit
3306 1765 3426 1836 (q);

165 1852 384 1908 acerbius
396 1851 683 1910 invehendi
698 1853 813 1910 sive
824 1854 878 1909 in
892 1855 1206 1924 episcopum
1222 1853 1521 1923 Iprensem,
1539 1851 1660 1906 sive
1673 1851 1726 1905 in

166 1942 454 2000 Wastelium
478 1943 827 2001 Carmelitam
854 1962 869 2012 ;
902 1945 995 2017 qui
1027 1946 1304 2014 futilibus,
1333 1944 1428 2002 sed
1456 1945 1648 2000 fucatis
1673 1945 1726 1999 in

161 2039 376 2108 speciem
389 2040 720 2110 argumentis
740 2040 999 2094 eximium
1024 2039 1157 2094 illud
1173 2052 1315 2108 opus
1326 2035 1724 2108 apologcticum

161 2132 203 2184 in
227 2133 578 2202 suspicionem
620 2137 817 2197 νοθείας
859 2133 1136 2188 adducere
1179 2133 1506 2196 voluerunt,
1532 2141 1724 2186 contra

157 2225 344 2280 nitente
369 2225 704 2280 eruditorum
732 2223 851 2281 fere
877 2225 1121 2280 omnium
1146 2223 1388 2280 virorum
1415 2223 1720 2279 exercitu.»

160 2314 336 2371 Verum
362 2316 427 2372 ad
455 2332 551 2372 eos
590 2316 921 2372 refellendos
952 2331 1094 2372 unus
1131 2324 1334 2386 praesto
1364 2316 1435 2370 sit
1467 2318 1723 2387 Augusti-

155 2422 255 2472 nus,
278 2407 366 2478 qni
389 2416 635 2464 actorum
650 2416 953 2463 conventus
979 2407 1478 2478 llierosolymitani,
1501 2410 1570 2464 ab
1583 2410 1720 2466 Oro-

152 2499 220 2554 sio
251 2501 306 2555 in
329 2516 426 2556 suo
452 2501 1188 2574 Apologeticodigestorum,
1220 2511 1474 2573 excerpta
1497 2503 1636 2560 libro
1656 2506 1722 2560 de

153 2591 301 2647 Gesti:
325 2593 528 2667 Pelagii
549 2595 848 2650 intexuisse
867 2595 1202 2666 comperitur
1221 2594 1324 2665 (f).
1349 2595 1503 2662 Quod
1529 2609 1587 2652 ut
1608 2597 1718 2653 Iec-

152 2687 236 2742 turi
268 2687 603 2745 manifestius
632 2699 878 2756 constet,
901 2690 1051 2745 viros
1076 2688 1412 2745 clarissimos
1446 2689 1636 2759 adeas,
1669 2690 1717 2747 si

150 2780 296 2848 lubet,
334 2784 422 2855 qui
468 2783 694 2854 hujusce
726 2783 1065 2852 Apologetici
1108 2783 1482 2839 sinceritatem
1518 2785 1718 2840 acriter

149 2885 530 2946 propugnarunt
546 2894 560 2930 :
574 2875 846 2931 Norisium
860 2874 960 2946 (g),
978 2876 1220 2947 inquam,
1237 2874 1288 2930 in
1306 2875 1496 2946 primis
1516 2887 1570 2933 et
1587 2877 1716 2932 Gar-

148 2969 332 3024 ncrium
361 2969 444 3041 (Ιι)
475 2986 490 3023 :
514 2985 655 3040 quos
674 2969 931 3038 deinceps
961 2969 1378 3035 sttntassectati,
1402 2969 1596 3038 Pagius
1621 2971 1708 3040 (ἱ),

148 3057 521 3130 Papebrochius
545 3063 561 3130 (
578 3061 649 3131 ἱ),
693 3060 1070 3116 Tillemontius
1098 3060 1197 3131 (Is),
1240 3061 1444 3117 Natalis
1472 3061 1708 3118 Alexan-

1832 1846 2029 1902 deinde
2056 1862 2187 1903 vero
2203 1847 2370 1923 latius
2395 1853 2649 1920 exposuit
2676 1850 2902 1908 Vossius
2939 1853 3014 1924 (r)
3048 1870 3062 1907 :
3094 1854 3187 1925 qui
3216 1865 3272 1910 et
3297 1857 3429 1911 alibi

1829 1953 1944 1993 rem
1975 1939 2222 1994 eamdem
2252 1950 2612 2010 pertractans,
2640 1958 2769 1998 casu
2803 1943 3001 2000 factum
3027 1947 3306 2002 existimat
3329 1947 3422 2018 (δ).

1829 2039 1888 2086 ιιι
1914 2031 2035 2102 quis
2063 2031 2316 2087 librarius
2343 2033 2555 2104 aliquas
2582 2034 2867 2107 Augustini
2916 2037 3159 2108 pagellas
3177 2080 3193 2104 ,
3224 2053 3427 2108 easque

1825 2121 2072 2179 inversas
2118 2134 2174 2179 et
2223 2126 2501 2196 trajectas.
2553 2130 2934 2198 permiscuerit
2975 2132 3279 2188 Oresianis.
3331 2133 3426 2188 llis

1830 2230 1982 2283 vero,
2012 2215 2215 2281 subdit,
2260 2219 2428 2272 semel
2476 2219 2682 2274 incuria
2715 2220 2895 2289 aliqua
2925 2221 3180 2276 admissis
3213 2231 3268 2277 et
3298 2239 3421 2277 cum

1823 2307 2108 2366 Orosianis
2140 2317 2328 2378 postea
2354 2313 2675 2382 compactis,
2710 2313 2906 2370 factum
2937 2315 3036 2371 fuit
3061 2325 3120 2371 ut
3149 2327 3421 2387 tamquam

1823 2399 2084 2455 Orosiana
2114 2401 2427 2472 legerentur
2460 2419 2489 2458 a
2523 2404 2726 2461 lectore
2768 2421 2960 2476 parum
3008 2415 3242 2474 attento,
3274 2418 3330 2464 et
3359 2409 3414 2464 in

1821 2493 2113 2564 AuguSIini
2159 2494 2394 2553 lectione
2425 2511 2532 2553 non
2561 2498 2789 2554 multum
2817 2509 3053 2557 versato.
3093 2502 3212 2569 Qua
3251 2503 3320 2557 de
3356 2518 3418 2558 re

1819 2586 2005 2642 videas
2046 2602 2283 2659 quoque,
2335 2590 2382 2644 si
2422 2599 2596 2657 vacat,
2648 2590 2918 2648 Norisium
2953 2593 3052 2666 (ι),
3090 2594 3416 2651 Garnerium

1820 2677 1902 2749 (ιι)
1929 2695 1991 2734 ac
2014 2678 2419 2736 Tillemontium
2443 2682 2541 2752 (v).
2581 2683 2782 2738 [lorum
2811 2685 2991 2756 itaque
3023 2686 3258 2742 virormu
3285 2702 3415 2744 eru-

1818 2773 2052 2828 ditorum
2071 2773 2256 2838 ductu,
2283 2786 2538 2845 excerpta
2566 2776 2958 2848 Augustiniana
2985 2779 3242 2835 abOrosii
3265 2781 3414 2852 Apoc

1816 2863 2050 2933 Iogctieo
2101 2864 2345 2934 sejuncta
2406 2867 2724 2934 edidimus;
2775 2882 2830 2926 et
2872 2871 2942 2927 de
2984 2871 3294 2929 inversione
3353 2889 3419 2930 ac

1815 2957 2133 3026 trajectione
2158 2957 2421 3014 lectorem
2454 2960 2508 3014 in
2550 2962 2694 3016 notis
2719 2962 2978 3032 subjectis
3005 2963 3408 3021 admonuimus.

1813 3051 1986 3118 Quam
2007 3049 2225 3122 quidem
2249 3065 2435 3107 curam
2463 3062 2548 3110 est
2573 3067 2704 3110 sane
2724 3069 2822 3110 cur
2850 3055 3114 3112 miremur
3143 3057 3313 3113 fuisse
3343 3058 3414 3112 ab

147 3149 226 3206 der
240 3152 324 3222 (ι),
343 3155 457 3207 alii.
488 3154 556 3209 Et
574 3151 779 3222 optimo
796 3153 1012 3222 quidem
1030 3153 1154 3222 jure
1178 3153 1484 3223 hujusmodi
1507 3155 1709 3224 Apolo-
1737 3139 1784 3206 C
1814 3144 2183 3216 llavercampo
2209 3144 2532 3215 neglectam.
2567 3147 2700 3202 Illud
2723 3159 2988 3218 praeterea
3021 3151 3075 3206 in
3102 3150 3290 3220 primis
3317 3149 3414 3205 ad-

145 3245 322 3311 gctieus
341 3245 534 3302 Orosio
550 3254 812 3300 asscrtus.
836 3263 853 3298 ι
874 3243 1008 3299 Nam
1024 3255 1078 3298 ut
1094 3244 1475 3301 aitGaruerius
1500 3245 1617 3315 (ut),
1642 3247 1711 3303 ab

143 3335 416 3406 Augustino
460 3337 836 3393 testimonium
885 3336 1070 3400 habet,
1103 3337 1282 3408 stylus
1309 3345 1586 3392 auctorem
1614 3336 1709 3394 de-

144 3437 402 3498 monstrat,
426 3443 559 3485 mss.
586 3429 803 3485 codices
823 3429 1000 3484 Orosii
1027 3443 1223 3484 nomen
1251 3427 1567 3499 praeferunt;
1588 3438 1644 3484 et
1670 3429 1705 3484 ii

141 3520 224 3574 soli
255 3531 544 3594 repugnant
568 3536 644 3594 qu
661 3538 802 3578 trum
833 3521 1061 3576 interest
1087 3535 1116 3575 a
1149 3529 1301 3577 tanto
1323 3521 1445 3576 viro
1488 3530 1706 3592 tamque

142 3613 337 3682 antiquo
357 3615 628 3684 scriptore
647 3622 724 3678 et,
751 3611 893 3685 quod
913 3611 1244 3683 prmcipuum
1265 3621 1371 3678 est,
1405 3622 1512 3667 tam
1538 3612 1705 3668 nobili

141 3701 373 3772 discipulo
394 3705 707 3775 Hieronymi
735 3715 900 3775 atque
925 3703 1238 3774 Augustini,
1261 3718 1410 3757 arma
1437 3718 1544 3758 non
1570 3718 1700 3774 sup~

141 3793 362 3864 pcditari,
387 3797 584 3865 quibus
603 3806 659 3852 et
683 3795 799 3866 ipse
827 3795 956 3850 olim
984 3794 1260 3865 Pelagium
1286 3793 1500 3861 vicerit,
1524 3804 1580 3850 et
1602 3793 1706 3864 ipsi

142 3902 262 3944 nunc
289 3890 517 3946 vicissim
546 3905 576 3944 a
603 3887 890 3945 catholicis
923 3889 1265 3943 vincantur.»
1321 3887 1449 3944 Ila-.c
1477 3889 1558 3942 vir
1582 3887 1705 3943 doc-

142 3987 238 4046 tus;
267 3985 351 4054 qui
377 3993 433 4040 et
462 3985 564 4038 ista
592 3991 871 4054 postremo
912 3981 1090 4046 addit,
1119 3981 1303 4052 operis
1331 3981 1699 4051 prazstantiam

140 4089 301 4131 rursus
328 4077 602 4134 inculcans
631 4094 645 4132 :
682 4095 702 4130 ι
737 4076 1110 4144 ριιωειὶοιιυιη
1133 4119 1149 4145 ,
1184 4074 1388 4146 inquit,
1419 4089 1450 4129 a
1481 4075 1699 4146 Pelagio

141 4177 376 4226 motarum
397 4171 519 4227 duze
548 4178 760 4226 tantum
784 4169 888 4226 hoc
916 4169 970 4226 in
994 4167 1132 4225 libro
1157 4178 1458 4224 tractantur
1483 4185 1497 4222 ε
1523 4168 1695 4224 altera

200 4353 266 4428 (tt)
299 4353 549 4428 fugiaad
579 4370 708 4428 ann.
740 4351 955 4428 μῖξκὶ
970 4353 1025 4407 4.

201 4422 266 4506 lli)
301 4422 638 4506 ad_ann.
671 4424 798 4506 355,
830 4422 962 4506 §§'_5
987 4433 1042 4479 et
1076 4422 1132 4478 6.
1167 4493 1236 4506 Μ
1372 4493 1408 4506 ῃ

288 4496 434 4554 laus.
477 4501 708 4566 August.
743 4493 962 4563 tomfl,
997 4509 1120 4566 pag.
1166 4493 1270 4562 26,
1321 4493 1454 4580 edit.
1487 4493 1696 4552 Lovan.

145 4563 490 4709 fagol’l’astel.
523 4647 662 4696 tom.
696 4635 773 4706 11,
802 4636 1017 4693 Vindic.
1050 4635 1145 4693 lib.
1171 4652 1252 4705 ιιι,
1276 4647 1414 4692 sect.
1447 4636 1504 4702 5,
1536 4652 1694 4709 p888-

483 4780 684 4838 concil.
719 4786 852 4835 tom.
891 4778 958 4835 111
987 4822 1003 4849 ,
1053 4794 1176 4851 pag.
1225 4778 1353 4845 563,
1387 4777 1520 4834 edit.
1553 4779 1692 4837 Ven,

194 4892 423 5004 ᾱῖᾼεισ.
439 4921 1061 5004 ᾶθ-εθει.“Ρςιτιε..ᾳξιρρ.
1082 4921 1171 4986 ιι,
1193 4922 1281 5004 ts_,
1313 4920 1403 4986 to,
1426 4922 1496 5004 tr
1520 4931 1575 4977 et
1599 4922 1693 5004 so.

193 4993 261 5064 (ῃ)
296 4993 472 5052 Neris.
504 4993 646 5051 Hist.
677 4993 860 5064 Pelag.
892 4993 989 5049 lib.
1021 5008 1061 5062 ι,
1091 5008 1210 5064 cap.
1236 4993 1291 5058 7,
1319 5007 1448 5062 opp.
1483 5001 1616 5049 tom.
1647 4993 1690 5062 I,

134 5075 264 5138 pagg.
293 5067 357 5122 74
385 5083 499 5138 seq.
541 5136 599 5138 μ
1098 5137 1101 5138 ν
1227 5135 1241 5138 _
1274 5135 1321 5138 __
1461 5134 1506 5138 __

1094 5137 1126 5153 ν

192 5135 262 5204 (lt)
297 5134 506 5194 Camer.
539 5136 770 5192 Dissert.
801 5150 876 5201 vr,
919 5150 1042 5205 cap.
1093 5137 1129 5192 5
1173 5135 1242 5190 ad
1273 5135 1409 5190 Mar.
1460 5134 1686 5192 Mercat.

135 5210 243 5282 lunt.
268 5209 306 5282 I,
331 5226 445 5282 pag.
475 5209 602 5282 554,
629 5208 756 5282 sive
777 5207 834 5282 _i_n
863 5207 1111 5282 append.
1145 5205 1378 5279 August.
1405 5221 1528 5278 pag.
1557 5206 1684 5264 248.

188 5280 242 5354 (ἰ)
267 5277 508 5354 ηαρἰῖίαά
525 5294 668 5354 _:_1nn.
697 5279 828 5343 415,
859 5277 888 5354 §
917 5279 973 5334 3.

185 5351 254 5429 (ξ)
279 5347 494 5424 paper».
524 5349 710 5405 Tract.
741 5347 972 5421 prtel'im.
1017 5349 1084 5405 ad
1133 5358 1265 5405 tom.
1309 5348 1393 5420 111,
1424 5350 1545 5405 Act.
1580 5347 1677 5406 SS.

132 5413 678 5557 natiitpi'gllgjhem.
697 5491 832 5548 eccl.
851 5500 983 5548 tom.
1004 5491 1143 5560 XIII,
1161 5507 1283 5563 pag.
1311 5490 1472 5558 1008,
1495 5489 1685 5550 not.59

130 5564 277 5636 surS.
290 5564 591 5636 Augustin.

183 5633 407 5738 φᾶταιῖ
427 5636 575 5691 Alex.
602 5635 744 5691 Ilist.
767 5636 908 5692 eccl.
943 5634 1273 5706 saec.V,cap.
1294 5635 1348 5702 5,
1373 5644 1475 5690 art.
1499 5634 1552 5702 6,
1577 5633 1681 5703 ἓξ,

129 5703 522 5846 1λῗίξῖιῖιῖιίὶίπηιπ.
569 5779 860 5838 Dissertat.
890 5795 969 5850 vt,
998 5778 1091 5836 cit.
1147 5777 1397 5850 Append.
1447 5779 1676 5848 August.

1722 4424 1778 4486 D

1815 3249 2038 3291 monere
2065 3245 2310 3304 praestat,
2347 3236 2494 3307 quod
2522 3251 2645 3292 cum
2675 3238 3015 3310 Apologetiei
3048 3251 3255 3299 textum
3287 3243 3410 3313 plu-

1812 3328 1963 3384 ribus
1995 3327 2050 3382 in
2098 3328 2231 3383 locis
2258 3327 2615 3399 depravatum
2665 3331 2718 3386 in
2762 3332 3114 3405 IIavereampi
3167 3336 3413 3392 editione

1811 3427 2158 3489 compareat;
2188 3418 2339 3474 illum
2371 3419 2578 3477 idcirco
2618 3434 2876 3493 quantum
2926 3426 2981 3481 in
3038 3427 3197 3482 nobis
3241 3429 3406 3484 situm

1809 3509 1910 3566 fuit
1939 3511 2248 3568 emaeulare
2273 3512 2599 3582 studuimus,
2654 3515 2869 3573 Schotti
2922 3521 3231 3590 exemplum
3278 3521 3408 3576 licet

1809 3603 1992 3658 minus
2025 3606 2347 3675 castigatum
2380 3607 2578 3673 secuti,
2619 3621 2744 3662 cum
2786 3610 2993 3666 nullum
3023 3612 3170 3668 aliud
3205 3621 3410 3684 prmsto

1811 3694 2018 3751 fuerit:
2052 3712 2214 3767 quem
2263 3707 2442 3754 tamen
2502 3710 2705 3757 textum
2753 3705 3183 3761 emendatiorem
3228 3706 3408 3762 adhuc

1813 3791 2070 3847 exhibere
2085 3791 2351 3859 licuisset,
2375 3793 2421 3846 si
2442 3794 2804 3863 opportunius
2825 3797 2982 3853 nobis
3003 3799 3406 3854 succurrissent

1811 3894 2090 3954 excerpta,
2119 3900 2239 3952 qua:
2262 3885 2377 3940 sive
2403 3885 2544 3952 apud
2557 3885 2836 3942 Labbeum
2863 3887 2971 3959 (as).
2999 3888 3117 3944 sive
3133 3889 3275 3959 apud
3299 3891 3405 3948 Be-

1810 3973 2116 4030 nedictinos
2142 3972 2222 4044 (y)
2256 3973 2544 4029 habentur.
2577 3973 2779 4030 Verum
2817 3983 2876 4030 ut
2905 3977 3032 4032 huic
3056 3978 3401 4036 incommodo

1807 4067 2312 4140 quomodocumque
2365 4081 2796 4136 occurreremus,
2843 4070 3124 4138 exemplar
3151 4083 3398 4130 nostrum

1804 4159 2006 4216 dudum
2058 4174 2090 4215 e
2144 4159 2296 4230 prelo
2341 4159 2539 4216 elatmn
2597 4173 2718 4215 cum
2768 4161 3086 4218 memoratis
3129 4167 3403 4236 excerptis

1808 4349 2084 4424 pag._2§‘9_,
2115 4346 2217 4404 sub
2245 4346 2341 4424 fin.

1873 4416 1957 4493 (ιι)
1995 4419 2210 4493 Ηὶετο-ιι.
2233 4416 2677 4493 epist.155._opp.
2703 4425 2834 4493 tom.
2859 4417 3038 4490 I,pag.
3073 4419 3234 4493 1010,
3259 4424 3391 4480 edit.

1806 4490 2034 4566 Veron”
2061 4500 2117 4548 et
2142 4490 2282 4545 Dial.
2313 4500 2488 4546 contr.
2528 4490 2712 4562 Pelag.
2747 4490 2841 4548 lib.
2884 4507 2961 4560 ιιι,
2997 4499 3128 4546 ιοιιι.
3151 4492 3218 4563 11,
3263 4509 3394 4566 pag.

1804 4565 1954 4709 76(75)
1997 4634 2150 4709 Om-
2183 4633 2409 4709 Apolog.
2435 4632 2462 4705 ς
2485 4635 2574 4690 55.

1872 4697 1954 4778 (ρ)
1993 4708 2154 4778 Αιιθη
2186 4697 2259 4760 de
2285 4697 2404 4779 Nai.
2437 4697 2497 4779 Et
2523 4713 2661 4776 grat.
2689 4721 2721 4762 a
2761 4721 2882 4779 cap.
2925 4705 2994 4763 15
3021 4719 3192 4776 usque
3233 4697 3300 4758 ad
3326 4697 3391 4756 2|

1797 4788 1854 4834 et
1877 4775 1907 4832 a
1929 4775 2052 4846 cap.
2079 4775 2116 4832 ὃ
2137 4791 2308 4844 usque
2334 4775 2402 4846 ad
2435 4775 2522 4830 15.

1869 4849 1949 4921 (q)
1974 4840 2179 4921 Sciunt.
2211 4840 2516 4921 pra-fataad
2539 4847 2769 4919 Apolog.
2791 4848 2948 4906 Oros.
2980 4847 3124 4905 Bibl.
3157 4847 3262 4904 PP.
3287 4840 3392 4898 Pa-

1796 4917 2056 4978 risftom.
2086 4917 2202 4982 XV,
2237 4933 2358 4988 pag.
2385 4917 2509 4974 800.

1868 4992 1940 5062 (ι’)
1993 4991 2144 5062 Voss.
2169 4988 2306 5062 Hist.
2337 4988 2520 5062 Pelag.
2548 4989 2647 5062 lib.
2681 5006 2730 5055 ι,
2759 5006 2877 5060 cap.
2910 4992 2998 5047 I7.

1868 5057 1938 5136 (ε)
1976 5061 2064 5117 1d.
2107 5060 2174 5116 de
2206 5059 2344 5115 llist.
2377 5057 2496 5116 Lat.
2526 5061 2618 5116 lib.
2670 5077 2740 5129 ιι,
2793 5057 2916 5133 cap.
2962 5062 3051 5128 M,
3108 5076 3229 5133 pag.
3282 5057 3390 5114 2l8

1793 5146 1947 5278 ἐἶδ’
1978 5203 2153 5278 ivero.
2191 5201 2332 5278 Hist.
2354 5201 2544 5278 Pelag.
2576 5203 2672 5278 lib.
2697 5217 2884 5278 μειερ.
2920 5206 2975 5274 7,
2998 5218 3118 5275 pag.
3138 5203 3232 5278 ῖς),

1790 5347 1823 5402 Γ
1864 5272 1949 5347 (ιλ)
1987 5275 2207 5330 Garner.
2239 5272 2292 5327 itt
2318 5273 2410 5328 cit.
2445 5272 2694 5342 Append.
2731 5272 3260 5347 August.pag.250,
3289 5273 3392 5329 sub

1810 5364 1887 5402 in.

1887 5418 1938 5488 v)
1967 5417 2174 5472 Tillem.
2210 5423 2344 5472 tom.
2376 5414 2516 5481 XIII,
2553 5430 2672 5486 pag.
2710 5417 2870 5488 1008,
2906 5427 3018 5473 not.
3052 5417 3144 5475 59.

1815 5559 1832 5574 ν
1859 5419 1953 5574 Ix)_
1980 5488 2139 5574 ιτα-ιθ.
2169 5486 2378 5542 Concil.
2430 5498 2564 5542 tom.
2611 5488 2700 5554 III,
2738 5504 2864 5560 pag.
2906 5491 3012 5546 565
3065 5503 3216 5560 seqq.
3251 5485 3384 5542 cdit.

1787 5559 2103 5703 ‘eaijItlII’:
2139 5629 2192 5683 in
2223 5629 2470 5700 Append.
2506 5629 2571 5686 ad
2605 5637 2736 5687 tom.
2774 5630 2818 5686 X
2857 5647 2983 5702 opp.
3035 5629 3094 5688 S.
3150 5627 3382 5696 August.

1786 5719 1910 5776 pag.
1945 5705 2012 5757 7‘.)
2046 5717 2195 5772 seqq.
