3908 6294
89 270 174 330 665
1235 268 1709 332 IIISTORIARUM

1749 272 2145 336 PREFATIO.
3253 285 3360 346 666

89 401 244 445 tamen
279 399 475 444 canum
515 397 644 441 cura
685 392 959 457 postrema
993 399 1009 463 εκ
1037 385 1235 458 quibus
1274 389 1408 444 solis
1455 399 1648 446 natura
1675 403 1729 462 Α
1752 390 2061 451 Chanantca
2092 409 2202 453 non
2233 397 2454 456 erubuit
2481 395 2692 468 dicere,
2722 405 2779 456 et
2803 399 3068 461 Dominus
3111 416 3222 461 non
3273 406 3358 461 fa-

87 483 282 539 insitum
301 489 386 536 est
410 520 426 546 ,
453 478 760 535 voluntarie
787 480 808 510 ³
830 479 897 534 ad
926 477 977 534 id
1005 478 1070 533 ad
1103 478 1245 550 quod
1278 491 1652 551 prteparantur

88 578 130 646 2
150 572 339 644 urgeri,
361 583 417 627 et
438 585 536 641 per
555 571 853 642 ingenitam
873 570 1167 642 quamdam
1189 571 1513 628 obedientire
1539 573 1652 630 for-

91 668 263 722 mulam
281 706 295 730 ,
316 663 432 720 sola
463 663 484 695 "
512 661 842 732 disciplinati
869 661 1078 718 timoris
1100 666 1505 734 exspectatione
1531 681 1652 722 sus-

89 756 264 828 pendi,
296 755 472 812 donec
502 755 566 810 ad
596 755 890 826 peragendi
934 754 1207 812 licentiam
1252 767 1382 811 nutu
1428 759 1652 830 signove

90 853 364 906 mittantur.
416 848 633 904 [labent
663 847 808 904 enim
838 847 1089 920 proprios
1115 850 1390 921 appetitus
1415 891 1431 917 ,
1479 867 1653 921 quau-

87 954 180 1000 tum
231 943 401 999 brutis
453 941 915 1007 excellentiores,
972 950 1181 998 tantum
1241 943 1676 1024 rationabilibus

89 1041 534 1111 propinquantes:
562 1038 668 1096 hoc
689 1049 795 1106 est,
819 1040 1155 1109 discernere,
1189 1055 1394 1104 amare.
1423 1044 1654 1100 servire.

88 1131 198 1187 Nam
233 1131 607 1188 discernentes
650 1133 795 1188 inter
822 1132 1074 1188 dominos
1103 1143 1266 1203 atque
1291 1145 1608 1201 extraneos,
1632 1138 1654 1169 ⁸

89 1243 179 1283 non
198 1241 286 1284 eos
312 1241 448 1298 quos
493 1225 853 1295 insectantur,
883 1226 1117 1284 oderunt
1143 1243 1157 1281 :
1188 1230 1210 1260 ⁸
1240 1230 1336 1283 sed
1385 1228 1471 1285 his
1514 1243 1652 1301 quos

89 1329 275 1385 amant,
311 1319 498 1376 zelant
527 1338 538 1375 :
565 1329 622 1376 et
665 1329 915 1376 amantes
958 1319 1238 1376 dominum
1283 1335 1348 1376 ac
1391 1321 1651 1388 domum,

91 1429 180 1468 non
203 1411 344 1483 quasi
386 1426 459 1467 ex
487 1419 687 1466 natura
715 1412 825 1481 apti
858 1413 1103 1480 corporis
1146 1411 1400 1483 vigilant,
1453 1413 1550 1468 sed
1585 1427 1651 1468 ex

90 1502 384 1558 conscientia
417 1501 645 1557 solliciti
671 1501 876 1556 amoris
903 1501 1209 1572 invigilant.
1241 1502 1397 1560 Unde
1422 1505 1584 1560 etiam
1610 1505 1652 1536 ¹⁰

81 1594 294 1668 mystico
319 1603 664 1650 sacramento
711 1592 763 1648 in
793 1593 1123 1663 Evangeliis,
1166 1594 1313 1666 quod
1354 1594 1520 1652 edant
1552 1596 1652 1652 nii-

91 1701 164 1742 cas
189 1688 224 1720 “
252 1687 428 1745 catelli
462 1688 508 1720 “
530 1685 634 1744 sub
663 1701 850 1742 mensa
893 1687 1248 1744 dominorum
1284 1702 1513 1747 suorum
1535 1730 1550 1757 ,
1597 1699 1654 1746 ct

1757 489 1968 546 Stidivit
1996 491 2204 548 audire.
2235 494 2280 526 ¹²
2309 495 2510 551 Beatus
2532 495 2693 551 etiam
2722 496 2945 567 Tobias,
2975 498 3171 556 ducem
3201 516 3364 573 ange-

1758 580 1866 636 lum
1912 597 2176 654 sequens,
2225 601 2418 644 canem
2449 590 2705 645 comitem
2749 590 2952 647 habere
2989 609 3096 648 non
3127 597 3358 664 sprevit.

1761 671 1926 742 Igitur
1957 675 2002 707 "
2027 677 2268 745 generali
2316 680 2490 734 amori
2538 690 2630 736 tuo
2668 691 2722 736 et
2765 683 2993 752 speciali
3036 699 3357 757 connexus,

1760 763 2024 821 voluntati
2108 774 2214 821 tute
2289 769 2480 826 volens
2546 772 2723 841 parui.
2808 773 2940 828 Nam
3011 789 3134 831 cum
3223 779 3359 834 sub-

1755 855 1926 924 jectio
1984 871 2102 914 mea
2168 870 2442 930 prmeepto
2503 863 2843 931 paternitatis
2899 874 3004 922 tute
3060 869 3104 899 ³⁸
3157 868 3355 926 factum

1756 947 1810 1019 3
1837 947 2050 1015 debeat,
2082 949 2128 980 “
2159 957 2442 1022 totumque
2468 961 2621 1008 tuum
2661 953 2751 1022 sit,
2785 956 2931 1026 quod
2983 973 3051 1014 ex
3082 967 3134 1015 te
3177 962 3244 1018 ad
3301 971 3356 1020 te

1759 1039 1918 1105 redit,
1952 1056 2090 1112 opus
2119 1057 2334 1110 meum;
2370 1043 2412 1076 ³⁷
2439 1044 2545 1100 hoc
2575 1045 2700 1102 solo
2723 1061 2846 1103 meo
2875 1049 3206 1108 cumulatius
3233 1054 3357 1110 red-

1757 1132 1891 1200 didi,
1915 1133 2062 1204 quod
2090 1130 2282 1203 libens
2315 1135 2437 1192 ieci.
2470 1134 2819 1207 Praeceperas
2842 1137 2974 1194 mihi
2999 1139 3043 1172 ¹⁸
3063 1150 3122 1196 ιιι
3143 1143 3355 1199 scribe-

1758 1239 1872 1279 rem
1927 1225 2200 1282 adversus
2245 1227 2589 1300 vaniloquam
2637 1231 2964 1301 pravitatem
3012 1247 3227 1300 eorum,
3263 1237 3356 1306 qui

1759 1317 1799 1351 '9
1819 1318 1983 1374 alieni
2017 1333 2048 1374 a
2077 1318 2297 1377 civitate
2345 1321 2537 1378 Deiex
2581 1322 2826 1379 locorum
2872 1327 3170 1396 agrestium
3199 1342 3356 1382 com-

1758 1411 1884 1480 pilis
1907 1419 1964 1468 et
2000 1412 2152 1484 pagis
2183 1415 2375 1485 pagani
2417 1424 2704 1482 vocantur,
2734 1417 2853 1474 sive
2880 1419 3151 1488 gentiles:
3183 1422 3235 1458 ὀ
3265 1421 3358 1492 qui

1757 1514 1972 1562 terrena
2017 1507 2234 1576 sapiunt
2266 1525 2281 1563 :
2311 1508 2429 1579 qui,
2481 1523 2604 1564 cum
2657 1508 2837 1565 futura
2909 1526 3020 1566 non
3083 1523 3353 1583 quaerant,

1756 1598 1799 1629 ²¹
1836 1597 2109 1665 praeterita
2148 1608 2333 1653 autem
2373 1609 2468 1654 aut
2511 1600 2912 1657 obliviscantur
2943 1612 3038 1658 aut
3080 1605 3378 1680 nesciant,

1755 1690 1800 1720 ’³
1828 1690 2123 1760 prtesentia
2155 1698 2360 1746 tantum
2387 1701 2631 1763 tempora
2661 1691 2827 1748 velttti
2848 1693 3008 1750 malis
3031 1706 3185 1752 extra
3217 1698 3355 1753 soli-

1348 1807 1485 1863 HAV
1494 1806 1794 1893 ERCAAMPI
1835 1807 2043 1865 ΝΟΤᾸΕ
2055 1851 2069 1866 .

152 1898 368 1979 6.Ad_id
393 1898 463 1952 ad
491 1898 636 1970 quod
662 1907 1047 1979 pra'parantur.
1081 1898 1222 1953 Editi
1255 1899 1474 1979 quidam
1503 1910 1653 1979 vete-
1683 1905 1730 1965 Β
1757 1901 1876 1966 sui,
1930 1909 1986 1956 et
2026 1901 2195 1979 patris
2223 1901 2541 1979 spiritualis,
2573 1903 2832 1979 fructum,
2865 1921 2974 1979 quo
3000 1909 3348 1978 ostenderet,

93 1985 181 2036 res,
205 1969 267 2024 ad
294 1969 346 2023 id
364 1986 468 2041 quo
501 1969 891 2040 prwparantur,
924 1971 1066 2025 inter
1099 1985 1236 2041 quos
1265 1969 1506 2026 onmium
1545 1971 1655 2040 pri-

93 2059 178 2096 ma.
200 2041 315 2113 Mss.
342 2055 475 2096 vero
501 2055 720 2110 omnes,
753 2042 821 2096 ad
851 2041 905 2094 id
931 2041 1070 2113 quod
1100 2051 1487 2113 prteparantur,
1515 2055 1573 2096 ut
1600 2054 1654 2097 et

93 2113 199 2166 edit.
240 2112 568 2181 Augustana.
620 2113 801 2178 Quare
832 2112 1153 2167 interseruit
1181 2112 1462 2168 Fabricius
1490 2129 1653 2168 vocu-

93 2184 175 2238 lam
203 2183 290 2248 ad,
327 2198 448 2252 qua:
482 2185 798 2239 necessario
840 2183 1241 2252 requirebatur,
1291 2191 1347 2238 et
1385 2185 1652 2240 excidisse

93 2254 288 2320 videtur,
301 2256 558 2321 quoniam
588 2254 689 2321 bis,
719 2253 1040 2310 intertnedia
1057 2269 1188 2310 voce
1209 2255 1284 2321 id,
1305 2256 1647 2311 occurrebat.

147 2326 193 2378 7.
219 2324 548 2393 Disciplinati
576 2327 798 2382 timoris.
851 2324 949 2378 llic
997 2340 1094 2392 pro
1149 2326 1352 2379 timoris
1385 2326 1650 2382 exhibent

96 2396 288 2450 tremoris
315 2410 444 2449 mss.
476 2395 632 2451 Flor.
679 2411 791 2452 sec.
825 2403 1032 2466 ettert.
1062 2436 1078 2460 ,
1125 2396 1295 2466 Lugd.
1330 2396 1443 2450 Bat.
1493 2412 1601 2451 sec.
1630 2442 1645 2466 ,

97 2467 201 2522 Ultr.
226 2475 275 2521 et
323 2466 452 2520 editi
485 2467 846 2524 vetustiores.
878 2464 948 2520 At
979 2481 1113 2523 ms=.
1144 2464 1314 2536 Lugd.
1354 2467 1481 2536 Bat.
1516 2464 1646 2523 reli4

95 2539 162 2605 qui
184 2547 292 2592 utet
323 2537 498 2606 Meus,
530 2539 758 2605 timoris,
790 2547 845 2594 et
871 2546 1022 2592 recte
1044 2535 1285 2607 prmtulit
1323 2535 1602 2592 Fabricius
1629 2580 1645 2604 ,

96 2624 144 2661 cx
163 2609 332 2664 timore
355 2609 500 2680 enim
533 2617 741 2664 tremor
770 2608 1034 2663 nascitur.
1057 2612 1158 2663 l‘ro
1188 2609 1468 2680 peragendi
1495 2608 1557 2662 L.
1581 2609 1642 2665 Β.

98 2687 194 2750 tert.
219 2679 477 2750 pergendi.
506 2680 634 2734 Mox
674 2680 740 2734 ad
765 2681 852 2735 illa
884 2695 1003 2748 uiue
1032 2679 1333 2750 sequuntur
1357 2721 1372 2743 ,
1395 2690 1647 2750 quantum

98 2748 381 2805 bntis'addit
403 2761 528 2804 sunt
563 2751 731 2821 Lugd.
768 2751 1028 2822 Bat.rsec.
1059 2748 1124 2807 et
1145 2750 1283 2807 Ultr.
1316 2748 1473 2805 Prior
1496 2752 1648 2822 ponit

98 2836 192 2875 mox
218 2823 516 2877 animalibus
545 2833 668 2893 post
687 2821 1101 2889 rationabilibus,
1148 2823 1276 2892 legit
1314 2821 1529 2893 quoque
1550 2841 1649 2894 ap-

98 2894 469 2962 propinquantes.

148 2963 191 3016 8.
215 2964 322 3018 Non
350 2980 434 3035 eos
465 2979 624 3035 quos.
658 2963 807 3019 Flor.
838 2977 950 3020 sec.
996 2979 1099 3019 non
1126 2963 1293 3018 solum
1323 2979 1439 3027 eos,
1479 2964 1641 3020 male.

95 3032 278 3118 Orosius
307 3034 450 3116 enim
478 3032 1071 3118 'ingenitumcanibus
1114 3050 1248 3118 esse
1284 3035 1359 3088 ait
1401 3049 1643 3118 amorem

97 3118 192 3173 erga
217 3107 488 3171 dominos,
530 3107 698 3161 sicut
727 3123 794 3162 eo
825 3107 1118 3177 impulsore
1162 3114 1455 3161 extraneos
1496 3107 1643 3160 adla-

99 3183 232 3248 trent,
275 3193 473 3248 eosque
525 3179 865 3233 insectentur
892 3219 908 3244 ,
958 3193 1064 3248 non
1089 3177 1236 3248 quod
1258 3178 1402 3246 ipsos
1449 3189 1642 3232 natura

97 3246 301 3320 oderint,
333 3246 429 3303 sed
457 3263 565 3320 pro
592 3249 912 3304 defensione
939 3246 1167 3320 domini.

149 3316 192 3369 9.
220 3318 315 3374 Sed
336 3320 435 3387 Itis,
459 3316 601 3390 auos
627 3331 822 3379 amant.
854 3320 1042 3374 zelant.
1069 3317 1170 3390 His
1197 3333 1304 3372 non
1339 3317 1433 3390 hos
1462 3329 1545 3374 est
1588 3320 1641 3376 in

97 3390 262 3443 nostris
286 3389 701 3460 manuscriptis;
727 3391 906 3456 ζηλοῦν
941 3391 1104 3444 etiam
1141 3389 1192 3444 in
1247 3389 1418 3443 sacris
1455 3391 1647 3446 litteris

96 3473 189 3531 cum
207 3463 374 3515 dativo
404 3462 630 3531 legitur.
665 3461 970 3531 FABRICIUS.
992 3460 1202 3516 —Mss.
1235 3460 1376 3517 Ultr.
1399 3470 1452 3515 et
1472 3461 1643 3531 Lugd.

96 3526 186 3582 Bat.
213 3546 386 3587 omnes
409 3526 500 3588 sed
525 3549 623 3596 pro
651 3530 731 3585 Itis
757 3534 872 3587 sive
897 3529 1024 3602 hiis,
1059 3543 1116 3586 ut
1148 3532 1236 3588 ed.
1267 3532 1509 3587 omnium
1537 3526 1646 3602 pri-

96 3614 200 3673 tua_:
220 3603 307 3673 nos
346 3617 476 3659 mss.
500 3602 658 3659 Flor.
683 3617 795 3657 sec.
825 3612 880 3673 et
901 3610 1028 3658 tert.
1062 3611 1120 3657 ut
1145 3612 1200 3673 et
1224 3603 1334 3658 edit
1365 3602 1602 3673 llittorp.
1627 3619 1645 3671 ;

95 3682 136 3721 ιιι
158 3669 505 3746 Fabricianum
537 3675 620 3727 his
648 3672 1004 3746 comprobant
1031 3684 1086 3730 ct
1127 3672 1356 3746 August.
1407 3669 1562 3730 editf
1593 3669 1650 3732 et

95 3742 229 3797 codex
255 3743 495 3800 Perizon.
523 3754 690 3811 atque
719 3742 890 3799 Minis.

152 3814 222 3886 to.
251 3815 486 3886 Mystieo.
540 3815 763 3886 Mystire
792 3814 966 3886 Lugd.
1003 3814 1121 3870 Bat.
1152 3829 1265 3871 sec.
1315 3815 1405 3885 qui
1435 3823 1491 3872 et
1516 3831 1645 3871 mox

98 3881 216 3936 addit
241 3881 353 3956 post
394 3881 680 3960 evangeliis
709 3881 934 3942 verbuin
968 3887 1207 3960 legimus,
1262 3881 1360 3957 pro
1386 3902 1494 3957 quo
1520 3887 1649 3960 legi-

97 3961 177 4028 tur,
198 3958 489 4028 tert.quint.
515 3956 574 4012 et
600 3956 768 4021 Ultr.,
786 3956 1074 4025 utrumque
1096 3958 1256 4011 male.

153 4025 222 4099 ll_.
245 4025 414 4083 Catelli
441 4031 543 4084 sub
585 4045 781 4082 mensa.
814 4029 1036 4099 Legitur
1077 4039 1131 4083 et
1171 4029 1235 4082 de
1264 4043 1459 4081 mensa.
1490 4029 1646 4097 Apud

96 4089 357 4175 llatthmum
381 4103 568 4170 capite
589 4099 804 4155 decimo
831 4089 1025 4175 quinto
1043 4109 1148 4175 est,
1173 4102 1238 4155 τὰ
1255 4101 1470 4175 κυνάρια
1493 4089 1649 4156 iridis:

96 4164 183 4244 ἀπὸ.
208 4177 295 4224 τῶν
327 4164 525 4244 dixi-my
563 4178 665 4226 τῶν
690 4164 977 4244 «tardioer
1005 4164 1519 4244 énb_rﬁs_rpu1i'é§n§
1548 4179 1648 4228 τῶν

97 4240 242 4311 κυρίων
470 4243 644 4299 ΕΑΒιι.
668 4243 814 4297 —L.
845 4243 906 4297 Β.
941 4251 1065 4297 tert.
1097 4240 1291 4296 Catuli.

154 4308 344 4383 iisab
364 4331 541 4369 mensa
575 4314 901 4368 dominorum
929 4329 1161 4368 suorum.
1195 4321 1526 4383 postremam
1557 4327 1651 4367 vo-

98 4388 190 4456 tem
213 4382 377 4439 delent
397 4384 606 4448 Periz.,
632 4383 801 4447 Ultr.,
833 4384 1001 4456 Lugd.
1025 4385 1141 4438 Bat.
1165 4381 1305 4456 sec.,
1338 4391 1393 4438 et
1413 4381 1646 4456 Floren-

97 4453 172 4526 ειη.
198 4465 378 4526 secret
407 4467 535 4512 terl.
573 4455 887 4526 Augustana
921 4453 1138 4524 quoque
1162 4455 1358 4526 editio,
1388 4465 1444 4510 et
1464 4453 1646 4510 Codex

98 4515 232 4596 Meus.
269 4524 452 4582 Mensis
479 4515 918 4596 autem'pratl'ert
940 4515 1120 4595 'Lug'd.
1159 4525 1277 4579 Bat.
1309 4515 1491 4596 quart.
1545 4526 1649 4580 Po-

97 4591 270 4668 stulam,
288 4606 459 4653 tamen
486 4597 681 4668 Graeca
698 4591 855 4654 'unde
885 4591 1174 4668 desumpta
1200 4591 1345 4652 sunt:
1378 4595 1498 4652 Mox
1530 4614 1645 4650 ntu-

98 4656 317 4739 lier_editi
345 4669 569 4739 quidam
601 4667 916 4739 inglarciunt.

153 4733 223 4790 l3.
250 4725 431 4794 Beat-us
459 4739 619 4793 etiam
645 4738 860 4795 Tobias.
887 4738 1075 4796 Tobize
1100 4747 1280 4795 sexto.
1309 4725 1477 4794 Fann.

155 4803 224 4860 14.
266 4807 502 4865 Generali
543 4811 712 4864 amori
758 4820 846 4865 tuo
893 4811 1107 4880 speciali
1162 4826 1336 4864 amore
1358 4825 1644 4865 connexus.

98 4867 332 4952 flor__tert.
357 4897 532 4937 amore
563 4890 675 4936 tuo.
703 4867 942 4952 Vulgata':
967 4881 1229 4952 hactenus
1259 4881 1476 4936 lectioni
1509 4897 1674 4952 prmo,

96 4939 187 4999 iero
204 4948 336 5021 illam
355 4967 477 5021 quae
497 4953 552 5008 in
574 4939 946 5009 vetustissimo
995 4952 1166 5020 Lugd.
1191 4951 1310 5007 Bat.
1335 4966 1474 5021 sec.,
1499 4939 1644 5008 Ultr.

96 5023 138 5093 εξ
170 5020 324 5095 prima
351 5020 483 5078 edit.
525 5024 822 5092 invenitur,
862 5024 1094 5094 generali
1132 5024 1298 5077 amori
1330 5033 1418 5077 tuo
1446 5020 1493 5076 et
1523 5040 1646 5095 spe-

97 5088 192 5139 ciali
218 5106 486 5147 connexus.

155 5158 224 5211 l5.
259 5161 471 5218 Factum
501 5164 702 5220 debeat.
735 5166 828 5221 Sic
853 5178 1044 5221 omnes
1069 5179 1202 5221 mss.
1230 5173 1286 5220 et
1311 5162 1476 5230 editi;
1500 5181 1642 5222 unus

97 5220 226 5309 Ultr.,
258 5236 445 5302 factum
489 5220 768 5305 inpendere
809 5220 1228 5307 opusdcbeatis.
1255 5308 1258 5309 ν
1285 5220 1643 5309 υηάιξίθιιιᾲ

96 5306 296 5378 suspicor
313 5321 431 5378 esse
458 5309 745 5374 mendum;
792 5306 966 5378 neque
990 5310 1138 5362 enim
1163 5308 1298 5364 satis
1324 5306 1483 5375 capio
1513 5308 1640 5377 quid

95 5361 181 5419 hov'
199 5373 285 5427 sibi
316 5377 461 5432 velit.
492 5378 551 5434 Si
577 5361 689 5434 vult
717 5361 1638 5450 innu‘e'revdrosius,subje'ctimieni

96 5449 217 5521 suam
245 5457 507 5521 praecepto
538 5451 878 5515 paternitatis
907 5449 1442 5521 AureliiAugustini
1476 5450 1642 5521 debe-

97 5519 140 5591 γυ
173 5511 344 5572 factum
371 5511 484 5591 ,A'id
532 5511 614 5574 est
658 5537 794 5590 opus
833 5523 957 5587 hoc,
987 5520 1141 5591 quasi
1171 5511 1349 5585 dicat,
1394 5520 1445 5574 id
1491 5520 1634 5590 quod

96 5590 209 5636 hunc
231 5600 256 5638 a
280 5603 360 5642 me
387 5589 587 5645 factum
616 5589 731 5652 est.
766 5593 982 5660 illepide
1003 5589 1133 5647 Sane
1157 5592 1369 5647 locutus
1400 5589 1517 5658 est,
1541 5607 1635 5645 ne-

97 5664 179 5732 ll)“:
208 5671 291 5724 pro
316 5675 378 5715 eo
404 5678 510 5732 quo
553 5664 740 5730 polluit
759 5663 990 5732 judicio.
1023 5662 1282 5731 SuSpicor
1311 5665 1471 5732 igitur
1497 5663 1633 5716 Oro-

95 5731 208 5804 suun
247 5743 342 5784 non
386 5731 581 5804 factum
609 5731 916 5804 scripéisse,
961 5735 1056 5789 sed
1103 5731 1348 5803 fructum.
1388 5733 1633 5788 Debebat

97 5802 244 5851 autem
268 5803 605 5874 prarceptioni
643 5816 695 5863 et
722 5802 911 5875 operae
956 5802 1243 5877 Augustini
1281 5804 1632 5876 prazeeptoris

1671 3289 1718 3352 C

1757 1983 2017 2045 quantum
2040 1973 2388 2045 hocdoctore
2411 1975 2754 2045 profecisset.
2775 1973 2934 2034 Hunc
2945 1977 3182 2036 fructum
3207 1973 3352 2039 nunc

1757 2042 2004 2119 proferL,
2033 2053 2198 2112 atque
2226 2044 2339 2111 illi,
2363 2042 2450 2102 cui
2479 2045 2681 2104 debere
2729 2065 2791 2105 se
2823 2051 3128 2119 proﬁtetur,
3161 2053 3343 2110 oﬂert.

1831 2114 1919 2190 lli.
1954 2111 2245 2190 Totamque
2295 2127 2436 2170 tuum
2473 2119 2704 2190 sit,7etc.
2732 2111 3170 2190 ita-corruptum
3202 2126 3344 2180 mala

1755 2183 2108 2265 distinctione
2161 2183 2345 2240 locum
2397 2183 2698 2265 emendavi.
2728 2189 2786 2245 In
2817 2183 3162 2265 editisantea
3192 2195 3350 2265 lege-

1759 2255 1937 2338 batur,
1970 2265 2234 2338 totumque
2260 2267 2404 2311 tuum
2434 2260 2521 2338 sit,
2546 2262 2686 2338 quod
2713 2278 2776 2316 ea:
2803 2273 2850 2315 te
2876 2262 3139 2338 (additgsit
3171 2255 3345 2338 Ulli.)

1755 2327 1825 2378 ad
1853 2335 1902 2381 te
1929 2326 2090 2393 redit,
2127 2326 2258 2396 opus
2285 2345 2455 2384 meum
2484 2326 2584 2385 hoc
2605 2333 2718 2386 solo
2745 2349 2856 2386 meo
2881 2326 3200 2390 cumulatius
3228 2326 3348 2391 red;

1754 2397 1889 2462 didi,
1915 2397 2058 2468 quod
2083 2397 2246 2452 libens
2271 2402 2389 2467 feci.
2423 2401 2835 2458 Distinctionem
2869 2402 2957 2458 hic
2984 2405 3188 2461 debere
3218 2407 3345 2473 poni

1755 2477 1875 2544 post
1925 2485 2056 2544 opus
2091 2485 2435 2544 _meunt,rres
2481 2473 2878 2544 ipsaclamare
2925 2476 3160 2532 videtur.
3210 2478 3348 2533 Dicit

1752 2539 2214 2616 cnim___0rosius,_
2250 2539 2563 2616 universum
2608 2542 2710 2599 hoc
2757 2560 2894 2616 opus
2939 2561 3097 2601 suum
3150 2550 3346 2604 merito

1752 2609 1962 2686 Aurelii
1990 2610 2480 2686 auguStinivocari
2512 2629 2694 2684 posse,
2721 2609 2883 2685 atriue
2930 2617 3234 2686 profectum
3264 2621 3334 2674 ab

1751 2682 1943 2761 eodem
1991 2680 2076 2761 (id
2108 2682 2369 2761 est,_ejus
2417 2680 2633 2761 hortatu
2665 2696 2721 2761 et
2752 2680 2906 2761 jussu
2931 2680 3337 2761 conscriptum)

1753 2751 2160 2825 tncr_it0_eidcm
2207 2751 2406 2825 debere
2431 2754 2636 2810 offerri.
2671 2751 2844 2811 Verba
2875 2767 3020 2812 tuum
3047 2761 3138 2825 sit,
3163 2751 3341 2814 trans;

1752 2823 1903 2890 ponit
1935 2822 2090 2899 Flor.
2126 2833 2255 2878 tert.
2305 2824 2527 2893 Insuper
2557 2841 2689 2899 mss.
2722 2827 2897 2898 Lugd.
2932 2828 3051 2883 Bat.
3095 2822 3252 2899 prim.
3284 2839 3342 2886 et

1749 2903 1926 2968 quart.
1959 2895 2028 2968 ita
2077 2893 2284 2964 legunt,
2320 2905 2582 2964 totumque
2621 2898 2688 2951 sit
2727 2893 2870 2952 tun—nt
2895 2902 3035 2968 quod
3059 2893 3126 2956 ea:
3164 2911 3211 2955 te
3249 2903 3338 2968 sit,

1748 2965 1818 3016 ad
1844 2975 1893 3018 te
1915 2965 2090 3018 redeat
2112 2983 2131 3030 ,°
2157 2976 2282 3038 tcrt.
2311 2975 2575 3038 totumque
2597 2983 2650 3037 q.
2673 2984 2718 3022 e.
2748 2978 2796 3023 te
2820 2965 2915 3038 sit,
2936 2971 3005 3023 ad
3033 2980 3081 3026 te
3123 2972 3296 3026 redeat
3321 2965 3342 3038 ,-

1749 3051 1862 3091 sec.
1885 3050 2019 3112 vero
2050 3051 2234 3112 nempe
2265 3037 2411 3112 idem
2442 3053 2592 3112 opus,
2626 3037 3061 3112 totumque'tuum
3087 3043 3175 3108 sit,
3198 3037 3338 3111 quod

1747 3123 1811 3180 ea:
1841 3119 1888 3162 te
1913 3107 1998 3171 sit,
2024 3107 2092 3160 ad
2130 3117 2177 3160 te
2213 3108 2366 3162 redit.
2388 3106 2451 3180 _ln
2482 3109 2679 3178 quibus
2715 3106 2818 3165 tria
2852 3112 3032 3180 priora
3069 3106 3233 3169 verba
3266 3115 3336 3170 ad

1747 3178 2129 3254 glo_s_sam_sunt
2158 3178 2460 3254 referenda,
2484 3195 2606 3254 qua:
2636 3178 2870 3254 explicet
2900 3190 3188 3254 totumque.
3290 3249 3295 3252 _

1823 3249 1910 3302 i7.
1948 3247 2061 3302 [loc
2103 3248 2216 3302 solo
2263 3266 2375 3304 meo
2422 3247 2761 3308 cumulatius.
2795 3252 2943 3308 Multi
2970 3269 3036 3310 ex
3068 3247 3199 3310 I'nss.
3223 3249 3341 3310 meo

1749 3335 1853 3396 non
1905 3327 2227 3396 agnoscunt,
2259 3329 2317 3374 ut
2353 3320 2502 3376 Flor.
2544 3337 2681 3396 sec.,
2714 3323 2875 3387 Ultr.,
2921 3325 3119 3393 l’eriz.,
3164 3325 3338 3396 Lugd.

1752 3390 1868 3444 Bat.
1895 3393 2226 3466 prim._scc.,
2249 3401 2302 3445 ct
2327 3393 2623 3466 tert.,edit.
2651 3409 2864 3466 quoque
2887 3390 3136 3466 princeps
3158 3406 3214 3452 ct
3227 3390 3338 3452 Ku—

1747 3471 1998 3530 gustana.
2051 3461 2309 3518 Retinent
2358 3463 2505 3519 Flor.
2573 3461 2793 3529 tertius,
2839 3461 3024 3522 codex
3079 3461 3231 3522 incus
3283 3477 3340 3522 et

1748 3532 1920 3604 Lugd.
1952 3534 2069 3589 Bat.
2103 3545 2284 3604 quart.
2313 3533 2364 3588 iu
2397 3550 2504 3604 quo
2527 3535 2717 3590 ultimo
2743 3546 2846 3601 est,
2880 3537 2978 3592 hoc
3008 3539 3173 3593 solum
3200 3555 3335 3594 meo.

1750 3603 1954 3680 Potest
1977 3613 2157 3680 autem
2191 3604 2384 3680 abesse
2414 3622 2557 3680 ineo,
2583 3606 2840 3675 quoniam
2888 3609 2956 3680 de
3000 3624 3101 3664 suo
3145 3624 3335 3680 opere,

1751 3689 1854 3749 non
1885 3676 2063 3749 alieno
2095 3675 2238 3745 loqui
2267 3675 2520 3732 Orosiutn
2552 3694 2617 3732 ex
2645 3693 2808 3732 sensu
2841 3679 2976 3734 satis
3007 3675 3340 3749 patet."l‘ihi,

1750 3744 1945 3820 inquit,
1974 3744 2478 3820 patergAAugustine,
2516 3749 2751 3802 fructum
2783 3749 2982 3817 debeo,
3007 3744 3172 3820 quem
3202 3744 3340 3806 olle;

1749 3830 1834 3883 ro,
1863 3817 1975 3890 tuis,
1998 3815 2255 3890 auspiciis
2291 3819 2619 3888 monitisque
2659 3815 2976 3890 susceptum
3004 3815 3162 3888 opus,
3191 3821 3338 3890 quod

1751 3895 1900 3958 tuum
1936 3888 2036 3941 rite
2058 3888 2238 3942 vocari
2274 3898 2559 3956 prolitcrea
2586 3898 2758 3957 potest
2788 3900 2839 3943 ct
2858 3889 3059 3955 debet;
3086 3888 3337 3958 obsequii

1749 3957 1920 4028 gloria
1951 3957 2092 4025 apud
2126 3973 2211 4012 tne
2235 3969 2342 4017 ρει,
2374 3973 2547 4026 eoque
2595 3959 2713 4013 solo
2742 3960 3071 4013 cumulatius
3101 3959 3339 4028 reddidi,

1750 4027 1893 4096 quod
1929 4029 2103 4082 libens
2137 4028 2263 4098 feci.
2291 4028 2442 4082 lianc
2476 4029 2762 4098 praeceptis
2803 4030 3046 4098 magistri
3093 4030 3178 4085 sui
3209 4027 3342 4086 obe-

1750 4098 2007 4170 dientiam
2052 4098 2103 4151 in
2147 4097 2308 4170 initio
2348 4098 2629 4170 prmloquii
2660 4097 3071 4169 spoponderat,
3105 4101 3158 4156 in
3199 4101 3338 4170 illis,

1756 4169 2032 4245 l’rwceptis
2078 4169 2180 4220 tuis
2239 4169 2418 4245 parui,
2469 4167 2952 4245 beatissimepatcr
3008 4167 3342 4245 Augustine}

1751 4251 1904 4311 atque
1926 4239 2123 4311 utinam
2154 4248 2257 4311 tam
2283 4239 2570 4308 efﬁcaciter
2591 4255 2743 4311 quam
2773 4239 2988 4295 libenter
3008 4242 3031 4296 .’

1825 4311 1913 4366 18.
1951 4309 2019 4366 Ut
2047 4310 2337 4382 scriberem.
2371 4311 2447 4364 Ex
2470 4310 2724 4382 omnibus
2753 4311 2914 4366 editis
2932 4323 2985 4366 et
3011 4313 3336 4382 quibusdam

1753 4397 1882 4436 mss.
1907 4381 2188 4456 exciderat
2203 4397 2303 4436 vox
2332 4382 2567 4437 secunda
2579 4381 2878 4456 scriberem;
2895 4397 2963 4438 ex
2975 4381 3161 4456 bibent
3181 4387 3340 4456 vulgo

1752 4455 1920 4526 utvel
1941 4453 2305 4526 utiiadversits,
2336 4463 2484 4526 etc.;
2523 4463 2810 4508 servarunt
2844 4453 2949 4526 (ex,
2963 4455 3162 4526 quibus
3182 4453 3342 4526 repo-

1751 4525 1859 4596 sui)
1879 4539 2008 4579 mss.
2026 4525 2190 4594 Lugd.
2208 4524 2326 4579 Bat.
2350 4524 2907 4596 prim.,sec.,quart'.,
2932 4524 3106 4582 Periz.
3129 4525 3338 4582 etllltr.

1826 4595 1914 4652 i9.
1933 4596 2102 4650 Alieni
2133 4613 2163 4649 a
2193 4596 2397 4650 civitate
2419 4595 2535 4650 Dei.
2567 4595 2791 4652 Adludit
2815 4597 2882 4651 ad
2905 4599 3166 4654 eximium
3202 4612 3338 4666 pra:-

1671 4668 1727 4731 D
1749 4668 1985 4749 ceptoris
2013 4666 2216 4749 aurelii
2237 4667 2525 4749 Augustini
2561 4681 2719 4746 opus,
2743 4668 2999 4749 quodillc
3021 4667 3097 4723 De
3112 4666 3339 4749 _C_ii.itate

1753 4736 1848 4792 Dei
1872 4737 2167 4808 inscripsit,
2196 4747 2258 4809 et
2293 4738 2448 4806 cujus
2493 4736 2774 4794 decimum
2811 4740 3059 4796 ediderat
3111 4739 3336 4809 librum,

1749 4822 1872 4862 cum
1905 4809 2020 4865 haec
2049 4824 2147 4864 sua
2175 4808 2421 4878 vulgaret
2447 4809 2691 4865 Orosius.

1821 4879 1912 4935 20.
1949 4881 2048 4946 Qui
2076 4877 2531 4952 terrenafsapiunt.
2564 4881 2657 4935 Sic
2686 4894 2875 4952 omnes
2920 4879 3051 4952 fere
3075 4877 3339 4938 exhibent

1751 4964 1924 5017 mss.;
1951 4966 2092 5006 unus
2119 4959 2214 5006 aut
2241 4950 2378 5006 alter
2399 4967 2522 5006 cum
2551 4951 2784 5021 vulgatis
2811 4950 3140 5006 editionibus
3175 4953 3328 5021 legit,

1749 5023 1872 5090 quia
1901 5034 2109 5094 terrena,
2132 5023 2368 5091 sapiunt.
2399 5022 2554 5094 quasi
2574 5021 2813 5094 gentiles
2840 5031 3188 5094 vocarentur,
3207 5025 3336 5092 quia

1754 5104 1966 5149 terrena
1997 5092 2244 5163 sapiunt;
2275 5091 2696 5164 quod'egoinde
2721 5091 3040 5164 exsculpere
3085 5091 3334 5163 nequeo;

1746 5173 1803 5219 at
1829 5166 1975 5231 illos,
2003 5161 2154 5235 quia
2201 5161 2427 5235 civitate
2472 5161 2567 5218 Dei
2612 5162 2776 5218 alieni
2819 5161 2965 5229 sunt,
3011 5161 3252 5232 paganos
3283 5174 3340 5219 et

1746 5238 1974 5301 gentiles
2018 5234 2330 5299 vocat;hos
2370 5234 2502 5289 dicit
2550 5241 2762 5290 terrena
2806 5247 3020 5303 sapere,
3051 5235 3179 5303 hos,
3211 5251 3336 5291 cum

1746 5307 1926 5361 futura
1954 5322 2059 5360 non
2087 5313 2354 5376 qumt‘ant,
2386 5315 2492 5360 etc.

1820 5377 1913 5432 2|.
1939 5374 2214 5431 Prteterita
2241 5386 2430 5429 autem.
2464 5374 2609 5430 Edit.
2660 5376 2890 5444 August.
2922 5390 3031 5430 non
3086 5379 3339 5444 agnoscit

1743 5455 1936 5507 autem,
1963 5456 2020 5500 ut
2062 5461 2161 5500 nec
2210 5445 2396 5499 Venet.
2432 5460 2688 5517 necgms.
2723 5445 2922 5517 Periz.,
2954 5446 3050 5501 sed
3096 5445 3334 5517 Hittorp.

1743 5519 1888 5573 delet
1930 5531 2164 5586 sequens
2191 5526 2324 5588 aut,
2357 5526 2414 5570 ut
2459 5528 2514 5571 et
2540 5516 2716 5587 Lugd.
2748 5516 2866 5571 Bat.
2908 5529 3033 5572 tert.
3084 5523 3151 5573 At
3181 5516 3335 5588 pejis

1743 5603 1929 5644 vocem
1978 5604 2081 5642 non
2115 5586 2300 5642 delent
2336 5588 2466 5641 edit.
2500 5586 2756 5656 princeps
2787 5597 2842 5642 et
2867 5591 3005 5658 Aug.
3030 5591 3083 5642 iu
3117 5586 3193 5642 iis
3211 5586 3332 5657 qtae

1743 5670 2157 5730 prtecesserunt,
2187 5674 2288 5730 non
2312 5668 2574 5728 quierant.
2609 5659 2728 5714 Mox
2759 5658 3131 5713 obliviscuntur
3155 5666 3210 5712 et
3239 5676 3330 5711 nc—

1739 5729 1910 5787 sciunt
1943 5747 2070 5784 mss.
2103 5729 2274 5797 Lugd.
2307 5730 2423 5785 llat.
2452 5746 2560 5798 pr.,
2590 5739 2736 5796 tert.,
2769 5741 2823 5785 et
2861 5740 3042 5799 quart.

1811 5803 1901 5858 ‘22.
1935 5801 2222 5858 Pra’scntia
2271 5810 2494 5856 tantum.
2529 5801 2819 5857 Praesentia
2867 5812 3036 5856 tamen
3080 5799 3326 5856 Floreat.
