3908 6320
478 298 582 358 om
1884 284 2089 343 PAULI
2126 282 2353 344 OROS"
3673 282 3777 342 668

481 417 595 465 tum
648 402 1020 473 infestissima,
1050 402 1107 475 4
1150 399 1222 457 ob
1268 400 1374 457 hoc
1410 397 1588 456 solum
1634 395 1780 468 quod
1830 396 2074 453 creditur
2100 402 2151 459 Α
2176 397 2332 452 sione
2368 395 2567 467 pressi,
2595 395 2681 452 cui
2706 394 3029 469 plerumque
3053 396 3322 471 repu'anti
3356 410 3528 469 supra
3556 398 3777 457 modum

482 501 757 567 Christus,
787 508 842 556 et
871 497 1067 554 colitur
1094 496 1261 560 Deus,
1292 494 1438 551 idola
1477 501 1659 550 autem
1686 492 1733 525 ⁸³
1764 491 1948 548 minus
1976 505 2076 548 co-
2180 490 2575 546 exmstuavisse
2640 490 2995 561 prtesentium
3036 493 3220 548 clades
3280 498 3592 562 temporum
3637 491 3785 549 vide-

484 595 688 657 luntur,
720 589 985 646 infamant
1013 606 1026 641 :
1062 601 1403 658 praeceperas
1431 602 1584 658 ergo,
1616 594 1676 641 ut
1703 601 1775 643 ex
1799 587 2073 655 omnibus,
2180 588 2397 644 bantur.
2429 588 2481 661 5
2507 586 2706 643 Nactus
2734 588 2881 642 enim
2908 601 3027 642 sum
3061 589 3371 657 preteritos
3400 587 3522 643 dies
3554 601 3663 643 non
3691 603 3788 643 so-

485 686 577 755 qui
625 682 819 737 haberi
869 679 937 736 ad
984 694 1227 751 praesens
1258 689 1506 751 possunt,
1532 678 1887 735 historiarum
1917 688 2081 751 atque
2179 678 2292 737 lum
2320 695 2473 752 irque
2500 689 2558 736 ut
2580 679 2680 735 hos
2704 695 2920 749 graves,
2950 695 3135 736 verum
3160 680 3324 736 etiam
3357 689 3511 735 tanto
3543 681 3788 737 atrocius

487 775 767 832 annalium
799 773 976 841 fastis,
1010 788 1370 843 quamcumque
1417 782 1511 827 aut
1558 772 1718 828 bellis
1745 772 1957 844 gravia,
1988 781 2084 828 aut

488 873 745 934 corrupta
770 863 1003 929 morbis,
1025 872 1119 920 aut
1143 864 1286 919 {sine
1311 864 1510 931 tristia,
1540 873 1635 920 aut
1663 872 1933 920 terrarum
1968 879 2085 920 mo-

494 960 634 1017 tibus
658 957 954 1027 terribilia,
972 967 1064 1012 aut
1086 955 1528 1013 inundationibus
1552 971 1815 1025 aquarum
1840 957 2082 1026 insolita,

496 1064 593 1110 aut
616 1053 999 1125 eruptionibus
1042 1051 1249 1124 ignium
1282 1050 1598 1120 metuenda,
1628 1060 1721 1106 aut
1751 1051 1948 1107 ictibus
1978 1051 2083 1106 ful-

500 1145 706 1203 minum
748 1145 1026 1215 plagisque
1045 1143 1372 1215 grandiuum
1403 1156 1571 1206 saeva,
1599 1143 1683 1198 vel
1712 1143 1879 1198 etiam
1905 1143 2087 1212 parri-

496 1237 658 1293 cidiis
688 1236 1017 1307 ﬂagitiisque
1039 1235 1261 1300 misera,
1289 1249 1387 1304 per
1407 1244 1678 1289 transacta
1708 1243 1860 1290 retro
1888 1233 2089 1289 saecula

500 1329 855 1399 reperissem,
883 1327 1136 1383 ordinato
1160 1326 1399 1383 breviter
1424 1326 1714 1381 voluminis
1744 1333 1897 1383 textu
1919 1326 2093 1397 expli-

501 1436 680 1477 carem
708 1438 721 1474 :
751 1419 984 1476 maxime
1013 1433 1136 1475 eum
1170 1418 1534 1475 reverentiam
1556 1426 1726 1485 tuam,
1752 1416 2090 1488 perﬁciendo

2183 772 2435 837 miseros,
2470 779 2671 842 quanto
2715 771 2927 842 longius
2956 787 2986 826 a
3025 771 3270 827 remedio
3314 786 3460 826 verre
3506 772 3790 844 religionis

2184 866 2432 932 alienos;
2467 873 2527 920 nt
2549 864 2749 919 merito
2778 863 2824 896 ³²
2850 864 2953 919 hac
2990 865 3325 919 scrutatione
3370 864 3659 933 claruerit,
3703 879 3795 920 re—

2184 973 2383 1029 gnasse
2431 966 2663 1012 mortem
2709 956 2918 1011 avidam
2968 955 3275 1028 sanguinis,
3327 955 3455 1011 dum
3504 956 3795 1027 ignoratur

2186 1050 2398 1120 religio.
2423 1049 2469 1081 ³⁸
2489 1064 2611 1120 qua:
2639 1047 2953 1119 prohiberet
2982 1062 3013 1102 a
3043 1048 3313 1120 sanguine
3338 1067 3351 1101 :
3377 1046 3428 1079 "
3460 1048 3567 1103 ista
3600 1047 3797 1104 illuce-

2188 1152 2395 1205 scente.
2420 1141 2567 1196 illam
2597 1141 3014 1211 constupuisse:
3046 1140 3193 1195 illam
3223 1139 3507 1208 concludi,
3535 1154 3662 1196 cum
3691 1140 3802 1195 ista

2190 1237 2238 1271 ³⁵
2260 1237 2370 1308 jam
2399 1235 2692 1307 pra‘valet;
2723 1235 2869 1290 illam
2895 1236 3116 1306 penitus
3146 1234 3350 1291 nullam
3377 1235 3641 1302 loturam,
3670 1248 3800 1289 cum

2192 1329 2311 1386 haec
2335 1330 2450 1384 sola
2474 1327 2743 1399 regnabit.
2777 1329 3028 1398 Exceptis
3048 1326 3304 1383 videlicet
3324 1329 3663 1395 semotisqne
3683 1326 3805 1383 illis

2191 1422 2387 1478 diebus
2416 1420 2722 1476 novissimis
2750 1421 2853 1477 sub
2884 1422 2991 1477 line
3012 1420 3225 1486 surculi,
3249 1430 3304 1475 et
3323 1420 3429 1477 sub
3454 1419 3806 1489 apparitione

502 1514 549 1547 ”
574 1511 838 1569 adversus
864 1511 964 1567 hos
993 1510 1142 1580 ipsos
1173 1524 1412 1581 paganos
1441 1509 1731 1566 undecimo
1758 1509 1902 1566 libro
1927 1510 2092 1566 insis-
2195 1513 2535 1577 Antichristi,
2566 1513 2651 1567 vel
2682 1512 2846 1568 etiam
2876 1511 2977 1567 sub
3013 1511 3367 1567 conclusione
3406 1510 3644 1581 jndicil:
3683 1509 3812 1581 qui-

502 1611 705 1659 tcntem
755 1604 802 1635 ”
852 1603 1125 1674 (quorum
1164 1602 1275 1673 jam
1326 1601 1518 1658 decem
1551 1601 1599 1634 “
1627 1602 1869 1658 orientes
1927 1602 2089 1670 radii,
2195 1605 2297 1661 bus
2343 1605 2556 1662 futuras
2592 1604 2890 1675 angustias,
2941 1603 3133 1675 quales
3177 1612 3307 1659 ante
3348 1616 3458 1659 non
3497 1601 3547 1635 ⁸⁸
3575 1601 3809 1669 fuerint,

501 1694 626 1751 mox
674 1705 733 1751 ut
770 1696 816 1729 ”
842 1694 911 1752 de
950 1694 1169 1765 specula
1218 1692 1603 1751 ecclesiasticae
1648 1693 1914 1752 claritatis
1963 1694 2092 1751 elati
2198 1696 2459 1754 Dominus
2486 1696 2735 1752 Christus
2764 1710 2863 1767 per
2885 1695 3199 1767 Scripturas
3225 1702 3468 1760 sanctas,
3499 1706 3605 1751 sua
3631 1692 3806 1749 etiam

500 1796 651 1855 sunt,
674 1788 720 1821 ’⁸
749 1796 863 1842 ιοιο
893 1786 1029 1842 orbe
1053 1784 1366 1858 fulserunt),
1397 1786 1503 1842 levi
1531 1785 1799 1857 opusculo
1831 1785 2088 1857 occupari
2117 1791 2166 1852 Β
2191 1791 2593 1849 contestatione
2618 1789 2908 1862 praedixit:
2939 1789 2984 1822 ³⁷
3009 1804 3133 1845 cum
3157 1786 3456 1847 secundum
3485 1786 3667 1858 ipsum
3689 1787 3816 1858 qui-

501 1895 611 1936 non
660 1887 942 1950 oporteret
975 1895 986 1931 :
1028 1881 1073 1912 ”
1112 1887 1169 1934 et
1214 1888 1439 1934 sanctus
1488 1878 1633 1935 [ilius
1672 1886 1820 1945 tuus,
1848 1876 2097 1934 Julianus
2197 1883 2347 1953 dem,
2377 1885 2470 1956 qui
2509 1893 2567 1942 et
2607 1898 2753 1940 nunc
2790 1892 2847 1940 et
2892 1896 3111 1955 semper
3152 1891 3260 1948 est,
3307 1879 3561 1947 modum,
3616 1895 3811 1935 venint

503 1970 972 2042 Carthaginensis,
1003 1986 1197 2028 servus
1229 1970 1349 2037 Dei,
1377 1971 1636 2028 satisﬁeri
1683 1986 1851 2042 super
1887 1971 1991 2028 hac
2036 1988 2098 2030 re
2198 1976 2475 2048 apertiore
2500 1989 2566 2033 ac
2602 1976 2855 2047 graviore
2897 1972 3238 2042 discrimine,
3283 1986 3380 2045 per
3425 1971 3813 2029 intolerabiles

507 2062 551 2095 '°
578 2062 827 2134 petitioni
857 2076 971 2119 sua:
999 2061 1190 2119 eadem
1230 2062 1431 2119 tiducia
1470 2077 1583 2134 qua
1612 2063 1881 2133 poposcit,
1911 2064 2099 2136 exige-
2200 2066 2583 2125 tribuiationes
2621 2077 2929 2138 temporum
2970 2066 3213 2135 illorum,
3260 2075 3485 2123 sanctos
3535 2063 3809 2136 probatio,

506 2166 592 2214 ret
624 2175 635 2212 :
666 2156 793 2215 dedi
824 2171 1070 2229 operam,
1104 2167 1157 2213 et
1195 2157 1463 2230 meipsum
1511 2158 1565 2214 in
1614 2156 1808 2230 primis
1829 2157 1873 2191 ³¹
1900 2156 2095 2215 confu-
2203 2160 2401 2232 impios
2427 2159 2665 2233 perditio
2690 2166 3073 2233 consequetur.

1783 2296 2238 2356 HAVERCAMPI
2274 2298 2508 2358 NOTAE.

504 2435 806 2507 sec.,edit.
838 2450 920 2505 pr.
954 2442 1019 2507 et
1037 2436 1174 2507 Aug.
1202 2444 1256 2492 et
1308 2434 1537 2500 Venet.;
1583 2434 1853 2507 prirsentia
1885 2444 2085 2489 tantum

503 2509 616 2581 ipsa
641 2506 787 2581 Flor.
823 2515 949 2562 tert.
981 2506 1103 2581 Mox
1121 2506 1807 2581 quapiaminfestatissima.

2264 2436 2351 2493 51.
2387 2435 2726 2509 Confusione.
2772 2433 2943 2509 Lugd.
2976 2435 3097 2491 Bat.
3136 2434 3302 2506 prim.
3330 2443 3387 2491 et
3417 2441 3555 2509 gert.
3590 2433 3643 2488 in
3681 2452 3811 2490 roa-

2193 2508 2419 2577 fusione.
2452 2503 2621 2563 Iidem
2654 2521 2780 2562 mox
2817 2503 3097 2564 uideantur
3126 2503 3226 2579 pro
3270 2521 3379 2578 quo
3415 2503 3568 2561 Flor.
3596 2514 3723 2562 tert.
3758 2513 3816 2563 et

575 2579 669 2651 25.
703 2578 884 2651 Minus
919 2575 1185 2651 coluntur.
1233 2576 1405 2651 Lugd.
1432 2575 1551 2631 Bal.
1587 2591 1671 2651 pr.
1704 2586 1758 2632 et
1801 2585 1951 2651 tert.,
1985 2591 2087 2651 non
2192 2575 2373 2651 quart.
2400 2578 2696 2651 uidebatur.

503 2649 766 2704 coiuntur.
780 2649 886 2705 Sed
912 2650 1127 2719 Vulgata
1147 2648 1369 2713 rectior,
1385 2651 1508 2717 quia
1527 2648 1941 2719 nondumplane
1957 2649 2087 2701 alio.

504 2720 596 2776 lita
624 2729 744 2775 erat
768 2721 985 2789 gentilis
1010 2717 1219 2789 religio.
1247 2718 1369 2775 Mox
1398 2719 1730 2773 historiarum
1756 2717 1901 2773 libris
1916 2721 2089 2774 l’eriz.

571 2793 662 2847 24.
706 2792 988 2863 Adversum
1037 2792 1326 2863 Itosipsos.
1385 2789 1520 2863 Hinc
1564 2790 1936 2863 cognthciltlr,
1984 2803 2092 2863 quo

503 2872 747 2928 tempore
776 2866 919 2917 hanc
956 2854 1238 2917 historiam
1290 2854 1678 2930 conscripserit
1722 2854 1973 2926 Orosius,
2004 2854 2091 2915 ni-

506 2933 704 2987 mirum
736 2941 859 3001 post
907 2934 1131 2988 Romam
1176 2942 1388 2999 captam
1436 2932 1539 2985 sub
1568 2931 1810 2986 Honorio
1856 2931 2093 2999 impera-

511 3014 650 3068 tore,
678 3018 823 3057 anno
850 3004 1051 3060 Christi
1083 3004 1222 3069 MO;
1245 3018 1349 3075 qua
1382 3002 1450 3075 d_e
1469 3019 1529 3056 re
1559 3003 1804 3067 dicemus
1835 3001 1984 3075 libro
2010 3003 2095 3056 nl-

508 3075 642 3127 timo
663 3077 840 3143 capite
873 3075 1137 3144 vigesimo
1184 3072 1350 3129 nono.
1393 3072 1539 3144 Cum,
1579 3090 1712 3143 ergo
1760 3073 2095 3141 Augustinus

404 3169 410 3175 ν
503 3146 614 3214 jutn
635 3145 903 3199 decimum
933 3143 1002 3200 de
1023 3144 1255 3201 Civitate
1287 3144 1383 3200 Dei
1424 3143 1760 3214 perfecisset,
1790 3153 1955 3212 atque
1982 3144 2093 3212 jam

512 3216 855 3270 undecimum
886 3215 1274 3274 conscriberet.
1324 3225 1435 3270 tum
1465 3213 1696 3271 Orosius
1742 3222 1931 3270 noster
1979 3217 2095 3271 base

509 3286 753 3341 scribere
778 3300 1066 3357 aggressus
1091 3298 1193 3343 est.
1228 3284 1395 3342 FABR.

577 3357 671 3429 25.
702 3356 935 3429 Quorum
950 3359 1066 3429 jant
1093 3359 1285 3429 decem.
1318 3359 1397 3413 Ex
1435 3356 1537 3429 hoc
1560 3356 1695 3429 loco»
1712 3363 1858 3426 patet
1879 3366 2095 3414 veteres

511 3429 564 3482 in
608 3427 834 3482 edendis
882 3425 1387 3498 magnislibrorutn
1437 3425 1824 3498 voluminibus,
1864 3438 1922 3483 ut
1971 3436 2099 3483 sunt

512 3499 602 3552 illa
644 3499 925 3570 Augustini
968 3496 1044 3553 de
1073 3496 1319 3570 _Civitate
1373 3498 1490 3570 Dei,
1537 3497 1780 3569 singulos
1822 3498 2095 3557 interdum

512 3571 703 3631 libros.
718 3639 723 3640 γ
739 3568 828 3627 ubi
861 3568 1087 3639 perlecti
1108 3576 1285 3640 erant,
1318 3569 1587 3640 vulgasse.

581 3642 671 3712 26.
698 3634 935 3712 Orientes
963 3641 1118 3694 radii.
1140 3637 1196 3712 In
1222 3638 1368 3695 Flor.
1390 3634 1502 3712 s'ec.
1528 3634 1956 3712 superscriptnm
1979 3648 2103 3699 erat

512 3710 669 3767 velut.
694 3711 751 3767 lu
778 3717 866 3768 ed.
895 3713 1117 3782 August.
1144 3711 1364 3782 legitur,
1381 3711 1520 3765 velut
1538 3710 1757 3773 orientis
1780 3713 1938 3780 radii,
1964 3720 2101 3767 tam-

514 3798 675 3853 quam
732 3781 801 3838 ad
844 3781 1028 3839 radios
1074 3781 1206 3838 solis
1247 3783 1412 3854 veluti
1454 3782 1679 3854 orientis
1721 3782 2100 3854 adluderetur,

514 3852 635 3927 cum
663 3854 942 3924 sequentia
979 3854 1206 3924 probent
1256 3853 1323 3907 ab
1369 3852 1583 3927 ignibus
1615 3855 1836 3926 (quibus
1883 3852 2101 3927 signum

514 3925 1133 4050 dabzttutZdesnmptam
1166 3938 1287 3980 esse
1316 3925 1711 3994 metaphoram.

585 3997 678 4050 27.
781 4014 809 4050 e
848 3998 1080 4050 specula.
1114 4005 1245 4050 etc..
1291 3996 1415 4050 elati
1443 4004 1583 4050 sunt.
1626 3996 1705 4050 Lu

585 3997 678 4052 27.
728 3995 809 4054 De
848 3995 1080 4069 specula,
1114 4005 1250 4069 etc.,
1291 3996 1415 4069 elati
1443 4004 1583 4069 sunt.
1626 3996 1796 4069 Lugd.
1829 3995 1947 4052 Bat.
1994 4009 2102 4069 pr.,

519 4077 643 4141 tcrt.
676 4077 731 4123 et
761 4066 965 4139 qunrt..
991 4067 1057 4123 de
1074 4066 1283 4141 speculo
1308 4066 1475 4141 delati
1489 4078 1641 4141 sunt,
1667 4068 1830 4124 male.
1855 4068 2106 4141 [froprie-

521 4150 603 4197 tas
632 4137 924 4196 locutionis
952 4137 1110 4210 patet
1124 4154 1191 4194 ex
1215 4138 1438 4196 Lucano
1468 4137 1560 4194 lib.
1591 4154 1668 4209 vr,
1699 4153 1847 4196 vers.
1867 4138 2009 4197 278:

701 4219 793 4269 Vix
817 4220 985 4282 praelia
1008 4219 1169 4271 Caesar

637 4281 893 4343 Senserat,
920 4283 1080 4334 elatus
1101 4283 1315 4347 Specula,
1337 4295 1449 4347 quae
1476 4281 1688 4346 prodidit
1710 4281 1858 4348 ignis.

589 4354 682 4411 28.
716 4352 846 4411 Toto
868 4354 1008 4411 orbe.
1036 4354 1135 4411 Ed.
1171 4355 1306 4410 Hitt.
1342 4364 1447 4409 toto
1478 4355 1611 4410 orbi.

592 4425 684 4482 29.
713 4426 777 4481 Et
826 4435 1034 4483 sanctus
1086 4426 1249 4496 ﬁlius.
1280 4424 1349 4480 Et
1375 4442 1501 4496 cum,
1523 4436 1731 4482 sanctus
1778 4423 1939 4496 ﬁlius,
1973 4430 2123 4492 etc.,,

529 4497 701 4566 Lugd.
734 4497 858 4568 But.
891 4512 1004 4553 sec.
1036 4495 1095 4553 et
1113 4504 1295 4568 quart.
1324 4505 1382 4552 ttt
1409 4506 1461 4551 et
1490 4495 1630 4568 Ultr.

594 4564 684 4640 50.
722 4566 965 4624 Petitioni
995 4564 1319 4640 suwfvulgo
1363 4567 1623 4640 petitioni
1652 4576 1773 4623 tute.
1821 4564 1930 4625 Sed
1976 4564 2110 4640 illud

523 4656 634 4713 prae
660 4638 996 4726 hoc‘rcctiu‘s
1029 4647 1178 4726 puto:
1210 4634 1457 4726 Llurlf-
1477 4638 1957 4726 (lou‘tl‘trmpnt'sua:
1984 4639 2111 4710 (pro
2137 4664 2188 4726 η
2217 4634 2613 4726 piisleripribus
2651 4634 2748 4726 sub
2787 4636 2935 4721 delet
2977 4634 3128 4726 Flor.
3160 4650 3272 4693 sec.
3317 4634 3558 4726 l‘ro.coln

520 4708 628 4782 quo
660 4711 910 4783 petitioni
951 4708 1056 4765 tua:
1110 4708 1256 4765 Flor.
1303 4719 1426 4766 tert.
1457 4719 1545 4783 et__
1569 4709 1740 4781 Meus)
1773 4709 1947 4783 [ἕξιν.-
1969 4708 2109 4778 sec.,

526 4776 698 4854 Lugd.
728 4782 847 4838 Bat.
869 4796 1009 4848 sec.,
1033 4790 1159 4837 Icrt.
1189 4788 1477 4854 et_quart.,
1502 4780 1641 4854 Ultr.
1663 4776 1731 4854 nt'
1750 4789 1805 4836 et
1826 4776 2035 4854 Periz.,_
2059 4776 2116 4839 et

526 4851 657 4912 edit.
689 4855 1053 4931 princepsnet
1077 4854 1214 4923 Aug.
1249 4852 1485 4931 Reposui
1509 4867 1576 4911 ex
1599 4852 1791 4931 iisdem
1836 4858 1997 4931 atque
2023 4851 2105 4908 in-

527 4920 918 4997 super'i’erizI,
950 4920 1440 4997 Flor.tért.,_hlvo
1482 4931 1536 4997 et
1555 4922 1709 4997 editt.
1736 4920 1985 4988 Venetis,
2012 4938 2106 4997 po-

530 4992 694 5068 poscit
713 5011 807 5064 pro
837 4992 1138 5068 poposcisti,
1168 4995 1311 5068 quod
1349 4996 1399 5050 in
1429 4994 1657 5068 vulgatis
1687 5002 1840 5068 erat;
1872 5006 1995 5048 nam
2014 4992 2107 5049 hic

529 5064 598 5123 de
625 5064 863 5133 Juliano',
914 5064 1139 5138 nonde
1186 5064 1488 5138 Augustino
1528 5065 1730 5134 agitur.
1767 5064 2109 5138 Praeceperat

534 5139 789 5195 videlicet
810 5139 1003 5195 Urosio
1028 5136 1189 5206 huius
1216 5135 1398 5208 operis
1417 5144 1736 5208 contextum
1756 5135 2106 5208 Augustinus;

532 5210 782 5281 quodque
809 5213 862 5265 in
888 5224 949 5267 se
976 5205 1266 5281 receperat
1287 5208 1532 5281 Orosius,
1567 5206 1837 5281 exigebat,
1862 5213 1921 5262 ut
1951 5205 2112 5278 perli-

530 5276 995 5351 tuaret,'.lulianus.
1025 5276 1163 5338 Ult'r.
1193 5296 1252 5336 ea
1280 5278 1497 5351 ﬁducia,
1521 5293 1620 5351 pro
1640 5276 1844 5334 eadem.

2266 2648 2356 2705 '52.
2391 2649 2509 2705 Hac
2538 2649 2875 2706 scrutatione.
2909 2646 3045 2706 ειη.
3074 2647 3243 2704 addit.
3273 2664 3403 2703 mea.
3450 2640 3456 2651 ’

2268 2723 2357 2792 ⁵55.
2392 2721 2519 2787 Qua:
2544 2720 2834 2787 prohiberet
2856 2738 2887 2774 (ι
2913 2721 3182 2792 sanguine.
3209 2719 3383 2789 Lugd.
3431 2714 3553 2775 Βειῑ.
3597 2725 3809 2790 quart.,

2199 2791 2539 2864 prohibuerit.
2566 2792 2737 2855 Meus,
2761 2792 2853 2861 qui
2882 2791 3117 2864 prohibet
3144 2793 3467 2864 sanguinem.

2269 2861 2357 2917 54.
2406 2860 2522 2917 Ista
2568 2859 2917 2928 illucescente,
2959 2860 3111 2918 illam
3145 2859 3524 2927 con'stupuisse.
3569 2859 3708 2917 Cum
3755 2859 3810 2915 in

2198 2934 2472 3005 prioribus
2522 2932 2779 3005 Fabricii
2808 2933 3092 2990 editiouib.
3139 2931 3470 3005 illucescente
3514 2933 3808 3004 legeretur,

2198 3003 2359 3071 prout
2392 3006 2445 3059 in
2470 3004 2893 3073 antiquioribus.
2926 3004 2981 3059 in
3014 3020 3146 3060 mss.
3182 3003 3426 3059 Florent.
3467 3019 3606 3069 sec.,
3647 3012 3802 3073 ιιι-γι..

2200 3078 2342 3139 Meo,
2367 3086 2420 3130 et
2444 3072 2615 3147 Lugd.
2646 3076 2760 3130 Bat.
2784 3075 3067 3147 plerisque
3088 3084 3144 3130 et
3162 3073 3340 3147 Periz.
3364 3082 3569 3138 exstat,
3593 3076 3650 3128 in
3673 3072 3809 3147 edit.

2199 3149 2442 3217 Moguut.
2487 3141 2755 3202 m'ntatum
2786 3141 2927 3217 illud
2962 3141 3063 3202 fuit
3104 3147 3161 3202 in
3206 3146 3618 3210 conlucescente,
3666 3141 3808 3213 quod

2200 3228 2407 3274 tantum
2434 3218 2486 3271 in
2512 3232 2642 3283 uno,
2668 3216 2838 3288 Lugd.
2870 3217 2993 3288 Bit.
3036 3232 3148 3274 sec.
3186 3217 3337 3282 scil.,
3362 3217 3567 3283 inveni,
3605 3225 3665 3271 et
3685 3230 3804 3288 pro-

2145 3286 2167 3349 )
2201 3300 2324 3358 pter
2350 3304 2680 3345 concursum
2712 3286 2910 3343 similis
2931 3290 3049 3344 soni
3075 3289 3252 3343 minus
3279 3287 3578 3343 convenire
3617 3286 3805 3358 existi-

2199 3357 2308 3417 mo.
2331 3359 2435 3416 Pro
2452 3360 2804 3431 constupuisge
2824 3359 3020 3416 vitiose
3050 3359 3390 3431 constipuisse
3408 3358 3605 3428 legitur
3623 3357 3811 3431 inqui-

2199 3432 2430 3488 bnsdam
2468 3428 2713 3496 mss.,'ut
2734 3428 2879 3485 Flor.
2910 3445 3048 3499 sec.,
3078 3428 3229 3495 tert.,
3255 3428 3319 3485 L.
3351 3428 3412 3485 Β.
3439 3439 3568 3485 tcrt.
3591 3438 3650 3484 et
3670 3429 3806 3484 Meo.

2201 3501 2574 3571 Constupuisse
2596 3516 2721 3556 vero
2742 3500 2881 3557 dixit
2900 3500 3147 3565 Orosius,
3170 3511 3227 3555 ut
3247 3515 3405 3571 stupe
3424 3499 3658 3570 simplex
3702 3508 3809 3571 stu-

2200 3591 2341 3645 pere,
2360 3569 2415 3629 et
2437 3583 2698 3645 stuperent
2715 3571 3100 3645 Tertullianus.
3134 3572 3180 3627 Is
3200 3569 3733 3645 iuAApolog._cap._57
3757 3584 3807 3645 p.

2204 3638 2308 3701 “3
2328 3638 2573 3714 apposite
2596 3643 2660 3697 ad
2687 3643 2844 3714 hujus
2869 3644 2969 3698 loci
2994 3657 3239 3710 sensum,
3262 3638 3341 3698 ita
3356 3641 3547 3714 scribit
3571 3638 3809 3714 ;_Procul

2203 3717 2357 3769 dubio
2388 3712 2717 3783 expavissetis
2744 3713 2813 3768 ad
2831 3713 3163 3769 solitudinem
3183 3722 3431 3778 vestram,
3457 3712 3528 3766 ad
3552 3712 3808 3783 silentiam

2203 3802 2404 3845 rerum.
2429 3781 2477 3840 et
2510 3794 2771 3854 stuporem
2794 3786 3071 3855 quemdam
3113 3784 3261 3855 quasi
3300 3786 3491 3839 mortui
3529 3784 3690 3855 orbis.
3722 3781 3810 3836 Sic

2203 3855 2646 3929 stupentem_di_xit
2666 3854 2815 3929 idem
2836 3854 3175 3929 divinitatem.
3203 3855 3505 3929 qumplane
3529 3854 3773 3929 nullae“
3792 3890 3810 3914 ς

2205 3924 2895 4000 ΑάξνρνειιενθΙειιᾳίηἰθιιοε
2916 3942 3040 4000 cap.
3061 3924 3298 3998 7.Lugd.
3325 3925 3445 3989 But.
3470 3940 3583 3983 sec.
3599 3932 3657 3982 et
3678 3924 3809 3982 Ultr.

2210 3998 2776 4070 habent_abstupuisse.

2279 4071 2366 4126 '55.
2400 4068 2523 4123 1am
2549 4067 2813 4141 prteualet.
2835 4067 2958 4123 Iam
2983 4069 3283 4141 prmvaleret
3316 4067 3381 4125 L.
3406 4068 3472 4124 Β.
3503 4076 3668 4132 Icrt.;
3700 4080 3810 4141 cura

2206 4141 2307 4225 ista
2328 4134 2647 4225 praemetet.
2670 4139 2840 4209 Lugd.
2867 4134 3110 4225 Ιξειιξριεἱ
3138 4139 3283 4199 Mox.
3303 4141 3419 4225 jam
3456 4141 3672 4225 penitus
3700 4134 3812 4225 ual-

2208 4204 2518 4281 lum'Lugd.
2554 4210 2672 4267 Bat.
2708 4204 2823 4267 scc.
2854 4220 2910 4266 et
2949 4204 3038 4267 ed:
3082 4213 3258 4282 Λυδέ.)
3294 4204 3408 4282 iam
3452 4204 3599 4267 illam
3645 4204 3812 4282 Lugd.

2212 4283 2331 4338 Bal.
2361 4278 2548 4353 quart.
2569 4298 2585 4348 ;
2609 4285 2725 4353 jam
2756 4282 2968 4353 penitus
3007 4278 3335 4353 illamiUltr.
3381 4281 3519 4338 Dein
3588 4278 3813 4353 regnarit

2211 4355 2352 4409 male
2368 4350 2465 4425 m1)
2477 4350 2710 4425 regnabit
2724 4352 2870 4425 Flor.
2896 4362 3023 4409 tert.
3049 4366 3105 4409 et
3134 4350 3445 4424 ed.Aug.ut
3471 4362 3528 4407 et
3544 4350 3806 4425 princeps.

2282 4421 2380 4483 ὅθί
2408 4421 2648 4496 Fuerint.
2693 4423 2829 4496 Edd.
2871 4426 3012 4495 Aug.
3058 4433 3117 4481 et
3151 4438 3238 4495 pr.
3278 4421 3509 4496 fuerant.
3555 4421 3679 4496 blox
3721 4432 3811 4496 pro

2212 4505 2531 4578 semperest,
2562 4493 2739 4578 Lugd.
2773 4494 2891 4578 Bal.
2922 4487 3248 4578 pinsein'per
3278 4487 3409 4578 fuit.
3441 4490 3685 4578 .lnuillis

2219 4561 2551 4640 apparitione
2579 4561 2744 4640 atqite
2771 4568 2869 4640 sub
2889 4561 3242 4640 conclusione,
3286 4561 3345 4640 in
3373 4564 3645 4637 prioribus
3669 4571 3726 4618 et
3762 4561 3811 4614 in

3688 4641 3811 4697 stur,

2216 4701 2406 4780 ultimo
2431 4708 2590 4776 huius
2620 4708 2903 4780 prtcloquii
2934 4707 3127 4774 verbo,
3157 4715 3399 4780 sequetur
3444 4701 3647 4763 habent
3684 4701 3808 4759 edit.

2217 4778 2466 4851 venette,
2496 4788 2846 4850 consequatur
2868 4779 3202 4851 Augustatia.

2280 4849 2376 4907 37.
2408 4844 2539 4905 cum
2567 4844 2874 4920 secundum,
2897 4844 3004 4906 etc.
3041 4848 3187 4907 Editi
3217 4844 3457 4920 quidam.
3483 4857 3543 4905 ut
3568 4845 3731 4904 Fabr.
3762 4853 3816 4901 et

2217 4921 2449 4991 August.
2480 4918 2762 4987 exhibent,
2809 4938 2924 4978 cum
2971 4937 3077 4975 non
3118 4918 3421 4991 secundum,
3475 4931 3587 4991 etc:
3626 4927 3810 4974 contra

2211 4987 2345 5049 edit.
2368 4991 2597 5059 primam
2615 4998 2672 5048 et
2691 5006 2902 5054 omnes.
2924 4999 3075 5049 certe
3095 4990 3372 5059 meliores,
3395 5005 3529 5047 mss.
3548 4987 3805 5053 Florent.,

2215 5054 2387 5133 Lugd.
2442 5061 2588 5127 Bat.,
2635 5060 2835 5130 Periz.,
2888 5060 3083 5119 Meum.
3134 5054 3315 5118 lnnuit
3358 5054 3511 5133 enim
3554 5059 3810 5133 Orosius,

2218 5129 2390 5204 usque
2417 5133 2484 5189 ad
2517 5134 2678 5189 tinem
2708 5129 2893 5190 saeculi
2934 5133 3052 5190 fore
3091 5132 3233 5204 bella
3274 5141 3332 5190 et
3377 5130 3586 5204 clades,
3624 5130 3722 5189 sed
3762 5129 3809 5182 in

2218 5202 2327 5260 line
2356 5204 2644 5276 graviores
2690 5204 2860 5261 multo
2901 5214 3150 5276 respectu
3192 5203 3506 5276 impiorum.
3538 5202 3597 5260 In
3624 5215 3813 5272 semper

2218 5285 2316 5343 est,
2349 5272 2710 5345 posteriorem
2732 5292 2924 5335 vocem
2947 5272 3099 5333 delet
3122 5274 3184 5332 L.
3218 5272 3280 5333 Β.
3316 5283 3447 5334 tert.
