3908 6280
103 301 187 358 697

1132 294 1603 352 HISTORIARU.“
1644 292 1854 350 LIBER
1893 295 1934 350 Ι.
1974 293 2132 350 CAP.
2181 293 2266 350 Ill.

3252 292 3358 353 698

102 414 275 468 sinum.
299 409 469 465 Tenet
489 415 672 462 autem
703 407 841 462 min
871 406 1032 477 longo
1055 405 1221 461 millia
1252 421 1510 476 passuum
1532 422 1658 462 cen-
1685 415 1738 476 Α
1764 404 1928 460 homo
1955 447 1968 469 ,
2017 419 2178 474 quem
2224 412 2430 462 rectum
2486 411 2646 477 atque
2689 405 3096 463 immaculatum
3160 405 3363 463 fecerat

103 517 198 559 illll'l
225 503 522 573 sexaginta,
550 501 604 556 in
630 501 738 554 lato
781 502 946 555 millia
979 500 1167 570 viginti
1197 515 1312 554 sex.
1343 501 1534 555 lnsulm
1561 501 1662 554 Ba-

106 596 254 650 leares
280 595 397 647 dua:
424 604 574 658 sunt,
609 593 782 661 major
808 602 862 647 et
886 597 1081 656 minor,
1109 593 1302 661 quibus
1327 593 1506 646 insunt
1537 593 1660 647 bina

103 686 272 754 oppida
320 701 334 740 :
381 683 549 750 maior
592 683 982 749 Tarraconem,
1033 684 1308 752 lliSpanite
1361 684 1696 749 civitatem,.

104 780 256 830 minor
269 775 335 806 ’³⁵
347 775 698 828 Barcinouem
715 775 765 827 in
783 773 856 805 ’³⁸
868 773 1297 844 septentrionem
1327 789 1520 829 versus
1533 789 1664 830 con-

104 877 170 920 lra
195 883 250 922 se
278 866 452 919 habet.
481 865 670 934 Majori
701 863 946 933 subjacet
988 865 1161 918 insula
1189 864 1424 920 Ebusus.
1457 866 1662 921 Deinde

103 959 159 1010 ab
184 958 377 1012 oriente
405 955 731 1021 Sardiniam,
758 956 825 1008 ab
850 956 1106 1025 aquilone
1129 971 1277 1011 mare
1307 956 1600 1022 Gallicum,
1631 971 1662 1011 a

103 1047 300 1102 meridie
315 1057 362 1102 et
380 1047 560 1102 Africo
583 1047 1003 1103 Mauritanicum
1031 1050 1274 1119 pelagus,
1294 1050 1364 1081 ’³⁸
1389 1051 1455 1104 ab
1468 1065 1661 1107 occasu

104 1138 337 1193 lbericum
369 1141 589 1209 pelagus
619 1150 851 1209 speclztl.
880 1141 968 1194 ll.t-
994 1151 1120 1197 sunt
1150 1143 1343 1197 insula:
1364 1145 1431 1198 ab
1455 1144 1663 1200 Helles-

103 1240 241 1298 ponto
266 1246 431 1301 usque
459 1231 525 1285 ad
547 1233 824 1287 Oceanum
846 1247 942 1303 per
969 1242 1139 1289 totum
1171 1234 1419 1304 Magnum
1441 1237 1661 1306 pelagus

100 1325 375 1376 consulum:
404 1340 417 1376 :
449 1339 570 1390 qua:
596 1334 650 1379 et
679 1324 826 1378 cultu
854 1327 1186 1381 ctmcmoria
1217 1329 1388 1396 magis
1415 1330 1662 1384 celebres

102 1414 356 1468 habentur.
389 1415 496 1486 35
527 1415 598 1447 '"
627 1416 917 1472 Perceusui
943 1419 1182 1473 breviter
1233 1420 1313 1491 (ut
1343 1421 1518 1492 pomi)
1541 1436 1664 1488 pro-

101 1507 274 1559 vincias
302 1515 356 1560 et
384 1507 587 1561 insulas
614 1508 686 1541 ³⁸⁸
706 1509 856 1563 orbis
903 1510 1138 1565 universi
1192 1528 1206 1564 :
1262 1528 1406 1565 nunc
1460 1512 1662 1569 locales

102 1599 156 1629 η’
174 1599 398 1666 gentium
422 1599 755 1667 singularum
780 1603 1048 1668 miserias,
1065 1603 1283 1658 sicutab
1308 1604 1459 1659 inilio
1483 1604 1661 1660 inces-

99 1690 308 1744 sabiliter
329 1693 678 1757 exstiterunt,
703 1692 774 1724 ’“
805 1704 857 1749 et
888 1694 1121 1764 qualiter
1143 1694 1210 1726 ³⁵⁸
1241 1697 1542 1768 quibusque
1569 1713 1664 1754 ex-

98 1789 208 1836 orta
235 1791 375 1849 sunt,
405 1782 458 1838 in
490 1791 752 1853 quantum
778 1784 1066 1854 suﬂecero,
1099 1786 1392 1857 proferam.

1687 1795 1736 1855 B

678 1942 905 2000 CAPUT
946 1943 1039 2000 Ill.

568 2035 645 2090 De
665 2037 861 2092 diluvio
887 2038 980 2092 sub
1009 2037 1145 2093 Noe.

159 2150 171 2179 ‘
197 2149 322 2206 Cum
354 2161 476 2221 post
506 2149 799 2220 fabricam,
831 2163 1190 2223 ornatumque
1237 2155 1422 2210 mundi
1454 2156 1617 2228 hujus
1640 2199 1655 2223 ,

1765 497 1939 562 Deus,
1974 499 1994 528 ²
2024 511 2088 552 ac
2117 497 2344 565 perinde
2378 496 2675 552 humanum
2703 513 2872 568 genus
2902 497 3221 553 libidinibus
3265 497 3361 553 de-

1765 595 2042 654 pravatum
2073 588 2310 656 peccatis
2339 587 2716 642 obsorduisset
2747 629 2761 652 ,
2811 589 3070 644 continuo
3101 588 3359 657 injustam

1762 678 2032 732 licentiam
2077 678 2186 749 36
2227 678 2372 747 justa
2395 678 2605 748 punitio
2628 678 2649 709 ⁸
2679 687 2973 734 consecuta
3001 689 3104 734 est.
3131 681 3360 734 Senten-

1764 773 1892 826 tiam
1918 774 2182 826 creatoris
2212 771 2307 826 Dei
2335 779 2390 826 et
2413 771 2634 840 judicis;
2661 773 2909 842 peccanti
2933 773 3136 828 homini
3159 787 3223 828 ac
3249 781 3361 828 ter-

1761 880 1838 920 rzc
1869 875 2094 934 propter
2144 864 2420 919 hominem
2449 864 2778 919 destinatam
2807 905 2822 931 ,
2879 880 3199 937 semperque
3229 858 3364 921 dum

1764 955 2015 1012 homines
2043 963 2245 1012 terram
2297 954 2664 1010 habitaverint
2716 955 3029 1011 duraturam
3055 999 3070 1022 ,
3123 973 3312 1013 omnes
3339 998 3356 1025 ,

1762 1047 1961 1102 ‘inviti
1989 1047 2140 1109 licet,
2172 1055 2266 1101 aut
2297 1046 2590 1116 probamus
2619 1046 2888 1116 negando,
2918 1057 3013 1102 aut
3040 1047 3354 1103 confitendo

1763 1139 2058 1193 toleramus
2089 1154 2104 1194 :
2138 1138 2160 1168 ⁵
2185 1138 2583 1208 obstinatisque
2623 1137 2896 1193 mentibus
2927 1138 3083 1194 testis
3125 1139 3228 1194 sibi
3277 1140 3360 1192 in-

1762 1231 1990 1286 firmitas
2045 1245 2142 1285 sua
2197 1229 2394 1295 inurit,
2449 1229 2647 1298 quibus
2700 1229 2875 1285 fidelis
2924 1231 3194 1300 scriptura
3251 1246 3358 1285 non

1763 1324 2011 1379 suaserit.
2038 1323 2059 1354 ⁸
2080 1321 2288 1378 Deinde
2319 1321 2506 1378 refuso
2529 1322 2583 1377 in
2606 1336 2826 1377 omnem
2853 1332 3052 1377 terram
3075 1322 3234 1389 mari,
3261 1323 3364 1376 im-

1765 1419 2040 1486 missoque
2064 1415 2291 1480 diluvio,
2315 1431 2437 1471 cum
2472 1425 2586 1472 toto
2611 1416 2745 1472 orbe
2773 1425 3031 1472 contecto
3053 1432 3219 1471 unum
3239 1403 3364 1486 spa-

1765 1511 1896 1566 tium
1923 1509 2046 1564 coeli
2074 1516 2223 1565 esset
2245 1522 2309 1563 ac
2338 1508 2544 1579 pelagi,
2574 1507 2812 1563 deletum
2839 1507 3007 1563 fuisse
3047 1509 3360 1562 universum

1764 1602 2063 1656 humanum
2109 1615 2284 1670 genus
2309 1644 2324 1669 ,
2363 1600 2548 1670 paucis
2587 1599 2639 1653 iu
2670 1613 2794 1653 arca
2823 1597 2949 1653 ﬁdei
2996 1613 3110 1653 suae
3164 1598 3364 1654 merito

1765 1696 1785 1726 "
1807 1693 1876 1748 ad
1904 1693 2343 1750 subslituendam
2373 1692 2638 1763 originem
2686 1691 2998 1753 reservatis.
3019 1690 3366 1748 evidentissi-

1765 1803 1852 1843 me
1876 1789 1898 1819 ⁸
1927 1786 2265 1842 veracissimi
2315 1783 2610 1855 scriptores
2664 1783 2883 1839 docent.
2911 1786 2932 1817 ν
2963 1783 3154 1838 Fuisse
3183 1791 3362 1840 tamen

1763 1881 1926 1937 etiam
1956 1880 2032 1935 illi
2062 1878 2349 1936 contestati
2376 1885 2535 1943 sunt,
2567 1876 2657 1947 qui
2682 1876 2962 1948 prmterita
2983 1875 3198 1948 quidem
3221 1885 3364 1932 tem-

1764 1987 1921 2043 pora,
1955 1970 2244 2042 ipsumque
2269 1976 2550 2025 auctorem
2585 1965 2894 2038 temporum
2923 1966 3250 2032 nescientes,
3284 1977 3367 2022 ta-

1767 2084 1889 2124 men
1924 2068 1965 2101 ⁸ο
1994 2083 2060 2124 ex
2101 2066 2304 2123 indicio
2349 2077 2405 2123 et
2451 2065 2766 2136 conjectura
2817 2061 3093 2134 lapidum,
3143 2075 3280 2132 quos
3307 2061 3363 2115 in

1768 2163 1994 2220 remotis
2022 2161 2300 2218 montibus
2328 2162 2556 2218 conchis
2583 2171 2640 2218 et
2668 2160 2862 2216 ostreis
2906 2157 3135 2214 scabros
3156 2199 3171 2225 ,
3219 2171 3367 2229 stepe

1357 2306 1807 2368 HAVERCAMPI
1846 2311 2082 2369 ΝΟΤΑΞ.

157 2440 267 2496 255.
297 2441 362 2494 In
403 2441 562 2513 longo
597 2441 763 2496 millia
791 2456 1052 2513 passuum.
1085 2439 1343 2513 Quaedam
1396 2441 1520 2497 edd.
1574 2443 1661 2498 hic

106 2511 144 2562 in
164 2513 374 2582 longum,
401 2521 459 2566 et
485 2511 613 2566 mox
643 2513 696 2564 in
726 2513 888 2564 latum
911 2512 1053 2564 mille
1073 2529 1256 2579 passus
1311 2511 1482 2583 Lugd.
1514 2515 1657 2569 Ball.

107 2597 200 2654 ιιι-,ς
228 2584 364 2654 idem
390 2599 490 2648 pro
528 2583 707 2654 uiginti
729 2599 818 2636 sex-
843 2583 1031 2654 scrib_it
1061 2598 1231 2636 xxvtt.

159 2653 268 2707 254.
295 2651 656 2706 Barcinonem.
688 2655 744 2707 lu
785 2669 917 2707 mss.
965 2651 1329 2721 Barcelonam,
1387 2654 1663 2709 Barchilo-

107 2739 220 2786 nam,
243 2722 575 2777 Barcinolam
597 2733 652 2777 et
683 2722 929 2794 ljarcilon
985 2724 1201 2792 legitur.
1252 2724 1309 2777 ln
1339 2725 1658 2794 quibusdam

107 2808 261 2858 Supra,
284 2795 661 2864 Tarraconem,
689 2790 1002 2864 Tragonom.
1028 2790 1134 2848 elc.

159 2865 269 2918 953.
300 2863 370 2918 In
397 2863 816 2936 septentrionem.
844 2864 909 2917 In
934 2866 1083 2919 abest
1115 2881 1144 2918 a
1177 2865 1344 2936 Lugd.
1401 2865 1517 2919 Bal.
1577 2881 1659 2936 pr.

107 2932 198 2987 llos
228 2937 412 2990 habent
441 2950 544 3004 pro
562 2934 713 3004 habet
736 2935 824 2988 ed.
859 2940 995 3001 Aug.

159 3006 266 3078 236A.
301 3005 381 3060 Ab
402 3003 589 3078 oetasu
612 3003 866 3058 Ibericum
884 3008 1101 3078 pelagus
1119 3016 1332 3078 spectat.
1358 3007 1455 3061 Illa
1481 3006 1544 3059 ab
1573 3023 1662 3059 oc-

107 3091 201 3128 casu
237 3076 494 3130 Ibericum
520 3077 716 3130 desunt
746 3078 796 3130 in
829 3077 915 3129 rd.
953 3080 1088 3144 Aug.
1123 3076 1277 3147 Legit
1318 3094 1448 3132 vero
1473 3078 1660 3131 eadem

107 3163 200 3220 cum
220 3159 336 3220 quat
349 3162 449 3220 nor
479 3147 804 3220 mss.__Lugd.
840 3147 880 3200 Β
899 3156 954 3220 -t.
981 3158 1211 3214 spectant
1238 3149 1477 3220 pelagus,
1509 3149 1661 3218 quasi

105 3217 156 3271 de
183 3219 367 3272 insulis
407 3217 744 3275 Balearibus.
776 3233 879 3269 non
902 3219 970 3271 de
997 3217 1248 3283 Cersica,
1281 3217 1428 3274 esset
1459 3217 1659 3274 sermo.

107 3286 208 3340 l‘ost
239 3289 645 3341 Hauritanicum
672 3289 815 3341 delet
845 3289 1058 3355 pelagus
1089 3288 1233 3345 Flor.
1269 3305 1382 3345 sec.

158 3360 268 3412 237.
304 3359 617 3421 Percensui.
646 3358 789 3411 Flor.
818 3366 970 3420 lert.,
1000 3359 1272 3414 Recensui.

155 3429 266 3500 '25s.
301 3429 461 3484 05bis
501 3431 750 3482 unirersi.
786 3428 1114 3496 Transponil
1147 3431 1318 3499 Lugd.
1356 3431 1475 3485 Bal.
1505 3446 1586 3500 pr.

157 3499 266 3555 239.
299 3500 545 3573 Gentium
590 3502 934 3573 singularum.
963 3501 1088 3555 Mss.
1123 3502 1291 3573 Lugd.
1325 3499 1516 3556 Batavi
1550 3518 1667 3557 om-

105 3584 180 3640 ncs
215 3573 443 3640 gentium
491 3571 898 3640 insularumque,
921 3588 984 3624 ex
1018 3571 1223 3640 quibus
1243 3574 1512 3628 seCundus
1541 3589 1664 3627 cum

106 3638 229 3715 Ultr.’
242 3643 460 3710 insuper
488 3640 618 3710 legit
642 3638 872 3715 gentium
912 3638 1298 3715 insularumque
1321 3643 1664 3715 singularum.

105 3712 188 3764 Sed
208 3715 496 3785 vulgatam,
529 3723 729 3782 prmter
750 3712 1090 3767 Florentiuos
1121 3712 1248 3768 mss.
1281 3712 1428 3768 Meus
1453 3729 1667 3785 quoque

104 3796 201 3903 t‘llllll
228 3784 406 3839 I’eriz.
435 3791 637 3850 tuetur,
668 3797 896 3853 eantque
923 3799 1104 3839 veram
1126 3797 1179 3839 et
1213 3784 1524 3856 germanam
1545 3784 1667 3841 esse

107 3866 160 3903 lllt
186 3870 276 3903 tet)-

103 3866 276 3917 judico.

160 3923 270 3979 ilo.
303 3923 375 3978 Et
401 3923 868 3995 qualiter.'Delent
916 3933 964 3978 rt
1011 3923 1184 3997 Lugd.
1245 3927 1383 3981 Ball.
1435 3935 1564 3981 lert.
1610 3934 1666 3981 el

105 4005 320 4060 quartus.

161 4065 272 4120 241.
328 4065 864 4138 artibusqueezortw
908 4075 1047 4120 sunt.
1114 4067 1266 4123 Delet
1319 4067 1488 4138 Lugd.
1546 4067 1664 4121 Bal.

105 4147 252 4208 quart.
277 4153 376 4208 que
404 4147 524 4208 post
551 4135 754 4205 quibus.
787 4139 854 4192 At
870 4138 1192 4208 temporibus
1219 4135 1666 4207 superscribcba-

107 4213 175 4258 tur
199 4207 244 4260 in
275 4206 444 4276 Lugd.
481 4206 596 4260 Bal.
633 4209 827 4276 primo.
864 4207 1092 4262 Videtur
1121 4210 1171 4262 id
1197 4206 1336 4262 haud
1369 4212 1667 4278 incongrue

109 4283 258 4348 pussel
279 4280 402 4333 addi
423 4318 438 4342 ,
470 4292 647 4348 neque
677 4279 819 4332 enim
849 4282 1010 4333 modo
1036 4281 1278 4334 narrabit
1297 4279 1524 4334 Orosius
1547 4294 1667 4348 qua:

107 4348 247 4412 mala,
277 4348 536 4420 qualiter,
569 4359 821 4420 respectu
853 4350 1240 4419 magnitudinis
1263 4392 1277 4414 ,
1323 4351 1624 4420 quibusque
1649 4391 1664 4415 ,

108 4418 324 4489 tespectu
375 4418 686 4489 hominibus
712 4419 826 4473 sive
850 4418 1136 4488 gentibus,
1185 4422 1281 4476 sed
1325 4418 1380 4475 et
1412 4420 1669 4489 tempori-

107 4485 222 4558 bus,
248 4489 550 4546 evenerint.
593 4487 650 4543 lu
697 4485 974 4558 postréuw
1021 4491 1163 4546 enim
1214 4493 1447 4546 maxime
1474 4485 1670 4544 enituit

1689 3187 1735 3248 C

1767 2447 2164 2512 consuluimus,
2198 2445 2329 2501 illud
2361 2455 2708 2517 augmentum
2749 2453 3070 2517 agnoscunt.
3100 2444 3156 2501 in
3188 2446 3362 2515 prima

1767 2519 1854 2572 ed.
1884 2533 2102 2589 quoque
2133 2526 2215 2589 est
2244 2517 2480 2589 funditus
2507 2516 2889 2589 absorberetur,
2920 2532 3018 2587 pro
3045 2517 3224 2589 quoin
3255 2517 3363 2571 Ve-

1769 2587 1913 2644 nett.
1953 2597 2006 2643 et
2052 2587 2513 2654 Paris.'funditus
2564 2588 2943 2641 absorberetur.
2991 2588 3098 2642 Sed
3140 2588 3190 2640 in
3225 2601 3358 2642 mss.

1771 2657 2099 2714 Florentinis
2128 2667 2182 2714 et
2212 2658 2456 2726 reliquis,
2508 2673 2647 2728 quos
2681 2657 2934 2728 inspexi,
2977 2657 3192 2712 eunetis
3216 2697 3232 2723 ,
3287 2659 3365 2710 le-

1768 2731 1912 2789 αἰιιιι·
1943 2731 2168 2797 peccatis
2199 2729 2576 2797 obsorduisset,
2629 2728 2770 2798 quod
2798 2727 3366 2798 verbumirespondct

1770 2799 1876 2865 illi,
1903 2800 2044 2870 quod
2075 2815 2238 2868 supra
2269 2799 2565 2870 invenitur,
2589 2799 3001 2870 immaculatum.
3034 2797 3092 2870 in
3118 2797 3361 2870 Mogunt.

1766 2887 1898 2924 vero
1925 2870 2057 2924 edit.
2087 2886 2245 2939 quam
2278 2869 2487 2922 curavit
2520 2869 2690 2923 Andr.
2722 2869 3002 2932 Schouus,
3035 2869 3229 2939 legitur
3262 2870 3361 2921 lio-

1767 2958 1866 3002 mo,
1897 2957 2048 3012 quem
2077 2938 2144 2993 ad
2167 2941 2439 3012 imaginem
2467 2955 2616 3012 suam
2646 2950 2840 3012 rectum
2868 2949 3020 3007 atque
3043 2938 3359 3012 immacula.

1765 3022 1876 3065 tum
1909 3008 1954 3082 'f.
2013 3011 2103 3076 0.,
2158 3008 2382 3065 intrusis
2427 3008 2601 3064 tribus
2645 3011 2871 3065 vocibus
2901 3017 3090 3064 contra
3121 3010 3364 3064 omnium

1769 3097 1904 3136 mss.
1936 3093 1992 3136 et
2021 3083 2181 3136 editt.
2219 3082 2402 3134 lidcm.

1836 3157 1890 3206 2.
1923 3154 1995 3205 Ac
2021 3152 2233 3224 perinde
2264 3153 2544 3224 humanum
2574 3167 2737 3224 genus
2769 3149 3073 3224 libidinibus
3113 3150 3367 3224 deprava-

1770 3235 1877 3276 tum
1908 3221 2128 3295 peccatis
2159 3221 2526 3295 obsorduissct.
2545 3224 2698 3295 _Antc
2722 3222 2836 3276 huic
2856 3221 3022 3276 verba
3044 3221 3366 3295 invulgatis

1769 3291 2006 3362 additur,
2039 3295 2192 3348 morti
2221 3309 2276 3347 se
2301 3293 2670 3346 substravisser
2689 3308 2708 3346 :
2733 3308 2855 3363 qua:
2877 3291 3096 3362 quando
3121 3291 3175 3344 in
3201 3291 3364 3363 nullis

1770 3365 1924 3420 libris
1981 3364 2220 3435 antiquis
2265 3364 2591 3435 invenimus,
2637 3362 2912 3435 tamquam
2959 3362 3310 3435 supposititia
3341 3401 3358 3428 ,

1769 3436 1902 3490 nihil
1938 3432 2131 3490 tamen
2155 3433 2596 3504 pra'judicantes.
2626 3433 2949 3487 delevimus.
2979 3432 3146 3486 Fann.

1840 3509 1890 3561 5.
1927 3501 2210 3562 Consecuta
2240 3501 2330 3560 est.
2363 3504 2533 3574 Lugd.
2584 3505 2700 3559 Bal.
2735 3519 2846 3558 sec.
2893 3517 2945 3558 et
2980 3505 3110 3557 llill.
3141 3513 3192 3556 cl
3225 3501 3362 3562 Ultr.

1767 3577 2034 3631 subsecuta
2062 3587 2159 3631 est.
2195 3575 2398 3632 Scribit
2433 3575 2560 3630 dein
2591 3580 2816 3646 August.
2856 3575 3027 3643 Quam
3055 3574 3365 3629 sententiam

1769 3649 2014 3702 creatoris
2049 3647 2166 3713 Dei,
2200 3657 2310 3701 etc.

1838 3718 1893 3771 4.
1924 3718 2084 3772 Inviti
2112 3718 2250 3770 licet.
2288 3715 2388 3770 Ed.
2417 3716 2586 3782 prima
2616 3715 2869 3770 videlicet.

1840 3789 1892 3844 5.
1951 3789 2360 3856 Obstinatisque.
2398 3787 2568 3849 Meus,
2607 3787 2894 3839 obstinatis.
2943 3783 3083 3856 Edd.
3119 3783 3363 3856 Venetm,

1770 3858 2126 3927 obstinateque
2154 3853 2408 3912 mentibus
2441 3867 2614 3923 testes,
2643 3865 2775 3919 etc.,
2812 3855 2982 3910 l‘aris.
3016 3853 3366 3921 obstinatique

1769 3931 2022 3982 mentibus
2051 3937 2220 3984 testes.

1841 4000 1890 4054 6.
1925 3998 2125 4052 D.inde
2152 4000 2327 4064 refuso
2357 3995 2451 4048 sub
2485 3993 2622 4048 Noe.
2649 3995 2778 4048 Duae
2803 4002 3088 4063 postrema:
3114 4008 3281 4048 voces
3311 3993 3362 4064 in

1769 4070 1892 4124 libr.
1924 4079 2033 4123 vet.
2065 4084 2168 4120 non
2210 4063 2484 4135 leguntur,
2519 4076 2573 4118 et
2621 4072 2848 4133 possunt
2872 4080 2985 4135 non
3025 4063 3366 4119 incommode

1769 4141 1979 4195 abesse.
2017 4140 2180 4193 Pun.
2212 4133 2291 4176 -’
2313 4135 2505 4189 Delent
2533 4135 2751 4188 easdem
2785 4148 2918 4189 mss.
2943 4133 3085 4190 Ultr.
3115 4145 3171 4189 et
3194 4135 3363 4189 Meus.

1769 4211 1914 4266 Inter
1937 4211 2106 4280 Lugd.
2139 4209 2368 4263 Batavos
2398 4205 2451 4260 in
2482 4219 2592 4259 sec.
2624 4215 2678 4260 et
2703 4278 2711 4280 _
2733 4215 2859 4259 ιρι-1.
2898 4205 3114 4280 legitur
3164 4204 3364 4280 sulfuso

1768 4281 1862 4335 sub
1894 4274 2089 4334 Noe'in
2118 4298 2166 4332 ο.
2193 4291 2229 4334 t.
2260 4293 2364 4340 m.,
2414 4285 2595 4342 quart.
2626 4278 2800 4345 refuso
2827 4275 2920 4329 sub
2955 4274 3070 4332 Noe
3090 4278 3210 4346 ipso
3228 4278 3282 4328 in
3309 4291 3364 4332 ο.

1770 4361 1810 4406 t.
1842 4368 1910 4405 nt.
1957 4350 2170 4421 lleliqui
2205 4363 2329 4404 cum
2357 4346 2524 4421 cdilt_._
2547 4348 2773 4421 vetustis
2821 4348 3004 4421 refuso
3045 4349 3138 4400 sub
3169 4345 3284 4400 Noe
3311 4347 3366 4400 in

1771 4440 1821 4476 o.
1851 4433 1889 4474 t.
1923 4439 1992 4477 m.
2017 4415 2139 4478 Mo'x
2167 4421 2422 4490 missoque
2449 4415 2665 4473 diluvio.
2697 4418 2844 4474 Meus
2871 4415 2924 4474 et
2950 4415 3094 4473 Flor.
3123 4430 3235 4472 sec.
3268 4431 3366 4487 pro

1771 4495 2117 4562 immissaque.

107 4555 259 4615 Orosii
302 4562 593 4626 industria,
625 4555 715 4630 qui
745 4573 1032 4630 propterea
1063 4562 1313 4616 omnibus
1345 4562 1571 4633 eruditis
1610 4561 1664 4614 in
1697 4567 1748 4628 ι)
1844 4566 1896 4618 7.
1925 4555 2433 4619 Ad'substituendam
2461 4560 2732 4633 originem.
2757 4562 2908 4619 Meus
2929 4562 2997 4617 ad
3014 4556 3369 4630 sufﬁcientiam

107 4642 241 4703 tuanu
266 4633 448 4686 haberi
467 4672 480 4690 .
505 4632 997 4703 auctoritatemque
1019 4646 1171 4686 suam
1198 4631 1549 4687 Commodare
1575 4645 1665 4686 so-

107 4696 182 4775 let.
207 4704 375 4775 Quare
399 4704 544 4775 hunc
579 4704 758 4775 locum
779 4702 858 4757 sic
884 4696 1016 4775 puto
1047 4715 1180 4775 esse
1200 4703 1508 4775 legendum,
1532 4719 1668 4756 nunc

107 4772 267 4846 locales
294 4774 540 4846 gentium,
569 4772 990 4846 singularumque
1012 4772 1263 4838 miserias,
1286 4775 1415 4828 sicut
1435 4774 1500 4846 ab
1521 4775 1669 4828 initio

107 4844 452 4897 incessabiliter
481 4844 818 4909 exstiterunt,
849 4849 1096 4916 qualiter,
1140 4847 1323 4913 quibus
1351 4887 1366 4912 ,
1389 4845 1670 4915 quibusque

107 4915 392 4978 trinporibus
412 4923 610 4969 exorta
628 4924 768 4978 sunt,
803 4915 910 4971 etc.

165 4984 279 5039 Car.
299 4987 379 5040 111.
395 4989 506 5041 -οί
523 5025 538 5041 .
555 4987 684 5041 Cum
711 4995 826 5057 post
841 4988 1111 5058 fabricam,
1137 4996 1474 5057 ornatumque
1492 4986 1672 5040 mundi

110 5051 244 5129 ltttjus
269 5061 445 5125 homo,
480 5074 633 5128 quem
657 5051 854 5112 rectum
887 5071 1042 5129 atque
1069 5051 1457 5114 immaculatum
1486 5062 1676 5129 fecerat

109 5122 251 5191 Deus,
279 5122 503 5185 morti-se
523 5130 882 5184 substravisset
902 5145 921 5185 :
943 5122 1004 5184 ac
1037 5132 1254 5199 proinde
1282 5122 1568 5199 humanum
1592 5145 1679 5198 ge-

110 5208 188 5248 nus
211 5199 498 5272 libidinibus
525 5201 861 5272 depravatum
887 5197 1106 5269 peccatis
1128 5201 1363 5272 funditus
1384 5197 1680 5272 obsot'duis-

110 5274 184 5320 sel.
241 5268 365 5325 Illud
407 5272 561 5325 morti
583 5268 638 5326 se
660 5268 1017 5327 substrauisset
1044 5268 1179 5328 liber
1209 5271 1446 5326 Venetus
1484 5269 1678 5324 Orosio

110 5339 334 5411 ῐςιίάίάει.
375 5343 643 5399 Similiter
687 5351 742 5397 et
795 5344 948 5408 illud,
1005 5344 1274 5411 funditus;
1327 5340 1513 5411 omisit
1546 5355 1676 5394 vero

110 5403 522 5487 yarcotluranus.
557 5413 766 5487 Ego_ex
813 5403 1190 5487 obsorbuisset,
1225 5403 1279 5466 et
1329 5410 1675 5487 obsurbuisset

108 5475 193 5556 feci
242 5475 631 5538 obsorduisset:
656 5482 826 5540 Recte
858 5486 1112 5540 fortasse.
1163 5475 1353 5556 Posset
1397 5492 1452 5537 et
1491 5481 1670 5556 obsor-

108 5545 271 5605 buissct
306 5564 512 5610 rectum
560 5569 705 5621 esse,
733 5556 817 5610 vel
839 5556 1210 5610 obsurdutsset.
1243 5554 1407 5608 Laur.
1435 5583 1505 5592 —
1526 5553 1676 5606 Prte-

108 5624 180 5671 ter
211 5621 426 5680 Venetas
457 5625 587 5680 edit.
623 5635 679 5680 et
717 5626 914 5692 Paris.,
947 5626 1077 5680 llill.
1110 5640 1161 5680 et
1193 5626 1506 5680 Cervicorn.
1541 5623 1673 5678 illttd

107 5698 240 5742 morti
267 5712 314 5748 se
339 5697 697 5750 substrueisset
740 5700 912 5764 prima
947 5713 1163 5766 quoque
1193 5697 1453 5755 exhibet;
1485 5709 1672 5748 verum

107 5773 264 5828 “V‘lue
288 5773 591 5837 Auguslaua
618 5807 636 5833 ,
691 5782 866 5838 neque
910 5769 1050 5824 ullus
1086 5783 1152 5824 ex
1186 5766 1340 5824 libris
1371 5778 1505 5820 mss.
1532 5779 1676 5832 quos

1778 4649 2050 4689 ortatnem.

1851 4653 2270 4760 gini'zacaamt
2292 4703 2856 4775 scriptores._Primam
2881 4717 3070 4775 vocem
3098 4699 3245 4756 delet
3266 4697 3370 4775 Pc-

1778 4776 1902 4844 riz.,
1933 4777 2030 4832 sed
2051 4779 2211 4832 editi.
2244 4772 2475 4847 llittorp.
2510 4783 2565 4827 et
2589 4773 2868 4847 Bolsuing.
2914 4774 3117 4844 legunt,
3148 4772 3370 4826 veracis-

1778 4847 1901 4901 simt‘
1919 4847 2195 4919 scriptorcs
2219 4846 2572 4919 doctoresque:

1853 4919 1906 4974 9.
1940 4910 2126 4973 Fuisse
2153 4928 2324 4970 tamen
2347 4910 2523 4971 etiam.
2555 4913 2726 4986 Lugd.
2766 4916 2882 4970 Bal.
2917 4927 3028 4970 sec.
3082 4922 3138 4969 et
3185 4910 3324 4968 Ullr.
3347 4949 3366 4977 ,

1783 4985 1914 5045 Hazc
1942 4993 2101 5061 fuisse
2122 5001 2312 5061 tamen.

1859 5052 1953 5116 1οῘ
1982 5060 2066 5114 Ea:
2092 5059 2282 5136 indicio
2309 5063 2357 5110 et
2390 5055 2692 5136 conjectura
2718 5054 2972 5128 lapidum.
3007 5053 3151 5136 Ben.
3171 5067 3264 5107 vttt
3291 5052 3368 5136 le-

1782 5133 1958 5200 gimus
1988 5146 2167 5184 arcam
2193 5127 2310 5200 Noe
2340 5122 2669 5200 requievisse
2696 5122 2862 5200 super
2883 5133 3095 5179 montes
3117 5122 3366 5200 Ararath,

1784 5192 1836 5256 id
1866 5211 1951 5258 est
1980 5199 2275 5260 Armenite,
2310 5192 2670 5260 ubi,'auctore
2694 5192 3040 5265 Hieronymo,
3072 5208 3242 5263 usque
3263 5192 3364 5265 ho-

1783 5274 1873 5327 die
1901 5273 2020 5339 ejus
2051 5277 2369 5341 permanent
2397 5267 2638 5341 vestigia.
2660 5261 3003 5341 ‘DeArarath
3034 5261 3173 5341 idem
3203 5261 3369 5341 unde-

1780 5334 1946 5397 cinio'
1971 5334 2500 5394 Commentariorum
2539 5334 2603 5390 'iu
2657 5337 2888 5392 Esaiam.
2920 5335 3193 5405 loscphus
3221 5334 3314 5388 lib.
3353 5347 3370 5388 t

1781 5411 2045 5480 Antiquit.
2072 5409 2279 5475 scribit,
2313 5411 2579 5461 Armenos
2605 5408 2746 5474 loco,
2780 5409 2831 5461 iu
2850 5422 2970 5480 quo
3001 5406 3206 5480 Noe_ex
3239 5419 3363 5458 arca

1781 5475 2032 5552 egressus
2070 5489 2174 5546 est,
2208 5480 2573 5552 o'zrroSwtn'ptou
2597 5494 2792 5552 nomen
2841 5475 3056 5552 fecisse.
3099 5475 3265 5552 Esau.
3296 5504 3367 5514 —-

1781 5545 1864 5606 Eli;
1881 5551 2087 5624 judicio
2117 5567 2143 5604 e
2184 5545 2484 5624 collectura.
2520 5549 2758 5624 Sielego
2785 5565 2851 5604 ex
2886 5549 2990 5604 fide
3019 5545 3364 5624 cocl._Colon.

1782 5615 1900 5678 ηοιῖ
1916 5626 2236 5694 conjectura.
2286 5620 2458 5694 Laur.
2481 5648 2555 5694 —_
2581 5615 2922 5694 Nihilmuto,
2950 5615 3366 5694 quamvis-indu

1779 5696 1858 5748 cio
1874 5684 2087 5774 quoque
2103 5699 2281 5749 exstat
2304 5693 2357 5747 in
2375 5689 2506 5746 edit.
2530 5691 2668 5764 Aug.
2688 5691 2806 5749 Mos
2833 5684 2982 5748 Ullri
2998 5697 3043 5743 et
3070 5684 3278 5743 conchis
3317 5693 3365 5737 ct

1783 5775 1983 5820 ostreis.
