  <div class='ocr_page' id='page_1' title='image "/cluster/home/n/w/nwhite01/storage/ocr_20150623/31/uva.x000826569/368.png"; bbox 0 0 3908 6264; ppageno 0'>
   <div class='ocr_carea' id='block_1_1' title="bbox 123 223 205 281">
    <p class='ocr_par' dir='ltr' id='par_1_1' title="bbox 123 223 205 281">
     <span class='ocr_line' id='line_1_1' title="bbox 123 223 205 281; baseline -0.012 0"><span class='ocrx_word' id='word_1_1' title='bbox 123 223 205 281; x_wconf 60' lang='lat' dir='ltr'><strong>ﬁl</strong></span> 
     </span>
    </p>
   </div>
   <div class='ocr_carea' id='block_1_2' title="bbox 1165 225 2343 288">
    <p class='ocr_par' dir='ltr' id='par_1_2' title="bbox 1165 225 2343 288">
     <span class='ocr_line' id='line_1_2' title="bbox 1165 225 2343 288; baseline 0.005 -6"><span class='ocrx_word' id='word_1_2' title='bbox 1165 225 1641 288; x_wconf 76' lang='lat' dir='ltr'><strong>IIISTORIARUM</strong></span> <span class='ocrx_word' id='word_1_3' title='bbox 1681 225 1887 286; x_wconf 79' lang='lat' dir='ltr'><strong>LIBER</strong></span> <span class='ocrx_word' id='word_1_4' title='bbox 1925 230 1967 287; x_wconf 92' lang='lat' dir='ltr'><strong>l.</strong></span> <span class='ocrx_word' id='word_1_5' title='bbox 2008 230 2162 288; x_wconf 85' lang='lat' dir='ltr'><strong>CAP.</strong></span> <span class='ocrx_word' id='word_1_6' title='bbox 2203 231 2343 288; x_wconf 84' lang='lat' dir='ltr'>XIII.</span> 
     </span>
    </p>
   </div>
   <div class='ocr_carea' id='block_1_3' title="bbox 3301 239 3407 295">
    <p class='ocr_par' dir='ltr' id='par_1_3' title="bbox 3301 239 3407 295">
     <span class='ocr_line' id='line_1_3' title="bbox 3301 239 3407 295; baseline -0.009 -1"><span class='ocrx_word' id='word_1_7' title='bbox 3301 239 3407 295; x_wconf 72' lang='lat'><strong>7&#39;22</strong></span> 
     </span>
    </p>
   </div>
   <div class='ocr_carea' id='block_1_4' title="bbox 126 337 3403 424">
    <p class='ocr_par' dir='ltr' id='par_1_4' title="bbox 126 337 3403 424">
     <span class='ocr_line' id='line_1_4' title="bbox 126 337 3403 424; baseline 0.004 -29"><span class='ocrx_word' id='word_1_8' title='bbox 126 341 318 407; x_wconf 88' lang='lat' dir='ltr'><strong>occidit,</strong></span> <span class='ocrx_word' id='word_1_9' title='bbox 344 348 499 412; x_wconf 89' lang='lat' dir='ltr'><strong>pater</strong></span> <span class='ocrx_word' id='word_1_10' title='bbox 521 338 785 396; x_wconf 97' lang='lat' dir='ltr'><strong>comedit.</strong></span> <span class='ocrx_word' id='word_1_11' title='bbox 812 337 1063 396; x_wconf 67' lang='lat' dir='ltr'><strong>&quot;Iisdem</strong></span> <span class='ocrx_word' id='word_1_12' title='bbox 1093 343 1432 413; x_wconf 90' lang='lat' dir='ltr'><strong>temporibus</strong></span> <span class='ocrx_word' id='word_1_13' title='bbox 1461 345 1694 400; x_wconf 87' lang='lat' dir='ltr'><strong>Perseus</strong></span> <span class='ocrx_word' id='word_1_14' title='bbox 1722 346 1776 410; x_wconf 72' lang='grc' dir='ltr'>Α</span> <span class='ocrx_word' id='word_1_15' title='bbox 1801 343 1923 399; x_wconf 90' lang='lat' dir='ltr'><strong>liari</strong></span> <span class='ocrx_word' id='word_1_16' title='bbox 1948 344 2221 400; x_wconf 89' lang='lat' dir='ltr'><strong>lenocinio</strong></span> <span class='ocrx_word' id='word_1_17' title='bbox 2242 360 2610 417; x_wconf 72' lang='lat' dir='ltr'><strong>prteparasse,</strong></span> <span class='ocrx_word' id='word_1_18' title='bbox 2634 349 2728 420; x_wconf 85' lang='lat' dir='ltr'><strong>qui</strong></span> <span class='ocrx_word' id='word_1_19' title='bbox 2766 349 2942 422; x_wconf 85' lang='lat' dir='ltr'><strong>ipsum</strong></span> <span class='ocrx_word' id='word_1_20' title='bbox 2973 365 3194 424; x_wconf 91' lang='lat' dir='ltr'><strong>quoque</strong></span> <span class='ocrx_word' id='word_1_21' title='bbox 3230 353 3403 408; x_wconf 89' lang='lat' dir='ltr'><strong>filium</strong></span> 
     </span>
    </p>
   </div>
   <div class='ocr_carea' id='block_1_5' title="bbox 124 430 1697 500">
    <p class='ocr_par' dir='ltr' id='par_1_5' title="bbox 124 430 1697 500">
     <span class='ocr_line' id='line_1_5' title="bbox 124 430 1697 500; baseline 0.002 -13"><span class='ocrx_word' id='word_1_22' title='bbox 124 432 360 489; x_wconf 62' lang='lat' dir='ltr'><strong>aGr-xcia</strong></span> <span class='ocrx_word' id='word_1_23' title='bbox 387 434 444 488; x_wconf 89' lang='lat' dir='ltr'><strong>in</strong></span> <span class='ocrx_word' id='word_1_24' title='bbox 469 430 666 488; x_wconf 82' lang='lat' dir='ltr'><strong>Asiam</strong></span> <span class='ocrx_word' id='word_1_25' title='bbox 696 438 738 470; x_wconf 75' lang='grc' dir='ltr'><strong><em>ιι</em></strong></span> <span class='ocrx_word' id='word_1_26' title='bbox 767 440 1108 487; x_wconf 91' lang='lat' dir='ltr'><strong>transvectus</strong></span> <span class='ocrx_word' id='word_1_27' title='bbox 1135 443 1240 500; x_wconf 86' lang='lat' dir='ltr'><strong>est,</strong></span> <span class='ocrx_word' id='word_1_28' title='bbox 1300 434 1375 488; x_wconf 86' lang='lat' dir='ltr'><strong>ibi</strong></span> <span class='ocrx_word' id='word_1_29' title='bbox 1433 435 1697 490; x_wconf 86' lang='lat' dir='ltr'><strong>barbaras</strong></span> 
     </span>
    </p>
   </div>
   <div class='ocr_carea' id='block_1_6' title="bbox 126 524 1730 594">
    <p class='ocr_par' dir='ltr' id='par_1_6' title="bbox 126 524 1730 594">
     <span class='ocr_line' id='line_1_6' title="bbox 126 524 1730 594; baseline 0.002 -14"><span class='ocrx_word' id='word_1_30' title='bbox 126 534 293 594; x_wconf 87' lang='lat' dir='ltr'><strong>gentes</strong></span> <span class='ocrx_word' id='word_1_31' title='bbox 319 525 468 594; x_wconf 80' lang='lat' dir='ltr'><strong>gravi</strong></span> <span class='ocrx_word' id='word_1_32' title='bbox 486 524 859 594; x_wconf 84' lang='lat' dir='ltr'><strong>diuturnoque</strong></span> <span class='ocrx_word' id='word_1_33' title='bbox 881 524 1027 581; x_wconf 88' lang='lat' dir='ltr'><strong>bello</strong></span> <span class='ocrx_word' id='word_1_34' title='bbox 1058 524 1290 594; x_wconf 82' lang='lat' dir='ltr'><strong>domuit,</strong></span> <span class='ocrx_word' id='word_1_35' title='bbox 1315 536 1365 580; x_wconf 94' lang='lat' dir='ltr'><strong>et</strong></span> <span class='ocrx_word' id='word_1_36' title='bbox 1401 527 1697 583; x_wconf 84' lang='lat' dir='ltr'><strong>novissime</strong></span> <span class='ocrx_word' id='word_1_37' title='bbox 1727 548 1730 550; x_wconf 55' lang='grc' dir='ltr'><strong><em>τ</em></strong></span> 
     </span>
    </p>
   </div>
   <div class='ocr_carea' id='block_1_7' title="bbox 126 617 1699 689">
    <p class='ocr_par' dir='ltr' id='par_1_7' title="bbox 126 617 1699 689">
     <span class='ocr_line' id='line_1_7' title="bbox 126 617 1699 689; baseline 0.004 -19"><span class='ocrx_word' id='word_1_38' title='bbox 126 620 280 674; x_wconf 73' lang='lat' dir='ltr'><strong>victor</strong></span> <span class='ocrx_word' id='word_1_39' title='bbox 304 633 500 673; x_wconf 86' lang='lat' dir='ltr'><strong>nomen</strong></span> <span class='ocrx_word' id='word_1_40' title='bbox 547 618 804 687; x_wconf 67' lang='lat' dir='ltr'><strong>subjecta:</strong></span> <span class='ocrx_word' id='word_1_41' title='bbox 831 619 982 689; x_wconf 91' lang='lat' dir='ltr'><strong>genti</strong></span> <span class='ocrx_word' id='word_1_42' title='bbox 1012 617 1163 674; x_wconf 84' lang='lat' dir='ltr'><strong>dedit</strong></span> <span class='ocrx_word' id='word_1_43' title='bbox 1194 636 1209 675; x_wconf 86' lang='lat'><strong>:</strong></span> <span class='ocrx_word' id='word_1_44' title='bbox 1240 633 1363 674; x_wconf 90' lang='lat' dir='ltr'><strong>nam</strong></span> <span class='ocrx_word' id='word_1_45' title='bbox 1413 636 1440 673; x_wconf 88' lang='lat' dir='ltr'><strong>a</strong></span> <span class='ocrx_word' id='word_1_46' title='bbox 1496 618 1699 676; x_wconf 88' lang='lat' dir='ltr'><strong>Perseo</strong></span> 
     </span>
    </p>
   </div>
   <div class='ocr_carea' id='block_1_8' title="bbox 126 713 750 769">
    <p class='ocr_par' dir='ltr' id='par_1_8' title="bbox 126 713 750 769">
     <span class='ocr_line' id='line_1_8' title="bbox 126 713 750 769; baseline -0.002 -2"><span class='ocrx_word' id='word_1_47' title='bbox 126 713 285 769; x_wconf 80' lang='lat' dir='ltr'><strong>Persa:</strong></span> <span class='ocrx_word' id='word_1_48' title='bbox 314 721 354 750; x_wconf 77' lang='grc' dir='ltr'><strong>ι’</strong></span> <span class='ocrx_word' id='word_1_49' title='bbox 382 720 512 768; x_wconf 87' lang='lat' dir='ltr'><strong>sunt</strong></span> <span class='ocrx_word' id='word_1_50' title='bbox 552 713 750 767; x_wconf 82' lang='lat' dir='ltr'><strong>vocati.</strong></span> 
     </span>
    </p>
   </div>
   <div class='ocr_carea' id='block_1_9' title="bbox 705 807 1092 865">
    <p class='ocr_par' dir='ltr' id='par_1_9' title="bbox 705 807 1092 865">
     <span class='ocr_line' id='line_1_9' title="bbox 705 807 1092 865; baseline 0 -3"><span class='ocrx_word' id='word_1_51' title='bbox 705 807 933 865; x_wconf 80' lang='lat' dir='ltr'><strong>CAPUT</strong></span> <span class='ocrx_word' id='word_1_52' title='bbox 973 807 1092 864; x_wconf 78' lang='lat' dir='ltr'>XII.</span> 
     </span>
    </p>
   </div>
   <div class='ocr_carea' id='block_1_10' title="bbox 171 902 1643 976">
    <p class='ocr_par' dir='ltr' id='par_1_10' title="bbox 171 902 1643 976">
     <span class='ocr_line' id='line_1_10' title="bbox 171 902 1643 976; baseline -0.001 -19"><span class='ocrx_word' id='word_1_53' title='bbox 171 902 430 976; x_wconf 81' lang='lat' dir='ltr'><strong>Congeries</strong></span> <span class='ocrx_word' id='word_1_54' title='bbox 461 902 745 956; x_wconf 83' lang='lat' dir='ltr'><strong>umltorum</strong></span> <span class='ocrx_word' id='word_1_55' title='bbox 767 903 1064 972; x_wconf 77' lang='lat' dir='ltr'><strong>facinorum</strong></span> <span class='ocrx_word' id='word_1_56' title='bbox 1096 918 1189 974; x_wconf 84' lang='lat' dir='ltr'><strong>per</strong></span> <span class='ocrx_word' id='word_1_57' title='bbox 1218 903 1643 974; x_wconf 61' lang='lat' dir='ltr'><strong>prateritionem.</strong></span> 
     </span>
    </p>
   </div>
   <div class='ocr_carea' id='block_1_11' title="bbox 181 995 1702 1066">
    <p class='ocr_par' dir='ltr' id='par_1_11' title="bbox 181 995 1702 1066">
     <span class='ocr_line' id='line_1_11' title="bbox 181 995 1702 1066; baseline 0 -14"><span class='ocrx_word' id='word_1_58' title='bbox 181 1000 245 1052; x_wconf 86' lang='lat' dir='ltr'><strong>At</strong></span> <span class='ocrx_word' id='word_1_59' title='bbox 271 1011 367 1064; x_wconf 79' lang='lat' dir='ltr'><strong>ego</strong></span> <span class='ocrx_word' id='word_1_60' title='bbox 398 1012 548 1050; x_wconf 89' lang='lat' dir='ltr'><strong>nunc</strong></span> <span class='ocrx_word' id='word_1_61' title='bbox 578 1010 745 1066; x_wconf 87' lang='lat' dir='ltr'><strong>cogor</strong></span> <span class='ocrx_word' id='word_1_62' title='bbox 799 995 962 1051; x_wconf 89' lang='lat' dir='ltr'><strong>fateri</strong></span> <span class='ocrx_word' id='word_1_63' title='bbox 1013 1011 1102 1052; x_wconf 89' lang='lat' dir='ltr'><strong>me</strong></span> <span class='ocrx_word' id='word_1_64' title='bbox 1153 995 1525 1066; x_wconf 83' lang='lat' dir='ltr'><strong>prospiciendi</strong></span> <span class='ocrx_word' id='word_1_65' title='bbox 1577 996 1702 1052; x_wconf 92' lang='lat' dir='ltr'><strong>finis</strong></span> 
     </span>
    </p>
   </div>
   <div class='ocr_carea' id='block_1_12' title="bbox 121 1088 1700 1144">
    <p class='ocr_par' dir='ltr' id='par_1_12' title="bbox 121 1088 1700 1144">
     <span class='ocr_line' id='line_1_12' title="bbox 121 1088 1700 1144; baseline -0.001 0"><span class='ocrx_word' id='word_1_66' title='bbox 121 1089 382 1144; x_wconf 85' lang='lat' dir='ltr'><strong>commodo</strong></span> <span class='ocrx_word' id='word_1_67' title='bbox 409 1089 479 1144; x_wconf 92' lang='lat' dir='ltr'><strong>de</strong></span> <span class='ocrx_word' id='word_1_68' title='bbox 522 1097 665 1142; x_wconf 89' lang='lat' dir='ltr'><strong>tanta</strong></span> <span class='ocrx_word' id='word_1_69' title='bbox 725 1088 994 1143; x_wconf 83' lang='lat' dir='ltr'><strong>malorum</strong></span> <span class='ocrx_word' id='word_1_70' title='bbox 1040 1089 1223 1143; x_wconf 69' lang='lat' dir='ltr'><strong>surculi</strong></span> <span class='ocrx_word' id='word_1_71' title='bbox 1283 1088 1700 1144; x_wconf 85' lang='lat' dir='ltr'><strong>circumstantia</strong></span> 
     </span>
    </p>
   </div>
   <div class='ocr_carea' id='block_1_13' title="bbox 121 1179 1700 1254">
    <p class='ocr_par' dir='ltr' id='par_1_13' title="bbox 121 1179 1700 1254">
     <span class='ocr_line' id='line_1_13' title="bbox 121 1179 1700 1254; baseline -0.001 -18"><span class='ocrx_word' id='word_1_72' title='bbox 121 1180 380 1254; x_wconf 58' lang='lat' dir='ltr'><strong>praeterire</strong></span> <span class='ocrx_word' id='word_1_73' title='bbox 410 1181 664 1250; x_wconf 90' lang='lat' dir='ltr'><strong>plurima,</strong></span> <span class='ocrx_word' id='word_1_74' title='bbox 685 1189 876 1236; x_wconf 87' lang='lat' dir='ltr'><strong>cuncta</strong></span> <span class='ocrx_word' id='word_1_75' title='bbox 902 1180 1168 1236; x_wconf 88' lang='lat' dir='ltr'><strong>breviare.</strong></span> <span class='ocrx_word' id='word_1_76' title='bbox 1193 1179 1543 1250; x_wconf 83' lang='lat' dir='ltr'><strong>Nequaquam</strong></span> <span class='ocrx_word' id='word_1_77' title='bbox 1557 1181 1700 1235; x_wconf 90' lang='lat' dir='ltr'><strong>enim</strong></span> 
     </span>
    </p>
   </div>
   <div class='ocr_carea' id='block_1_14' title="bbox 123 1272 1698 1343">
    <p class='ocr_par' dir='ltr' id='par_1_14' title="bbox 123 1272 1698 1343">
     <span class='ocr_line' id='line_1_14' title="bbox 123 1272 1698 1343; baseline 0 -15"><span class='ocrx_word' id='word_1_78' title='bbox 123 1285 213 1329; x_wconf 77' lang='lat' dir='ltr'><strong>tam</strong></span> <span class='ocrx_word' id='word_1_79' title='bbox 245 1275 466 1330; x_wconf 88' lang='lat' dir='ltr'><strong>densam</strong></span> <span class='ocrx_word' id='word_1_80' title='bbox 517 1273 805 1342; x_wconf 86' lang='lat' dir='ltr'><strong>aliquando</strong></span> <span class='ocrx_word' id='word_1_81' title='bbox 836 1273 1034 1328; x_wconf 88' lang='lat' dir='ltr'><strong>silvam</strong></span> <span class='ocrx_word' id='word_1_82' title='bbox 1077 1272 1427 1342; x_wconf 76' lang='lat' dir='ltr'><strong>przetergredi</strong></span> <span class='ocrx_word' id='word_1_83' title='bbox 1460 1287 1698 1343; x_wconf 91' lang='lat' dir='ltr'><strong>possem,</strong></span> 
     </span>
    </p>
   </div>
   <div class='ocr_carea' id='block_1_15' title="bbox 121 1363 1701 1421">
    <p class='ocr_par' dir='ltr' id='par_1_15' title="bbox 121 1363 1701 1421">
     <span class='ocr_line' id='line_1_15' title="bbox 121 1363 1701 1421; baseline -0.001 -1"><span class='ocrx_word' id='word_1_84' title='bbox 121 1366 205 1420; x_wconf 88' lang='lat' dir='ltr'><strong>nisi</strong></span> <span class='ocrx_word' id='word_1_85' title='bbox 223 1366 377 1421; x_wconf 88' lang='lat' dir='ltr'><strong>etiam</strong></span> <span class='ocrx_word' id='word_1_86' title='bbox 407 1365 617 1421; x_wconf 91' lang='lat' dir='ltr'><strong>crebris</strong></span> <span class='ocrx_word' id='word_1_87' title='bbox 635 1363 912 1419; x_wconf 80' lang='lat' dir='ltr'><strong>interdum</strong></span> <span class='ocrx_word' id='word_1_88' title='bbox 941 1363 1173 1418; x_wconf 88' lang='lat' dir='ltr'><strong>saltibus</strong></span> <span class='ocrx_word' id='word_1_89' title='bbox 1186 1364 1550 1419; x_wconf 86' lang='lat' dir='ltr'><strong>subvolarem.</strong></span> <span class='ocrx_word' id='word_1_90' title='bbox 1566 1363 1701 1419; x_wconf 81' lang='lat' dir='ltr'><strong>Nam</strong></span> 
     </span>
    </p>
   </div>
   <div class='ocr_carea' id='block_1_16' title="bbox 119 1457 1704 1530">
    <p class='ocr_par' dir='ltr' id='par_1_16' title="bbox 119 1457 1704 1530">
     <span class='ocr_line' id='line_1_16' title="bbox 119 1457 1704 1530; baseline -0.001 -17"><span class='ocrx_word' id='word_1_91' title='bbox 119 1472 223 1514; x_wconf 85' lang='lat' dir='ltr'><strong>eum</strong></span> <span class='ocrx_word' id='word_1_92' title='bbox 249 1475 473 1529; x_wconf 83' lang='lat' dir='ltr'><strong>regnum</strong></span> <span class='ocrx_word' id='word_1_93' title='bbox 505 1458 849 1530; x_wconf 84' lang='lat' dir='ltr'><strong>Assyriorum</strong></span> <span class='ocrx_word' id='word_1_94' title='bbox 881 1472 978 1527; x_wconf 87' lang='lat' dir='ltr'><strong>per</strong></span> <span class='ocrx_word' id='word_1_95' title='bbox 1027 1472 1167 1512; x_wconf 71' lang='lat' dir='ltr'><strong>neu</strong></span> <span class='ocrx_word' id='word_1_96' title='bbox 1215 1473 1386 1513; x_wconf 89' lang='lat' dir='ltr'><strong>annos</strong></span> <span class='ocrx_word' id='word_1_97' title='bbox 1428 1473 1596 1529; x_wconf 83' lang='lat' dir='ltr'><strong>usque</strong></span> <span class='ocrx_word' id='word_1_98' title='bbox 1637 1457 1704 1513; x_wconf 90' lang='lat' dir='ltr'><strong>ad</strong></span> 
     </span>
    </p>
   </div>
   <div class='ocr_carea' id='block_1_17' title="bbox 119 1548 1706 1621">
    <p class='ocr_par' dir='ltr' id='par_1_17' title="bbox 119 1548 1706 1621">
     <span class='ocr_line' id='line_1_17' title="bbox 119 1548 1706 1621; baseline -0.001 -15"><span class='ocrx_word' id='word_1_99' title='bbox 119 1549 662 1620; x_wconf 82' lang='lat' dir='ltr'><strong>Sardanapalum,per</strong></span> <span class='ocrx_word' id='word_1_100' title='bbox 686 1549 1072 1620; x_wconf 80' lang='lat' dir='ltr'><strong>quinquaginta</strong></span> <span class='ocrx_word' id='word_1_101' title='bbox 1109 1548 1501 1620; x_wconf 85' lang='lat' dir='ltr'><strong>propemodum</strong></span> <span class='ocrx_word' id='word_1_102' title='bbox 1549 1564 1706 1621; x_wconf 86' lang='lat' dir='ltr'><strong>reges</strong></span> 
     </span>
    </p>
   </div>
   <div class='ocr_carea' id='block_1_18' title="bbox 119 1640 1709 1713">
    <p class='ocr_par' dir='ltr' id='par_1_18' title="bbox 119 1640 1709 1713">
     <span class='ocr_line' id='line_1_18' title="bbox 119 1640 1709 1713; baseline 0.001 -17"><span class='ocrx_word' id='word_1_103' title='bbox 119 1652 275 1699; x_wconf 82' lang='lat' dir='ltr'><strong>actum</strong></span> <span class='ocrx_word' id='word_1_104' title='bbox 303 1644 396 1707; x_wconf 90' lang='lat' dir='ltr'><strong>sit,</strong></span> <span class='ocrx_word' id='word_1_105' title='bbox 428 1651 486 1698; x_wconf 91' lang='lat' dir='ltr'><strong>et</strong></span> <span class='ocrx_word' id='word_1_106' title='bbox 515 1657 810 1712; x_wconf 88' lang='lat' dir='ltr'><strong>numquam</strong></span> <span class='ocrx_word' id='word_1_107' title='bbox 839 1657 982 1713; x_wconf 89' lang='lat' dir='ltr'><strong>pene</strong></span> <span class='ocrx_word' id='word_1_108' title='bbox 1012 1641 1097 1696; x_wconf 85' lang='lat' dir='ltr'><strong>vel</strong></span> <span class='ocrx_word' id='word_1_109' title='bbox 1123 1640 1422 1698; x_wconf 81' lang='lat' dir='ltr'><strong>inferendis</strong></span> <span class='ocrx_word' id='word_1_110' title='bbox 1449 1642 1534 1698; x_wconf 82' lang='lat' dir='ltr'><strong>vel</strong></span> <span class='ocrx_word' id='word_1_111' title='bbox 1562 1643 1709 1698; x_wconf 82' lang='lat' dir='ltr'><strong>exei-</strong></span> 
     </span>
    </p>
   </div>
   <div class='ocr_carea' id='block_1_19' title="bbox 1800 436 3404 514">
    <p class='ocr_par' dir='ltr' id='par_1_19' title="bbox 1800 436 3404 514">
     <span class='ocr_line' id='line_1_19' title="bbox 1800 436 3404 514; baseline 0.005 -22"><span class='ocrx_word' id='word_1_112' title='bbox 1800 436 2057 509; x_wconf 88' lang='lat' dir='ltr'><strong>Pelopem</strong></span> <span class='ocrx_word' id='word_1_113' title='bbox 2079 440 2256 506; x_wconf 89' lang='lat' dir='ltr'><strong>epulis</strong></span> <span class='ocrx_word' id='word_1_114' title='bbox 2279 439 2398 509; x_wconf 87' lang='lat' dir='ltr'><strong>ejus</strong></span> <span class='ocrx_word' id='word_1_115' title='bbox 2430 455 2536 496; x_wconf 92' lang='lat' dir='ltr'><strong>non</strong></span> <span class='ocrx_word' id='word_1_116' title='bbox 2570 441 2831 498; x_wconf 91' lang='lat' dir='ltr'><strong>dubitarit</strong></span> <span class='ocrx_word' id='word_1_117' title='bbox 2852 444 3188 514; x_wconf 87' lang='lat' dir='ltr'><strong>impendere.</strong></span> <span class='ocrx_word' id='word_1_118' title='bbox 3213 445 3404 500; x_wconf 71' lang='lat' dir='ltr'><strong>Taedet</strong></span> 
     </span>
    </p>
   </div>
   <div class='ocr_carea' id='block_1_20' title="bbox 1800 529 3406 608">
    <p class='ocr_par' dir='ltr' id='par_1_20' title="bbox 1800 529 3406 608">
     <span class='ocr_line' id='line_1_20' title="bbox 1800 529 3406 608; baseline 0.002 -21"><span class='ocrx_word' id='word_1_119' title='bbox 1800 529 1968 587; x_wconf 89' lang='lat' dir='ltr'><strong>etiam</strong></span> <span class='ocrx_word' id='word_1_120' title='bbox 2012 533 2186 602; x_wconf 89' lang='lat' dir='ltr'><strong>ipsius</strong></span> <span class='ocrx_word' id='word_1_121' title='bbox 2216 531 2436 603; x_wconf 85' lang='lat' dir='ltr'><strong>Pe10pis</strong></span> <span class='ocrx_word' id='word_1_122' title='bbox 2479 545 2672 589; x_wconf 91' lang='lat' dir='ltr'><strong>contra</strong></span> <span class='ocrx_word' id='word_1_123' title='bbox 2716 535 3029 591; x_wconf 87' lang='lat' dir='ltr'><strong>Dardanum</strong></span> <span class='ocrx_word' id='word_1_124' title='bbox 3069 546 3236 608; x_wconf 89' lang='lat' dir='ltr'><strong>atque</strong></span> <span class='ocrx_word' id='word_1_125' title='bbox 3263 536 3406 592; x_wconf 87' lang='lat' dir='ltr'><strong>Tro-</strong></span> 
     </span>
    </p>
   </div>
   <div class='ocr_carea' id='block_1_21' title="bbox 1798 623 3402 701">
    <p class='ocr_par' dir='ltr' id='par_1_21' title="bbox 1798 623 3402 701">
     <span class='ocr_line' id='line_1_21' title="bbox 1798 623 3402 701; baseline 0.005 -23"><span class='ocrx_word' id='word_1_126' title='bbox 1798 623 1982 694; x_wconf 87' lang='lat' dir='ltr'><strong>janos,</strong></span> <span class='ocrx_word' id='word_1_127' title='bbox 2026 626 2334 694; x_wconf 89' lang='lat' dir='ltr'><strong>quamlibet</strong></span> <span class='ocrx_word' id='word_1_128' title='bbox 2377 642 2575 698; x_wconf 87' lang='lat' dir='ltr'><strong>magna</strong></span> <span class='ocrx_word' id='word_1_129' title='bbox 2622 628 2831 685; x_wconf 87' lang='lat' dir='ltr'><strong>referre</strong></span> <span class='ocrx_word' id='word_1_130' title='bbox 2867 630 3170 686; x_wconf 87' lang='lat' dir='ltr'><strong>certamina</strong></span> <span class='ocrx_word' id='word_1_131' title='bbox 3208 646 3402 701; x_wconf 76' lang='lat' dir='ltr'><strong>:quue,</strong></span> 
     </span>
    </p>
   </div>
   <div class='ocr_carea' id='block_1_22' title="bbox 1801 715 3404 792">
    <p class='ocr_par' dir='ltr' id='par_1_22' title="bbox 1801 715 3404 792">
     <span class='ocr_line' id='line_1_22' title="bbox 1801 715 3404 792; baseline 0.006 -25"><span class='ocrx_word' id='word_1_132' title='bbox 1801 715 1926 784; x_wconf 90' lang='lat' dir='ltr'><strong>quia</strong></span> <span class='ocrx_word' id='word_1_133' title='bbox 1955 716 2007 769; x_wconf 93' lang='lat' dir='ltr'><strong>in</strong></span> <span class='ocrx_word' id='word_1_134' title='bbox 2040 715 2240 771; x_wconf 91' lang='lat' dir='ltr'><strong>fabulis</strong></span> <span class='ocrx_word' id='word_1_135' title='bbox 2281 717 2550 773; x_wconf 88' lang='lat' dir='ltr'><strong>celebrari</strong></span> <span class='ocrx_word' id='word_1_136' title='bbox 2578 722 2598 752; x_wconf 71' lang='grc'>³</span> <span class='ocrx_word' id='word_1_137' title='bbox 2623 719 2789 774; x_wconf 87' lang='lat' dir='ltr'><strong>solita</strong></span> <span class='ocrx_word' id='word_1_138' title='bbox 2837 729 2999 788; x_wconf 91' lang='lat' dir='ltr'><strong>sunt,</strong></span> <span class='ocrx_word' id='word_1_139' title='bbox 3036 721 3404 792; x_wconf 86' lang='lat' dir='ltr'><strong>negligentius</strong></span> 
     </span>
    </p>
   </div>
   <div class='ocr_carea' id='block_1_23' title="bbox 1805 805 3401 882">
    <p class='ocr_par' dir='ltr' id='par_1_23' title="bbox 1805 805 3401 882">
     <span class='ocr_line' id='line_1_23' title="bbox 1805 805 3401 882; baseline 0.005 -22"><span class='ocrx_word' id='word_1_140' title='bbox 1805 806 1848 838; x_wconf 88' lang='grc'><strong>¹⁰</strong></span> <span class='ocrx_word' id='word_1_141' title='bbox 1873 806 2193 862; x_wconf 86' lang='lat' dir='ltr'><strong>audiuntur.</strong></span> <span class='ocrx_word' id='word_1_142' title='bbox 2229 805 2322 862; x_wconf 89' lang='lat' dir='ltr'><strong>Illa</strong></span> <span class='ocrx_word' id='word_1_143' title='bbox 2351 824 2574 879; x_wconf 90' lang='lat' dir='ltr'><strong>quoque</strong></span> <span class='ocrx_word' id='word_1_144' title='bbox 2606 810 2646 840; x_wconf 81' lang='lat'>“</span> <span class='ocrx_word' id='word_1_145' title='bbox 2682 818 2972 879; x_wconf 62' lang='lat' dir='ltr'><strong>praetereo,</strong></span> <span class='ocrx_word' id='word_1_146' title='bbox 3009 825 3130 882; x_wconf 78' lang='lat' dir='ltr'><strong>qute</strong></span> <span class='ocrx_word' id='word_1_147' title='bbox 3169 811 3237 867; x_wconf 91' lang='lat' dir='ltr'><strong>de</strong></span> <span class='ocrx_word' id='word_1_148' title='bbox 3263 811 3401 868; x_wconf 83' lang='lat' dir='ltr'><strong>Per-</strong></span> 
     </span>
    </p>
   </div>
   <div class='ocr_carea' id='block_1_24' title="bbox 1801 899 3405 973">
    <p class='ocr_par' dir='ltr' id='par_1_24' title="bbox 1801 899 3405 973">
     <span class='ocr_line' id='line_1_24' title="bbox 1801 899 3405 973; baseline 0.002 -19"><span class='ocrx_word' id='word_1_149' title='bbox 1801 913 1923 967; x_wconf 89' lang='lat' dir='ltr'><strong>seo,</strong></span> <span class='ocrx_word' id='word_1_150' title='bbox 1959 902 2002 931; x_wconf 80' lang='grc'>³³</span> <span class='ocrx_word' id='word_1_151' title='bbox 2027 899 2254 965; x_wconf 84' lang='lat' dir='ltr'><strong>Cadmo,</strong></span> <span class='ocrx_word' id='word_1_152' title='bbox 2279 899 2560 956; x_wconf 87' lang='lat' dir='ltr'><strong>Thebanis</strong></span> <span class='ocrx_word' id='word_1_153' title='bbox 2579 942 2594 966; x_wconf 90' lang='lat'><strong>,</strong></span> <span class='ocrx_word' id='word_1_154' title='bbox 2623 901 3017 973; x_wconf 89' lang='lat' dir='ltr'><strong>Spartanisque</strong></span> <span class='ocrx_word' id='word_1_155' title='bbox 3044 918 3141 973; x_wconf 86' lang='lat' dir='ltr'><strong>per</strong></span> <span class='ocrx_word' id='word_1_156' title='bbox 3177 903 3405 959; x_wconf 79' lang='lat' dir='ltr'><strong>inextri-</strong></span> 
     </span>
    </p>
   </div>
   <div class='ocr_carea' id='block_1_25' title="bbox 1802 992 3403 1062">
    <p class='ocr_par' dir='ltr' id='par_1_25' title="bbox 1802 992 3403 1062">
     <span class='ocr_line' id='line_1_25' title="bbox 1802 992 3403 1062; baseline 0.004 -15"><span class='ocrx_word' id='word_1_157' title='bbox 1802 992 2011 1048; x_wconf 88' lang='lat' dir='ltr'><strong>eabiles</strong></span> <span class='ocrx_word' id='word_1_158' title='bbox 2052 994 2448 1049; x_wconf 91' lang='lat' dir='ltr'><strong>alternantium</strong></span> <span class='ocrx_word' id='word_1_159' title='bbox 2501 994 2775 1050; x_wconf 89' lang='lat' dir='ltr'><strong>malorum</strong></span> <span class='ocrx_word' id='word_1_160' title='bbox 2822 995 2866 1027; x_wconf 77' lang='lat'>“</span> <span class='ocrx_word' id='word_1_161' title='bbox 2898 1011 3180 1062; x_wconf 88' lang='lat' dir='ltr'><strong>recursus,</strong></span> <span class='ocrx_word' id='word_1_162' title='bbox 3227 997 3403 1052; x_wconf 80' lang='lat' dir='ltr'><strong>Palae-</strong></span> 
     </span>
    </p>
   </div>
   <div class='ocr_carea' id='block_1_26' title="bbox 1804 1086 3450 1159">
    <p class='ocr_par' dir='ltr' id='par_1_26' title="bbox 1804 1086 3450 1159">
     <span class='ocr_line' id='line_1_26' title="bbox 1804 1086 3450 1159; baseline 0.002 -20"><span class='ocrx_word' id='word_1_163' title='bbox 1804 1086 1972 1157; x_wconf 89' lang='lat' dir='ltr'><strong>phato</strong></span> <span class='ocrx_word' id='word_1_164' title='bbox 1999 1087 2305 1154; x_wconf 78' lang='lat' dir='ltr'><strong>scribente,</strong></span> <span class='ocrx_word' id='word_1_165' title='bbox 2329 1086 2672 1142; x_wconf 90' lang='lat' dir='ltr'><strong>referuntur.</strong></span> <span class='ocrx_word' id='word_1_166' title='bbox 2706 1086 2887 1144; x_wconf 83' lang='lat' dir='ltr'><strong>Taceo</strong></span> <span class='ocrx_word' id='word_1_167' title='bbox 2917 1087 3119 1159; x_wconf 83' lang='lat' dir='ltr'><strong>ﬂagitia</strong></span> <span class='ocrx_word' id='word_1_168' title='bbox 3150 1087 3407 1144; x_wconf 85' lang='lat' dir='ltr'><strong>Lemnia-</strong></span> <span class='ocrx_word' id='word_1_169' title='bbox 3443 1155 3450 1158; x_wconf 98' lang='lat'>_</span> 
     </span>
    </p>
   </div>
   <div class='ocr_carea' id='block_1_27' title="bbox 1807 1179 3404 1253">
    <p class='ocr_par' dir='ltr' id='par_1_27' title="bbox 1807 1179 3404 1253">
     <span class='ocr_line' id='line_1_27' title="bbox 1807 1179 3404 1253; baseline 0.001 -18"><span class='ocrx_word' id='word_1_170' title='bbox 1807 1179 1974 1248; x_wconf 90' lang='lat' dir='ltr'><strong>dum,</strong></span> <span class='ocrx_word' id='word_1_171' title='bbox 2033 1179 2399 1249; x_wconf 72' lang='lat' dir='ltr'><strong>praetermitto</strong></span> <span class='ocrx_word' id='word_1_172' title='bbox 2451 1179 2746 1236; x_wconf 81' lang='lat' dir='ltr'><strong>Pandionis</strong></span> <span class='ocrx_word' id='word_1_173' title='bbox 2799 1179 3214 1237; x_wconf 80' lang='lat' dir='ltr'><strong>Atheniensium</strong></span> <span class='ocrx_word' id='word_1_174' title='bbox 3260 1183 3404 1253; x_wconf 86' lang='lat' dir='ltr'><strong>regis</strong></span> 
     </span>
    </p>
   </div>
   <div class='ocr_carea' id='block_1_28' title="bbox 1805 1271 3403 1346">
    <p class='ocr_par' dir='ltr' id='par_1_28' title="bbox 1805 1271 3403 1346">
     <span class='ocr_line' id='line_1_28' title="bbox 1805 1271 3403 1346; baseline 0.004 -20"><span class='ocrx_word' id='word_1_175' title='bbox 1805 1271 1847 1303; x_wconf 76' lang='lat'>“</span> <span class='ocrx_word' id='word_1_176' title='bbox 1879 1272 2120 1327; x_wconf 82' lang='lat' dir='ltr'><strong>ﬂebilem</strong></span> <span class='ocrx_word' id='word_1_177' title='bbox 2173 1272 2389 1343; x_wconf 88' lang='lat' dir='ltr'><strong>fugam;</strong></span> <span class='ocrx_word' id='word_1_178' title='bbox 2427 1273 2584 1329; x_wconf 89' lang='lat' dir='ltr'><strong>Atrei</strong></span> <span class='ocrx_word' id='word_1_179' title='bbox 2628 1283 2683 1329; x_wconf 91' lang='lat' dir='ltr'><strong>et</strong></span> <span class='ocrx_word' id='word_1_180' title='bbox 2730 1273 2988 1345; x_wconf 86' lang='lat' dir='ltr'><strong>Thyestis</strong></span> <span class='ocrx_word' id='word_1_181' title='bbox 3028 1275 3176 1340; x_wconf 91' lang='lat' dir='ltr'><strong>odia,</strong></span> <span class='ocrx_word' id='word_1_182' title='bbox 3211 1284 3403 1346; x_wconf 87' lang='lat' dir='ltr'><strong>stupra</strong></span> 
     </span>
    </p>
   </div>
   <div class='ocr_carea' id='block_1_29' title="bbox 1808 1365 3400 1439">
    <p class='ocr_par' dir='ltr' id='par_1_29' title="bbox 1808 1365 3400 1439">
     <span class='ocr_line' id='line_1_29' title="bbox 1808 1365 3400 1439; baseline 0.003 -20"><span class='ocrx_word' id='word_1_183' title='bbox 1808 1365 1853 1396; x_wconf 80' lang='lat'><strong>“</strong></span> <span class='ocrx_word' id='word_1_184' title='bbox 1901 1375 1956 1420; x_wconf 92' lang='lat' dir='ltr'><strong>et</strong></span> <span class='ocrx_word' id='word_1_185' title='bbox 2005 1367 2319 1435; x_wconf 88' lang='lat' dir='ltr'><strong>parricidia,</strong></span> <span class='ocrx_word' id='word_1_186' title='bbox 2367 1368 2509 1422; x_wconf 60' lang='lat' dir='ltr'><strong>caelo</strong></span> <span class='ocrx_word' id='word_1_187' title='bbox 2555 1382 2775 1439; x_wconf 88' lang='lat' dir='ltr'><strong>quoque</strong></span> <span class='ocrx_word' id='word_1_188' title='bbox 2831 1369 3034 1436; x_wconf 88' lang='lat' dir='ltr'><strong>invisa,</strong></span> <span class='ocrx_word' id='word_1_189' title='bbox 3089 1370 3400 1426; x_wconf 91' lang='lat' dir='ltr'><strong>dissimulo.</strong></span> 
     </span>
    </p>
   </div>
   <div class='ocr_carea' id='block_1_30' title="bbox 1807 1455 3405 1529">
    <p class='ocr_par' dir='ltr' id='par_1_30' title="bbox 1807 1455 3405 1529">
     <span class='ocr_line' id='line_1_30' title="bbox 1807 1455 3405 1529; baseline 0.004 -17"><span class='ocrx_word' id='word_1_190' title='bbox 1807 1455 2016 1512; x_wconf 90' lang='lat' dir='ltr'><strong>Omitto</strong></span> <span class='ocrx_word' id='word_1_191' title='bbox 2040 1457 2375 1529; x_wconf 79' lang='lat' dir='ltr'><strong>“OEdipum</strong></span> <span class='ocrx_word' id='word_1_192' title='bbox 2408 1459 2814 1515; x_wconf 84' lang='lat' dir='ltr'><strong>interfectorem</strong></span> <span class='ocrx_word' id='word_1_193' title='bbox 2848 1462 3039 1529; x_wconf 85' lang='lat' dir='ltr'><strong>patris,</strong></span> <span class='ocrx_word' id='word_1_194' title='bbox 3064 1464 3258 1518; x_wconf 90' lang='lat' dir='ltr'><strong>matris</strong></span> <span class='ocrx_word' id='word_1_195' title='bbox 3289 1479 3405 1518; x_wconf 85' lang='lat' dir='ltr'><strong>ma-</strong></span> 
     </span>
    </p>
   </div>
   <div class='ocr_carea' id='block_1_31' title="bbox 1807 1550 3409 1619">
    <p class='ocr_par' dir='ltr' id='par_1_31' title="bbox 1807 1550 3409 1619">
     <span class='ocr_line' id='line_1_31' title="bbox 1807 1550 3409 1619; baseline 0.003 -15"><span class='ocrx_word' id='word_1_196' title='bbox 1807 1550 1996 1617; x_wconf 90' lang='lat' dir='ltr'><strong>ritum,</strong></span> <span class='ocrx_word' id='word_1_197' title='bbox 2031 1551 2272 1606; x_wconf 85' lang='lat' dir='ltr'><strong>filiorum</strong></span> <span class='ocrx_word' id='word_1_198' title='bbox 2301 1552 2547 1619; x_wconf 83' lang='lat' dir='ltr'><strong>fratrem,</strong></span> <span class='ocrx_word' id='word_1_199' title='bbox 2579 1553 2831 1607; x_wconf 85' lang='lat' dir='ltr'><strong>vitricum</strong></span> <span class='ocrx_word' id='word_1_200' title='bbox 2865 1568 3042 1608; x_wconf 89' lang='lat' dir='ltr'><strong>suum.</strong></span> <span class='ocrx_word' id='word_1_201' title='bbox 3070 1553 3228 1609; x_wconf 89' lang='lat' dir='ltr'><strong>Sileri</strong></span> <span class='ocrx_word' id='word_1_202' title='bbox 3263 1555 3409 1611; x_wconf 87' lang='lat' dir='ltr'><strong>malo</strong></span> 
     </span>
    </p>
   </div>
   <div class='ocr_carea' id='block_1_32' title="bbox 1811 1641 3405 1714">
    <p class='ocr_par' dir='ltr' id='par_1_32' title="bbox 1811 1641 3405 1714">
     <span class='ocr_line' id='line_1_32' title="bbox 1811 1641 3405 1714; baseline 0.001 -16"><span class='ocrx_word' id='word_1_203' title='bbox 1811 1641 2089 1698; x_wconf 87' lang='lat' dir='ltr'><strong>Eteoelem</strong></span> <span class='ocrx_word' id='word_1_204' title='bbox 2137 1641 2247 1713; x_wconf 74' lang='lat'><strong>62</strong></span> <span class='ocrx_word' id='word_1_205' title='bbox 2295 1651 2456 1711; x_wconf 89' lang='lat' dir='ltr'><strong>atque</strong></span> <span class='ocrx_word' id='word_1_206' title='bbox 2501 1641 2817 1714; x_wconf 86' lang='lat' dir='ltr'><strong>Polynicem</strong></span> <span class='ocrx_word' id='word_1_207' title='bbox 2873 1642 3076 1698; x_wconf 88' lang='lat' dir='ltr'><strong>mutuis</strong></span> <span class='ocrx_word' id='word_1_208' title='bbox 3125 1643 3405 1700; x_wconf 87' lang='lat' dir='ltr'><strong>laborasse</strong></span> 
     </span>
    </p>
   </div>
   <div class='ocr_carea' id='block_1_33' title="bbox 119 1734 3404 1809">
    <p class='ocr_par' dir='ltr' id='par_1_33' title="bbox 119 1734 3404 1809">
     <span class='ocr_line' id='line_1_33' title="bbox 119 1734 3404 1809; baseline 0.001 -18"><span class='ocrx_word' id='word_1_209' title='bbox 119 1735 306 1806; x_wconf 87' lang='lat' dir='ltr'><strong>piendis</strong></span> <span class='ocrx_word' id='word_1_210' title='bbox 327 1737 436 1809; x_wconf 68' lang='grc' dir='ltr'><strong>δι</strong></span> <span class='ocrx_word' id='word_1_211' title='bbox 471 1749 647 1806; x_wconf 88' lang='lat' dir='ltr'><strong>usque</strong></span> <span class='ocrx_word' id='word_1_212' title='bbox 692 1736 747 1790; x_wconf 90' lang='lat' dir='ltr'><strong>in</strong></span> <span class='ocrx_word' id='word_1_213' title='bbox 800 1735 853 1790; x_wconf 94' lang='lat' dir='ltr'><strong>id</strong></span> <span class='ocrx_word' id='word_1_214' title='bbox 899 1745 1114 1805; x_wconf 89' lang='lat' dir='ltr'><strong>tempus</strong></span> <span class='ocrx_word' id='word_1_215' title='bbox 1163 1735 1322 1791; x_wconf 85' lang='lat' dir='ltr'><strong>bellis</strong></span> <span class='ocrx_word' id='word_1_216' title='bbox 1351 1736 1366 1768; x_wconf 83' lang='grc'>¹</span> <span class='ocrx_word' id='word_1_217' title='bbox 1395 1735 1690 1806; x_wconf 84' lang='lat' dir='ltr'><strong>quieverit,</strong></span> <span class='ocrx_word' id='word_1_218' title='bbox 1728 1734 2184 1800; x_wconf 88' lang='lat' dir='ltr'><strong>Bconcursibus,</strong></span> <span class='ocrx_word' id='word_1_219' title='bbox 2225 1750 2295 1791; x_wconf 91' lang='lat' dir='ltr'><strong>ne</strong></span> <span class='ocrx_word' id='word_1_220' title='bbox 2343 1735 2466 1804; x_wconf 91' lang='lat' dir='ltr'><strong>quis</strong></span> <span class='ocrx_word' id='word_1_221' title='bbox 2511 1750 2702 1791; x_wconf 91' lang='lat' dir='ltr'><strong>eorum</strong></span> <span class='ocrx_word' id='word_1_222' title='bbox 2751 1735 3022 1806; x_wconf 87' lang='lat' dir='ltr'><strong>parricida</strong></span> <span class='ocrx_word' id='word_1_223' title='bbox 3069 1751 3178 1792; x_wconf 92' lang='lat' dir='ltr'><strong>non</strong></span> <span class='ocrx_word' id='word_1_224' title='bbox 3231 1747 3404 1794; x_wconf 88' lang='lat' dir='ltr'><strong>esset.</strong></span> 
     </span>
    </p>
   </div>
   <div class='ocr_carea' id='block_1_34' title="bbox 116 1829 1698 1899">
    <p class='ocr_par' dir='ltr' id='par_1_34' title="bbox 116 1829 1698 1899">
     <span class='ocr_line' id='line_1_34' title="bbox 116 1829 1698 1899; baseline 0.001 -16"><span class='ocrx_word' id='word_1_225' title='bbox 116 1831 220 1899; x_wconf 85' lang='lat' dir='ltr'><strong>quis</strong></span> <span class='ocrx_word' id='word_1_226' title='bbox 243 1829 361 1884; x_wconf 85' lang='lat' dir='ltr'><strong>linis</strong></span> <span class='ocrx_word' id='word_1_227' title='bbox 389 1829 726 1899; x_wconf 90' lang='lat' dir='ltr'><strong>reperietur,</strong></span> <span class='ocrx_word' id='word_1_228' title='bbox 761 1829 806 1882; x_wconf 91' lang='lat' dir='ltr'><strong>si</strong></span> <span class='ocrx_word' id='word_1_229' title='bbox 848 1841 912 1882; x_wconf 91' lang='lat' dir='ltr'><strong>ea</strong></span> <span class='ocrx_word' id='word_1_230' title='bbox 953 1841 1391 1884; x_wconf 84' lang='lat' dir='ltr'><strong>commemorare</strong></span> <span class='ocrx_word' id='word_1_231' title='bbox 1421 1830 1441 1859; x_wconf 81' lang='grc'>³</span> <span class='ocrx_word' id='word_1_232' title='bbox 1473 1843 1698 1884; x_wconf 87' lang='lat' dir='ltr'><strong>enume-</strong></span> 
     </span>
    </p>
   </div>
   <div class='ocr_carea' id='block_1_35' title="bbox 118 1920 1697 1992">
    <p class='ocr_par' dir='ltr' id='par_1_35' title="bbox 118 1920 1697 1992">
     <span class='ocr_line' id='line_1_35' title="bbox 118 1920 1697 1992; baseline 0.001 -17"><span class='ocrx_word' id='word_1_233' title='bbox 118 1923 289 1991; x_wconf 83' lang='lat' dir='ltr'><strong>rando,</strong></span> <span class='ocrx_word' id='word_1_234' title='bbox 321 1922 342 1953; x_wconf 91' lang='grc'>³</span> <span class='ocrx_word' id='word_1_235' title='bbox 370 1931 430 1976; x_wconf 91' lang='lat' dir='ltr'><strong>ut</strong></span> <span class='ocrx_word' id='word_1_236' title='bbox 456 1936 568 1977; x_wconf 90' lang='lat' dir='ltr'><strong>non</strong></span> <span class='ocrx_word' id='word_1_237' title='bbox 590 1921 770 1976; x_wconf 90' lang='lat' dir='ltr'><strong>dicam</strong></span> <span class='ocrx_word' id='word_1_238' title='bbox 799 1920 1188 1988; x_wconf 90' lang='lat' dir='ltr'><strong>describendo,</strong></span> <span class='ocrx_word' id='word_1_239' title='bbox 1216 1922 1514 1977; x_wconf 86' lang='lat' dir='ltr'><strong>conemur?</strong></span> <span class='ocrx_word' id='word_1_240' title='bbox 1555 1937 1697 1992; x_wconf 79' lang='lat' dir='ltr'><strong>pra:-</strong></span> 
     </span>
    </p>
   </div>
   <div class='ocr_carea' id='block_1_36' title="bbox 117 2013 1695 2085">
    <p class='ocr_par' dir='ltr' id='par_1_36' title="bbox 117 2013 1695 2085">
     <span class='ocr_line' id='line_1_36' title="bbox 117 2013 1695 2085; baseline 0.001 -16"><span class='ocrx_word' id='word_1_241' title='bbox 117 2015 282 2072; x_wconf 81' lang='lat' dir='ltr'><strong>sertim</strong></span> <span class='ocrx_word' id='word_1_242' title='bbox 312 2030 436 2072; x_wconf 91' lang='lat' dir='ltr'><strong>cum</strong></span> <span class='ocrx_word' id='word_1_243' title='bbox 465 2024 523 2072; x_wconf 92' lang='lat' dir='ltr'><strong>et</strong></span> <span class='ocrx_word' id='word_1_244' title='bbox 551 2015 572 2046; x_wconf 70' lang='grc' dir='ltr'>δ</span> <span class='ocrx_word' id='word_1_245' title='bbox 594 2013 911 2071; x_wconf 65' lang='lat' dir='ltr'><strong>Graecorum</strong></span> <span class='ocrx_word' id='word_1_246' title='bbox 942 2013 1323 2085; x_wconf 67' lang='lat' dir='ltr'><strong>praetereunda</strong></span> <span class='ocrx_word' id='word_1_247' title='bbox 1347 2031 1453 2070; x_wconf 89' lang='lat' dir='ltr'><strong>non</strong></span> <span class='ocrx_word' id='word_1_248' title='bbox 1481 2015 1610 2078; x_wconf 89' lang='lat' dir='ltr'><strong>sint,</strong></span> <span class='ocrx_word' id='word_1_249' title='bbox 1638 2026 1695 2072; x_wconf 90' lang='lat' dir='ltr'><strong>et</strong></span> 
     </span>
    </p>
   </div>
   <div class='ocr_carea' id='block_1_37' title="bbox 118 2103 1695 2172">
    <p class='ocr_par' dir='ltr' id='par_1_37' title="bbox 118 2103 1695 2172">
     <span class='ocr_line' id='line_1_37' title="bbox 118 2103 1695 2172; baseline 0.002 -14"><span class='ocrx_word' id='word_1_250' title='bbox 118 2104 493 2172; x_wconf 79' lang='lat' dir='ltr'><strong>Romanorum,</strong></span> <span class='ocrx_word' id='word_1_251' title='bbox 552 2106 641 2160; x_wconf 90' lang='lat' dir='ltr'><strong>vel</strong></span> <span class='ocrx_word' id='word_1_252' title='bbox 691 2106 928 2160; x_wconf 76' lang='lat' dir='ltr'><strong>maxime</strong></span> <span class='ocrx_word' id='word_1_253' title='bbox 971 2106 992 2136; x_wconf 84' lang='grc'>³</span> <span class='ocrx_word' id='word_1_254' title='bbox 1021 2103 1356 2161; x_wconf 90' lang='lat' dir='ltr'><strong>recensenda</strong></span> <span class='ocrx_word' id='word_1_255' title='bbox 1393 2105 1526 2161; x_wconf 91' lang='lat' dir='ltr'><strong>sint.</strong></span> <span class='ocrx_word' id='word_1_256' title='bbox 1584 2103 1695 2162; x_wconf 84' lang='lat' dir='ltr'><strong>Nec</strong></span> 
     </span>
    </p>
   </div>
   <div class='ocr_carea' id='block_1_38' title="bbox 119 2194 1692 2266">
    <p class='ocr_par' dir='ltr' id='par_1_38' title="bbox 119 2194 1692 2266">
     <span class='ocr_line' id='line_1_38' title="bbox 119 2194 1692 2266; baseline 0.001 -17"><span class='ocrx_word' id='word_1_257' title='bbox 119 2197 232 2251; x_wconf 89' lang='lat' dir='ltr'><strong>mihi</strong></span> <span class='ocrx_word' id='word_1_258' title='bbox 263 2211 406 2253; x_wconf 90' lang='lat' dir='ltr'><strong>nunc</strong></span> <span class='ocrx_word' id='word_1_259' title='bbox 448 2209 785 2253; x_wconf 84' lang='lat' dir='ltr'><strong>enumerare</strong></span> <span class='ocrx_word' id='word_1_260' title='bbox 830 2211 966 2266; x_wconf 91' lang='lat' dir='ltr'><strong>opus</strong></span> <span class='ocrx_word' id='word_1_261' title='bbox 1010 2203 1097 2251; x_wconf 91' lang='lat' dir='ltr'><strong>est</strong></span> <span class='ocrx_word' id='word_1_262' title='bbox 1122 2194 1338 2251; x_wconf 88' lang='lat' dir='ltr'><strong>Tantali</strong></span> <span class='ocrx_word' id='word_1_263' title='bbox 1385 2203 1442 2251; x_wconf 95' lang='lat' dir='ltr'><strong>et</strong></span> <span class='ocrx_word' id='word_1_264' title='bbox 1477 2195 1692 2265; x_wconf 82' lang='lat' dir='ltr'><strong>Pelopis</strong></span> 
     </span>
    </p>
   </div>
   <div class='ocr_carea' id='block_1_39' title="bbox 115 2285 1692 2358">
    <p class='ocr_par' dir='ltr' id='par_1_39' title="bbox 115 2285 1692 2358">
     <span class='ocr_line' id='line_1_39' title="bbox 115 2285 1692 2358; baseline 0 -18"><span class='ocrx_word' id='word_1_265' title='bbox 115 2285 234 2342; x_wconf 71' lang='lat' dir='ltr'><strong>facta</strong></span> <span class='ocrx_word' id='word_1_266' title='bbox 284 2288 492 2358; x_wconf 87' lang='lat' dir='ltr'><strong>turpia,</strong></span> <span class='ocrx_word' id='word_1_267' title='bbox 528 2287 549 2318; x_wconf 82' lang='grc'><strong>⁸</strong></span> <span class='ocrx_word' id='word_1_268' title='bbox 589 2287 805 2342; x_wconf 85' lang='lat' dir='ltr'><strong>fabulas</strong></span> <span class='ocrx_word' id='word_1_269' title='bbox 851 2287 1125 2355; x_wconf 89' lang='lat' dir='ltr'><strong>turpiores</strong></span> <span class='ocrx_word' id='word_1_270' title='bbox 1177 2303 1192 2340; x_wconf 91' lang='lat'><strong>:</strong></span> <span class='ocrx_word' id='word_1_271' title='bbox 1233 2301 1467 2355; x_wconf 88' lang='lat' dir='ltr'><strong>quorum</strong></span> <span class='ocrx_word' id='word_1_272' title='bbox 1497 2287 1515 2317; x_wconf 88' lang='grc'>⁷</span> <span class='ocrx_word' id='word_1_273' title='bbox 1545 2285 1692 2341; x_wconf 86' lang='lat' dir='ltr'><strong>Tan-</strong></span> 
     </span>
    </p>
   </div>
   <div class='ocr_carea' id='block_1_40' title="bbox 116 2377 1695 2452">
    <p class='ocr_par' dir='ltr' id='par_1_40' title="bbox 116 2377 1695 2452">
     <span class='ocr_line' id='line_1_40' title="bbox 116 2377 1695 2452; baseline 0 -17"><span class='ocrx_word' id='word_1_274' title='bbox 116 2381 240 2436; x_wconf 81' lang='lat' dir='ltr'><strong>talus</strong></span> <span class='ocrx_word' id='word_1_275' title='bbox 266 2398 358 2437; x_wconf 80' lang='lat' dir='ltr'><strong>rex</strong></span> <span class='ocrx_word' id='word_1_276' title='bbox 390 2381 759 2452; x_wconf 82' lang='lat' dir='ltr'><strong>Phrygiorum</strong></span> <span class='ocrx_word' id='word_1_277' title='bbox 783 2379 1155 2451; x_wconf 85' lang='lat' dir='ltr'><strong>Ganymedem</strong></span> <span class='ocrx_word' id='word_1_278' title='bbox 1177 2378 1361 2446; x_wconf 87' lang='lat' dir='ltr'><strong>Trois,</strong></span> <span class='ocrx_word' id='word_1_279' title='bbox 1392 2377 1695 2435; x_wconf 88' lang='lat' dir='ltr'><strong>Dardanio-</strong></span> 
     </span>
    </p>
   </div>
   <div class='ocr_carea' id='block_1_41' title="bbox 115 2470 1695 2545">
    <p class='ocr_par' dir='ltr' id='par_1_41' title="bbox 115 2470 1695 2545">
     <span class='ocr_line' id='line_1_41' title="bbox 115 2470 1695 2545; baseline 0 -19"><span class='ocrx_word' id='word_1_280' title='bbox 115 2488 215 2527; x_wconf 89' lang='lat' dir='ltr'><strong>rum</strong></span> <span class='ocrx_word' id='word_1_281' title='bbox 244 2473 387 2545; x_wconf 86' lang='lat' dir='ltr'><strong>regis</strong></span> <span class='ocrx_word' id='word_1_282' title='bbox 411 2473 612 2539; x_wconf 84' lang='lat' dir='ltr'><strong>filium,</strong></span> <span class='ocrx_word' id='word_1_283' title='bbox 642 2487 767 2528; x_wconf 90' lang='lat' dir='ltr'><strong>cum</strong></span> <span class='ocrx_word' id='word_1_284' title='bbox 799 2470 1227 2542; x_wconf 78' lang='lat' dir='ltr'><strong>ﬂagitiosissimo</strong></span> <span class='ocrx_word' id='word_1_285' title='bbox 1258 2471 1555 2542; x_wconf 90' lang='lat' dir='ltr'><strong>rapuisset,</strong></span> <span class='ocrx_word' id='word_1_286' title='bbox 1583 2487 1695 2526; x_wconf 86' lang='lat' dir='ltr'><strong>ma-</strong></span> 
     </span>
    </p>
   </div>
   <div class='ocr_carea' id='block_1_42' title="bbox 111 2563 1695 2632">
    <p class='ocr_par' dir='ltr' id='par_1_42' title="bbox 111 2563 1695 2632">
     <span class='ocr_line' id='line_1_42' title="bbox 111 2563 1695 2632; baseline 0.003 -17"><span class='ocrx_word' id='word_1_287' title='bbox 111 2563 210 2632; x_wconf 88' lang='lat' dir='ltr'><strong>jore</strong></span> <span class='ocrx_word' id='word_1_288' title='bbox 244 2566 492 2622; x_wconf 87' lang='lat' dir='ltr'><strong>conserti</strong></span> <span class='ocrx_word' id='word_1_289' title='bbox 548 2564 867 2620; x_wconf 85' lang='lat' dir='ltr'><strong>certaminis</strong></span> <span class='ocrx_word' id='word_1_290' title='bbox 910 2564 1161 2620; x_wconf 76' lang='lat' dir='ltr'><strong>fmditate</strong></span> <span class='ocrx_word' id='word_1_291' title='bbox 1207 2563 1464 2629; x_wconf 88' lang='lat' dir='ltr'><strong>detinuit,</strong></span> <span class='ocrx_word' id='word_1_292' title='bbox 1503 2564 1646 2619; x_wconf 90' lang='lat' dir='ltr'><strong>sicut</strong></span> <span class='ocrx_word' id='word_1_293' title='bbox 1672 2565 1695 2596; x_wconf 84' lang='grc'>⁸</span> 
     </span>
    </p>
   </div>
   <div class='ocr_carea' id='block_1_43' title="bbox 116 2655 1694 2728">
    <p class='ocr_par' dir='ltr' id='par_1_43' title="bbox 116 2655 1694 2728">
     <span class='ocr_line' id='line_1_43' title="bbox 116 2655 1694 2728; baseline 0.002 -20"><span class='ocrx_word' id='word_1_294' title='bbox 116 2655 394 2714; x_wconf 77' lang='lat' dir='ltr'><strong>l’ltanocles</strong></span> <span class='ocrx_word' id='word_1_295' title='bbox 442 2665 608 2728; x_wconf 87' lang='lat' dir='ltr'><strong>poeta</strong></span> <span class='ocrx_word' id='word_1_296' title='bbox 660 2655 967 2724; x_wconf 85' lang='lat' dir='ltr'><strong>confirmat,</strong></span> <span class='ocrx_word' id='word_1_297' title='bbox 1013 2655 1106 2726; x_wconf 91' lang='lat' dir='ltr'><strong>qui</strong></span> <span class='ocrx_word' id='word_1_298' title='bbox 1159 2655 1452 2710; x_wconf 82' lang='lat' dir='ltr'><strong>maximum</strong></span> <span class='ocrx_word' id='word_1_299' title='bbox 1494 2656 1694 2711; x_wconf 92' lang='lat' dir='ltr'><strong>bellum</strong></span> 
     </span>
    </p>
   </div>
   <div class='ocr_carea' id='block_1_44' title="bbox 116 2747 1696 2819">
    <p class='ocr_par' dir='ltr' id='par_1_44' title="bbox 116 2747 1696 2819">
     <span class='ocr_line' id='line_1_44' title="bbox 116 2747 1696 2819; baseline 0.001 -15"><span class='ocrx_word' id='word_1_300' title='bbox 116 2751 390 2806; x_wconf 79' lang='lat' dir='ltr'><strong>excitatum</strong></span> <span class='ocrx_word' id='word_1_301' title='bbox 429 2750 508 2807; x_wconf 91' lang='lat' dir='ltr'><strong>ob</strong></span> <span class='ocrx_word' id='word_1_302' title='bbox 549 2750 653 2806; x_wconf 89' lang='lat' dir='ltr'><strong>hoc</strong></span> <span class='ocrx_word' id='word_1_303' title='bbox 699 2750 868 2805; x_wconf 90' lang='lat' dir='ltr'><strong>fuisse</strong></span> <span class='ocrx_word' id='word_1_304' title='bbox 921 2757 1320 2805; x_wconf 87' lang='lat' dir='ltr'><strong>commemorat</strong></span> <span class='ocrx_word' id='word_1_305' title='bbox 1364 2766 1378 2802; x_wconf 90' lang='lat'><strong>:</strong></span> <span class='ocrx_word' id='word_1_306' title='bbox 1414 2747 1530 2804; x_wconf 73' lang='lat' dir='ltr'><strong>sive</strong></span> <span class='ocrx_word' id='word_1_307' title='bbox 1571 2748 1696 2819; x_wconf 87' lang='lat' dir='ltr'><strong>quia</strong></span> 
     </span>
    </p>
   </div>
   <div class='ocr_carea' id='block_1_45' title="bbox 117 2840 1698 2914">
    <p class='ocr_par' dir='ltr' id='par_1_45' title="bbox 117 2840 1698 2914">
     <span class='ocr_line' id='line_1_45' title="bbox 117 2840 1698 2914; baseline 0.003 -20"><span class='ocrx_word' id='word_1_308' title='bbox 117 2840 239 2897; x_wconf 87' lang='lat' dir='ltr'><strong>hunc</strong></span> <span class='ocrx_word' id='word_1_309' title='bbox 269 2844 448 2914; x_wconf 92' lang='lat' dir='ltr'><strong>ipsum</strong></span> <span class='ocrx_word' id='word_1_310' title='bbox 484 2842 798 2909; x_wconf 89' lang='lat' dir='ltr'><strong>Tantalum,</strong></span> <span class='ocrx_word' id='word_1_311' title='bbox 829 2851 1019 2913; x_wconf 84' lang='lat' dir='ltr'><strong>utpote</strong></span> <span class='ocrx_word' id='word_1_312' title='bbox 1041 2843 1309 2898; x_wconf 84' lang='lat' dir='ltr'><strong>asseclam</strong></span> <span class='ocrx_word' id='word_1_313' title='bbox 1339 2843 1589 2911; x_wconf 89' lang='lat' dir='ltr'><strong>deorum,</strong></span> <span class='ocrx_word' id='word_1_314' title='bbox 1619 2843 1698 2898; x_wconf 80' lang='lat' dir='ltr'><strong>vi-</strong></span> 
     </span>
    </p>
   </div>
   <div class='ocr_carea' id='block_1_46' title="bbox 117 2933 1696 3008">
    <p class='ocr_par' dir='ltr' id='par_1_46' title="bbox 117 2933 1696 3008">
     <span class='ocr_line' id='line_1_46' title="bbox 117 2933 1696 3008; baseline 0.004 -20"><span class='ocrx_word' id='word_1_315' title='bbox 117 2933 216 2992; x_wconf 88' lang='lat' dir='ltr'><strong>deri</strong></span> <span class='ocrx_word' id='word_1_316' title='bbox 233 2936 347 2993; x_wconf 87' lang='lat' dir='ltr'><strong>vult</strong></span> <span class='ocrx_word' id='word_1_317' title='bbox 374 2946 600 3008; x_wconf 83' lang='lat' dir='ltr'><strong>raptum</strong></span> <span class='ocrx_word' id='word_1_318' title='bbox 643 2950 869 3007; x_wconf 89' lang='lat' dir='ltr'><strong>puerum</strong></span> <span class='ocrx_word' id='word_1_319' title='bbox 911 2935 979 2991; x_wconf 89' lang='lat' dir='ltr'><strong>ad</strong></span> <span class='ocrx_word' id='word_1_320' title='bbox 1026 2934 1309 2992; x_wconf 87' lang='lat' dir='ltr'><strong>libidinem</strong></span> <span class='ocrx_word' id='word_1_321' title='bbox 1334 2935 1488 2992; x_wconf 81' lang='lat' dir='ltr'><strong>Jovis</strong></span> <span class='ocrx_word' id='word_1_322' title='bbox 1528 2935 1696 2994; x_wconf 88' lang='lat' dir='ltr'><strong>fami-</strong></span> 
     </span>
    </p>
   </div>
   <div class='ocr_carea' id='block_1_47' title="bbox 1802 1827 3405 1896">
    <p class='ocr_par' dir='ltr' id='par_1_47' title="bbox 1802 1827 3405 1896">
     <span class='ocr_line' id='line_1_47' title="bbox 1802 1827 3405 1896; baseline 0.001 -12"><span class='ocrx_word' id='word_1_323' title='bbox 1802 1827 1946 1884; x_wconf 84' lang='lat' dir='ltr'><strong>Nolo</strong></span> <span class='ocrx_word' id='word_1_324' title='bbox 1993 1827 2310 1882; x_wconf 90' lang='lat' dir='ltr'><strong>meminisse</strong></span> <span class='ocrx_word' id='word_1_325' title='bbox 2341 1828 2381 1858; x_wconf 81' lang='grc'>¹⁷</span> <span class='ocrx_word' id='word_1_326' title='bbox 2412 1827 2616 1883; x_wconf 78' lang='lat' dir='ltr'><strong>Medea:</strong></span> <span class='ocrx_word' id='word_1_327' title='bbox 2657 1843 2848 1883; x_wconf 85' lang='lat' dir='ltr'><strong>amore</strong></span> <span class='ocrx_word' id='word_1_328' title='bbox 2889 1842 3036 1882; x_wconf 70' lang='grc' dir='ltr'><strong>εωνο</strong></span> <span class='ocrx_word' id='word_1_329' title='bbox 3083 1828 3303 1896; x_wconf 73' lang='lat' dir='ltr'><strong>saucim,</strong></span> <span class='ocrx_word' id='word_1_330' title='bbox 3348 1841 3405 1886; x_wconf 92' lang='lat' dir='ltr'><strong>et</strong></span> 
     </span>
    </p>
   </div>
   <div class='ocr_carea' id='block_1_48' title="bbox 1804 1919 3403 1992">
    <p class='ocr_par' dir='ltr' id='par_1_48' title="bbox 1804 1919 3403 1992">
     <span class='ocr_line' id='line_1_48' title="bbox 1804 1919 3403 1992; baseline 0.003 -18"><span class='ocrx_word' id='word_1_331' title='bbox 1804 1921 2092 1991; x_wconf 78' lang='lat' dir='ltr'><strong>pignorum</strong></span> <span class='ocrx_word' id='word_1_332' title='bbox 2122 1919 2478 1990; x_wconf 86' lang='lat' dir='ltr'><strong>parvulorum</strong></span> <span class='ocrx_word' id='word_1_333' title='bbox 2509 1920 2660 1975; x_wconf 79' lang='lat' dir='ltr'><strong>czede</strong></span> <span class='ocrx_word' id='word_1_334' title='bbox 2701 1921 3012 1992; x_wconf 87' lang='lat' dir='ltr'><strong>gaudentis,</strong></span> <span class='ocrx_word' id='word_1_335' title='bbox 3049 1930 3105 1978; x_wconf 91' lang='lat' dir='ltr'><strong>et</strong></span> <span class='ocrx_word' id='word_1_336' title='bbox 3139 1922 3403 1992; x_wconf 88' lang='lat' dir='ltr'><strong>quidquid</strong></span> 
     </span>
    </p>
   </div>
   <div class='ocr_carea' id='block_1_49' title="bbox 1810 2011 3402 2086">
    <p class='ocr_par' dir='ltr' id='par_1_49' title="bbox 1810 2011 3402 2086">
     <span class='ocr_line' id='line_1_49' title="bbox 1810 2011 3402 2086; baseline 0.003 -21"><span class='ocrx_word' id='word_1_337' title='bbox 1810 2011 1920 2067; x_wconf 90' lang='lat' dir='ltr'><strong>illis</strong></span> <span class='ocrx_word' id='word_1_338' title='bbox 1949 2013 2286 2082; x_wconf 89' lang='lat' dir='ltr'><strong>temporibus</strong></span> <span class='ocrx_word' id='word_1_339' title='bbox 2318 2021 2684 2086; x_wconf 86' lang='lat' dir='ltr'><strong>perpetratum</strong></span> <span class='ocrx_word' id='word_1_340' title='bbox 2712 2014 2912 2084; x_wconf 88' lang='lat' dir='ltr'><strong>conjici</strong></span> <span class='ocrx_word' id='word_1_341' title='bbox 2939 2013 3100 2069; x_wconf 91' lang='lat' dir='ltr'><strong>datur</strong></span> <span class='ocrx_word' id='word_1_342' title='bbox 3129 2032 3141 2068; x_wconf 92' lang='lat'>:</span> <span class='ocrx_word' id='word_1_343' title='bbox 3171 2014 3402 2085; x_wconf 88' lang='lat' dir='ltr'><strong>qualiter</strong></span> 
     </span>
    </p>
   </div>
   <div class='ocr_carea' id='block_1_50' title="bbox 1810 2103 3402 2178">
    <p class='ocr_par' dir='ltr' id='par_1_50' title="bbox 1810 2103 3402 2178">
     <span class='ocr_line' id='line_1_50' title="bbox 1810 2103 3402 2178; baseline 0.003 -19"><span class='ocrx_word' id='word_1_344' title='bbox 1810 2103 2061 2160; x_wconf 86' lang='lat' dir='ltr'><strong>homines</strong></span> <span class='ocrx_word' id='word_1_345' title='bbox 2104 2105 2147 2137; x_wconf 85' lang='grc'><strong>¹⁸</strong></span> <span class='ocrx_word' id='word_1_346' title='bbox 2175 2107 2570 2175; x_wconf 89' lang='lat' dir='ltr'><strong>sustinuerint,</strong></span> <span class='ocrx_word' id='word_1_347' title='bbox 2614 2106 2759 2177; x_wconf 90' lang='lat' dir='ltr'><strong>quod</strong></span> <span class='ocrx_word' id='word_1_348' title='bbox 2805 2108 2972 2163; x_wconf 86' lang='lat' dir='ltr'><strong>etiam</strong></span> <span class='ocrx_word' id='word_1_349' title='bbox 3009 2115 3156 2162; x_wconf 87' lang='lat' dir='ltr'><strong>astra</strong></span> <span class='ocrx_word' id='word_1_350' title='bbox 3195 2106 3402 2178; x_wconf 84' lang='lat' dir='ltr'><strong>fugisse</strong></span> 
     </span>
    </p>
   </div>
   <div class='ocr_carea' id='block_1_51' title="bbox 1803 2196 2079 2253">
    <p class='ocr_par' dir='ltr' id='par_1_51' title="bbox 1803 2196 2079 2253">
     <span class='ocr_line' id='line_1_51' title="bbox 1803 2196 2079 2253; baseline 0 -1"><span class='ocrx_word' id='word_1_351' title='bbox 1803 2196 2079 2253; x_wconf 88' lang='lat' dir='ltr'><strong>dicuntur.</strong></span> 
     </span>
    </p>
   </div>
   <div class='ocr_carea' id='block_1_52' title="bbox 2393 2287 2808 2346">
    <p class='ocr_par' dir='ltr' id='par_1_52' title="bbox 2393 2287 2808 2346">
     <span class='ocr_line' id='line_1_52' title="bbox 2393 2287 2808 2346; baseline 0.002 -1"><span class='ocrx_word' id='word_1_352' title='bbox 2393 2289 2625 2346; x_wconf 89' lang='lat' dir='ltr'><strong>CAPUT</strong></span> <span class='ocrx_word' id='word_1_353' title='bbox 2665 2287 2808 2346; x_wconf 78' lang='lat' dir='ltr'>XIII.</span> 
     </span>
    </p>
   </div>
   <div class='ocr_carea' id='block_1_53' title="bbox 1800 2380 3402 2454">
    <p class='ocr_par' dir='ltr' id='par_1_53' title="bbox 1800 2380 3402 2454">
     <span class='ocr_line' id='line_1_53' title="bbox 1800 2380 3402 2454; baseline -0.001 -14"><span class='ocrx_word' id='word_1_354' title='bbox 1800 2383 2070 2440; x_wconf 82' lang='lat' dir='ltr'><strong>Certamen</strong></span> <span class='ocrx_word' id='word_1_355' title='bbox 2101 2382 2235 2438; x_wconf 86' lang='lat' dir='ltr'><strong>inter</strong></span> <span class='ocrx_word' id='word_1_356' title='bbox 2264 2382 2530 2440; x_wconf 79' lang='lat' dir='ltr'><strong>Cretenses</strong></span> <span class='ocrx_word' id='word_1_357' title='bbox 2569 2392 2616 2438; x_wconf 89' lang='lat' dir='ltr'><strong>et</strong></span> <span class='ocrx_word' id='word_1_358' title='bbox 2656 2382 3023 2450; x_wconf 80' lang='lat' dir='ltr'><strong>Athenienses,</strong></span> <span class='ocrx_word' id='word_1_359' title='bbox 3063 2380 3314 2454; x_wconf 82' lang='lat' dir='ltr'><strong>Lapithas</strong></span> <span class='ocrx_word' id='word_1_360' title='bbox 3350 2393 3402 2438; x_wconf 88' lang='lat' dir='ltr'><strong>et</strong></span> 
     </span>
    </p>
   </div>
   <div class='ocr_carea' id='block_1_54' title="bbox 2460 2454 2756 2510">
    <p class='ocr_par' dir='ltr' id='par_1_54' title="bbox 2460 2454 2756 2510">
     <span class='ocr_line' id='line_1_54' title="bbox 2460 2454 2756 2510; baseline 0.003 -1"><span class='ocrx_word' id='word_1_361' title='bbox 2460 2454 2756 2510; x_wconf 84' lang='lat' dir='ltr'><strong>Thessalos.</strong></span> 
     </span>
    </p>
   </div>
   <div class='ocr_carea' id='block_1_55' title="bbox 1879 2563 3401 2624">
    <p class='ocr_par' dir='ltr' id='par_1_55' title="bbox 1879 2563 3401 2624">
     <span class='ocr_line' id='line_1_55' title="bbox 1879 2563 3401 2624; baseline -0.001 0"><span class='ocrx_word' id='word_1_362' title='bbox 1879 2571 1894 2601; x_wconf 85' lang='grc'>¹</span> <span class='ocrx_word' id='word_1_363' title='bbox 1925 2568 2086 2624; x_wconf 85' lang='lat' dir='ltr'><strong>Anno</strong></span> <span class='ocrx_word' id='word_1_364' title='bbox 2129 2577 2259 2624; x_wconf 90' lang='lat' dir='ltr'><strong>ante</strong></span> <span class='ocrx_word' id='word_1_365' title='bbox 2287 2567 2477 2624; x_wconf 87' lang='lat' dir='ltr'><strong>urbem</strong></span> <span class='ocrx_word' id='word_1_366' title='bbox 2509 2565 2783 2622; x_wconf 90' lang='lat' dir='ltr'><strong>conditam</strong></span> <span class='ocrx_word' id='word_1_367' title='bbox 2810 2580 2914 2620; x_wconf 73' lang='lat' dir='ltr'><strong>nu</strong></span> <span class='ocrx_word' id='word_1_368' title='bbox 2945 2567 2966 2597; x_wconf 81' lang='lat'><strong>’</strong></span> <span class='ocrx_word' id='word_1_369' title='bbox 2989 2563 3401 2622; x_wconf 88' lang='lat' dir='ltr'><strong>atrocissimum</strong></span> 
     </span>
    </p>
   </div>
   <div class='ocr_carea' id='block_1_56' title="bbox 1804 2655 3404 2716">
    <p class='ocr_par' dir='ltr' id='par_1_56' title="bbox 1804 2655 3404 2716">
     <span class='ocr_line' id='line_1_56' title="bbox 1804 2655 3404 2716; baseline -0.003 0"><span class='ocrx_word' id='word_1_370' title='bbox 1804 2660 1946 2716; x_wconf 91' lang='lat' dir='ltr'><strong>inter</strong></span> <span class='ocrx_word' id='word_1_371' title='bbox 1986 2659 2288 2715; x_wconf 83' lang='lat' dir='ltr'><strong>Cretenses</strong></span> <span class='ocrx_word' id='word_1_372' title='bbox 2321 2664 2378 2713; x_wconf 90' lang='lat' dir='ltr'><strong>et</strong></span> <span class='ocrx_word' id='word_1_373' title='bbox 2416 2657 2786 2712; x_wconf 85' lang='lat' dir='ltr'><strong>Athenienses</strong></span> <span class='ocrx_word' id='word_1_374' title='bbox 2823 2668 3108 2711; x_wconf 89' lang='lat' dir='ltr'><strong>certamen</strong></span> <span class='ocrx_word' id='word_1_375' title='bbox 3137 2655 3238 2711; x_wconf 87' lang='lat' dir='ltr'><strong>luit</strong></span> <span class='ocrx_word' id='word_1_376' title='bbox 3265 2673 3281 2712; x_wconf 89' lang='lat'><strong>:</strong></span> <span class='ocrx_word' id='word_1_377' title='bbox 3311 2656 3404 2712; x_wconf 90' lang='lat' dir='ltr'><strong>ubi</strong></span> 
     </span>
    </p>
   </div>
   <div class='ocr_carea' id='block_1_57' title="bbox 1803 2749 3397 2824">
    <p class='ocr_par' dir='ltr' id='par_1_57' title="bbox 1803 2749 3397 2824">
     <span class='ocr_line' id='line_1_57' title="bbox 1803 2749 3397 2824; baseline -0.001 -16"><span class='ocrx_word' id='word_1_378' title='bbox 1803 2753 2021 2824; x_wconf 81' lang='lat' dir='ltr'><strong>pupulis</strong></span> <span class='ocrx_word' id='word_1_379' title='bbox 2053 2753 2329 2822; x_wconf 89' lang='lat' dir='ltr'><strong>utrimque</strong></span> <span class='ocrx_word' id='word_1_380' title='bbox 2359 2751 2655 2806; x_wconf 84' lang='lat' dir='ltr'><strong>infeliciter</strong></span> <span class='ocrx_word' id='word_1_381' title='bbox 2689 2749 2992 2820; x_wconf 80' lang='lat' dir='ltr'><strong>profligatis</strong></span> <span class='ocrx_word' id='word_1_382' title='bbox 3019 2749 3397 2818; x_wconf 77' lang='lat' dir='ltr'><strong>cruentiorem</strong></span> 
     </span>
    </p>
   </div>
   <div class='ocr_carea' id='block_1_58' title="bbox 1804 2829 3482 2912">
    <p class='ocr_par' dir='ltr' id='par_1_58' title="bbox 1804 2829 3482 2912">
     <span class='ocr_line' id='line_1_58' title="bbox 1804 2829 3482 2912; baseline -0.002 -11"><span class='ocrx_word' id='word_1_383' title='bbox 1804 2846 2091 2902; x_wconf 88' lang='lat' dir='ltr'><strong>victoriam</strong></span> <span class='ocrx_word' id='word_1_384' title='bbox 2151 2844 2448 2900; x_wconf 86' lang='lat' dir='ltr'><strong>Cretenses</strong></span> <span class='ocrx_word' id='word_1_385' title='bbox 2497 2851 2863 2899; x_wconf 82' lang='lat' dir='ltr'><strong>exercuerunt</strong></span> <span class='ocrx_word' id='word_1_386' title='bbox 2915 2859 2930 2897; x_wconf 88' lang='lat'><strong>:</strong></span> <span class='ocrx_word' id='word_1_387' title='bbox 2980 2843 3070 2912; x_wconf 92' lang='lat' dir='ltr'><strong>qui</strong></span> <span class='ocrx_word' id='word_1_388' title='bbox 3134 2841 3399 2898; x_wconf 90' lang='lat' dir='ltr'><strong>nobilium</strong></span> <span class='ocrx_word' id='word_1_389' title='bbox 3475 2829 3482 2836; x_wconf 65' lang='grc'><em>’</em></span> 
     </span>
    </p>
   </div>
   <div class='ocr_carea' id='block_1_59' title="bbox 1803 2935 3390 3004">
    <p class='ocr_par' dir='ltr' id='par_1_59' title="bbox 1803 2935 3390 3004">
     <span class='ocr_line' id='line_1_59' title="bbox 1803 2935 3390 3004; baseline -0.005 -6"><span class='ocrx_word' id='word_1_390' title='bbox 1803 2941 2220 2999; x_wconf 84' lang='lat' dir='ltr'><strong>Atheniensium</strong></span> <span class='ocrx_word' id='word_1_391' title='bbox 2244 2939 2385 2995; x_wconf 86' lang='lat' dir='ltr'><strong>ﬁlios</strong></span> <span class='ocrx_word' id='word_1_392' title='bbox 2415 2937 2746 3004; x_wconf 83' lang='lat' dir='ltr'><strong>Minotauro,</strong></span> <span class='ocrx_word' id='word_1_393' title='bbox 2776 2944 2956 2992; x_wconf 90' lang='lat' dir='ltr'><strong>utrum</strong></span> <span class='ocrx_word' id='word_1_394' title='bbox 2978 2935 2998 2967; x_wconf 84' lang='grc'><em>³</em></span> <span class='ocrx_word' id='word_1_395' title='bbox 3023 2937 3140 2991; x_wconf 92' lang='lat' dir='ltr'><strong>fero</strong></span> <span class='ocrx_word' id='word_1_396' title='bbox 3161 2935 3390 3002; x_wconf 87' lang='lat' dir='ltr'><strong>homini,</strong></span> 
     </span>
    </p>
   </div>
   <div class='ocr_carea' id='block_1_60' title="bbox 1385 3074 2112 3136">
    <p class='ocr_par' dir='ltr' id='par_1_60' title="bbox 1385 3074 2112 3136">
     <span class='ocr_line' id='line_1_60' title="bbox 1385 3074 2112 3136; baseline 0.004 -6"><span class='ocrx_word' id='word_1_397' title='bbox 1385 3074 1840 3136; x_wconf 80' lang='lat' dir='ltr'><strong>IIAVERCAMPI</strong></span> <span class='ocrx_word' id='word_1_398' title='bbox 1877 3077 2112 3135; x_wconf 66' lang='lat' dir='ltr'><strong>NOTA‘S.</strong></span> 
     </span>
    </p>
   </div>
   <div class='ocr_carea' id='block_1_61' title="bbox 179 3188 2756 3264">
    <p class='ocr_par' dir='ltr' id='par_1_61' title="bbox 179 3188 2756 3264">
     <span class='ocr_line' id='line_1_61' title="bbox 179 3188 2756 3264; baseline -0.002 -16"><span class='ocrx_word' id='word_1_399' title='bbox 179 3193 256 3249; x_wconf 83' lang='lat' dir='ltr'><strong>l0.</strong></span> <span class='ocrx_word' id='word_1_400' title='bbox 281 3192 481 3248; x_wconf 73' lang='lat' dir='ltr'><strong>Iisdem</strong></span> <span class='ocrx_word' id='word_1_401' title='bbox 505 3191 818 3264; x_wconf 76' lang='lat' dir='ltr'><strong>temporibus</strong></span> <span class='ocrx_word' id='word_1_402' title='bbox 869 3190 1127 3264; x_wconf 75' lang='lat' dir='ltr'><strong>Perseus._</strong></span> <span class='ocrx_word' id='word_1_403' title='bbox 1148 3189 1586 3264; x_wconf 24' lang='lat' dir='ltr'><strong>Perseushlovis</strong></span> <span class='ocrx_word' id='word_1_404' title='bbox 1616 3201 1695 3264; x_wconf 79' lang='lat' dir='ltr'><strong>et</strong></span> <span class='ocrx_word' id='word_1_405' title='bbox 1723 3192 1770 3255; x_wconf 90' lang='lat' dir='ltr'><strong>C</strong></span> <span class='ocrx_word' id='word_1_406' title='bbox 1877 3193 1931 3248; x_wconf 89' lang='lat'><strong>9.</strong></span> <span class='ocrx_word' id='word_1_407' title='bbox 1966 3190 2139 3264; x_wconf 82' lang='lat' dir='ltr'><strong>Solita</strong></span> <span class='ocrx_word' id='word_1_408' title='bbox 2167 3198 2309 3246; x_wconf 82' lang='lat' dir='ltr'><strong>sunt.</strong></span> <span class='ocrx_word' id='word_1_409' title='bbox 2340 3189 2544 3264; x_wconf 54' lang='lat' dir='ltr'><strong>Peria,</strong></span> <span class='ocrx_word' id='word_1_410' title='bbox 2575 3188 2756 3264; x_wconf 78' lang='lat' dir='ltr'><strong>solent.</strong></span> 
     </span>
    </p>
   </div>
   <div class='ocr_carea' id='block_1_62' title="bbox 122 3261 1696 3334">
    <p class='ocr_par' dir='ltr' id='par_1_62' title="bbox 122 3261 1696 3334">
     <span class='ocr_line' id='line_1_62' title="bbox 122 3261 1696 3334; baseline -0.001 -15"><span class='ocrx_word' id='word_1_411' title='bbox 122 3263 305 3320; x_wconf 78' lang='lat' dir='ltr'><strong>Danaes</strong></span> <span class='ocrx_word' id='word_1_412' title='bbox 359 3266 513 3334; x_wconf 85' lang='lat' dir='ltr'><strong>filius</strong></span> <span class='ocrx_word' id='word_1_413' title='bbox 560 3261 835 3334; x_wconf 77' lang='lat' dir='ltr'><strong>profectus</strong></span> <span class='ocrx_word' id='word_1_414' title='bbox 892 3263 958 3316; x_wconf 92' lang='lat' dir='ltr'><strong>ad</strong></span> <span class='ocrx_word' id='word_1_415' title='bbox 998 3262 1278 3334; x_wconf 86' lang='lat' dir='ltr'><strong>Cepheum</strong></span> <span class='ocrx_word' id='word_1_416' title='bbox 1325 3261 1440 3317; x_wconf 78' lang='lat' dir='ltr'><strong>Beli</strong></span> <span class='ocrx_word' id='word_1_417' title='bbox 1483 3261 1696 3334; x_wconf 23' lang='lat' dir='ltr'><strong>Faejus</strong></span> 
     </span>
    </p>
   </div>
   <div class='ocr_carea' id='block_1_63' title="bbox 120 3332 1696 3400">
    <p class='ocr_par' dir='ltr' id='par_1_63' title="bbox 120 3332 1696 3400">
     <span class='ocr_line' id='line_1_63' title="bbox 120 3332 1696 3400; baseline 0.001 -13"><span class='ocrx_word' id='word_1_418' title='bbox 120 3335 261 3390; x_wconf 87' lang='lat' dir='ltr'><strong>ﬁliam</strong></span> <span class='ocrx_word' id='word_1_419' title='bbox 291 3332 703 3392; x_wconf 81' lang='lat' dir='ltr'><strong>Andremedam</strong></span> <span class='ocrx_word' id='word_1_420' title='bbox 737 3348 970 3388; x_wconf 79' lang='lat' dir='ltr'><strong>uxorem</strong></span> <span class='ocrx_word' id='word_1_421' title='bbox 1002 3333 1182 3397; x_wconf 72' lang='lat' dir='ltr'><strong>duxit,</strong></span> <span class='ocrx_word' id='word_1_422' title='bbox 1215 3349 1280 3388; x_wconf 81' lang='lat' dir='ltr'><strong>ex</strong></span> <span class='ocrx_word' id='word_1_423' title='bbox 1321 3348 1497 3400; x_wconf 90' lang='lat' dir='ltr'><strong>eaque</strong></span> <span class='ocrx_word' id='word_1_424' title='bbox 1528 3332 1696 3388; x_wconf 87' lang='lat' dir='ltr'><strong>filium</strong></span> 
     </span>
    </p>
   </div>
   <div class='ocr_carea' id='block_1_64' title="bbox 122 3403 1702 3475">
    <p class='ocr_par' dir='ltr' id='par_1_64' title="bbox 122 3403 1702 3475">
     <span class='ocr_line' id='line_1_64' title="bbox 122 3403 1702 3475; baseline 0.001 -17"><span class='ocrx_word' id='word_1_425' title='bbox 122 3405 301 3462; x_wconf 79' lang='lat' dir='ltr'><strong>l’crscu</strong></span> <span class='ocrx_word' id='word_1_426' title='bbox 333 3407 587 3474; x_wconf 86' lang='lat' dir='ltr'><strong>sustulit,</strong></span> <span class='ocrx_word' id='word_1_427' title='bbox 613 3420 641 3457; x_wconf 87' lang='lat' dir='ltr'><strong>a</strong></span> <span class='ocrx_word' id='word_1_428' title='bbox 675 3420 784 3475; x_wconf 89' lang='lat' dir='ltr'><strong>quo</strong></span> <span class='ocrx_word' id='word_1_429' title='bbox 805 3405 1010 3470; x_wconf 58' lang='lat' dir='ltr'><strong>Persae,</strong></span> <span class='ocrx_word' id='word_1_430' title='bbox 1033 3404 1123 3474; x_wconf 91' lang='lat' dir='ltr'><strong>qui</strong></span> <span class='ocrx_word' id='word_1_431' title='bbox 1141 3414 1310 3475; x_wconf 84' lang='lat' dir='ltr'><strong>antea</strong></span> <span class='ocrx_word' id='word_1_432' title='bbox 1333 3403 1616 3475; x_wconf 80' lang='lat' dir='ltr'><strong>Ccphenes</strong></span> <span class='ocrx_word' id='word_1_433' title='bbox 1647 3414 1702 3460; x_wconf 88' lang='lat' dir='ltr'><strong>et</strong></span> 
     </span>
    </p>
   </div>
   <div class='ocr_carea' id='block_1_65' title="bbox 121 3474 1698 3604">
    <p class='ocr_par' dir='ltr' id='par_1_65' title="bbox 121 3474 1698 3604">
     <span class='ocr_line' id='line_1_65' title="bbox 121 3474 1698 3604; baseline 0.003 -78"><span class='ocrx_word' id='word_1_434' title='bbox 121 3475 734 3604; x_wconf 48' lang='lat' dir='ltr'><strong>flgtmiapfpcllabantur,</strong></span> <span class='ocrx_word' id='word_1_435' title='bbox 793 3489 991 3531; x_wconf 88' lang='lat' dir='ltr'><strong>nomen</strong></span> <span class='ocrx_word' id='word_1_436' title='bbox 1019 3474 1199 3530; x_wconf 89' lang='lat' dir='ltr'><strong>sortiti</strong></span> <span class='ocrx_word' id='word_1_437' title='bbox 1231 3482 1381 3529; x_wconf 86' lang='lat' dir='ltr'><strong>sunt.</strong></span> <span class='ocrx_word' id='word_1_438' title='bbox 1424 3474 1698 3563; x_wconf 40' lang='lat' dir='ltr'><strong>.lIerodot.</strong></span> 
     </span>
     <span class='ocr_line' id='line_1_66' title="bbox 140 3563 522 3604; baseline 0.005 -5"><span class='ocrx_word' id='word_1_439' title='bbox 140 3565 149 3599; x_wconf 86' lang='grc' dir='ltr'>ι</span> <span class='ocrx_word' id='word_1_440' title='bbox 191 3587 204 3601; x_wconf 94' lang='grc'><strong>.</strong></span> <span class='ocrx_word' id='word_1_441' title='bbox 229 3563 317 3604; x_wconf 86' lang='lat' dir='ltr'><strong>vn.</strong></span> <span class='ocrx_word' id='word_1_442' title='bbox 394 3565 522 3604; x_wconf 74' lang='lat' dir='ltr'><strong>un.</strong></span> 
     </span>
    </p>
   </div>
   <div class='ocr_carea' id='block_1_66' title="bbox 140 3556 1439 3605">
    <p class='ocr_par' dir='ltr' id='par_1_66' title="bbox 140 3556 1439 3605">
     <span class='ocr_line' id='line_1_67' title="bbox 140 3556 1439 3605; baseline 0.003 -5"><span class='ocrx_word' id='word_1_443' title='bbox 140 3556 204 3602; x_wconf 85' lang='lat' dir='ltr'><strong>tb.</strong></span> <span class='ocrx_word' id='word_1_444' title='bbox 229 3563 317 3605; x_wconf 81' lang='lat' dir='ltr'><strong>vn.</strong></span> <span class='ocrx_word' id='word_1_445' title='bbox 348 3556 522 3604; x_wconf 67' lang='lat' dir='ltr'><strong>Eun.</strong></span> <span class='ocrx_word' id='word_1_446' title='bbox 1424 3556 1439 3563; x_wconf 81' lang='grc'><em>“</em></span> 
     </span>
    </p>
   </div>
   <div class='ocr_carea' id='block_1_67' title="bbox 183 3615 1701 3677">
    <p class='ocr_par' dir='ltr' id='par_1_67' title="bbox 183 3615 1701 3677">
     <span class='ocr_line' id='line_1_68' title="bbox 183 3615 1701 3677; baseline 0.001 -3"><span class='ocrx_word' id='word_1_447' title='bbox 183 3619 265 3674; x_wconf 84' lang='lat' dir='ltr'><strong>ll.</strong></span> <span class='ocrx_word' id='word_1_448' title='bbox 297 3619 650 3675; x_wconf 74' lang='lat' dir='ltr'><strong>Transvectus</strong></span> <span class='ocrx_word' id='word_1_449' title='bbox 679 3625 772 3671; x_wconf 79' lang='lat' dir='ltr'><strong>est.</strong></span> <span class='ocrx_word' id='word_1_450' title='bbox 821 3615 1099 3671; x_wconf 82' lang='lat' dir='ltr'><strong>Postrema</strong></span> <span class='ocrx_word' id='word_1_451' title='bbox 1147 3629 1282 3672; x_wconf 88' lang='lat' dir='ltr'><strong>voce</strong></span> <span class='ocrx_word' id='word_1_452' title='bbox 1309 3615 1436 3671; x_wconf 75' lang='lat' dir='ltr'><strong>auxi</strong></span> <span class='ocrx_word' id='word_1_453' title='bbox 1492 3631 1558 3672; x_wconf 79' lang='lat' dir='ltr'><strong>ex</strong></span> <span class='ocrx_word' id='word_1_454' title='bbox 1605 3634 1701 3677; x_wconf 84' lang='lat' dir='ltr'><strong>sex</strong></span> 
     </span>
    </p>
   </div>
   <div class='ocr_carea' id='block_1_68' title="bbox 122 3685 1699 3762">
    <p class='ocr_par' dir='ltr' id='par_1_68' title="bbox 122 3685 1699 3762">
     <span class='ocr_line' id='line_1_69' title="bbox 122 3685 1699 3762; baseline 0.001 -19"><span class='ocrx_word' id='word_1_455' title='bbox 122 3690 197 3762; x_wconf 68' lang='lat' dir='ltr'><strong>vel</strong></span> <span class='ocrx_word' id='word_1_456' title='bbox 225 3701 428 3760; x_wconf 88' lang='lat' dir='ltr'><strong>septem</strong></span> <span class='ocrx_word' id='word_1_457' title='bbox 453 3706 615 3762; x_wconf 74' lang='lat' dir='ltr'><strong>m§_s.,</strong></span> <span class='ocrx_word' id='word_1_458' title='bbox 643 3689 782 3762; x_wconf 66' lang='lat' dir='ltr'><strong>Dleo,</strong></span> <span class='ocrx_word' id='word_1_459' title='bbox 804 3688 1005 3762; x_wconf 77' lang='lat' dir='ltr'><strong>Periz.,</strong></span> <span class='ocrx_word' id='word_1_460' title='bbox 1022 3685 1163 3743; x_wconf 89' lang='lat' dir='ltr'><strong>Ultr.</strong></span> <span class='ocrx_word' id='word_1_461' title='bbox 1189 3695 1244 3742; x_wconf 91' lang='lat' dir='ltr'><strong>et</strong></span> <span class='ocrx_word' id='word_1_462' title='bbox 1264 3696 1496 3758; x_wconf 80' lang='lat' dir='ltr'><strong>quatuor</strong></span> <span class='ocrx_word' id='word_1_463' title='bbox 1529 3689 1699 3762; x_wconf 91' lang='lat' dir='ltr'><strong>Lugd.</strong></span> 
     </span>
    </p>
   </div>
   <div class='ocr_carea' id='block_1_69' title="bbox 129 3758 938 3828">
    <p class='ocr_par' dir='ltr' id='par_1_69' title="bbox 129 3758 938 3828">
     <span class='ocr_line' id='line_1_70' title="bbox 129 3758 938 3828; baseline -0.001 -16"><span class='ocrx_word' id='word_1_464' title='bbox 129 3758 250 3814; x_wconf 79' lang='lat' dir='ltr'><strong>Ball.</strong></span> <span class='ocrx_word' id='word_1_465' title='bbox 273 3758 375 3817; x_wconf 78' lang='lat' dir='ltr'><strong>Pro</strong></span> <span class='ocrx_word' id='word_1_466' title='bbox 402 3763 476 3816; x_wconf 78' lang='lat' dir='ltr'><strong>ibi</strong></span> <span class='ocrx_word' id='word_1_467' title='bbox 507 3759 646 3816; x_wconf 71' lang='lat' dir='ltr'><strong>Ultr.</strong></span> <span class='ocrx_word' id='word_1_468' title='bbox 673 3759 802 3828; x_wconf 77' lang='lat' dir='ltr'><strong>legit</strong></span> <span class='ocrx_word' id='word_1_469' title='bbox 831 3759 938 3812; x_wconf 81' lang='lat' dir='ltr'><strong>ubi.</strong></span> 
     </span>
    </p>
   </div>
   <div class='ocr_carea' id='block_1_70' title="bbox 186 3827 1703 3898">
    <p class='ocr_par' dir='ltr' id='par_1_70' title="bbox 186 3827 1703 3898">
     <span class='ocr_line' id='line_1_71' title="bbox 186 3827 1703 3898; baseline -0.001 -12"><span class='ocrx_word' id='word_1_470' title='bbox 186 3833 267 3886; x_wconf 73' lang='grc'><strong>12.</strong></span> <span class='ocrx_word' id='word_1_471' title='bbox 299 3832 436 3889; x_wconf 86' lang='lat' dir='ltr'><strong>Sunt</strong></span> <span class='ocrx_word' id='word_1_472' title='bbox 459 3833 648 3886; x_wconf 76' lang='lat' dir='ltr'><strong>vocati.</strong></span> <span class='ocrx_word' id='word_1_473' title='bbox 677 3827 769 3884; x_wconf 80' lang='lat' dir='ltr'><strong>Sic</strong></span> <span class='ocrx_word' id='word_1_474' title='bbox 810 3831 862 3884; x_wconf 94' lang='lat' dir='ltr'><strong>in</strong></span> <span class='ocrx_word' id='word_1_475' title='bbox 890 3827 1136 3898; x_wconf 90' lang='lat' dir='ltr'><strong>plurimis</strong></span> <span class='ocrx_word' id='word_1_476' title='bbox 1162 3843 1295 3882; x_wconf 88' lang='lat' dir='ltr'><strong>mss.</strong></span> <span class='ocrx_word' id='word_1_477' title='bbox 1331 3828 1504 3898; x_wconf 84' lang='lat' dir='ltr'><strong>Lugd.</strong></span> <span class='ocrx_word' id='word_1_478' title='bbox 1537 3829 1703 3896; x_wconf 87' lang='lat' dir='ltr'><strong>Batt.;</strong></span> 
     </span>
    </p>
   </div>
   <div class='ocr_carea' id='block_1_71' title="bbox 129 3899 1708 3970">
    <p class='ocr_par' dir='ltr' id='par_1_71' title="bbox 129 3899 1708 3970">
     <span class='ocr_line' id='line_1_72' title="bbox 129 3899 1708 3970; baseline 0.001 -16"><span class='ocrx_word' id='word_1_479' title='bbox 129 3910 289 3970; x_wconf 86' lang='lat' dir='ltr'><strong>quart.</strong></span> <span class='ocrx_word' id='word_1_480' title='bbox 315 3914 433 3958; x_wconf 84' lang='lat' dir='ltr'><strong>sunt</strong></span> <span class='ocrx_word' id='word_1_481' title='bbox 459 3903 628 3966; x_wconf 89' lang='lat' dir='ltr'><strong>delet,</strong></span> <span class='ocrx_word' id='word_1_482' title='bbox 657 3909 719 3955; x_wconf 91' lang='lat' dir='ltr'><strong>ut</strong></span> <span class='ocrx_word' id='word_1_483' title='bbox 748 3908 805 3956; x_wconf 89' lang='lat' dir='ltr'><strong>et</strong></span> <span class='ocrx_word' id='word_1_484' title='bbox 827 3901 915 3955; x_wconf 93' lang='lat' dir='ltr'><strong>ed.</strong></span> <span class='ocrx_word' id='word_1_485' title='bbox 953 3904 1087 3968; x_wconf 85' lang='lat' dir='ltr'><strong>Aug.</strong></span> <span class='ocrx_word' id='word_1_486' title='bbox 1115 3899 1283 3967; x_wconf 87' lang='lat' dir='ltr'><strong>Lugd.</strong></span> <span class='ocrx_word' id='word_1_487' title='bbox 1311 3899 1428 3952; x_wconf 71' lang='lat' dir='ltr'><strong>llat.</strong></span> <span class='ocrx_word' id='word_1_488' title='bbox 1476 3915 1558 3968; x_wconf 93' lang='lat' dir='ltr'><strong>pr.</strong></span> <span class='ocrx_word' id='word_1_489' title='bbox 1585 3918 1708 3956; x_wconf 87' lang='lat' dir='ltr'><strong>nam</strong></span> 
     </span>
    </p>
   </div>
   <div class='ocr_carea' id='block_1_72' title="bbox 130 3970 1705 4040">
    <p class='ocr_par' dir='ltr' id='par_1_72' title="bbox 130 3970 1705 4040">
     <span class='ocr_line' id='line_1_73' title="bbox 130 3970 1705 4040; baseline 0.002 -17"><span class='ocrx_word' id='word_1_490' title='bbox 130 3973 365 4040; x_wconf 74' lang='lat' dir='ltr'><strong>«Perseo,</strong></span> <span class='ocrx_word' id='word_1_491' title='bbox 380 3984 492 4030; x_wconf 89' lang='lat' dir='ltr'><strong>etc.</strong></span> <span class='ocrx_word' id='word_1_492' title='bbox 515 3974 621 4028; x_wconf 86' lang='lat' dir='ltr'><strong>Pro</strong></span> <span class='ocrx_word' id='word_1_493' title='bbox 632 3972 796 4026; x_wconf 79' lang='lat' dir='ltr'><strong>vocati</strong></span> <span class='ocrx_word' id='word_1_494' title='bbox 815 3971 1015 4026; x_wconf 91' lang='lat' dir='ltr'><strong>habent</strong></span> <span class='ocrx_word' id='word_1_495' title='bbox 1032 3970 1239 4024; x_wconf 69' lang='lat' dir='ltr'><strong>vocitati</strong></span> <span class='ocrx_word' id='word_1_496' title='bbox 1266 3971 1422 4024; x_wconf 87' lang='lat' dir='ltr'><strong>editt.</strong></span> <span class='ocrx_word' id='word_1_497' title='bbox 1437 3973 1705 4038; x_wconf 66' lang='lat' dir='ltr'><strong>qumdam.</strong></span> 
     </span>
    </p>
   </div>
   <div class='ocr_carea' id='block_1_73' title="bbox 187 4040 1704 4112">
    <p class='ocr_par' dir='ltr' id='par_1_73' title="bbox 187 4040 1704 4112">
     <span class='ocr_line' id='line_1_74' title="bbox 187 4040 1704 4112; baseline -0.001 -14"><span class='ocrx_word' id='word_1_498' title='bbox 187 4045 310 4099; x_wconf 74' lang='lat' dir='ltr'><strong>CAP.</strong></span> <span class='ocrx_word' id='word_1_499' title='bbox 336 4045 454 4103; x_wconf 79' lang='grc' dir='ltr'><strong>ΧΠ.</strong></span> <span class='ocrx_word' id='word_1_500' title='bbox 483 4076 556 4086; x_wconf 92' lang='grc'><strong>-</strong></span> <span class='ocrx_word' id='word_1_501' title='bbox 579 4045 631 4099; x_wconf 77' lang='grc'><strong>1.</strong></span> <span class='ocrx_word' id='word_1_502' title='bbox 667 4042 948 4110; x_wconf 73' lang='lat' dir='ltr'><strong>Quiet&#39;erit.</strong></span> <span class='ocrx_word' id='word_1_503' title='bbox 979 4041 1152 4112; x_wconf 82' lang='lat' dir='ltr'><strong>Lugd.</strong></span> <span class='ocrx_word' id='word_1_504' title='bbox 1185 4040 1330 4095; x_wconf 81' lang='lat' dir='ltr'><strong>Batt.</strong></span> <span class='ocrx_word' id='word_1_505' title='bbox 1363 4058 1447 4109; x_wconf 89' lang='lat' dir='ltr'><strong>pr.</strong></span> <span class='ocrx_word' id='word_1_506' title='bbox 1475 4051 1531 4096; x_wconf 90' lang='lat' dir='ltr'><strong>et</strong></span> <span class='ocrx_word' id='word_1_507' title='bbox 1554 4052 1704 4112; x_wconf 86' lang='lat' dir='ltr'><strong>tcrt.,</strong></span> 
     </span>
    </p>
   </div>
   <div class='ocr_carea' id='block_1_74' title="bbox 128 4116 408 4182">
    <p class='ocr_par' dir='ltr' id='par_1_74' title="bbox 128 4116 408 4182">
     <span class='ocr_line' id='line_1_75' title="bbox 128 4116 408 4182; baseline 0.014 -15"><span class='ocrx_word' id='word_1_508' title='bbox 128 4116 408 4182; x_wconf 77' lang='lat' dir='ltr'><strong>quieverint.</strong></span> 
     </span>
    </p>
   </div>
   <div class='ocr_carea' id='block_1_75' title="bbox 187 4181 1711 4254">
    <p class='ocr_par' dir='ltr' id='par_1_75' title="bbox 187 4181 1711 4254">
     <span class='ocr_line' id='line_1_76' title="bbox 187 4181 1711 4254; baseline 0.002 -17"><span class='ocrx_word' id='word_1_509' title='bbox 187 4187 240 4239; x_wconf 69' lang='lat'><strong>2.</strong></span> <span class='ocrx_word' id='word_1_510' title='bbox 264 4185 661 4242; x_wconf 83' lang='lat' dir='ltr'><strong>Enumerando.</strong></span> <span class='ocrx_word' id='word_1_511' title='bbox 689 4185 781 4241; x_wconf 90' lang='lat' dir='ltr'><strong>Sic</strong></span> <span class='ocrx_word' id='word_1_512' title='bbox 811 4182 865 4239; x_wconf 88' lang='lat' dir='ltr'><strong>in</strong></span> <span class='ocrx_word' id='word_1_513' title='bbox 896 4197 1007 4238; x_wconf 90' lang='lat' dir='ltr'><strong>uno</strong></span> <span class='ocrx_word' id='word_1_514' title='bbox 1035 4195 1101 4237; x_wconf 81' lang='lat' dir='ltr'><strong>ex</strong></span> <span class='ocrx_word' id='word_1_515' title='bbox 1134 4181 1304 4254; x_wconf 89' lang='lat' dir='ltr'><strong>Lttgd.</strong></span> <span class='ocrx_word' id='word_1_516' title='bbox 1338 4182 1482 4238; x_wconf 87' lang='lat' dir='ltr'><strong>Batt.</strong></span> <span class='ocrx_word' id='word_1_517' title='bbox 1516 4182 1711 4240; x_wconf 87' lang='lat' dir='ltr'><strong>melius</strong></span> 
     </span>
    </p>
   </div>
   <div class='ocr_carea' id='block_1_76' title="bbox 132 4256 998 4325">
    <p class='ocr_par' dir='ltr' id='par_1_76' title="bbox 132 4256 998 4325">
     <span class='ocr_line' id='line_1_77' title="bbox 132 4256 998 4325; baseline 0.002 -19"><span class='ocrx_word' id='word_1_518' title='bbox 132 4270 272 4325; x_wconf 87' lang='lat' dir='ltr'><strong>quam</strong></span> <span class='ocrx_word' id='word_1_519' title='bbox 299 4257 650 4317; x_wconf 85' lang='lat' dir='ltr'><strong>numerando.</strong></span> <span class='ocrx_word' id='word_1_520' title='bbox 687 4265 742 4310; x_wconf 92' lang='lat' dir='ltr'><strong>ut</strong></span> <span class='ocrx_word' id='word_1_521' title='bbox 778 4256 998 4322; x_wconf 87' lang='lat' dir='ltr'><strong>passim.</strong></span> 
     </span>
    </p>
   </div>
   <div class='ocr_carea' id='block_1_77' title="bbox 192 4325 1710 4396">
    <p class='ocr_par' dir='ltr' id='par_1_77' title="bbox 192 4325 1710 4396">
     <span class='ocr_line' id='line_1_78' title="bbox 192 4325 1710 4396; baseline 0.001 -16"><span class='ocrx_word' id='word_1_522' title='bbox 192 4327 240 4381; x_wconf 76' lang='grc' dir='ltr'><strong>ὅ.</strong></span> <span class='ocrx_word' id='word_1_523' title='bbox 269 4327 337 4384; x_wconf 87' lang='lat' dir='ltr'><strong>Ut</strong></span> <span class='ocrx_word' id='word_1_524' title='bbox 369 4346 478 4384; x_wconf 83' lang='lat' dir='ltr'><strong>non</strong></span> <span class='ocrx_word' id='word_1_525' title='bbox 507 4327 700 4380; x_wconf 86' lang='lat' dir='ltr'><strong>dicam.</strong></span> <span class='ocrx_word' id='word_1_526' title='bbox 745 4326 894 4381; x_wconf 85' lang='lat' dir='ltr'><strong>Flor.</strong></span> <span class='ocrx_word' id='word_1_527' title='bbox 943 4333 1269 4396; x_wconf 17' lang='lat' dir='ltr'><strong>uterutteict</strong></span> <span class='ocrx_word' id='word_1_528' title='bbox 1312 4325 1444 4381; x_wconf 85' lang='lat' dir='ltr'><strong>editi</strong></span> <span class='ocrx_word' id='word_1_529' title='bbox 1490 4325 1710 4396; x_wconf 88' lang='lat' dir='ltr'><strong>quidam</strong></span> 
     </span>
    </p>
   </div>
   <div class='ocr_carea' id='block_1_78' title="bbox 134 4394 1713 4517">
    <p class='ocr_par' dir='ltr' id='par_1_78' title="bbox 134 4394 1713 4517">
     <span class='ocr_line' id='line_1_79' title="bbox 134 4394 1713 4517; baseline -0.001 -65"><span class='ocrx_word' id='word_1_530' title='bbox 134 4413 187 4517; x_wconf 53' lang='lat' dir='ltr'><strong>se</strong></span> <span class='ocrx_word' id='word_1_531' title='bbox 221 4399 409 4468; x_wconf 86' lang='lat' dir='ltr'><strong>dicam,</strong></span> <span class='ocrx_word' id='word_1_532' title='bbox 452 4397 554 4456; x_wconf 87' lang='lat' dir='ltr'><strong>sed</strong></span> <span class='ocrx_word' id='word_1_533' title='bbox 599 4398 1026 4469; x_wconf 87' lang='lat' dir='ltr'><strong>superscriptum</strong></span> <span class='ocrx_word' id='word_1_534' title='bbox 1077 4394 1134 4452; x_wconf 83' lang='lat' dir='ltr'><strong>in</strong></span> <span class='ocrx_word' id='word_1_535' title='bbox 1181 4395 1330 4452; x_wconf 90' lang='lat' dir='ltr'><strong>Flor.</strong></span> <span class='ocrx_word' id='word_1_536' title='bbox 1378 4394 1599 4468; x_wconf 44' lang='lat' dir='ltr'><strong>pr.,_ut</strong></span> <span class='ocrx_word' id='word_1_537' title='bbox 1649 4414 1713 4451; x_wconf 88' lang='lat' dir='ltr'><strong>ne</strong></span> 
     </span>
     <span class='ocr_line' id='line_1_80' title="bbox 164 4484 304 4517; baseline 0 0"><span class='ocrx_word' id='word_1_538' title='bbox 164 4484 304 4517; x_wconf 78' lang='lat' dir='ltr'><strong>1mm-</strong></span> 
     </span>
    </p>
   </div>
   <div class='ocr_carea' id='block_1_79' title="bbox 164 4484 304 4524">
    <p class='ocr_par' dir='ltr' id='par_1_79' title="bbox 164 4484 304 4524">
     <span class='ocr_line' id='line_1_81' title="bbox 164 4484 304 4524; baseline 0.029 -4"><span class='ocrx_word' id='word_1_539' title='bbox 164 4484 304 4524; x_wconf 74' lang='grc' dir='ltr'><strong>ιεαιη.</strong></span> 
     </span>
    </p>
   </div>
   <div class='ocr_carea' id='block_1_80' title="bbox 194 4538 1679 4666">
    <p class='ocr_par' dir='ltr' id='par_1_80' title="bbox 194 4538 1679 4666">
     <span class='ocr_line' id='line_1_82' title="bbox 194 4538 1679 4666; baseline 0.002 -73"><span class='ocrx_word' id='word_1_540' title='bbox 194 4539 244 4663; x_wconf 60' lang='lat'><strong>4;.</strong></span> <span class='ocrx_word' id='word_1_541' title='bbox 276 4540 584 4666; x_wconf 45' lang='lat' dir='ltr'><strong>(irasceretur</strong></span> <span class='ocrx_word' id='word_1_542' title='bbox 611 4557 666 4612; x_wconf 87' lang='lat' dir='ltr'><strong>p.</strong></span> <span class='ocrx_word' id='word_1_543' title='bbox 694 4559 749 4598; x_wconf 85' lang='grc' dir='ltr'><strong>η.</strong></span> <span class='ocrx_word' id='word_1_544' title='bbox 772 4557 818 4595; x_wconf 89' lang='lat' dir='ltr'><strong>s.</strong></span> <span class='ocrx_word' id='word_1_545' title='bbox 852 4538 1166 4610; x_wconf 83' lang='lat' dir='ltr'><strong>Adjungunt</strong></span> <span class='ocrx_word' id='word_1_546' title='bbox 1205 4538 1546 4610; x_wconf 87' lang='lat' dir='ltr'><strong>Lugd..Batt.</strong></span> <span class='ocrx_word' id='word_1_547' title='bbox 1597 4554 1679 4610; x_wconf 90' lang='lat' dir='ltr'><strong>pr.</strong></span> 
     </span>
     <span class='ocr_line' id='line_1_83' title="bbox 194 4625 459 4666; baseline 0.004 -1"><span class='ocrx_word' id='word_1_548' title='bbox 194 4625 268 4666; x_wconf 64' lang='grc' dir='ltr'><strong>τ..</strong></span> <span class='ocrx_word' id='word_1_549' title='bbox 331 4629 358 4666; x_wconf 87' lang='lat' dir='ltr'><strong>e</strong></span> <span class='ocrx_word' id='word_1_550' title='bbox 405 4631 459 4666; x_wconf 89' lang='lat' dir='ltr'><strong>a.</strong></span> 
     </span>
    </p>
   </div>
   <div class='ocr_carea' id='block_1_81' title="bbox 134 4614 459 4678">
    <p class='ocr_par' dir='ltr' id='par_1_81' title="bbox 134 4614 459 4678">
     <span class='ocr_line' id='line_1_84' title="bbox 134 4614 459 4678; baseline 0.015 -15"><span class='ocrx_word' id='word_1_551' title='bbox 134 4614 268 4678; x_wconf 61' lang='grc' dir='ltr'><strong>ιω,</strong></span> <span class='ocrx_word' id='word_1_552' title='bbox 299 4614 459 4668; x_wconf 84' lang='lat' dir='ltr'><strong>bella.</strong></span> 
     </span>
    </p>
   </div>
   <div class='ocr_carea' id='block_1_82' title="bbox 198 4679 1719 4740">
    <p class='ocr_par' dir='ltr' id='par_1_82' title="bbox 198 4679 1719 4740">
     <span class='ocr_line' id='line_1_85' title="bbox 198 4679 1719 4740; baseline 0 -4"><span class='ocrx_word' id='word_1_553' title='bbox 198 4682 249 4738; x_wconf 81' lang='lat'><strong>5.</strong></span> <span class='ocrx_word' id='word_1_554' title='bbox 281 4683 634 4740; x_wconf 84' lang='lat' dir='ltr'><strong>Recensenda.</strong></span> <span class='ocrx_word' id='word_1_555' title='bbox 656 4682 842 4740; x_wconf 78' lang='lat' dir='ltr'><strong>Codex</strong></span> <span class='ocrx_word' id='word_1_556' title='bbox 881 4682 1033 4738; x_wconf 80' lang='lat' dir='ltr'><strong>Meus</strong></span> <span class='ocrx_word' id='word_1_557' title='bbox 1060 4689 1115 4737; x_wconf 87' lang='lat' dir='ltr'><strong>et</strong></span> <span class='ocrx_word' id='word_1_558' title='bbox 1142 4679 1392 4738; x_wconf 88' lang='lat' dir='ltr'><strong>Florent.</strong></span> <span class='ocrx_word' id='word_1_559' title='bbox 1417 4690 1545 4739; x_wconf 87' lang='lat' dir='ltr'><strong>tert.</strong></span> <span class='ocrx_word' id='word_1_560' title='bbox 1582 4681 1719 4736; x_wconf 87' lang='lat' dir='ltr'><strong>scri-</strong></span> 
     </span>
    </p>
   </div>
   <div class='ocr_carea' id='block_1_83' title="bbox 137 4748 609 4810">
    <p class='ocr_par' dir='ltr' id='par_1_83' title="bbox 137 4748 609 4810">
     <span class='ocr_line' id='line_1_86' title="bbox 137 4748 609 4810; baseline 0.011 -6"><span class='ocrx_word' id='word_1_561' title='bbox 137 4748 256 4807; x_wconf 88' lang='lat' dir='ltr'><strong>bunt</strong></span> <span class='ocrx_word' id='word_1_562' title='bbox 274 4755 574 4810; x_wconf 83' lang='lat' dir='ltr'><strong>recolenda.</strong></span> <span class='ocrx_word' id='word_1_563' title='bbox 606 4783 609 4788; x_wconf 84' lang='grc'>·</span> 
     </span>
    </p>
   </div>
   <div class='ocr_carea' id='block_1_84' title="bbox 201 4822 1717 4896">
    <p class='ocr_par' dir='ltr' id='par_1_84' title="bbox 201 4822 1717 4896">
     <span class='ocr_line' id='line_1_87' title="bbox 201 4822 1717 4896; baseline 0.001 -19"><span class='ocrx_word' id='word_1_564' title='bbox 201 4825 250 4896; x_wconf 66' lang='grc' dir='ltr'><strong>(ξ.</strong></span> <span class='ocrx_word' id='word_1_565' title='bbox 280 4822 514 4880; x_wconf 84' lang='lat' dir='ltr'><strong>Fabulas</strong></span> <span class='ocrx_word' id='word_1_566' title='bbox 546 4826 821 4896; x_wconf 84' lang='lat' dir='ltr'><strong>turpiores.</strong></span> <span class='ocrx_word' id='word_1_567' title='bbox 857 4823 1310 4893; x_wconf 83' lang='lat' dir='ltr'><strong>Cenjunctionem</strong></span> <span class='ocrx_word' id='word_1_568' title='bbox 1340 4831 1388 4876; x_wconf 88' lang='lat' dir='ltr'><strong>et</strong></span> <span class='ocrx_word' id='word_1_569' title='bbox 1403 4839 1556 4896; x_wconf 12' lang='lat' dir='ltr'><strong>iquze,</strong></span> <span class='ocrx_word' id='word_1_570' title='bbox 1579 4837 1717 4892; x_wconf 72' lang='lat' dir='ltr'><strong>prte-</strong></span> 
     </span>
    </p>
   </div>
   <div class='ocr_carea' id='block_1_85' title="bbox 138 4893 1584 4966">
    <p class='ocr_par' dir='ltr' id='par_1_85' title="bbox 138 4893 1584 4966">
     <span class='ocr_line' id='line_1_88' title="bbox 138 4893 1584 4966; baseline -0.002 -19"><span class='ocrx_word' id='word_1_571' title='bbox 138 4893 348 4966; x_wconf 69' lang='lat' dir='ltr'><strong>ceditjn</strong></span> <span class='ocrx_word' id='word_1_572' title='bbox 375 4893 642 4966; x_wconf 74' lang='lat' dir='ltr'><strong>vulgatis,</strong></span> <span class='ocrx_word' id='word_1_573' title='bbox 663 4895 901 4950; x_wconf 83' lang='lat' dir='ltr'><strong>unanimi</strong></span> <span class='ocrx_word' id='word_1_574' title='bbox 927 4910 1059 4950; x_wconf 89' lang='lat' dir='ltr'><strong>mss.</strong></span> <span class='ocrx_word' id='word_1_575' title='bbox 1090 4908 1361 4966; x_wconf 64' lang='lat' dir='ltr'><strong>consgtsu</strong></span> <span class='ocrx_word' id='word_1_576' title='bbox 1385 4895 1584 4966; x_wconf 71' lang='lat' dir='ltr'><strong>delevi.</strong></span> 
     </span>
    </p>
   </div>
   <div class='ocr_carea' id='block_1_86' title="bbox 202 4963 1712 5035">
    <p class='ocr_par' dir='ltr' id='par_1_86' title="bbox 202 4963 1712 5035">
     <span class='ocr_line' id='line_1_89' title="bbox 202 4963 1712 5035; baseline 0.001 -17"><span class='ocrx_word' id='word_1_577' title='bbox 202 4965 251 5035; x_wconf 86' lang='lat'><strong>_7.</strong></span> <span class='ocrx_word' id='word_1_578' title='bbox 274 4963 531 5022; x_wconf 64' lang='lat' dir='ltr'><strong>Tantalus</strong></span> <span class='ocrx_word' id='word_1_579' title='bbox 544 4982 658 5022; x_wconf 74' lang='lat' dir='ltr'><strong>rex.</strong></span> <span class='ocrx_word' id='word_1_580' title='bbox 678 4968 812 5035; x_wconf 70' lang='lat' dir='ltr'><strong>Qua:</strong></span> <span class='ocrx_word' id='word_1_581' title='bbox 834 4967 936 5020; x_wconf 88' lang='lat' dir='ltr'><strong>hoc</strong></span> <span class='ocrx_word' id='word_1_582' title='bbox 953 4966 1129 5035; x_wconf 89' lang='lat' dir='ltr'><strong>capite</strong></span> <span class='ocrx_word' id='word_1_583' title='bbox 1148 4964 1217 5018; x_wconf 90' lang='lat' dir='ltr'><strong>de</strong></span> <span class='ocrx_word' id='word_1_584' title='bbox 1233 4963 1482 5031; x_wconf 86' lang='lat' dir='ltr'><strong>Tantalo,</strong></span> <span class='ocrx_word' id='word_1_585' title='bbox 1497 4963 1712 5033; x_wconf 86' lang='lat' dir='ltr'><strong>Cadmo,</strong></span> 
     </span>
    </p>
   </div>
   <div class='ocr_carea' id='block_1_87' title="bbox 139 5032 1713 5106">
    <p class='ocr_par' dir='ltr' id='par_1_87' title="bbox 139 5032 1713 5106">
     <span class='ocr_line' id='line_1_90' title="bbox 139 5032 1713 5106; baseline 0.002 -19"><span class='ocrx_word' id='word_1_586' title='bbox 139 5032 352 5104; x_wconf 81' lang='lat' dir='ltr'><strong>aliisque</strong></span> <span class='ocrx_word' id='word_1_587' title='bbox 370 5037 653 5104; x_wconf 90' lang='lat' dir='ltr'><strong>dicuntur,</strong></span> <span class='ocrx_word' id='word_1_588' title='bbox 695 5032 763 5092; x_wconf 82' lang='lat' dir='ltr'><strong>de</strong></span> <span class='ocrx_word' id='word_1_589' title='bbox 795 5037 924 5102; x_wconf 90' lang='lat' dir='ltr'><strong>illis,</strong></span> <span class='ocrx_word' id='word_1_590' title='bbox 956 5032 1081 5091; x_wconf 79' lang='lat' dir='ltr'><strong>cum</strong></span> <span class='ocrx_word' id='word_1_591' title='bbox 1115 5036 1168 5089; x_wconf 91' lang='lat' dir='ltr'><strong>in</strong></span> <span class='ocrx_word' id='word_1_592' title='bbox 1201 5037 1399 5106; x_wconf 90' lang='lat' dir='ltr'><strong>vulgus</strong></span> <span class='ocrx_word' id='word_1_593' title='bbox 1425 5044 1550 5090; x_wconf 88' lang='lat' dir='ltr'><strong>uota</strong></span> <span class='ocrx_word' id='word_1_594' title='bbox 1581 5032 1713 5102; x_wconf 82' lang='lat' dir='ltr'><strong>sint,</strong></span> 
     </span>
    </p>
   </div>
   <div class='ocr_carea' id='block_1_88' title="bbox 140 5105 1205 5176">
    <p class='ocr_par' dir='ltr' id='par_1_88' title="bbox 140 5105 1205 5176">
     <span class='ocr_line' id='line_1_91' title="bbox 140 5105 1205 5176; baseline -0.001 -14"><span class='ocrx_word' id='word_1_595' title='bbox 140 5105 374 5176; x_wconf 82' lang='lat' dir='ltr'><strong>putidum</strong></span> <span class='ocrx_word' id='word_1_596' title='bbox 403 5117 489 5164; x_wconf 88' lang='lat' dir='ltr'><strong>est</strong></span> <span class='ocrx_word' id='word_1_597' title='bbox 515 5107 718 5176; x_wconf 90' lang='lat' dir='ltr'><strong>aliquid</strong></span> <span class='ocrx_word' id='word_1_598' title='bbox 748 5107 1010 5163; x_wconf 89' lang='lat' dir='ltr'><strong>scribere.</strong></span> <span class='ocrx_word' id='word_1_599' title='bbox 1035 5106 1205 5162; x_wconf 68' lang='lat' dir='ltr'><strong>Fsan.</strong></span> 
     </span>
    </p>
   </div>
   <div class='ocr_carea' id='block_1_89' title="bbox 207 5175 1716 5249">
    <p class='ocr_par' dir='ltr' id='par_1_89' title="bbox 207 5175 1716 5249">
     <span class='ocr_line' id='line_1_92' title="bbox 207 5175 1716 5249; baseline 0.002 -21"><span class='ocrx_word' id='word_1_600' title='bbox 207 5176 258 5249; x_wconf 68' lang='grc'><strong>8.</strong></span> <span class='ocrx_word' id='word_1_601' title='bbox 288 5175 808 5249; x_wconf 55' lang='grc' dir='ltr'><strong>Βὴαηοειεδζιιυειι.</strong></span> <span class='ocrx_word' id='word_1_602' title='bbox 840 5178 987 5232; x_wconf 88' lang='lat' dir='ltr'><strong>Batt.</strong></span> <span class='ocrx_word' id='word_1_603' title='bbox 1016 5193 1101 5248; x_wconf 88' lang='lat' dir='ltr'><strong>pr.</strong></span> <span class='ocrx_word' id='word_1_604' title='bbox 1131 5187 1188 5249; x_wconf 86' lang='lat' dir='ltr'><strong>et</strong></span> <span class='ocrx_word' id='word_1_605' title='bbox 1218 5183 1371 5240; x_wconf 87' lang='lat' dir='ltr'><strong>tert.,</strong></span> <span class='ocrx_word' id='word_1_606' title='bbox 1402 5175 1680 5249; x_wconf 59' lang='lat' dir='ltr'><strong>Phanodgs</strong></span> <span class='ocrx_word' id='word_1_607' title='bbox 1701 5219 1716 5245; x_wconf 92' lang='lat'><strong>,</strong></span> 
     </span>
    </p>
   </div>
   <div class='ocr_carea' id='block_1_90' title="bbox 143 5245 1723 5321">
    <p class='ocr_par' dir='ltr' id='par_1_90' title="bbox 143 5245 1723 5321">
     <span class='ocr_line' id='line_1_93' title="bbox 143 5245 1723 5321; baseline 0.004 -23"><span class='ocrx_word' id='word_1_608' title='bbox 143 5245 294 5321; x_wconf 67' lang='lat' dir='ltr'><strong>male.</strong></span> <span class='ocrx_word' id='word_1_609' title='bbox 323 5248 471 5304; x_wconf 78' lang='lat' dir='ltr'><strong>Vixit</strong></span> <span class='ocrx_word' id='word_1_610' title='bbox 517 5245 837 5321; x_wconf 69' lang='lat' dir='ltr'><strong>Phattocles,</strong></span> <span class='ocrx_word' id='word_1_611' title='bbox 885 5245 1043 5321; x_wconf 67' lang='lat' dir='ltr'><strong>poeta</strong></span> <span class='ocrx_word' id='word_1_612' title='bbox 1062 5247 1394 5321; x_wconf 81' lang='lat' dir='ltr'><strong>_elegiaeus,</strong></span> <span class='ocrx_word' id='word_1_613' title='bbox 1443 5255 1567 5321; x_wconf 84' lang='lat' dir='ltr'><strong>post</strong></span> <span class='ocrx_word' id='word_1_614' title='bbox 1615 5247 1723 5304; x_wconf 90' lang='lat' dir='ltr'><strong>De-</strong></span> 
     </span>
    </p>
   </div>
   <div class='ocr_carea' id='block_1_91' title="bbox 145 5317 1726 5394">
    <p class='ocr_par' dir='ltr' id='par_1_91' title="bbox 145 5317 1726 5394">
     <span class='ocr_line' id='line_1_94' title="bbox 145 5317 1726 5394; baseline 0.004 -26"><span class='ocrx_word' id='word_1_615' title='bbox 145 5317 503 5394; x_wconf 51' lang='lat' dir='ltr'><strong>mosthenem.</strong></span> <span class='ocrx_word' id='word_1_616' title='bbox 526 5317 1032 5394; x_wconf 53' lang='lat' dir='ltr'><strong>Meminerunt&#39;ejus</strong></span> <span class='ocrx_word' id='word_1_617' title='bbox 1051 5317 1305 5394; x_wconf 75' lang='lat' dir='ltr'><strong>Clemens</strong></span> <span class='ocrx_word' id='word_1_618' title='bbox 1326 5319 1726 5394; x_wconf 73' lang='lat' dir='ltr'><strong>Alexandrinus</strong></span> 
     </span>
    </p>
   </div>
   <div class='ocr_carea' id='block_1_92' title="bbox 146 5387 1724 5461">
    <p class='ocr_par' dir='ltr' id='par_1_92' title="bbox 146 5387 1724 5461">
     <span class='ocr_line' id='line_1_95' title="bbox 146 5387 1724 5461; baseline 0.006 -25"><span class='ocrx_word' id='word_1_619' title='bbox 146 5387 193 5461; x_wconf 78' lang='lat' dir='ltr'><strong>in</strong></span> <span class='ocrx_word' id='word_1_620' title='bbox 238 5387 580 5461; x_wconf 78' lang='lat' dir='ltr'><strong>Protreptico</strong></span> <span class='ocrx_word' id='word_1_621' title='bbox 616 5407 673 5461; x_wconf 92' lang='lat' dir='ltr'><strong>p.</strong></span> <span class='ocrx_word' id='word_1_622' title='bbox 724 5391 796 5445; x_wconf 64' lang='grc' dir='ltr'><strong>ει</strong></span> <span class='ocrx_word' id='word_1_623' title='bbox 827 5401 882 5446; x_wconf 90' lang='lat' dir='ltr'><strong>et</strong></span> <span class='ocrx_word' id='word_1_624' title='bbox 931 5391 1029 5445; x_wconf 89' lang='lat' dir='ltr'><strong>lib.</strong></span> <span class='ocrx_word' id='word_1_625' title='bbox 1079 5404 1130 5444; x_wconf 69' lang='grc' dir='ltr'><strong>γι</strong></span> <span class='ocrx_word' id='word_1_626' title='bbox 1177 5391 1442 5447; x_wconf 83' lang='lat' dir='ltr'><strong>Stromat.</strong></span> <span class='ocrx_word' id='word_1_627' title='bbox 1497 5405 1551 5461; x_wconf 83' lang='lat' dir='ltr'><strong>p.</strong></span> <span class='ocrx_word' id='word_1_628' title='bbox 1591 5389 1724 5453; x_wconf 77' lang='lat'><strong>69.7;</strong></span> 
     </span>
    </p>
   </div>
   <div class='ocr_carea' id='block_1_93' title="bbox 147 5455 1729 5531">
    <p class='ocr_par' dir='ltr' id='par_1_93' title="bbox 147 5455 1729 5531">
     <span class='ocr_line' id='line_1_96' title="bbox 147 5455 1729 5531; baseline 0.004 -22"><span class='ocrx_word' id='word_1_629' title='bbox 147 5455 359 5531; x_wconf 62' lang='lat' dir='ltr'><strong>gratius</strong></span> <span class='ocrx_word' id='word_1_630' title='bbox 383 5455 447 5516; x_wconf 50' lang='lat' dir='ltr'><strong>in&#39;</strong></span> <span class='ocrx_word' id='word_1_631' title='bbox 476 5455 684 5517; x_wconf 64' lang='lat' dir='ltr'><strong>Stohfci</strong></span> <span class='ocrx_word' id='word_1_632' title='bbox 721 5461 1014 5531; x_wconf 76' lang='lat' dir='ltr'><strong>Excerptis</strong></span> <span class='ocrx_word' id='word_1_633' title='bbox 1055 5476 1110 5531; x_wconf 90' lang='lat' dir='ltr'><strong>p.</strong></span> <span class='ocrx_word' id='word_1_634' title='bbox 1142 5461 1268 5526; x_wconf 74' lang='grc'><strong>262,</strong></span> <span class='ocrx_word' id='word_1_635' title='bbox 1301 5473 1354 5515; x_wconf 90' lang='lat' dir='ltr'><strong>et</strong></span> <span class='ocrx_word' id='word_1_636' title='bbox 1391 5455 1634 5529; x_wconf 82' lang='lat' dir='ltr'><strong>Scaliger</strong></span> <span class='ocrx_word' id='word_1_637' title='bbox 1661 5461 1729 5515; x_wconf 89' lang='lat' dir='ltr'><strong>ad</strong></span> 
     </span>
    </p>
   </div>
   <div class='ocr_carea' id='block_1_94' title="bbox 149 5525 1732 5602">
    <p class='ocr_par' dir='ltr' id='par_1_94' title="bbox 149 5525 1732 5602">
     <span class='ocr_line' id='line_1_97' title="bbox 149 5525 1732 5602; baseline 0.004 -23"><span class='ocrx_word' id='word_1_638' title='bbox 149 5525 420 5602; x_wconf 80' lang='lat' dir='ltr'><strong>Euseb.p.</strong></span> <span class='ocrx_word' id='word_1_639' title='bbox 451 5531 519 5587; x_wconf 74' lang='grc'><strong>41</strong></span> <span class='ocrx_word' id='word_1_640' title='bbox 560 5531 776 5588; x_wconf 87' lang='lat' dir='ltr'><strong>Tantali</strong></span> <span class='ocrx_word' id='word_1_641' title='bbox 823 5541 875 5588; x_wconf 93' lang='lat' dir='ltr'><strong>et</strong></span> <span class='ocrx_word' id='word_1_642' title='bbox 905 5525 1261 5602; x_wconf 71' lang='lat' dir='ltr'><strong>Ganymedis</strong></span> <span class='ocrx_word' id='word_1_643' title='bbox 1283 5525 1616 5602; x_wconf 71' lang='lat' dir='ltr'><strong>mentionem</strong></span> <span class='ocrx_word' id='word_1_644' title='bbox 1650 5532 1732 5585; x_wconf 89' lang='lat' dir='ltr'><strong>fe-</strong></span> 
     </span>
    </p>
   </div>
   <div class='ocr_carea' id='block_1_95' title="bbox 149 5596 1734 5676">
    <p class='ocr_par' dir='ltr' id='par_1_95' title="bbox 149 5596 1734 5676">
     <span class='ocr_line' id='line_1_98' title="bbox 149 5596 1734 5676; baseline 0.009 -28"><span class='ocrx_word' id='word_1_645' title='bbox 149 5596 282 5674; x_wconf 85' lang='lat' dir='ltr'><strong>cisse</strong></span> <span class='ocrx_word' id='word_1_646' title='bbox 307 5596 524 5676; x_wconf 83' lang='lat' dir='ltr'><strong>videtur</strong></span> <span class='ocrx_word' id='word_1_647' title='bbox 547 5604 600 5658; x_wconf 93' lang='lat' dir='ltr'><strong>in</strong></span> <span class='ocrx_word' id='word_1_648' title='bbox 623 5613 898 5676; x_wconf 87' lang='lat' dir='ltr'><strong>poemate,</strong></span> <span class='ocrx_word' id='word_1_649' title='bbox 930 5596 1073 5674; x_wconf 73' lang='lat' dir='ltr'><strong>quod</strong></span> <span class='ocrx_word' id='word_1_650' title='bbox 1096 5603 1496 5676; x_wconf 82' lang='lat' dir='ltr'><strong>inscribebatur</strong></span> <span class='ocrx_word' id='word_1_651' title='bbox 1514 5598 1734 5676; x_wconf 56' lang='grc' dir='ltr'><strong>’ξερῳτες</strong></span> 
     </span>
    </p>
   </div>
   <div class='ocr_carea' id='block_1_96' title="bbox 151 5671 1739 5793">
    <p class='ocr_par' dir='ltr' id='par_1_96' title="bbox 151 5671 1739 5793">
     <span class='ocr_line' id='line_1_99' title="bbox 151 5671 1739 5793; baseline 0.004 -68"><span class='ocrx_word' id='word_1_652' title='bbox 151 5671 451 5793; x_wconf 64' lang='grc' dir='ltr'><strong>ιεςσιλοε,</strong></span> <span class='ocrx_word' id='word_1_653' title='bbox 479 5671 639 5747; x_wconf 80' lang='lat' dir='ltr'><strong>cuius</strong></span> <span class='ocrx_word' id='word_1_654' title='bbox 657 5675 864 5734; x_wconf 88' lang='lat' dir='ltr'><strong>mentio</strong></span> <span class='ocrx_word' id='word_1_655' title='bbox 889 5671 974 5732; x_wconf 81' lang='lat' dir='ltr'><strong>est</strong></span> <span class='ocrx_word' id='word_1_656' title='bbox 1001 5673 1144 5744; x_wconf 88' lang='lat' dir='ltr'><strong>apud</strong></span> <span class='ocrx_word' id='word_1_657' title='bbox 1164 5675 1501 5732; x_wconf 84' lang='lat' dir='ltr'><strong>Clementem</strong></span> <span class='ocrx_word' id='word_1_658' title='bbox 1529 5671 1584 5725; x_wconf 75' lang='lat' dir='ltr'><strong>iu&quot;</strong></span> <span class='ocrx_word' id='word_1_659' title='bbox 1605 5672 1739 5752; x_wconf 65' lang='grc' dir='ltr'><strong>Ρω-</strong></span> 
     </span>
     <span class='ocr_line' id='line_1_100' title="bbox 239 5756 392 5793; baseline 0.007 0"><span class='ocrx_word' id='word_1_660' title='bbox 239 5756 267 5793; x_wconf 86' lang='lat' dir='ltr'><strong>Il</strong></span> <span class='ocrx_word' id='word_1_661' title='bbox 294 5757 392 5793; x_wconf 80' lang='lat' dir='ltr'><strong>ICO.</strong></span> 
     </span>
    </p>
   </div>
   <div class='ocr_carea' id='block_1_97' title="bbox 239 5756 392 5808">
    <p class='ocr_par' dir='ltr' id='par_1_97' title="bbox 239 5756 392 5808">
     <span class='ocr_line' id='line_1_101' title="bbox 239 5756 392 5808; baseline 0.033 -15"><span class='ocrx_word' id='word_1_662' title='bbox 239 5756 392 5808; x_wconf 84' lang='lat' dir='ltr'><strong>ptteo.</strong></span> 
     </span>
    </p>
   </div>
   <div class='ocr_carea' id='block_1_98' title="bbox 1878 3256 3396 3330">
    <p class='ocr_par' dir='ltr' id='par_1_98' title="bbox 1878 3256 3396 3330">
     <span class='ocr_line' id='line_1_102' title="bbox 1878 3256 3396 3330; baseline -0.005 -12"><span class='ocrx_word' id='word_1_663' title='bbox 1878 3265 1968 3319; x_wconf 78' lang='lat' dir='ltr'><strong>lt).</strong></span> <span class='ocrx_word' id='word_1_664' title='bbox 1997 3262 2318 3317; x_wconf 83' lang='lat' dir='ltr'><strong>Audiuntur.</strong></span> <span class='ocrx_word' id='word_1_665' title='bbox 2351 3261 2478 3315; x_wconf 79' lang='lat' dir='ltr'><strong>Mss.</strong></span> <span class='ocrx_word' id='word_1_666' title='bbox 2512 3261 2730 3330; x_wconf 81' lang='lat' dir='ltr'><strong>quidam</strong></span> <span class='ocrx_word' id='word_1_667' title='bbox 2759 3266 2812 3314; x_wconf 87' lang='lat' dir='ltr'><strong>et</strong></span> <span class='ocrx_word' id='word_1_668' title='bbox 2839 3257 2992 3321; x_wconf 87' lang='lat' dir='ltr'><strong>editi,</strong></span> <span class='ocrx_word' id='word_1_669' title='bbox 3017 3256 3396 3330; x_wconf 80' lang='lat' dir='ltr'><strong>adjunguntur.</strong></span> 
     </span>
    </p>
   </div>
   <div class='ocr_carea' id='block_1_99' title="bbox 1877 3327 3406 3402">
    <p class='ocr_par' dir='ltr' id='par_1_99' title="bbox 1877 3327 3406 3402">
     <span class='ocr_line' id='line_1_103' title="bbox 1877 3327 3406 3402; baseline -0.005 -12"><span class='ocrx_word' id='word_1_670' title='bbox 1877 3336 1964 3390; x_wconf 75' lang='lat' dir='ltr'><strong>Il.</strong></span> <span class='ocrx_word' id='word_1_671' title='bbox 1997 3334 2281 3389; x_wconf 82' lang='lat' dir='ltr'><strong>Pra&#39;tereo.</strong></span> <span class='ocrx_word' id='word_1_672' title='bbox 2313 3327 2563 3387; x_wconf 80' lang='lat' dir='ltr'><strong>Perizon.</strong></span> <span class='ocrx_word' id='word_1_673' title='bbox 2592 3340 2864 3402; x_wconf 76' lang='lat' dir='ltr'><strong>prwterea,</strong></span> <span class='ocrx_word' id='word_1_674' title='bbox 2891 3327 3046 3399; x_wconf 86' lang='lat' dir='ltr'><strong>quasi</strong></span> <span class='ocrx_word' id='word_1_675' title='bbox 3082 3327 3406 3398; x_wconf 58' lang='lat' dir='ltr'><strong>praeceden-</strong></span> 
     </span>
    </p>
   </div>
   <div class='ocr_carea' id='block_1_100' title="bbox 1806 3404 2590 3464">
    <p class='ocr_par' dir='ltr' id='par_1_100' title="bbox 1806 3404 2590 3464">
     <span class='ocr_line' id='line_1_104' title="bbox 1806 3404 2590 3464; baseline -0.011 0"><span class='ocrx_word' id='word_1_676' title='bbox 1806 3408 1949 3464; x_wconf 87' lang='lat' dir='ltr'><strong>tibus</strong></span> <span class='ocrx_word' id='word_1_677' title='bbox 1980 3413 2364 3460; x_wconf 88' lang='lat' dir='ltr'><strong>annecteretur</strong></span> <span class='ocrx_word' id='word_1_678' title='bbox 2391 3404 2590 3458; x_wconf 87' lang='lat' dir='ltr'><strong>oratio.</strong></span> 
     </span>
    </p>
   </div>
   <div class='ocr_carea' id='block_1_101' title="bbox 1875 3471 3118 3542">
    <p class='ocr_par' dir='ltr' id='par_1_101' title="bbox 1875 3471 3118 3542">
     <span class='ocr_line' id='line_1_105' title="bbox 1875 3471 3118 3542; baseline -0.006 -10"><span class='ocrx_word' id='word_1_679' title='bbox 1875 3481 1961 3532; x_wconf 74' lang='lat' dir='ltr'><strong>l2.</strong></span> <span class='ocrx_word' id='word_1_680' title='bbox 2007 3476 2223 3530; x_wconf 83' lang='lat' dir='ltr'><strong>Cadmo.</strong></span> <span class='ocrx_word' id='word_1_681' title='bbox 2257 3474 2520 3542; x_wconf 83' lang='lat' dir='ltr'><strong>Cupulam</strong></span> <span class='ocrx_word' id='word_1_682' title='bbox 2544 3482 2593 3526; x_wconf 85' lang='lat' dir='ltr'><strong>et</strong></span> <span class='ocrx_word' id='word_1_683' title='bbox 2621 3471 2785 3527; x_wconf 89' lang='lat' dir='ltr'><strong>iidem</strong></span> <span class='ocrx_word' id='word_1_684' title='bbox 2809 3471 3118 3541; x_wconf 60' lang='lat' dir='ltr'><strong>praefigunt.</strong></span> 
     </span>
    </p>
   </div>
   <div class='ocr_carea' id='block_1_102' title="bbox 1880 3544 3109 3616">
    <p class='ocr_par' dir='ltr' id='par_1_102' title="bbox 1880 3544 3109 3616">
     <span class='ocr_line' id='line_1_106' title="bbox 1880 3544 3109 3616; baseline -0.006 -14"><span class='ocrx_word' id='word_1_685' title='bbox 1880 3549 1968 3602; x_wconf 75' lang='grc'><strong>15.</strong></span> <span class='ocrx_word' id='word_1_686' title='bbox 2000 3547 2280 3616; x_wconf 75' lang='lat' dir='ltr'><strong>Recursus.</strong></span> <span class='ocrx_word' id='word_1_687' title='bbox 2313 3545 2483 3616; x_wconf 81' lang='lat' dir='ltr'><strong>Lugd.</strong></span> <span class='ocrx_word' id='word_1_688' title='bbox 2527 3544 2667 3598; x_wconf 86' lang='lat' dir='ltr'><strong>Batt.</strong></span> <span class='ocrx_word' id='word_1_689' title='bbox 2699 3551 2834 3616; x_wconf 76' lang='lat' dir='ltr'><strong>tres,</strong></span> <span class='ocrx_word' id='word_1_690' title='bbox 2858 3557 3109 3596; x_wconf 81' lang='lat' dir='ltr'><strong>recessus.</strong></span> 
     </span>
    </p>
   </div>
   <div class='ocr_carea' id='block_1_103' title="bbox 1880 3612 2884 3672">
    <p class='ocr_par' dir='ltr' id='par_1_103' title="bbox 1880 3612 2884 3672">
     <span class='ocr_line' id='line_1_107' title="bbox 1880 3612 2884 3672; baseline -0.007 0"><span class='ocrx_word' id='word_1_691' title='bbox 1880 3617 1970 3672; x_wconf 73' lang='grc' dir='ltr'><strong>Μ.</strong></span> <span class='ocrx_word' id='word_1_692' title='bbox 2001 3615 2277 3671; x_wconf 79' lang='lat' dir='ltr'><strong>Flebilem.</strong></span> <span class='ocrx_word' id='word_1_693' title='bbox 2310 3612 2485 3670; x_wconf 67' lang='lat' dir='ltr'><strong>Peril.</strong></span> <span class='ocrx_word' id='word_1_694' title='bbox 2517 3612 2884 3668; x_wconf 85' lang='lat' dir='ltr'><strong>miserabilem.</strong></span> 
     </span>
    </p>
   </div>
   <div class='ocr_carea' id='block_1_104' title="bbox 1882 3681 3404 3760">
    <p class='ocr_par' dir='ltr' id='par_1_104' title="bbox 1882 3681 3404 3760">
     <span class='ocr_line' id='line_1_108' title="bbox 1882 3681 3404 3760; baseline -0.003 -17"><span class='ocrx_word' id='word_1_695' title='bbox 2016 3685 2084 3740; x_wconf 87' lang='lat' dir='ltr'><strong>Et</strong></span> <span class='ocrx_word' id='word_1_696' title='bbox 2130 3686 2434 3760; x_wconf 81' lang='lat' dir='ltr'><strong>parricidia.</strong></span> <span class='ocrx_word' id='word_1_697' title='bbox 2477 3685 2738 3756; x_wconf 84' lang='lat' dir='ltr'><strong>Copulam</strong></span> <span class='ocrx_word' id='word_1_698' title='bbox 2784 3681 2954 3738; x_wconf 87' lang='lat' dir='ltr'><strong>deleri</strong></span> <span class='ocrx_word' id='word_1_699' title='bbox 2994 3681 3190 3752; x_wconf 85' lang='lat' dir='ltr'><strong>jubent</strong></span> <span class='ocrx_word' id='word_1_700' title='bbox 3227 3683 3404 3754; x_wconf 83' lang='lat' dir='ltr'><strong>Lugd.</strong></span> 
     </span>
    </p>
   </div>
   <div class='ocr_carea' id='block_1_105' title="bbox 1810 3760 2304 3816">
    <p class='ocr_par' dir='ltr' id='par_1_105' title="bbox 1810 3760 2304 3816">
     <span class='ocr_line' id='line_1_109' title="bbox 1810 3760 2304 3816; baseline -0.012 0"><span class='ocrx_word' id='word_1_701' title='bbox 1810 3760 1950 3816; x_wconf 81' lang='lat' dir='ltr'><strong>Batt.</strong></span> <span class='ocrx_word' id='word_1_702' title='bbox 1983 3775 2067 3816; x_wconf 84' lang='lat' dir='ltr'><strong>nr.</strong></span> <span class='ocrx_word' id='word_1_703' title='bbox 2099 3772 2156 3814; x_wconf 90' lang='lat' dir='ltr'><strong>et</strong></span> <span class='ocrx_word' id='word_1_704' title='bbox 2178 3769 2304 3812; x_wconf 89' lang='lat' dir='ltr'><strong>tcrt.</strong></span> 
     </span>
    </p>
   </div>
   <div class='ocr_carea' id='block_1_106' title="bbox 1885 3775 3116 3900">
    <p class='ocr_par' dir='ltr' id='par_1_106' title="bbox 1885 3775 3116 3900">
     <span class='ocr_line' id='line_1_110' title="bbox 1885 3775 3116 3900; baseline -0.006 -17"><span class='ocrx_word' id='word_1_705' title='bbox 1885 3775 2457 3900; x_wconf 46' lang='lat' dir='ltr'><strong>IIi..p(rE.¢l:il;)it.ir&#39;iI.Editi</strong></span> <span class='ocrx_word' id='word_1_706' title='bbox 2498 3825 2714 3894; x_wconf 89' lang='lat' dir='ltr'><strong>quidam</strong></span> <span class='ocrx_word' id='word_1_707' title='bbox 2756 3832 2804 3900; x_wconf 70' lang='lat' dir='ltr'><strong>et</strong></span> <span class='ocrx_word' id='word_1_708' title='bbox 2834 3821 3116 3900; x_wconf 57' lang='grc' dir='ltr'><strong>(ξιιὴηςης.</strong></span> 
     </span>
    </p>
   </div>
   <div class='ocr_carea' id='block_1_107' title="bbox 1883 3891 3409 3963">
    <p class='ocr_par' dir='ltr' id='par_1_107' title="bbox 1883 3891 3409 3963">
     <span class='ocr_line' id='line_1_111' title="bbox 1883 3891 3409 3963; baseline -0.003 -10"><span class='ocrx_word' id='word_1_709' title='bbox 1883 3901 1970 3953; x_wconf 81' lang='lat' dir='ltr'><strong>I7.</strong></span> <span class='ocrx_word' id='word_1_710' title='bbox 2005 3891 2203 3952; x_wconf 64' lang='lat' dir='ltr'><strong>Medc&#39;w</strong></span> <span class='ocrx_word' id='word_1_711' title='bbox 2241 3913 2416 3951; x_wconf 89' lang='lat' dir='ltr'><strong>amore</strong></span> <span class='ocrx_word' id='word_1_712' title='bbox 2454 3891 2587 3950; x_wconf 69' lang='lat' dir='ltr'><strong>mo</strong></span> <span class='ocrx_word' id='word_1_713' title='bbox 2623 3895 2834 3948; x_wconf 74' lang='lat' dir='ltr'><strong>sancite.</strong></span> <span class='ocrx_word' id='word_1_714' title='bbox 2880 3891 3120 3963; x_wconf 69' lang='lat' dir='ltr'><strong>IleSpicit</strong></span> <span class='ocrx_word' id='word_1_715' title='bbox 3147 3891 3302 3948; x_wconf 88' lang='lat' dir='ltr'><strong>illum</strong></span> <span class='ocrx_word' id='word_1_716' title='bbox 3330 3892 3409 3950; x_wconf 90' lang='lat' dir='ltr'><strong>I0-</strong></span> 
     </span>
    </p>
   </div>
   <div class='ocr_carea' id='block_1_108' title="bbox 1808 3969 2456 4032">
    <p class='ocr_par' dir='ltr' id='par_1_108' title="bbox 1808 3969 2456 4032">
     <span class='ocr_line' id='line_1_112' title="bbox 1808 3969 2456 4032; baseline -0.014 -4"><span class='ocrx_word' id='word_1_717' title='bbox 1808 3985 1932 4028; x_wconf 89' lang='lat' dir='ltr'><strong>cum</strong></span> <span class='ocrx_word' id='word_1_718' title='bbox 1965 3969 2120 4024; x_wconf 88' lang='lat' dir='ltr'><strong>Ennii</strong></span> <span class='ocrx_word' id='word_1_719' title='bbox 2150 3984 2216 4022; x_wconf 81' lang='lat' dir='ltr'><strong>ex</strong></span> <span class='ocrx_word' id='word_1_720' title='bbox 2247 3969 2456 4032; x_wconf 81' lang='lat' dir='ltr'><strong>Medea,</strong></span> 
     </span>
    </p>
   </div>
   <div class='ocr_carea' id='block_1_109' title="bbox 1871 4054 3317 4128">
    <p class='ocr_par' dir='ltr' id='par_1_109' title="bbox 1871 4054 3317 4128">
     <span class='ocr_line' id='line_1_113' title="bbox 1871 4054 3317 4128; baseline -0.008 -12"><span class='ocrx_word' id='word_1_721' title='bbox 1871 4067 1994 4116; x_wconf 81' lang='lat' dir='ltr'><strong>Nam</strong></span> <span class='ocrx_word' id='word_1_722' title='bbox 2016 4077 2261 4125; x_wconf 89' lang='lat' dir='ltr'><strong>nunquam</strong></span> <span class='ocrx_word' id='word_1_723' title='bbox 2283 4063 2404 4110; x_wconf 88' lang='lat' dir='ltr'><strong>hera</strong></span> <span class='ocrx_word' id='word_1_724' title='bbox 2428 4072 2600 4109; x_wconf 87' lang='lat' dir='ltr'><strong>errans</strong></span> <span class='ocrx_word' id='word_1_725' title='bbox 2617 4071 2726 4107; x_wconf 79' lang='lat' dir='ltr'><strong>mea</strong></span> <span class='ocrx_word' id='word_1_726' title='bbox 2751 4057 2896 4105; x_wconf 89' lang='lat' dir='ltr'><strong>domo</strong></span> <span class='ocrx_word' id='word_1_727' title='bbox 2912 4054 3123 4128; x_wconf 70' lang='lat' dir='ltr'><strong>efferret</strong></span> <span class='ocrx_word' id='word_1_728' title='bbox 3138 4054 3317 4118; x_wconf 86' lang='lat' dir='ltr'><strong>pedem</strong></span> 
     </span>
    </p>
   </div>
   <div class='ocr_carea' id='block_1_110' title="bbox 1874 4128 2974 4191">
    <p class='ocr_par' dir='ltr' id='par_1_110' title="bbox 1874 4128 2974 4191">
     <span class='ocr_line' id='line_1_114' title="bbox 1874 4128 2974 4191; baseline -0.012 -11"><span class='ocrx_word' id='word_1_729' title='bbox 1874 4129 2070 4191; x_wconf 80' lang='lat' dir='ltr'><strong>Medea,</strong></span> <span class='ocrx_word' id='word_1_730' title='bbox 2095 4128 2256 4176; x_wconf 89' lang='lat' dir='ltr'><strong>animo</strong></span> <span class='ocrx_word' id='word_1_731' title='bbox 2279 4135 2433 4186; x_wconf 72' lang='lat' dir='ltr'><strong>aegra,</strong></span> <span class='ocrx_word' id='word_1_732' title='bbox 2456 4133 2623 4170; x_wconf 87' lang='lat' dir='ltr'><strong>amore</strong></span> <span class='ocrx_word' id='word_1_733' title='bbox 2643 4132 2775 4169; x_wconf 70' lang='lat' dir='ltr'><strong>saevo</strong></span> <span class='ocrx_word' id='word_1_734' title='bbox 2790 4132 2974 4168; x_wconf 83' lang='lat' dir='ltr'><strong>saneta.</strong></span> 
     </span>
    </p>
   </div>
   <div class='ocr_carea' id='block_1_111' title="bbox 1811 4222 3408 4300">
    <p class='ocr_par' dir='ltr' id='par_1_111' title="bbox 1811 4222 3408 4300">
     <span class='ocr_line' id='line_1_115' title="bbox 1811 4222 3408 4300; baseline -0.006 -12"><span class='ocrx_word' id='word_1_735' title='bbox 1811 4234 1915 4300; x_wconf 79' lang='lat' dir='ltr'><strong>Qui</strong></span> <span class='ocrx_word' id='word_1_736' title='bbox 1941 4233 2088 4287; x_wconf 84' lang='lat' dir='ltr'><strong>locus</strong></span> <span class='ocrx_word' id='word_1_737' title='bbox 2110 4237 2282 4283; x_wconf 77' lang='lat' dir='ltr'><strong>exstat</strong></span> <span class='ocrx_word' id='word_1_738' title='bbox 2306 4227 2429 4300; x_wconf 81' lang='lat' dir='ltr'><strong>libr.</strong></span> <span class='ocrx_word' id='word_1_739' title='bbox 2444 4240 2493 4300; x_wconf 80' lang='lat' dir='ltr'><strong>_tt</strong></span> <span class='ocrx_word' id='word_1_740' title='bbox 2516 4223 2934 4300; x_wconf 27' lang='lat' dir='ltr'><strong>lt‘ltetoricorum</strong></span> <span class='ocrx_word' id='word_1_741' title='bbox 2957 4222 3026 4277; x_wconf 91' lang='lat' dir='ltr'><strong>ad</strong></span> <span class='ocrx_word' id='word_1_742' title='bbox 3048 4223 3408 4293; x_wconf 83' lang='lat' dir='ltr'><strong>Herennium,</strong></span> 
     </span>
    </p>
   </div>
   <div class='ocr_carea' id='block_1_112' title="bbox 1814 4295 3087 4375">
    <p class='ocr_par' dir='ltr' id='par_1_112' title="bbox 1814 4295 3087 4375">
     <span class='ocr_line' id='line_1_116' title="bbox 1814 4295 3087 4375; baseline -0.01 -14"><span class='ocrx_word' id='word_1_743' title='bbox 1814 4295 1976 4375; x_wconf 67' lang='lat' dir='ltr'><strong>atque</strong></span> <span class='ocrx_word' id='word_1_744' title='bbox 2001 4303 2070 4358; x_wconf 91' lang='lat' dir='ltr'><strong>de</strong></span> <span class='ocrx_word' id='word_1_745' title='bbox 2100 4301 2207 4356; x_wconf 92' lang='lat' dir='ltr'><strong>illis</strong></span> <span class='ocrx_word' id='word_1_746' title='bbox 2239 4295 2602 4368; x_wconf 83' lang='lat' dir='ltr'><strong>Euripidianis</strong></span> <span class='ocrx_word' id='word_1_747' title='bbox 2627 4303 2920 4364; x_wconf 84' lang='lat' dir='ltr'><strong>expressus</strong></span> <span class='ocrx_word' id='word_1_748' title='bbox 2958 4303 3042 4349; x_wconf 86' lang='lat' dir='ltr'><strong>est</strong></span> <span class='ocrx_word' id='word_1_749' title='bbox 3071 4309 3087 4348; x_wconf 85' lang='lat'><strong>:</strong></span> 
     </span>
    </p>
   </div>
   <div class='ocr_carea' id='block_1_113' title="bbox 2249 4396 2728 4460">
    <p class='ocr_par' dir='ltr' id='par_1_113' title="bbox 2249 4396 2728 4460">
     <span class='ocr_line' id='line_1_117' title="bbox 2249 4396 2728 4460; baseline -0.013 -19"><span class='ocrx_word' id='word_1_750' title='bbox 2249 4404 2302 4441; x_wconf 73' lang='grc' dir='ltr'><strong>οὺ</strong></span> <span class='ocrx_word' id='word_1_751' title='bbox 2325 4403 2392 4454; x_wconf 64' lang='grc' dir='ltr'><strong>γὰρ</strong></span> <span class='ocrx_word' id='word_1_752' title='bbox 2413 4402 2457 4439; x_wconf 75' lang='grc' dir='ltr'><strong>ἀν</strong></span> <span class='ocrx_word' id='word_1_753' title='bbox 2475 4396 2728 4460; x_wconf 43' lang='grc' dir='ltr'><strong>δίη-κου’,ῳή</strong></span> 
     </span>
    </p>
   </div>
   <div class='ocr_carea' id='block_1_114' title="bbox 2064 4456 2813 4516">
    <p class='ocr_par' dir='ltr' id='par_1_114' title="bbox 2064 4456 2813 4516">
     <span class='ocr_line' id='line_1_118' title="bbox 2064 4456 2813 4516; baseline -0.013 -9"><span class='ocrx_word' id='word_1_754' title='bbox 2064 4463 2212 4515; x_wconf 54' lang='lat' dir='ltr'><strong>“vidua.</strong></span> <span class='ocrx_word' id='word_1_755' title='bbox 2233 4469 2384 4516; x_wconf 62' lang='grc' dir='ltr'>π’ᾶρτους</span> <span class='ocrx_word' id='word_1_756' title='bbox 2405 4470 2466 4514; x_wconf 77' lang='grc' dir='ltr'><strong>τῆς</strong></span> <span class='ocrx_word' id='word_1_757' title='bbox 2483 4462 2624 4501; x_wconf 61' lang='grc' dir='ltr'><strong>ζπλιυσ⁹</strong></span> <span class='ocrx_word' id='word_1_758' title='bbox 2645 4456 2813 4506; x_wconf 56' lang='lat' dir='ltr'><strong>lubido;</strong></span> 
     </span>
    </p>
   </div>
   <div class='ocr_carea' id='block_1_115' title="bbox 2065 4519 2734 4581">
    <p class='ocr_par' dir='ltr' id='par_1_115' title="bbox 2065 4519 2734 4581">
     <span class='ocr_line' id='line_1_119' title="bbox 2065 4519 2734 4581; baseline -0.01 -12"><span class='ocrx_word' id='word_1_759' title='bbox 2065 4519 2181 4581; x_wconf 68' lang='grc' dir='ltr'><strong>ἑρωτι</strong></span> <span class='ocrx_word' id='word_1_760' title='bbox 2201 4529 2310 4578; x_wconf 70' lang='grc' dir='ltr'><strong>θυμὸν</strong></span> <span class='ocrx_word' id='word_1_761' title='bbox 2333 4527 2537 4577; x_wconf 61' lang='grc' dir='ltr'><strong>ιιιλαγιὶό</strong></span> <span class='ocrx_word' id='word_1_762' title='bbox 2564 4527 2734 4571; x_wconf 74' lang='grc' dir='ltr'><strong>Ιὰσονος.</strong></span> 
     </span>
    </p>
   </div>
   <div class='ocr_carea' id='block_1_116' title="bbox 1691 4582 3422 4662">
    <p class='ocr_par' dir='ltr' id='par_1_116' title="bbox 1691 4582 3422 4662">
     <span class='ocr_line' id='line_1_120' title="bbox 1691 4582 3422 4662; baseline -0.009 1"><span class='ocrx_word' id='word_1_763' title='bbox 1691 4582 1705 4607; x_wconf 81' lang='grc'><strong><em>’</em></strong></span> <span class='ocrx_word' id='word_1_764' title='bbox 1737 4583 1792 4646; x_wconf 80' lang='grc' dir='ltr'><strong>Ῑ)</strong></span> <span class='ocrx_word' id='word_1_765' title='bbox 1819 4603 2060 4662; x_wconf 82' lang='lat' dir='ltr'><strong>Meminit</strong></span> <span class='ocrx_word' id='word_1_766' title='bbox 2090 4612 2143 4657; x_wconf 90' lang='lat' dir='ltr'><strong>et</strong></span> <span class='ocrx_word' id='word_1_767' title='bbox 2166 4600 2358 4656; x_wconf 87' lang='lat' dir='ltr'><strong>Cicero</strong></span> <span class='ocrx_word' id='word_1_768' title='bbox 2385 4599 2438 4654; x_wconf 92' lang='lat' dir='ltr'><strong>in</strong></span> <span class='ocrx_word' id='word_1_769' title='bbox 2460 4596 2718 4653; x_wconf 80' lang='lat' dir='ltr'><strong>Caeliana.</strong></span> <span class='ocrx_word' id='word_1_770' title='bbox 2746 4594 2914 4650; x_wconf 76' lang='lat' dir='ltr'><strong>FABR.</strong></span> <span class='ocrx_word' id='word_1_771' title='bbox 2939 4593 3176 4651; x_wconf 84' lang='lat' dir='ltr'><strong>—Flor.</strong></span> <span class='ocrx_word' id='word_1_772' title='bbox 3204 4600 3329 4649; x_wconf 89' lang='lat' dir='ltr'><strong>tert.</strong></span> <span class='ocrx_word' id='word_1_773' title='bbox 3363 4601 3422 4648; x_wconf 92' lang='lat' dir='ltr'><strong>et</strong></span> 
     </span>
    </p>
   </div>
   <div class='ocr_carea' id='block_1_117' title="bbox 1820 4674 2306 4740">
    <p class='ocr_par' dir='ltr' id='par_1_117' title="bbox 1820 4674 2306 4740">
     <span class='ocr_line' id='line_1_121' title="bbox 1820 4674 2306 4740; baseline -0.016 -8"><span class='ocrx_word' id='word_1_774' title='bbox 1820 4677 1995 4740; x_wconf 76' lang='lat' dir='ltr'><strong>Meus,</strong></span> <span class='ocrx_word' id='word_1_775' title='bbox 2035 4674 2306 4730; x_wconf 70' lang='lat' dir='ltr'><strong>sauciataz.</strong></span> 
     </span>
    </p>
   </div>
   <div class='ocr_carea' id='block_1_118' title="bbox 1894 4734 3422 4808">
    <p class='ocr_par' dir='ltr' id='par_1_118' title="bbox 1894 4734 3422 4808">
     <span class='ocr_line' id='line_1_122' title="bbox 1894 4734 3422 4808; baseline -0.009 -7"><span class='ocrx_word' id='word_1_776' title='bbox 1894 4734 1993 4804; x_wconf 69' lang='grc'><strong>18.⁷</strong></span> <span class='ocrx_word' id='word_1_777' title='bbox 2013 4739 2391 4802; x_wconf 83' lang='lat' dir='ltr'><strong>Sustinuerint.</strong></span> <span class='ocrx_word' id='word_1_778' title='bbox 2419 4741 2566 4796; x_wconf 84' lang='lat' dir='ltr'><strong>Flor.</strong></span> <span class='ocrx_word' id='word_1_779' title='bbox 2597 4747 2720 4795; x_wconf 85' lang='lat' dir='ltr'><strong>tert.</strong></span> <span class='ocrx_word' id='word_1_780' title='bbox 2747 4747 2802 4795; x_wconf 91' lang='lat' dir='ltr'><strong>ct</strong></span> <span class='ocrx_word' id='word_1_781' title='bbox 2843 4736 2931 4792; x_wconf 87' lang='lat' dir='ltr'><strong>ed.</strong></span> <span class='ocrx_word' id='word_1_782' title='bbox 2955 4737 3119 4808; x_wconf 83' lang='lat' dir='ltr'><strong>Aug.,</strong></span> <span class='ocrx_word' id='word_1_783' title='bbox 3163 4734 3422 4790; x_wconf 83' lang='lat' dir='ltr'><strong>sustinue-</strong></span> 
     </span>
    </p>
   </div>
   <div class='ocr_carea' id='block_1_119' title="bbox 1820 4828 3420 4947">
    <p class='ocr_par' dir='ltr' id='par_1_119' title="bbox 1820 4828 3420 4947">
     <span class='ocr_line' id='line_1_123' title="bbox 1820 4828 3420 4947; baseline -0.008 -4"><span class='ocrx_word' id='word_1_784' title='bbox 1820 4828 2024 4943; x_wconf 55' lang='lat' dir='ltr'><strong>rmC’ie.</strong></span> <span class='ocrx_word' id='word_1_785' title='bbox 2071 4887 2208 4943; x_wconf 80' lang='lat' dir='ltr'>XIII.</span> <span class='ocrx_word' id='word_1_786' title='bbox 2236 4886 2382 4941; x_wconf 81' lang='lat' dir='ltr'><strong>—-l.</strong></span> <span class='ocrx_word' id='word_1_787' title='bbox 2425 4883 2577 4936; x_wconf 86' lang='lat' dir='ltr'><strong>Anno</strong></span> <span class='ocrx_word' id='word_1_788' title='bbox 2619 4881 2757 4947; x_wconf 81' lang='lat' dir='ltr'><strong>ante,</strong></span> <span class='ocrx_word' id='word_1_789' title='bbox 2804 4887 2912 4933; x_wconf 90' lang='lat' dir='ltr'><strong>etc.</strong></span> <span class='ocrx_word' id='word_1_790' title='bbox 2956 4876 3036 4931; x_wconf 78' lang='lat' dir='ltr'><strong>Ex</strong></span> <span class='ocrx_word' id='word_1_791' title='bbox 3079 4892 3208 4932; x_wconf 90' lang='lat' dir='ltr'><strong>mss.</strong></span> <span class='ocrx_word' id='word_1_792' title='bbox 3245 4875 3420 4945; x_wconf 87' lang='lat' dir='ltr'><strong>Lugd.</strong></span> 
     </span>
    </p>
   </div>
   <div class='ocr_carea' id='block_1_120' title="bbox 1827 4947 3426 5014">
    <p class='ocr_par' dir='ltr' id='par_1_120' title="bbox 1827 4947 3426 5014">
     <span class='ocr_line' id='line_1_124' title="bbox 1827 4947 3426 5014; baseline -0.009 0"><span class='ocrx_word' id='word_1_793' title='bbox 1827 4960 1967 5014; x_wconf 83' lang='lat' dir='ltr'><strong>Batt.</strong></span> <span class='ocrx_word' id='word_1_794' title='bbox 2004 4976 2140 5013; x_wconf 86' lang='lat' dir='ltr'><strong>unus</strong></span> <span class='ocrx_word' id='word_1_795' title='bbox 2170 4971 2440 5013; x_wconf 89' lang='lat' dir='ltr'><strong>annorum</strong></span> <span class='ocrx_word' id='word_1_796' title='bbox 2474 4963 2599 5008; x_wconf 90' lang='lat' dir='ltr'><strong>ante</strong></span> <span class='ocrx_word' id='word_1_797' title='bbox 2626 4951 2694 5008; x_wconf 89' lang='lat' dir='ltr'><strong>U.</strong></span> <span class='ocrx_word' id='word_1_798' title='bbox 2725 4952 2788 5006; x_wconf 88' lang='lat' dir='ltr'><strong>C.</strong></span> <span class='ocrx_word' id='word_1_799' title='bbox 2821 4964 3106 5004; x_wconf 90' lang='lat' dir='ltr'><strong>numerum</strong></span> <span class='ocrx_word' id='word_1_800' title='bbox 3134 4947 3327 5004; x_wconf 84' lang='lat' dir='ltr'><strong>definit</strong></span> <span class='ocrx_word' id='word_1_801' title='bbox 3356 4949 3426 5000; x_wconf 88' lang='lat' dir='ltr'><strong>ad</strong></span> 
     </span>
    </p>
   </div>
   <div class='ocr_carea' id='block_1_121' title="bbox 1825 5031 3320 5098">
    <p class='ocr_par' dir='ltr' id='par_1_121' title="bbox 1825 5031 3320 5098">
     <span class='ocr_line' id='line_1_125' title="bbox 1825 5031 3320 5098; baseline -0.001 -11"><span class='ocrx_word' id='word_1_802' title='bbox 1825 5047 1982 5087; x_wconf 65' lang='lat' dir='ltr'><strong>tich.</strong></span> <span class='ocrx_word' id='word_1_803' title='bbox 2018 5031 2134 5084; x_wconf 90' lang='lat' dir='ltr'><strong>Duo</strong></span> <span class='ocrx_word' id='word_1_804' title='bbox 2163 5031 2254 5084; x_wconf 88' lang='lat' dir='ltr'><strong>alii</strong></span> <span class='ocrx_word' id='word_1_805' title='bbox 2297 5042 2450 5082; x_wconf 72' lang='lat' dir='ltr'><strong>neu.</strong></span> <span class='ocrx_word' id='word_1_806' title='bbox 2580 5093 2605 5098; x_wconf 89' lang='lat'>__</span> <span class='ocrx_word' id='word_1_807' title='bbox 2883 5089 2927 5098; x_wconf 55' lang='grc' dir='ltr'><strong><em>η</em></strong></span> <span class='ocrx_word' id='word_1_808' title='bbox 3023 5089 3035 5098; x_wconf 88' lang='lat'><strong><em>_</em></strong></span> <span class='ocrx_word' id='word_1_809' title='bbox 3093 5089 3128 5098; x_wconf 55' lang='grc' dir='ltr'>η</span> 
     </span>
    </p>
   </div>
   <div class='ocr_carea' id='block_1_122' title="bbox 1896 5088 3431 5156">
    <p class='ocr_par' dir='ltr' id='par_1_122' title="bbox 1896 5088 3431 5156">
     <span class='ocr_line' id='line_1_126' title="bbox 1896 5088 3431 5156; baseline -0.01 0"><span class='ocrx_word' id='word_1_810' title='bbox 1896 5104 1951 5156; x_wconf 73' lang='grc'><strong>2.</strong></span> <span class='ocrx_word' id='word_1_811' title='bbox 1986 5102 2374 5156; x_wconf 80' lang='lat' dir='ltr'><strong>Atrocissimum</strong></span> <span class='ocrx_word' id='word_1_812' title='bbox 2406 5099 2541 5149; x_wconf 84' lang='lat' dir='ltr'><strong>inter</strong></span> <span class='ocrx_word' id='word_1_813' title='bbox 2566 5093 2852 5150; x_wconf 77' lang='lat' dir='ltr'><strong>Cretenses.</strong></span> <span class='ocrx_word' id='word_1_814' title='bbox 2883 5089 2997 5144; x_wconf 65' lang='grc' dir='ltr'><strong>Ποῦ</strong></span> <span class='ocrx_word' id='word_1_815' title='bbox 3023 5089 3223 5144; x_wconf 83' lang='lat' dir='ltr'><strong>bellum</strong></span> <span class='ocrx_word' id='word_1_816' title='bbox 3254 5088 3431 5142; x_wconf 84' lang='lat' dir='ltr'><strong>Minos</strong></span> 
     </span>
    </p>
   </div>
   <div class='ocr_carea' id='block_1_123' title="bbox 1828 5161 3432 5230">
    <p class='ocr_par' dir='ltr' id='par_1_123' title="bbox 1828 5161 3432 5230">
     <span class='ocr_line' id='line_1_127' title="bbox 1828 5161 3432 5230; baseline -0.011 0"><span class='ocrx_word' id='word_1_817' title='bbox 1828 5189 1922 5230; x_wconf 80' lang='lat' dir='ltr'><strong>rex</strong></span> <span class='ocrx_word' id='word_1_818' title='bbox 1964 5171 2304 5228; x_wconf 79' lang='lat' dir='ltr'><strong>Cretensium</strong></span> <span class='ocrx_word' id='word_1_819' title='bbox 2347 5178 2532 5222; x_wconf 78' lang='lat' dir='ltr'><strong>contra</strong></span> <span class='ocrx_word' id='word_1_820' title='bbox 2581 5164 2940 5218; x_wconf 73' lang='lat' dir='ltr'><strong>Athenienses</strong></span> <span class='ocrx_word' id='word_1_821' title='bbox 2991 5161 3162 5214; x_wconf 90' lang='lat' dir='ltr'><strong>movit</strong></span> <span class='ocrx_word' id='word_1_822' title='bbox 3194 5169 3432 5230; x_wconf 84' lang='lat' dir='ltr'><strong>prepter</strong></span> 
     </span>
    </p>
   </div>
   <div class='ocr_carea' id='block_1_124' title="bbox 1829 5229 3428 5313">
    <p class='ocr_par' dir='ltr' id='par_1_124' title="bbox 1829 5229 3428 5313">
     <span class='ocr_line' id='line_1_128' title="bbox 1829 5229 3428 5313; baseline -0.011 -14"><span class='ocrx_word' id='word_1_823' title='bbox 1829 5229 2088 5313; x_wconf 73' lang='lat' dir='ltr'><strong>Androgei</strong></span> <span class='ocrx_word' id='word_1_824' title='bbox 2127 5237 2524 5313; x_wconf 55' lang='lat' dir='ltr'><strong>interitunl._de</strong></span> <span class='ocrx_word' id='word_1_825' title='bbox 2565 5248 2694 5313; x_wconf 73' lang='lat' dir='ltr'><strong>quo,</strong></span> <span class='ocrx_word' id='word_1_826' title='bbox 2728 5240 2782 5286; x_wconf 91' lang='lat' dir='ltr'><strong>et</strong></span> <span class='ocrx_word' id='word_1_827' title='bbox 2813 5231 3114 5313; x_wconf 62' lang='lat' dir='ltr'><strong>Minotauro</strong></span> <span class='ocrx_word' id='word_1_828' title='bbox 3144 5229 3298 5313; x_wconf 69' lang='lat' dir='ltr'><strong>Diod.</strong></span> <span class='ocrx_word' id='word_1_829' title='bbox 3334 5230 3428 5285; x_wconf 89' lang='lat' dir='ltr'><strong>lib.</strong></span> 
     </span>
    </p>
   </div>
   <div class='ocr_carea' id='block_1_125' title="bbox 1832 5301 3360 5378">
    <p class='ocr_par' dir='ltr' id='par_1_125' title="bbox 1832 5301 3360 5378">
     <span class='ocr_line' id='line_1_129' title="bbox 1832 5301 3360 5378; baseline -0.01 -8"><span class='ocrx_word' id='word_1_830' title='bbox 1832 5330 1911 5378; x_wconf 86' lang='lat' dir='ltr'><strong>tv,</strong></span> <span class='ocrx_word' id='word_1_831' title='bbox 1938 5301 2268 5367; x_wconf 72' lang='lat' dir='ltr'><strong>Plutarchus</strong></span> <span class='ocrx_word' id='word_1_832' title='bbox 2294 5311 2346 5362; x_wconf 94' lang='lat' dir='ltr'><strong>in</strong></span> <span class='ocrx_word' id='word_1_833' title='bbox 2379 5301 2610 5378; x_wconf 73' lang='lat' dir='ltr'><strong>Theseo,</strong></span> <span class='ocrx_word' id='word_1_834' title='bbox 2649 5302 3159 5378; x_wconf 79' lang='lat' dir='ltr'><strong>Pausanias_libr._t.</strong></span> <span class='ocrx_word' id='word_1_835' title='bbox 3188 5301 3360 5356; x_wconf 58' lang='lat' dir='ltr'><strong>Faue.</strong></span> 
     </span>
    </p>
   </div>
   <div class='ocr_carea' id='block_1_126' title="bbox 1907 5372 3437 5452">
    <p class='ocr_par' dir='ltr' id='par_1_126' title="bbox 1907 5372 3437 5452">
     <span class='ocr_line' id='line_1_130' title="bbox 1907 5372 3437 5452; baseline -0.011 -12"><span class='ocrx_word' id='word_1_836' title='bbox 1907 5372 1958 5440; x_wconf 78' lang='grc'><strong>5.</strong></span> <span class='ocrx_word' id='word_1_837' title='bbox 2009 5381 2149 5436; x_wconf 82' lang='lat' dir='ltr'><strong>Fero</strong></span> <span class='ocrx_word' id='word_1_838' title='bbox 2189 5379 2405 5444; x_wconf 83' lang='lat' dir='ltr'><strong>homini,</strong></span> <span class='ocrx_word' id='word_1_839' title='bbox 2449 5393 2519 5452; x_wconf 84' lang='lat' dir='ltr'><strong>an</strong></span> <span class='ocrx_word' id='word_1_840' title='bbox 2564 5376 2803 5452; x_wconf 64' lang='lat' dir='ltr'><strong>humana:</strong></span> <span class='ocrx_word' id='word_1_841' title='bbox 2840 5372 3033 5452; x_wconf 65' lang='lat' dir='ltr'><strong>bestiae.</strong></span> <span class='ocrx_word' id='word_1_842' title='bbox 3077 5373 3212 5427; x_wconf 90' lang='lat' dir='ltr'><strong>Cum</strong></span> <span class='ocrx_word' id='word_1_843' title='bbox 3245 5378 3437 5452; x_wconf 76' lang='lat' dir='ltr'><strong>prisca:</strong></span> 
     </span>
    </p>
   </div>
   <div class='ocr_carea' id='block_1_127' title="bbox 1838 5444 3436 5520">
    <p class='ocr_par' dir='ltr' id='par_1_127' title="bbox 1838 5444 3436 5520">
     <span class='ocr_line' id='line_1_131' title="bbox 1838 5444 3436 5520; baseline -0.01 -10"><span class='ocrx_word' id='word_1_844' title='bbox 1838 5455 1962 5510; x_wconf 90' lang='lat' dir='ltr'><strong>cdd.</strong></span> <span class='ocrx_word' id='word_1_845' title='bbox 1989 5467 2201 5514; x_wconf 84' lang='lat' dir='ltr'><strong>omnes,</strong></span> <span class='ocrx_word' id='word_1_846' title='bbox 2231 5454 2402 5520; x_wconf 86' lang='lat' dir='ltr'><strong>prima</strong></span> <span class='ocrx_word' id='word_1_847' title='bbox 2433 5448 2712 5520; x_wconf 82' lang='lat' dir='ltr'><strong>videlicet,</strong></span> <span class='ocrx_word' id='word_1_848' title='bbox 2748 5449 2886 5520; x_wconf 70' lang='lat' dir='ltr'><strong>Aug.</strong></span> <span class='ocrx_word' id='word_1_849' title='bbox 2922 5444 3140 5520; x_wconf 75' lang='lat' dir='ltr'><strong>Venetae</strong></span> <span class='ocrx_word' id='word_1_850' title='bbox 3173 5452 3226 5520; x_wconf 84' lang='lat' dir='ltr'><strong>et</strong></span> <span class='ocrx_word' id='word_1_851' title='bbox 3257 5444 3436 5496; x_wconf 81' lang='lat' dir='ltr'><strong>Paris.</strong></span> 
     </span>
    </p>
   </div>
   <div class='ocr_carea' id='block_1_128' title="bbox 1841 5515 3438 5594">
    <p class='ocr_par' dir='ltr' id='par_1_128' title="bbox 1841 5515 3438 5594">
     <span class='ocr_line' id='line_1_132' title="bbox 1841 5515 3438 5594; baseline -0.011 -14"><span class='ocrx_word' id='word_1_852' title='bbox 1841 5529 1913 5580; x_wconf 88' lang='lat' dir='ltr'><strong>ita</strong></span> <span class='ocrx_word' id='word_1_853' title='bbox 1945 5525 2086 5578; x_wconf 90' lang='lat' dir='ltr'><strong>hunc</strong></span> <span class='ocrx_word' id='word_1_854' title='bbox 2115 5515 2290 5576; x_wconf 78' lang='lat' dir='ltr'><strong>locum</strong></span> <span class='ocrx_word' id='word_1_855' title='bbox 2319 5519 2705 5594; x_wconf 76' lang='lat' dir='ltr'><strong>expresserim,</strong></span> <span class='ocrx_word' id='word_1_856' title='bbox 2746 5518 2979 5594; x_wconf 70' lang='lat' dir='ltr'><strong>Mittere.</strong></span> <span class='ocrx_word' id='word_1_857' title='bbox 3004 5515 3230 5594; x_wconf 80' lang='lat' dir='ltr'><strong>reliquis</strong></span> <span class='ocrx_word' id='word_1_858' title='bbox 3253 5529 3438 5594; x_wconf 44' lang='lat' dir='ltr'><strong>esciu-</strong></span> 
     </span>
    </p>
   </div>
   <div class='ocr_carea' id='block_1_129' title="bbox 1844 5581 3438 5668">
    <p class='ocr_par' dir='ltr' id='par_1_129' title="bbox 1844 5581 3438 5668">
     <span class='ocr_line' id='line_1_133' title="bbox 1844 5581 3438 5668; baseline -0.011 -17"><span class='ocrx_word' id='word_1_859' title='bbox 1844 5599 1989 5668; x_wconf 87' lang='lat' dir='ltr'><strong>pltun</strong></span> <span class='ocrx_word' id='word_1_860' title='bbox 2013 5593 2164 5648; x_wconf 84' lang='lat' dir='ltr'><strong>dedit</strong></span> <span class='ocrx_word' id='word_1_861' title='bbox 2187 5581 2506 5668; x_wconf 81' lang='lat' dir='ltr'><strong>reponendi,</strong></span> <span class='ocrx_word' id='word_1_862' title='bbox 2526 5581 3012 5668; x_wconf 58' lang='lat' dir='ltr'><strong>inhumanwltestite</strong></span> <span class='ocrx_word' id='word_1_863' title='bbox 3032 5585 3176 5668; x_wconf 74' lang='lat' dir='ltr'><strong>quod</strong></span> <span class='ocrx_word' id='word_1_864' title='bbox 3197 5581 3438 5668; x_wconf 51' lang='lat' dir='ltr'><strong>etlFahr.</strong></span> 
     </span>
    </p>
   </div>
   <div class='ocr_carea' id='block_1_130' title="bbox 1847 5651 3442 5737">
    <p class='ocr_par' dir='ltr' id='par_1_130' title="bbox 1847 5651 3442 5737">
     <span class='ocr_line' id='line_1_134' title="bbox 1847 5651 3442 5737; baseline -0.014 -13"><span class='ocrx_word' id='word_1_865' title='bbox 1847 5651 1903 5724; x_wconf 68' lang='lat' dir='ltr'><strong>et</strong></span> <span class='ocrx_word' id='word_1_866' title='bbox 1931 5669 2150 5722; x_wconf 79' lang='lat' dir='ltr'><strong>Scottus</strong></span> <span class='ocrx_word' id='word_1_867' title='bbox 2182 5651 2544 5737; x_wconf 67' lang='lat' dir='ltr'><strong>relinuertmt,</strong></span> <span class='ocrx_word' id='word_1_868' title='bbox 2572 5675 2795 5737; x_wconf 69' lang='lat' dir='ltr'><strong>prorsus</strong></span> <span class='ocrx_word' id='word_1_869' title='bbox 2822 5651 3063 5737; x_wconf 63' lang='lat' dir='ltr'><strong>&quot;lepide.</strong></span> <span class='ocrx_word' id='word_1_870' title='bbox 3090 5651 3442 5737; x_wconf 78' lang='lat' dir='ltr'><strong>Sustulerunt</strong></span> 
     </span>
    </p>
   </div>
   <div class='ocr_carea' id='block_1_131' title="bbox 1850 5727 3439 5809">
    <p class='ocr_par' dir='ltr' id='par_1_131' title="bbox 1850 5727 3439 5809">
     <span class='ocr_line' id='line_1_135' title="bbox 1850 5727 3439 5809; baseline -0.013 -13"><span class='ocrx_word' id='word_1_871' title='bbox 1850 5741 1994 5796; x_wconf 88' lang='lat' dir='ltr'><strong>enim</strong></span> <span class='ocrx_word' id='word_1_872' title='bbox 2022 5736 2419 5809; x_wconf 82' lang='lat' dir='ltr'><strong>Oppositionem</strong></span> <span class='ocrx_word' id='word_1_873' title='bbox 2440 5727 2599 5804; x_wconf 85' lang='lat' dir='ltr'><strong>quam</strong></span> <span class='ocrx_word' id='word_1_874' title='bbox 2627 5732 2853 5788; x_wconf 89' lang='lat' dir='ltr'><strong>Orosius</strong></span> <span class='ocrx_word' id='word_1_875' title='bbox 2873 5727 3020 5795; x_wconf 82' lang='lat' dir='ltr'><strong>fecit,</strong></span> <span class='ocrx_word' id='word_1_876' title='bbox 3049 5727 3202 5788; x_wconf 86' lang='lat' dir='ltr'><strong>quasi</strong></span> <span class='ocrx_word' id='word_1_877' title='bbox 3223 5727 3439 5781; x_wconf 80' lang='lat' dir='ltr'><strong>nescius</strong></span> 
     </span>
    </p>
   </div>
  </div>
