3908 6308
530 302 639 362 755
1010 352 1018 359 .
1053 350 1091 361 ..

1928 286 2136 345 PAULI
2176 286 2402 345 OROSII

3725 281 3838 341 7'56

544 417 753 488 injecit.
785 415 893 489 75
917 414 938 447 "
961 411 1098 469 Exin
1120 422 1347 481 regnum
1372 408 1720 481 Assyriorum
1739 406 1791 461 in
1808 404 1995 461 Medos
2012 418 2143 459 eon-
2169 409 2220 467 Α
2246 402 2536 475 acriusque
2564 410 2843 460 certamen
2878 402 3169 467 instaurat,
3200 398 3488 471 preposito
3516 399 3629 456 suis
3665 410 3837 472 metu,

550 511 739 569 cessit.
781 507 991 564 Deinde
1037 504 1224 560 multis
1266 501 1472 572 prreliis
1520 498 1800 570 undique8
1829 505 2146 553 scatescen-

544 603 711 665 tibus,
735 614 855 668 quae
887 611 981 667 per
996 594 1244 650 ordinem
1274 592 1549 648 disserere
1578 604 1925 661 nequaquam
1956 597 2144 658 aptum

552 693 787 757 videtur,
817 704 915 760 per
940 688 1123 742 varios
1155 694 1451 756 proventus
1482 682 1549 738 ad
1582 682 1813 754 Scythas
1837 680 2148 737 Chaldaeos-

543 798 656 856 que
676 825 691 850 ,
720 792 776 837 et
825 794 1016 837 rursus
1045 778 1112 834 ad
1139 778 1324 833 Medos
1351 774 1509 847 parili
1539 776 1622 830 via
1655 778 1675 808 θ
1710 772 1895 831 rediit.
1956 772 2011 826 In
2043 786 2147 842 qua

543 875 816 932 brevitate
845 871 1188 942 pensandum
1223 878 1347 925 est:
1379 874 1599 938 quantm
1629 866 1821 929 ruinrc,
1858 862 2150 933 cladesque

546 966 793 1038 gentium
826 964 1001 1030 fuere,
1036 970 1239 1034 quanta
1265 960 1405 1016 bella
1438 958 1736 1028 llnxerunt,
1768 958 1857 1012 ubi
1883 957 2043 1011 toties
2073 962 2151 1009 tot

555 1071 610 1117 et
637 1061 767 1116 talia
794 1072 963 1128 regna
994 1064 1201 1111 mutata
1232 1061 1377 1109 sunt.
1413 1054 1455 1084 ³ο
1486 1052 1618 1107 Post
1644 1053 1760 1105 hare
1785 1050 1952 1105 Medis
1983 1048 2154 1104 Phra-

555 1161 708 1209 ortcs
742 1152 781 1183 “
818 1149 1155 1220 imperitavit
1181 1188 1194 1213 ,
1224 1146 1316 1217 qui
1348 1146 1459 1217 76
1482 1140 1828 1199 creberrimis
1865 1141 2153 1196 Persarum

556 1243 1022 1315 Assyriorumque
1068 1240 1231 1295 bellis
1270 1237 1466 1308 viginti
1498 1247 1554 1291 et
1586 1237 1722 1289 duos
1752 1233 1907 1305 regni
1938 1233 2021 1288 sui
2052 1250 2153 1288 an-

565 1351 666 1391 nos
696 1331 1063 1402 consumpsit.
1102 1333 1145 1363 ”
1177 1331 1311 1386 Post
1353 1329 1499 1383 hunc
1527 1327 1741 1382 Diocles
1767 1326 2045 1395 regnavit,
2076 1327 2157 1379 vir

560 1428 733 1483 armis
765 1427 808 1458 ³³
839 1424 1383 1495 experientissimus,
1416 1435 1741 1490 semperque
1773 1418 1937 1473 hellis
1964 1416 2157 1471 immo—

556 1530 748 1584 ratus;
783 1520 875 1589 qui
903 1526 1125 1573 auctum
1145 1516 1184 1548 υ
1206 1517 1317 1571 late
1348 1515 1637 1584 imperium
1668 1512 1911 1568 moriens
1936 1510 2158 1583 Λειψιεὶ

558 1613 731 1670 dedit.
764 1613 807 1644 ³⁵
836 1612 1106 1684 Astyages
1132 1655 1146 1680 ,
1194 1609 1339 1665 virili
1371 1609 1526 1680 prole
1556 1620 1795 1674 vacuus,
1824 1606 2023 1676 Cyrum
2065 1621 2162 1661 ne-

561 1717 743 1777 potem
773 1704 915 1776 apud
949 1706 1144 1760 Persas
1167 1704 1408 1775 genitum
1444 1702 1653 1758 habuit.
1679 1700 1787 1757 Sed
1809 1698 2007 1771 Cyrus,
2035 1713 2159 1754 mox

2247 495 2293 549 si
2320 494 2444 566 quis
2467 497 2512 527 ²²
2545 510 2574 550 e
2608 495 2797 566 prmlio
2825 494 3025 551 cedere
3050 493 3357 558 moliretur,
3383 492 3535 548 ferro
3558 493 3603 525 ³³
3628 494 3841 563 excipe-

2250 599 2420 646 retur.
2460 590 2572 659 Qna
2602 591 2935 647 necessitate
2969 590 3239 643 instanter
3263 586 3435 642 Medis
3457 587 3839 657 pugnantibus,

2251 683 2298 714 “
2329 682 2482 753 pulsa
2531 683 2727 738 iterum
2761 682 3049 737 Persarum
3081 680 3228 735 acies
3250 720 3264 745 ,
3311 694 3435 733 cum
3472 679 3729 746 paulatim
3757 696 3844 735 ce-

2251 778 2439 845 deret,
2484 788 2688 834 matres
2718 788 2772 834 et
2816 792 3017 833 uxores
3054 790 3246 832 eorum
3277 773 3497 829 obviam
3530 787 3843 841 occurrunt,

2252 880 2431 940 orant,
2463 873 2509 903 ³⁸
2535 872 2589 927 in
2612 872 2859 942 prmlium
2888 871 2994 942 77
3024 877 3407 925 revertantur:
3441 868 3845 936 cunetantibus,

2255 962 2471 1017 sublata
2521 972 2677 1019 veste
2702 1006 2717 1030 ,
2771 962 3033 1017 obscama
3061 960 3310 1031 corporis
3332 958 3635 1014 ostendunt
3660 1001 3675 1025 ,
3709 976 3849 1028 qua:-

2256 1068 2463 1125 rentes,
2490 1060 2538 1092 ¹⁶
2568 1076 2695 1115 num
2725 1059 2781 1115 in
2804 1069 2990 1116 uteros
3018 1068 3255 1113 matrum
3280 1058 3369 1114 vel
3391 1072 3625 1112 uxorum
3652 1055 3851 1111 vellent

2255 1152 2529 1221 refugere.
2588 1152 2707 1221 Quo
2750 1154 2891 1208 facto
2939 1153 3335 1209 erubescentes
3382 1152 3439 1206 in
3491 1151 3741 1221 prmlium
3772 1165 3851 1205 re-

2256 1242 2426 1299 deunt
2451 1261 2464 1297 :
2487 1252 2544 1301 et
2572 1243 2715 1300 facta
2749 1244 3133 1314 impressione,
3160 1259 3299 1315 quos
3325 1242 3632 1313 fugiebant,
3665 1242 3852 1311 ingere

2258 1337 2616 1407 compellunt.
2674 1338 2749 1393 lbi
2790 1348 2917 1394 tunc
2968 1340 3237 1410 Astyages
3284 1340 3525 1407 capitur,
3570 1338 3661 1393 cui
3688 1337 3854 1408 Cyrus

2261 1427 2397 1482 nihil
2427 1427 2573 1482 aliud
2602 1443 2765 1499 quam
2796 1443 3021 1492 regnum
3048 1428 3304 1494 abstulit,
3333 1442 3573 1498 eumque
3610 1427 3853 1481 maxima:

2263 1518 2640 1591 llyrcanorum
2686 1522 2833 1591 genti
2865 1520 3185 1591 praeposuit.
3234 1519 3291 1574 ln
3322 1519 3513 1573 Medos
3540 1534 3675 1573 vero
3705 1519 3748 1548 ³⁷
3776 1532 3852 1572 re-

2262 1613 2399 1667 verti
2450 1613 2567 1683 ipse
2622 1612 2819 1668 noluit.
2886 1616 2934 1669 ls
2982 1614 3112 1668 linis
3155 1612 3369 1682 imperii
3415 1611 3703 1667 Medorum
3739 1611 3845 1666 fuit.

2263 1702 2371 1757 Sed
2422 1703 2703 1770 civitates,
2748 1719 2871 1776 qua:
2914 1704 3216 1760 tributariae
3254 1704 3541 1759 Medorum
3594 1713 3793 1769 erant,
3823 1719 3851 1757 a

560 1808 620 1854 ut
646 1797 926 1866 adolevit,
954 1803 1285 1866 congregata
1313 1794 1601 1850 Persarum
1628 1808 1813 1859 manu,
1848 1806 1950 1847 avo
1981 1799 2157 1847 certa-
2190 1795 2236 1856 B
2262 1794 2407 1867 Cyro
2438 1794 2761 1852 defecerunt
2787 1814 2803 1852 :
2832 1812 2955 1867 qua:
2977 1812 3066 1854 res
3092 1796 3236 1869 Cyro
3261 1796 3561 1853 multorum
3591 1795 3850 1853 bellorum

578 1904 702 1945 men
731 1888 950 1944 indixit.
982 1888 1026 1918 "
1056 1887 1229 1941 Porro
1257 1886 1526 1956 Astyages
1557 1883 1763 1938 oblitus
1795 1882 2024 1938 sceleris
2054 1881 2161 1949 sui,

567 1978 716 2050 quod
747 1978 803 2034 in
832 1980 872 2010 ¹⁷
905 1978 1215 2048 Harpagnm
1244 1975 1447 2031 dudum
1472 1974 1794 2041 admiserat,
1827 1988 1948 2029 cum
1993 1974 2161 2027 lilium

570 2072 692 2140 ejus
721 2070 943 2125 unicum
971 2076 1027 2125 et
1049 2067 1330 2139 parvulum
1377 2066 1688 2133 interfecit,
1722 2065 2165 2136 epulandumque

572 2160 715 2230 patri
740 2159 1028 2230 apposuit,
1061 2173 1123 2213 ac
1149 2172 1217 2214 ne
1247 2157 1379 2228 quid
1414 2156 1807 2212 infelicissimae
1837 2157 2062 2212 orbitati
2090 2156 2169 2213 fe-

570 2254 646 2308 lix
674 2254 985 2324 ignorantia
1014 2252 1393 2317 subtraheret,
1424 2250 1656 2305 infames
1686 2250 1898 2321 epulas,
1928 2250 2169 2306 ostensis

573 2346 715 2417 patri
768 2362 893 2402 cum
946 2345 1127 2416 capite
1174 2344 1470 2409 manibus,
1517 2344 1930 2415 improperavit.
1995 2343 2169 2413 llujus

571 2453 705 2508 ergo
736 2437 863 2493 tacti
889 2440 932 2471 ⁸⁸
960 2437 1271 2504 immemor,
1308 2437 1412 2507 ipsi
1454 2436 1703 2507 llarpago
1734 2452 2001 2492 summam
2036 2436 2169 2492 belli

574 2535 615 2565 ’θ
643 2532 939 2587 committit
963 2571 978 2596 ,
1027 2531 1119 2602 qui
1152 2532 1434 2602 acceptum
1471 2531 1771 2585 exercitum
1814 2530 1997 2584 statim
2025 2528 2170 2602 Cyro

574 2624 620 2656 ιο
648 2639 745 2695 per
776 2623 1149 2695 proditionem
1180 2622 1367 2679 tradit.
1400 2623 1519 2690 Quo
1544 2634 1850 2692 comperto,
1875 2622 2168 2692 Astyages,

574 2716 745 2789 raptis
794 2731 980 2773 secum
1009 2718 1205 2788 copiis,
1236 2715 1291 2771 in
1329 2716 1526 2773 Persas
1556 2714 1672 2787 ipse
1704 2713 2093 2785 proficiscitur,
2123 2717 2168 2748 ἰ

2265 1900 2429 1941 causa
2456 1896 2511 1943 et
2536 1886 2689 1957 origo
2718 1887 2946 1942 exstitit.

2834 1975 3116 2033 CAPUT
3154 1976 3290 2033 XX.

2269 2066 2349 2122 De
2384 2066 2683 2123 Phalaridis
2716 2069 2995 2141 tyrannide
3016 2111 3031 2135 ,
3063 2079 3107 2123 et
3138 2068 3371 2125 Aremuli
3399 2067 3710 2125 Latinorum
3736 2068 3851 2139 regis

2954 2140 3188 2211 ﬂagitiis.

2340 2250 2419 2306 Ea
2491 2260 2814 2322 tempestate
2878 2252 3126 2307 Phalaris
3202 2251 3418 2308 Siculus
3487 2252 3852 2323 Agrigentinus

2276 2352 2492 2414 arrepta
2537 2344 2825 2416 tyrannide
2857 2346 2872 2376 ⁸
2899 2345 3279 2416 populabatur.
3305 2343 3410 2413 Qui
3440 2345 3675 2401 crudelis
3717 2360 3853 2400 men-

2278 2446 2329 2491 te
2353 2479 2368 2506 ,
2418 2437 2745 2493 commentis
2791 2437 3091 2504 crudelior,
3118 2438 3138 2468 ’
3166 2438 3349 2491 omnia
3382 2436 3588 2492 nefaria
3632 2436 3690 2492 in
3718 2436 3853 2491 inno-

2277 2537 2466 2583 centes
2493 2543 2695 2599 agens,
2730 2528 2937 2584 invenit
2963 2529 3256 2600 aliquando
3286 2544 3448 2601 quem
3473 2530 3625 2599 juste
3651 2530 3853 2601 puniret

2278 2623 2533 2691 injustas.
2583 2623 2603 2654 ³
2646 2622 2779 2678 Nam
2812 2623 3040 2679 Perillus
3069 2623 3289 2695 quidam
3336 2624 3463 2678 teris
3493 2624 3671 2694 opifex
3708 2623 3852 2678 affec-

2282 2724 2404 2773 tans
2450 2718 2667 2788 tyranni
2710 2716 3036 2789 amicitiam,
3078 2726 3265 2790 aptum
3314 2733 3515 2773 munus
3566 2717 3853 2775 crudelitati

1831 2832 2308 2899 {HAVERCAMPI
2349 2832 2581 2890 NOTAE.
2597 2838 2609 2848 '

646 2929 701 2984 7.
743 2928 906 2986 Exin.
932 2927 1037 2984 Ed.
1079 2942 1163 2998 pr.
1194 2935 1255 2983 ut
1283 2934 1339 2981 et
1368 2926 1513 2982 Flor.
1549 2933 1705 2998 tert.,
1740 2923 1968 2980 Exhinc.
2002 2925 2170 2997 Aug.,

579 3000 807 3066 Exinde,
833 3011 889 3055 et
919 3004 998 3054 sic
1025 2996 1240 3069 quoque
1264 2997 1415 3053 Flor.
1443 3012 1581 3065 sec.,
1606 2996 1703 3054 sed
1728 3012 1759 3052 a
1785 2998 2025 3053 secunda
2057 2996 2173 3053 ma-

580 3086 675 3137 nu,
705 3072 859 3141 prius
889 3070 1067 3124 luerat
1095 3068 1257 3141 Exin.

651 3138 1185 3197 8.'Scatescentibus.
1233 3139 1325 3195 Sic
1374 3154 1566 3195 omnes
1621 3154 1758 3195 mss.
1805 3140 1975 3195 verbo
2030 3138 2173 3210 apud

583 3214 756 3266 bonos
804 3211 1107 3280 scriptores
1152 3225 1262 3266 non
1303 3210 1511 3265 usitato
1536 3251 1552 3273 ,
1579 3220 1784 3278 pratter
1834 3210 2086 3265 l’erizoii.
2120 3219 2177 3265 ct

582 3282 753 3351 Lugd.
782 3281 911 3351 Bal.
947 3290 1128 3350 quart.
1181 3282 1236 3335 in
1279 3281 1479 3347 quibus
1507 3289 1592 3334 est
1626 3280 1960 3335 Scatentibus
1982 3324 1997 3348 ,
2044 3297 2180 3350 quo-

585 3337 748 3407 mddo
778 3350 832 3407 in
874 3337 1000 3406 edd.
1030 3367 1150 3422 pr.,
1198 3337 1407 3417 Paris.,
1464 3350 1686 3406 Venetis
1726 3361 1781 3406 et
1822 3337 2075 3420 llittoipf
2104 3354 2178 3407 Ic-
2204 3337 2247 3397 (ἶ

624 3425 751 3477 itur.

584 3439 948 3549 ﬁllilll.r.liediit.
995 3491 1064 3546 In
1107 3491 1271 3547 Fabr.
1306 3492 1440 3546 redit
1470 3501 1660 3547 contra
1694 3506 1825 3547 mss.
1856 3500 1912 3547 et
1941 3492 2180 3563 reliquas

586 3565 768 3631 e.litt.,
799 3580 925 3617 nam
957 3574 1011 3620 ct
1037 3578 1199 3632 supra
1224 3564 1473 3632 concessit
1504 3566 1721 3631 legitur.

662 3637 751 3691 10.
795 3633 921 3688 Post
949 3634 1057 3688 lucc
1103 3631 1272 3688 Medis
1302 3631 1602 3687 Phraortcs.
1648 3634 1877 3688 Orosius
1904 3633 1992 3687 hic
2026 3649 2181 3688 secn-

588 3714 673 3760 tus
698 3708 884 3761 nescio
914 3720 1072 3774 quem
1096 3748 1111 3769 ,
1144 3703 1402 3759 dissentit
1426 3706 1492 3758 ab
1526 3705 1804 3758 llerodoto
1831 3715 1885 3758 et
1918 3704 2178 3772 Eusebio,

587 3776 678 3846 qui
713 3775 1025 3831 l’liraortem
1054 3774 1295 3846 Deioclis
1318 3815 1333 3840 ,
1366 3775 1481 3829 sive
1510 3775 1722 3843 Dejocis
1754 3776 1925 3829 lilium
1953 3776 2179 3842 faciunt,

584 3845 744 3914 eique
775 3848 827 3901 in
861 3862 1029 3916 regno
1062 3845 1343 3901 Medorum
1378 3848 1720 3901 successisse
1751 3846 1991 3900 tradunt.
2029 3848 2183 3915 Apud

591 3918 992 3987 Megastltencm
1023 3926 1079 3973 ct
1109 3916 1407 3971 Diodorum
1436 3927 1561 3972 sunt
1588 3916 1695 3971 alia
1738 3918 1960 3973 nemina
1990 3916 2182 3971 horum

588 4005 801 4058 regum.
837 3988 1005 4043 FABR.

659 4057 746 4114 ll.
790 4058 1137 4131 Imperitarit.
1184 4058 1332 4113 Flor.
1365 4073 1476 4116 sec.
1514 4067 1570 4131 et
1605 4066 1731 4131 tert.
1770 4066 1826 4114 et
1858 4067 1976 4131 tres
2007 4057 2181 4131 Lugd.

591 4130 767 4201 Batt..
794 4128 1082 4201 imperavit.
1121 4132 1241 4201 Mox
1273 4129 1574 4201 trauspouit
1610 4128 1762 4184 Flor.
1794 4145 1904 4200 pr.,
1944 4128 2185 4199 Assyrio-

591 4218 706 4254 rum
740 4199 1122 4269 Persarumque
1148 4200 1314 4255 bellis.

665 4271 752 4326 12.
798 4271 925 4325 Post
955 4270 1093 4325 hunc
1134 4271 1360 4325 Diocles.
1404 4271 1611 4325 Diocles
1641 4279 1728 4326 est
1757 4272 1924 4326 etiam
1970 4270 2022 4324 in
2071 4284 2189 4324 ma-

592 4342 911 4412 nuscriptis.
937 4344 991 4397 In
1025 4342 1247 4398 Eusebii
1276 4342 1553 4396 Chronico
1593 4341 1825 4396 Deiocles
1851 4341 2054 4412 legitur
2082 4358 2093 4393 :
2119 4340 2188 4395 ab

596 4413 872 4468 llcrodoto
903 4414 1111 4475 Δηιόκης
1140 4413 1472 4468 nominatur.
1496 4412 1664 4468 FABR.

664 4486 753 4539 15.
798 4483 1311 4553 Emperientissimus.
1344 4484 1478 4538 Mss.
1520 4492 1577 4537 et
1596 4482 1729 4537 editi
1758 4482 1978 4554 quidam
2007 4499 2189 4553 caper-

592 4555 821 4610 tissimus
847 4599 861 4623 ,
910 4564 1102 4609 contra
1141 4569 1276 4608 mss.
1306 4555 1642 4609 vetustiores
1671 4554 1990 4623 pluresque.
2037 4554 2191 4607 Ilnnc

594 4641 777 4697 regem
808 4641 917 4697 non
960 4624 1135 4678 solum
1180 4625 1347 4679 fuisse
1389 4624 1732 4697 bellicosum,
1762 4625 1867 4697 sed
1900 4635 1957 4697 et
1982 4623 2189 4697 justum

2353 2927 2440 2981 i9.
2482 2926 2792 2981 Committit.
2839 2926 2974 2982 Edtl.
3012 2943 3122 2999 pr.,
3172 2927 3394 2983 Venetae
3424 2937 3477 2982 ct
3510 2928 3708 2993 Paris.,
3736 2944 3853 2981 cont-

2276 2998 2456 3063 misit,
2487 2998 2823 3053 assentiente
2858 2999 2981 3069 cod.
3018 2998 3271 3054 l’erizon.
3308 2999 3481 3053 Porro
3525 3000 3691 3069 Lugd.
3726 2999 3847 3052 Batt.

2274 3076 2534 3138 quatuor,
2566 3084 2674 3123 una
2723 3084 2844 3124 cum
2896 3068 3035 3125 Ultr.
3068 3080 3122 3123 et
3153 3070 3254 3124 Ed.
3292 3085 3403 3139 pr.,
3438 3070 3489 3125 in
3520 3068 3851 3136 sequentibus

2278 3139 2495 3264 ῧαῖίὶίξὶι
2527 3140 2754 3262 11εξειιιιι.
2821 3140 2945 3195 Mox
2994 3149 3205 3194 auctum
3248 3156 3346 3211 pro
3390 3155 3656 3212 acceptum
3697 3139 3848 3211 Lugd.

2325 3228 2351 3264 a
2387 3249 2399 3261 .
2458 3227 2520 3264 cr
2550 3251 2565 3264 .

2325 3221 2565 3265 at.lcrt.

2352 3282 2440 3335 EO.
2486 3281 2970 3352 Perﬁproditionem
2992 3282 3167 3337 tradit.
3203 3282 3425 3352 Legitur
3451 3294 3505 3339 et
3534 3283 3776 3347 tradidit,
3804 3288 3847 3333 ut

2281 3360 2367 3424 est
2413 3354 2567 3424 apud
2593 3351 2870 3424 Iustinum
2894 3394 2909 3417 ρ
2950 3354 3003 3408 in
3035 3353 3193 3421 cujus
3224 3351 3378 3408 libris
3408 3354 3687 3424 impressis
3716 3369 3847 3424 men-

2284 3422 2807 3496 dosc,’deditionem,
2843 3425 3064 3496 legitur,
3098 3438 3219 3479 cum
3253 3424 3305 3479 in
3335 3422 3575 3496 antiquis
3604 3436 3746 3481 recte
3769 3423 3843 3483 sil.

2286 3495 2650 3563 proditionem.
2684 3492 2850 3549 Fann.

2356 3566 2447 3619 21.
2494 3565 2793 3635 Acriusque.
2823 3566 3083 3635 Copulam
3118 3566 3264 3622 delet
3295 3566 3445 3621 Flor.
3477 3576 3606 3622 tert.

2354 3636 2445 3688 2‘2.
2491 3634 2739 3705 Epra'lio
2788 3636 2985 3691 cedere.
3034 3636 3178 3693 Ultr.
3238 3639 3495 3692 secedere.
3552 3640 3649 3693 Ed.
3690 3654 3765 3705 pr.
3805 3644 3844 3690 ct

2286 3705 2489 3778 Parim,
2521 3706 2586 3760 de
2608 3706 2788 3775 prteIio
2816 3708 3012 3778 cedere.
3042 3708 3177 3763 MsS.
3210 3706 3383 3777 Lugd.
3408 3708 3526 3764 Rat.
3561 3726 3640 3778 pr.
3670 3718 3717 3763 et
3741 3716 3839 3762 tert.

2288 3774 2470 3898 pr‘tflio
2517 3774 2783 3831 moliretur
2830 3777 3011 3831 cedere
3035 3820 3048 3845 ,
3083 3778 3266 3835 deleto
3295 3774 3354 3833 ve.
3389 3774 3755 3851 l"0rtc'prrclio
3776 3794 3842 3831 e1-

2288 3863 2343 3898 ce
2382 3863 2487 3898 ere.

2286 3863 2487 3901 ceaere.

2357 3918 2456 3993 9.5.
2493 3917 2851 3993 Exeiperetur.
2906 3921 3092 3988 Meus,
3124 3922 3511 3993 exciperentur,
3547 3932 3605 3976 nt
3631 3930 3684 3977 et
3721 3920 3840 3976 Flor-

2289 3996 2416 4061 tcrt.
2444 3988 2627 4061 inquo
2652 3989 2877 4061 insuitur
2904 3993 3066 4061 paulo
3088 4003 3215 4047 ante
3240 3988 3573 4047 iuolt'rentur.

2360 4060 2451 4114 ‘24.
2496 4059 2665 4135 Pulsa
2713 4059 2951 4135 iterum;_
2985 4064 3260 4135 Posterior
3290 4080 3405 4135 ivox
3456 4080 3497 4135 a7
3536 4062 3702 4135 Lugd.
3750 4061 3841 4115 But.

2288 4140 2486 4205 quarto
2507 4130 2694 4205 _abcst,
2720 4147 2828 4205 pro
2860 4131 3181 4205 pulsaUltr.
3216 4134 3381 4190 habet
3408 4130 3635 4205 pulsata:

2360 4202 2450 4257 25.
2496 4199 2560 4254 In
2602 4199 2868 4270 prwlinm.
2916 4203 3053 4259 Edd.
3108 4214 3327 4260 veteres
3369 4199 3497 4259 cum
3538 4222 3667 4261 mss.
3701 4201 3839 4269 Lugd.

2292 4271 2435 4345 Batt.
2479 4287 2563 4345 pr.
2605 4282 2661 4326 et
2704 4282 2829 4345 tert.
2860 4284 2913 4326 ut
2948 4275 3001 4329 in
3031 4276 3271 4345 prndium
3292 4316 3307 4339 ,
3339 4275 3437 4331 sed
3464 4274 3843 4345 reclamantibus

2294 4342 2525 4412 reliquis
2584 4343 2837 4399 omnibus
2864 4384 2878 4409 ,
2931 4356 2987 4399 et
3031 4341 3447 4402 contradicente
3490 4345 3720 4401 Jnstino.
3765 4341 3839 4396 Ed.

2291 4412 2455 4489 Aug.,
2477 4415 2624 4489 piros
2645 4422 2933 4489 orant,_ut,
2967 4423 3076 4489 etc.
3106 4415 3176 4472 At
3206 4415 3379 4489 Lugd.
3409 4416 3527 4472 Bat.
3551 4424 3718 4489 quart.
3747 4424 3841 4467 cum

2298 4483 2441 4539 Ultr.
2476 4485 2601 4555 legit
2626 4494 2795 4553 orant,
2826 4485 2877 4539 in
2906 4485 3146 4555 prwlium
3173 4483 3378 4541 reverti.

2364 4555 2456 4608 96.
2498 4555 2551 4627 Ν
2559 4571 2643 4608 um
2664 4556 2717 4609 in
2744 4566 2934 4611 uteros.
2970 4556 3138 4625 Lugd.
3169 4557 3308 4612 Batt.
3340 4573 3423 4627 pr.
3443 4603 3458 4626 ,
3489 4565 3614 4614 tert.
3633 4602 3648 4626 ,
3675 4562 3843 4627 quart..

2295 4625 2577 4698 numquid,
2634 4633 2710 4698 ut,
2733 4635 2790 4681 et
2837 4627 2928 4698 ed.
2963 4631 3127 4697 Aug.,
3163 4644 3263 4698 pro
3286 4625 3395 4696 quo
3422 4625 3490 4684 an
3513 4670 3527 4693 ,
3562 4627 3721 4698 Lugd.
3750 4626 3839 4679 Bal.

594 4693 837 4781 paceque
883 4695 1104 4781 bonum
1140 4702 1438 4781 testantur
1474 4693 1766 4781 _E_x'cerpta'
1806 4695 2189 4781 piodorintina
2216 4720 2269 4781 Ι)
2296 4693 2752 4781 sec..'Vtt'lgata_in
2787 4697 3010 4781 reliquis
3030 4693 3250 4781 elap'ml
3278 4693 3555 4781 Iustinum
3580 4693 3767 4781 cx'stat.

596 4764 718 4839 cum
742 4764 1078 4839 Polybiagnis,
1098 4774 1243 4839 etc,
1265 4765 1411 4839 edita
1437 4766 1505 4821 ab
1530 4766 1696 4839 llenr.
1726 4764 1940 4839 Yalcsio
1972 4781 2024 4835 p.
2049 4765 2185 4821 250:

587 4836 704 4893 Ὀτι
730 4836 938 4900 Aniena;
959 4836 985 4892 ὁ
1011 4836 1190 4909 Μήδων
1217 4837 1485 4908 βασιλεὺς,
1507 4838 1700 4909 πολλῶν
1739 4838 2075 4909 ἀνομημάτων
2104 4858 2191 4909 γε·

594 4912 830 4983 νομένων,
874 4910 1023 4967 ἤσκει
1057 4907 1378 4983 δικαιρσύνην
1423 4907 1934 4983 καὶ-ἄλλαςμὰρέῒαξ.
1981 4907 2190 4983 veloces

596 4933 648 4963 νο
692 4933 830 4975 ενων,
874 4933 1023 4967 ησκει
1057 4933 1378 4967 οικαιοσννην
1423 4933 1507 4963 και
1533 4933 1687 4971 “Alta;
1724 4933 1934 4983 αριτας.
1981 4933 2190 4963 υσιυσει

596 4933 879 5035 Medorum
898 4996 1009 5045 rex,
1030 4995 1145 5033 cum
1168 4976 1395 5050 plurima
1424 4980 1619 5033 scelera
1640 4981 2054 5045 admitterentur,
2078 4978 2191 5049 ipse

586 5052 850 5121 justitiam
875 5068 935 5105 ac
962 5051 1188 5120 reliquos
1220 5050 1429 5104 virtutes
1452 5050 1669 5105 colebat.

672 5124 756 5178 14.
799 5123 949 5177 Late.
981 5122 1149 5177 Abest
1179 5136 1209 5175 a
1241 5122 1409 5189 Lugd.
1438 5121 1554 5175 Bat.
1581 5137 1692 5176 see.
1717 5130 1771 5176 ct
1802 5120 1944 5176 Ultr.
1975 5129 2032 5176 et
2062 5136 2188 5175 mox

601 5198 825 5250 moriens
861 5210 891 5249 a
922 5192 1060 5249 Meo.
1101 5192 1201 5249 Ed.
1233 5193 1374 5262 Aug.
1405 5192 1630 5247 ridicule
1650 5192 2187 5248 Lacedtemoniorum.

675 5268 762 5320 lii.
804 5266 1057 5334 Astyages
1077 5263 1216 5317 virili
1237 5266 1381 5334 prole
1400 5278 1615 5334 vacuus.
1654 5265 1779 5318 llaac
1809 5262 2041 5334 historia
2067 5263 2193 5318 scri-

602 5334 747 5389 bitur
772 5336 843 5389 ab
875 5333 1152 5389 llerodoto
1179 5334 1278 5388 lib.
1306 5350 1323 5388 t
1349 5342 1403 5388 et
1426 5333 1567 5388 Just.
1594 5335 1722 5389 item
1757 5334 1852 5390 lib.
1887 5349 1924 5387 ι.
1954 5333 2115 5388 Faun.

676 5406 765 5477 lii.
807 5402 979 5477 Porro
1004 5404 1275 5477 Astyages.
1309 5404 1412 5459 Ed.
1442 5408 1606 5477 Aug.,
1641 5404 1759 5459 Post
1790 5405 2059 5477 Astyages.

676 5475 763 5527 17.
810 5472 1139 5545 ﬂarpaguni.
1167 5472 1318 5545 'Mss.
1371 5472 1604 5540 omnes,
1650 5486 1845 5545 printer
1872 5472 2021 5529 Flor.
2057 5482 2185 5530 tert.

604 5552 660 5617 et
689 5542 859 5617 Lugd.
888 5542 1010 5617 13M.
1042 5544 1497 5617 pr.,ﬂarpalum,
1531 5558 1586 5602 et
1608 5542 1687 5602 sic
1714 5562 1932 5617 quoque
1954 5587 1969 5612 ,
1996 5554 2192 5617 przeter

607 5612 772 5667 Fabr.
804 5622 861 5665 et
885 5612 1079 5673 Scotti,
1108 5612 1381 5671 editiones
1409 5631 1602 5672 omnes
1630 5637 1642 5670 :
1677 5612 1838 5672 male.

2365 4766 2487 4840 27._
2506 4766 2708 4840 Reperti
2727 4768 2836 4840 ipse
2861 4766 3228 4824 noluit.Sic_et
3250 4769 3442 4839 Optimi
3464 4780 3520 4826 et
3544 4771 3841 4840 pluresumss.

2294 4852 2416 4910 cum
2446 4836 2487 4910 ,Ι
2500 4837 2680 4910 ustino
2706 4854 2719 4904 ;
2748 4836 2858 4910 alii
2884 4879 2899 4901 ,
2924 4840 3032 4910 ipse
3076 4841 3261 4894 reverti
3289 4836 3499 4894 'noluit.
3545 4836 3678 4910 Dein
3703 4836 3841 4910 ωιτη

2295 4907 2400 4982 I_I_ic
2424 4908 2543 4977 linis
2569 4950 2584 4973 ,
2613 4918 2756 4982 e_tc.;
2788 4907 3066 4979 aliquanto
3099 4919 3243 4982 post,
3275 4910 3593 4980 defecerant,
3620 4908 3733 4966 edd.
3760 4919 3841 4976 ρτοο

2306 4977 2526 5033 Venetze
2557 4989 2613 5033 et
2636 4980 2807 5034 Paris.

2364 5050 2493 5104 Car.
2515 5049 2706 5105 ΧΧ.-
2726 5052 2774 5105 1.
2797 5051 3171 5108 Populabatur.
3190 5051 3284 5107 Sic
3298 5066 3430 5108 mss.
3452 5065 3637 5107 omnes
3654 5063 3758 5104 cum
3775 5042 3839 5098 rd.

2294 5120 2456 5190 Aug.;
2476 5129 2530 5177 et
2549 5120 2629 5176 sic
2655 5120 2825 5176 edidit
2846 5120 3145 5189 Fabricius,
3163 5138 3394 5192 cumque
3415 5134 3627 5179 secutus
3645 5123 3836 5192 Scolylfé

2299 5184 2491 5262 reliqui
2522 5192 2957 5263 depopulabatur,
2982 5209 3080 5259 pro
3105 5184 3211 5263 quo
3237 5184 3377 5263 apud
3411 5193 3734 5250 Vincentium
3748 5184 3839 5240 Bcl‘

2297 5262 2641 5335 lovacepse’m
2669 5274 2755 5319 est
2776 5262 3149 5335 depOpulatur.

2367 5333 2422 5387 2.
2469 5333 2657 5387 Omnia
2699 5330 2925 5404 nefaria.
2975 5338 3065 5391 Sic
3094 5333 3265 5395 Lugd.
3300 5334 3448 5391 Balt.
3499 5349 3640 5400 sec.,
3670 5330 3838 5385 lert.ct

2306 5414 2484 5474 quart.
2518 5405 2619 5457 Alii
2647 5411 2819 5460 omnia
2850 5407 3067 5473 nefarie.

2367 5475 2419 5528 5.
2446 5474 2583 5528 Nam
2602 5474 2850 5530 Periltus.
2878 5466 2972 5530 ll'ic
3003 5475 3231 5531 Perillus
3252 5487 3381 5530 acris
3400 5474 3581 5545 opifex
3601 5466 3833 5528 Plutarcho

2296 5544 2348 5599 in
2394 5545 2672 5622 Parallelis
2724 5556 2839 5622 est»,
2889 5548 3114 5622 ῌέριᾮιος
3153 5556 3215 5617 τῇ
3274 5544 3445 5622 τέχνῃν
3499 5547 3830 5622 χαλκῷ-αργοῄ

2296 5632 2456 5689 quem
2508 5615 2778 5689 Lucianus
2810 5608 2859 5671 in
2914 5608 3130 5670 P'ualar.
3170 5608 3468 5689 l'yopiia'ov
3499 5608 3748 5672 nominat;
3777 5608 3833 5658 l’d

677 5684 763 5735 18.
808 5680 1109 5736 Ιηιηιεηιον.
1156 5682 1421 5751 Adjicitur
1460 5688 1645 5757 glossa
1675 5686 1765 5743 ed.
1793 5688 1956 5758 Aug.,
2003 5687 2200 5742 scilicet
2302 5680 2493 5744 eodem
2525 5687 2662 5743 Plin.
2693 5688 2790 5745 lib.
2815 5703 2975 5743 xxxxv
3002 5730 3016 5755 ,
3048 5702 3095 5742 c.
3123 5690 3175 5742 8.
3209 5680 3372 5742 Falsa.

621 5752 889 5819 Astyages.
