3908 6326
534 294 640 359 7ιὸ

1924 292 2134 353 PAULI
2174 288 2402 352 OROSlI

3690 296 3776 359 'ill

533 432 705 474 annos
734 416 1147 489 quinquaginta,
1207 414 1415 470 incerta
1444 427 1665 486 semper
1714 412 1944 468 victoria
1984 420 2125 467 terra
2155 416 2203 475 Α
2232 412 2410 468 ducta:
2439 413 2824 471 sollicitudinis
2865 414 3109 471 nubilum
3165 422 3590 470 commoventur.
3639 415 3783 486 Atque

534 508 782 578 marique
806 517 1101 578 pugnatum
1131 515 1235 570 est,
1262 505 1438 561 donec
1478 506 1752 575 Spartani,
1780 516 1834 560 et
1861 506 1901 538 ³¹
1934 505 2129 573 Opibus

534 600 834 656 imminutis
866 607 922 655 et
951 598 1056 653 [ide
1080 597 1390 669 proﬂigata,
1444 598 1607 653 sociis
1660 612 1874 669 quoque
1930 595 2131 667 probro

531 697 702 748 tuere.
728 692 837 749 Sed
868 694 984 747 hare
1010 706 1109 763 per
1136 701 1214 747 tot
1264 700 1485 745 aetatum
1514 690 1788 746 volumina
1821 690 2131 745 incubuisse

530 785 760 841 Graecia:
790 784 941 856 parvi
970 783 1247 855 penditur.
1269 782 1425 840 Nunc
1455 793 1637 839 autem
1668 782 2007 853 interpellari
2044 782 2128 836 in-

532 880 746 935 terdum
778 880 1111 949 voluptates,
1145 889 1198 935 et
1229 878 1478 949 impediri
1531 893 1826 949 parumper
1877 876 2130 946 libidines

535 986 641 1026 non
669 972 988 1026 sustinetur.
1018 970 1357 1041 Quamquam
1392 971 1534 1025 inter
1565 969 1707 1024 illius
1740 969 2002 1039 temporis
2034 968 2131 1022 ho-

532 1067 709 1123 mines
739 1075 902 1137 atque
933 1063 1089 1119 istius
1132 1063 1237 1119 hoc
1256 1063 1506 1132 interest,
1539 1064 1683 1134 quod
1724 1064 1800 1118 illi
1832 1076 1992 1133 sequo
2021 1060 2137 1115 ani—

532 1176 623 1215 mo
653 1160 769 1214 haec
796 1157 1139 1213 intoleranda
1170 1159 1498 1223 tolerabant,
1529 1158 1653 1228 quia
1686 1158 1739 1211 in
1791 1156 1875 1211 his
1922 1156 2035 1211 nati
2081 1162 2136 1209 et

533 1251 577 1284 "
610 1252 796 1306 nutriti
828 1259 1005 1318 erant,
1038 1260 1093 1306 et
1142 1251 1371 1306 meliora
1405 1266 1512 1305 non
1543 1258 1851 1304 noverant:
1896 1248 1985 1303 isti
2041 1262 2134 1302 au-

530 1353 639 1399 tent
672 1354 933 1414 perpetuo
961 1344 1012 1398 in
1046 1344 1152 1399 vita
1185 1359 1283 1399 sua
1317 1344 1772 1415 trauquillitatum
1802 1352 1858 1397 et
1895 1341 2131 1397 delicia-

531 1452 652 1493 rum
679 1451 873 1494 sereno
902 1436 1218 1505 assuefacti,
1248 1437 1315 1493 ad
1360 1452 1522 1495 omne
1571 1436 1660 1493 vel
1700 1436 1974 1493 modicum
2034 1434 2133 1491 ob-

2242 506 2446 562 utinam
2480 507 2653 576 ipsum
2682 507 3032 577 dcpulsorem
3064 507 3222 577 hujus
3246 507 3331 561 vel
3358 508 3577 562 modicae
3606 508 3783 579 inquie-

2240 601 2441 657 tudinis
2469 612 2844 673 precarentur,
2870 603 3025 673 cujus
3058 617 3285 658 munere
3336 601 3476 658 hanc
3531 602 3782 674 ignorataut

2236 693 2360 749 aliis
2386 696 2725 767 temporibus
2752 696 3036 765 jugitatem
3069 695 3219 765 pacis
3250 694 3653 751 habueruntlEt
3676 713 3787 766 quo-

2239 786 2382 841 niam
2428 786 2793 856 spopondisse
2824 787 2869 817 ³³
2903 787 3149 854 memini,
3200 801 3324 841 cum
3373 786 3534 841 veluti
3584 788 3787 843 articulis

2238 880 2561 949 quibusdam
2592 880 2809 937 dicendi
2831 882 3079 937 ordinem
3110 881 3421 945 definirem,
3451 881 3697 935 dicturum
3719 898 3789 937 mc

2238 986 2359 1026 esse
2390 971 2458 1025 ab
2478 972 2612 1028 orbc
2634 973 2853 1028 condito
2881 988 3054 1044 usque
3077 972 3144 1027 ad
3170 973 3365 1029 Urbem
3388 971 3669 1038 conditam,
3689 973 3790 1027 huic

2241 1064 2525 1131 volumini,
2553 1066 2695 1137 quod
2724 1067 2794 1121 ab
2824 1066 2956 1123 orbe
3000 1066 3224 1122 condito
3281 1065 3650 1136 explicuimus,
3692 1064 3792 1120 linis

2240 1156 2286 1189 ”
2313 1156 2400 1212 hic
2427 1158 2520 1225 sit,
2552 1159 2697 1213 utab
2728 1158 2876 1215 Urbe
2923 1159 3143 1214 condita
3168 1173 3407 1229 sequens
3449 1158 3649 1213 libellus
3677 1159 3791 1212 inci-

2240 1250 2424 1321 piat,”
2444 1251 2532 1320 qui
2558 1252 2899 1307 contexliora
2924 1251 3138 1307 illorttm
3170 1259 3476 1321 temporum
3504 1250 3793 1315 tnala,cxcr-

2236 1346 2583 1401 citatioribus
2608 1347 2807 1417 quippe
2836 1346 2900 1401 ad
2932 1346 3228 1418 nequitiam
3262 1355 3425 1418 atque
3453 1344 3793 1402 eruditioribus

2239 1437 2573 1508 hominibus,
2605 1439 2929 1499 continebit.

1811 1550 2262 1608 IIAVERCAMPI
2300 1553 2530 1610 ΝΟΤᾸΞ.

595 1670 922 1753 βιτρρὶὺω
958 1669 1267 1725 imminutis.
1302 1668 1629 1725 Membrana:
1658 1681 1792 1724 mea:
1819 1666 1998 1739 opibus
2029 1666 2128 1720 int-

535 1752 941 1868 mg‘é‘f'quIriti.
977 1810 1125 1865 Flor.
1158 1828 1239 1880 pr.
1274 1820 1328 1865 et
1363 1810 1533 1879 Lugd.
1586 1811 1707 1865 Bst.
1762 1818 1889 1863 tert.
1944 1809 2126 1862 nutriti

2233 1669 2390 1733 mala,
2425 1668 3097 1741 exercitatioribus‘quippe
3123 1669 3191 1723 ad
3233 1670 3516 1740 nequitiam
3542 1677 3679 1739 atque
3699 1684 3794 1722 eruo

2234 1740 2511 1793 ditioribus
2534 1740 2845 1794 hominibus.
2878 1739 2933 1795 In
2966 1739 3072 1796 ﬁne
3096 1752 3275 1796 autem
3308 1739 3475 1811 hujus
3517 1741 3633 1795 libri
3659 1742 3795 1795 ascri-

2237 1811 2382 1864 bitur
2414 1811 2467 1865 in
2496 1811 2864 1865 vetustissimo
2885 1812 3074 1867 codice
3104 1830 3207 1868 ms.
3234 1812 3380 1867 Flor.
3417 1814 3608 1881 primo,
3631 1811 3788 1866 eadem

529 1882 734 1951 legunt,
769 1892 930 1955 prout
957 1883 1182 1939 Scottus
1210 1882 1421 1938 edidit:
1457 1881 1615 1937 Fabr.
1650 1891 1703 1938 ct
1732 1880 1947 1951 reliqui,
2000 1897 2126 1933 enu-
2158 1885 2204 1945 Β
2230 1881 2446 1955 antiqua
2481 1897 2666 1955 manu,
2692 1881 2904 1935 contuli.
2938 1889 3005 1937 At
3030 1881 3083 1937 in
3102 1883 3195 1955 ed.
3230 1887 3366 1951 Aug.
3403 1880 3526 1950 post
3552 1880 3793 1955 continebit

528 1965 692 2081 mgii.
731 2025 963 2080 Memini.
996 2024 1087 2081 Sic
1138 2024 1552 2081 ediditScottns
1599 2039 1700 2093 pro
1756 2040 1837 2078 me
1893 2023 2122 2087 memini,

530 2096 672 2151 sicut
722 2098 924 2168 passim
979 2098 1198 2168 legitur,
1255 2106 1613 2167 pratterquam
1675 2096 1727 2150 in
1779 2094 1951 2166 Lugd.
2005 2094 2125 2149 Dat.

456 2302 457 2305 η
531 2175 689 2294 tegi.
716 2237 819 2291 llic
844 2239 931 2301 sit,
956 2247 1034 2303 ut,
1061 2247 1167 2292 etc.
1203 2237 1371 2301 Ultr.,
1404 2237 1525 2307 linis
1547 2237 1633 2290 Itic
1658 2245 1755 2304 est,
1785 2244 1834 2291 et
1873 2237 1958 2299 ab,
2014 2244 2122 2291 etc.

531 2307 680 2366 Meus
712 2310 862 2365 delet
909 2310 1014 2364 hic.
1066 2308 1122 2365 ltt
1154 2310 1302 2365 Flor.
1334 2325 1414 2379 pr.
1446 2307 1514 2363 ad
1544 2308 1773 2378 tnargin.
1833 2308 2126 2365 ascribitur

526 2390 688 2509 “(35.
723 2451 843 2517 Qui.
874 2450 1034 2506 Deest
1088 2451 1141 2506 in
1188 2450 1306 2505 Meo
1328 2460 1381 2505 et
1428 2448 1604 2503 tribus
1635 2448 1987 2504 Florentinis.
2022 2447 2127 2503 Re-

527 2523 758 2591 quiritttr
790 2532 968 2576 tamen
1020 2523 1355 2587 necessario,
1412 2521 1514 2574 nisi
1567 2530 1621 2575 et
1659 2522 1906 2575 ultimum
1964 2520 2125 2588 hujus

525 2595 649 2648 libri
678 2592 902 2646 verbum
934 2594 1210 2647 continebit
1241 2607 1638 2660 CX|ltlltgilmllS,
1682 2602 1736 2645 ut
1782 2592 2014 2661 legatur,
2046 2609 2127 2645 se—

519 2680 678 2733 quens
706 2664 909 2718 libellus
938 2664 1156 2737 incipiat
1203 2664 1527 2717 contextiora
1570 2664 1780 2716 illorum
1837 2674 2124 2734 temporum

2234 1952 2348 2007 haec
2374 1954 2559 2026 glossa
2577 1955 2629 2026 in
2652 1954 2826 2021 ipsum
2859 1961 3065 2008 textum
3098 1954 3353 2026 irrepsit:
3376 1955 3455 2009 Ab
3480 1956 3595 2009 orbe
3617 1954 3793 2008 condito

2231 2041 2391 2089 usque
2413 2024 2480 2077 ad
2514 2022 2701 2079 Urbem
2724 2026 2983 2078 conditam
3007 2027 3133 2079 anni
3160 2022 3228 2080 tv‘
3242 2028 3409 2080 millia
3455 2038 3785 2081 ccccuxxvtt.

2231 2094 2306 2147 Ab
2332 2094 2468 2149 Urbe
2497 2095 2706 2166 condita
2738 2112 2896 2166 usque
2934 2095 3003 2148 ad
3052 2098 3369 2151 nativitatem
3405 2098 3613 2161 Christi,
3654 2111 3791 2149 θεων

2229 2166 2567 2237 colliguntur.
2601 2164 2743 2236 Ergo
2765 2164 2829 2221 ab
2870 2168 3066 2238 origine
3115 2168 3295 2222 mundi
3316 2170 3369 2222 in
3403 2170 3661 2222 adventum
3709 2166 3791 2218 Do-

2228 2240 2355 2290 mini
2382 2239 2545 2291 nostri
2572 2239 2697 2291 anni
2726 2254 2756 2289 v
2802 2237 2971 2292 millia
3024 2254 3167 2293 xetx.
3200 2240 3464 2303 Sequitur
3514 2239 3652 2302 dein,
3698 2238 3788 2305 ﬁnit

2227 2310 2353 2378 liber
2373 2310 2569 2371 primus
2592 2308 2831 2378 feliciter.
2862 2310 2933 2364 At
2960 2311 3011 2362 in
3042 2310 3188 2364 Flor.
3216 2311 3391 2375 primo
3411 2312 3524 2364 hzec
3552 2310 3785 2378 leguntur,

2234 2377 2393 2451 Pauli
2426 2379 2597 2433 Orosii
2628 2382 2873 2434 adversm
2904 2380 3147 2451 Paganos
3177 2381 3304 2435 liber
3328 2398 3345 2436 ι
3370 2377 3787 2451 εχριὶεἰιμὶηείρὶι

2235 2450 2366 2503 liber
2385 2451 2655 2504 secundus.
2718 2451 2920 2505 Eadem
2965 2450 3078 2507 fere
3120 2453 3172 2505 itt
3220 2454 3342 2507 aliis
3398 2455 3667 2521 leguntur,
3710 2450 3788 2503 ni~i

2235 2521 2378 2591 quod
2410 2523 2625 2593 quidam
2659 2523 2919 2591 scribant,
2954 2522 3312 2578 Historiarum
3358 2520 3602 2577 aduersus
3648 2520 3788 2591 Paga-

2233 2609 2346 2646 1108.

1431 2847 1924 2956 LIBER
2006 2845 2907 2961 SECUNDUS.

1976 3004 2315 3033 —-——

951 3105 1062 3180 35
1115 3101 1347 3162 CAPUT
1388 3100 1684 3161 PRIMUM.

629 3239 704 3296 De
733 3256 1011 3312 regnarunt
1042 3241 1330 3296 mutatione
1361 3239 1454 3296 Dei
1485 3238 1815 3311 providentia
1843 3238 2005 3309 facta.

591 3374 874 3431 Neminem
894 3374 1005 3445 jam
1029 3388 1153 3429 esse
1175 3373 1454 3429 hominum
1477 3373 1738 3444 arbitror,
1763 3388 1923 3444 quem
1946 3373 2116 3429 latere

519 3468 712 3539 pos-it,
744 3472 758 3501 ¹
794 3466 939 3537 quod
976 3465 1251 3519 hominem
1282 3465 1333 3519 in
1383 3464 1489 3520 hoc
1516 3464 1720 3520 mundo
1753 3465 1900 3521 Deus
1923 3464 2119 3520 iecerit

516 3567 751 3621 rectum,
784 3556 929 3611 unde
958 3556 1120 3610 etiam
1150 3564 1407 3626 peccante
1436 3556 1658 3611 homine
1680 3557 1915 3611 mundus
1935 3557 2117 3628 argui-

516 3657 624 3712 tur,
676 3664 738 3703 ac
776 3656 1002 3717 propter
1048 3659 1293 3701 nostram
1355 3646 1826 3719 intemperantiam
1874 3651 2110 3719 compri-

512 3741 765 3795 mendam
794 3750 936 3795 terra
974 3739 1113 3807 haec,
1140 3740 1193 3795 in
1227 3756 1329 3810 qua
1363 3739 1617 3805 vivimus,
1652 3739 1865 3795 delectu
1890 3750 2114 3796 ea‘tcro-

510 3852 630 3890 rum
711 3834 1075 3899 animalium,
1122 3843 1173 3887 et
1235 3832 1525 3888 sterilitate
1575 3849 1798 3888 suorum
1844 3834 2113 3889 fructuum

508 3928 831 3997 castigatur.
860 3926 1050 3998 Itaque
1090 3924 1135 3980 si
1166 3928 1187 3957 ⁸
1215 3936 1466 3980 creatura
1502 3925 1617 3991 Dei,
1655 3926 1852 3981 merito
1899 3934 1955 3981 et
1992 3926 2106 3980 dis-

510 4022 758 4091 pensatio
782 4020 877 4075 Dei
902 4034 1113 4086 sumus,
1138 4019 1294 4089 ’qnis
1325 4019 1469 4073 cnitn
1504 4020 1675 4089 magis
1718 4018 1920 4089 diligit,
1949 4035 2107 4089 quam

506 4116 599 4173 ille
622 4115 715 4187 qui
747 4114 915 4171 fecit?
945 4113 1067 4185 quis
1099 4120 1280 4167 autem
1314 4110 1622 4168 ordinatius
1652 4114 1826 4183 regit,
1875 4126 2035 4182 quam
2060 4111 2106 4168 is

2144 3106 2188 3166 C
2226 3100 2246 3133 ’⁵
2273 3103 2363 3174 qui
2387 3112 2443 3159 et
2468 3102 2593 3159 fecit
2612 3102 2890 3176 ctdiligit?
2920 3106 3042 3177 quis
3067 3122 3197 3164 vero
3224 3104 3529 3181 sapientius
3553 3119 3602 3165 et
3627 3107 3783 3163 fortius

2223 3197 2486 3252 ordinare
2518 3205 2573 3252 et
2608 3212 2799 3267 regere
2830 3197 2969 3259 facta
3000 3209 3141 3270 post,
3176 3216 3343 3270 quam
3372 3204 3463 3273 qui
3490 3212 3540 3258 et
3569 3202 3670 3274 86
3690 3201 3785 3253 ‘ta-

2231 3288 2423 3344 cienda
2450 3289 2707 3360 providit,
2738 3300 2792 3345 et
2818 3292 3035 3361 provisa
3057 3292 3323 3362 perfecit?
3354 3294 3676 3365 Quapropter
3691 3308 3781 3345 om-

2236 3398 2359 3438 nem
2404 3393 2728 3455 petestatcm
2761 3400 2789 3439 a
2834 3386 2944 3442 Deo
2976 3402 3119 3456 esse,
3163 3404 3493 3461 omnemque
3527 3388 3782 3445 ordinatio-

2231 3492 2380 3541 nem,
2414 3484 2469 3530 et
2493 3474 2584 3546 qui
2615 3492 2721 3532 non
2748 3477 3036 3548 6legerunt
3068 3480 3341 3551 sentiunt,
3375 3494 3429 3538 et
3458 3484 3544 3552 qui
3576 3482 3781 3550 legerunt

2225 3580 2642 3639 recognoscunt.
2666 3572 2819 3639 Quod
2845 3572 2889 3627 si
2914 3583 3215 3644 potestates
3238 3591 3267 3629 a
3298 3577 3412 3631 Deo
3442 3586 3583 3641 sunt,
3611 3582 3780 3645 quanto

2225 3664 2397 3732 tnagis
2432 3680 2631 3733 regna,
2664 3682 2691 3717 a
2730 3666 2924 3735 quibus
2976 3668 3202 3738 reliqua:
3246 3679 3549 3740 potestates
3592 3683 3778 3739 progre-

2220 3756 2469 3811 diuntur!
2516 3758 2573 3814 Si
2616 3768 2796 3813 autem
2838 3775 3003 3830 regna
3035 3759 3276 3827 diversa,
3311 3765 3330 3794 ⁷
3360 3772 3566 3834 quanto
3602 3760 3775 3830 :equius

2219 3863 2448 3917 regnum
2472 3849 2689 3918 aliquod
2712 3852 3025 3919 maximum,
3054 3855 3140 3909 cui
3169 3855 3505 3924 reliquorum
3528 3867 3774 3925 regnorum

2226 3950 2466 4007 potestas
2492 3942 2747 3997 universa
2778 3944 3092 4013 subjicitur!
3118 3949 3139 3975 "
3166 3947 3326 4016 quale
3352 3964 3381 4002 a
3412 3947 3669 4018 principio
3690 3944 3773 3998 lli-

2225 4030 2522 4103 hylonium,
2552 4043 2606 4088 et
2635 4033 2837 4090 deinde
2868 4036 3273 4095 Macedonicum
3316 4041 3451 4105 fuit;
3493 4048 3609 4110 post
3635 4038 3771 4091 etiam

2217 4124 2555 4196 Africanum,
2585 4137 2750 4197 atque
2776 4128 2829 4184 in
2857 4130 2961 4187 line
2984 4131 3313 4203 Romanum,
3342 4134 3523 4205 quod9
3551 4145 3699 4203 usque
3719 4126 3771 4182 ad

1792 4228 2239 4290 llAVEttCAMl’l
2282 4237 2513 4294 NOTIE.

578 4315 707 4373 Car.
737 4316 866 4373 L—
895 4318 948 4374 1.
992 4316 1144 4385 Quod
1166 4316 1457 4389 [toruinenc
1498 4317 1622 4372 Mss.
1657 4316 1768 4373 fere
1794 4335 2005 4389 omnes,
2032 4323 2107 4376 in-

513 4402 593 4443 ter
618 4403 753 4459 quos
773 4406 989 4460 quoque
1016 4402 1131 4457 opt.
1164 4388 1334 4450 Flor..
1354 4406 1506 4443 more
1529 4391 1646 4458 ejus
1675 4391 1935 4459 temporis
1963 4388 2099 4449 seri-

516 4462 649 4516 btttll
675 4461 818 4528 quia.
855 4462 931 4515 De
953 4476 1060 4517 nuo
1088 4461 1210 4513 vide
1240 4476 1403 4525 supra
1437 4476 1555 4528 pag.
1591 4460 1678 4514 Mi.

577 4478 649 4515 tttt
713 4478 818 4515 uta.
855 4478 931 4515 ue
953 4478 1060 4517 nuo
1088 4478 1210 4513 vute
1240 4478 1403 4525 supra
1437 4478 1555 4528 pag.
1591 4478 1678 4514 eo.

577 4478 928 4605 2.__?Ireatura
954 4530 1071 4583 Dei.
1096 4530 1388 4605 Supralib.
1426 4534 1602 4605 primo
1622 4547 1741 4598 Cap.
1765 4540 1955 4585 octavo
1977 4550 2100 4605 pag.

504 4604 598 4669 49,
630 4603 692 4656 Et
715 4621 809 4667 pro
831 4611 1067 4655 creatura
1091 4602 1286 4653 domini
1307 4601 1405 4661 sui,
1436 4602 1636 4654 ret-tius
1660 4617 1815 4669 quam
1843 4622 1935 4670 pro
1958 4601 2103 4659 crea-

507 4686 643 4729 turn.
679 4675 822 4738 Mox,
877 4673 1058 4726 nmito
1094 4683 1138 4725 et
1170 4673 1558 4743 dispensatione
1593 4672 1766 4743 Lugd.
1810 4674 1949 4731 Ball.
1987 4688 2096 4734 lrcs

503 4755 560 4800 et
580 4746 719 4798 Coll.
744 4746 912 4800 Gron.

575 4818 627 4869 3.
673 4816 801 4879 Quis
831 4815 965 4888 enim
995 4814 1158 4888 magis
1187 4812 1377 4888 diligit.
1414 4813 1707 4871 Aliectavit
1734 4816 2089 4888 locutionem,

502 4903 624 4955 qtne
647 4886 882 4959 (ητᾲεειιηιίι
915 4888 966 4940 in
1002 4885 1295 4959 Evangelio
1322 4884 1481 4941 Lucze
1516 4902 1609 4951 vn,
1634 4888 1702 4941 47
1731 4905 1745 4942 :
1779 4891 1867 4959 qui
1903 4890 1951 4943 id
1984 4884 2089 4946 non

504 4956 1026 5021 animadverterunt,
1058 4955 1376 5025 adjecerunt
1422 4973 1555 5022 eam,
1609 4969 1767 5027 prout
1797 4955 1994 5015 'cxstat
2037 4962 2089 5017 in

502 5044 631 5083 mss.
663 5028 832 5101 [ἅμα.
862 5028 1001 5083 Batt.
1035 5029 1230 5094 tribus,
1261 5029 1400 5083 Coll.
1423 5028 1594 5084 Gron.
1618 5041 1671 5084 et
1700 5030 1826 5086 edd.
1858 5046 1967 5101 pr.,
1994 5034 2090 5087 ιω.

500 5102 595 5155 ris.
627 5110 681 5154 et
704 5099 948 5156 Venetis.

566 5176 621 5227 4.
666 5170 734 5225 Et
765 5175 884 5241 fecit
932 5180 979 5224 et
1021 5170 1214 5243 diligit.
1258 5169 1431 5241 Lugd.
1464 5169 1579 5243 Bal.

500 5242 859 5313 Meusrquam
888 5243 975 5295 ille
1006 5287 1019 5310 ,
1063 5241 1153 5311 qui
1194 5244 1314 5313 fecit
1338 5250 1383 5295 et
1418 5241 1625 5313 diligit?

568 5315 621 5387 5.
666 5312 929 5387 Facienda
956 5311 1202 5387 providit.
1247 5311 1514 5387 Faciendo
1537 5313 1707 5387 Lugd.
1743 5315 1882 5369 Ball.
1916 5332 2003 5387 pr.
2027 5327 2083 5374 et

494 5382 695 5450 Petiz.,
725 5382 967 5457 prtejvidit'
990 5385 1119 5439 edd.
1151 5385 1423 5454 quredam,
1467 5385 1700 5455 providet
1752 5382 1933 5457 Lugd:
1958 5390 2078 5445 Bat.

488 5470 627 5521 sce.,
662 5454 859 5523 perﬁcit
891 5455 1026 5509 Ultr.

558 5528 612 5581 6.
656 5524 933 5597 Legerunt.
975 5524 1112 5581 Tres
1134 5525 1317 5597 Lugd.
1353 5526 1492 5581 Batt.
1528 5536 1583 5582 et
1611 5528 1738 5583 edd.
1772 5528 1913 5585 Vett.
1946 5546 2069 5587 cum

483 5596 623 5671 llo”.
660 5594 900 5652 Gronov.
930 5597 1105 5666 legunt
1133 5596 1219 5650 hic
1235 5594 1309 5671 ξι
1348 5614 1472 5652 mox
1510 5599 1738 5671 iterum:
1784 5613 2069 5671 agnoscunt

481 5667 655 5725 l'eriz.
703 5683 801 5741 pro
840 5676 1189 5741 cognoscunt;
1240 5666 1385 5741 Flor.
1424 5670 1599 5741 prim.
1652 5666 2062 5741 recognoscant,

474 5743 620 5811 quod
651 5738 919 5811 praefero,
937 5748 995 5811 ut
1020 5738 1384 5811 scriptoribus
1409 5739 1733 5811 Christianis
1764 5738 2057 5798 familiare.

476 5808 609 5871 Vide
648 5806 985 5870 indicemiad
1017 5806 1338 5869 Tertulliani
1370 5810 1804 5889 Apologeticum,
1854 5816 1905 5870 in
1944 5831 2052 5890 quo

1630 5181 1838 5241 quart.,
1868 5172 2092 5231 dilexit?

2215 4326 2355 4381 libro
2383 4344 2508 4415 cap.
2538 4332 2629 4397 20,
2656 4348 2711 4404 p.
2746 4336 2872 4415 ίξη,
2907 4336 3045 4415 Dum
3075 4340 3327 4412 patimur,
3371 4344 3644 4415 leguntur;
3667 4340 3768 4394 dum

2211 4407 2647 4472 recorjiioscimus.
2684 4408 2992 4472 probantur.

2208 4486 2211 4489 ί
2282 4471 2347 4553 7..
2382 4473 2589 4539 Quanto
2614 4478 3032 4554 a'q_uius._Lugd.
3055 4483 3173 4554 Bal.
3200 4498 3314 4539 sec.
3341 4495 3397 4540 et
3426 4485 3584 4553 Ultr.,
3603 4491 3766 4554 quanto

2209 4548 2377 4628 magis
2405 4548 2784 4628 essetrequius.
2832 4548 3005 4621 Lugii.
3046 4553 3163 4608 Bal.
3202 4568 3385 4625 quart.
3436 4548 3591 4628 paulo
3616 4548 3761 4617 ante,

2132 4645 2179 4704 υ
2211 4614 2420 4704 diuersa
2440 4618 2563 4704 sint.

2278 4685 2352 4765 8._
2377 4686 2541 4765 Quale
2578 4704 2610 4740 α
2651 4690 2906 4758 principio
2948 4695 3313 4765 Babylonium.
3358 4699 3496 4753 Coll.
3535 4698 3691 4752 Gron.
3717 4702 3763 4749 et

2205 4753 2374 4840 ξέυῧίιι
2401 4756 2539 4839 Βμιι.
2576 4753 2708 4840 εξρε,
2739 4753 2892 4831 Quale
2913 4753 3103 4840 illailla
3133 4770 3393 4840 principio
3423 4768 3758 4840 Babylonium.

2203 4827 2259 4879 In
2294 4827 2860 4901 margineiFloerr.
2911 4837 3013 4892 hoc
3045 4827 3241 4893 lenium
3285 4827 3600 4901 ascribittir,
3640 4838 3760 4889 (Ινάο

2200 4913 2498 4981 regnorum,
2542 4900 2920 4981 Babylonium,
2970 4908 3397 4981 Macedonicum,
3450 4900 3757 4981 Africanum,

2204 4966 2519 5048 ll'omaumn,
2553 4980 2609 5051 et
2638 4966 2691 5027 iit
2723 4966 2995 5051 secundo,
3032 4980 3267 5033 Primum
3296 4966 3513 5051 reg'nun'r
3554 4966 3757 5049 Βιιάειίθέ

2199 5044 2370 5120 "fam.
2403 5044 2686 5122 secundum
2719 5045 3143 5122 Macedonicum,
3181 5044 3392 5105 tertium
3415 5054 3617 5122 Afrum.
3639 5044 3755 5104 tiro-

2196 5114 2307 5162 sius
2336 5123 2515 5167 autem
2544 5114 2819 5194 Medorum
2852 5130 3016 5194 atque
3036 5121 3325 5194 Persarum
3360 5114 3643 5194 imperium
3666 5135 3753 5175 non

2192 5188 2770 5263 cmuntletnoratania
2809 5204 2881 5263 ex
2927 5192 3225 5263 Babylonio
3259 5188 3591 5249 veluti-orta
3631 5194 3751 5251 sint.

2189 5267 2315 5333 eum
2358 5253 2557 5315 Grteci.
2589 5253 2845 5336 Romani,
2878 5263 3016 5328 Afri,
3040 5253 3223 5336 'plane
3251 5264 3379 5336 alia:
3410 5274 3617 5333 gentes,
3651 5278 3677 5315 a
3704 5276 3751 5313 sc

2190 5328 2418 5406 invicem
2443 5328 2881 5406 genere,_lingtta
2905 5345 2957 5406 et
2982 5328 3228 5388 moribus
3255 5328 3749 5406 disrr?pantcs,_es-

2184 5396 2445 5518 Sloilﬁtz-nt.
2500 5396 2638 5453 Ultr.
2671 5399 2725 5452 in
2764 5402 2892 5470 ﬁne,
2924 5403 3104 5461 deleto
3132 5414 3304 5477 atque.
3340 5396 3485 5461 Edd.
3528 5396 3747 5477 quaedam

2180 5481 2375 5533 pOSIta.

2350 5536 2524 5620 lisque
2549 5540 2803 5620 aditum.
2850 5543 3021 5616 Usque
3044 5562 3181 5600 nunc
3203 5545 3396 5620 Lugd.
3421 5548 3561 5620 Ball.
3587 5552 3740 5620 quart-

2176 5618 2226 5688 et
2258 5606 2445 5690 lleriz“.
2489 5612 2542 5665 In
2590 5610 2736 5666 Flor.
2788 5606 3165 5690 sce.»_'e_rasnm
3198 5606 3317 5690 est:
3360 5619 3506 5674 Editi
3549 5606 3738 5689 quidam

2172 5677 2538 5765 ine/[abitiore,
2566 5692 2805 5742 extrema
2834 5688 3039 5760 syllaba
3070 5704 3136 5743 cx
3165 5688 3339 5761 prima
3372 5677 3645 5765 sequentis
3665 5704 3739 5743 to-

2169 5763 2248 5805 CtS
2276 5764 2530 5824 repetita.
