3908 6320
116 304 202 366 115

1145 303 1617 366 HISTORIABUM
1655 301 1863 367 LIBER
1903 303 1966 366 11.
2009 308 2165 366 CAP.
2207 305 2272 366 Il.

3253 308 3364 373 ⁸146

119 433 236 476 nunc
261 426 430 475 manet
460 429 477 472 :
506 414 803 489 eademque
846 416 1108 504 ineffabili
1159 418 1510 476 ordinatione
1557 435 1658 490 per
1683 426 1736 486 Α
1761 430 1938 475 mater
1963 419 2180 476 Romuli
2209 421 2330 488 fuit,
2363 435 2592 493 regnare
2618 422 2803 494 coepit.
2848 419 2920 480 Ut
2965 426 3143 481 autem
3177 428 3365 482 einnia

118 525 312 586 quatuor
340 514 521 569 mundi
564 514 834 582 cardines,
864 524 1097 586 quatuor
1125 530 1418 586 regnorum
1451 517 1659 587 princi-

119 618 250 678 patus
275 618 314 649 ιο
339 607 583 675 fuerunt,
633 608 901 664 distinctis
929 609 1186 681 gradibus
1223 611 1558 676 eminentes,
1603 618 1664 664 ut

119 703 433 775 Babylonium
463 717 687 773 regnum
717 703 785 758 ab
813 704 1049 770 oriente,
1081 719 1111 759 a
1134 703 1362 760 meridie
1384 703 1666 774 Carthagi-

119 813 277 864 nense,
305 813 330 850 a
355 798 720 868 septentrione
747 796 1178 865 Macedonicum,
1213 799 1254 830 ¹¹
1285 797 1354 855 ab
1380 797 1666 853 occidente

119 893 382 948 Romanum
410 910 424 948 :
446 907 672 964 quorum
696 892 842 948 inter
867 893 1103 963 primum
1128 893 1172 925 ¹²
1194 907 1259 949 ae
1284 891 1662 956 novissimum.

120 985 161 1039 id
185 993 282 1048 est.
309 985 448 1039 inter
478 984 832 1056 Babylonium
867 994 922 1041 et
951 985 1291 1053 Romanum,
1339 987 1494 1056 quasi
1525 985 1667 1041 inter

119 1086 297 1146 mtrem
322 1091 504 1132 senem
548 1092 613 1132 ac
642 1076 688 1110 ⁸³
718 1076 888 1132 filium
928 1077 1238 1149 parvulum,
1269 1077 1582 1133 Africanum
1613 1085 1690 1140 et_

120 1168 502 1237 Macedonicum,
534 1168 721 1226 brevia
743 1181 796 1226 et
819 1171 1021 1240 media,
1054 1173 1206 1242 quasi
1240 1180 1388 1226 tutor
1416 1181 1668 1227 curator-

117 1278 203 1333 que
226 1274 505 1330 venerunt,
537 1273 808 1335 potestate
839 1265 1124 1336 temporis,
1157 1265 1404 1336 nonjure
1432 1263 1666 1320 hzeredi-

119 1352 241 1422 tatis,
271 1352 315 1384 “
340 1354 598 1412 admissa.
646 1354 802 1424 Quod
848 1365 1030 1412 utrum
1075 1357 1148 1412 ita
1186 1355 1280 1425 sit,
1320 1355 1667 1428 apertissime

117 1443 340 1515 expedire
371 1446 595 1502 curabo.

623 1561 734 1634 37
771 1560 1005 1620 espur
1043 1561 1105 1620 ιι.

115 1648 510 1718 Supradictorunt
539 1654 694 1724 quasi
737 1655 980 1726 epilogus
1019 1656 1444 1728 diuersorumque
1481 1673 1670 1728 regno-

166 1741 267 1777 rum
295 1741 351 1778 ac
382 1735 668 1796 temporum
707 1728 924 1782 collatio
948 1767 965 1797 ,
1004 1727 1169 1798 deque
1195 1727 1552 1796 vicissitudine
1580 1743 1666 1782 re-

165 1811 384 1866 gnorurn.

167 1904 265 1962 Rex
293 1908 498 1977 primus
528 1908 544 1940 ί
575 1908 717 1979 apud
745 1909 1032 1982 Assyrios,
1058 1911 1150 1982 qui
1179 1912 1422 1968 eminere
1453 1912 1664 1968 caeteris

113 2001 288 2069 potuit,
317 2000 489 2058 Ninus
525 2000 648 2061 fuit.
681 2002 874 2059 Occiso
915 2003 1090 2071 Nino,
1129 2004 1446 2060 Semiramis
1471 2047 1487 2073 ,
1529 2019 1666 2060 uxor

112 2092 235 2161 eius,
264 2094 422 2150 totius
458 2096 608 2151 Asiae
639 2096 861 2168 regina,
896 2096 1252 2170 Babyloniam
1295 2098 1483 2154 urbem
1503 2100 1523 2130 ¹
1553 2099 1668 2154 ins-

113 2187 328 2254 tauravit,
354 2198 629 2258 caputque
668 2189 821 2258 regni
853 2187 876 2230 ³
906 2189 1116 2260 Assyrii
1148 2197 1208 2244 ut
1234 2198 1382 2246 esset
1407 2189 1661 2246 instituit.

112 2274 355 2348 l'lirgnnm
382 2278 740 2350 Assyriorum
762 2280 855 2334 diu
879 2278 1203 2337 inconcussa
1231 2281 1472 2351 potentia
1493 2281 1666 2350 stetit,

113 2368 187 2421 sed
209 2383 318 2424 eum
340 2369 360 2400 '
379 2369 643 2436 Arbatus,
676 2386 835 2439 quem
863 2372 954 2427 alii
983 2373 1252 2429 Arbacem
1280 2382 1494 2440 vocant,
1529 2389 1673 2443 prae-

113 2459 254 2517 fectus
282 2462 592 2532 Medorum,
619 2463 874 2536 idemque
904 2467 1126 2522 natione
1156 2465 1375 2536 Medus,
1403 2467 1677 2523 Sardana-

115 2555 261 2623 palum
288 2573 474 2628 regem
505 2572 666 2612 suum
709 2557 856 2628 apud
888 2558 1243 2631 Babyloniam
1282 2559 1673 2626 interfecisset,

114 2648 232 2717 regni
258 2663 450 2705 nomen
483 2659 543 2706 et
571 2664 840 2706 summam
879 2652 948 2707 ad
988 2651 1176 2708 Medos
1214 2652 1512 2708 tranStulit.
1545 2654 1566 2684 ⁸
1598 2653 1676 2710 Ita

114 2736 208 2794 Nini
232 2751 282 2796 et
309 2742 609 2815 Babylonis
641 2759 867 2816 regnum
896 2760 962 2801 eo
988 2760 1138 2801 anno
1167 2746 1219 2801 in
1250 2745 1435 2802 Medos
1460 2746 1676 2803 deriva-

116 2838 201 2887 tum
228 2845 339 2903 est,
375 2853 489 2908 quo
521 2853 666 2893 anno
695 2837 839 2910 apud
872 2838 1100 2894 Latinos
1121 2839 1349 2905 Procas,
1383 2839 1586 2896 Amulii
1621 2847 1679 2895 et

114 2920 371 2984 Numitoris
410 2935 574 3000 pater
599 2969 616 2998 ,
653 2943 786 2986 avus
829 2938 1012 2986 autem
1060 2929 1228 2987 Rhea:
1269 2931 1470 3002 Sylviae
1494 2972 1510 2999 ,
1551 2946 1674 3003 quae

1768 513 1884 568 haec
1903 513 2266 570 ineffabilibus
2294 516 2572 586 mysteriis
2593 525 2646 572 et
2675 516 3114 586 profundissimis
3138 519 3237 574 Dei
3268 518 3362 590 juo

1767 605 1923 660 dieiis
1951 604 2244 675 disposita,
2277 607 2296 638 "
2331 621 2438 662 non
2474 617 2655 662 autem
2685 607 2939 664 humanis
2968 609 3175 665 viribus
3209 651 3224 674 ,
3269 619 3364 666 aut

1769 700 1994 756 incertis
2021 700 2239 756 casibus
2277 701 2540 758 accidisse
2576 703 2898 774 perdoceam
2927 746 2942 771 ,
2967 721 3158 761 omnes
3181 706 3361 761 histo-

1773 792 1870 848 ria:
1901 793 2139 864 antiquae
2170 808 2201 848 a
2241 792 2380 849 Nino
2413 795 2706 866 incipiunt,
2746 812 2936 853 omnes
2970 799 3209 854 historias
3248 799 3363 856 Ro-

1769 900 1943 940 mana:
1964 901 1995 939 a
2018 884 2188 940 Proca
2220 885 2561 943 exoriuntur.
2599 889 2808 944 Deinde
2833 906 2862 943 a
2894 891 3068 960 primo
3097 907 3241 947 anno
3262 894 3364 948 im-

1771 979 1908 1049 perii
1937 978 2059 1034 Nini
2091 994 2262 1051 usque
2303 995 2412 1050 quo
2441 981 2681 1053 Babylon
2706 997 2735 1036 a
2765 984 3123 1040 Semiramide
3155 986 3365 1042 instau-

1769 1071 1878 1126 rari
1902 1080 2084 1142 erepta
2107 1080 2212 1137 est,
2243 1072 2616 1128 interveniunt
2637 1076 2658 1106 ⁸
2684 1075 2811 1129 anni
2849 1076 3127 1146 sexaginta
3149 1088 3202 1132 et
3231 1093 3339 1148 qua
3361 1107 3368 1124 -

1771 1172 1914 1218 tuor.
1948 1163 2014 1218 Et
2048 1179 2078 1218 a
2119 1164 2296 1235 primo
2325 1179 2473 1221 anno
2512 1165 2721 1236 Procae,
2760 1182 2884 1222 eum
2913 1184 3140 1239 regnare
3162 1171 3359 1241 coepit,

1769 1271 1942 1328 usque
1971 1259 2038 1312 ad
2072 1259 2438 1315 conditionem
2467 1261 2488 1292 ⁹
2527 1258 2692 1316 Urbis
2722 1303 2737 1328 ,
2788 1259 2984 1316 factam
3021 1262 3134 1333 88
3183 1277 3213 1317 a
3256 1262 3370 1318 Ro-

1771 1352 1950 1420 mulo,
1980 1352 2255 1408 intersunt
2278 1354 2407 1408 anni
2439 1353 2480 1384 ¹⁰
2510 1369 2667 1423 teque
2696 1356 2976 1425 sexaginta
3013 1367 3066 1410 et
3109 1366 3364 1426 quatuor.

1769 1442 1846 1498 Ita
1870 1455 2130 1516 regnante
2152 1444 2322 1501 Proca
2341 1445 2538 1502 futurae
2561 1447 2748 1502 Romae
2769 1448 3032 1504 sementis
3054 1449 3093 1479 ¹¹
3107 1449 3249 1519 jacta
3263 1461 3368 1521 est,

1771 1536 1877 1592 etsi
1899 1536 2139 1592 nondum
2171 1537 2211 1568 "
2233 1551 2457 1607 germen
2485 1549 2793 1607 appareret.
2822 1538 3024 1592 Eodem
3051 1553 3196 1594 anno
3218 1543 3374 1610 regni

1773 1630 1946 1700 ipsius
1973 1628 2194 1696 Procae,
2229 1629 2526 1702 Babylonis
2554 1647 2778 1701 regnum
2807 1630 3040 1698 defecit,
3064 1633 3168 1688 etsi
3193 1633 3373 1690 adhuc

1774 1723 2018 1795 Babylon
2039 1722 2155 1795 ipsa
2181 1724 2452 1780 consistit.
2485 1724 2528 1756 ¹³
2554 1724 2935 1781 Descendente
2960 1734 3139 1779 autem
3168 1727 3378 1782 Arbato

1694 1817 1744 1880 B
1772 1817 1824 1872 in
1852 1817 2038 1874 Medos
2060 1859 2075 1885 ,
2111 1817 2156 1848 “
2181 1826 2386 1887 partem
2416 1818 2566 1888 regni
2598 1833 2770 1888 penes
2816 1833 2876 1874 se
2909 1819 3193 1874 retinuere
3215 1819 3380 1875 Chal-

1769 1908 1872 1964 daei
1898 1951 1914 1976 ,
1957 1909 2046 1981 qui
2077 1908 2432 1980 Babyloniam
2465 1908 2570 1965 sibi
2600 1908 2868 1964 adversus
2897 1909 3082 1965 Medos
3127 1911 3376 1966 vindica-

1769 2011 1990 2058 verunt.
2017 2001 2094 2056 lta
2122 2000 2437 2072 Babyloniae
2459 2009 2701 2072 potestas
2728 2002 2867 2071 apud
2893 2002 3100 2070 Medos,
3124 2005 3377 2074 preprie-

1771 2104 1856 2151 tas
1893 2092 2036 2165 apud
2076 2090 2364 2149 Chaldaeos
2405 2092 2546 2148 fuit:
2586 2091 2830 2148 Chaldaei
2873 2104 3053 2150 autem
3086 2135 3101 2160 ,
3153 2104 3378 2164 propter

1771 2185 2047 2257 antiquam
2084 2187 2250 2256 regia:
2282 2185 2432 2241 urbis
2474 2183 2791 2256 dignitatem
2815 2226 2832 2252 ,
2867 2201 2974 2240 non
3005 2186 3154 2240 illam
3182 2202 3372 2256 suam,

1775 2279 1872 2336 sed
1894 2294 1953 2336 se
1973 2280 2120 2336 illius
2141 2279 2186 2310 ¹⁸
2213 2295 2410 2334 vocare
2433 2280 2740 2335 maluerunt
2760 2281 2802 2311 ⁸⁸
2829 2297 2841 2334 :
2865 2281 3008 2336 unde
3039 2281 3240 2338 factum
3267 2295 3374 2351 est,

1783 2383 1840 2428 ut
1881 2372 2418 2439 Nabuchodonosor,
2454 2374 2747 2443 cretei-ique
2795 2383 2920 2444 post
2970 2390 3092 2430 eum
3130 2376 3172 2407 ³⁷
3206 2392 3380 2447 usque

1781 2466 1849 2522 ad
1879 2466 2082 2539 Cyrum
2114 2481 2272 2539 reges
2295 2508 2308 2531 ,
2342 2468 2591 2537 quamvis
2621 2468 2997 2523 Chaldmorum
3031 2469 3246 2526 viribus
3278 2486 3382 2541 po-

1785 2567 1962 2616 tentes
1982 2569 2036 2614 et
2058 2558 2374 2630 Babyloniae
2401 2560 2622 2614 nomine
2651 2558 2785 2616 clari
2816 2559 3063 2630 legantur
3086 2601 3100 2625 ,
3129 2562 3172 2593 ¹⁸
3201 2561 3252 2615 in
3279 2578 3380 2617 nu-

1784 2665 1940 2708 mero
1999 2658 2176 2705 tamen
2220 2660 2272 2704 et
2323 2650 2544 2706 cardine
2586 2666 2774 2721 regum
2833 2665 2942 2706 non
2992 2653 3033 2684 ¹⁹
3078 2650 3384 2709 habeantur

1785 2743 2094 2800 illustrium.
2129 2741 2370 2814 Babylon
2395 2743 2579 2814 itaque
2603 2758 2670 2798 eo
2700 2757 2845 2800 anno
2875 2744 2976 2798 sub
3005 2743 3211 2800 Arbato
3238 2760 3382 2815 pra:-

1783 2835 1928 2892 fecto
1950 2835 1998 2868 '°
2021 2833 2357 2890 dehonorata
2383 2842 2488 2900 est,
2512 2848 2622 2905 quo
2643 2833 2817 2891 Roma
2839 2835 2939 2891 sub
2964 2835 3132 2893 Proca
3155 2853 3282 2908 rege
3303 2838 3388 2906 (ut

1784 2929 2005 3002 proprie
2029 2927 2286 2999 dixerim)
2315 2928 2359 2960 “
2386 2927 2651 2985 seminata
2675 2938 2779 2987 est.
2813 2929 3055 3003 Babylon
3087 2931 3383 2990 novissime

1380 3115 1838 3178 liAVERCAMPI
1875 3115 2103 3174 NOTAE.

166 3256 557 3332 {0._Fuerunt._
588 3255 726 3313 Malo
746 3259 1002 3332 exemplo
1021 3258 1254 3315 verbum
1288 3258 1392 3314 hoc
1417 3258 1575 3332 abest
1590 3256 1672 3332 _ab
1700 3257 1747 3321 C
1779 3264 1881 3332 tte,
1898 3272 2001 3332 non
2026 3262 2138 3332 aut,
2163 3261 2271 3309 etc.

113 3326 212 3384 edd.
235 3328 393 3385 Fabr.
427 3338 486 3386 et
502 3329 751 3402 ,Mogunt.
775 3326 967 3387 contra
994 3346 1126 3387 mss.
1151 3345 1452 3402 omnesque
1473 3329 1670 3385 editio-

113 3413 213 3472 nes,
232 3411 457 3472 excepta
483 3401 821 3470 Augustana.

166 3471 243 3526 11.
281 3471 682 3528 Αθοεεὶάεηιρ.
723 3473 860 3530 Tres
889 3471 1062 3544 Lugd.
1093 3471 1240 3528 Batt.
1274 3481 1329 3530 et
1369 3472 1540 3530 Gron.
1563 3515 1579 3542 ,
1609 3473 1676 3528 ab

110 3555 233 3596 θείω
271 3584 284 3596 .

118 3681 123 3682 ί
166 3560 266 3668 1‘2.ﬂ
283 3617 354 3670 Ac
378 3615 747 3671 novissimum.
789 3613 1095 3672 Florentini
1136 3625 1268 3682 tres,
1300 3630 1424 3672 eum
1465 3615 1677 3672 duobus

112 3681 254 3767 Lugd.
284 3689 426 3742 Batt.
445 3731 461 3755 ,
497 3687 676 3742 Gron.
707 3687 959 3758 Meoque,
992 3688 1074 3743 sic
1099 3681 1285 3742 amant
1305 3701 1402 3756 pro
1429 3697 1476 3741 et
1507 3689 1681 3743 noris-

112 3772 289 3812 simum.

171 3830 246 3883 15.
289 3827 495 3886 Filium
522 3828 821 3897 paruulum.
863 3828 1252 3885 Diminutivum
1285 3828 1417 3885 illud
1458 3830 1680 3900 reposui

113 3911 164 3951 ex
201 3901 367 3958 tribus
407 3900 573 3957 codd.
623 3900 798 3972 Lugd.
847 3901 989 3957 Bntt.
1041 3911 1098 3957 et
1133 3902 1224 3958 ed.
1265 3901 1438 3972 Aug;
1487 3901 1681 3972 reliqui

113 3985 539 4124 Ἢῗᾚᾴιηὶεεα.
558 4041 662 4124 Ed.
689 4043 825 4124 Aug.
846 4059 968 4099 cum
991 4058 1098 4124 uno
1119 4057 1186 4098 ex
1210 4057 1340 4124 mss.
1362 4044 1532 4124 Lugd.
1561 4046 1679 4100 Bat.

111 4122 151 4196 et
175 4114 253 4168 ed.
284 4115 563 4196 Magum...
584 4115 824 4196 admissi,
852 4125 912 4196 ut
944 4114 1212 4170 referatur
1239 4115 1307 4169 ad
1335 4114 1680 4188 principatus,

112 4192 223 4248 εις..
250 4190 394 4257 quod
433 4187 598 4240 nimis
638 4186 802 4255 longe
831 4187 1026 4268 abesta
1365 4260 1375 4270 .
1508 4186 1516 4188 “

115 4337 125 4339 Α
166 4256 281 4335 Car.
324 4257 388 4339 ll.
431 4287 520 4339 -η
546 4258 600 4310 1.
641 4257 798 4327 Apud
846 4258 1107 4329 Assyrios.
1149 4255 1286 4313 Edd.
1316 4258 1450 4314 llttt.
1479 4267 1535 4315 et
1555 4259 1686 4329 B013

110 4330 260 4398 suing.
287 4371 304 4391 ,
335 4330 695 4399 Assyriorum.

168 4397 218 4480 ξ.
255 4397 607 4455 Instauravit.
654 4396 796 4455 Ultr.
831 4408 886 4455 et
914 4397 1088 4472 Lugd.
1128 4399 1247 4455 Bal.
1287 4416 1436 4468 sec.,
1483 4410 1689 4458 restau-

113 4478 242 4524 rer-it.

171 4542 218 4614 ἵ).
247 4543 477 4614 Assyrii.
511 4541 741 4612 Assyriis
772 4541 948 4599 Periz.
973 4587 989 4611 ,
1017 4542 1350 4610 Assyriorum
1382 4545 1551 4599 Meus.

172 4611 221 4664 1.
252 4611 490 4687 Βςςίηωιι
513 4611 880 4687 Assyriorum._
903 4615 1072 4684 Lugd.
1103 4615 1220 4670 Bat.
1259 4630 1372 4670 sec.
1398 4657 1412 4680 ,
1449 4615 1684 4687 Regnum

115 4691 261 4758 autem
283 4685 654 4758 Assyriorum.
675 4684 794 4740 Mox
817 4685 908 4758 ed.
938 4691 1075 4758 Aug.
1096 4726 1110 4748 ,
1138 4687 1445 4740 inconcussa
1467 4684 1558 4758 diu
1585 4702 1679 4758 po-

114 4756 272 4826 tentia.
302 4755 435 4810 PoSt
462 4755 602 4810 stetit
647 4757 699 4810 in
743 4757 985 4826 margine
1010 4755 1159 4811 Flor.
1191 4758 1350 4826 primi
1379 4755 1638 4812 scribitur
1657 4797 1673 4824 ,

113 4821 548 4894 Sardanapallum
577 4828 709 4896 (quo
752 4821 906 4882 more
935 4828 1137 4896 passim
1170 4821 1360 4882 omnes
1415 4842 1546 4882 inss.
1581 4821 1677 4882 nol

111 4897 290 4969 meuid
319 4897 520 4954 efferre
554 4898 755 4969 solent)
795 4899 1018 4953 Arbatus
1052 4899 1329 4969 praefectus
1358 4899 1548 4953 occidit
1574 4941 1590 4968 ,
1633 4907 1681 4954 et

108 4965 363 5036 adﬂatos
394 4967 660 5024 transtulit
690 4965 987 5036 imperium.

169 5034 218 5110 5.
245 5038 506 5105 Arbatus,
535 5055 690 5110 quem
718 5034 812 5093 alii
843 5040 1080 5096 Arbacen
1118 5048 1325 5110 vocant.
1366 5038 1442 5094 Ita
1473 5054 1596 5096 esse
1627 5038 1681 5094 in

108 5102 245 5199 fibris
280 5102 522 5199 antiquis
543 5102 670 5199 :jam
713 5111 970 5199 diximus.
1013 5113 1278 5199 lliodorus
1309 5109 1459 5199 hunc
1507 5112 1682 5199 libanu

108 5179 358 5251 Ἀρϐαικὴν
410 5179 684 5247 nominat,
731 5183 871 5238 sicut
915 5192 970 5238 et
1021 5183 1224 5238 Eu-eb.
1267 5183 1321 5236 in
1379 5183 1676 5238 Chronico.

107 5243 248 5329 finde
274 5252 528 5329 impressi
571 5254 692 5329 libri
715 5253 908 5310 Velleii
936 5253 1211 5329 Paterculi
1234 5263 1360 5329 sunt
1383 5254 1680 5329 emendan-

202 5321 254 5396 in
285 5318 486 5394 quibus
506 5326 768 5394 scriptum
791 5337 900 5392 est,
925 5325 1351 5396 Sardanapalum
1379 5323 1682 5378 Pharnaces

108 5387 279 5469 ῌςάιιε
303 5387 528 5469 imperio
577 5387 780 5469 vitaque
812 5387 1072 5469 privavit;
1105 5387 1233 5452 eu'm
1258 5397 1328 5452 sit
1351 5396 1680 5469 l_egendum,

105 5459 317 5519 Arbaces
365 5459 574 5521 Medus.
623 5459 909 5523 Finnf—
967 5467 1191 5523 Arbatus
1249 5469 1304 5522 in
1353 5459 1686 5523 Florentinis

104 5545 306 5605 Quoque
338 5538 590 5610 omnibus
619 5541 893 5594 invenitur
917 5580 935 5607 ,
965 5549 1024 5594 ut
1061 5550 1117 5595 et
1158 5539 1407 5610 pluribus
1456 5539 1686 5608 reliquis

105 5616 223 5691 mss.
251 5608 528 5692 atqueed.
561 5611 700 5679 Aug.
844 5680 857 5692 .
1161 5608 1177 5610 “
1660 5677 1694 5691 η

105 5675 222 5758 m6.
254 5675 340 5758 Ita
368 5678 496 5733 Nmt
521 5688 568 5734 et
596 5679 884 5750 Babylonis
930 5696 1168 5758 regnum.
1215 5681 1339 5738 llaze
1366 5696 1431 5737 cx
1474 5678 1696 5736 Eusebu

103 5741 369 5819 Chronico
397 5765 584 5819 aperte
611 5741 1038 5819 cognoscuntur.
1066 5751 1231 5807 Fann.

166 5817 218 5874 7.
251 5817 381 5875 Non
402 5817 591 5878 autem.
623 5817 764 5878 Edd.
807 5827 948 5894 Aug.
980 5824 1172 5897 prima,
1220 5824 1390 5884 Paris.
1435 5834 1490 5883 et
1515 5823 1697 5882 Vene-

381 5912 653 5979 Psrnoe.
701 5915 951 5981 XXXI.

1857 3330 1910 3384 8.
1944 3328 2079 3381 Anni
2101 3341 2272 3382 una.
2297 3324 2514 3384 Primus
2556 3340 2627 3383 ex
2666 3326 2840 3398 Lugd.
2869 3326 2986 3386 Bat.
3016 3346 3190 3391 annos
3219 3348 3385 3393 Lxxnt

1782 3407 2127 3526 cogipiiiiis.
2172 3469 2327 3525 Delet
2351 3470 2491 3526 idem
2521 3469 2695 3541 Lugd-
2730 3471 2848 3528 Βίιί·

1854 3543 1945 3598 10.
1999 3541 2178 3614 Λῐιιιω
2211 3543 2367 3619 anni.
2430 3542 2580 3597 llane
2627 3545 3104 3619 transpositionem
3153 3550 3384 3619 probant

1779 3613 1968 3694 ξῖξιοιίοζ
1993 3613 2102 3694 tres
2123 3623 2177 3669 et
2210 3613 2387 3694 Periz.
2412 3629 2534 3668 cum
2581 3613 2670 3668 ed.
2715 3617 2854 3684 Aug.
2903 3633 3004 3686 pro
3044 3613 3171 3675 anni
3207 3639 3377 3694 (eque.

1781 3685 1902 3740 Mox
1932 3681 2402 3756 Perizoit.7!taque
2429 3694 2706 3756 regnante,
2753 3681 2858 3741 etc.

1857 3756 1946 3810 11.
1973 3754 2152 3827 laeta.
2186 3755 2285 3809 Ed.
2315 3754 2732 3827 Aug.,'jactata.

1858 3827 1945 3882 12.
1981 3825 2200 3880 Germen
2223 3825 2518 3898 appareret.
2552 3826 2653 3898 Et_l.
2687 3826 2823 3892 Aug.
2857 3835 2912 3882 ct
2947 3827 3096 3884 Flor.
3140 3847 3220 3898 pr.
3255 3847 3379 3889 eum

1784 3898 1944 3952 tertio
1969 3913 2174 3968 germen
2199 3895 2460 3968 apparet;
2508 3897 2559 3949 in
2590 3895 2739 3950 Flor.
2793 3911 2905 3951 sec.
2951 3895 3381 3968 superscribitur

1783 3964 2021 4039 apparet.
2052 3964 2200 4039 Cod._
2213 3964 2383 4029 Meus,
2413 3981 2586 4039 semen
2618 3976 2912 4039 appareret.

1858 4035 2318 4112 13._Descendente
2338 4045 2512 4112 autent
2536 4036 2786 4112 Arb_acto._
2803 4035 2974 4112 Codd.
2999 4039 3108 4093 duo
3133 4051 3344 4099 veteres
3361 4087 3377 4112 ,

1785 4121 1839 4165 ct
1869 4109 1973 4164 loci
1990 4120 2182 4180 natura
2217 4116 2439 4180 monent
2470 4106 2540 4160 ita
2555 4105 2742 4180 fuisse
2763 4106 3060 4180 legendum
3094 4127 3194 4180 pro
3213 4105 3383 4169 disce-'-

1786 4181 1957 4234 dente.
1985 4179 2157 4234 Laur.
2189 4207 2260 4217 -—
2285 4175 2524 4232 Probant
2553 4175 2725 4245 Lugd.
2761 4175 2904 4234 Ba'tt.
2931 4195 3016 4249 pr.
3049 4175 3110 4236 et
3129 4196 3378 4256 quartus,

1788 4264 1846 4305 ut
1873 4263 1928 4305 et
1956 4251 2046 4305 ed.
2079 4253 2213 4305 Ana.

1788 4264 1846 4308 ut
1873 4263 1928 4306 et
1956 4253 2046 4306 ed.
2079 4253 2213 4308 Aug.

1862 4265 2357 4390 {Leger‘izgregni
2377 4335 2531 4391 penes
2552 4335 2607 4391 se
2623 4317 2877 4375 Chaldaei.
2905 4321 3170 4378 Arbaccm
3189 4336 3380 4384 contra

1789 4394 2212 4464 Sardanapalnm
2243 4391 2382 4464 ju_vit
2429 4390 2695 4464 Beloehus
2726 4393 3037 4462 Babylonia:
3066 4395 3379 4464 praefectus.

1792 4467 1981 4537 Itaque
2011 4466 2154 4520 victo
2176 4461 2546 4537 Sardanapalo
2573 4461 2818 4537 A__rb_aces
2843 4461 3122 4520 Medorum
3157 4479 3208 4520 ct
3237 4469 3372 4523 Per-

1793 4533 1977 4610 sarum
2006 4550 2174 4610 regno
2202 4535 2402 4610 potit_us
2450 4545 2554 4602 est,
2600 4533 2868 4591 Belochus
2896 4537 3225 4610 Babylonem
3252 4554 3379 4595 cum

1794 4603 2302 4680 Assyriaretinuits
2323 4603 2485 4680 Fs_n_n.

1710 4654 1766 4715 D
1794 4654 2346 4734 "'i'si'i'bzé'r'éf’sic'
2366 4654 2682 4732 Florentini
2713 4693 2924 4741 omnes.
2962 4678 3126 4746 Ultr.,
3151 4680 3304 4736 Mens
3323 4691 3381 4738 et

1787 4750 1959 4821 Lugd.
1989 4749 2129 4806 Batt.
2161 4748 2233 4804 At
2260 4747 2512 4804 Perizon.
2543 4764 2666 4803 cum
2694 4748 2852 4805 editis
2899 4749 3240 4821 quibusdam,
3284 4769 3378 4808 vo-

1784 4838 1912 4877 cari.

1861 4894 1949 4949 16.
1995 4891 2161 4947 Unde.
2195 4891 2295 4947 Ed.
2332 4893 2491 4961 Aug.,
2526 4889 2678 4944 Inde.

1860 4966 1948 5020 17.
1982 4963 2152 5036 Usque
2178 4963 2246 5017 ad
2274 4960 2462 5036 Cyrum
2478 4977 2650 5036 reges.
2676 4960 2778 5015 Ed.
2809 4960 2975 5032 Aug.,
3003 4978 3164 5033 usque
3189 4965 3382 5036 Cyrum

1785 5052 1950 5107 reges.
1983 5035 2155 5107 Meus,
2189 5031 2350 5105 usque
2370 5032 2439 5086 ad
2465 5031 2655 5102 Cyrum
2687 5048 2880 5107 regem.
2901 5101 2932 5107 _
3080 5031 3086 5033 ⁷
3217 5051 3224 5107 _'

1864 5109 1951 5162 18.
1987 5105 2054 5160 In
2083 5101 2297 5159 numero
2321 5114 2494 5157 tamen
2510 5101 2572 5155 iet
2616 5101 2850 5156 cardine.
2898 5101 3119 5158 Poterat
3157 5105 3380 5162 tolerari

1790 5177 1964 5250 prius,
1996 5176 2225 5250 ordine];
2257 5176 2381 5250 nisi,
2413 5171 2556 5242 quod
2585 5172 2920 5250 melius__cst,
2951 5175 3158 5250 cardine
3185 5176 3382 5250 Mater-

1784 5241 1836 5304 t'ti
1871 5241 2008 5304 liber
2029 5247 2325 5301 habuisset.
2356 5241 2527 5299 Laur.
2555 5272 2627 5283 —
2654 5241 2882 5297 Cardine
2913 5245 3212 5314 prteferunt
3255 5249 3378 5305 Flo-

1786 5319 1986 5375 rentini
2036 5331 2228 5374 omnes
2267 5325 2323 5372 et
2359 5314 2533 5384 Lugd.
2577 5314 2719 5370 Batt.
2768 5328 2908 5385 sec.,
2959 5327 3142 5387 quart.
3173 5326 3230 5375 et
3275 5319 3379 5378 Pe-

1784 5407 1958 5447 I'IZOI'I.

1861 5462 1948 5518 19.
1977 5458 2298 5514 Ilabeantur.
2325 5457 2466 5514 Editi
2489 5456 2728 5526 quidam,
2755 5455 3029 5529 habentur,
3052 5469 3242 5517 contra
3270 5478 3384 5520 me-

1785 5532 1952 5588 liores
1976 5543 2138 5600 atque
2163 5543 2292 5584 mss.
2320 5529 2433 5584 fere
2455 5541 2665 5600 omnes.

1861 5605 1952 5661 20.
1986 5597 2320 5658 Delionorata
2350 5609 2441 5655 est.
2473 5597 2626 5654 Multi
2652 5613 2719 5655 ex
2742 5599 2904 5657 editis
2930 5601 3113 5658 delent
3140 5603 3245 5658 hoc
3282 5613 3384 5672 est,

1805 5687 1990 5732 contra
2021 5674 2236 5730 codices
2261 5675 2514 5743 scriptos.
2648 5741 2667 5743 Α
3261 5717 3263 5720 .

1876 5748 1968 5803 21.
1999 5746 2269 5802 Seminata
2289 5741 2385 5802 est.
2408 5744 2543 5797 Tres
2563 5757 2626 5799 ex
2647 5741 2818 5814 Lugd.
2850 5743 3016 5807 Batt.,
3043 5744 3262 5814 fundata
3286 5755 3386 5812 est,

1810 5828 1867 5877 ut
1893 5829 1947 5878 et
1976 5816 2114 5878 Coll.
2141 5817 2308 5878 Gron.
2357 5831 2480 5894 qua:
2505 5813 2649 5874 delet
2680 5813 2797 5882 illa,
2828 5825 2882 5869 ut
2913 5813 3117 5887 proprie
3148 5818 3392 5883 dixerim.

2771 5904 2873 5974 .2’t
