3938 6320
514 351 627 412 755
1776 406 1779 411 _
1914 350 2118 409 PAULI
2155 350 2381 410 OROSII
3681 359 3764 417 τω

508 470 733 542 przciret
765 485 777 523 :
810 482 934 540 qua:
977 480 1090 534 res,
1121 468 1167 508 ³ο
1199 464 1253 520 in
1301 463 1396 520 illo
1441 470 1575 520 tune
1617 463 1765 521 bello
1817 464 2114 535 plurimum
2144 472 2193 532 Α
2222 482 2328 538 que
2349 480 2447 537 par
2464 465 2958 538 forma,utsmisso
2974 468 3212 541 plurimo
3227 472 3771 541 exercitu,occisisque

508 566 553 604 ²¹
586 562 938 619 emolumenti
971 561 1118 616 tulit.
1155 560 1416 632 Sequitur
1437 558 1707 616 discessio
1734 560 1906 631 plebis
1936 576 1967 615 a
2012 577 2107 632 pa-
2217 561 2270 614 in
2299 576 2475 631 pugna
2501 562 2706 618 Manlio
2725 564 2957 620 consule
2979 574 3033 620 et
3060 564 3234 621 Fabio
3256 566 3769 635 “consulari,M.Fs-

513 655 708 712 tribus.
742 658 785 689 ²¹
821 656 955 710 Cum
986 654 1055 709 M.
1087 653 1311 710 Valerio
1349 654 1617 709 dictatore
1657 654 1930 709 delectum
1965 655 2110 710 mili-
2210 656 2333 711 bius
2371 656 2562 710 consul
2607 656 2719 729 99
2757 657 2998 714 oblatum
3041 659 3142 714 sibi
3182 673 3212 713 a
3247 670 3441 715 senatu
3484 661 3769 730 triumphum

510 762 626 806 tum
664 759 879 823 agente,
907 750 1076 805 variis
1102 750 1338 822 populus
1384 750 1699 805 stimulatus
1738 750 1973 822 injuriis,
2006 750 2110 808 Sa—
2212 747 3771 822 "suscipererecusarit,quiatantisReipnbliczedetrimen-

508 861 662 903 crum
692 852 932 902 montem
957 846 1158 901 insedit
1184 857 1451 901 armatus.
1476 844 1595 912 Qua
1626 844 1671 882 ³³
1698 844 1939 915 pernicie
1970 843 2099 915 quid
2212 840 2279 894 tis
2300 840 2476 896 luctus
2512 841 2689 912 potius
2716 841 3038 898 debebatur.
3072 843 3479 900 Gloriosissima
3516 845 3559 877 ³⁷
3582 846 3659 901 illa
3695 863 3773 899 nu-

507 938 774 1003 atrocius,
798 953 923 994 cum
946 938 1060 1011 98
1087 952 1292 1009 corpus
1319 954 1351 992 a
1386 938 1567 1007 capite
1602 936 1881 993 desectum
1910 936 1956 968 νο
1986 952 2109 1008 ρει--
2219 934 2648 989 ineroetviribus
2665 934 2954 990 Fabiorum
2972 934 3771 1004 familia,“Veientanumsortita

508 1028 774 1103 ditionem
814 1028 935 1100 ejus
960 1069 978 1097 ,
1023 1044 1122 1101 per
1162 1028 1306 1103 quod
1350 1027 1398 1062 "
1425 1028 1695 1100 spirabat,
1740 1028 1785 1059 ‘°
1823 1028 2107 1086 minitare-
2208 1026 2781 1097 certameii,jquantatii
2810 1026 3148 1097 Reipublicae
3176 1028 3474 1086 orbitatem
3499 1044 3679 1086 occasu
3696 1046 3772 1087 suo

508 1124 635 1179 tur!
655 1123 699 1156 ³⁷
726 1131 1020 1194 actumque
1040 1122 1111 1179 de
1129 1121 1379 1178 Romano
1407 1123 1627 1180 nomine
1651 1121 1905 1177 intestina
1925 1122 2107 1194 perni-
2207 1116 2469 1184 intulerit,
2501 1119 2793 1176 infamibus
2815 1120 2859 1154 "
2885 1120 3132 1191 usquead
3149 1136 3295 1177 nunc
3318 1123 3617 1190 vocabulis,
3640 1131 3774 1178 testes

508 1213 594 1271 cie
620 1213 784 1281 foret,
822 1213 923 1270 nisi
952 1221 1221 1270 maturata
1253 1214 1630 1271 reconciliatio
1661 1214 1707 1246 ⁸⁸
1735 1213 2107 1283 subrepsisset
2205 1220 2333 1266 sunt
2352 1209 2398 1242 ⁸ο
2420 1210 2618 1266 ﬂuvius
2638 1211 2729 1282 qui
2751 1211 3009 1282 perdidit,
3029 1223 3083 1268 et
3106 1223 3260 1283 porta
3282 1213 3325 1245 ⁸³
3347 1229 3474 1285 qua:
3493 1215 3650 1271 misit.
3666 1214 3775 1271 Nam

509 1309 684 1378 prius,
707 1323 871 1380 quam
900 1322 961 1364 se
998 1306 1263 1364 discessio
1292 1307 1409 1377 ipsa
1445 1315 1827 1377 cognosceret.
1861 1308 1904 1346 ι’
1938 1305 2105 1377 Urget
2205 1316 2327 1358 cum
2355 1301 2401 1334 "
2430 1318 2526 1359 sex
2554 1313 2612 1360 et
2638 1305 2871 1360 trecenti
2898 1303 3078 1372 Fabii,
3107 1319 3238 1361 vere
3255 1305 3564 1361 clarissima
3584 1305 3773 1361 Romani

508 1418 569 1458 se
606 1412 770 1473 atque
811 1400 1063 1458 imminet
1087 1402 1191 1457 sibi
1229 1411 1383 1457 extra
1421 1401 1545 1456 illas
1571 1410 1790 1470 apertas
1830 1398 2103 1455 bellorum
2206 1405 2380 1453 status
2405 1397 2632 1465 lumina,
2663 1398 2902 1468 speciale
2930 1397 3035 1453 sibi
3064 1399 3330 1455 adversus
3352 1398 3399 1430 “
3433 1397 3676 1456 Veientes
3696 1397 3772 1454 de-

511 1494 695 1551 clades
751 1508 1009 1550 successu
1088 1492 1291 1549 misero
1352 1492 1693 1550 clandestina
1756 1492 2029 1563 pernicies
2086 1508 2098 1546 :
2206 1491 2352 1545 cerui
2376 1490 2578 1546 bellum
2603 1491 3204 1561 expetivissent,spcm
3230 1502 3439 1547 temere
3464 1500 3682 1563 sumpto
3702 1508 3775 1546 cs-

510 1589 710 1661 quippe
735 1586 780 1619 ³⁶
808 1588 874 1644 Τ.
915 1587 1158 1657 Geganio
1189 1594 1248 1643 et
1278 1586 1340 1643 P.
1373 1586 1610 1642 Minucio
1630 1584 1971 1650 consulibus,
1994 1583 2103 1641 duo
2206 1582 2502 1654 peditionis
2541 1583 2731 1654 primis
2775 1583 3123 1640 successibus
3168 1582 3525 1640 firmaverunt
3566 1602 3578 1639 :
3612 1585 3775 1640 dehinc

504 1681 593 1737 vel
621 1679 853 1735 maxima
877 1679 1125 1734 omnium
1155 1678 1421 1734 malorum
1445 1674 2104 1745 abominamcnta,famcs
2208 1676 2414 1734 inducti
2459 1678 2511 1734 in
2553 1676 2801 1745 insidias,
2842 1679 3301 1749 circumventiqne
3337 1676 3384 1708 “
3423 1672 3494 1731 ab
3540 1676 3774 1745 hostibus,

506 1784 563 1831 ct
610 1772 923 1843 pestilentia
963 1772 1160 1828 fessam
1195 1770 1397 1828 Urbem
1442 1772 1786 1843 corripuere.
1816 1767 2101 1825 Cessatum
2208 1786 2398 1827 omnes
2419 1771 2619 1827 ibidem
2646 1770 2897 1827 trucidati
2923 1780 3222 1832 suntzuno
3247 1779 3457 1826 tantum
3480 1769 3530 1802 "
3557 1770 3619 1826 ad
3637 1786 3777 1826 enun-

506 1875 594 1924 est
614 1866 889 1939 paulisper
916 1881 947 1921 a
975 1865 1197 1936 pmliis,
1216 1877 1489 1921 cessatum
1521 1865 1757 1922 tamen"
1776 1878 1806 1918 a
1831 1864 2096 1919 mortibus
2130 1865 2178 1925 B
2204 1862 2440 1919 tiandam
2472 1864 2684 1920 cladem
2713 1862 2761 1895 “
2787 1870 3093 1930 reservato,
3125 1871 3183 1918 ut
3202 1862 3458 1918 miserius
3481 1861 3685 1918 audiret
3706 1877 3777 1932 pa-

505 1976 615 2015 non
645 1969 751 2015 est.
781 1956 828 1990 “
861 1956 1113 2014 Veientes
1153 1966 1208 2013 et
1248 1956 1483 2026 Etrusci,
1526 1971 1726 2029 graves
1776 1958 1985 2024 hostes,
2018 1953 2114 2010 ad-
2219 1956 2319 2012 tria
2367 1955 2643 2027 perditos,
2672 1971 2834 2028 quam
2872 1955 3214 2027 perdidisset.
3248 1954 3330 2010 Ad
3355 1955 3473 2009 Iter
3496 1971 3602 2011 non
3624 1955 3775 2010 [totum

500 2051 707 2121 junctis
744 2050 847 2106 sibi
881 2051 1234 2107 finitimorum
1276 2051 1483 2121 copiis,
1521 2052 1574 2107 in
1612 2050 1751 2107 bella
1790 2060 2111 2121 surgentes,
2218 2059 2425 2105 tantum
2459 2048 2586 2103 talia
2616 2049 2964 2119 gerebantur,
2994 2046 3089 2103 sed
3120 2062 3352 2117 quaeque
3396 2047 3666 2117 provincia
3689 2047 3777 2101 suis

503 2144 678 2202 obviis
701 2145 769 2201 bl.
794 2144 980 2215 Fabio,
998 2145 1171 2203 eth.
1193 2144 1238 2176 ³³
1254 2145 1451 2202 Manlio
1482 2146 1806 2203 consulibus
1837 2148 2121 2218 escipinn-
2219 2140 2437 2213 ignibus
2474 2142 2774 2197 :rstuabat:
2806 2151 2884 2206 et,
2912 2138 3055 2211 quod
3090 2147 3249 2210 poeta
3281 2138 3666 2209 prascipuus'in
3692 2152 3773 2194 una

501 2236 734 2292 tur:ubi
763 2247 879 2309 post
910 2247 1309 2294 sacramentum
1321 2238 1636 2309 jurationis,
1660 2256 1771 2312 quo
1794 2254 1855 2296 se
1886 2233 2121 2297 Romani
2216 2238 2353 2296 urbe
2376 2236 2686 2308 descripsit,
2715 2251 2819 2308 ego
2845 2236 2914 2292 de
2945 2244 3058 2291 toto
3086 2235 3219 2292 urbe
3245 2234 3291 2267 "
3320 2235 3555 2290 dixerim
3584 2251 3597 2288 :

516 2329 875 2399 devoverant,
902 2348 1009 2387 non
1042 2331 1147 2387 nisi
1176 2344 1295 2403 post
1324 2333 1609 2390 victoriam
1643 2336 1709 2390 ad
1757 2346 1937 2393 castra
1970 2338 2119 2396 redi-

2907 2369 3130 2433 Crudclis
3161 2370 3349 2433 ubique

513 2428 690 2492 turos,
723 2423 1029 2482 adeoatrox
1051 2433 1329 2483 certamen
1344 2418 1595 2495 luit,“et
1614 2427 1771 2484 victis
1802 2428 2118 2487 victoribus.

2343 2433 2544 2499 Luctus,
2568 2433 2754 2499 ubique
2782 2445 2951 2498 pavor,
2975 2439 3027 2484 et
3046 2428 3453 2497 pluritua'tnortis
3476 2430 3646 2497 imago.

1796 2624 2250 2711 navsncaupt
2288 2638 2523 2710 nom.

576 2814 670 2871 20.
696 2813 763 2870 In
786 2813 879 2870 illo
898 2821 1020 2868 tunc
1034 2811 1189 2868 bello.
1209 2811 1266 2867 In
1282 2811 1409 2883 edd.
1427 2806 1774 2868 Fabricianls
1796 2820 1853 2869 et
1880 2812 2104 2883 Mogun-

513 2888 626 2942 tina
670 2886 869 2941 frustra
899 2899 1120 2953 qumras
1150 2882 1291 2955 illud
1318 2884 1393 2951 in,
1422 2884 1568 2955 quod
1597 2898 1789 2940 omnes
1811 2894 1941 2942 ante
1969 2882 2106 2941 editi

516 2972 640 3013 cum
669 2971 803 3011 mss.
832 2956 1044 3011 cunctis
1072 2954 1353 3009 exhibent.

580 3028 671 3081 21.
707 3027 1054 3082 Emolumenti
1081 3026 1222 3081 tulit.
1240 3025 1299 3080 In
1326 3024 1606 3094 Perizon.,
1630 3027 1962 3083 emolumenti
1981 3044 2105 3083 con-

511 3099 661 3163 tulit;
704 3097 758 3153 in
805 3096 974 3165 Lugd.
1005 3096 1147 3152 Bait.
1193 3110 1303 3165 pr.,
1332 3107 1528 3168 quarto
1567 3108 1623 3154 et
1657 3099 1798 3155 Coll.
1832 3099 2103 3168 Gronov.,

510 3167 838 3225 emolumenti
868 3167 988 3221 tulit
1013 3169 1108 3225 eis.

580 3239 673 3293 22.
704 3237 833 3293 Cum
854 3237 932 3294 Μ.
980 3236 1182 3313 V_a_lerio
1211 3237 1485 3313 dictatore.
1517 3240 1690 3313 Hujus
1732 3241 1931 3297 Valerii
1962 3256 2100 3311 prte-

510 3325 716 3385 nomen
739 3320 974 3385 est,_non
1001 3307 1234 3375 Marcus,
1266 3311 1359 3385 sed
1390 3307 1623 3385 Manius,
1656 3324 1707 3367 ut
1735 3328 1801 3367 ex
1828 3307 2101 3385 fragmen-

512 3382 588 3436 tis
608 3379 1424 3454 Trininphorumcngnoscitur.
1457 3382 1749 3454 Dionysius
1770 3379 1938 3438 etiani
1961 3386 2100 3439 lihro

507 3460 668 3507 sexto
697 3448 853 3529 illum
883 3448 1118 3529 appellat
1140 3451 1322 3505 Μάνιον
1333 3448 1615 3529 ’ρραλέριοῦ
1635 3454 1843 3529 ἀδελφὸν
1861 3456 2099 3511 Ποπιλίου

508 3532 604 3649 ᾗθῦ
654 3526 865 3651 «pgnas
917 3522 1331 3584 ὑπατεύσαντος.
1372 3525 1453 3578 'l‘u
1499 3522 1618 3597 lege
1665 3522 1988 3583 Ciceroitetn
2046 3529 2097 3581 itt

557 3604 698 3650 ruto.
774 3609 893 3649 sua.

557 3609 698 3650 ιἰιιο.
726 3609 874 3650 ιτΑΒιι
884 3634 893 3646 .

2208 2823 2314 2874 est.
2345 2821 2575 2885 propter
2606 2811 2805 2885 famem
2851 2818 2908 2885 et
2955 2808 3349 2885 pestilentiam2
3380 2823 3505 2885 qua:
3535 2808 3705 2885 tnultas
3724 2820 3767 2866 ct

2207 2880 2468 2942 imbelles
2496 2895 2551 2942 et
2601 2882 2775 2939 fortes
2813 2882 2983 2939 etiam
3025 2881 3239 2936 animas
3281 2880 3351 2936 ad
3395 2880 3597 2937 inferos
3630 2881 3762 2935 inise-

2209 2967 2354 3013 τυιιι.

2282 3028 2373 3086 52.
2413 3027 2648 3083 Veientes
2698 3035 2744 3081 et
2789 3023 3020 3080 Etrusci.
3053 3022 3317 3086 Copulam
3361 3031 3411 3077 et
3451 3022 3625 3079 delent
3661 3023 3761 3078 Flo-

2208 3108 2372 3155 rcntt.
2407 3115 2488 3169 pr.
2520 3108 2578 3154 et
2610 3111 2727 3154 see.
2770 3112 2897 3153 cum
2937 3096 3077 3152 Coll.
3108 3096 3354 3152 Gronov.
3387 3104 3449 3150 ut
3478 3104 3535 3151 et
3570 3105 3759 3167 quatuor

2208 3169 2379 3240 Lugd.
2414 3171 2556 3226 Bait.
2588 3184 2711 3225 cum
2747 3169 2918 3224 Periz.

2282 3236 2371 3297 55.
2409 3241 2630 3296 Manlio.
2658 3240 2829 3311 Lugd.
2864 3240 2982 3295 Bat.
3017 3247 3149 3305 tres,
3177 3236 3390 3311 Mallio,
3420 3253 3540 3311 qnze
3564 3251 3753 3311 corrup-

2211 3312 2423 3369 tioliuic
2453 3308 2809 3383 nominiapud
2833 3314 3152 3367 Suetonium
3182 3320 3237 3365 et
3263 3308 3399 3365 alios
3425 3310 3693 3380 scriptores
3709 3309 3751 3362 in

2209 3400 2340 3439 mss.
2367 3386 2569 3453 passim
2599 3384 2843 3439 accidere
2870 3384 3031 3438 solet.

2280 3452 2380 3512 5i.
2397 3456 2463 3509 Et
2488 3457 2653 3510 victis.
2684 3455 2819 3509 Edil.
2841 3461 3000 3519 vett.,
3028 3453 3097 3509 Ut
3125 3452 3269 3507 victis
3297 3453 3654 3524 sideribusque
3675 3468 3752 3523 par

2210 3526 2379 3595 forma
2402 3539 2550 3584 esset.
2575 3527 2679 3583 Sed
2713 3538 2843 3582 esset
2875 3528 2942 3581 ab
2964 3528 3054 3582 cd.
3090 3530 3225 3595 Aug.
3251 3526 3430 3581 abest.

2279 3597 2367 3653 55.
2393 3597 2688 3655 Cousulnri.
2716 3599 2813 3654 Eil.
2843 3598 3004 3668 Aug,
3034 3598 3415 3665 proconsulari.

586 3664 967 3743 25._Pernicie.
997 3666 1170 3740 Lugd.
1196 3666 1338 3722 Batt.
1367 3675 1480 3723 tres
1509 3683 1633 3724 cum
1655 3667 1795 3726 C'oll.
1827 3671 2095 3743 Gronov”
2126 3651 2172 3715 ε
2231 3741 2238 3743 _
2276 3651 2364 3725 56.
2396 3651 3247 3743 Stigéijiéreﬁcmri‘i.unum
3279 3684 3348 3724 ex
3371 3651 3545 3743 tribus
3565 3669 3748 3743 Flor-fn-

507 3737 827 3810 pernicium.

584 3812 675 3864 24.
706 3808 1076 3885 Perdilio‘ttem.
1127 3806 1297 3885 Lugii.
1328 3811 1442 3865 Bal.
1473 3822 1677 3881 quati,
1720 3831 1810 3884 per
1840 3816 2096 3885 proditio-

511 3896 649 3956 nem.
678 3881 834 3956 quasi
862 3881 1047 3956 vellet,
1080 3883 1419 3956 proditionem
1458 3887 1595 3956 ejus,
1620 3881 1728 3940 etc.

576 3952 669 4025 25.
693 3951 962 4025 δρξνᾳὺαι.
993 3951 1124 4008 Cod.
1161 3952 1402 4025 Longab.
1428 3951 1549 4008 cum
1580 3955 1717 4011 Ultr.
1747 3956 2092 4020 :inspirabat.

578 4022 670 4077 26.
705 4022 1054 4078 Miuitarelur.
1104 4025 1195 4081 Sic
1241 4022 1489 4093 rcstitui,
1520 4025 1623 4082 huc
1654 4045 1718 4082 ex
1760 4031 2094 4085 meditaretur

507 4104 565 4149 et
595 4095 888 4149 imitaretur
912 4110 933 4149 :
960 4104 1016 4151 et
1049 4095 1277 4151 imitatio
1316 4108 1401 4153 est
1442 4096 1791 4154 Sallustiana.
1819 4099 1987 4159 Laur.
2021 4131 2090 4143 —-

507 4165 588 4221 Ex
646 4182 777 4220 mss.
835 4166 990 4239 solus
1042 4166 1182 4223 hanc
1228 4169 1551 4239 comprobat
1594 4169 1734 4225 Ultr.
1789 4170 2087 4229 Verissima

507 4247 687 4315 tamen
716 4236 1030 4315 emendatio
1058 4248 1164 4315 est.
1200 4252 1255 4315 et
1280 4236 1371 4315 vel
1398 4240 1875 4315 unosuﬂ'ragante
1899 4244 2087 4300 codice

504 4308 839 4383 recipienda,
859 4307 1124 4383 AMeditari
1152 4313 1294 4366 enim
1315 4310 1384 4367 de
1414 4312 1615 4377 capite,
1640 4314 1691 4367 in
1715 4307 1822 4383 quo
1847 4315 2087 4383 pruden-

507 4380 580 4432 tia
612 4388 716 4442 est,
742 4379 971 4434 minitari
999 4380 1069 4456 de
1096 4396 1347 4456 corpore,
1375 4383 1521 4455 quod
1548 4383 1600 4437 vi
1629 4379 1883 4439 manuum
1914 4386 2082 4456 valet,

499 4464 741 4519 congrue
761 4462 817 4506 et
844 4461 994 4510 recte
1015 4452 1237 4509 dicitur.

570 4521 672 4605 27..
698 4524 1005 4605 ᾼειιιηιᾳιιε.
1032 4523 1206 4597 Lugd.
1238 4526 1356 4581 Bal.
1402 4541 1515 4597 pr.,
1553 4526 1758 4597 Actum,
1791 4537 1845 4584 et
1874 4543 1996 4584 mox
2027 4529 2084 4584 ni

498 4607 598 4663 pro
618 4610 738 4648 mss.

568 4664 658 4739 28.
686 4664 1057 4739 subrepsisset.
1095 4666 1324 4739 Vulgata
1359 4666 1474 4739 haec
1512 4677 1566 4725 et
1598 4685 1722 4725 vera
1770 4669 1933 4727 lectio
1970 4679 2076 4729 est.

492 4733 667 4815 Lugd.
712 4733 865 4815 bats.
885 4746 1004 4815 tres
1047 4753 1170 4795 cum
1203 4733 1360 4815 'Coll.
1404 4738 1653 4797 Gronov.
1693 4750 1750 4799 et
1779 4741 1869 4797 ed.
1909 4744 2073 4815 Aug,

492 4807 849 4878 subripuisset.
884 4808 1059 4878 Meus,
1088 4813 1413 4867 surrexisset.

566 4878 655 4933 29.
689 4877 847 4952 Urget
873 4897 946 4954 se.
982 4881 1216 4938 Vetusta:
1242 4882 1491 4954 quaedam
1526 4882 1796 4941 editiones
1826 4886 1963 4939 enim
1992 4884 2076 4941 ἰη-

493 4958 788 5026 iet-serunt,
817 4962 890 5026 at_
916 4952 1076 5026 Auge
1097 4969 1213 5026 non
1245 4952 1505 5026 agnoscit.
1537 4965 1592 5011 et
1621 4967 1768 5012 recte
1799 4956 1929 5013 fecit
1970 4955 2071 5011 Fa-

2204 3741 2333 3797 tinis
2372 3754 2424 3797 ct
2466 3740 2601 3800 Ultr.
2643 3742 2868 3812 Mcoque
2912 3757 3009 3812 pro
3054 3752 3336 3812 recusaret.
3371 3740 3606 3796 Perizon.
3630 3741 3749 3795 delet

2199 3816 2479 3883 suscipere.
2513 3831 2610 3882 pro
2648 3830 2755 3883 quo
2784 3814 3008 3874 retinere
3040 3814 3202 3866 habet
3230 3811 3371 3867 Coll.
3405 3811 3627 3868 Gronov.

2271 3887 2358 3939 57.
2391 3885 2499 3941 Illa
2545 3903 2753 3941 numero
2781 3896 2829 3938 et
2859 3886 3071 3939 viribus.
3104 3886 3253 3940 Meus
3281 3886 3481 3939 mavult
3506 3897 3744 3937 cinerum

2194 3965 2243 4010 et
2279 3957 2504 4024 viribus,
2546 3970 2597 4011 :tl
2640 3957 2799 4011 codd.
2833 3955 3004 4025 Lugd.
3049 3955 3189 4010 Batt.
3235 3968 3338 4022 pr.,
3377 3966 3497 4009 tert.
3526 3966 3573 4009 et
3598 3966 3741 4024 quart.

2194 4041 2336 4083 cntn.
2370 4031 2508 4083 (.Ioll.
2534 4031 2770 4085 Gronov.
2800 4031 2880 4084 sic
2911 4042 3083 4081 locum
3110 4027 3447 4081 CttllSli‘ltlllll
3474 4026 3667 4082 :Clorio
3689 4026 3744 4077 is-

2191 4098 2323 4153 sima
2359 4101 2453 4156 illa
2487 4101 2671 4156 cohors
2714 4116 2927 4154 numero
2959 4110 3004 4153 et
3031 4099 3224 4153 viribus
3254 4096 3557 4167 Fabiorum,
3595 4096 3742 4152 Veien-

2190 4178 2389 4226 Ianum.

2260 4242 2350 4296 58.
2397 4243 2751 4298 Veientanum.
2788 4242 2886 4297 Ed.
2915 4240 3083 4311 Ang.,
3120 4241 3437 4295 Veientium.

2261 4314 2351 4369 59.
2389 4314 2561 4385 Usque
2586 4316 2655 4369 ad
2685 4329 2841 4369 nunc.
2877 4314 2958 4369 lta
2987 4328 3119 4369 mss.
3148 4312 3421 4368 Florentt.
3446 4326 3618 4368 omnes
3638 4325 3737 4368 cum

2187 4384 2438 4451 reliquis:
2472 4384 2526 4442 at
2556 4386 2682 4443 edd.
2715 4395 2968 4452 veteres,
3002 4399 3163 4455 usque
3193 4399 3355 4455 nunc.

2256 4455 2348 4511 40.
2382 4458 2601 4531 Flavius
2626 4460 2717 4529 qui
2742 4458 2991 4531 perdidit,
3013 4466 3062 4509 et
3078 4452 3262 4531 porta.
3293 4454 3509 4531 Flavius
3531 4452 3736 4531 Urguent

2183 4523 2300 4594 fuit,
2340 4538 2490 4590 porta
2531 4523 2893 4585 Carmentalis.
2937 4528 3141 4589 Livius,
3188 4526 3489 4595 Dionysius,
3517 4535 3566 4579 et
3602 4525 3731 4579 0nd.

2184 4596 2308 4651 libr.
2336 4616 2371 4655 ιι
2392 4601 2538 4656 Fast.
2566 4601 2729 4656 Fann.
2757 4631 2821 4643 --—
2843 4600 3015 4658 Fluvii
3042 4612 3240 4654 nomen
3272 4599 3325 4651 in
3355 4599 3490 4655 Meo.
3522 4596 3728 4650 l‘erizon.

2181 4677 2238 4722 et
2274 4670 2446 4741 Lugd.
2489 4673 2611 4728 Bat.
2652 4680 2845 4743 quarto
2874 4671 3164 4728 ascribitur
3192 4668 3464 4726 Citiemera
3491 4668 3602 4739 (pro
3627 4668 3727 4720 Cre-

2179 4747 2343 4811 mera)
2374 4745 2588 4813 ﬂuvius,
2628 4755 2731 4800 etc.

2248 4806 2338 4870 4t.
2374 4806 2507 4883 Quae
2530 4806 2687 4871 irrisit.
2717 4817 2811 4873 Sic
2837 4824 3019 4871 amant
3046 4813 3347 4870 Florentini
3379 4822 3486 4869 tres
3512 4822 3561 4866 et
3582 4806 3727 4878 Lugd.

2178 4881 2296 4957 But.
2331 4881 2414 4957 pr.
2441 4902 2563 4943 cum
2592 4889 2731 4945 Coll.
2763 4889 3005 4945 Gronov.
3036 4895 3090 4942 et
3117 4885 3207 4942 ed.
3239 4886 3381 4957 Aug.
3416 4895 3627 4952 meoque
3651 4892 3727 4935 eo-

2174 4954 2315 5030 dice.
2331 4954 2582 5030 'Vulgati,
2609 4977 2726 5030 qua:
2752 4960 2939 5013 emisit.

487 5018 715 5101 bricins,
748 5018 894 5101 quod
918 5018 1179 5101 essiilare
1198 5018 1440 5098 jusserit.
1477 5026 1693 5101 Urgnet,
1725 5036 1857 5099 etc.,
1881 5030 2073 5086 scribit
2098 5038 2153 5099 ι)
2247 5026 2337 5101 42.
2378 5018 2487 5086 ,ςεὲ
2528 5018 2581 5087 ei
2618 5018 2828 5088 irecenti
2868 5030 3038 5087 Fabii.
3071 5027 3327 5085 Ridicule
3364 5027 3452 5085 ed.
3479 5020 3629 5096 Αυε..
3656 5036 3728 5076 ια

482 5093 604 5150 cod.
640 5093 986 5167 Lgngpbard.
1015 5106 1072 5154 et
1098 5097 1176 5153 sic
1200 5093 1440 5167 semper.

554 5167 647 5223 50.
675 5165 736 5221 Τ.
767 5165 1002 5239 Geganio
1020 5178 1073 5239 et,
1092 5168 1160 5223 P.
1186 5165 1442 5225 Minucio.
1476 5170 1684 5228 Prioris
1705 5171 1952 5228 consulis
1974 5188 2071 5227 no-

482 5249 607 5291 men
630 5238 891 5294 mendose
921 5238 1117 5295 eratin
1152 5241 1301 5295 libris
1330 5242 1533 5297 Orosii.
1566 5241 1809 5297 Fuerunt
1839 5242 1891 5298 hi
1919 5258 2065 5300 coss.

476 5307 666 5391 anaab
690 5308 755 5391 U:
783 5324 836 5365 c.
864 5325 1036 5391 οειεξι.
1070 5310 1213 5383 Lege
1236 5313 1562 5391 yinnysinm
1581 5314 1735 5391 initio
1762 5315 1883 5371 libri
1902 5332 1983 5391 _vn
2012 5325 2069 5391 et

475 5375 793 5457 Livium__in
843 5395 902 5434 ll.
948 5381 1113 5457 Fanni.
1141 5375 1442 5457 Z—ljomén
1483 5386 1683 5457 prioris
1720 5387 1967 5443 consulis
2010 5388 2064 5444 in

478 5450 649 5527 tribus
672 5449 917 5527 Floreat.
942 5456 1201 5527 scribitur
1224 5449 1595 5521 ϐμεοηίοξδεά
1636 5459 1687 5511 in
1718 5472 1829 5513 sec.
1863 5474 2063 5527 snper-

2171 5459 2308 5533 Ultr.
2340 5472 2396 5515 ut
2428 5470 2481 5533 et
2510 5461 2681 5533 Lugd.
2717 5463 2855 5517 Batt.

2175 5099 2343 5155 millia
2368 5113 2414 5157 et
2441 5118 2537 5159 ccc
2565 5103 2741 5159 Fabii.

2244 5174 2637 5248 45.__Veientes.
2678 5175 2846 5248 Lugd.
2897 5164 3035 5231 Ball.
3083 5188 3191 5246 pr.,
3223 5180 3349 5229 teri.
3383 5181 3432 5229 et
3458 5169 3589 5228 Coll.
3613 5167 3728 5224 Gro-

2174 5257 2302 5299 nov.
2338 5246 2667 5303 Veientanos.

2242 5316 2332 5389 ill.
2365 5317 2441 5372 Ab
2483 5320 2733 5375 hostibus.
2770 5318 2938 5389 Lugd.
2970 5319 3087 5373 Bat.
3118 5333 3258 5384 sec.,
3284 5318 3348 5371 ab
3374 5318 3528 5372 hoste.

2240 5387 2330 5442 45.
2364 5390 2446 5444 Ad
2474 5380 3099 5446 enuntiarrdam‘clndem.
3126 5380 3265 5445 Coll.
3286 5389 3511 5446 Gronov.
3537 5392 3590 5441 et
3612 5380 3711 5440 cod.

2886 5478 2989 5530 pr.,
3014 5475 3127 5515 sec.
3156 5472 3210 5515 et
3235 5462 3495 5525 Perizon,
3518 5460 3582 5511 ad
3604 5470 3715 5530 nun:

473 5523 730 5601 scribitur
758 5520 1026 5601 Gessonio,
1051 5540 1172 5601 qua
1193 5528 1359 5601 lectio
1380 5520 1467 5584 est
1493 5531 1545 5582 in
1582 5531 1811 5584 vetustis
1839 5520 1964 5585 edd.
1999 5540 2056 5586 et
2158 5532 2409 5586 tiandam.
2444 5520 2623 5589 Flor."
2638 5548 2775 5601 sec.,
2804 5520 3337 5589 ad'denuntiandam.
3369 5531 3460 5587 Ed.
3481 5520 3628 5601 λης..
3655 5523 3712 5579 Id

471 5608 602 5664 nhs.
634 5594 806 5649 tribus
846 5594 1014 5663 Lugd.
1052 5595 1192 5650 Batt.
1223 5608 1277 5652 et
1318 5599 1452 5652 Meo.
1503 5601 1749 5655 Perizon.
1796 5602 1947 5664 dein,
1985 5601 2052 5659 P.

469 5661 645 5745 {lucio
668 5681 778 5745 pro
925 5661 1430 5745 Minucium-plen.
1474 5670 1708 5725 Munisio
1752 5671 1852 5728 Ed.
1886 5661 2054 5745 Aug.,

469 5732 714 5792 Numisio
742 5740 913 5807 prima
932 5777 949 5803 ,
979 5732 1221 5793 Numitié
1250 5740 1423 5795 Paris.

534 5807 622 5885 51.
647 5808 690 5862 Α
738 5809 1007 5885 mortibus.
1035 5809 1611 5885 Meus,lmotibus.rSeil
1652 5814 1877 5885 Vulgata
1931 5831 2048 5869 mu-

460 5876 564 5933 tari
610 5895 719 5936 non
748 5878 936 5947 debet,
968 5897 1000 5936 a
1046 5881 1298 5936 mortibus
1342 5882 1595 5941 videlicet
1630 5876 1887 5941 cessa'tunt
1933 5901 2044 5944 non

2157 5602 2559 5658 enuntiandum.

2227 5672 2319 5746 dli.
2351 5674 2647 5746 licservato.
2680 5675 2850 5746 Lugd.
2882 5675 2999 5730 Bat.
3027 5684 3237 5746 quart.,
3267 5685 3470 5746 servato.

2228 5745 2318 5817 47.
2362 5744 2618 5801 Dixerim.
2663 5741 2787 5803 Ed:
2806 5760 2891 5817 pr.
2938 5754 2995 5802 et
3023 5745 3246 5805 Veneta:
3273 5760 3393 5804 cum
3418 5743 3600 5810 Paris,
3627 5741 3705 5793 de.

2158 5816 2470 5887 scripserim.
