3938 6286
106 290 184 349 761
1056 283 1532 344 ΙΙΙΞΤΟΒΙᾹΒΙἉΙ
1571 285 1643 344 ιι]

1766 289 1779 342 l
1817 284 1886 343 Il.
1923 283 2155 344 CAPUT
2197 283 2332 342 VIII.

3235 357 3239 360 ι
3254 287 3362 348 762

105 407 250 465 debita
291 405 521 478 posteris
566 403 872 460 traderetur
901 401 1187 460 hzereditas
1212 444 1228 470 ,
1263 403 1393 472 ipsis
1427 417 1643 474 quoque
1673 403 1723 463 A
1748 401 2015 459 ebrietate
2037 403 2330 458 vincuntur
2374 419 2386 457 :
2415 415 2546 460 mox
2575 409 2887 460 revertente
2916 403 3085 477 Cyro,
3111 405 3357 463 universi

109 501 317 558 eamdem
373 498 621 556 tradendi
691 497 977 552 formulam
1049 496 1363 552 servaturis.
1433 495 1508 551 Ita
1583 495 1650 550 ad

107 597 312 668 proxima
338 591 680 649 adventantis
707 589 833 661 Cyri
865 599 1199 646 tentamenta
1227 589 1511 644 succubuit
1537 604 1640 643 ma.

104 705 183 760 gua
211 687 458 760 Babylon,
492 695 551 741 et
581 685 769 756 ingens
795 683 992 756 Lydia;
1021 683 1064 714 ³⁷
1093 681 1429 750 amplissima
1453 681 1648 736 Orien-

104 784 156 836 tis
176 796 285 837 cum
314 779 487 850 capite
509 794 610 834 suo
641 777 880 846 brachia,
916 778 1073 831 unius
1105 776 1273 846 prmlii
1301 776 1650 846 expeditione

102 874 415 930 ceciderunt:
447 883 501 928 et
535 872 707 927 nostri
739 872 1185 941 iucircumspecta
1215 870 1488 926 anxietate
1514 886 1646 926 cau-

104 957 277 1028 santur.
323 965 366 1020 si
419 964 816 1036 patentissima:
858 963 964 1020 ilhc
1003 964 1274 1034 quondam
1305 964 1349 994 ³⁸
1393 963 1649 1018 Romana.-

102 1059 370 1130 rcipublicze
399 1059 594 1123 moles,
626 1073 768 1112 nunc
797 1059 966 1127 magis
1005 1058 1376 1114 imbecillitate
1407 1059 1644 1129 propria:

103 1149 361 1206 senectutis
383 1165 547 1222 quam
583 1149 772 1205 alienis
799 1150 842 1183 ³³
873 1164 1154 1206 ευηοιιεεω
1187 1150 1394 1206 viribus
1435 1161 1651 1208 contre-

102 1242 317 1298 miscuut.

665 1311 898 1370 CAPUT
937 1312 1047 1369 VII.

102 1428 234 1498 Cyrus
261 1425 463 1499 Scythis
499 1426 694 1510 bellum
724 1428 923 1510 intulit,
967 1437 1012 1481 et
1044 1444 1081 1510 ag
1106 1426 1321 1500 Tomyri
1347 1429 1527 1501 regina
1546 1428 1651 1483 ric-

601 1508 680 1553 tus
711 1509 758 1553 et
788 1507 986 1554 occisus
1008 1507 1082 1553 est
1101 1540 1114 1554 .

155 1612 167 1642 ¹
211 1609 361 1682 Igitur
399 1610 544 1667 idem
591 1609 762 1684 Cyrus
792 1611 1023 1680 proximi
1077 1612 1336 1682 temporis
1366 1628 1650 1685 successu,

1753 513 1876 554 cum
1915 498 2265 554 adolescente
2312 497 2726 555 obtruncantur.
2775 499 3048 572 Tomyris,
3097 501 3349 557 exercitu

1750 605 1814 647 ac
1844 592 1956 645 tilio
1983 590 2212 657 amisso,
2243 590 2328 646 vel
2361 591 2551 646 matris
2578 591 2662 647 vel
2692 592 2895 662 regina!
2925 592 3170 650 dolorem
3218 609 3346 650 san-

1749 685 1915 755 gnine
1945 684 2182 739 hostium
2224 684 2438 740 diluere
2462 687 2483 717 ⁸
2515 686 2718 756 petius,
2750 702 2919 758 quam
2951 689 3066 744 suis
3094 688 3355 762 lacrymis

1753 790 1930 851 parat.
1980 778 2211 835 Simulat
2259 779 2620 834 diffidentiam
2652 779 3043 850 desperatione
3069 781 3240 836 cladis
3287 783 3352 838 il-

1752 871 1893 938 latre,
1941 871 2315 940 paulatimque
2345 873 2366 903 ’
2397 869 2667 936 cedendo,
2700 871 2996 941 superbum
3035 875 3250 928 hostem
3293 875 3346 929 in

1750 964 1976 1019 insidias
2005 972 2186 1019 vocat.
2217 961 2297 1017 Ibi
2327 963 2548 1033 quippe,
2598 965 2922 1034 compositis
2952 965 3096 1022 inter
3135 975 3349 1026 montes

1750 1055 1990 1122 insidiis,
2023 1055 2256 1112 ducenta
2289 1055 2458 1110 millia
2490 1056 2778 1112 Persarum
2801 1071 2924 1113 cum
2948 1059 3066 1126 ipso
3096 1074 3225 1129 rege
3255 1059 3354 1114 de-

1751 1149 1880 1205 lcvit
1919 1166 1931 1199 :
1964 1147 2180 1218 adjecta
2219 1162 2385 1220 super
2414 1148 2601 1203 omnia
2644 1148 2790 1205 illius
2821 1150 2899 1206 rei
2948 1150 3348 1218 admiratione,

1751 1240 1896 1311 quod
1931 1241 1973 1274 ¹⁶
2004 1255 2072 1297 ne
2100 1240 2322 1296 nuntius
2344 1239 2562 1311 quidem
2595 1241 2635 1273 ¹¹
2668 1250 2830 1297 tanta:
2861 1241 3036 1297 cladis
3062 1242 3351 1314 superfuit.

1754 1334 1956 1406 Regina
1993 1343 2157 1404 caput
2185 1334 2310 1406 Cyri
2339 1333 2639 1405 amputari,
2683 1343 2849 1406 atque
2881 1337 2925 1372 ³³
2953 1335 3007 1391 in
3041 1345 3218 1391 utrem
3251 1337 3352 1392 hu-

1754 1441 1915 1481 mano
1951 1426 2217 1498 sanguine
2243 1425 2526 1496 oppletum
2565 1425 2764 1497 conjici
2806 1426 2983 1496 jubet,
3017 1442 3124 1483 nou
3162 1429 3354 1483 mulie-

1752 1520 1926 1576 briter
1959 1521 2004 1552 ¹³
2041 1520 2374 1588 increpitans
2411 1538 2424 1572 :
2463 1519 2616 1575 Salia
2658 1529 2728 1586 te,
2773 1520 2817 1552 “
2849 1519 3056 1591 inquit,
3099 1523 3354 1595 sanguine

1753 1629 1904 1685 quem
1943 1611 2120 1680 sitisti,
2152 1612 2304 1684 cujus
2334 1627 2426 1681 per
2453 1627 2615 1666 annos
2644 1611 2859 1684 triginta
2888 1612 3199 1668 insatiabilis
3221 1631 3343 1686 pcr-

98 1702 278 1772 Scythis
303 1703 499 1760 bellum
531 1705 745 1761 intulit:
774 1720 932 1776 quem
957 1707 977 1737 ’
1009 1703 1263 1776 Tomyris
1295 1707 1502 1777 regina,
1532 1724 1652 1779 quas
1755 1707 2019 1762 severasti.

98 1805 199 1850 tunc
219 1795 358 1866 genti
383 1807 641 1868 prmerat,
675 1797 697 1828 ³
723 1812 846 1852 cum
880 1797 1172 1868 prohibere
1197 1799 1424 1854 transitu
1454 1799 1652 1856 Araxis
1684 1792 1729 1852 Β

95 1888 291 1943 ﬂuminis
332 1899 558 1960 posset,
601 1891 841 1948 transire
881 1891 1148 1962 permisit.
1204 1891 1443 1948 Primum
1487 1908 1647 1964 pr0p-

95 1992 160 2034 ter
191 1983 424 2039 ﬁduciam
474 1984 606 2050 sui,
657 1983 858 2040 dehinc
912 1993 1137 2054 propter
1184 1986 1644 2054 opportunitatem

95 2089 146 2127 ex
185 2075 382 2142 obiectu
441 2075 688 2132 fluminis
738 2074 914 2132 hostis
961 2075 1175 2131 inclusi.
1231 2076 1409 2148 Cyrus
1464 2077 1646 2147 itaque

95 2167 326 2236 Scythiam
372 2167 681 2239 ingressus,
725 2167 748 2199 ⁸
785 2167 974 2238 procul
1023 2183 1054 2222 a
1102 2169 1424 2225 transmisso
1468 2167 1645 2225 tlumi~

94 2276 144 2314 ne
173 2261 310 2334 105
328 2271 771 2328 castrametatns,
795 2262 1016 2332 insuper
1040 2271 1158 2316 astu
1185 2263 1205 2294 ⁸
1226 2262 1415 2318 eadem
1440 2263 1644 2318 instru-

96 2363 158 2406 cta
180 2357 291 2409 vino
313 2355 602 2425 epulisque
623 2355 886 2418 deseruit,
911 2355 1063 2426 quasi
1088 2356 1308 2434 territus
1333 2357 1642 2427 refugisset.

98 2446 184 2501 lloc
205 2458 494 2518 comperto,
531 2448 719 2521 regina
749 2449 962 2504 tertiam
991 2458 1199 2520 partem
1227 2449 1510 2520 copiarum
1535 2459 1591 2505 et
1623 2450 1645 2482 ⁸

99 2540 231 2596 ﬁlium
253 2542 715 2598 adolescentulum
741 2542 806 2597 ad
836 2543 1274 2613 persequendum
1294 2541 1496 2614 Cyrum
1523 2544 1646 2599 mit-

98 2632 160 2686 tit.
200 2633 446 2702 Barbari,
496 2635 670 2691 veluti
710 2634 778 2690 ad
825 2635 1016 2706 epulas
1065 2636 1312 2700 invitati,
1345 2637 1366 2667 "
1409 2635 1642 2706 primum

2151 1825 2314 1898 los
2337 1824 2568 1882 eaeor
2596 1823 2740 1882 VIII.

1751 1961 1947 2018 Darius
1966 2006 1982 2031 ,
2012 1977 2112 2034 rege
2131 1959 2413 2034 Persarum
2438 2004 2455 2031 ,
2509 1960 2734 2034 Scythas
2770 1962 3025 2034 infestans
3044 2003 3060 2026 ,
3096 1963 3350 2034 fugatur:

1822 2035 2023 2099 Asiam,
2059 2031 2423 2087 Macedoniam
2447 2077 2462 2099 ,
2505 2042 2551 2086 et
2584 2031 2755 2087 'lonas
2798 2033 2979 2087 uincit.
3010 2031 3348 2090 Athenienses

1822 2122 1938 2160 cum
1969 2107 2084 2160 vitta
2119 2120 2230 2159 sua:
2257 2105 2640 2176 multorumque
2685 2103 2982 2160 discrimine
3021 2106 3346 2178 aggreditur.

1821 2266 1980 2319 Anno
2008 2264 2024 2296 ¹
2056 2262 2127 2317 ab
2149 2261 2296 2320 Urbe
2322 2261 2536 2319 condita
2567 2277 2738 2318 cchv
2771 2262 3000 2329 Darius,
3028 2262 3174 2336 Cyro
3205 2264 3348 2335 apud

1749 2356 1982 2428 Scythas
2029 2355 2340 2423 interfecto,
2389 2364 2515 2426 post
2560 2356 2580 2387 ¹¹
2615 2355 2951 2423 aliquantum
2998 2355 3343 2410 intervallum

1751 2448 1889 2503 forte
1927 2461 2152 2517 regnum
2185 2445 2416 2513 adeptus
2445 2454 2548 2501 est.
2587 2445 2854 2516 Regnavit
2894 2445 3038 2501 enim
3078 2445 3099 2476 ³
3134 2446 3348 2503 medius

1749 2560 1942 2600 eorum
1965 2543 2264 2614 Cambyses
2293 2541 2418 2614 Cyri
2459 2541 2604 2596 filius
2639 2558 2654 2595 :
2685 2541 2800 2610 qui,
2834 2541 3047 2596 devicta
3075 2541 3345 2613 IEgypto,

1751 2647 2001 2693 cunctam
2062 2635 2283 2708 Egypti
2344 2634 2662 2706 religionem
2697 2634 2719 2665 δ
2747 2635 3092 2689 abominatus
3129 2635 3150 2666 ⁵
3172 2651 3345 2690 επιτο-

1339 2728 1786 2786 IIAVERCAMPI
1827 2727 2054 2786 NOTE.

150 2827 224 2879 57.
253 2826 601 2898 Amplissima.
631 2824 928 2898 EdaAn‘gq
963 2824 1208 2898 maai_n_ta.

152 2899 226 2952 .38.
257 2895 521 2953 Romana.
553 2897 717 2951 Deest
746 2895 798 2950 in
839 2895 956 2950 Meo
993 2904 1049 2950 et
1087 2895 1414 2950 Florentinis
1445 2910 1560 2950 sec.
1587 2905 1642 2949 et

100 2968 244 3022 tertio.

151 3040 223 3094 59.
253 3039 548 3098 Concusste.
581 3037 720 3092 Coll.
755 3037 1020 3104 Cronov.,
1050 3037 1382 3090 concessisse.

149 3111 258 3194 CAP:
285 3111 388 3167 VII.
403 3141 473 3194 ῖ-
490 3112 544 3166 1.
579 3109 745 3194 (gitur
762 3110 900 3194 idem
920 3106 1108 3190 Cyrus.
1139 3107 1311 3163 Abest
1331 3123 1434 3163 vox
1464 3107 1640 3164 media

96 3182 146 3234 ab
169 3182 280 3238 edd.
312 3199 390 3252 pr.
421 3179 652 3238 Venetis
676 3190 730 3236 et
762 3179 1030 3235 P.iri~ina.

147 3254 189 3307 2.
229 3248 458 3324 Tomyris
487 3254 692 3323 regina.
727 3252 917 3324 Graece
961 3249 1105 3324 apud
1140 3248 1470 3324 Herodotum
1500 3248 1643 3305 libro

97 3324 237 3401 primo
439 3320 708 3401 Tég’uptg,
764 3321 904 3401 apud
976 3320 1198 3401 Lucium
1261 3323 1312 3401 i_n
1371 3323 1644 3401 Charonte

95 3400 315 3472 T6i_t_t_'spt;._
339 3391 947 3472 llistoria:_dcscribiti_ir
984 3392 1144 3472 etiam
1191 3408 1221 3447 a
1252 3391 1471 3472 J_I_t_s_1iuo
1501 3393 1593 3472 lib.
1627 3409 1642 3447 l

97 3461 352 3522 et'Va'lerio
385 3469 530 3523 Max.
569 3467 660 3519 lib.
693 3481 767 3528 ιι,
801 3481 851 3519 c.
885 3465 970 3519 10.
1004 3462 1167 3518 Fann.
1202 3461 1559 3533 —Thamyris
1590 3473 1646 3529 ct

95 3535 293 3609 Tomyris
319 3539 370 3592 in
408 3553 544 3593 mss.
582 3535 827 3609 Utroque
863 3533 1025 3587 modo
1052 3535 1325 3604 plenisque
1346 3535 1605 3609 scribitur
1626 3579 1640 3603 ,

96 3621 136 3658 ut
164 3606 213 3663 ei
236 3612 282 3664 in
305 3609 557 3664 Vincent.
591 3607 799 3662 Bellov.
831 3615 1106 3674 excerptis
1132 3620 1196 3660 ex
1239 3615 1393 3674 petro
1423 3606 1645 3660 Cumas-

95 3686 187 3734 lore
209 3681 289 3749 qni
316 3681 521 3736 seculo
555 3678 843 3733 undecimo
887 3677 1086 3731 ﬂoruit.
1129 3675 1281 3731 Adde
1308 3675 1474 3732 Notas
1508 3676 1645 3732 Vos-

91 3751 140 3800 sii
165 3752 218 3806 ad
238 3751 425 3806 Justiu.
453 3752 552 3806 Ilb.
588 3765 628 3814 ι,
659 3765 778 3820 cap.
810 3750 864 3804 8.

145 3821 189 3876 5.
209 3822 324 3876 Cum
351 3822 626 3888 prohibere
650 3817 892 3874 transitu.
919 3817 1009 3872 Sic
1034 3818 1086 3873 in
1115 3819 1484 3887 manuscripto
1504 3817 1644 3873 libro

90 3889 248 3947 Justini
279 3904 378 3950 est.
406 3893 542 3948 Cum
572 3891 846 3961 prohibere
874 3903 960 3944 eos
990 3890 1210 3944 transitu
1247 3891 1436 3943 Araxis
1465 3889 1642 3953 ﬂumi-

92 3966 153 4013 nis
184 3976 369 4032 posset,
404 3967 636 4019 transire
654 3963 885 4036 permisit
906 4005 921 4028 ,
963 3975 1085 4015 cum
1118 3961 1281 4032 vulgo
1310 3961 1470 4016 aliter
1500 3962 1646 4030 lcga-

92 4039 176 4090 tur.
206 4036 356 4092 Faun.

146 4107 188 4159 4.
215 4106 414 4162 Procul.
441 4105 619 4175 Lugd.
652 4106 792 4161 Ball.

96 4172 230 4238 Ultr.,
255 4178 390 4232 haud
418 4172 636 4246 procul,
666 4172 857 4232 eodem
889 4174 1184 4241 aliquando
1211 4188 1376 4230 sensu
1402 4217 1416 4242 ,
1451 4187 1507 4230 ut
1543 4192 1644 4230 no-

94 4253 180 4301 tum
207 4265 265 4304 ex
297 4249 523 4321 Virgilio
547 4247 664 4303 Ecl.
691 4248 723 4304 6
751 4262 908 4302 versu
937 4247 1001 4300 lli
1032 4263 1046 4299 :

191 4351 321 4403 Serta
341 4351 516 4418 procul
541 4355 727 4401 tantum
749 4349 895 4414 capiti
919 4349 1112 4412 delapsa
1129 4349 1376 4413 iacebant.

92 4447 171 4527 libi
216 4455 431 4513 Servius
458 4471 561 4527 per
601 4470 763 4527 prope
804 4464 850 4508 et
886 4452 1049 4527 juxta
1089 4452 1344 4527 explicat.
1391 4451 1644 4509 Justinus

92 4520 163 4577 lib.
189 4541 221 4585 ι.
248 4544 361 4593 cap.
390 4520 666 4596 8,'Itaq'ue
696 4520 1136 4597 Cyrusftrajectis
1164 4520 1352 4597 capiis,
1387 4540 1504 4578 cum
1535 4527 1638 4578 ali-

88 4599 344 4670 quantisper
381 4601 436 4653 in
476 4597 752 4670 Scythiam
799 4596 1381 4670 processisset,_t:astra
1412 4605 1644 4670 metatus

89 4672 160 4737 est.
193 4665 324 4725 Idem
358 4665 659 4725 tamen'bic
685 4665 1240 4737 significarenequit,
1263 4665 1515 4737 quoniam
1541 4666 1646 4737 iter

87 4735 170 4808 diei
205 4741 266 4796 ab
300 4743 477 4797 Araxe
522 4749 696 4795 castra
735 4735 968 4793 metatus
1000 4735 1101 4808 fuit
1135 4735 1333 4808 Cyrus.
1379 4735 1642 4792 Herodot.

86 4803 226 4885 libat,
255 4826 371 4880 cap.
416 4812 559 4885 2H_._
580 4824 640 4885 ]ι.
665 4808 764 4885 ξὸ,
817 4810 980 4885 Κύρος
1018 4806 1073 4864 δὲ
1107 4803 1360 4885 aperimus
1401 4809 1506 4863 ἀπὸ
1548 4815 1644 4864 τοῦ

96 4882 268 4959 Apage»
287 4878 474 4959 niiipnf
509 4881 642 4959 ass...
660 4878 834 4959 Cyrus
871 4878 1044 4959 aut-em
1066 4881 1130 4932 ab
1148 4878 1643 4959 Araxe_prggreum

87 4946 168 4999 diei
190 4953 293 5007 iter.
318 4946 404 5009 Ἐἰ
436 4954 610 5009 Lugd.
659 4946 801 5006 usu.
850 4951 1045 5006 tertius
1072 4966 1194 5003 cum
1225 4946 1362 5004 Coll.
1396 4946 1638 5005 Gronov.

87 5023 426 5094 Pl'qtulgdelet.
461 5022 565 5094 Ed.
599 5024 740 5094 Aug.
769 5022 932 5078 habet
951 5032 1122 5094 castra
1148 5029 1370 5094 metatus
1395 5029 1496 5075 est.

142 5091 186 5143 5.
226 5091 438 5150 Eadem.
496 5093 637 5150 Coll.
683 5090 921 5150 Gronov.
974 5103 1030 5147 et
1067 5091 1236 5163 Lugd.
1286 5090 1428 5145 Batt.
1483 5099 1636 5164 tres,

85 5164 234 5216 eadem
257 5175 446 5221 castra.

141 5233 378 5290 6.Filium
421 5235 889 5290 adolescentulum.
933 5234 1032 5289 llic
1062 5233 1202 5289 ﬁlius
1247 5233 1315 5287 ab
1357 5231 1638 5292 Herodoto

86 5307 422 5380 Σῖταργαπίσης
437 5308 764 5380 nominatur.
784 5306 1169 5380 [iung-Idem
1187 5305 1492 5380 Herodotus
1507 5311 1632 5364 vino

84 5372 334 5450 "Initium,
374 5390 590 5449 captum
620 5395 648 5432 a
679 5377 822 5450 Cyro
858 5377 1048 5450 tradit,
1079 5386 1239 5446 atque
1285 5377 1376 5450 ubi
1409 5377 1475 5432 ad
1511 5395 1633 5438 sese

84 5445 322 5515 rediisset,
357 5445 568 5513 orasse,
599 5460 658 5504 ut
690 5445 924 5502 vinculis
965 5445 1259 5514 laxaretur,
1309 5447 1361 5502 id
1406 5451 1499 5503 ubi
1529 5451 1630 5506 im-

84 5524 339 5580 Pclrasset.
368 5521 652 5577 confestim
677 5519 1032 5587 semetipsum
1065 5519 1431 5573 interemisse.
1461 5522 1630 5578 Justi-

85 5597 188 5664 ιιμις,
217 5605 369 5658 quem
405 5593 648 5664 sequitur
683 5590 934 5664 Orosius,
979 5589 1158 5643 minus
1194 5604 1425 5656 operose
1457 5590 1630 5647 histo-

84 5658 201 5732 riain
222 5671 394 5716 narrat
416 5658 509 5718 lib.
539 5678 578 5730 ι,
598 5677 717 5732 cap.
745 5662 799 5726 8,
831 5658 1016 5732 Cyrus.
1041 5675 1274 5713 reversus
1297 5671 1629 5732 pernoctant,

82 5729 257 5801 saucios
283 5734 541 5801 opprimit,
566 5729 855 5801 omnesque
878 5729 1108 5800 Scythas
1150 5747 1264 5784 cum
1296 5731 1489 5800 regina:
1515 5729 1628 5800 ﬁlio

86 5800 322 5867 utter/icit.
349 5803 465 5859 Mox
496 5805 654 5873 misit,
687 5800 862 5872 Lugd.
895 5801 1159 5870 Bat.,sec.
1197 5815 1292 5871 pro
1312 5801 1492 5856 mittit.
1524 5803 1626 5862 Ed.

821 4117 906 4174 pr.
947 4111 1002 4158 cl
1033 4118 1148 4158 sec.
1174 4113 1229 4157 et
1260 4111 1488 4169 quartus
1517 4119 1644 4159 cum

1749 2827 1889 2900 Anu.
1921 2829 1974 2900 in
2007 2826 2365 2900 sequentibus
2395 2825 2536 2900 item
2554 2819 2940 2900 adolescentulo
2967 2819 3154 2900 habet.

1822 2899 1874 2951 7.
1924 2889 2179 2955 Primum.
2225 2898 2396 2952 Abest
2423 2911 2451 2947 a
2479 2893 2797 2948 Florentino
2831 2893 3029 2960 primo.
3066 2891 3139 2945 Ex
3173 2889 3345 2959 Lugd.

1749 2970 1892 3024 Batt.
1928 2983 2037 3026 tres
2061 2988 2184 3027 cum
2213 2971 2302 3025 ed.
2337 2969 2474 3035 Aug.
2503 2976 2557 3020 et
2586 2965 2726 3020 Coll.
2755 2964 2998 3020 Gronov.
3031 2963 3202 3033 primo
3232 2977 3347 3016 ma-

1671 3035 1717 3096 C
1753 3043 1887 3096 Iunt.

1786 3115 1838 3168 8.
1864 3111 2069 3169 Potius.
2100 3115 2388 3169 l‘ra‘eunte
2407 3105 2594 3162 codice
2615 3105 2859 3178 Longob.
2877 3103 2987 3160 duo
3000 3101 3191 3178 reliqui
3211 3116 3345 3178 mss.

1748 3182 2045 3238 Florentiui
2079 3186 2152 3241 ita
2200 3183 2460 3238 exhibent
2490 3193 2588 3247 pro
2621 3173 2849 3245 Vulgan
2895 3174 3204 3247 promptius.
3238 3173 3342 3228 Le-

1745 3256 1980 3309 ctionem
2007 3255 2254 3310 eamdem
2283 3251 2608 3308 confirmant
2635 3247 2930 3313 LugdBat.
2952 3260 3064 3300 sec.
3093 3254 3344 3311 etqnart.

1745 3341 1866 3378 cum
1911 3325 2072 3391 Ultr.,
2120 3327 2238 3382 Men
2292 3334 2456 3389 atque
2502 3320 2877 3391 Perizoniano.
2907 3317 3076 3391 Meus
3117 3317 3336 3391 insuper

1747 3397 1953 3468 diluere
1976 3386 2097 3466 post
2119 3386 2659 3468 Iarrymis'collocat;
2692 3389 2980 3468 suis_d_elet
3008 3386 3099 3468 ed.
3130 3386 3268 3468 Antig.

1817 3469 1869 3521 tl.
1915 3458 2176 3525 Cedendo.
2219 3458 2388 3538 Lugd.
2425 3463 2545 3538 Bal.
2571 3476 2684 3516 sec.
2718 3461 2972 3538 et-Ultr.,
3021 3458 3338 3512 decedendo.

1746 3538 2027 3595 Posterior
2056 3543 2282 3611 insuper
2306 3533 2683 3611 copulam_q_ue
2712 3533 2878 3611 delet:

1819 3612 1906 3665 10.
1951 3611 2036 3666 Ne
2056 3601 2267 3668 nuntius
2289 3601 2520 3681 quidem.
2551 3605 2648 3658 Ed.
2679 3618 2762 3674 pr.
2785 3612 2841 3658 et
2862 3601 3062 3667 Paris.,
3094 3615 3187 3654 nec
3207 3617 3341 3656 nun-

1745 3682 2098 3752 tiusquidem.
2396 3751 2413 3752 γ
2501 3747 2513 3752 _
2629 3750 2631 3752 _
2924 3743 2936 3752 .
2995 3742 3028 3752 ..

1818 3742 1905 3807 ll'.
1951 3752 2134 3810 Tanta:
2163 3753 2350 3808 cladis.
2392 3747 2670 3809 Peritum,
2704 3753 2861 3799 tanta:
2886 3742 3049 3796 cladi.

1819 3824 1906 3878 12.
1952 3824 2019 3878 1η
2048 3838 2233 3880 utrem.
2275 3821 2425 3877 Flor.
2457 3837 2564 3888 pr.,
2599 3818 2653 3869 in
2682 3825 2817 3869 utre.

1821 3895 1907 3948 I3.
1953 3893 2298 3966 ilncrepitans.
2343 3882 2513 3966 pletis,
2547 3882 3169 3966 ittcrepattsLXirgilittm
3211 3883 3338 3938 imi-

1749 3965 1848 4018 tari
1874 3965 2048 4019 voluit
2079 3953 2165 4019 :‘is
2196 3963 2416 4021 Eneid.
2451 3961 2546 4015 lib.
2577 3973 2615 4022 I,
2650 3953 2795 4010 vers.
2822 3953 2930 4008 742
2967 3974 2980 4009 :

1867 4073 1993 4124 Tum
2012 4073 2152 4123 ltitia:
2173 4073 2308 4122 dedit
2334 4069 2650 4131 increpitans.
2672 4065 2764 4117 Ille
2790 4067 3000 4130 impiger
3018 4065 3185 4116 hausit

1871 4138 2190 4200 Spumantem
2212 4141 2451 4197 pateram.

1822 4244 1908 4298 11.
1954 4241 2156 4311 Inquit.
2199 4239 2367 4311 Abest
2384 4233 2618 4311 _ab_edd.
2650 4248 2761 4311 ιη’.2
2793 4231 3020 4311 Venetis
3049 4239 3116 4311 et
3138 4232 3313 4287 Paris.

1823 4314 1954 4370 (lar.
1988 4302 2212 4369 \’lll.—
2236 4314 2284 4366 l.
2329 4309 2403 4364 Ab
2441 4305 2578 4361 Urbe
2602 4302 2835 4359 condita.
2871 4302 3044 4374 Lugd.
3079 4303 3218 4358 Ball.
3249 4319 3335 4375 pr.

1680 4413 1732 4475 D
1757 4395 1809 4443 εί
1827 4393 2035 4475 3"“552',
2054 4378 2714 4475 .Ρρ⁸ξηῖἶ’⁶ῗ.’ἶ⁸εἷ91²⁶ίῗξξ².¹ξῖ

1827 4443 1884 4512 ἑ.
1919 4443 2284 4528 Aliquantum.
2327 4450 2511 4508 Prima
2537 4449 2710 4505 editio
2731 4461 2854 4504 cum
2887 4443 3057 4501 Paris.
3081 4454 3138 4501 et
3154 4443 3336 4500 Vene-

1749 4529 1841 4591 lis,
1872 4527 2282 4600 aliquantulum.

1819 4587 1875 4656 3.
1920 4587 2173 4674 Regnavit
2217 4595 2419 4651 medius
2465 4608 2647 4648 eorum
2687 4589 2985 4674 Cambyses.
3010 4587 3335 4674 _Cam_by.ses

1749 4657 2187 4741 regnavituannos
2215 4679 2448 4735 septem,
2479 4679 2697 4719 menses
2727 4657 2984 4730 quin'que.
3010 4657 3333 4740 llerodz’lib.

1749 4759 1826 4798 ιιι.
1879 4741 1934 4797 In
1967 4740 2167 4796 Ctesiae
2209 4739 2488 4800 excerptis
2543 4731 2828 4800 Cambysis
2874 4746 3044 4800 regno
3087 4745 3216 4784 aunt
3270 4730 3338 4785 18

1749 4736 1839 4798 Ill:
1879 4741 1934 4797 In
1967 4740 2167 4796 Ctesiae
2209 4739 2488 4808 excerptis
2543 4736 2828 4800 Cambysis
2874 4746 3044 4800 regno
3087 4736 3216 4784 anni
3270 4736 3334 4785 18

1750 4815 2082 4900 tribuuntur.
2132 4815 2207 4868 De
2247 4810 2355 4866 hoc
2400 4822 2620 4881 quoque
2662 4803 2932 4859 Lucianus
2959 4805 3011 4856 in
3041 4801 3334 4856 Charonte.

1750 4885 2279 5010 l“iiilhidltominatus.
2329 4950 2493 5007 Addit
2521 4958 2594 5006 est
2620 4945 2710 5004 ed.
2742 4947 2882 5016 Aug.
2908 4941 3031 4998 Mox
3054 4943 3336 5015 religiones

1745 5042 1844 5098 pro
1879 5027 2212 5098 cwremonias
2259 5023 2526 5098 Pcrizon._
2613 5091 2625 5098 _
2905 5083 2938 5098 η
2985 5084 3018 5098 ,Δ
3080 5085 3118 5098 ﬂ
3265 5083 3298 5098 _.

1817 5099 1871 5152 5.
1913 5096 2258 5152 thremonias
2286 5111 2347 5147 ac
2371 5095 2561 5163 tempta
2590 5091 2805 5163 deorum
2831 5083 3041 5163 polluit.
3080 5085 3154 5163 Et}
3187 5083 3338 5140 notis

1743 5169 1950 5226 veteris
1982 5168 2077 5222 lib.
2107 5167 2304 5220 Colon.
2338 5165 2418 5218 sic
2445 5157 2656 5232 conjeci
2691 5157 3016 5232 legendum;
3058 5157 3335 5232 vulgatum

1743 5251 1880 5306 erat,
1912 5237 2171 5309 deposuit.
2216 5234 2323 5309 Sed
2368 5234 2441 5288 ibi
2488 5227 2629 5309 de'in
2678 5227 2918 5309 modum.
2949 5227 3338 5309 contractionis

1739 5297 1998 5376 scriptum
2026 5351 2040 5374 ,
2071 5308 2435 5376 StISpicioucm
2487 5303 2685 5376 movit;
2717 5311 2772 5376 et
2801 5297 2956 5354 facile
2983 5298 3256 5376 exnposuit
3281 5299 3341 5355 fit

1739 5368 1951 5453 polluit,
1983 5368 2283 5433 mutatione
2313 5377 2505 5453 litterae
2526 5392 2550 5426 λ
2575 5375 2625 5453 in
2655 5375 2707 5453 ι.
2733 5373 2904 5453 Laur.
2927 5399 2999 5453 -έ-
3024 5368 3166 5453 letll
3219 5387 3337 5451 tutt-

1741 5441 1963 5506 iandum
1991 5462 2211 5515 censeo,
2248 5462 2370 5500 nam
2402 5445 2640 5513 deposuit
2669 5443 2870 5500 Orosio
2899 5450 3003 5515 est,
3036 5441 3333 5515 destruxit,

1737 5523 1924 5578 diruit.
1961 5521 2035 5576 De
2065 5510 2335 5588 Cambyse
2366 5510 2569 5588 Justin.
2603 5516 2700 5571 lib.
2729 5533 2767 5580 l,
2800 5529 2921 5588 cap.
2952 5513 3010 5575 9.
3041 5511 3148 5566 Sed
3173 5510 3341 5578 o/I'eu-

1735 5611 1823 5648 sus
1853 5584 2315 5663 superstitionibus
2331 5587 2720 5663 .Egyptiorum,
2751 5584 2900 5663 Apis,
2931 5590 3333 5663 cazteroruutgpc

1735 5651 1947 5718 deorum
1993 5661 2130 5732 cedes
2177 5661 2318 5715 dirui
2354 5651 2525 5732 juuliet.
2577 5651 2729 5716 Adde
2760 5651 3006 5713 BrisSon.
3042 5651 3110 5708 de
3161 5651 3323 5706 Vcrb.

1734 5735 1788 5792 Si
1801 5752 1891 5807 gn.
1928 5735 1982 5792 in
2009 5731 2296 5804 Deponere.
