3938 6320
125 296 203 356 ἸΠ
1106 290 1581 355 HISTORIARUM
1619 292 1829 355 LIBER
1867 293 1931 355 II.
1971 295 2127 354 CAP.
2168 292 2309 352 XIV.

3129 295 3173 306 ’“
3241 294 3350 354 778

126 411 310 485 populus
354 408 679 469 necessitatis
728 403 1020 464 atrocitate
1061 409 1218 481 122
1256 417 1539 480 permotus
1585 420 1641 468 et
1667 418 1723 477 Α
1746 427 1963 484 semper
1990 410 2172 468 nutrix
2202 418 2555 481 tyrannorum
2597 409 2716 465 fuit.
2753 410 2911 481 Saepe
2938 410 3102 468 etiam
3132 416 3350 484 captiva

126 505 314 577 perion
354 503 608 560 libertatis
655 500 987 570 admonitus,
1031 496 1274 557 montem
1312 502 1640 559 Aventinum

124 597 354 669 occupavit
391 606 641 652 armatus.
694 594 810 651 Nec
863 593 1005 651 tueri
1052 593 1357 653 libertatem
1400 598 1568 652 armis
1599 599 1643 630 ³³

121 695 306 759 destitit,
325 692 420 749 nisi
457 700 731 762 postquam
760 704 822 746 se
851 689 1254 759 coniuratorum
1311 694 1642 763 conspiratio

120 787 219 856 ipsis
256 800 451 857 quoque
498 783 792 840 honoribus
828 781 1120 838 abdicavit.
1162 781 1345 839 Tertia
1373 793 1431 839 ct
1452 783 1642 856 quinta

40 928 41 931 η
118 887 208 948 post
246 877 573 934 centesimam
620 874 665 907 ¹²
707 873 1042 947 oiympiade,
1083 889 1179 946 per
1204 883 1378 931 totum
1407 874 1521 932 lere
1544 889 1643 931 an-

120 987 213 1026 nutu
237 979 331 1025 tam
357 968 558 1036 crebri,
608 975 829 1038 tamque
854 968 1019 1023 etiam
1045 981 1243 1037 graves
1271 967 1326 1022 in
1357 966 1506 1022 Italia
1531 976 1642 1024 ter-

30 1058 37 1115 !
114 1070 319 1117 remotus
358 1061 587 1126 fuerunt,
653 1068 714 1114 ut
749 1059 820 1116 de
863 1058 1169 1115 innumeris
1202 1059 1642 1130 quassationibus

32 1144 41 1217 ἱ
115 1169 159 1209 ac
194 1155 340 1211 ruinis
380 1152 624 1209 villarum
673 1152 1112 1224 Oppidorumque
1134 1152 1178 1183 “
1208 1151 1438 1208 assiduis
1466 1151 1639 1207 Roma

30 1282 39 1303 ι
114 1247 267 1303 nuntiis
301 1245 623 1317 fatigaretur.
671 1244 879 1301 Deinde
903 1245 947 1277 "
970 1244 1042 1300 ita
1080 1244 1228 1315 iugis
1258 1244 1303 1276 “
1335 1254 1390 1299 et
1435 1244 1636 1300 torrida

32 1320 37 1369 έ
113 1338 280 1395 siccitas
313 1338 425 1406 luit,
466 1351 525 1395 ut
558 1339 845 1411 praesentis
869 1347 997 1394 tunc
1041 1337 1313 1409 futurique
1329 1338 1458 1393 anni
1484 1352 1637 1408 spem

32 1458 37 1471 ι
112 1432 336 1502 gignendis
372 1442 532 1489 terra:
557 1432 823 1490 fructibus
855 1432 898 1463 ¹⁷
925 1430 1237 1502 abuegarit.
1271 1433 1315 1463 ³⁸
1338 1431 1640 1502 Iisdemque

113 1525 402 1596 temporibus,
456 1527 499 1560 "
544 1541 667 1582 cum
695 1525 986 1581 Fidenates
1029 1524 1237 1591 hostes,
1275 1526 1637 1580 maximorum

115 1619 231 1691 123
251 1620 560 1677 auxiliorum
588 1636 753 1678 manu
778 1622 1048 1692 stipante,
1074 1620 1346 1678 terribiles
1376 1622 1638 1678 Romanis

28 1732 33 1733 ί
108 1712 272 1768 arcibus
289 1714 656 1782 imminerent,
686 1722 732 1754 ὀ
756 1713 1046 1781 Ειηὶιίυε,
1097 1714 1315 1769 tertium
1359 1712 1632 1782 dictator,

1745 522 2060 573 servorum,
2107 520 2336 577 quorum
2379 504 2536 575 primi
2568 506 2823 561 carnibus
2850 506 3173 574 hominum,
3224 523 3346 563 mc-

1742 601 1819 657 dii
1869 600 2233 667 cruciatibus,
2282 598 2548 670 postremi
2596 600 2862 654 mortibus
2912 601 3277 669 pascebantur
3327 620 3344 655 :

1743 704 1973 764 excepto
1999 709 2095 760 eo,
2128 692 2275 764 quod
2305 693 2552 748 externis
2582 692 2738 749 hellis
2780 700 2873 746 aut
2924 694 3107 763 praeda
3174 682 3343 751 habe-

1744 785 1932 851 batur,
1984 793 2076 839 aut
2103 784 2407 853 praemium.
2436 783 2457 814 ³
2506 784 2663 850 Ilaec,
2715 792 2775 838 ut
2806 800 2970 854 quam
3012 785 3345 842 brevissime

1740 878 2323 949 absolvam,requiem
2368 877 2670 944 malorum,
2728 876 2833 932 nisi
2889 893 3060 942 nunc,
3118 879 3342 936 nescit:

1741 971 1910 1026 immo
1929 1013 1944 1035 ,
1969 976 2029 1025 ut
2055 968 2080 1000 ‘
2104 968 2411 1024 evidentius
2445 967 2792 1024 diversitates
2823 976 3130 1039 temporum
3158 971 3346 1026 decla-

1739 1070 1965 1126 rentur,
1996 1061 2138 1117 sicut
2165 1069 2325 1116 antea
2353 1059 2441 1116 vel
2487 1059 2779 1116 intestinos
2823 1060 2907 1115 vel
2952 1069 3208 1117 externos
3262 1071 3349 1117 tti-

1741 1155 1948 1211 multus
1973 1169 2231 1226 perpessa
2274 1162 2359 1210 est
2404 1154 2547 1209 inter
2583 1169 2776 1209 omnes
2814 1154 2928 1208 sola
2969 1169 3222 1224 semper,
3270 1155 3346 1209 ita

1741 1263 1884 1303 nunc
1931 1262 1999 1303 ex
2045 1246 2297 1303 omnibus
2345 1247 2461 1302 sola
2500 1248 2523 1278 ³
2573 1261 2870 1318 numquam
2934 1249 3157 1318 patitur.
3208 1249 3345 1305 Nam

1740 1341 1905 1398 etiam
1939 1339 2140 1413 124(
2163 1348 2223 1395 ut
2240 1339 2432 1395 sileam
2453 1339 2525 1396 de
2545 1340 2903 1396 diuturnitate
2926 1342 3011 1397 vel
3034 1342 3346 1398 illius.cala-

1739 1434 1976 1501 mitatis,
2002 1447 2106 1503 qua
2128 1446 2318 1502 pressa
2340 1440 2445 1501 est,
2477 1432 2563 1487 vel
2602 1432 2763 1488 istius
2807 1448 2839 1488 e
2866 1434 3149 1489 contrario
3169 1475 3186 1501 ,
3236 1451 3345 1505 qua

1738 1525 1966 1594 fruitur,
2002 1522 2189 1596 pacis)
2237 1524 2401 1579 Aitna
2443 1526 2590 1594 ipsa,
2621 1538 2742 1594 qua:
2785 1533 2915 1579 tunc
2957 1540 3079 1580 cum
3130 1525 3347 1581 excidio

1739 1617 1960 1673 urbium
1978 1625 2139 1687 atque
2154 1630 2408 1685 agrorum
2420 1615 2633 1671 crebris
2651 1614 3033 1684 eruptionibus
3054 1616 3344 1679 mstuabat,

1739 1735 1884 1776 nunc
1924 1727 2132 1775 tantum
2179 1718 2403 1773 innoxia
2437 1717 2620 1787 specie
2649 1717 2718 1772 ad
2749 1717 3149 1786 prmteritorum
3178 1717 3341 1774 ﬁdem

108 1820 298 1877 magnam
319 1808 438 1864 mali
462 1808 661 1865 molem
686 1809 819 1879 ipsis
845 1806 1069 1864 Fidenis
1092 1806 1181 1862 vix
1201 1807 1376 1879 captis
1402 1806 1627 1878 depulit,

1740 1821 1926 1877 fumat.
1950 1819 2120 1891 Igitur
2147 1826 2207 1873 ut
2236 1818 2651 1889 praetermittam
2680 1817 2897 1872 interim
2948 1817 3017 1873 de
3063 1819 3340 1889 tyrannis,

105 1908 142 1952 et
159 1900 375 1956 sanavit:
414 1910 456 1942 ﬂ
512 1910 665 1958 tanta
696 1902 751 1957 in
794 1900 925 1972 ipsis
974 1909 1094 1957 erat
1121 1901 1389 1957 malorum
1426 1903 1638 1957 animo-

104 2006 279 2064 rumque
302 1995 577 2051 contentio
598 2039 612 2063 ,
646 2005 707 2051 ut
753 1995 841 2051 vel
871 2000 917 2031 υ
958 1994 1288 2051 domesticas
1317 1984 1501 2051 clades
1543 2011 1636 2051 su-

102 2086 266 2149 perfusa
311 2087 606 2144 forinsecus
659 2087 803 2143 bella
857 2087 1236 2143 oblitterareut
1287 2104 1304 2142 :
1362 2087 1480 2155 vel,
1515 2097 1637 2158 post

102 2173 247 2233 damna
265 2177 516 2236 bellorum
534 2221 552 2249 ,
588 2179 838 2236 inducias
865 2180 1135 2236 relaxatus
1165 2179 1398 2236 diversae
1426 2189 1632 2251 pestes,

102 2270 202 2326 ttelo
261 2282 494 2346 terraque
550 2275 1046 2347 excandescentes,
1116 2275 1429 2333 incessabili
1495 2276 1633 2335 inlc-

100 2363 280 2423 stslione
304 2377 734 2442 corrumperent.

628 2506 856 2565 CAPUT
894 2506 1038 2564 XIV.

226 2618 297 2676 De
319 2620 511 2679 Sicilire
535 2620 790 2694 imperio,
820 2620 1070 2694 rebusque
1096 2620 1153 2676 in
1179 2636 1244 2677 ea
1272 2621 1447 2693 gestis.

147 2735 366 2810 'Sicilia,
394 2741 415 2771 ¹
439 2740 510 2797 ab
541 2738 702 2796 initio
728 2737 900 2812 patria
940 2737 1240 2810 Cyclopum
1260 2779 1278 2808 ,
1306 2747 1362 2795 et
1386 2746 1507 2809 post
1536 2750 1634 2794 eos

1736 1936 1968 1996 quorum
2000 1934 2127 1975 mox
2157 1919 2246 1991 qui
2277 1918 2377 1974 l'uit
2406 1918 2428 1951 ⁶
2457 1917 2605 1973 ultor
2624 1957 2640 1984 ,
2667 1931 2953 1972 successor
2976 1916 3202 1971 cll‘cctus
3221 1925 3340 1982 est;

1738 2023 1920 2080 medio
1968 2030 2245 2092 tempore,
2291 2019 2396 2074 hoc
2442 2026 2559 2083 est,
2606 2031 2749 2072 anno
2803 2016 2870 2071 ab
2919 2015 3068 2071 Urbe
3119 2017 3341 2073 condita

1737 2140 2010 2191 cccxxxv,
2040 2137 2165 2179 cum
2192 2119 2423 2191 Rhegini
2455 2116 2595 2189 apud
2617 2117 2859 2174 Siciliam
2890 2116 3160 2173 discordia
3190 2117 3341 2171 labo-

1736 2233 1956 2291 rarent,
1984 2222 2278 2293 civitasque
2306 2235 2402 2291 per
2426 2218 2447 2251 "
2473 2217 2866 2273 dissensionem
2898 2215 3072 2271 divisa
3100 2216 3155 2270 in
3203 2217 3338 2272 duas

1736 2336 1920 2398 partes
1947 2330 2124 2392 esset,
2175 2336 2299 2393 pars
2331 2334 2436 2375 uua
2490 2330 2782 2374 veteranos
2811 2317 2880 2371 ab
2913 2315 3132 2371 Ilimera
3154 2358 3169 2384 ,
3201 2316 3339 2373 urbe

1740 2427 1975 2493 Sicilia),
2000 2425 2060 2481 in
2087 2423 2354 2480 auxilium
2395 2421 2631 2477 vocavit.
2665 2420 2835 2476 Porro
2864 2418 2968 2485 illi,
3007 2419 3178 2490 pulsis
3206 2420 3346 2476 civi—

1740 2538 1853 2586 tate
1875 2528 2110 2600 primum
2138 2524 2245 2594 his,
2277 2533 2466 2581 contra
2491 2537 2629 2595 quos
2657 2520 3111 2592 implorabantur,
3144 2521 3341 2578 deinde

1740 2648 1872 2690 mox
1898 2631 2057 2689 cassis
2086 2630 2249 2687 etiam
2272 2628 2414 2696 illis,
2443 2627 2640 2700 quibus
2659 2626 2726 2681 ad
2743 2624 3114 2682 auxiliandum
3136 2640 3340 2683 conve-

1740 2746 1955 2803 nerant,
1972 2734 2164 2792 urbem
2190 2748 2312 2791 cum
2326 2730 2648 2803 coniugibus
2667 2739 2723 2789 et
2737 2729 2922 2788 liberis
2945 2730 3220 2788 sociorum
3242 2745 3335 2789 oc-

1310 2892 1764 2953 IIAVERCAMPI
1804 2892 2042 2952 ΝΟΤΕ.

474 3048 714 3092 δηίοιο
759 3047 1039 3090 οειιιλιιυς
1076 3047 1173 3088 CA-

571 3121 744 3162 LISTIO
780 3119 942 3161 οοιυυ
952 3121 983 3159 ι
1025 3120 1093 3161 E’I‘

614 3193 790 3232 PATER
826 3192 896 3231 ET
934 3191 1031 3230 SIBI

604 3262 760 3304 VIVUS
795 3262 1077 3303 PONBNDUI

538 3334 774 3376 cntum
821 3334 887 3373 ετ
926 3333 1021 3374 sua
1060 3332 1152 3383 As-

615 3406 702 3446 CIA
740 3404 1045 3445 DIDICAVI'I‘.

24 3520 27 3567 ἐ
83 3517 239 3599 ilulieri
266 3524 382 3584 huic
402 3572 418 3599 ,
450 3536 510 3584 ut
542 3534 602 3581 ct
633 3525 869 3599 lilio_suo
891 3522 1040 3599 Attio
1069 3521 1402 3591 Probaliolu,
1435 3520 1626 3579 Ceria-

24 3644 25 3649 η
84 3591 158 3648 lius
177 3591 416 3664 Calistio,'
455 3599 609 3654 illius
639 3596 860 3667 coniux,
909 3594 1070 3664 huius
1094 3601 1277 3667 pater,
1302 3609 1624 3667 monumen-

24 3670 27 3749 ᾖ
82 3667 313 3749 tantilluil
359 3671 563 3749 erexit,
591 3670 662 3749 _in
709 3664 819 3749 q'no
861 3664 1194 3749 nxorenilex
1227 3664 1626 3749 uimia_pietate

24 3736 27 3801 ξ
83 3736 255 3803 impiam
280 3739 477 3795 factam
507 3739 686 3797 dolet.
727 3736 819 3793 λιι
861 3738 1036 3792 innuit
1066 3737 1211 3790 illam
1246 3736 1527 3790 transiisse
1555 3737 1622 3791 ad

24 3806 27 3893 ᾗ
77 3802 454 3893 Ebristianorum
512 3818 757 3893 sentam,
825 3808 951 3863 dum
998 3806 1336 3893 earumdem
1366 3807 1624 3893 prnbatus

24 3877 27 3953 ξ
76 3888 216 3953 {nores
256 3882 519 3953 amplexa,
575 3880 682 3936 hoc
720 3894 832 3934 uno
861 3886 1162 3953 peccasset,
1184 3878 1338 3953 nuod
1368 3877 1498 3943 illis,
1517 3879 1621 3953 _qui

24 3942 27 4007 Γ
72 3943 185 4019 impii
210 3942 375 4007 vocari
405 3942 688 4019 solebant,
720 3965 844 4006 sese
864 3942 1334 4011 addixisseti'An,
1365 3942 1621 4014 quoniam

74 4017 158 4096 lilio
194 4022 340 4096 simul
385 4017 810 4096 scriptuni'l'uit
846 4019 1204 4096 epitaphium,
1251 4019 1445 4096 mortis
1473 4020 1620 4096 ejus-

70 4084 282 4163 detnhlilii
326 4084 738 4150 causa-exstitit
762 4084 965 4163 pietate
997 4084 1194 4154 nimia,
1244 4104 1366 4161 qua:
1395 4084 1620 4146 invitam

69 4159 314 4237 reddiderit
351 4166 579 4237 impiam
602 4164 626 4218 7

68 4228 450 4347 “lignum:
502 4235 685 4306 Lugd.
733 4234 875 4290 Balt.
930 4242 1042 4289 tres
1083 4237 1141 4286 et
1177 4228 1317 4286 Coll.
1347 4230 1615 4301 Grouov.,

94 4305 264 4358 euiluit.

120 4374 189 4428 15.
226 4376 552 4450 Olympiade.
592 4375 758 4450 _Flor.
806 4389 922 4450 sec.
978 4382 1033 4450 et
1074 4380 1226 4450 _tcrt,,
1279 4373 1445 4443 Ultr.,
1476 4372 1614 4431 Coll.

70 4438 257 4518 Gronov.
287 4438 448 4518 atque
477 4448 756 4513 I’crizun.,
801 4445 1186 4518 Olympiadem.

118 4515 187 4569 li.
223 4515 381 4573 Roma
410 4519 615 4574 nuntiis
663 4515 990 4590 fatigaretur.
1028 4516 1245 4590 Nuntiis
1273 4523 1424 4590 recte
1448 4524 1534 4590 est
1563 4515 1617 4571 in

67 4590 413 4662 [n.anuscriptis,
464 4605 573 4660 pro
600 4587 708 4659 quo
738 4587 899 4662 vulgo
928 4587 1188 4662 mendose
1228 4588 1379 4662 intus
1397 4588 1615 4662 legitur.

66 4648 209 4731 Livius
249 4648 435 4717 scribit
460 4648 554 4716 his
578 4648 914 4731 te'mporibvus
958 4659 1026 4713 M.
1051 4657 1331 4731 Curuelio,
1356 4657 1420 4712 L.
1450 4648 1617 4726 Papi-

62 4725 122 4799 ηρ
138 4738 265 4785 coss.
306 4716 519 4788 crebris
567 4716 803 4786 muti'bus
848 4738 1005 4785 terra:
1049 4729 1099 4782 in
1143 4729 1289 4799 agris
1319 4716 1472 4784 tecta
1500 4716 1621 4783 coro
1648 4716 1698 4776 Ῑ)

63 4797 220 4864 ruisse,
241 4802 332 4857 sed
364 4803 417 4857 hi
450 4802 710 4859 consules
734 4801 857 4855 aliis
882 4802 1085 4855 cadunt
1110 4801 1167 4859 In
1188 4797 1394 4854 annum
1426 4815 1619 4855 secun-

59 4865 498 4995 ἕῗηῃᾞνῃηιυὶδῶε
541 4872 636 4939 84,
682 4871 919 4928 Diodoro
944 4873 997 4928 iu
1041 4871 1257 4929 tertium
1293 4870 1619 4943 Olympiadis

114 4977 125 4989 -
154 4959 304 4998 I‘ABB.

114 5009 188 5088 _15.
224 5012 307 5068 Ita
344 5014 752 5088 jugis.7Vocem
803 5013 1042 5084 priorem
1086 5022 1198 5071 tres
1242 5010 1413 5082 Lugd.
1468 5011 1613 5070 Batt.

55 5074 224 5151 delent,
272 5074 591 5144 ut’et’Coll.
622 5074 861 5142 Gronov.

111 5151 469 5230 16._I_tajugis
514 5167 567 5230 et
591 5157 814 5230 Atorritla
853 5158 1079 5230 siccitas.
1130 5153 1394 5230 §iccitate
1445 5153 1617 5230 pluri-

55 5224 499 5300 mpmglaboi-at'um
533 5227 732 5294 fuisse,
769 5230 835 5283 Α.
862 5227 1081 5300 Cornel.
1116 5227 1316 5300 cosse,
1348 5224 1412 5279 Τ.
1444 5227 1615 5300 Qllin.

52 5296 342 5409 :‘lignl’enno
361 5340 378 5369 ,
421 5313 574 5356 coss.
604 5313 748 5354 anno
777 5299 910 5368 527,
940 5299 1126 5355 Livius
1155 5297 1279 5354 libr.
1320 5312 1371 5352 tv
1400 5296 1609 5352 scribit.

88 5377 189 5420 Alli.

106 5436 524 5513 ln7._AAbnegarit.
564 5440 737 5513 Lugd.
785 5440 928 5496 Bait.
970 5450 1130 5505 tres.,
1170 5438 1444 5507 Perizou.,
1474 5438 1616 5497 Ultr.

50 5507 514 5584 ειςὶριιτϐιιόιιον.
543 5507 716 5584 ειοῖι.
763 5516 928 5584 Aug.,
964 5513 1258 5584 abnegat“!-

109 5575 182 5634 i8.
220 5580 541 5651 Iisdemque.
573 5583 725 5641 Meus
752 5575 876 5640 cuni
902 5575 1180 5645 Perizon.,
1214 5580 1408 5637 Isdem.
1436 5579 1588 5650 Lugd
1606 5621 1622 5638 .

52 5640 165 5703 Ball.
209 5667 287 5723 pr.
320 5666 379 5711 et
406 5640 616 5725 quam,
649 5655 751 5710 His
772 5655 1012 5725 denique.
1060 5640 1447 5709 Auuiliatorum
1488 5640 1615 5707 ηἶυι

51 5726 463 5797 Ρτρριιαξξιὶοωῃι
486 5725 659 5797 Lugd.
690 5728 815 5782 Bat.
835 5734 957 5780 tert.

110 5791 188 5850 l9.
225 5794 353 5853 Cum
381 5791 667 5857 Fidenates
696 5798 887 5853 hostes.
940 5797 1164 5870 Legitur
1185 5796 1349 5858 etiam
1380 5794 1617 5852 Fidenas

381 5887 666 5955 Panos.
711 5885 960 5953 XXXI.

1733 3030 1939 3105 lignis:
1979 3029 2048 3085 de
2090 3043 2198 3099 quo
2246 3027 2535 3105 Eutropius
2584 3028 2679 3085 lib.
2699 3045 2731 3105 _I
2761 3046 2852 3105 an.
2879 3032 3006 3087 515.
3048 3033 3117 3089 ab
3144 3034 3208 3091 υ.
3240 3034 3332 3105 (3.,

1734 3101 2040 3168 Fidenates,
2094 3109 2273 3156 contra
2326 3100 2588 3155 llonumos
2630 3102 3023 3157 rebellaverant.
3066 3100 3337 3162 Auxilium

1733 3171 2048 3239 prazstabant
2075 3172 2158 3227 his
2194 3171 2450 3237 Veientes,
2482 3181 2531 3224 et
2558 3187 2650 3227 rex
2682 3172 2974 3228 Veientium
3003 3174 3333 3233 Tolumnius.

1733 3242 2131 3317 gonjunxerunt
2169 3259 2224 3297 se
2266 3243 2330 3297 iis
2371 3252 2418 3296 et
2466 3242 2662 3298 Volsci.
2714 3243 2876 3300 Plura
2904 3245 3092 3303 Livius
3130 3250 3226 3304 llb.
3256 3265 3332 3317 tv.

1653 3338 1701 3403 c
1733 3315 1900 3403 “se

1803 3386 1893 3441 20.
1928 3384 2182 3441 ίΕηιίΙὶαε
2209 3387 2422 3442 tertium
2450 3384 2694 3441 dictator.
2739 3387 2902 3443 Mam.
2934 3388 3190 3446 IEmilius
3219 3391 3331 3448 Ma-

1731 3458 1996 3513 mertinus
2025 3457 2259 3513 dictator
2303 3458 2538 3526 primum
2582 3474 2673 3514 an.
2702 3474 2891 3514 cccxvr
2942 3476 3064 3516 eum
3095 3461 3331 3517 Fidena-

1730 3529 1873 3600 tibus
1915 3529 2184 3600 acerrime
2211 3528 2521 3593 dimicavit,
2576 3538 2633 3584 et
2661 3532 3001 3600 triumphans
3040 3530 3094 3586 in
3127 3532 3329 3589 Urbem

1728 3598 1909 3654 rediit.
1962 3599 2111 3654 Idem
2156 3599 2390 3655 dictator
2442 3600 2692 3666 tertium,
2756 3598 2846 3655 an.
2904 3616 3150 3657 cccxxvtt
3202 3619 3329 3659 cum

1727 3667 2032 3745 Fidenates
2048 3673 2242 3745 iterum
2272 3670 2637 3745 rebellarent,
2689 3671 2921 3745 Eatenus
2968 3673 3154 3729 urbem
3184 3676 3333 3745 cepit

1724 3748 1888 3809 atque
1916 3740 2139 3796 excidit.
2171 3741 2296 3795 llaec
2328 3742 2442 3796 Liv.
2470 3741 2563 3795 lib.
2594 3758 2668 3797 tv.
2695 3742 2862 3797 Fann.

1794 3812 1890 3882 2i.
1925 3811 2115 3882 Tanta.
2142 3810 2316 3881 Lugd.
2346 3812 2487 3865 Ball.
2520 3812 2659 3875 duo,
2689 3822 2950 3882 tantaque.

1794 3880 1886 3934 22.
1919 3880 2247 3936 Domesticos
2284 3881 2476 3952 clades.
2524 3882 2584 3952 In
2613 3880 2855 3950 vulgatis
2873 3893 2958 3938 est
2986 3883 3281 3940 domestica:
3302 3926 3321 3952 ,

1724 3960 1969 4007 nostram
1994 3953 2304 4024 lectionem_
2323 3966 2391 4005 ex
2423 3950 2576 4006 libris
2608 3952 2845 4021 antiquis
2874 3963 3150 4024 acceptam
3181 3950 3325 4013 ἀντίὲ

1722 4026 1861 4085 θεσις
1888 4023 2229 4089 comprobat.
2264 4020 2432 4075 FABB.

1794 4093 1925 4149 Car.
1956 4092 2095 4147 XIV.
2121 4122 2193 4164 -τ-
2222 4092 2272 4145 I.
2302 4090 2488 4146 Sicilia
2508 4133 2523 4158 ,
2553 4091 2617 4164 ab
2645 4090 2815 4164 initio.
2847 4093 2977 4160 Quae
3009 4093 3113 4151 hoc
3147 4096 3326 4164 capite

1720 4165 1791 4219 ah
1829 4164 2023 4219 Oresio
2052 4162 2424 4233 explicantur.
2451 4175 2516 4216 ea
2549 4162 2760 4230 plenius
2782 4179 2811 4216 a
2839 4164 3055 4219 JIISIiIIO
3084 4181 3150 4222 ex
3183 4162 3323 4222 Tro-

1720 4250 1791 4307 go
1837 4243 2332 4307 commemorantur
2390 4232 2519 4307 lib._
2537 4247 2611 4287 tv.
2662 4233 3083 4307 Antiquissituos
3110 4253 3233 4294 esse
3262 4240 3319 4294 in

1723 4303 1879 4377 parte
1924 4305 2128 4362 Sicilire
2171 4303 2431 4375 Cycloiias
2476 4303 2823 4375 Thucydides
2877 4306 3031 4361 initio
3121 4309 3217 4364 lib.
3268 4325 3320 4367 vr

1723 4378 1935 4432 scribit.
1970 4376 2136 4430 FABR.

1722 4376 1935 4433 scribit.
1970 4376 2136 4430 FABR.

1723 4519 1765 4575 Β
1874 4447 1948 4501 Ab
1978 4447 2145 4501 initio.
2181 4445 2342 4501 Initio
2381 4445 2470 4502 ed.
2505 4448 2643 4518 Aug.
2674 4447 2750 4501 Ab
2788 4447 2940 4504 initio
2967 4465 3096 4519 pene
3144 4449 3318 4523 Lugd.

1768 4534 1797 4573 a
1828 4557 1844 4572 .
1877 4534 1958 4575 nr.

1768 4527 1844 4573 at.
1877 4534 1958 4573 DI'.

1725 4534 1848 4716 :ai'.
1877 4534 2036 4645 pch
2076 4598 2130 4644 ut
2187 4604 2367 4660 quam.
2404 4587 2565 4661 Hcce,
2596 4591 2843 4662 inquam,
2877 4601 2934 4647 ut
2957 4634 2972 4661 ,
3021 4599 3128 4650 etc.
3160 4634 3175 4660 ,
3226 4594 3319 4650 ed.

1776 4676 1865 4716 utr.

1776 4676 1865 4715 ml.

1901 4730 2225 4807 Evidentius.
2264 4730 2454 4807 Lugd.
2504 4734 2621 4789 Bat.
2663 4749 2782 4805 pr.,
2839 4736 3121 4803 evidentia,
3168 4735 3324 4807 quasi

1721 4805 1920 4863 vellet.
1948 4804 2211 4859 euidentes
2239 4804 2582 4859 diversitates.

1795 4875 1848 4947 5,
1896 4874 2216 4947 Numquam.
2247 4872 2467 4947 Addunt
2510 4876 2707 4947 patitur
2743 4876 2870 4931 edd.
2914 4885 3050 4932 vett.
3082 4884 3138 4933 et
3185 4892 3317 4935 mss.

1719 4946 1938 5017 quidam
1959 4988 1975 5011 ,
2004 4946 2099 5001 sed
2129 4951 2316 5017 contra
2340 4946 2559 5001 codices
2585 4948 2858 5002 meliores.

1794 5017 1848 5071 6.
1903 5017 2004 5083 Qui
2034 5017 2135 5085 fuit
2176 5016 2354 5082 ultor;
2395 5032 2659 5087 successor
2695 5017 2904 5084 effectus
2950 5027 3043 5072 est.
3092 5018 3151 5074 Id
3190 5029 3273 5075 est
3301 5061 3317 5087 ,

1722 5088 1815 5157 qui
1836 5087 2056 5143 sustulit
2082 5097 2368 5158 tyrannum
2387 5127 2402 5153 ,
2428 5086 2766 5156 tyrannidem
2786 5096 2845 5160 et
2866 5088 2983 5157 ipse
3009 5086 3316 5160 occupavit,

1720 5175 1822 5230 qua
1853 5174 1911 5211 re
1939 5160 2134 5230 factum
2163 5163 2235 5230 est
2257 5197 2272 5220 ,
2325 5169 2383 5210 ut
2412 5168 2660 5230 tyrannus
2688 5158 2915 5230 quidem
2962 5158 3278 5215 occideretur
3297 5202 3314 5226 ,

1719 5226 1814 5284 sed
1838 5229 2141 5300 patria_non
2170 5226 2511 5300 liberaretur;
2541 5228 2716 5300 sicuti
2752 5229 2991 5298 loquitur
3034 5230 3281 5285 Justinus
3300 5273 3319 5295 ,

1724 5300 1815 5354 ubi
1840 5297 1968 5371 :agit
1996 5297 2065 5352 de
2105 5299 2349 5371 tyrannis
2380 5298 2654 5371 lleraclea:
2706 5297 2944 5371 litus"
2988 5314 3109 5371 cap.
3152 5302 3201 5356 5.
3242 5304 3317 5357 De
3368 5340 3375 5344 ι

1722 5366 1928 5441 Sicilizia
1956 5366 2197 5441 tyrannis
2226 5366 2367 5422 idem
2399 5368 2494 5422 lib.
2520 5383 2575 5421 iv
2597 5383 2719 5439 cap.
2749 5369 2822 5426 ες
2853 5366 3075 5425 Cocalus
3103 5388 3319 5441 regnum

1718 5439 1910 5496 insulae
1936 5439 2244 5515 occupauit;
2287 5450 2401 5509 post
2429 5454 2582 5508 quem
2610 5441 2834 5510 singula:
2859 5442 3110 5515 civitates
3134 5439 3191 5495 in
3238 5453 3321 5515 ly-

1720 5526 2006 5650 rannorun;
2032 5508 2308 5581 imperium
2334 5508 2721 5580 concesserunt,
2752 5528 2967 5581 quorum
2997 5513 3145 5566 nulla
3185 5508 3322 5567 terra

1723 5582 1949 5650 feracior
2001 5581 2099 5634 uit.

1748 5582 1949 5637 'eracior
1979 5581 2099 5637 fuit.

1873 5587 1885 5594 '
1923 5598 1949 5633 r
2001 5587 2099 5634 uit.

1723 5587 1865 5709 [wgf
1866 5587 2281 5726 1lgisge‘nsionem.
2307 5652 2556 5726 Perizon.
2577 5698 2592 5722 ,
2620 5651 3160 5726 divisionem,Lugd.
3202 5656 3320 5709 Bat.

1725 5734 1851 5780 tert.
1904 5732 1962 5779 et
1997 5724 2137 5781 Coll.
2185 5725 2467 5796 Gronov.,
2520 5724 2915 5793 discessionem,
2963 5724 3109 5783 Flor.
3166 5735 3323 5795 tert.,

1716 5795 2088 5869 discessiones.

2781 5888 2860 5951 25
