3938 6288
168 247 269 308 783

1187 246 1660 306 IIISTORIARIIM
1701 247 1906 307 LIBER
1945 249 2012 306 II.
2053 248 2208 308 CAP.
2249 251 2415 308 XVII.

3350 251 3460 312 786

169 369 246 425 d:c
281 368 576 434 intentum,
619 378 684 420 ac
716 379 812 434 per
843 366 942 421 hoc
989 365 1190 436 ubique
1221 365 1527 436 dispersum
1555 380 1619 422 ac
1660 382 1751 421 va-
1779 372 1833 431 Α
1858 367 1930 422 sit
1952 366 2280 437 Evagoram.
2312 369 2383 422 At
2425 367 2537 423 dux
2571 367 3140 438 Lacedzemoniorum,
3188 369 3463 440 ademptis

169 479 307 534 gum,
341 461 629 530 repentino
659 460 879 515 incursu
907 461 1192 532 opprimit,
1227 461 1344 516 sine
1371 462 1627 515 conﬂictu
1655 459 1754 514 ali-

169 575 269 629 quo
301 557 496 619 vincit,
535 554 806 624 caeditque
837 554 1152 624 fugientem.
1195 555 1384 625 Magna
1414 553 1530 608 b:r~c
1570 554 1752 608 clades

167 647 618 711 Atheniensibus,
677 655 732 701 et
774 650 818 679 “‘
847 647 1017 701 multo
1074 647 1175 702 hoc
1227 646 1467 701 atrocius
1515 647 1749 713 vulnus,

164 758 317 811 quam
366 741 567 795 dudum
620 740 957 806 inllixerant,
1008 748 1371 808 susceperunt
1403 756 1416 791 :
1447 755 1552 808 quo
1599 753 1751 792 com-

165 844 325 904 perto,
362 833 723 888 Athenienses
753 834 956 902 Opinati
1002 842 1127 887 sunt
1165 831 1504 888 Alcibiadem
1540 834 1579 870 ιε’
1607 831 1747 885 anti—

163 943 317 997 quum
366 926 540 982 exsilii
596 925 682 980 sui
721 926 987 989 dolerem,
1039 926 1144 980 isto
1190 925 1397 980 scelere
1429 923 1748 994 proditionis

163 1018 438 1072 v'ndieare
465 1030 687 1071 curasse
724 1035 737 1070 :
772 1015 1006 1084 ideoque
1032 1027 1077 1056 ιο
1103 1017 1155 1070 iu
1187 1016 1365 1070 Iocmn
1414 1016 1534 1084 ejus
1569 1013 1750 1068 Cono-

160 1126 274 1164 nem
318 1109 682 1172 constituunt,
715 1108 799 1161 cui
832 1106 1099 1161 residuam
1131 1122 1348 1160 manum
1395 1116 1447 1160 et
1478 1120 1744 1160 summam

161 1203 277 1258 belli
314 1203 680 1270 committunt,
714 1202 805 1273 qui
855 1202 1106 1270 supplere
1157 1201 1350 1256 saltem
1385 1215 1610 1255 nmnero
1651 1215 1746 1253 cx-

159 1295 372 1350 haustas
397 1295 585 1362 capias
616 1295 830 1361 volens,
880 1309 1041 1349 senes
1071 1309 1132 1348 ae
1161 1308 1357 1362 pueros
1389 1292 1534 1362 legit,
1577 1306 1744 1347 exer-

155 1388 426 1458 citumque
444 1385 854 1456 "conscripsit.
879 1385 985 1441 Sed
1019 1385 1330 1453 huiusmodi
1364 1400 1556 1438 manus
1584 1385 1740 1455 132

156 1495 349 1533 moram
385 1479 532 1533 bello
562 1494 668 1532 nun
701 1479 881 1532 attulit
916 1495 930 1533 :
959 1479 1158 1548 quippe
1184 1477 1330 1546 quod
1374 1477 1596 1545 robore,
1631 1493 1739 1533 non

157 1586 394 1639 l-ttmet‘o,
427 1571 621 1626 conlici
661 1570 824 1625 solet.
849 1571 894 1602 ³³
925 1570 1110 1640 Itaque
1143 1570 1324 1624 statim
1358 1569 1594 1624 imbellis
1624 1585 1739 1623 ma-

154 1679 244 1717 nus
268 1665 350 1716 vel
380 1674 538 1732 capta
579 1661 664 1717 vel
689 1675 829 1717 ctesa
861 1671 967 1727 est,
1002 1671 1257 1731 tantaque
1285 1671 1498 1732 strages
1526 1662 1738 1716 occiso-

1859 459 2113 514 omnibus
2167 457 2522 524 civitatibus,
2573 459 2704 514 nihil
2760 461 3194 518 Atheniensibus
3251 471 3456 532 prmter

1859 553 2075 608 inanem
2106 553 2298 608 urbem
2338 553 2582 624 reliquit,
2605 568 2708 609 nec
2735 553 2839 609 hoc
2869 554 2960 609 diu
2993 572 3009 609 :
3046 569 3170 609 nam
3203 565 3260 610 et
3285 556 3456 626 ipsam

1858 645 2046 700 urbem
2079 657 2264 714 postea
2295 646 2579 702 obsidione
2606 647 2986 702 circumdedit.
3014 649 3058 680 "
3091 648 3339 718 Angebat
3367 649 3452 702 in-

1855 738 2124 793 trinsecus
2162 736 2355 805 fames,
2379 739 2644 793 desolatio
2684 748 2738 793 et
2784 739 3006 794 morbus
3048 739 3324 794 obsessos.
3381 741 3451 796 Et

1851 844 1973 884 cum
2006 838 2132 900 post
2159 839 2204 871 ια
2233 832 2412 885 omnia
2456 832 2797 887 miseriarum
2835 833 3303 901 abominamenta,
3328 850 3449 903 qua:

1851 922 2014 976 etiam
2042 920 2225 975 dicere
2255 934 2300 962 ιθ
2328 920 2526 976 horror
2553 933 2659 985 est,
2691 921 2826 976 nihil
2849 922 2968 993 spei
2998 935 3194 994 prteter
3215 933 3446 981 mortem

1849 1022 2188 1078 occurreret,
2221 1027 2412 1082 pacem
2444 1014 2704 1083 petivere.

2335 1171 2492 1244 133
2529 1169 2760 1228 CAPUT
2800 1170 2966 1228 xvu.

1846 1283 2245 1339 Atheniensibus
2269 1285 2419 1338 certis
2442 1283 2640 1355 legibus
2661 1301 2722 1338 ac
2742 1285 3125 1339 conditionibus
3145 1302 3249 1357 pax
3268 1287 3448 1355 datur,

1919 1357 2232 1427 trigintaque
2257 1364 2479 1409 rectores
2492 1357 2892 1427 _canstituuntur
2913 1396 2927 1415 .
2957 1358 3046 1424 qui
3063 1400 3076 1422 ,
3112 1374 3229 1409 eum
3269 1368 3450 1427 tyran.

1915 1424 2091 1479 uident
2119 1436 2448 1491 exercerent,
2489 1424 2808 1495 Thrasybuli
2841 1427 3098 1480 industria
3126 1424 3444 1496 ejectisunt.

1913 1579 2100 1651 Magna
2141 1581 2270 1635 hinc
2312 1580 2453 1635 inter
2491 1579 2792 1648 Spartanos
2817 1588 2874 1634 et
2907 1580 3089 1635 socios
3116 1580 3442 1637 deliberatio

1842 1671 1937 1728 fuit
1970 1714 1984 1736 ,
2015 1674 2028 1703 ‘
2057 1687 2179 1727 cum
2226 1670 2446 1740 plurimi
2489 1669 2938 1741 inquietissimam
2987 1672 3259 1727 civitatem
3303 1681 3446 1729 ster-

154 1772 257 1810 rum
282 1756 329 1787 ”
357 1755 457 1810 illo
488 1756 678 1825 praelia
709 1755 847 1809 facla
889 1763 994 1821 est,
1030 1765 1087 1808 Ill
1115 1755 1356 1809 deletum
1402 1771 1509 1809 ηοη
1559 1755 1738 1808 δοιυῐιὶ
1770 1762 1816 1822 Β
1845 1765 2080 1820 nendam
2107 1763 2248 1829 solo,
2269 1765 2291 1794 ²
2321 1763 2688 1833 populumque
2717 1763 3132 1818 inlestissimum
3165 1780 3288 1820 cum
3319 1765 3440 1834 ipso

156 1863 392 1916 regnum,
423 1847 520 1902 sed
552 1848 716 1902 etiam
750 1861 945 1900 nomen
977 1845 1394 1901 Atheniensium
1431 1845 1729 1900 videretur.

153 1940 214 1994 At
241 1940 337 2004 illi,
372 1941 680 2012 desperatis
705 1941 896 2006 rebus,
929 1941 974 1970 "
1000 1948 1242 1995 statuunt
1272 1940 1462 1995 urbem
1495 1940 1734 2010 peregri-

152 2035 226 2088 nis
253 2035 413 2100 dare;
440 2045 520 2100 ut,
555 2035 645 2105 qui
677 2050 773 2105 per
805 2044 970 2087 totam
999 2034 1184 2088 Asiam
1215 2033 1378 2102 paulo
1405 2043 1532 2086 ante
1559 2033 1734 2086 domi-

152 2127 247 2180 nati
278 2135 426 2193 sunt,
460 2142 606 2182 nunc
636 2142 705 2182 ex
755 2127 853 2181 hac
875 2125 919 2158 ³⁸
954 2126 1188 2181 colluvie
1228 2140 1414 2180 muros
1445 2126 1638 2180 saltem
1668 2126 1733 2180 li-

153 2221 515 2291 bertatemque
556 2229 848 2274 tueantur:
883 2228 958 2284 et,
987 2218 1233 2288 quamvis
1270 2218 1352 2272 vel
1399 2232 1498 2273 suo
1521 2217 1734 2284 judicio

151 2310 206 2364 ad
231 2310 345 2367 hme
374 2310 577 2367 tuenda
609 2313 776 2367 etiam
823 2311 1050 2380 objectis
1079 2311 1253 2365 muris
1284 2324 1392 2364 non
1433 2310 1732 2378 Suiticiant,

149 2401 327 2457 itcrttm
359 2411 545 2458 tamen
576 2401 829 2471 experire
873 2402 1064 2456 navale
1094 2399 1337 2470 prmlium
1371 2408 1586 2470 parant.
1618 2399 1730 2454 Ex-

147 2511 260 2564 pers
285 2495 505 2551 consilii
538 2495 714 2562 furor,
761 2493 1006 2549 dolorem
1052 2493 1308 2547 virtutem
1337 2501 1489 2563 putat
1520 2510 1532 2545 :
1561 2507 1733 2561 quan-

151 2599 355 2658 tumque
405 2588 706 2644 meditatur
751 2588 853 2656 ira,
906 2596 1114 2642 tantum
1164 2588 1436 2658 promittit
1483 2585 1728 2642 audacia.

149 2679 620 2749 ltaque.omnibus
653 2681 848 2749 partim
880 2678 1074 2748 captis.
1095 2680 1291 2750 partim
1315 2675 1640 2742 interiectis,
1663 2679 1731 2735 de.

148 2773 264 2841 ipsis
291 2788 516 2844 quoque
548 2772 797 2841 reliquiis
842 2771 978 2826 nihil
1020 2772 1213 2840 reliqui
1248 2771 1447 2826 laetum
1495 2781 1598 2827 est.
1631 2772 1730 2828 So-

152 2865 223 2918 lus
251 2866 356 2919 ilus
390 2865 609 2931 Conon,
662 2874 937 2934 superstes
986 2865 1130 2919 bello
1173 2873 1230 2919 et
1258 2865 1480 2935 populo,
1530 2865 1728 2919 timens

147 2957 326 3013 tivium
358 2957 771 3023 crudelitatem,
806 2956 851 2988 "
881 2957 948 3012 ad
981 2957 1234 3027 Cyprium
1281 2973 1464 3028 regem
1496 2973 1724 3014 conces-

1840 1857 2061 1913 nomine
2086 1856 2415 1911 abolendum
2451 1856 2912 1926 pronuntiarent:
2951 1857 2971 1888 ³
2993 1857 3244 1927 Spartani
3276 1873 3442 1930 nega-

1841 1957 2059 2016 verunt,
2087 1949 2107 1979 ⁸
2132 1963 2192 2003 se
2221 1948 2608 2018 permissuros,
2643 1959 2701 2002 ut
2727 1964 2758 2004 e
2785 1949 3000 2004 duobus
3024 1949 3249 2006 Cra-cia:
3271 1951 3446 2006 oculis

1842 2057 1984 2097 unus
2009 2051 2293 2097 erueretur
2319 2059 2332 2094 :
2358 2041 2579 2111 insuper
2610 2041 2775 2095 etiam
2801 2055 2985 2111 pacem
3013 2042 3442 2112 promiserunt,“

1839 2134 1886 2188 si
1919 2133 2108 2188 Piraeei
2139 2143 2326 2202 portus
2346 2132 2600 2188 ducentia
2624 2133 2676 2187 in
2705 2133 2893 2187 urbem
2917 2133 2938 2164 ⁸
2962 2135 3266 2188 munimina
3288 2150 3443 2190 ever-

1842 2233 2109 2292 terentur,
2133 2226 2152 2255 "
2181 2239 2457 2294 navesque
2480 2224 2712 2294 reliquas
2733 2223 2875 2278 ultro
2899 2225 3212 2280 traderent:
3242 2226 3442 2282 deinde

1836 2317 1881 2374 si
1924 2328 2166 2374 rectores
2203 2317 2305 2372 sibi
2347 2316 2565 2388 triginta
2612 2318 2633 2349 ³
2679 2318 2854 2372 lectos
2893 2316 3258 2386 susciperent.
3301 2319 3436 2376 lluic

1835 2409 2137 2467 conditioni
2163 2408 2398 2464 addictis
2418 2418 2474 2464 et
2495 2408 3001 2474 succumbentibus,
3031 2407 3434 2466 L‘ICCdil‘lIIOﬂii

1835 2500 2178 2572 Lysandrum
2211 2501 2276 2555 ad
2304 2501 2716 2570 componendas
2762 2501 2814 2555 in
2864 2502 2999 2557 urbe
3027 2501 3251 2571 parendi
3287 2503 3436 2573 leges

1833 2594 2260 2648 constituerunt.
2309 2591 2540 2662 Insignis
2590 2592 2679 2647 hic
2726 2608 2902 2648 anuus
2945 2598 3435 2664 ctexpugnatione

1833 2688 2175 2743 Athenarum
2203 2727 2217 2751 ,
2263 2695 2320 2742 et
2346 2695 2521 2742 morte
2547 2686 2732 2755 Darii,
2780 2691 2800 2720 θ
2836 2687 3120 2743 Persarum
3154 2689 3299 2758 regis
3323 2732 3338 2752 ,
3376 2699 3433 2744 et

1832 2780 2027 2836 exsilio
2056 2777 2318 2850 Dionysii,
2352 2777 2552 2834 Sicilizc
2583 2779 2818 2848 tyranni,
2851 2779 2971 2833 fuit.
3017 2780 3183 2850 Igitur
3211 2781 3431 2848 triginta

1833 2881 2075 2925 rectores
2101 2868 2529 2925 Atheniensibus
2552 2869 2785 2923 ordinati
2812 2910 2826 2934 ,
2884 2869 3044 2943 134
3088 2873 3306 2941 triginta
3353 2883 3434 2946 ty-

1831 2961 1990 3015 ranni
2023 2961 2385 3016 exoriuntur:
2417 2959 2510 3030 qui
2540 2960 2716 3030 primo
2758 2975 2818 3016 se
2867 2961 3040 3017 tribus
3071 2963 3315 3018 millibus
3343 2982 3429 3020 sa-

1421 3074 1871 3133 IIAVEllCAMPI
1910 3078 2140 3136 NOTAE.

150 3193 404 3266 Plutarch.
444 3191 726 3249 Alcibiade
769 3198 825 3246 et
852 3189 1153 3260 Lysandro.
1185 3189 1487 3245 Pausanias
1511 3189 1610 3244 lib.
1643 3206 1720 3244 tu.
1753 3192 1800 3254 C
1899 3193 1991 3266 28.
2039 3193 2246 3266 Qmm’a.
2278 3193 2448 3264 Lugd.
2477 3196 2594 3250 Bat.
2626 3210 2734 3266 pr.,
2767 3199 3018 3253 omnium.

147 3265 295 3390 “iiii:
336 3337 512 3392 Multo
556 3335 654 3389 hoc
695 3334 925 3388 atrocius
968 3331 1174 3386 vulnus.
1205 3332 1294 3386 Sic
1335 3331 1561 3385 omnino
1592 3332 1726 3386 scri-

149 3405 367 3462 bentlum
401 3425 474 3463 ex
503 3422 635 3462 mss.
669 3407 759 3473 qui
792 3419 987 3474 magno
1016 3418 1285 3458 consensu
1309 3417 1500 3457 omnes
1533 3403 1603 3455 ita
1631 3417 1726 3456 ex-

148 3476 339 3533 hibent.
361 3479 580 3547 Vulgati
611 3477 772 3530 multo
797 3473 1047 3542 atracius,
1075 3485 1274 3544 praeter
1301 3473 1392 3528 ed.
1418 3474 1726 3544 Aug.,qu:n

147 3565 253 3602 cum
284 3566 420 3605 mss.
455 3549 606 3602 facit.

209 3622 290 3674 I9.
333 3621 643 3688 Antiquam.
676 3617 850 3687 Lugd.
885 3617 1006 3688 Bat.
1037 3614 1387 3688 pr.,antiqui.

205 3691 291 3746 ‘20.
334 3692 403 3746 Ιιι
451 3685 618 3745 locum
646 3685 781 3762 ejus:
823 3687 960 3762 Edd.
993 3685 1414 3762 qumdapyjdeg
1456 3686 1511 3738 in
1557 3685 1727 3762 locum

146 3763 264 3832 ejus.
307 3764 442 3817 Mss.
491 3756 825 3832 LungBat.
859 3759 966 3813 duo
1004 3756 1129 3812 cum
1175 3757 1316 3813 Coll.
1365 3756 1637 3822 Grouov.,
1671 3758 1724 3810 in

147 3831 248 3886 loco
272 3837 408 3888 eius.

207 3855 685 3974 glijlgonscripsit.
718 3901 850 3957 Mss.
895 3899 1014 3956 hare
1052 3907 1137 3954 est
1169 3898 1353 3954 lectio.
1381 3898 1554 3971 Vulgo
1595 3915 1724 3953 con-

146 3977 325 4030 scribit.
423 3975 431 3981 ’

207 4045 292 4100 9.2.
331 4047 526 4114 Itaque
575 4045 749 4098 statim
795 4042 1014 4096 imbellis
1064 4058 1272 4114 manus,
1310 4048 1416 4114 etc.
1467 4039 1724 4114 Ultimum

149 4113 238 4169 huc
269 4111 515 4188 praelium
557 4116 753 4188 navale
791 4111 1427 4188 iutergl.aced:emunios
1456 4122 1513 4165 et
1552 4111 1724 4188 Athe-

149 4182 371 4254 uienécs,
428 4187 572 4242 bello
602 4185 1068 4251 Peloponnesiaco
1100 4183 1266 4251 (quod
1299 4182 1368 4235 27
1414 4197 1589 4254 annus
1622 4182 1723 4254 du-

151 4259 292 4328 ravit)
320 4252 675 4328 commissum
707 4258 804 4310 fuit
834 4256 901 4309 ad
932 4254 1100 4328 .Ifgas
1139 4254 1518 4328 [lintriumque
1557 4252 1726 4305 Athe-

150 4323 406 4385 niensium
441 4327 632 4383 classis
670 4328 844 4381 deleta
876 4336 958 4380 est
993 4323 1103 4378 {de
1131 4338 1238 4392 quo
1277 4324 1496 4377 eosdem
1541 4333 1727 4377 auct-o-

150 4414 226 4450 res
255 4401 506 4462 consule,
539 4413 676 4468 quos
705 4397 874 4468 modo
909 4396 1202 4468 nominavi.
1237 4393 1405 4448 Faue.

211 4471 295 4527 “l3.
338 4470 450 4526 Illo
488 4463 687 4539 priclio.
730 4467 903 4539 Lugd.
947 4467 1084 4539 Bait.
1121 4476 1231 4520 tres
1269 4480 1393 4519 cntn
1419 4463 1559 4520 Coll.
1590 4464 1728 4520 Gro-

151 4555 260 4596 nov.
294 4552 349 4597 ct
380 4537 672 4609 ed.iAug.,
706 4541 760 4592 in
788 4537 882 4592 illo
903 4537 1104 4609 praelia.

212 4613 297 4667 2i.
339 4605 620 4669 Statuunf
643 4610 818 4663 urbem
845 4605 1129 4680 peregrinis
1155 4607 1299 4660 dare.
1335 4605 1388 4658 Id
1431 4616 1537 4680 est,
1571 4619 1729 4680 pere-

151 4685 323 4747 grinos
343 4683 570 4739 civitate
595 4680 820 4735 donare.
859 4680 1011 4732 lliud.
1037 4679 1336 4735 ὶποιήσαντο
1362 4679 1575 4737 πολίτας
1605 4679 1729 4737 τοὺς

151 4758 424 4820 μετοίκους,
448 4757 536 4808 καὶ
563 4760 661 4808 τῶν
691 4749 852 4807 ἄλλων
877 4752 1028 4816 ξένων
1057 4751 1178 4809 τοὺς
1199 4749 1535 4820 βουλομένους
1562 4770 1724 4803 συνα-

149 4828 473 4892 γωνίσασθαι.
509 4823 674 4879 FABR.

214 4897 300 4952 25.
342 4895 599 4950 Colluvie.
646 4892 782 4948 Tres
824 4889 998 4962 Lugd.
1047 4890 1188 4944 Batt.
1233 4903 1357 4947 cum
1406 4887 1545 4946 Coll.
1595 4887 1730 4944 Gro-

153 4979 264 5020 nov.
277 5009 291 5031 ,
321 4967 586 5038 congerie.

215 5028 300 5093 “26.
341 5028 702 5108 Adf'Cyprium
728 5049 898 5104 regem
927 5031 1179 5108 concessit
1207 5029 1518 5102 Evagoram.
1553 5028 1725 5108 IIujus

155 5103 246 5162 luci
274 5103 540 5165 mendum
577 5106 670 5161 alii
707 5103 924 5174 quoque
967 5103 1582 5174 animadverterautz‘ac
1613 5104 1732 5174 sine

157 5179 256 5250 μυί»
285 5179 504 5250 negotio
552 5192 616 5232 ex
650 5169 865 5231 Juétino
909 5173 1189 5250 emendari
1236 5169 1728 5250 potuit._Xenoph.

159 5247 240 5300 lib.
273 5267 328 5314 lt,
354 5243 522 5306 ἶιόνων
553 5250 682 5321 ὀκτὼ
719 5250 907 5321 ναυσὶν.
927 5245 1217 5321 ἀπέπλξυᾳξ
1243 5244 1367 5321 παρ’
1388 5243 1652 5321 tibus/63¢?
1681 5245 1734 5303 ἐς

163 5313 365 5395 κοξπράν.
397 5321 505 5376 Sed
542 5335 609 5374 ne
641 5320 701 5395 in
736 5333 795 5371 re
839 5317 1270 5395 minimedubia
1292 5313 1734 5395 testibusjide‘ar

165 5391 232 5442 tti
263 5381 367 5447 itOIt
408 5387 756 5451 necessariis,
803 5389 999 5443 Κόνωνα
1025 5385 1077 5442 δὲ
1106 5389 1184 5448 τίς
1221 5388 1306 5442 οὐκ
1336 5381 1492 5448 οἶδεν,
1528 5383 1606 5439 ὃτι
1645 5382 1738 5438 δυ·

163 5468 498 5534 στνχησάσης
522 5468 615 5522 τῆς
643 5460 832 5534 πόλερις
860 5461 926 5519 ὡς
949 5458 1218 5534 βύαγρραν
1249 5455 1359 5516 ἦ).οε
1383 5474 1399 5534 _:
1421 5465 1493 5534 _ut
1523 5455 1598 5534 ait
1625 5455 1736 5534 Iso-

164 5524 326 5586 crates
351 5535 403 5588 in
441 5529 912 5602 Evagora._FA_n_u.
949 5524 1252 5596 Legeb'atur
1286 5527 1504 5602 putit_le_._
1523 5524 1736 5602 ad_Cy-;

169 5618 274 5675 rum
302 5621 468 5675 regem
514 5593 782 5675 concessit.
818 5593 1079 5670 Erngoras
1110 5593 1296 5652 autem'
1319 5597 1428 5671 (vel
1457 5593 1737 5663 Evacinas)

173 5671 270 5726 dux
301 5671 829 5736 Lacedwmoniorum,
860 5680 970 5725 etc.

244 5743 320 5799 27.
354 5745 644 5816 Angebant.
681 5741 870 5799 Plures
899 5757 962 5798 ex
995 5753 1151 5809 mss.,
1180 5738 1376 5806 agebat.

1898 3265 1990 3337 29.
2035 3263 2239 3337 Horror
2270 3263 2377 3320 est.
2423 3266 2562 3320 Edd.
2594 3263 2725 3323 vett.
2762 3280 2962 3336 praeter
2998 3272 3254 3337 August.,
3299 3273 3428 3328 hor-

1828 3336 1938 3410 rori
1966 3335 2444 3410 velitarroriscsl,
2481 3337 2631 3401 dein,
2665 3335 2796 3392 nihil
2823 3341 2934 3410 spei
2970 3335 3274 3410 pra'tcritti'.

1898 3404 2026 3461 Car.
2062 3405 2358 3483 XVII.-_—l.
2388 3406 2516 3461 Cum
2543 3410 2779 3481 plurimi.
2823 3404 3235 3483 defquardam
3266 3424 3424 3481 velt..

1827 3485 1874 3530 et
1903 3494 2029 3548 cum
2047 3479 2280 3548 plurimi.

1897 3549 1951 3600 9..
1987 3546 2384 3627 fopulumque.
2437 3549 2607 3627 Lugd.
2638 3552 2781 3606 Bitt.
2815 3567 2901 3624 pr.
2927 3593 2943 3620 ,
2985 3561 3111 3608 tert.
3145 3564 3204 3611 et
3241 3565 3421 3627 quart.

1827 3632 1952 3672 cum
1981 3619 2120 3674 Coll.
2145 3620 2412 3685 Grouov.,
2447 3621 2718 3689 populant.

1899 3691 1952 3742 5.
1995 3690 2253 3761 Spartani
2296 3702 2628 3760 negaverunt.
2686 3694 2775 3748 Sic
2820 3693 3035 3761 quidem
3083 3695 3316 3760 Justin.;
3369 3707 3426 3753 at

1827 3759 2156 3836 Kelmplion.
2172 3761 2274 3836 lib.
2297 3759 2430 3836 nAita
2449 3779 2461 3814 :
2478 3759 2859 3836 Λακεδαιμόνιοι
2880 3763 2934 3818 δέ
2956 3767 3044 3817 οὐκ
3068 3764 3257 3836 ἔφασαν
3284 3759 3428 3823 πόλιν

1827 3831 2083 3910 Ἑλληνίδα
2107 3830 2456 3910 ἀνδρᾳοιποδιεῖν
2475 3872 2488 3896 ,
2521 3835 2653 3910 μέγα
2677 3830 2864 3910 ἇγᾳθρν
2886 3830 3214 3910 simae-uiam
3245 3838 3292 3910 ἐν
3318 3847 3428 3899 τοῖς

1827 3905 2092 3971 μεγίστοις
2133 3902 2381 3960 κινδύνοις
2427 3902 2870 3973 γενομένοις-’μία
2897 3902 3038 3958 enim
3068 3902 3356 3972 legendum
3389 3923 3422 3963 e

1828 3973 2056 4042 vetustis
2087 3987 2190 4023 nun
2217 3973 2484 4042 γενομένην
2512 3984 2568 4026 ut
2607 3983 2701 4042 cst,
2720 3973 3082 4041 impressum)
3109 3984 3172 4042 τῇ
3203 3975 3421 4033 Ἑλλάδι.

1829 4036 2238 4113 Ιλητεάιῑνιιι-οηὶὶί
2271 4036 2529 4113 negarunt
2572 4058 2625 4094 se
2673 4036 2910 4096 Cra'eam
2955 4036 3166 4109 urbem,
3209 4063 3324 4113 qua:
3368 4048 3424 4100 in

1826 4111 2040 4165 summis
2069 4110 2285 4184 Grchiw
2323 4111 2572 4180 periculis
2615 4113 2807 4180 optime
2833 4115 2895 4165 de
2924 4114 3021 4167 illa
3053 4125 3182 4169 esset
3213 4110 3420 4184 merita,

1827 4198 2114 4238 eversuros.
2147 4179 2307 4236 FABR.

1898 4252 1953 4305 4.
1997 4252 2294 4324 Se._Abest
2318 4267 2346 4305 a
2373 4249 2514 4306 Coll.
2546 4253 2788 4324 Gronov.
2834 4265 2887 4307 et
2915 4254 3089 4324 Lugd.
3121 4257 3243 4310 Bat.
3288 4265 3417 4314 tert.

1899 4323 1952 4376 5.
1997 4325 2059 4378 Si
2087 4322 2273 4376 Pirwei
2301 4332 2501 4392 portus.
2533 4323 2732 4379 Justiti.
2764 4369 2778 4391 ,
2815 4325 2876 4378 Si
2901 4322 3124 4379 demissa
3156 4326 3416 4380 Pirrceum

1828 4411 2003 4447 versus
2026 4395 2162 4448 muri
2180 4394 2392 4447 brachia
2410 4395 2710 4466 dejecerint,
2739 4395 2826 4450 ubi
2850 4397 2982 4450 muri
3005 4398 3215 4450 brachia
3238 4409 3416 4465 vocat,

1828 4480 1949 4543 quin
1978 4466 2149 4543 G_l_‘.rci
2178 4467 2743 4543 ywpd_axé):n._gazpai
2758 4469 2931 4539 τείχη.
2963 4465 3130 4543 Finan.

1901 4537 1953 4591 6.
1998 4535 2314 4590 Munimina'.
2349 4536 2519 4606 Lugd.
2548 4535 2686 4592 Batt'.
2714 4539 2821 4592 duo
2839 4535 2972 4593 cum
2995 4539 3132 4592 Coll.
3151 4538 3416 4603 Gronov.,

1837 4608 2176 4662 munimenta.
2211 4607 2354 4662 ldent
2399 4609 2568 4662 voluit
2594 4609 2716 4663 cod.
2749 4609 2994 4678 Longob.
3037 4611 3287 4665 scribens
3312 4627 3423 4662 mo-

1835 4687 2102 4742 numenta,
2129 4679 2324 4733 litterae
2347 4695 2377 4730 u
2404 4680 2767 4748 superscripta
2792 4682 2829 4734 ἱ.
2853 4680 2952 4734 Ed.
2969 4679 3132 4747 Aug,
3157 4681 3422 4734 ducentia-

1833 4765 1948 4816 que.
1992 4748 2121 4802 Mss.
2151 4750 2354 4818 plures,
2383 4759 2692 4804 verterentur
2731 4765 2830 4820 pro
2860 4761 3221 4806 euerterentur.
3266 4751 3414 4806 Flor.

1837 4829 1988 4886 tcrt.,
2019 4829 2340 4876 emerentur.
2467 4877 2470 4884 I

1905 4890 1958 4962 7.
2003 4889 2276 4962 Navesque
2302 4891 2544 4962 reliquas.
2589 4889 2760 4962 Lugd.
2788 4891 2924 4946 tBat.
2966 4899 3128 4961 tert.,
3170 4907 3422 4962 naresque

1832 4959 2043 5029 reliqua:
2076 4960 2211 5014 ultro
2239 4959 2586 5015 traderentur.

1904 5032 1958 5085 8.
1989 5031 2196 5086 Lectos.
2222 5031 2498 5087 Fabricius
2518 5034 2751 5088 restituit
2769 5049 2838 5090 ex
2857 5047 2986 5087 mss.
3007 5032 3064 5088 In
3084 5034 3242 5088 editis
3263 5040 3421 5087 antea

1831 5098 2042 5174 deerat.
2063 5112 2419 5170 praeterquam
2445 5105 2495 5156 in
2517 5103 2681 5169 Aug.,
2702 5106 2751 5158 in
2777 5120 2880 5174 qua
2904 5104 3113 5158 «lectos.
3130 5105 3424 5174 Aliquanto

1835 5182 1957 5241 post
1983 5173 2130 5225 Meus
2156 5187 2252 5241 pro
2274 5174 2642 5228 constituerunt
2674 5173 2833 5228 habet
2859 5176 3195 5228 constituunt.

1907 5240 1964 5298 9.
2008 5240 2226 5317 Darii,
2253 5241 2538 5317 Persarum
2567 5248 2740 5317 gregis.
2779 5245 2983 5317 Darius
3013 5260 3119 5300 non
3152 5246 3222 5300 ita
3251 5244 3424 5317 multo

1838 5326 1960 5382 pest
1996 5327 2182 5380 pacem
2213 5311 2353 5366 inter
2381 5311 2742 5371 AtbenienSes
2771 5316 2962 5370 iactam
2994 5326 3240 5372 mortuus
3279 5316 3378 5369 luit.
3403 5359 3420 5383 ,

1839 5398 1957 5456 cum
1987 5398 2158 5435 annos
2189 5383 2259 5456 19
2288 5396 2586 5456 regnasset.
2624 5387 2890 5441 Diodorus
2918 5387 3044 5442 libr.
3076 5403 3194 5454 xui,
3223 5385 3426 5456 Diony-

1844 5455 1955 5507 sius
1980 5467 2132 5519 vero,
2167 5461 2224 5505 ut
2251 5452 2390 5524 idem
2421 5456 2629 5523 scribit,
2662 5473 2768 5514 non
2799 5472 2905 5512 tam
2930 5452 3212 5522 exsulavit,
3261 5452 3421 5524 quain

1845 5525 1897 5598 i_u
1925 5530 2233 5598 extremum
2255 5523 2546 5598 discrimen
2578 5529 2894 5584 amittenda:
2923 5529 3224 5598 tyrannidis
3250 5523 3423 5598 venit.

1846 5593 2181 5671 ᾕδεις-διδ.
2215 5593 2384 5671 Lugd.
2412 5596 2526 5652 Bal.
2553 5610 2680 5656 tert.
2707 5612 2868 5671 atque
2890 5593 2980 5656 ed.
3001 5601 3138 5669 Aug.
3163 5596 3424 5654 extribus

1845 5676 1892 5721 et
1909 5707 1922 5731 ,
1959 5666 2187 5734 primum
2219 5666 2424 5722 delent.
2782 5666 2794 5671 '
3092 5666 3108 5669 '
3357 5701 3360 5705 .
