3938 6304
498 230 601 289 791

1913 215 2123 276 PAULI
2157 213 2385 277 OROSII

3704 222 3814 281 799

498 350 829 425 populorum
884 346 1093 413 ruinis,
1126 353 1149 385 ι
1195 341 1470 411 utrimque
1513 345 1783 397 certatum
1826 353 1841 392 :
1884 337 1940 392 in
1982 350 2092 406 quo
2116 344 2170 407 Α
2195 332 2504 406 perturbari
2551 348 2619 391 ac
2647 333 3001 405 permisceri,
3043 351 3222 408 neque
3252 337 3358 394 ista
3385 338 3503 406 sic,
3531 338 3646 395 nisi
3680 354 3815 409 pro.

497 440 757 498 conﬂictu
801 452 924 492 cum
961 451 995 491 e
1039 432 1261 489 diverso
1289 432 1312 464 ‘
1339 440 1739 486 concurrentes
1786 427 1891 483 sibi
1930 429 2093 484 ambo

498 535 700 590 fratres
721 538 911 586 mutuo
935 542 1095 583 casus
1121 523 1532 595 objectavisset,
1566 523 1720 591 prior
1745 522 2090 577 Artaxerxes

495 627 859 682 vulneratusa
882 622 1071 689 fratre,
1099 619 1225 691 equi
1252 618 1542 674 velocitate
1569 618 1591 649 ‘
1619 616 1781 672 morti
1804 622 2092 687 exemptus

497 719 690 776 evasit.
719 717 895 789 Cyrus
925 723 1273 781 autetn,mox
1291 727 1322 767 a
1340 713 1569 768 cohorte
1596 711 1749 782 regia
1768 724 2089 781 oppressus,

494 811 661 866 tinem
706 806 993 865 certamini
1042 806 1217 863 dedit.
1250 804 1589 861 Artaxerxes
1627 819 1760 875 ergo
1804 814 1860 859 et
1906 803 2091 875 praeda

491 904 751 959 fraterna:
777 898 1166 971 expeditionis,
1197 908 1256 955 et
1295 898 1539 979 exercitu
1593 896 1816 967 potitus,
1847 905 2093 966 potesta-

494 1004 608 1053 tem
635 994 791 1065 regni
820 992 1117 1064 parricidio
1148 993 1169 1024 ’¹
1211 990 1472 1047 ﬁrmavit.
1504 991 1527 1023 ⁸
1553 988 1646 1047 Sic
1684 990 1939 1045 universa
1962 987 2092 1045 Asia

492 1096 662 1158 atque
691 1086 935 1156 Europa,
958 1083 1155 1155 partim
1187 1083 1244 1138 in
1270 1096 1331 1138 se
1355 1082 1607 1154 singulae,
1623 1082 1818 1153 partim
1846 1081 1902 1137 in
1931 1096 1993 1137 se
2014 1080 2092 1137 in-

492 1179 670 1236 vicem
694 1176 976 1233 funeribus
998 1184 1054 1231 et
1069 1175 1295 1248 ﬂagitiis
1307 1175 1799 1246 permiseebantur.
1814 1175 1956 1232 Ecce
1967 1188 2094 1245 par-

490 1272 716 1330 vissima
740 1270 1272 1344 pagina;verbisque
1284 1269 1651 1341 paucissimis,
1669 1269 1988 1342 quantosde
2011 1279 2090 1327 tot

493 1365 831 1437 provinciis,
870 1364 1029 1436 139
1057 1363 1276 1434 populis
1302 1372 1465 1435 atque
1496 1363 1752 1430 urbibus,
1782 1379 1890 1419 non
1920 1365 2093 1435 magis

498 1458 737 1530 explicui
768 1467 920 1513 actus
944 1468 1169 1527 operum
1192 1497 1209 1525 ,
1241 1471 1404 1527 quam
1429 1455 1668 1527 implicui
1695 1456 1889 1528 globos
1929 1456 2093 1513 mise-

494 1551 749 1606 riarum.’
763 1548 893 1617 Quis
909 1549 1051 1603 enim
1067 1547 1276 1604 cladem
1304 1547 1453 1605 illius
1481 1550 1763 1620 temporis,
1786 1550 1909 1621 quis
1928 1548 2091 1605 laudo

489 1644 682 1699 funera
711 1640 981 1712 explicet,
1030 1648 1124 1696 aut
1164 1634 1385 1710 aequare
1428 1640 1690 1714 lacrymis
1720 1642 1897 1712 possit
1933 1641 2091 1698 dolo-

2197 427 2335 498 pitio
2364 435 2421 482 et
2456 426 2752 484 miserante
2780 472 2797 499 ,
2837 428 3117 505 componi.
3148 430 3191 461 ¹³
3218 430 3314 486 llis
3351 430 3561 487 deinde
3592 440 3819 501 tempo—

2196 519 2349 576 ribus
2376 519 2703 591 gravissimo
2727 533 2880 577 motu
2913 532 3075 578 terra:
3099 538 3364 595 concussa
3397 524 3591 581 Sicilia
3618 566 3636 591 ,
3668 526 3819 580 insu-

2194 629 2296 685 per
2323 614 2753 671 exmstuantibns
2790 615 2973 672 Etna:
3015 618 3220 672 montis
3254 618 3475 688 ignibus
3504 618 3548 649 “
3575 617 3819 673 favillis-

2192 721 2303 778 que
2325 706 2541 776 calidis,
2572 723 2695 763 cum
2723 707 3059 766 detrimento
3082 710 3317 781 plurimo
3343 725 3614 781 agrorum
3648 711 3819 766 villa-

2193 815 2427 871 rumque
2467 812 2683 857 vastata
2722 810 2831 858 est.
2884 803 3039 859 Tunc
3082 804 3248 859 etiam
3286 804 3547 861 Atalante
3576 805 3814 872 civitas,

2192 893 2387 949 Locris
2413 893 2705 950 adbmrens
2726 934 2741 960 ,
2773 903 2937 952 terra:
2965 897 3256 967 contigua,
3287 897 3329 927 "
3357 895 3663 967 repentino
3694 912 3819 952 ma-

2192 984 2272 1041 ris
2294 984 2501 1056 impetu
2530 985 2800 1054 abscissa,
2846 996 3010 1059 atque
3039 989 3093 1043 in
3118 988 3353 1043 insulam
3399 987 3659 1044 desolata
3709 996 3816 1044 est.

2192 1079 2611 1136 Atheniensium
2653 1095 2873 1152 quoque
2919 1080 3273 1138 miserabiles
3326 1081 3601 1153 reliquias
3639 1082 3820 1154 pestis

2194 1173 2414 1243 invasit,
2448 1174 2651 1246 diuque
2672 1175 2926 1248 populata
2954 1184 3063 1233 est.

2688 1288 2850 1361 ιω
2885 1289 3118 1345 CAPUT
3157 1287 3306 1345 χιχ.

2193 1382 2551 1438 Romanon
2582 1398 2770 1453 parum
2795 1382 3102 1438 Itonestaad
3161 1382 3310 1438 Veios
3334 1380 3582 1453 obsidio.
3616 1377 3763 1453 lirbs
3784 1399 3819 1437 ι

2266 1454 2433 1509 Gallis
2455 1451 2612 1522 capta
2637 1462 2924 1509 etuastata.
2984 1453 3209 1509 Collatia
3249 1452 3407 1507 istius
3445 1451 3656 1509 excidii
3700 1470 3819 1508 cus

2263 1526 2505 1596 prtcsenti
2532 1522 2821 1581 Gothorum
2843 1525 3127 1579 inuasione.

2268 1639 2286 1670 ³
2317 1637 2478 1693 Anno
2522 1638 2591 1693 ab
2623 1637 2769 1694 Urbe
2805 1638 3026 1694 condita
3064 1653 3233 1695 ceeLv
3277 1639 3501 1697 obsidio
3543 1637 3816 1695 Veiorum

488 1748 582 1791 res
602 1734 627 1789 ’ἔ
651 1733 692 1765 ¹⁰
719 1731 1110 1789 Verumtamen
1138 1730 1258 1787 haec
1285 1731 1426 1803 ipsa,
1454 1733 1579 1803 quia
1608 1732 1781 1788 multo
1806 1734 2094 1804 interiectu
2122 1737 2173 1799 Β
2197 1731 2385 1789 decem
2406 1733 2428 1765 ²
2450 1732 2727 1788 continuis
2752 1733 2914 1788 annis
2942 1734 3115 1805 magis
3141 1733 3470 1792 obsessores
3510 1748 3695 1806 quam
3719 1733 3816 1789 ob-

490 1827 820 1883 szeculorum
840 1824 1220 1893 exoleverunt,
1241 1825 1382 1880 facta
1411 1833 1539 1880 sunt
1564 1825 1722 1882 nobis
1754 1827 1796 1857 “
1822 1826 2088 1883 exercitia

490 1919 857 1990 ingeniorum,
891 1926 945 1973 et
961 1917 1363 1974 oblectamenta
1388 1916 1691 1973 fabularum
1719 1934 1734 1971 :
1759 1933 2101 1989 quamquam.

487 2010 540 2067 si
585 2010 711 2080 quis
753 2008 1017 2064 intentius
1064 2007 1319 2064 adhibeat
1366 2008 1604 2064 animum
1631 2049 1647 2074 ,
1694 2023 1928 2080 seseque
1974 2018 2089 2065 toto

488 2101 692 2158 mentis
720 2098 918 2155 affectu
946 2101 989 2131 ¹¹
1017 2099 1150 2171 ipsis
1191 2114 1330 2171 pene
1372 2101 1555 2157 causis
1592 2101 1857 2172 bellisque
1885 2086 2089 2173 peruri-9

488 2202 664 2259 secat,
692 2207 758 2249 ac
778 2206 968 2248 rursus
996 2192 1144 2248 velut
1166 2193 1219 2248 in
1241 2207 1370 2249 arce
1400 2194 1697 2264 spectaculi
1721 2196 2081 2252 constitutus:

485 2296 781 2355 utrumque
826 2286 881 2340 in
928 2284 1045 2340 suis
1073 2283 1428 2355 qualitatibus
1463 2293 1679 2357 tempus
1706 2287 2081 2355 permetiatur,

484 2375 650 2435 facile
693 2375 921 2431 dixerim
948 2418 964 2444 ,
998 2389 1124 2431 eum
1160 2374 1533 2446 judicaturum
1561 2415 1581 2444 ,
1609 2391 1788 2448 neque
1817 2378 1907 2432 illa
1929 2419 1945 2445 ,
1979 2377 2084 2434 nisi

489 2469 634 2526 irato
656 2476 817 2540 atque
847 2467 894 2500 ¹³
919 2474 1175 2525 aversato
1212 2467 1328 2526 Deo
1354 2467 1399 2501 ιδ
1426 2483 1592 2541 posse
1639 2480 1749 2526 tam
1792 2469 2084 2527 infeliciter

2191 1840 2376 1882 sessos
2423 1824 2670 1883 detrivit.
2725 1825 2859 1882 Nam
2898 1826 3132 1883 Romani
3180 1829 3492 1900 repentinis
3519 1843 3689 1899 saepe
3717 1827 3815 1883 ho-

2189 1920 2353 1974 stium
2384 1918 2771 1988 eruptionibus
2791 1918 3136 1985 comminuti,
3167 1930 3436 1990 praeterea
3466 1921 3524 1976 in
3560 1920 3814 1977 hibernis

2189 2010 2336 2068 bella
2368 2011 2389 2043 ³
2418 2011 2598 2067 sortiti
2630 2052 2648 2079 ,
2697 2011 2940 2069 hiemare
2981 2012 3088 2068 sub
3119 2013 3378 2085 pellibus,
3408 2024 3713 2086 postremo
3738 2015 3812 2069 la-

2189 2118 2332 2159 mem
2355 2118 2423 2159 ac
2452 2103 2623 2175 frigus
2668 2104 2723 2159 in
2762 2113 3061 2175 conspectu
3111 2103 3351 2161 hostium
3377 2106 3603 2178 perpeti
3632 2105 3810 2160 coacti

2188 2205 2358 2251 sunt:
2405 2194 2601 2252 urbem
2638 2197 2934 2252 novissime
2953 2237 2971 2264 ,
3002 2198 3122 2253 sine
3151 2197 3263 2253 ullo
3287 2197 3311 2228 ⁸⁵
3338 2197 3509 2268 digno
3540 2198 3809 2253 Romana:

2194 2285 2414 2344 virtutis
2464 2287 2815 2352 testimonio,
2856 2288 3126 2345 cuniculis
3156 2297 3217 2345 et
3250 2290 3603 2346 clandestina
3642 2291 3807 2347 obre-

2193 2379 2382 2450 ptione
2409 2386 2699 2451 ceperunt.
2747 2378 2899 2435 lianc
2926 2379 3117 2436 utilem
3154 2382 3330 2452 magis
3358 2396 3527 2453 quam
3559 2364 3830 2437 nobilem

2191 2472 2474 2529 victoriam
2499 2515 2516 2542 ,
2575 2472 2754 2545 primo
2801 2472 3090 2530 dictatoris
3119 2474 3141 2507 ⁸
3166 2472 3428 2544 Camilli,
3463 2475 3564 2547 qui
3589 2489 3715 2532 eam
3740 2472 3805 2530 de

1771 2629 2220 2688 HAVERCAMPI
2256 2629 2488 2688 ΝΟΤΑΕ.

561 2756 615 2809 ι.
642 2752 909 2823 Utrimque
938 2754 1212 2823 certatum.
1238 2744 1367 2823 llam
1403 2752 1489 2823 es_t
1532 2742 1697 2801 lectio
1731 2742 1893 2823 eoadd.
1936 2743 2081 2823 Lon-

491 2807 617 2896 gob.
649 2807 702 2880 et
731 2807 885 2896 Elo'r.
917 2833 1059 2896 s_ee‘.,
1090 2816 1427 2896 triumLug;
1452 2816 1593 2896 Batt.
1627 2830 1749 2896 eum
1778 2813 1916 2869 Coll.
1939 2814 2082 2896 Gro-
2167 2807 2181 2817 ’

488 2885 619 2953 nov.
646 2903 703 2951 et
729 2893 875 2950 Ultr.
913 2889 1049 2946 Cod.
1083 2888 1284 2958 vulgati
1320 2899 1375 2942 et
1406 2885 1603 2958 Lugd._
1629 2886 1746 2940 Bat.
1792 2901 1872 2954 pr.
1896 2895 2081 2958 atque

489 2968 643 3022 Flor.
674 2972 823 3025 tert.,
851 2971 925 3016 est
953 2956 1212 3029 utrimque
1238 2967 1535 3029 certatum.
1576 2956 1730 3024 Quod
1763 2965 1839 3008 est
1854 2956 1909 3029 _si
1956 2957 2080 3010 addi

483 3040 687 3108 placet,
721 3034 912 3108 melius
942 3046 1063 3086 cum
1103 3026 1208 3084 ms.
1234 3027 1350 3083 Meo
1378 3040 1434 3083 et
1468 3029 1559 3083 ed.
1584 3031 1725 3098 Aug.
1762 3029 1816 3080 in
1845 3026 1951 3083 line
1986 3040 2081 3096 pe-

490 3106 628 3163 riodi
657 3106 821 3158 locari
854 3110 1054 3171 potest.

562 3179 618 3233 5.
646 3165 1018 3231 Concurrentes
1055 3169 1153 3225 sibi
1187 3167 1339 3223 ambo
1366 3172 1715 3240 fratres,_etc.
1749 3165 1885 3222 Cod.
1932 3166 2078 3240 Peri-

488 3264 615 3305 zou.
645 3261 767 3302 cum
803 3242 1123 3313 Lugd.,B-.tt.
1159 3248 1284 3295 tert.
1322 3238 1377 3295 et
1405 3238 1846 3313 Co_|l._Gronoy.,
1876 3238 2076 3292 ambos.

487 3319 624 3375 Dein
653 3314 783 3371 editi
818 3308 1021 3383 plures,
1043 3311 1385 3383 objeActassent
1407 3309 1494 3383 vel
1517 3308 1931 3383 objectavissent,
1951 3324 2079 3383 con-

488 3399 578 3444 tra
628 3400 762 3441 mss.
814 3380 1110 3439 meliores.
1150 3380 1295 3434 Dixit
1340 3380 1738 3434 Orosiusambo
1782 3380 1864 3432 vel
1901 3381 2080 3432 ambos

488 3463 706 3531 fratres,
740 3470 839 3531 pro
869 3468 935 3531 eo
963 3451 1107 3531 quod
1137 3449 1381 3531 Justinus
1412 3459 1688 3519 utrumque
1707 3453 1942 3531 fratrem,
1979 3450 2075 3502 lib.

488 3517 546 3597 ἦν,
573 3517 703 3598 (κιρ.
732 3517 793 3581 ll
832 3542 845 3578 :
881 3517 1134 3598 Sed—runt
1174 3520 1229 3572 in
1258 3517 1391 3573 bello
1436 3535 1570 3598 sors.
1599 3517 1766 3598 prtulii
1809 3526 2082 3598 utrumque

490 3590 703 3671 fratrem
734 3611 923 3671 pugna:
951 3591 1243 3671 obtulisset;
1264 3604 1431 3659 quare
1462 3590 1630 3644 nolim
1648 3590 1720 3646 ibi
1741 3603 1864 3644 cum
1887 3590 2082 3644 Schef-

485 3664 607 3727 ἵει-ιι
640 3664 852 3723 mutare
883 3667 936 3719 in
968 3664 1247 3731 utrimque.

560 3742 615 3796 6.
650 3738 811 3793 Morti
839 3744 1103 3806 exemptus
1128 3730 1307 3789 evasit.
1337 3733 1440 3789 Ed.
1487 3736 1650 3805 Aug.,
1677 3731 1832 3785 morti
1872 3746 2076 3803 exemp-

483 3822 566 3867 tus
586 3819 681 3866 est.

558 3885 613 3937 7.
647 3878 922 3933 Firmavit.
959 3875 1093 3933 Cod.
1128 3875 1398 3945 Lougob.,
1424 3875 1612 3947 ﬁnivit,
1640 3873 1795 3946 quasi
1825 3881 2081 3928 contesta-

493 3956 685 4009 tionem
708 3950 792 4005 vel
815 3948 996 4004 simile
1023 3947 1153 4019 quid
1187 3956 1576 4019 prmecsmssct.

557 4026 613 4081 8.
667 4023 763 4079 Sic
798 4015 1057 4074 universa:
1099 4015 1270 4087 Lugd.
1310 4018 1454 4072 Batt.
1501 4027 1650 4084 tert.,
1703 4024 1906 4087 quart.,
1937 4015 2074 4071 Coll.

490 4097 762 4161 Gronov.,
803 4091 876 4145 Ac
919 4090 1016 4159 sic,
1045 4098 1153 4146 etc.
1185 4088 1309 4142 Mox
1348 4089 1480 4144 editi
1520 4089 1724 4159 plures,
1750 4090 1884 4143 inter
1910 4105 1964 4143 se
1991 4088 2076 4142 iu-

487 4184 669 4224 vicem.

556 4239 610 4293 9.
653 4235 779 4308 Quis
822 4233 956 4289 enim
994 4232 1215 4288 cladem.
1265 4230 1506 4308 Παρῳδὶκ
1532 4228 1828 4302 Virgiliana
1853 4244 1885 4285 e
1913 4227 2009 4285 lib.
2038 4246 2078 4287 ιι

486 4308 712 4364 Αῐιιείά.
740 4305 907 4363 ΕΔΜ.

560 4380 649 4436 10.
702 4377 1086 4444 Verumtamen,
1113 4384 1221 4431 etc.
1252 4374 1355 4431 Ed.
1387 4377 1552 4448 Aug.,
1574 4369 1784 4441 ,Verum
1811 4371 1919 4425 haec
1936 4371 2074 4442 ipsa,

485 4457 955 4577 quflftlgamcitia
983 4519 1326 4590 ingeniorum.
1375 4516 1597 4574 Scilicet
1628 4512 1696 4568 ad
1724 4512 1869 4569 belle
1893 4513 2075 4569 decla-

480 4592 764 4649 mandum.
792 4591 1045 4649 Juvenal.
1071 4601 1178 4646 sat.
1214 4592 1279 4647 to
1307 4604 1453 4645 vers.
1482 4591 1618 4646 167:

734 4684 799 4735 Ut
820 4684 990 4746 pueris
1012 4681 1208 4745 placeas
1230 4691 1283 4735 et
1303 4684 1594 4740 declamatio
1616 4686 1730 4738 tias!

552 4790 643 4865 12.
686 4792 843 4865 Ipsis.
873 4791 972 4849 Ed.
997 4791 1165 4865 Aug.,
1192 4790 1247 4845 in
1275 4792 1427 4862 ipsis.

554 4863 644 4919 15.
684 4861 930 4919 Aversan
973 4861 1108 4918 deof
1140 4861 1512 4934 Putorcponi
1559 4864 1763 4921 debere
1804 4875 2073 4924 aversante

479 4936 597 5003 deo,
631 4945 692 4991 ut
711 4943 794 4990 est
818 4935 869 5007 in
894 4935 1068 5004 Lugd.
1099 4935 1217 4990 Bat.
1243 4943 1440 5007 tert.et
1465 4935 1606 4989 Coll.
1630 4936 1869 4991 Gronov.
1897 4940 2071 5007 quod-

476 5022 584 5081 que
630 5006 778 5081 Mgus
807 5006 962 5081 _lorte
1005 5007 1148 5072 vult,
1175 5006 1421 5081 scribens
1442 5008 1748 5081 aduersam,
1780 5009 1863 5064 vel
1895 5006 2068 5081 scrip-

478 5075 633 5148 spisse,
664 5075 953 5148 Orosium,
1003 5088 1163 5147 prout
1200 5078 1425 5133 exhibet
1454 5079 1543 5134 ed.
1575 5075 1801 5148 August.
1831 5120 1848 5147 ,
1888 5075 2064 5139 averso

478 5146 592 5217 deo.
619 5146 876 5203 Martialis
901 5146 1163 5217 de-poeta
1195 5148 1401 5207 infelici
1431 5159 1488 5206 et
1530 5146 1750 5207 cacalas
1782 5146 2065 5212 scribente

478 5213 713 5283 chartas,
739 5216 836 5273 lib.
864 5232 982 5288 vm,
1007 5213 1181 5291 epigr.
1206 5220 1313 5280 56:

602 5327 788 5399 Seg‘ibit
809 5329 860 5399 in
868 5342 1042 5399 aversa
1065 5332 1242 5399 Picens
1263 5337 1613 5399 epigrammata
1637 5337 1839 5389 charta:

661 5390 726 5439 Et
745 5387 899 5450 dolet,
922 5403 1094 5442 averso
1115 5396 1243 5457 quod
1262 5387 1375 5449 facit
1400 5399 1479 5448 illa
1501 5400 1613 5450 deo.

649 5473 818 5598 1ir’aztis
858 5472 1109 5543 Apolline
1150 5489 1205 5534 et
1245 5484 1432 5539 Musis.
1472 5484 1630 5542 Ovid.
1661 5502 1720 5541 ιιι
1746 5487 1936 5547 Amor.
1972 5490 2061 5563 12,

597 5634 805 5699 Apnrsis
827 5635 1012 5682 utinam
1038 5638 1305 5698 tetigissem
1328 5649 1538 5695 carmina
1566 5649 1713 5699 lllusis
1736 5667 1748 5699 :

655 5695 877 5745 Phwbus
902 5702 954 5744 et
978 5691 1221 5756 tucopliuu
1243 5691 1545 5760 destituisset
1735 5691 1748 5713 ’

2257 2744 2350 2801 14.
2392 2743 2576 2801 Posse.
2605 2744 2739 2802 Cod.
2770 2745 3049 2814 Perizon.,
3075 2748 3329 2820 potuisse.

2258 2827 2347 2882 l5.
2390 2823 2491 2880 His
2518 2825 2707 2882 deinde
2732 2829 3064 2896 temporibus.
3096 2828 3198 2883 llic
3220 2836 3574 2884 terrmmotns
3595 2830 3795 2885 accidit

2184 2911 2328 2970 anno
2358 2898 2525 2970 tertio
2547 2897 2854 2970 olym‘p._88
2884 2915 3027 2954 anno
3057 2898 3248 2970 quinto
3280 2899 3410 2954 belli
3442 2900 3794 2969 Peloponne-

2188 2968 2345 3037 siaci,
2378 2966 2448 3021 de
2488 2966 2619 3037 quo'
2645 2966 2800 3023 Diod.
2833 2969 2926 3024 lib.
2973 2986 3044 3025 xu
3072 2966 3090 3023 Ξ
3115 2971 3459 3033 Traiano-too;
3503 2970 3562 3027 δὲ
3588 2966 3792 3031 ’συνέϐη

2183 3042 2308 3116 σςοὺς
2338 3042 2585 3116 ostentu);
2610 3041 2841 3116 γενέσθαι
2866 3043 3012 3116 κατὰ,
3034 3042 3195 3116 πολλὰ
3218 3043 3352 3116 μέρη
3400 3052 3497 3116 τῆς
3536 3042 3788 3105 Ἕλλὰδης.

2186 3111 2319 3165 ὥστε
2348 3112 2433 3165 καὶ
2455 3108 2629 3171 italus"
2669 3113 2809 3172 τινὰς
2856 3108 3236 3172 ἐπιθαλαττίουέ
3258 3108 3667 3179 ,“’ἐπικ).ύσασαν
3701 3119 3788 3174 τήν

2109 3186 2157 3251 α
2185 3182 2437 3237 θάλατταν
2463 3179 2750 3256 διαφθεῖραι.
2773 3223 2787 3246 ,
2820 3187 2910 3238 καὶ
2931 3186 3059 3238 κατὰ
3082 3188 3175 3243 τὴν
3201 3182 3422 3261 Λοκρίδα
3499 3189 3785 3260 cpe-Wet:

2186 3253 2517 3311 καθεστώσης
2546 3254 2692 3311 ῥῆξαι
2720 3256 2808 3311 μὲν
2837 3257 2921 3309 τὸν
2949 3256 3125 3311 ἰσθμὸν
3142 3294 3157 3311 .
3181 3272 3400 3311 ποιῆσαι
3430 3205 3496 3311 δξ
3523 3264 3680 3311 νῆσον
3703 3262 3785 3311 τήν

2186 3253 2517 3333 ξαθεσῖὼσῃς
2544 3253 2808 3333 ρἦάιᾳιξέν
2837 3256 3157 3333 ιεὸιχίιτθμιόνηἶ
3181 3253 3403 3333 statuam-
3430 3253 3492 3333 δξ
3703 3262 3787 3313 τήν

2186 3322 2554 3396 ὀνομαζομένηῦ
2576 3322 2898 3396 ’Δταλᾷντην,
2927 3324 2965 3396 i.
2996 3322 3074 3387 ei,
3113 3323 3247 3378 Tum
3270 3327 3321 3396 in
3348 3324 3611 3396 plerisque
3634 3324 3779 3380 Grae-

2183 3395 2276 3447 cia:
2302 3394 2538 3464 partibus
2560 3403 2697 3447 terra
2725 3395 2800 3447 ita
2824 3395 3001 3461 movit,
3027 3402 3080 3447 ut
3111 3395 3386 3449 nonnullas
3410 3394 3565 3451 urbes
3588 3397 3783 3449 mariti-

2186 3479 2296 3517 mas
2322 3464 2653 3534 superinfusa
2682 3466 2847 3518 maria
2874 3465 3138 3519 obrucrint
3156 3507 3171 3529 ,
3204 3476 3251 3519 et
3276 3465 3515 3521 Locridis
3545 3467 3703 3532 latus,
3732 3467 3781 3518 in

2182 3550 2285 3609 quo
2327 3534 2569 3609 Atalante
2617 3534 2868 3609 Oppidum
2907 3536 2962 3590 in
3002 3552 3144 3609 mare
3185 3539 3477 3609 projectum
3503 3537 3779 3609 continenti

2182 3603 2478 3730 αςίΙιαένεὸαι
2504 3648 2519 3675 ,
2566 3603 2726 3660 maris
2759 3606 2954 3677 impetu
2990 3603 3287 3661 abscissum'
3314 3607 3367 3662 in
3394 3606 3624 3663 insulam
3649 3608 3779 3663 abie-

2184 3685 2272 3730 rit.
2355 3691 2479 3730 ann.

2184 3677 2272 3730 rit.
2308 3677 2479 3730 Fann.

2258 3755 2348 3810 ’16.
2391 3753 2714 3829 Favillisque
2752 3757 2961 3829 calidis.
2996 3756 3134 3813 Etld.
3169 3757 3421 3829 qumdami
3459 3767 3597 3815 vett.
3629 3757 3775 3829 [aril-

2183 3824 2350 3896 lisqne
2378 3824 2698 3896 grandibus.
2726 3837 2771 3881 et
2816 3827 3020 3882 calidis.
3071 3830 3169 3883 Ms.
3189 3824 3378 3896 'l.ugtl.
3406 3828 3524 3884 Bal.
3559 3824 3684 3886 tert.
3722 3840 3774 3884 et

2182 3893 2327 3952 Coll.
2360 3893 2625 3964 Granum,
2645 3897 2826 3969 [labris
2856 3900 3147 3971 faeillisquc
3173 3893 3379 3954 calidis.

2256 3991 2348 4045 l7.
2391 3990 2679 4060 Repentino
2714 3992 2874 4044 maris
2903 3993 3100 4056 impetu
3135 3992 3386 4048 abscissa.
3417 3990 3598 4046 Codd.
3630 3993 3771 4048 l‘eri-

2182 4074 2305 4114 zon.
2337 4070 2393 4131 et
2421 4060 2573 4116 Meus
2602 4063 2803 4115 abscisa
2826 4061 3045 4117 habent.
3086 4062 3287 4117 Verum
3318 4063 3540 4131 vulgata
3571 4061 3657 4117 hic
3691 4078 3769 4116 rc-

2186 4130 2409 4203 t_incnda
2443 4140 2552 4196 est,
2585 4144 2639 4186 ut
2670 4141 2820 4203 patet
2845 4148 2911 4189 ex
2941 4132 3291 4188 distinctione
3312 4130 3475 4203 quain
3505 4134 3605 4189 viri
3631 4133 3764 4187 docti

2180 4201 2387 4256 faciunt
2437 4203 2578 4258 inter
2625 4202 2856 4258 abscisus
2900 4213 2957 4258 et
2998 4203 3273 4259 abscissus.
3329 4201 3565 4259 'Conl‘er
3606 4203 3764 4259 Notas

2181 4271 2382 4346 aneri
2427 4274 2494 4346 ad
2539 4273 2761 4346 Florum
2803 4274 2911 4331 lib.
2949 4291 3011 4346 tt.
3059 4289 3180 4346 cap.
3215 4274 3303 4344 ll,
3345 4290 3401 4345 p.
3426 4274 3556 4343 227,
3580 4284 3635 4331 et
3656 4274 3760 4330 Ou.

2181 4342 2464 4415 dendorpii
2493 4346 2558 4400 ad
2590 4344 2842 4401 Frontin.
2876 4360 2927 4416 p.
2958 4345 3052 4401 49.

2252 4434 2387 4493 CAP.
2442 4436 2587 4493 XIX.
2610 4468 2683 4479 —
2714 4439 2764 4494 l.
2795 4438 2945 4494 Anno
2973 4439 3037 4493 ab
3071 4437 3140 4494 Π.
3172 4438 3229 4492 C.
3260 4452 3456 4494 eccm.
3483 4437 3764 4509 Cuspinia-

2180 4522 2285 4581 nus
2315 4510 2426 4564 vult
2452 4509 2508 4563 in
2544 4514 2646 4564 hoc
2677 4525 2905 4565 numero
2944 4524 3192 4581 errorem
3222 4510 3426 4577 inesse,
3449 4524 3613 4581 quem
3640 4522 3759 4579 ego.

2104 4573 2156 4634 D
2182 4578 2435 4651 quiputo
2477 4580 2727 4651 0rosium
2774 4580 3079 4651 respexisse
3143 4596 3253 4635 non
3316 4573 3531 4649 tempus
3575 4573 3761 4648 emptu

2181 4649 2481 4706 obsidionis
2509 4650 2799 4717 Veiorum,
2832 4649 2926 4707 sed
2954 4661 3129 4718 capta:
3162 4651 3343 4716 urbis,
3377 4659 3571 4707 contra
3602 4651 3757 4705 tidem

2184 4721 2443 4792 librorum
2489 4730 2702 4778 mutare
2742 4722 2907 4776 nolui.
2962 4721 3208 4792 Sigonio,
3247 4720 3407 4791 cujus
3432 4720 3756 4792 diligentiam

2178 4791 2231 4874 in
2260 4791 2608 4874 perﬁciendis
2640 4792 2816 4874 Fastis
2840 4792 3195 4874 admiramur,
3219 4807 3400 4848 anuus
3422 4805 3592 4874 captae
3607 4791 3757 4874 urbis

2178 4861 2433 4917 Veiorum
2479 4871 2563 4918 est
2604 4872 2724 4933 post
2763 4863 2991 4918 Romam
3028 4862 3191 4917 cond.
3216 4877 3451 4919 CCCLVII.
3500 4864 3573 4918 De
3607 4862 3757 4917 Veio-

2171 4944 2295 5056 Pur:
2336 4932 2619 4990 obsidione
2657 4944 2714 4990 et
2750 4933 3152 5006 expugnatione
3182 4937 3405 5004 copiose
3434 4934 3555 4989 Liv.
3579 4934 3672 4989 lib.
3702 4947 3750 4986 ν.

2193 5016 2249 5056 «Α
2289 5019 2341 5056 ιι.

2193 5016 2341 5058 ιλιιιι.

2241 5084 2298 5139 2.
2342 5084 2628 5140 Continuis.
2676 5084 2847 5153 Lugd.
2898 5085 3017 5141 Bat.
3058 5093 3211 5154 tert.,
3257 5083 3400 5140 Coll.
3426 5087 3662 5143 Gronov.
3699 5091 3747 5138 et

2171 5154 2260 5211 ed.
2290 5156 2458 5227 Aug.,
2486 5157 2817 5211 continuatis.

2244 5236 2299 5290 5.
2343 5236 2551 5291 Sortiti.
2591 5237 2741 5293 Meus
2772 5250 2894 5291 cum
2941 5236 3188 5293 Perizon.
3236 5246 3290 5292 et
3332 5236 3423 5293 ed.
3451 5239 3609 5306 Aug.,
3641 5249 3745 5288 sor-

2171 5306 2299 5373 tiri,
2344 5316 2402 5362 ut
2420 5306 2723 5379 Areiferalur
2765 5307 2831 5361 ad
2871 5309 3035 5362 coacti
3080 5317 3221 5361 sunt.
3268 5309 3399 5364 Dein
3429 5308 3597 5379 Lugd.
3630 5307 3739 5360 Bal.

2175 5386 2299 5432 tert.
2327 5387 2379 5433 et
2406 5376 2548 5434 Coll.
2581 5377 2822 5434 Gronov.
2850 5388 3227 5450 postremaque.

2204 5472 2296 5551 '4.
2338 5468 2778 5553 Dignollomame
2802 5471 3023 5525 virtutis.
3047 5470 3157 5553 .Ed.
3193 5471 3361 5541 Αιις.⁸
3396 5470 3562 5542 digna:
3592 5469 3743 5524 uirtu-

2172 5551 2241 5596 tis
2265 5551 2577 5596 testimonio.

2243 5623 2299 5678 5.
2345 5620 2597 5678 Patrauit.
2633 5620 2804 5694 Lugd.
2837 5622 2954 5679 But.
2989 5636 3135 5693 σεο..
3173 5622 3393 5693 paravit.
3439 5631 3575 5679 utet
3607 5618 3732 5675 Ultr.
