3938 6288
107 242 197 306 809

1101 234 1577 300 HISTORIARUM
1617 235 1822 312 LIBER
1866 231 1950 292 lll.
1993 234 2147 292 CAP.
2190 232 2304 292 νη.

3267 223 3373 288 810

110 366 214 420 bilis
261 363 537 419 Gallorum
575 359 857 417 inundatio
900 359 1048 430 juxta
1096 359 1364 415 Anienem
1408 357 1661 424 ﬂuvium,
1692 361 1742 421 Α
1769 362 1882 411 st:s
1910 355 2105 424 territi,
2130 354 2472 426 sparsimque
2503 352 2795 424 fugientes,
2827 353 3066 425 graviter
3113 351 3371 406 trucidati

111 456 201 514 ’ad
226 465 473 526 quartum
503 455 572 509 ab
606 453 753 509 Urbe
779 450 1011 522 lapidem
1061 452 1333 515 consedit,
1366 449 1525 506 facile
1555 450 1672 506 sine

109 549 270 613 dubio,
314 545 558 617 pondere
618 544 976 600 multitudinis
1020 555 1072 598 et
1095 543 1377 598 alacritate
1434 541 1670 611 virtutis,

109 639 446 710 perturbatam
479 647 808 708 occupatura
830 635 1126 701 civitatem,
1157 633 1263 690 nisi
1288 635 1309 666 ³
1335 634 1450 690 otio
1479 643 1533 689 et
1556 634 1673 690 len-

108 731 310 786 titudine
326 731 628 800 torpuisset
651 748 663 785 :
690 728 776 784 ubi
805 729 1199 784 atrocissimam
1231 742 1462 799 pugnam
1482 732 1503 763 δ
1521 726 1673 781 Man-

108 826 194 879 lius
235 823 534 894 Torquatus
587 822 934 894 singulariter
984 821 1262 877 inchoavit
1316 821 1476 892 160
1503 863 1516 888 ,
1552 829 1573 860 ο
1603 819 1667 874 Τ.

106 917 356 986 Quinctius
385 917 624 972 dictator
650 916 1038 972 cruentissima
1062 916 1454 986 congressione
1483 914 1672 971 confe-

107 1011 182 1066 cit.
211 1008 386 1080 Fugati
413 1025 480 1065 ex
515 1009 620 1065 hoc
642 1009 832 1079 prtelio
873 1008 1093 1080 plurimi
1138 1008 1304 1075 Galli,
1356 1008 1672 1064 instauratis

107 1104 274 1159 iterum
293 1103 463 1173 copiis
491 1101 550 1157 in
579 1102 783 1158 bellum
814 1109 1060 1165 ruentes,
1091 1101 1111 1132 ⁸
1139 1116 1171 1155 a
1196 1101 1260 1156 C.
1303 1101 1538 1172 Sulpitio
1585 1101 1671 1157 di-

107 1205 283 1252 ctatore
309 1196 551 1266 superati
581 1205 728 1250 sunt.
762 1194 895 1250 Post
923 1194 1202 1265 paululum
1229 1209 1444 1265 quoque
1465 1193 1672 1250 Tusco-

107 1307 206 1346 rum
227 1305 394 1361 pugna
416 1291 437 1321 ⁷
460 1289 567 1345 sub
593 1288 657 1346 C.
684 1289 888 1345 Marcio
918 1296 1214 1344 consecuta
1243 1298 1327 1344 est
1355 1305 1369 1342 :
1401 1289 1491 1344 ubi
1538 1303 1670 1344 eon-

106 1382 683 1454 jicidatur‘quantum
724 1382 1006 1436 hominum
1056 1396 1262 1438 caesum
1311 1382 1403 1450 sit,
1454 1381 1672 1452 quando

113 1484 216 1529 octo
238 1475 398 1529 millia
421 1483 551 1529 sunt
577 1484 728 1544 capta
753 1473 1079 1529 Tuscorum.

164 1566 332 1622 Tertio
352 1575 534 1622 autem
561 1565 616 1621 in
638 1564 832 1621 iisdem
857 1565 1052 1621 diebus
1076 1563 1213 1620 Galli
1259 1579 1318 1621 se
1346 1565 1400 1620 in
1430 1562 1668 1634 praedam

108 1674 184 1728 per
202 1661 455 1714 maritima
489 1659 608 1715 loca
637 1659 1023 1730 subjectosquc
1045 1673 1290 1728 campos,
1305 1658 1326 1690 ’
1347 1659 1417 1714 ab
1438 1658 1668 1714 Albanis

1773 458 1920 506 ειιιιι.

2280 541 2431 613 131
2475 539 2703 597 CAPUT
2745 539 2857 596 vn.

1773 655 1970 712 Fwdux
1985 655 2341 710 Romanorum
2359 671 2476 727 cum
2494 653 3009 727 Carthaginiensibus
3022 669 3132 727 cont
3137 653 3190 723 pl
3195 653 3276 707 uri
3282 669 3369 727 unt

1841 729 2100 782 malorum
2153 742 2333 781 causa.
2392 726 2537 781 Inter
2582 726 2702 780 alia
2745 726 2878 779 mira
2927 727 3055 778 veris
3109 726 3371 794 lapidibus

1841 798 1998 869 pluit.
2048 797 2342 852 Alexander
2374 795 2598 869 Magnus
2624 799 2872 851 nascitur.
2925 795 3039 849 Rea:
3087 795 3371 850 Persarum

1843 868 2060 924 Judatos
2087 869 2317 938 captivos
2339 868 2568 922 abducit.

1844 1007 2246 1063 Numerandum
2277 1005 2442 1060 etiam
2471 1013 2487 1042 ι
2522 1006 2665 1061 inter
2691 1005 2831 1060 mala
2875 1018 3106 1070 censeo,
3139 1006 3376 1075 primum

1772 1099 1906 1156 illud
1938 1107 1958 1136 ²
2002 1099 2169 1155 ictum
2219 1113 2344 1154 cum
2392 1097 2942 1168 Carthaginiensibus
2974 1096 3183 1164 fmdus,
3225 1098 3371 1167 quod

1774 1191 1968 1249 iisdem
1993 1190 2329 1261 temporibus
2362 1189 2462 1244 fuit
2487 1208 2498 1244 :
2526 1190 2829 1260 przesertim
2862 1204 2927 1244 ex
2941 1203 3047 1259 quo
3069 1197 3176 1243 tam
3191 1188 3378 1259 gravia

1773 1293 1891 1340 orta
1921 1293 2049 1340 sunt
2071 1282 2213 1339 mala
2233 1325 2248 1349 ,
2273 1282 2293 1313 ³
2326 1291 2382 1336 ttt
2410 1282 2534 1338 exin
2562 1282 2799 1351 coepisse
2824 1281 3132 1335 videantur.
3170 1280 3190 1310 ⁸
3217 1280 3379 1336 Anno

1773 1376 2042 1447 siquidem
2062 1376 2130 1430 ab
2161 1375 2306 1430 Urbe
2328 1373 2546 1429 condita
2576 1388 2746 1429 ccccn
2801 1373 2962 1440 legati
2991 1387 3021 1426 a
3047 1370 3377 1441 Carthagine

1774 1470 1999 1525 Romam
2052 1468 2203 1523 missi
2235 1475 2394 1533 sunt,
2439 1465 2722 1534 foedusque
2761 1465 3098 1534 pepigerunt.
3132 1463 3154 1495 ⁸
3200 1464 3376 1530 Quem

1774 1564 2078 1633 ingressum
2130 1558 2658 1629 Carthaginiensium
2723 1556 2776 1611 in
2831 1555 3042 1610 Italiam
3102 1556 3372 1610 malorum

1772 1654 2094 1728 grandinem
2133 1663 2477 1718 secuturam,
2511 1651 3002 1719 continuarumque
3029 1649 3374 1705 miseriarum

109 1751 349 1808 montibus
370 1750 703 1809 diffuderunt
732 1770 746 1805 :
777 1751 1068 1806 adversum
1091 1764 1229 1821 quos
1258 1765 1398 1805 novo
1429 1750 1661 1805 militum
1696 1765 1741 1825 Β
1769 1749 2023 1804 tenebras
2065 1747 2257 1818 iuges,
2300 1744 2653 1800 historiarum
2707 1741 2839 1797 ﬁdes
2861 1783 2876 1805 ,
2906 1740 3263 1810 locorumque
3288 1742 3375 1795 in-

109 1843 293 1900 delectu
337 1843 548 1911 habito,
609 1843 1043 1914 conscriptisque
1103 1842 1407 1912 legionibus
1455 1843 1668 1909 decem,

110 1938 352 2008 sexaginta
375 1939 545 1994 millia
573 1938 968 2001 Romanorum,
994 1938 1202 2007 negatis
1227 1935 1328 1991 sibi
1351 1935 1670 1990 Latinorum

110 2030 314 2099 auxiliis,
340 2038 751 2102 processerunt.
780 2027 1032 2084 Confecit
1057 2027 1198 2082 hanc
1244 2042 1478 2097 pugnant
1507 2029 1550 2059 ‘°
1596 2026 1670 2081 bl.

110 2123 346 2192 Valerius,
375 2125 679 2182 auxiliante
699 2139 864 2181 corvo
891 2123 1042 2187 alite,
1075 2120 1218 2176 unde
1246 2133 1433 2191 pOStca
1477 2120 1669 2176 Corvi-

111 2233 191 2277 nus
213 2228 289 2277 est
315 2219 515 2277 dictus.
546 2217 745 2276 Occiso
774 2217 918 2274 enim
964 2223 1321 2288 provocatore
1365 2214 1548 2282 Gallo,
1575 2213 1674 2269 ho-

1771 1841 1964 1908 lamia,
1993 1845 2050 1894 et
2076 1836 2412 1892 abominatio
2438 1833 2650 1889 dierum
2674 1873 2688 1897 ,
2721 1832 2916 1903 quibus
2948 1846 3012 1887 ea
3039 1840 3193 1902 gesta
3219 1843 3371 1901 sunt,

1774 1941 2166 2006 protestantur.
2193 1931 2214 1963 ³
2241 1930 2393 1986 Tunc
2419 1929 2584 1984 etiam
2625 1941 2735 1983 nox
2759 1941 2930 1997 usque
2971 1926 3038 1982 ad
3081 1927 3374 1996 plurimam

1775 2028 1881 2084 diei
1929 2037 2136 2098 partem
2184 2023 2333 2080 tendi
2378 2024 2496 2080 visa
2541 2031 2625 2079 est
2670 2039 2683 2075 :
2745 2030 2986 2077 etsaxca
3025 2021 3092 2076 de
3145 2022 3377 2079 nubibus

1773 2119 1984 2192 grando
2012 2116 2392 2182 descendens,
2436 2115 2582 2172 veris
2628 2123 2826 2170 terram
2873 2113 3142 2183 lapidibus
3189 2116 3381 2172 verbe-

1776 2212 1934 2268 ravit.
1963 2213 1983 2242 '
2013 2210 2222 2279 Quibus
2251 2208 2444 2265 diebus
2491 2207 2654 2264 etiam
2686 2206 2708 2238 ⁸
2747 2203 3058 2261 Alexander
3106 2206 3330 2277 Magnus
3356 2251 3372 2276 ,

1362 2311 1818 2369 IlAVERCAMPI
1857 2310 2087 2368 NOTAE.

161 2407 207 2462 2.
234 2409 310 2464 Ad
337 2419 579 2476 quartana
609 2407 672 2462 ab
697 2406 834 2464 Urbe
859 2405 1107 2475 lapidem.
1137 2405 1292 2474 Apud
1319 2405 1532 2460 Livium
1559 2413 1664 2471 est,

109 2480 162 2532 ad
186 2483 373 2534 tertium
411 2481 644 2547 lapidem
676 2495 694 2533 :
726 2479 1023 2548 Eutropius
1053 2478 1244 2533 scribit
1268 2477 1453 2536 Gallos
1477 2486 1667 2548 quarto

111 2551 322 2606 milliaria
347 2554 415 2607 ab
441 2551 592 2607 Urbe
617 2549 950 2605 consedisse.
981 2548 1146 2604 Fasti.

163 2624 208 2677 5.
235 2623 345 2678 Otio
372 2634 419 2678 et
449 2623 781 2678 lentitudine.
826 2621 918 2677 Sic
956 2635 1124 2691 pono,
1178 2621 1394 2692 adjutus
1449 2621 1663 2678 duobus

109 2709 210 2749 mss.
235 2705 412 2749 contra
455 2709 621 2765 quam
653 2692 754 2748 fuit
784 2693 837 2746 in
866 2693 1114 2760 vulgatis,
1140 2693 1448 2765 lenitudine.
1482 2691 1655 2748 Laur.

107 2765 434 2821 —Editiones
460 2764 708 2836 qumdam
739 2777 862 2836 cum
895 2778 1025 2817 mss.
1067 2764 1443 2836 quibusdam,
1468 2765 1660 2836 lenitu-

109 2837 220 2890 dine.
234 2838 330 2892 Sed
357 2853 454 2905 ego
479 2833 698 2907 quoque
727 2833 956 2904 prarl‘ero
978 2836 1121 2903 quod
1151 2835 1409 2907 meliores
1433 2834 1658 2898 habent.

109 2907 384 2963 lentitudine.
413 2907 578 2962 Lenis
616 2906 800 2962 autem
829 2915 884 2959 et
917 2915 1230 2960 mansuetus
1275 2906 1388 2962 acri
1445 2917 1499 2960 et
1551 2907 1666 2960 fero

108 2991 429 3047 opponuntur,
473 2979 650 3034 lentus
679 2980 728 3032 vi
767 2977 980 3041 subitm,
1026 2991 1187 3044 quam
1228 2977 1275 3032 si
1325 2975 1666 3033 adhibissent

109 3048 241 3113 Galli,
270 3053 568 3120 praevenire
599 3058 854 3120 poterant
885 3048 1177 3120 Ronmnos.

160 3117 449 3176 LManlius
479 3117 800 3192 Torquatus.
853 3119 951 3174 llic
994 3117 1066 3192 7T.
1110 3118 1360 3175 Manlius'
1399 3120 1488 3191 qui
1539 3135 1661 3175 cum

108 3188 232 3246 Gallo
257 3193 389 3262 apud
418 3188 682 3248 Anienem
706 3191 1035 3262 depugnavit
1065 3188 1514 3260 provocatusfex
1542 3192 1659 3260 ejus

106 3262 262 3328 spoliis
300 3264 399 3318 sibi
433 3272 490 3319 et
530 3272 778 3332 torquem
809 3274 862 3317 et
891 3276 1192 3328 cognomen
1222 3262 1414 3326 induit,
1448 3263 1524 3318 ait
1564 3263 1657 3317 Ci-

108 3345 208 3404 tero
231 3335 316 3389 lib.
344 3351 380 3390 ll
410 3335 481 3390 de
527 3335 777 3389 Finibus.
830 3333 1064 3388 llistoria
1123 3343 1207 3389 est
1260 3334 1402 3404 apud
1444 3335 1650 3388 Livium

108 3401 180 3457 lib.
209 3421 293 3468 vlt,
324 3418 374 3462 et
403 3407 722 3474 Eutropium
754 3420 811 3459 ll.
837 3404 1247 3473 Elegantissime
1269 3401 1387 3459 eam
1426 3405 1654 3472 Quadri-

105 3475 253 3546 garius
280 3477 365 3532 lib.
392 3493 407 3530 ι
433 3478 722 3532 Annalium
743 3474 1052 3542 descripsit,
1082 3478 1172 3546 qui
1204 3476 1359 3532 locus
1387 3488 1472 3532 est
1506 3475 1651 3546 apud

107 3544 299 3602 Gellium
330 3549 418 3602 lib.
446 3564 529 3610 rx.
561 3563 685 3615 cap.
720 3548 770 3601 l.
802 3547 968 3602 ΡΑωι.

162 3617 207 3670 5.
240 3618 294 3672 Τ.
327 3620 596 3685 Quinetius
619 3619 862 3671 dictator.
895 3617 1084 3672 Livius
1135 3618 1322 3674 Gallos
1380 3634 1489 3673 non
1548 3617 1654 3675 hoc

109 3699 224 3759 anno
250 3706 276 3743 a
307 3693 558 3759 Quinctio
583 3690 872 3755 dictatore,
894 3704 1079 3759 verum
1103 3691 1348 3758 sequenti
1373 3708 1398 3741 a
1433 3691 1498 3756 Q.
1525 3689 1651 3744 Ser-

108 3757 210 3812 vilio
235 3757 396 3816 Ahala
422 3764 712 3826 dictatore,
741 3775 870 3831 cum
893 3757 1193 3826 Quinctius
1211 3762 1470 3831 magister
1499 3762 1651 3829 equi-

106 3835 194 3882 tum
215 3842 367 3901 esset,
403 3848 579 3888 czesos
627 3833 722 3886 ait.
772 3830 877 3887 Sed
927 3833 1154 3886 Urnsius
1208 3830 1344 3886 alios
1399 3841 1652 3887 auctores

106 3912 286 3957 secutus
306 3913 403 3968 est,
427 3908 568 3958 sicut
597 3911 652 3956 et
675 3904 952 3971 Appianus
982 3902 1033 3954 in
1062 3903 1286 3965 Celtica,
1314 3903 1406 3958 ubi
1439 3904 1648 3966 scribit,

106 3975 181 4049 ficti
208 3978 339 4049 τρίτη
367 3976 417 4033 δέ
449 3977 659 4049 Κελτιῶγ
682 3976 906 4049 ᾳτρατία
933 3975 1238 4049 ἐμϐέϐληκεν
1266 3978 1336 4036 εἰς
1371 3980 1477 4049 λτήν
1524 3985 1650 4049 Ἰτᾳ·

105 4040 210 4122 )-ιᾲν.
235 4027 290 4104 ἦν
315 4053 398 4102 καὶ
423 4051 583 4107 αὐτὴν
609 4046 656 4101 oi
689 4027 929 4117 ⁸Ρέομαῑοι
955 4027 1312 4122 διεφοάρπὲασιν
1353 4046 1440 4122 ηὗρ’
1451 4047 1654 4118 ἡγεμόνι

107 4114 212 4185 Τίτῳ
234 4127 452 4192 nomini,
506 4121 544 4192 ἱ.
605 4133 682 4182 e.,
734 4114 898 4192 Atque
945 4114 1099 4192 etiam
1133 4114 1324 4192 tertius
1379 4114 1652 4192 Gallorum

107 4190 320 4244 tmercitus
346 4188 634 4245 in'Italiam
663 4189 818 4253 venit,
845 4203 993 4256 quem
1016 4188 1240 4242 Romani
1263 4205 1466 4259 quoque
1491 4188 1652 4242 (luctu

107 4266 143 4306 et
159 4261 374 4328 auspiciis
394 4262 456 4316 Τ.
491 4259 722 4326 Quinctii
752 4259 1067 4313 deleverunt.
1101 4260 1268 4314 Fann.

163 4328 207 4380 (ἱ.
233 4332 289 4382 Α.
314 4331 368 4386 (Σ.
400 4331 653 4403 Sulpitio.
679 4328 740 4385 Ο.
774 4329 1040 4403 Sulpititts
1063 4331 1278 4403 Peticus
1302 4330 1647 4403 dictatorian’.

108 4408 275 4455 cccvcv
295 4403 472 4460 Gallos
500 4400 732 4469 'vicit,ac
762 4403 829 4456 de
858 4401 920 4456 iis
944 4400 1297 4470 triumphavit
1323 4404 1479 4457 nonis
1503 4402 1650 4467 Maii,

110 4477 154 4544 Ut
173 4480 244 4544 est
268 4473 316 4526 in
347 4472 635 4544 triumphis
693 4473 980 4542 Capitolin.
1017 4473 1091 4526 De
1141 4486 1259 4528 arte
1303 4489 1408 4544 qua
1466 4472 1652 4528 Gallos

108 4537 228 4660 ;‘icit,
258 4543 427 4602 Livius
483 4537 544 4602 et
594 4537 892 4599 Frontinus
951 4544 1046 4599 lib.
1088 4559 1124 4597 ιι
1167 4537 1647 4615 Stratagematum.

142 4626 243 4660 ABR.

141 4626 243 4666 ABR.

165 4683 209 4736 '7.
234 4684 333 4740 Sub
362 4686 422 4744 C.
447 4687 670 4742 Marcio.
701 4686 764 4741 C.
793 4685 1022 4742 Marcius
1047 4684 1260 4742 ltutilus
1287 4685 1517 4741 dictator
1540 4687 1650 4754 pri-

109 4764 206 4808 mus
230 4771 257 4810 e
283 4759 432 4827 plebe
459 4759 678 4815 biennio
698 4770 817 4828 post
837 4758 1126 4827 Sulpitium
1155 4774 1278 4813 cum
1297 4757 1487 4813 Tuscis
1517 4773 1651 4813 con-

109 4834 314 4893 gressus,
351 4831 381 4884 9
412 4829 652 4885 millibus
681 4829 878 4899 captis,
910 4840 1136 4884 caeteros
1167 4838 1259 4883 aut
1289 4829 1508 4895 cecidit,
1557 4838 1650 4883 aut

110 4908 220 4974 {isto
264 4899 496 4974 llomano
543 4900 766 4974 fugavit.
821 4901 1003 4974 Livius
1053 4911 1108 4956 et
1140 4900 1462 4974 Eutropius.
1519 4899 1650 4968 Ejus

112 4969 376 5038 triumphus
398 4975 451 5028 in
471 4969 710 5040 antiquis
723 4971 1083 5029 marmoribus
1107 4973 1185 5025 sic
1201 4971 1506 5038 descriptus
1533 4983 1611 5025 est
1632 4987 1646 5025 :

111 5046 148 5087 ε·
170 5052 389 5098 ΙΑιιοιυε.
423 5060 472 5099 1...
503 5060 556 5098 F.
585 5059 636 5100 ϐ.
663 5059 716 5098 Ν.
747 5059 1001 5099 λυτιιυε.
1045 5056 1189 5098 DICT.
1240 5057 1327 5096 AN.
1387 5056 1648 5096 CCCXC‘H.

112 5117 164 5178 pe
188 5125 403 5170 TUSCEIS.
425 5131 624 5171 PBIDIB.
656 5130 778 5172 NON.
809 5131 926 5171 aut.
961 5115 1065 5171 Pro
1089 5124 1386 5178 consecuta,
1405 5113 1655 5168 Pcrizon.

110 5173 244 5234 habet
283 5186 542 5241 subsecuta
577 5196 668 5242 est.

166 5249 491 5324 8.Quantum
519 5257 784 5312 hominum
804 5273 992 5312 ca’sum
1017 5257 1106 5311 sit.
1147 5256 1222 5312 Ita
1256 5255 1378 5312 eod.
1409 5254 1655 5324 Longob.

56 5365 62 5371 .
112 5323 341 5398 etreliqui
367 5343 492 5384 mss.
535 5328 644 5385 Sed
669 5328 794 5382 edd.
834 5344 943 5398 pr.,
978 5327 1177 5394 Paris.,
1227 5327 1471 5398 Venetae,
1518 5323 1656 5381 Hitt.

113 5397 157 5470 et
180 5390 428 5468 Bolsuing.
457 5400 705 5470 adeoque
728 5390 940 5455 veteres
966 5390 1305 5454 omnesante
1333 5390 1501 5466 Fab.,
1540 5399 1654 5453 sola

113 5458 306 5582 arguat.
346 5458 589 5543 eiicepta,
615 5458 842 5540 'quanta
887 5470 1156 5525 hominum
1197 5458 1500 5526 multitudo,
1525 5484 1657 5524 etesa

136 5545 182 5583 ll.

173 5604 223 5688 9..
249 5608 542 5688 Ab_A_lbanis
568 5613 847 5688 montibus.
873 5612 966 5688 S_i_c
999 5612 1276 5688 rectolcgi
1300 5610 1351 5665 in
1377 5610 1658 5688 ΔΙίὶῃζίεὲηξ·

118 5677 250 5734 luSlis
271 5694 297 5739 e
323 5681 466 5740 Livio
495 5685 860 5754 cognoscitur.
895 5685 1139 5742 Meminit
1189 5677 1350 5756 ltitjus
1377 5680 1504 5740 belli
1553 5680 1660 5737 Po-

399 5778 674 5843 PATROL.
722 5776 963 5840 XXXI.

1687 3231 1735 3295 C

1773 2404 1953 2476 lybius
1975 2404 2066 2460 lib.
2099 2419 2158 2468 tt,
2202 2404 2364 2476 Flor.
2393 2403 2491 2458 lib.
2547 2420 2581 2476 ε,
2612 2404 2694 2458 tit.
2725 2407 2813 2462 l5.
2841 2403 3006 2476 FABR.
3037 2435 3108 2445 —
3145 2403 3374 2471 Quidam

1771 2475 1988 2532 Scilicet
2016 2491 2081 2532 ex
2107 2475 2238 2531 edd.
2275 2485 2331 2548 et
2355 2491 2490 2548 mss.
2547 2475 2732 2545 legunt
2761 2475 3110 2548 subjectisque
3138 2477 3222 2532 vel
3249 2478 3371 2531 sub-

1759 2548 2034 2617 jectosqne
2061 2563 2272 2617 campos
2296 2545 2514 2600 Albanis
2550 2549 2831 2602 montibus.

1840 2616 2052 2673 10.11.
2098 2616 2360 2672 Valerius.
2419 2618 2494 2672 De
2543 2617 2703 2686 hujus
2753 2617 3020 2686 singulari
3070 2617 3372 2674 certamine

1765 2699 1963 2759 prteter
1994 2689 2310 2753 superiores
2341 2689 2461 2758 lege
2489 2688 2766 2744 Valerium
2795 2688 2938 2744 Max.
2965 2687 3060 2741 lib.
3094 2703 3209 2755 vnt,
3241 2703 3365 2756 cap.

1770 2761 1934 2827 16,et
1960 2759 2100 2816 Gell.
2127 2760 2296 2827 libtx,
2323 2773 2446 2829 cap.
2482 2761 2568 2814 ll.
2605 2761 2700 2814 Est
2729 2776 2860 2815 vero
2909 2759 3190 2829 sciendum
3228 2761 3368 2814 hunc

1771 2832 1845 2886 M.
1875 2831 2148 2885 Valerium
2180 2831 2232 2884 in
2287 2828 2526 2899 antiquis
2579 2830 2850 2898 lapidibus
2905 2847 3009 2884 non
3060 2828 3364 2896 Corvinum,

1767 2902 2530 3028 (sledICoruumcognominari.
2581 2901 2650 2956 bl.
2697 2912 2884 2958 tamen
2915 2901 3122 2958 Manilii
3171 2916 3366 2958 versus

1806 2989 1837 3028 e
1884 2988 1967 3028 ioc
1995 2981 2163 3028 sunt:

1806 2989 1837 3030 e
1866 2981 1967 3029 hoc
1995 2981 2120 3028 sunt
2148 2990 2163 3028 ξ

1831 3129 1892 3178 Et
1915 3142 2023 3178 cum
2048 3127 2217 3178 militia
2237 3126 2448 3178 volucris
2465 3125 2701 3176 Corvinus
2720 3126 2930 3178 adeptus

1829 3192 1891 3241 Et
1912 3192 2086 3257 spolia,
2104 3197 2156 3241 ct
2177 3201 2378 3252 nomen,
2403 3190 2487 3253 qui
2510 3197 2675 3252 gestat
2697 3190 2748 3238 in
2770 3189 2902 3240 Alite
2926 3189 3184 3240 thbum.
3205 3189 3363 3243 Fann.

1756 3369 1828 3380 —
1859 3339 1964 3394 Pro
1995 3339 2246 3393 Coruinus
2272 3335 2410 3392 Coll.
2443 3336 2684 3392 Gronov.
2720 3338 2910 3393 scribit
2943 3336 3158 3394 Corvus.

1828 3410 1958 3465 Car.
2001 3409 2112 3465 Vll.
2138 3440 2208 3450 —
2237 3409 2288 3462 l.
2334 3407 2481 3462 Inter
2505 3410 2666 3462 mala.
2699 3409 2866 3464 Editt.
2897 3411 3142 3480 quatdam
3170 3411 3315 3469 Vell.
3339 3455 3355 3482 ,

1756 3483 1890 3537 inter
1928 3490 2115 3536 ceetera
2145 3482 2289 3535 mala
2311 3525 2323 3547 ,
2349 3489 2538 3534 contra
2563 3493 2694 3534 mss.

1825 3553 1880 3606 2.
1917 3553 2090 3606 letum
2127 3553 2318 3624 foedus.
2362 3550 2534 3621 Lugd.
2569 3551 2688 3604 Btt.
2736 3567 2820 3621 pr.
2850 3561 2904 3608 et
2944 3553 3188 3611 Perizon.
3213 3597 3229 3623 ,
3280 3557 3360 3610 in-

1754 3625 1883 3678 itum
1915 3626 2102 3694 fwdus.

1825 3697 1880 3750 5.
1917 3692 1986 3749 Ut
2011 3696 2148 3749 exin.
2185 3693 2322 3747 Edd.
2354 3709 2436 3763 pr.
2463 3703 2518 3763 et
2546 3692 2718 3763 Paris.
2740 3737 2753 3758 ,
2786 3701 2841 3744 ut
2862 3693 3070 3748 exhinc.

1824 3767 1879 3820 4.
1907 3767 2055 3819 Anno
2080 3766 2332 3835 siquidem
2359 3762 2423 3817 ab
2454 3762 2521 3835 υ.
2558 3763 2617 3816 C.
2645 3762 2779 3835 Cu_m
2812 3763 3350 3835 Carthaginiensibus

1755 3837 1972 3905 legatis,
2022 3831 2244 3889 auclore
2272 3834 2424 3888 Livio
2454 3833 2577 3905 libr.
2609 3848 2681 3886 vlt
2711 3831 2900 3885 Romae
2945 3831 3118 3889 laetius
3147 3839 3309 3890 ictum
3337 3881 3353 3904 ,

1757 3903 2216 3976 etintamicitiam
2265 3918 2327 3958 ac
2357 3903 2689 3976 societatem
2716 3913 2992 3976 _peteutes
3038 3903 3352 3976 venissent,

1756 3977 1828 4031 Μ.
1859 3975 2076 4031 Valerio
2104 3975 2320 4045 Corvo,
2354 3974 2422 4028 Μ.
2461 3973 2668 4045 Popilio
2716 3973 2934 4045 Laenate
2979 3990 3032 4026 tv
3073 3989 3214 4029 coss.
3257 3973 3350 4045 qui

1755 4061 1928 4102 annus
1985 4047 2037 4100 in
2079 4045 2255 4099 Fastis
2278 4043 2596 4112 Capitolinis
2629 4053 2710 4096 est
2743 4044 2810 4096 ab
2841 4043 2904 4097 U.
2935 4060 2984 4094 e.
3031 4061 3150 4098 cnv.
3185 4043 3349 4102 Faue.

1827 4121 1879 4174 5.
1919 4117 2082 4184 Quem
2109 4117 2417 4186 ingressum.
2455 4113 2546 4168 Sic
2577 4122 2726 4167 recte
2754 4114 2990 4167 restituit
3015 4114 3299 4170 Fabricius
3329 4159 3346 4180 ,

1755 4199 1882 4245 ante
1905 4204 2063 4257 quem
2093 4185 2384 4257 edebatur,
2424 4186 2573 4257 nullo
2591 4197 2750 4238 sensu
2770 4228 2783 4249 ,
2808 4200 2958 4257 quant
2989 4201 3051 4239 ea:
3090 4188 3348 4257 ingressu.

1754 4255 1980 4332 August.
2027 4258 2125 4332 ed.
2147 4256 2258 4332 sola
2315 4256 2569 4332 servabat
2601 4270 2784 4332 veram
2824 4255 3120 4332 lectionem
3138 4255 3174 4332 ,ί
3190 4268 3254 4332 ut
3295 4271 3352 4314 et

1757 4324 2072 4387 Vincentius
2098 4328 2497 4382 Bellovaccnsis
2545 4326 2600 4381 in
2652 4324 2886 4396 Speculo
2918 4325 3200 4383 llistoriali
3248 4332 3343 4386 lib.

1754 4419 1829 4460 tv.
1861 4419 1981 4460 can.
2012 4402 2102 4457 95.

1811 4419 2237 4529 ’ϋῗθθίιιΐεδὲιξαηι
2259 4485 2384 4524 nox.
2411 4468 2541 4524 llmc
2570 4467 2813 4540 prodigia
2839 4477 3031 4536 quarto
3061 4484 3204 4523 anno
3229 4481 3354 4540 post

1757 4545 1932 4602 fwdus
1952 4560 2074 4600 cum
2102 4541 2639 4612 Carthaginiensibus
2667 4539 2836 4594 ictum
2859 4541 3135 4612 evenisse,
3167 4539 3350 4597 Livius

1681 4629 1734 4689 1)
1759 4625 1964 4689 narrat.
2019 4615 2290 4670 Diaconus
2335 4612 2453 4667 haec
2483 4611 2746 4681 Eutropio
2775 4627 2842 4667 ex
2894 4611 3088 4667 Orosio
3117 4613 3345 4669 addidit.

1758 4688 2128 4825 FA‘iziLQttibus
2171 4755 2350 4808 diebus
2389 4755 2545 4808 etiam
2574 4753 2869 4825 Alexander
2911 4751 3154 4825 Magnus.
3207 4756 3353 4812 Infra

1756 4846 1878 4899 cap.
1929 4824 1998 4885 1’6
2027 4828 2248 4885 Orosius
2278 4827 2466 4899 scribit
2511 4824 2877 4880 Alexandrum
2929 4824 3348 4899 patriPhilippo

1755 4895 2090 4958 successisse
2111 4913 2252 4954 anno
2283 4898 2350 4951 ab
2371 4895 2436 4952 U.
2471 4910 2520 4948 c.
2547 4910 2831 4960 ccccxxvt;
2853 4910 3018 4961 quare
3041 4897 3086 4950 si
3114 4895 3353 4954 Alexan-

1757 4977 1856 5029 der
1885 4982 2042 5027 ttatus
2064 4985 2234 5025 annos
2255 4968 2349 5034 ευ,
2372 4976 2433 5022 ut
2461 4967 2780 5022 Plutarchus
2827 4975 2881 5020 et
2909 4965 3170 5020 Arrianus
3215 4973 3352 5023 scri-

1759 5044 1928 5109 bunt,
1988 5056 2211 5113 regnum
2277 5037 2947 5113 Macedonite_su_scepit,
3005 5048 3156 5092 certe
3205 5041 3352 5113 circa

1765 5107 1922 5171 idem
1965 5107 2208 5183 tempus,
2276 5124 2385 5180 quo
2444 5107 2689 5179 prodigia
2743 5107 2834 5162 illa
2891 5116 3220 5178 evenerunt,
3267 5111 3358 5168 hic

1767 5195 1927 5244 natus
1957 5182 2088 5239 fuit.
2111 5182 2276 5236 Faun.

1839 5259 1893 5312 8.
1926 5253 2223 5310 Alexander
2251 5249 2496 5321 Magnus.
2523 5249 2580 5304 In
2610 5248 2731 5321 cod.
2758 5246 3026 5321 Longob.,
3060 5251 3360 5310 Alexander

1765 5343 1997 5400 magnus
2022 5340 2170 5400 uere,
2195 5318 2363 5400 _etc._,'
2387 5329 2446 5375 ut
2473 5330 2526 5374 et
2650 5318 2898 5374 Perizon.
2929 5329 2982 5374 et
3029 5321 3167 5400 Coll.
3221 5325 3363 5381 cro-

1767 5389 1893 5472 nov,
1919 5417 1935 5464 ;
1966 5389 2262 5472 Alexander
2284 5391 2534 5472 M_agnu_s,
2561 5389 2654 5472 ille
2699 5407 2917 5472 gurges,
2945 5401 3078 5472 ett_:.,
3108 5394 3356 5472 Vincent.

1767 5462 1975 5525 Bellov.
2010 5465 2163 5536 Apud
2187 5463 2440 5518 eumdem
2471 5462 2680 5536 legitur
2705 5462 2838 5536 ibid.
2858 5505 2873 5528 ,
2917 5465 3045 5536 veris
3069 5476 3258 5519 terram
3282 5469 3360 5520 la.

1763 5541 1984 5614 pidibus
2019 5533 2301 5614 verberavit
2328 5536 2401 5590 '25
2445 5533 2888 5614 diebushqnibus
2935 5533 3150 5600 diebus,
3195 5547 3301 5614 e_tc_.
3334 5553 3351 5601 ;

1765 5604 1884 5677 quae
1913 5611 1987 5671 25
2031 5609 2242 5680 diebus,
2275 5623 2342 5666 ex
2369 5604 2550 5683 quibus
2585 5604 2764 5663 diebus
2810 5615 2966 5671 nata,
3006 5606 3238 5680 expungi
3265 5606 3362 5667 de-

1765 5683 1913 5741 bent.
3113 5741 3116 5746 _

2932 5771 3012 5838 '26
