3938 6324
518 237 618 295 811

1928 229 2137 287 PAULI
2176 226 2400 286 OROSII

3687 227 3779 286 819.

517 362 747 419 magnus
771 361 899 402 vere
927 345 1017 402 ille
1055 356 1252 415 gurges
1282 341 1666 406 miseriarum,
1697 347 1860 410 atque
1888 340 2116 394 atrocis-
2143 338 2197 402 Α
2221 337 2356 394 duit.
2406 337 2578 393 Porro
2621 344 2827 407 autem,
2877 335 3133 394 inchoato
3183 337 3349 395 semel
3403 338 3545 396 bello
3579 339 3779 414 Punico,

519 445 691 498 simus
719 441 876 496 turbo
908 439 1073 494 totius
1102 435 1340 492 Orientis
1381 445 1468 490 est
1497 444 1676 490 natus.
1708 435 1728 466 '
1761 433 1916 488 Tunc
1955 433 2118 488 etiam

520 537 702 592 Ochus
724 576 737 599 ,
768 535 856 604 qui
888 542 942 587 et
974 531 1128 603 162
1151 529 1492 584 Artaxerxes
1516 569 1529 592 ,
1563 535 1687 597 post
1713 534 2040 581 transactum
2064 523 2118 579 in

519 631 759 700 Aigypto
801 626 1094 681 maximum
1127 623 1560 692 diuturnumque
1587 621 1820 682 bellum,
1855 618 2122 688 plurimos

521 723 836 779 Judaeorum
866 721 918 774 in
965 717 1500 788 transmigrationem
1533 715 1672 786 egit,
1706 723 1869 783 atque
1899 714 1951 766 in
1984 712 2124 783 llyr-

520 815 676 872 cania
720 813 787 868 ad
837 810 1094 882 Caspium
1151 825 1302 866 mare
1350 809 1597 864 habitare
1629 807 1934 877 praecepit:
1986 820 2122 874 quos

522 909 599 966 ibi
636 921 806 978 usque
850 905 902 960 in
935 905 1256 959 hodiernum
1305 903 1450 958 diem
1501 899 1851 970 amplissimis
1907 895 2123 968 generis

521 1001 607 1055 sui
633 997 984 1054 incrementis
1011 997 1339 1060 consistere,
1367 1004 1530 1064 atque
1571 991 1774 1047 exinde
1801 990 2123 1061 quandoque

523 1093 567 1134 ι⁰
591 1100 916 1163 erupturos,
967 1089 1154 1159 opinio
1195 1099 1298 1144 est.
1337 1085 1504 1156 Cujus
1530 1087 1692 1141 etiam
1746 1083 1872 1139 belli
1918 1092 2124 1152 tempe-

519 1195 663 1240 state
697 1190 738 1221 ιι
775 1194 1187 1246 transcurrens,
1239 1191 1294 1236 et
1339 1179 1597 1236 Sidonem
1659 1175 2122 1249 opulentissimam

523 1278 800 1333 Pluenicis
833 1277 1127 1346 provincia:
1171 1274 1358 1330 urbem
1411 1273 1641 1339 delevit,
1693 1280 1749 1327 et
1797 1270 2122 1343 )Egyptum,

526 1378 572 1407 η
594 1368 840 1441 quamvis
869 1369 1016 1438 prius
1042 1367 1249 1432 vietus,
1279 1374 1404 1420 tunc
1426 1374 1602 1420 tamen
1631 1362 1946 1430 subactam,
1977 1378 2126 1418 com-

523 1463 896 1529 minutamque
923 1460 1100 1527 ferro,
1132 1457 1422 1512 Persarum
1456 1453 1688 1525 subjecit
1719 1453 1968 1524 imperio.

1123 1594 1354 1651 CAPUT
1391 1592 1530 1650 VIII.

524 1714 756 1769 Breviter
785 1709 1171 1781 comprehendit
1194 1707 1515 1781 scqu_ent_iun_t
1537 1705 1786 1781 beilorum
1812 1720 1844 1758 a
1873 1703 2124 1781 Romanis

682 1775 942 1856 gestorum
964 1780 1140 1836 clades
1172 1775 1269 1835 :et’
1287 1778 1353 1832 de
1377 1775 1504 1832 Jani
1533 1778 1698 1848 portis
1726 1777 1940 1832 clausis.

594 1923 713 1979 Jam
743 1921 870 1976 hinc
928 1918 1107 1974 statim
1147 1931 1174 1970 a
1222 1915 1481 1970 Romanis
1510 1913 1797 1970 adversum
1820 1911 2121 1979 Samnitas,

524 2026 742 2089 gentem
792 2013 985 2084 opibus
1035 2011 1313 2081 armisque
1360 2008 1630 2075 validam,
1685 2004 2128 2078 proCampanis

523 2120 581 2166 et
629 2108 887 2166 Sidicinis
956 2105 1093 2160 bella
1164 2111 1412 2173 suscepta
1485 2110 1632 2157 sunt.
1694 2104 1710 2132 ⁸
1767 2100 2122 2156 Samniticum

518 2203 723 2258 bellant
812 2199 1034 2268 ancipiti
1103 2205 1247 2251 Statu
1313 2203 1526 2266 gestum
1574 2235 1589 2261 ,
1663 2193 1950 2264 Pyrrhus.
2040 2191 2125 2247 vel

517 2293 787 2349 maximus
835 2289 1066 2344 Romani
1113 2286 1351 2343 nominis
1410 2286 1614 2352 hostis,
1659 2285 1895 2356 excepit.
1931 2283 2123 2357 Pyrrhi

518 2388 720 2444 bellum
796 2399 924 2440 mox
974 2382 1234 2438 Punicum
1285 2390 1635 2435 consecutum
1677 2388 1760 2434 est
1793 2396 1804 2432 :
1838 2387 1894 2434 et
1923 2393 2117 2449 quam-

516 2481 601 2535 vis
627 2482 647 2510 ²
674 2491 966 2546 numquam
993 2482 1113 2545 post
1141 2482 1370 2528 mortem
1402 2472 1588 2526 Numae
1619 2487 1647 2525 a
1703 2471 1966 2527 bellorum
2014 2471 2120 2527 cla-

525 2574 686 2629 dibus
722 2572 878 2644 163
907 2571 1072 2626 fuisse
1109 2577 1404 2634 cessatum,
1437 2567 1457 2598 ³
1485 2577 1733 2638 patentes
1760 2583 1974 2637 semper
1997 2566 2115 2623 hui

515 2679 689 2739 porta:
740 2666 1009 2730 indicent,
1067 2677 1134 2718 ex
1177 2677 1244 2717 eo
1295 2670 1509 2728 tamen,
1569 2660 1739 2717 veluti
1797 2675 1893 2730 per
1954 2661 2118 2715 meri-

515 2765 694 2831 diem,
732 2769 844 2816 toto
872 2759 1172 2830 impressus
1217 2755 1358 2813 ctelo
1407 2755 1672 2810 malorum
1720 2752 1900 2810 fervor
1929 2755 2116 2809 incan-

2221 444 2399 489 utrum
2431 431 2727 509 aliquando
2758 431 2924 502 bella,
2957 430 3154 499 caedes,
3189 432 3366 488 ruina:
3394 441 3555 504 atque
3575 432 3596 464 ⁸
3622 438 3782 492 omnia

2224 524 2568 580 infandarum
2601 522 2857 578 mortium
2895 538 3118 594 genera,
3151 523 3173 554 "
3203 525 3302 579 nisi
3331 523 3545 582 Caesare
3571 527 3784 598 Augusto

2225 619 2524 686 imperante
2564 615 2930 681 cessaverint,
2976 616 3234 687 inquirat,
3275 617 3538 684 inveniat,
3591 621 3779 688 prodat,

2224 709 2465 779 quisquis
2495 708 2798 763 infamanda
2816 719 3057 778 tempora
3076 707 3379 763 Christiana
3397 719 3559 779 putat.
3592 710 3782 782 Absque

2223 801 2316 856 illo
2358 813 2558 866 tamen,
2594 801 2615 833 ⁸
2645 802 2786 856 inter
2832 801 2970 856 bella
3015 801 3215 858 Punica
3246 803 3408 858 unius
3453 807 3599 866 anni,
3630 805 3779 861 veluti

2225 895 2340 948 avis
2373 893 2806 964 praetervolantis
2835 909 3093 961 excursu,
3141 894 3369 950 Romani
3420 904 3629 966 propter
3653 899 3783 953 clau-

2226 1000 2315 1040 sas
2346 984 2461 1039 lini
2495 995 2695 1055 portas,
2730 985 2870 1040 inter
2913 985 3091 1041 febres
3121 987 3447 1057 morbosque
3479 987 3778 1058 rciptthlicze,

2228 1080 2247 1110 ⁷
2276 1079 2342 1133 ad
2373 1080 2474 1134 hoc
2524 1079 2847 1135 brevissimo
2898 1080 3045 1150 p=cis
3100 1081 3276 1150 signo,
3311 1081 3458 1136 velut
3504 1082 3788 1138 tenuissimo

2226 1187 2380 1240 aqua:
2409 1171 2595 1242 gelida:
2627 1172 2844 1236 haustu,
2889 1173 3053 1227 illecti
3091 1183 3236 1238 sunt,
3291 1184 3368 1240 ut,
3408 1175 3458 1229 in
3490 1177 3634 1245 pejus
3663 1192 3790 1230 reca-

2228 1267 2512 1334 lcscenles,
2550 1268 2716 1322 multo
2746 1267 2970 1337 gravius
2999 1268 3490 1338 vehementiusth
3518 1271 3553 1337 "
3591 1270 3789 1324 alilicla-

2227 1369 2436 1415 rentur.
2488 1361 2558 1414 At
2606 1373 2762 1424 vero,
2807 1359 2828 1391 ’
2876 1359 2922 1415 si
2971 1358 3431 1416 indubitatissime
3461 1370 3678 1423 consut,
3707 1365 3790 1416 sub

2227 1454 2468 1522 Augusto
2513 1453 2743 1522 primum
2784 1453 3022 1521 Ctesare,
3065 1464 3186 1523 post
3217 1453 3264 1486 "
3296 1453 3602 1510 Parthicnm
3629 1471 3788 1526 pacem

2227 1545 2600 1600 universarum
2635 1554 2902 1600 terrarum
2932 1544 3144 1614 orbem,
3195 1545 3390 1616 positis
3429 1547 3613 1614 armis,
3639 1547 3785 1601 aboli-

2227 1637 2403 1708 tisque
2435 1637 2747 1704 discordiis,
2779 1638 3020 1708 generali
3051 1652 3183 1708 pace
3213 1647 3268 1694 et
3295 1653 3437 1694 nova
3465 1639 3638 1710 quiete
3665 1655 3788 1696 com-

2156 1750 2199 1810 Β
2230 1733 2487 1804 positum,
2521 1731 2777 1787 Romanis
2827 1733 3072 1802 paruisse
3123 1732 3358 1804 legibus,
3415 1733 3645 1789 Romana
3686 1735 3786 1802 jura

2232 1840 2392 1895 quam
2445 1825 2660 1894 propria
2714 1839 2866 1879 arma
2919 1823 3200 1892 maluisse,
3251 1825 3556 1896 spretisque
3599 1827 3790 1882 ducibus

2233 1919 2366 1982 suis,
2397 1915 2609 1987 judices
2641 1916 2873 1988 elegisse
2912 1918 3187 1973 Romanos
3217 1934 3232 1974 :
3280 1929 3549 1989 postremo
3578 1921 3789 1974 omnibus

2231 2009 2503 2080 gentibus,
2545 2011 2585 2042 ιι
2637 2008 2848 2062 cunctis
2897 2008 3218 2079 provinciis,
3254 2012 3555 2066 innumeris
3593 2012 3788 2066 civitati-

2233 2105 2361 2170 bus,
2395 2101 2619 2158 infinitis
2652 2101 2884 2172 populis,
2907 2102 3035 2157 totis
3066 2104 3246 2171 terris,
3279 2119 3441 2158 uuam
3474 2103 3632 2159 fuisse
3660 2105 3789 2158 "voc

2232 2196 2519 2265 luntatem,
2546 2195 2717 2252 libero
2756 2197 3096 2267 honestoque
3139 2199 3324 2254 studio
3371 2197 3525 2272 164
3565 2199 3786 2255 inservire

2231 2290 2370 2359 paci,
2399 2301 2560 2360 atque
2591 2291 2642 2345 in
2667 2305 2955 2346 commune
2997 2291 3331 2349 consulere:
3378 2294 3518 2364 quod
3565 2292 3697 2363 prius
3731 2307 3784 2346 ne

2229 2397 2337 2437 una
2385 2382 2602 2452 quidem
2651 2383 2867 2450 civitas,
2921 2399 3130 2439 unusve
3185 2385 3420 2456 p0pulus
3463 2385 3668 2452 civium,
3695 2387 3780 2456 vel,

2225 2476 2370 2548 quod
2401 2477 2574 2547 majus
2607 2487 2710 2544 est,
2741 2493 2845 2532 una
2879 2476 3073 2532 domus
3100 2476 3360 2545 fratrum,
3395 2479 3586 2550 jugiter
3614 2481 3779 2534 habere

2227 2571 2535 2641 potuisset:
2569 2569 2710 2640 quod
2758 2570 2804 2625 si
2856 2571 3043 2638 etiam,
3096 2587 3216 2626 cum
3261 2575 3561 2642 imperante
3595 2575 3776 2628 Czcsare

2225 2663 2326 2718 ista
2360 2661 2734 2732 provenerint,
2763 2661 2815 2716 in
2845 2661 2963 2731 ipso
2997 2661 3040 2692 "
3071 2663 3307 2732 imperio
3333 2662 3555 2719 Caesaris
3579 2665 3778 2718 illuxisse

2225 2764 2401 2809 ortum
2433 2755 2486 2809 in
2515 2754 2617 2810 hoc
2655 2753 2857 2810 munde
2887 2754 3101 2810 Domini
3135 2759 3309 2812 nostri
3340 2758 3468 2812 Jesu
3505 2756 3703 2824 Clu-isti,
3729 2755 3778 2811 li-

1810 2864 1950 2921 llAV'
1963 2863 2266 2922 ERCAMPI
2303 2865 2534 2923 NOTAE.

584 2971 640 3022 9.
676 2967 820 3020 Tunc
849 2965 1006 3019 etiam
1031 2962 1226 3030 Ochus,
1252 2961 1338 3033 qui
1361 2970 1408 3015 et
1430 2961 1761 3033 Artaxerxes.
1788 2961 2117 3014 Artaxerxes

516 3041 543 3096 ὀ
575 3039 850 3096 ἐπικληθεὶς
878 3035 1088 3107 Ὦχος,
1123 3031 1354 3107 Eusebio
1397 3043 1481 3107 est
1525 3047 1596 3107 xu
1638 3031 1926 3085 Persarum
1949 3046 2065 3107 “rex
2099 3071 2113 3092 ,

520 3111 588 3163 ad
642 3111 793 3177 cujus
823 3101 1024 3162 annum
1058 3106 1090 3160 6
1143 3106 1257 3158 lucc
1301 3103 1874 3177 ascripta__leguntur:
1939 3101 2115 3177 Ochus

520 3172 819 3252 AporlaSmo
856 3177 1162 3232 Jmlteorum
1192 3185 1377 3252 capta,
1424 3176 1478 3228 in
1524 3173 1853 3252 llgjt'caniant
1905 3172 2114 3227 accolas

519 3243 806 3303 translatos
829 3253 988 3319 juxta
1014 3263 1156 3301 mare
1181 3243 1428 3319 Casinum
1454 3247 1745 3300 collocavit.
1771 3243 1939 3319 ΕΔΜ.

591 3325 676 3392 lt).
716 3316 1028 3392 Erupzuros.
1070 3317 1239 3392 Lugd.
1272 3319 1386 3371 Bat.
1419 3327 1652 3392 _qt_tart.,
1694 3325 1895 3392 ereptos
1925 3316 2111 3392 iterum

515 3394 570 3445 in
598 3391 787 3445 Judwa
826 3377 1004 3460 'opinio
1047 3377 1300 3460 est.vPr9
1345 3377 1530 3441 exinde
1555 3387 1734 3460 codex
1765 3377 2010 3456 Longoh.
2061 3396 2114 3441 ct
2143 3377 2187 3440 C

519 3463 694 3532 Lugd.
731 3458 1006 3515 llat.'tert.
1037 3475 1158 3514 cum
1178 3459 1321 3532 Coll.
1346 3461 1628 3532 GronovL.
1652 3458 1792 3532 exin.

593 3528 677 3587 1⁷1.
722 3532 1106 3586 Trunscurrens
1158 3538 1205 3583 et
1257 3529 1525 3583 Sidonem.
1581 3528 1864 3582 Defecerat
1919 3542 1948 3582 ιι
1990 3543 2117 3598 rege

517 3603 808 3658 Persarum
834 3601 1108 3670 Tripolis,
1141 3599 1510 3669 praesidioque
1559 3613 1592 3670 a
1628 3597 1941 3670 Nertanebo
1987 3597 2116 3670 rege

518 3674 900 3744 IEgyptiornm
925 3681 1208 3744 acceperat
1231 3671 1330 3725 tria
1355 3671 1518 3744 millia
1536 3669 1883 3744 Rhodiorum.
1910 3669 2114 3737 Ochus,

518 3741 644 3800 cuiu
672 3741 947 3816 Babylone
970 3745 1021 3798 in
1050 3741 1626 3816 :Egyptummaximis
1658 3743 1838 3816 _copiis
1863 3755 2116 3816 _cnnten-

519 3817 703 3882 deret,
737 3811 1025 3872 thnicas
1050 3811 1280 3883 primum
1305 3811 1550 3877 adortus,
1581 3813 1835 3866 Sidonem
1860 3813 2117 3867 Mentoris

518 3889 711 3953 llcguli
743 3886 1051 3958 proditione
1070 3889 1124 3958 in
1157 3891 1658 3958 suampotestatem
1692 3884 1928 3958 redegit,
1955 3896 2116 3954 atque

516 3955 886 4014 evertitfllmc
919 3957 1166 4026 pluribus
1195 3955 1462 4009 Diodorus
1491 3956 1614 4008 libr.
1649 3969 1764 4018 xw,
1799 3955 2116 4010 Gemistlius

518 4030 709 4084 Pletlio
741 4030 835 4084 lib.
864 4045 922 4082 ιι.
949 4028 1113 4082 FABR.
1136 4055 1206 4067 ——
1232 4027 1434 4082 Sidona
1466 4027 1674 4082 malunt
1713 4027 1838 4082 edd.
1897 4027 2114 4083 Veneta:

519 4115 641 4156 cum
675 4102 814 4156 Coll.
836 4100 1076 4156 Gronov.

592 4173 684 4227 ιιι.
739 4173 981 4238 Quamvis
1011 4172 1156 4242 prius
1189 4171 1368 4225 uictus.
1423 4168 1709 4242 Impressi,
1753 4170 1958 4224 victam.
2006 4171 2112 4225 Sed

519 4244 640 4312 quis
667 4243 946 4298 historiam
974 4241 1120 4297 nevit
1140 4285 1153 4306 ,
1183 4252 1238 4296 et
1265 4257 1371 4296 non
1394 4241 1539 4296 videt
1571 4251 1746 4296 utrum
1770 4243 1840 4296 sit
1871 4241 2066 4296 melius
2092 4243 2114 4296 ?

519 4315 692 4369 Laur.
721 4344 791 4356 -—
815 4313 950 4369 Cum
997 4314 1186 4368 Lautio
1213 4313 1375 4368 victus
1406 4325 1703 4382 agnoscunt
1753 4328 1883 4366 mss.
1939 4313 2108 4381 Lugd.

523 4385 666 4439 Bait.
700 4403 780 4454 pr.
803 4432 815 4453 ,
845 4395 969 4440 tcrt.
1003 4395 1057 4439 et
1084 4385 1220 4439 Coll.
1253 4383 1492 4438 Gronov.
1531 4383 1711 4454 Victos
1747 4400 1774 4436 a
1803 4383 2113 4439 Nectanebo

523 4455 742 4526 IEgypti
769 4472 922 4526 rege,
967 4457 1130 4511 fuisse
1171 4455 1365 4508 Persas
1389 4493 1404 4520 ,
1433 4454 1526 4508 sed
1557 4453 1868 4526 Graecorum
1914 4455 2113 4526 ducunt

520 4525 684 4597 Opera
714 4525 874 4582 docet
907 4527 1128 4597 Diodor.
1158 4526 1252 4579 lib.
1281 4540 1374 4589 xv,
1421 4541 1476 4597 [ι.Δ
1507 4525 1612 4580 559
1643 4535 1831 4597 CLXVI,
1861 4541 1916 4595 p.
1943 4525 2070 4580 415.

592 4601 720 4653 (Iac.
760 4599 981 4654 Vlll.-—
1009 4598 1059 4651 1.
1095 4596 1439 4651 Samniticum
1460 4594 1671 4650 bellum.
1708 4596 1783 4651 De
1811 4594 2111 4652 Szirnnitico

519 4671 664 4724 bello
686 4671 825 4725 infra
859 4671 962 4724 hoc
984 4669 1076 4724 lib.
1099 4676 1328 4738 agetur:
1375 4666 1445 4721 de
1475 4666 1768 4723 Tarentino
1800 4683 1854 4725 et
1903 4669 2110 4724 Punico

520 4740 800 4812 deinceps.
837 4739 1000 4795 FABR.

589 4815 643 4865 2.
678 4808 984 4884 Numquam
1009 4819 1124 4884 post
1168 4818 1379 4884 mortem
1431 4808 1856 4884 Nunue._Numa
1911 4810 2105 4884 Janum

518 4883 586 4938 ad
610 4881 852 4938 intimum
895 4881 1192 4954 Argiletum
1217 4881 1445 4954 indicem
1478 4883 1624 4950 pacis
1650 4881 1888 4952 bellique
1935 4881 2107 4939 fecit:

516 4964 769 5021 apertus,
815 4963 876 5010 ut
929 4952 992 5008 in'
1019 4953 1184 5009 armis
1234 4952 1540 5018 civitatem,
1593 4954 1841 5019 clausus,
1891 4962 2110 5022 pacatos

515 5029 664 5081 circa
706 5041 897 5082 omnes
965 5025 1215 5096 populos:
1244 5023 1594 5096 signiﬁcaret.
1642 5023 1813 5078 Numa
1847 5037 2110 5095 regnante

517 5097 685 5153 Janus
717 5099 788 5153 45
843 5094 1416 5152 aunoseontinentcr
1457 5095 1674 5150 clausus
1722 5097 1864 5162 fuit;
1917 5094 2110 5152 Livius

515 5169 615 5225 lib.
644 5185 658 5224 ι
683 5210 697 5232 ,
731 5169 1006 5224 Plutarch.
1039 5168 1093 5223 in
1123 5168 1314 5222 Numa.
1350 5166 1515 5221 Fara.

586 5241 639 5292 5.
684 5239 924 5295 Patentes
951 5255 1152 5307 semper
1193 5236 1320 5292 Jam’
1375 5246 1559 5306 poi-tte.
1601 5237 1694 5294 Sic
1734 5251 1866 5294 mss.
1912 5253 2108 5295 onmes

513 5317 680 5378 atque
701 5311 836 5364 editi
865 5320 988 5366 ante
1015 5310 1341 5367 Fabricium.
1380 5309 1532 5364 Unde
1559 5309 1764 5375 nescio,
1799 5309 1926 5378 quid
1954 5310 2103 5365 illum

511 5378 980 5455 impuleritedere
1009 5382 1162 5455 semel
1181 5390 1412 5455 patentes
1438 5379 1565 5436 lani
1602 5392 1784 5455 portae.
1809 5381 1991 5455 Semel
2023 5383 2104 5455 vi-

510 5448 714 5525 delicet
738 5449 840 5525 sub
869 5448 1281 5525 Numafuerunt
1308 5451 1528 5519 clausae,
1556 5448 1653 5508 sed
1680 5452 1806 5525 dein
1830 5452 1995 5525 (quod
2021 5453 2110 5509 hic

507 5516 844 5643 ξὲῖριέυνιίιι
897 5518 1146 5592 Orosius)
1195 5537 1433 5594 semper,
1478 5516 1650 5596 usque
1698 5524 1766 5580 ad
1809 5516 2103 5596 Augustum

607 5605 636 5640 ll
679 5605 702 5641 r
745 5605 775 5642 η
809 5628 821 5641 ο

525 5601 821 5642 iatuerunt.

505 5601 821 5656 patuerunt.

557 5663 637 5736 ,4.
701 5657 911 5714 Omnia.
953 5656 1043 5739 Sic
1067 5673 1254 5739 .mss.;
1303 5665 1428 5720 edd.
1472 5664 1717 5735 qua’dam
1770 5674 1930 5739 νειμ,
1992 5681 2105 5723 om.

510 5727 779 5797 niumque,
803 5743 922 5797 qua:
953 5737 1010 5783 et
1034 5727 1302 5798 aliquanto
1332 5745 1451 5805 post
1474 5727 1817 5794 cessaverant.

2293 2959 2345 3036 5‘.
2385 2958 2506 3015 Nisi
2552 2958 2756 3016 Ctesare
2804 2962 3387 3036 Augustoimperante.
3441 2964 3559 3020 Post
3609 2963 3772 3019 bellum

2220 3031 2525 3157 quctiatium,
2560 3047 2693 3103 pace
2725 3031 3169 3106 terra'marique
3204 3047 3358 3106 parta
3411 3037 3529 3092 libr.
3571 3051 3634 3102 ιι,
3675 3051 3770 3106 cap.

2220 3115 2249 3156 ι
2295 3143 2308 3157 .
2432 3120 2551 3157 anu.

2218 3115 2308 3157 ‘22.
2387 3115 2551 3158 P'ABR.

2289 3175 2344 3229 6.
2388 3172 2534 3228 Inter
2562 3175 2695 3230 bella
2727 3173 2931 3229 Punica
2981 3177 3134 3232 unius
3163 3179 3315 3232 anni.
3362 3179 3456 3234 llic
3495 3193 3649 3234 annus
3692 3175 3769 3230 fuit

2218 3245 2285 3299 'l‘.
2317 3247 2520 3300 Manlio
2566 3247 2860 3316 Torquato,
2909 3247 2973 3303 C.
3007 3250 3170 3305 Atilio
3203 3250 3378 3307 Bulbo
3407 3265 3541 3307 coss.
3583 3249 3664 3304 inf.
3693 3250 3766 3302 lib.

2219 3331 2291 3374 tv.
2322 3331 2374 3371 c.
2403 3317 2492 3371 12.
2573 3317 2738 3376 Fasti.

2290 3388 2356 3464 7._
2387 3389 2610 3464 Adthoc.
2655 3389 2729 3443 lta
2765 3391 3106 3464 Διξεξςιιίῑιιὶιιιιιε
3143 3408 3210 3446 ex
3262 3395 3389 3448 cod.
3418 3393 3637 3464 Longob.
3666 3406 3768 3445 con-

2220 3460 2579 3532 sentientibus
2605 3475 2735 3516 mss.
2763 3460 2880 3516 Meo
2905 3473 2959 3517 et
2991 3463 3235 3519 Perizon.
3277 3475 3333 3518 ut
3359 3476 3409 3520 et
3439 3460 3764 3532 edf/tugustq

2220 3529 2275 3606 in
2295 3532 2936 3606 vulgatisinepteadhuc
2967 3535 3181 3603 legitur.
3216 3537 3301 3590 Ad
3341 3537 3439 3590 hoc
3470 3529 3764 3606 inquit'Oro-

2219 3603 2352 3678 sius,
2389 3603 2549 3656 illecti
2577 3613 2706 3658 sunt
2736 3605 3083 3674 brevissimo,
3116 3616 3252 3677 etc.,
3289 3619 3348 3664 ut
3389 3608 3441 3662 in
3484 3603 3620 3678 pejus
3647 3619 3765 3660 reca-

2221 3673 2507 3735 lescentes,
2537 3685 2645 3730 etc.

2289 3745 2343 3800 8.
2411 3746 2825 3816 Afﬂictarentnr.
2901 3747 3053 3804 Meus
3110 3755 3166 3803 et
3217 3749 3495 3816 Perizon.,
3543 3749 3763 3818 conﬂictu.

2220 3826 2419 3870 rentur.
3105 3835 3110 3840 “

2289 3889 2453 3962 1).δί
2478 3890 2935 3962 indubitatissime.
2977 3889 3114 3946 Illud
3143 3892 3188 3945 si
3210 3892 3408 3948 tollunt
3436 3906 3556 3947 mss.
3582 3889 3757 3962 quidam

2219 3967 2274 4035 c_t
2292 3959 2447 4035 editi,
2480 3961 2649 4016 invito
2679 3973 2920 4035 auctore,
2956 3963 3130 4035 cujus
3159 3974 3282 4032 post
3324 3965 3527 4035 longam
3550 3959 3757 4035 sa'tispe—

2219 4027 2439 4085 riodum'
2466 4035 2627 4088 verba
2667 4033 2776 4095 illa.
2810 4027 2950 4099 quod
2979 4027 3035 4088 si
3065 4027 3351 4088 etiamnum
3389 4027 3644 4104 imperante
3667 4031 3753 4083 Ca-

2216 4116 2355 4168 sare,
2397 4115 2530 4171 etc.,
2561 4105 2874 4171 ostendunt,
2931 4106 3124 4161 abesse
3177 4105 3322 4161 idem
3380 4107 3476 4162 lioe
3527 4106 3632 4160 loco
3671 4113 3754 4157 non

2219 4187 2412 4242 posse:

2289 4245 2378 4300 10.
2424 4244 2724 4322 Parthicam
2754 4263 2952 4322 pacem.
3000 4247 3149 4304 Bene
3191 4267 3204 4304 :
3233 4258 3292 4304 et
3320 4244 3752 4322 contrajvulgatarn

2217 4328 2440 4382 partam,
2473 4317 2767 4374 Suetonius
2809 4319 2990 4374 liabet.
3025 4322 3199 4375 Laur.
3232 4351 3304 4362 ——
3346 4320 3622 4374 Parthicam
3648 4317 3753 4367 scri-

2216 4388 2350 4462 bunt
2394 4390 2757 4462 insupertres
2800 4389 3118 4462 Florentini,
3161 4403 3392 4462 quatuor
3435 4389 3588 4459 Lugd.
3620 4387 3750 4444 llatt..

2213 4457 2354 4512 Coll.
2398 4461 2590 4526 Gron.,
2630 4460 2792 4524 Ultr.,
2839 4461 3010 4530 Meus,
3046 4457 3297 4518 Periion.
3343 4457 3752 4532 adeoqueomlles

2216 4545 2347 4584 mss.
2381 4545 2502 4585 cum
2535 4533 2661 4587 edd.
2690 4535 2900 4599 primis,
2931 4544 2988 4588 ut
3038 4535 3204 4589 mirer
3250 4530 3513 4599 Fabricio,
3558 4530 3747 4591 ΙΙὶιιοτΡ·

2212 4609 2268 4677 et
2309 4603 2563 4677 Bolsuing
2591 4615 2797 4677 partam
2850 4606 3141 4673 placuisse.
3203 4605 3334 4673 Qua:
3384 4611 3653 4675 sequuntur
3698 4609 3749 4648 ex

2213 4669 2416 4727 Lucani
2449 4669 2753 4731 imitatione
2776 4669 2989 4742 ltaitSta,
3015 4677 3116 4731 lib.
3143 4693 3191 4744 ι,
3215 4669 3292 4732 ΒΟ
3327 4699 3341 4734 :

2275 4833 2412 4899 Tune
2437 4848 2596 4897 genus
2619 4835 2881 4886 humanum
2912 4837 3082 4899 positis
3105 4836 3200 4886 sibi
3223 4833 3439 4887 consulat
3462 4833 3610 4899 armis,

2277 4889 2611 4960 lnque‘viet-rn
2639 4913 2766 4960 gens
2789 4889 2948 4948 omnis
2969 4905 3101 4948 amet
3127 4913 3138 4945 :
3162 4912 3276 4960 pax,
3301 4900 3442 4948 missa
3465 4908 3548 4960 per
3567 4889 3734 4943 Orbem.

2277 4959 2463 5010 Ferrea
2488 4960 2718 5024 belligeri
2742 4967 3022 5025 compescat
3046 4959 3213 5011 limina
3235 4962 3360 5011 Janl.

2286 5095 2375 5150 11.
2398 5097 2603 5152 Cunctis
2632 5097 2931 5167 provinciis.
2959 5097 3193 5168 Vulgati,
3215 5099 3514 5167 cunctisque,
3543 5091 3624 5148 sed
3647 5100 3750 5168 cgn-

2207 5167 2542 5236 junctionem
2578 5158 2721 5239 illam
2756 5184 2860 5223 non
2889 5158 3190 5239 agnoscunt
3224 5186 3352 5224 mss.
3391 5158 3640 5224 meliores.
3666 5158 3750 5211 Pro

2209 5241 2492 5294 innumeris
2522 5239 2656 5294 Coll.
2687 5238 2942 5295 Gronov;
2981 5243 3034 5294 in
3057 5243 3319 5295 universis.

2286 5310 2374 5365 12.
2428 5309 2780 5366 Voluntatem.
2823 5311 2956 5366 Cod.
3001 5310 3272 5381 Longob.,
3312 5311 3632 5381 rolitptatent._
3661 5298 3748 5379 Ali-

2207 5392 2412 5452 quanto
2444 5390 2574 5453 post
2613 5398 2705 5435 nec
2728 5399 2832 5436 una
2866 5396 2961 5453 pro
2990 5399 3054 5438 ne
3085 5374 3190 5437 una
3220 5382 3308 5440 ed.
3338 5374 3497 5452 Aug,
3525 5375 3601 5431 ubi
3620 5374 3746 5443 iP'l'“

2209 5451 2355 5509 delet
2387 5453 2510 5507 cod.
2557 5451 2808 5508 Perizon.

2284 5525 2370 5578 15.
2414 5522 2914 5596 Ιιιψσὶοίϐαεεανὶε.
2953 5524 3294 5596 Subjungunt
3325 5523 3430 5579 nati
3456 5534 3578 5596 mss,
3604 5508 3738 5596 Lugd.

2209 5595 2328 5650 Bat.
2354 5587 2609 5664 quatuor,
2639 5595 2772 5664 Ultr.
2802 5595 3009 5650 ctColl.
3040 5587 3276 5651 Gronov.
3308 5609 3426 5650 cum
3449 5591 3530 5648 ed.
3554 5587 3738 5664 Augur!-

2211 5675 2271 5720 ut
2303 5659 2569 5720 referatur
2594 5659 2659 5720 ad
2693 5663 2900 5720 Domini
2929 5668 3094 5722 nostri
3121 5667 3248 5724 Jesu
3294 5664 3500 5732 Christi,
3526 5659 3649 5729 quod
3677 5666 3739 5706 sc-

2209 5735 2415 5808 quitur,
2441 5751 2551 5809 quo
2576 5750 2684 5795 non
2713 5752 2851 5809 Opus
2879 5746 2984 5795 est.
