3938 6300
470 406 576 467 819

1877 386 2085 447 PAULI
2123 384 2352 444 OROSll

3685 383 3805 441 820

474 537 577 596 pus
619 521 877 578 transiret
927 516 981 573 in
1018 514 1306 580 Grzeciam,
1357 509 1637 583 angustias
1670 503 2062 576 Thermopyla-
2089 507 2145 568 Α
2237 499 2281 530 ’⁷
2314 496 2445 554 Dein
2485 511 2632 565 cum,
2661 496 2876 555 excidio
2919 502 3193 553 sociorum
3231 507 3287 554 et
3320 497 3634 570 parricidio
3665 498 3787 553 fra-

469 632 588 672 rum
622 614 735 686 pari
786 613 996 670 ratione
1037 611 1178 665 sicut
1207 605 1626 664 adventantibus
1667 614 1824 658 antea
1859 599 2062 664 Persis,

473 721 831 778 occupavere.
857 703 1022 776 Igitur
1051 702 1336 773 Philippus
1360 700 1447 755 ubi
1481 698 1761 754 exclusum
1799 711 1857 750 sc
1885 693 1952 747 ab
1978 695 2064 748 in-

473 816 666 873 gressu
697 799 947 864 Graecim,
980 797 1318 869 prtestructis
1358 791 1741 864 Thermopylis
1767 789 1938 853 videt,
1969 801 2066 856 pa-

475 901 654 950 ratum
681 893 735 946 in
766 889 952 947 hostes
977 889 1205 955 bellum,
1249 887 1418 945 vertit
1443 887 1496 941 in
1523 885 1702 940 socios
1737 900 1748 936 :
1779 896 1902 936 nam
1931 879 2068 934 civi-

470 993 637 1056 tates,
663 1000 894 1056 quarum
912 982 1086 1059 paulo
1108 992 1236 1038 ante
1260 981 1370 1037 dux
1392 980 1567 1036 fuerat
1593 978 1658 1032 ad
1683 972 2065 1047 gratulandum

473 1099 539 1139 ac
567 1081 979 1155 suscipiendum
1004 1085 1275 1151 patentes,
1306 1074 1581 1131 h05tiliter
1611 1071 1843 1140 invadit,
1868 1067 2065 1124 crude-

474 1176 601 1232 liter
630 1176 818 1247 diripit
848 1192 862 1230 :
893 1174 1151 1245 omnique
1173 1168 1450 1227 societatis
1479 1165 1810 1222 conscientia
1847 1162 2064 1232 penitus

472 1267 698 1335 abolita,
743 1266 1010 1338 coniuges
1053 1265 1364 1334 liberosque
1415 1259 1656 1316 omnium
1705 1256 1807 1311 sub
1861 1267 2063 1310 corona

473 1359 738 1428 vendidit,
774 1359 971 1430 templa
1005 1370 1222 1428 quoque
1253 1354 1501 1409 universa
1534 1349 1826 1411 subvertit,
1860 1343 2063 1416 spolia-

471 1452 681 1524 vitque,
711 1466 814 1508 nec
851 1460 1028 1505 tamen
1060 1461 1313 1520 umquam
1351 1460 1448 1517 per
1477 1443 1665 1514 viginti
1699 1440 1936 1512 quinque
1967 1453 2067 1492 an-

479 1560 582 1601 nos
611 1549 656 1586 “
685 1543 842 1616 quasi
885 1542 1039 1598 iratis
1067 1541 1172 1598 diis
1202 1539 1382 1596 victus
1409 1547 1516 1594 est.
1545 1535 1675 1590 Post
1701 1533 1817 1589 hmc
1842 1533 1894 1588 in
1925 1531 2066 1602 Cap-

471 1636 756 1708 padociam
789 1634 1030 1701 transiit,
1075 1631 1258 1705 ibique
1294 1630 1496 1687 bellant
1540 1627 1656 1699 pari
1688 1625 1911 1699 perﬁdia
1939 1639 2064 1696 ges-

473 1731 568 1797 sit,
600 1737 789 1801 captos
830 1744 928 1800 per
955 1726 1140 1783 dolum
1169 1725 1427 1780 ﬁnitimos
1456 1737 1614 1794 reges
1648 1717 1939 1786 interfecit,
1978 1726 2065 1773 to-

475 1833 693 1892 tamque
710 1817 1169 1892 "Cappadociam
1193 1817 1424 1888 imperio
1443 1813 1772 1870 Macedonia:
1796 1807 2059 1865 subdidit.

473 1913 607 1970 Inde
631 1921 754 1983 post
781 1911 989 1981 caedes,
1033 1908 1284 1965 incendia
1319 1905 1864 1979 deprmdationesque
1890 1901 1943 1956 in
1975 1915 2064 1955 so-

475 2007 578 2062 ciis
611 2004 837 2062 urbibus
863 2011 1067 2075 gestas,
1110 1999 1401 2074 parricidia
1443 1997 1496 2052 in
1530 1997 1726 2052 fratres
1766 1991 2064 2059 convertit,

478 2111 620 2171 quos
665 2096 803 2167 patri
844 2092 891 2127 "’
929 2110 994 2152 ex
1046 2107 1277 2150 noverca
1323 2093 1534 2164 genitos
1583 2105 1702 2146 cum
1753 2087 2068 2143 cohaeredes

477 2190 634 2263 regni
657 2198 957 2255 vereretur,
982 2189 1137 2262 172
1170 2186 1477 2242 interﬁcere
1498 2197 1782 2255 aggressus
1808 2187 1911 2237 est.
1931 2180 2065 2235 Cum

476 2293 656 2340 autem
698 2298 864 2338 unum
893 2298 957 2338 ex
999 2283 1080 2338 his
1125 2279 1440 2344 occidisset,
1469 2277 1512 2310 ”
1542 2278 1651 2332 duo
1679 2275 1733 2329 in
1768 2273 2066 2345 Olynthum

479 2375 524 2411 ’⁸
555 2373 916 2444 confugerunt
949 2390 962 2428 :
993 2387 1154 2444 quam
1188 2387 1311 2425 mox
1353 2367 1636 2438 Philippus
1664 2364 1937 2420 homiliter
1966 2378 2065 2435 ag-

475 2481 718 2537 gressus,
769 2465 960 2522 urbem
1007 2463 1444 2534 antiquissimam
1492 2468 1546 2516 et
1597 2457 2066 2526 florentissimam,

479 2558 722 2616 caedibus
765 2573 830 2616 ac
872 2557 1138 2630 sanguine
1169 2556 1456 2627 repletam,
1485 2552 1681 2624 apibus
1727 2549 2069 2607 hominibus-

475 2667 582 2723 que
610 2652 876 2719 vacuavit,
921 2653 1228 2708 abstractos
1265 2649 1429 2706 etiam
1459 2646 1660 2704 fratres
1709 2645 1985 2717 supplicio
2014 2654 2072 2702 et

474 2748 594 2805 neci
617 2747 788 2805 dedit.

2178 610 2320 656 trum
2364 602 2562 670 elatus,
2612 602 2780 658 licere
2824 603 2924 658 sibi
2966 603 3170 672 omnia,
3223 619 3344 675 quze
3390 603 3798 675 cogitavisset,

2177 715 2410 776 putaret,
2439 707 2484 736 ³⁸
2513 706 2730 760 auraria
2759 705 2875 760 loca
2905 705 2957 760 in
2981 705 3289 772 Thessalia,
3313 707 3525 777 argenti
3555 706 3803 763 metalla

2173 808 2228 863 in
2266 806 2492 862 Thracia
2524 807 2721 862 invasit
2751 824 2764 861 :
2791 822 2853 862 ac
2884 821 2949 861 ne
2990 807 3136 878 quod
3171 807 3258 877 jus
3302 808 3390 864 vel
3419 809 3500 864 fas
3532 809 3797 863 inviola-

2170 919 2279 965 tum
2335 909 2796 979 praetermitteret,
2857 917 3236 980 prteoccupato
3286 911 3424 965 mari
3477 921 3536 966 et
3597 911 3798 966 classe

2172 1009 2440 1080 dispersa,
2484 1010 2527 1050 ι’
2578 1009 2858 1080 piraticam
2905 1024 3122 1081 quoque
3175 1024 3445 1066 exercere
3511 1010 3796 1066 instituit.

2171 1112 2442 1167 Praeterea
2487 1127 2610 1167 cum
2640 1127 2762 1168 eum
2796 1112 2842 1144 ⁸⁸
2874 1111 3071 1167 fratres
3110 1111 3242 1177 duo,
3287 1111 3539 1167 Thracia
3585 1127 3788 1182 reges,

2177 1212 2245 1268 de
2267 1213 2415 1283 regni
2449 1213 2694 1268 terminis
2713 1212 3086 1283 ambigentes,
3112 1211 3348 1291 judicent
3395 1227 3464 1268 ex
3497 1225 3796 1268 consensu

2168 1316 2645 1388 praeoptavissent,
2671 1315 2952 1385 Philippus
2979 1329 3130 1370 more
3169 1311 3373 1385 ingenii
3411 1313 3498 1368 sui
3533 1313 3607 1368 ad
3635 1313 3794 1383 judi-

2169 1420 2313 1476 cium
2344 1428 2620 1491 tamquam
2669 1420 2737 1474 ab
2780 1417 3004 1488 bellum,
3042 1431 3164 1472 cum
3212 1415 3483 1472 instructo
3514 1416 3802 1472 exercitu

2172 1524 2472 1595 ingressus,
2516 1523 2716 1579 inscios
2758 1523 2988 1594 juvenes
3037 1521 3147 1577 vita
3199 1537 3481 1594 regnoque
3516 1522 3797 1593 privavit.

2174 1627 2538 1683 Athenienses
2557 1641 2706 1692 vero,
2727 1625 2817 1698 qui
2837 1627 2981 1696 prius
3005 1625 3237 1696 Philippi
3256 1625 3569 1697 ingressum
3596 1626 3788 1681 Ther-

2175 1731 2512 1805 mopylarum
2544 1732 2843 1787 munitione
2879 1732 3210 1801 rcpulerant,
3243 1731 3391 1786 ultro
3421 1746 3624 1802 pacem
3660 1732 3787 1802 ejus

2170 1844 2517 1906 expetentes,
2536 1831 3094 1890 fraudulentissimum
3113 1832 3327 1889 hostem
3345 1833 3413 1889 de
3428 1835 3701 1904 neglecta
3717 1837 3793 1890 in-

2093 1907 2141 1970 Β
2175 1938 2370 1994 troilus
2396 1937 2645 1993 custodia
2674 1945 3150 1993 commonuerunt.
3183 1935 3410 1992 Caetera:
3441 1937 3615 1992 etiam
3636 1937 3799 1994 Grae-

2179 2042 2280 2098 cia:
2311 2040 2581 2107 civitates,
2621 2049 2679 2094 ut
2709 2038 2964 2094 intentius
3003 2037 3255 2094 civilibus
3282 2037 3442 2094 bellis
3481 2049 3783 2108 vacarent,

2174 2141 2276 2198 sub
2311 2141 2492 2211 specie
2531 2139 2679 2210 pacis
2705 2147 2760 2194 et
2799 2137 3045 2204 foederis,
3080 2148 3275 2208 sponte
3310 2153 3370 2194 se
3399 2147 3659 2196 externa:
3686 2141 3789 2194 do-

2173 2239 2453 2294 minationi
2475 2239 2858 2309 subjeeerunt:
2901 2237 3156 2303 maxime,
3187 2251 3309 2293 cum
3341 2237 3598 2294 Thessali
3633 2239 3796 2297 Bceo-

2177 2339 2322 2409 tiquc
2355 2345 2638 2406 poscerent
2677 2335 3010 2407 Philippum,
3053 2343 3112 2390 ut
3159 2335 3464 2406 professum
3496 2353 3562 2394 se
3594 2339 3797 2413 adver-

2171 2453 2290 2494 sum
2327 2437 2483 2512 173
2508 2438 2816 2494 Phocenses
2859 2437 3050 2492 ducem
3081 2438 3386 2504 exhiberet,
3435 2450 3794 2510 susceptum-

2173 2556 2280 2613 que
2310 2541 2352 2573 ³¹
2377 2541 2576 2596 bellum
2617 2547 2829 2610 gereret
2859 2555 2872 2592 :
2906 2547 3094 2593 contra
3129 2537 3466 2606 Phocenses,
3511 2540 3785 2596 adhibitis

2176 2658 2361 2700 secum
2393 2642 2820 2700 Atheniensibus
2851 2650 2908 2696 et
2936 2639 3401 2710 Lacedaemoniis,
3432 2642 3525 2698 vel
3578 2643 3790 2699 diﬂerri

2177 2744 2405 2811 bellum,
2435 2743 2518 2800 vel
2548 2742 2774 2811 auferri,
2805 2751 2860 2799 et
2885 2741 3060 2813 pretio
3080 2749 3135 2798 et
3165 2742 3420 2814 precibus
3440 2743 3786 2803 laborarent.

1761 2858 2211 2916 HAVERCAMPI
2247 2861 2482 2918 ΝΟΤᾹΞ.

478 2973 1108 3047 superatoOnomarcho
1137 2975 1204 3030 ad
1238 2972 1636 3047 Thermopylas
1674 2972 2061 3047 contendebat,

480 3043 691 3102 ut'cum
722 3046 1096 3103 Phocensibus
1125 3047 1326 3103 bellum
1360 3046 1427 3100 in
1456 3043 1644 3101 eorum
1672 3043 1874 3100 ﬁnibus
1908 3059 2064 3114 gere-

483 3127 594 3183 ret;
628 3117 723 3172 sed
750 3118 1114 3174 Atheuienses
1137 3119 1363 3173 navibus
1384 3116 1734 3173 circumvecti
1764 3131 1888 3172 eum
1912 3126 2063 3171 tran-

480 3188 589 3244 sltu
628 3189 1039 3259 prohibuerunt,
1080 3189 1373 3254 Diodorus,
1422 3196 1477 3244 et
1520 3187 1777 3243 Libanius
1819 3187 1872 3242 in
1896 3202 2067 3259 argu-

484 3256 670 3337 mento
694 3261 955 3337 orationis
979 3260 1360 3337 Demosthenis
1383 3263 1622 3337 «spira;
1649 3256 2064 3337 ripvivnq._F.t_an.

552 3329 644 3384 22.
692 3330 852 3396 Quasi
878 3331 1024 3384 iratis
1059 3332 1157 3384 diis
1185 3333 1341 3385 victus
1370 3327 1465 3386 est:
1501 3331 1646 3384 lnl'ra
1674 3327 1796 3400 c'ap.
1827 3331 1890 3384 14
1917 3348 1928 3381 :
1953 3327 2067 3383 Nec

485 3401 550 3454 ab
574 3401 725 3455 iratis
765 3400 889 3464 diis,
913 3418 1041 3472 quos
1073 3416 1272 3467 semper
1304 3401 1718 3471 parvipenderat,
1749 3417 2068 3472 quorumque

486 3487 632 3538 aras,
681 3475 875 3544 templa,
905 3470 951 3526 et
984 3472 1279 3544 simulacra
1307 3470 1658 3544 subverterat,
1699 3472 1821 3542 quin
1859 3470 2070 3524 lectissi-

487 3560 650 3609 mam,
681 3555 737 3597 ut
777 3543 879 3614 ipsi
907 3543 1198 3607 videbatur,
1246 3552 1456 3596 mortem
1484 3543 1869 3614 adipisceretur.
1905 3544 2069 3614 potuit

492 3615 754 3687 impediri.
800 3613 1049 3687 Postilla
1087 3613 1258 3687 rictus
1301 3624 1374 3668 est
1423 3615 1474 3687 in
1507 3613 1595 3687 ed.
1626 3613 1920 3687 Augustan.
1960 3623 2070 3668 tota

489 3683 580 3740 illa
627 3683 878 3757 pcricope
933 3685 1211 3757 ipseritur,
1259 3702 1379 3757 qum
1430 3685 1627 3754 legitur
1670 3699 1832 3755 supra
1867 3685 1960 3739 lib.
2007 3701 2068 3751 tt,

489 3771 610 3826 cap.
636 3758 691 3824 3,
711 3757 779 3812 ab
794 3755 922 3825 illis,
944 3755 1128 3826 Itaque
1140 3756 1249 3810 Ita'c
1266 3755 1326 3810 ob
1349 3757 1734 3828 Itocprmcijitte,
1765 3772 2072 3828 commemog

491 3829 658 3882 randa
698 3828 920 3889 credidi,
953 3843 1125 3896 usque
1163 3828 1228 3882 ad
1272 3828 1356 3883 hic
1397 3826 1770 3883 etV'Cltristiani
1800 3829 1943 3898 [uere
1983 3826 2071 3894 qui

491 3908 780 3972 parcerent,
813 3907 864 3954 et
884 3898 1187 3972 Christiani;
1212 3900 1397 3972 quibus
1413 3909 1713 3972 parcerent.

559 3973 652 4026 23.
693 3967 1099 4040 Cappadociam.
1146 3967 1364 4025 Falsum
1411 3967 1513 4024 hoc
1562 3980 1675 4034 est,
1726 3983 1904 4040 neque
1949 3985 2069 4023 um-

492 4057 651 4111 quam
692 4039 866 4112 usque
897 4043 949 4097 in
991 4039 1387 4112 Cappadociam
1419 4043 1562 4096 Asia:
1604 4039 1904 4112 penetravit
1945 4040 2074 4095 Phi-

491 4114 691 4182 lippus,
745 4111 915 4184 q’uare
961 4124 1015 4168 et
1059 4111 1148 4166 hic
1191 4123 1246 4169 et
1293 4113 1433 4180 apud
1475 4113 1745 4168 Justinum
1801 4111 1895 4166 lib.
1930 4128 2068 4184 ivtll,

494 4200 615 4254 cap.
643 4186 695 4250 5,
724 4195 780 4238 ιιι
804 4185 1055 4238 viderunt
1085 4183 1284 4239 ibidetn
1320 4185 1666 4254 interpretes,
1698 4185 1882 4252 reponi
1912 4183 2074 4237 debet

500 4254 818 4325 Chalcidem,
861 4257 942 4310 vel
979 4255 1352 4310 Chalcidicam.
1391 4255 1807 4324 Expeditionem
1837 4255 1979 4309 enim
2020 4254 2072 4308 in

493 4325 854 4382 Chalcidicam
867 4327 1152 4381 Thraciam
1169 4327 1251 4381 his
1271 4327 1601 4396 temporibus
1615 4325 1846 4394 sumpsit
1867 4325 2071 4392 Philip-

494 4413 615 4462 pus,
645 4408 806 4467 atque
855 4399 1011 4453 urbes
1039 4398 1259 4453 Grtecas
1305 4400 1448 4453 circa
1472 4398 1646 4452 sinmn
1677 4397 1993 4467 Singiticum
2021 4401 2078 4449 et

492 4466 864 4539 Strymonium
897 4470 1028 4523 sitas
1059 4468 1204 4539 bello
1241 4468 1476 4524 vexavit.
1529 4469 1726 4522 Confer
1774 4466 2072 4522 Diodorum

495 4538 732 4595 Siculum
767 4541 865 4594 lib.
901 4555 1012 4606 xvr,
1047 4556 1098 4609 p.
1129 4538 1256 4595 450.
1292 4541 1579 4608 Aliquanto
1607 4551 1734 4609 post.
1767 4540 1890 4591 cdd.
1923 4552 2074 4608 quae-

397 4659 402 4664 .
494 4611 616 4665 dam
669 4610 869 4666 habent
897 4611 950 4663 in
988 4610 1155 4664 socias
1195 4610 1342 4665 urbes
1369 4626 1464 4679 pro
1510 4611 1562 4663 in
1591 4611 1742 4663 sociis
1775 4609 2000 4664 urbibus.

565 4682 657 4738 24.
715 4682 796 4736 Ea:
847 4697 1065 4736 noverca
1116 4682 1332 4752 genitos.
1391 4683 1720 4750 Susceperat
1776 4685 2069 4752 Amyntas,

2237 2974 2331 3030 26.
2376 2973 2442 3030 In
2477 2973 2785 3046 Olynthum.
2825 2973 3027 3046 Contra
3043 2980 3270 3046 veteres
3298 2971 3427 3046 edd.
3479 2989 3622 3031 mss.
3656 2989 3781 3031 om-

2170 3061 2289 3108 nes,
2310 3046 2524 3112 abiecto
2549 3043 2631 3110 in,
2665 3045 2946 3100 Fabricius
2971 3043 3138 3100 edidit
3173 3043 3482 3116 Olynthum.

2239 3117 2330 3172 27.
2375 3116 2508 3172 Dein
2552 3133 2692 3172 cum.
2737 3116 2828 3173 Sic
2871 3131 3003 3171 mss.
3045 3115 3302 3172 meliores
3349 3127 3404 3173 et
3450 3116 3579 3172 cod.
3632 3115 3775 3172 Lon-

2171 3189 2296 3259 gob.
2326 3205 2340 3252 ;
2373 3190 2486 3252 alii,
2515 3187 2635 3242 dein
2665 3188 2888 3251 excidio,
2913 3197 3020 3259 etc.

2241 3259 2332 3314 28.
2389 3260 2614 3314 Auraria
2662 3259 2777 3313 loca
2822 3260 2876 3312 in
2922 3256 3210 3312 Thessalia.
3253 3256 3532 3313 Barbarus
3580 3260 3780 3328 aliquis

2171 3330 2475 3400 addiderat,
2520 3338 2721 3386 statuas
2755 3331 3014 3384 idolorum
3043 3339 3132 3384 :et
3174 3330 3290 3384 loca
3323 3344 3342 3382 :
3379 3344 3412 3385 a
3450 3331 3640 3401 glossa
3670 3338 3772 3386 cst.

2095 3384 2140 3448 C
2174 3384 2340 3458 me

2247 3475 2337 3530 29.
2382 3472 2668 3527 Piraticam
2713 3489 2913 3542 quoque
2952 3487 3211 3526 exercere.
3247 3470 3453 3526 Praeter
3493 3471 3773 3529 Justinum

2175 3545 2272 3599 lib.
2305 3561 2376 3608 tv,
2399 3561 2518 3612 cap.
2537 3545 2765 3609 5,docct
2793 3558 2892 3598 nos
2923 3543 3318 3597 Demosthenes
3344 3551 3485 3597 orat.
3523 3545 3697 3611 prima
3722 3545 3770 3597 in

2178 3616 2485 3685 Philippum
2517 3632 2568 3682 p.
2618 3616 2686 3670 i8
2718 3624 2776 3669 et
2820 3615 3056 3669 secunda
3103 3631 3157 3682 p.
3189 3613 3282 3676 29,
3316 3623 3478 3685 atque
3521 3626 3666 3669 orat.
3709 3616 3773 3669 de

2175 3684 2384 3741 Corona
2419 3703 2469 3755 p.
2498 3687 2624 3750 329,
2655 3687 2926 3755 quomodo
2950 3687 3314 3740 exscensione
3338 3684 3478 3739 facta
3503 3685 3559 3739 in
3595 3687 3765 3742 insula

2176 3758 2401 3820 Lemno,
2438 3757 2797 3812 Athenienses
2839 3757 3045 3822 aliquot
3072 3757 3221 3810 cives
3268 3755 3395 3810 inde
3437 3757 3759 3815 abduxerit.

2175 3830 2412 3884 Imbrum
2447 3829 2674 3883 insulam
2702 3842 2973 3896 occupare
3003 3836 3227 3882 conatus
3276 3827 3463 3891 fuerit,
3491 3829 3766 3898 ipsamque

2176 3916 2383 4024 εεῖιὶῖειιη
2424 3899 2836 3981 Atheniensium
2869 3902 3144 3953 triremem
3181 3912 3350 3968 prope
3393 3899 3760 3954 Marathonem

2177 3986 2241 4024 at
2288 3983 2479 4024 llKCl‘ll.

2177 3973 2479 4025 abduxerit.

2248 4043 2335 4097 5t).
2383 4041 2593 4096 Fratres
2632 4043 2767 4108 duo,
2799 4039 3038 4095 Thracia:
3064 4057 3226 4111 rcges.
3266 4041 3400 4096 Vide
3434 4057 3562 4095 num
3597 4040 3764 4096 Cerso-

2177 4113 2394 4180 bleptem
2431 4124 2479 4169 et
2509 4113 2828 4168 Amadocum
2865 4113 3121 4182 intelligat
3154 4129 3171 4166 :
3220 4112 3289 4167 de
3327 4113 3528 4181 quibus
3573 4113 3762 4167 Demo—

2182 4185 2403 4241 Slbettcs
2431 4186 2590 4260 facta:
2630 4181 3072 4260 'Aptaroxpérouc.
3123 4181 3524 4260 ςρςνδοὸιιξρεεηιΔ
3555 4183 3762 4260 quidem

2178 4267 2327 4311 certe
2367 4271 2394 4310 a
2431 4253 2693 4325 Philippo'
2721 4253 3085 4325 oppugnatum
3120 4253 3306 4322 fuisse,
3341 4255 3564 4325 quando
3601 4255 3759 4310 Athe-

2180 4327 2400 4382 nienses
2452 4324 2640 4398 pacem
2687 4342 2809 4380 cum
2853 4340 2917 4379 eo
2955 4324 3220 4398 fecerunt.
3264 4342 3328 4381 ex
3367 4324 3756 4398 Demosthene,

2179 4396 2466 4463 [Eschine,
2494 4408 2550 4453 et
2577 4398 2842 4453 Plethone
2873 4404 3104 4450 Constat.
3139 4396 3247 4450 Pax
3277 4406 3458 4451 autem
3487 4415 3608 4452 cum
3638 4397 3757 4450 Phi-

2181 4469 2328 4537 lippo
2362 4471 2430 4522 ab
2474 4469 2896 4524 Atheniensibus
2937 4469 3073 4521 facta
3105 4468 3366 4522 archonte
3397 4468 3759 4524 Themistocle

2180 4551 2387 4609 septem
2424 4557 2597 4596 annos
2641 4541 2986 4610 duravitLut
3027 4539 3092 4594 ad
3134 4542 3432 4610 Ammmnm
3477 4539 3755 4610 Dionysus

2180 4613 2387 4666 scribit.
2433 4611 2598 4666 Faan.
2627 4610 2768 4666 —Si
2797 4609 2866 4664 de
2897 4609 3049 4682 hisce
3077 4609 3507 4682 iutelligas,_nou
3536 4609 3747 4680 quidem

2181 4697 2277 4737 eos
2307 4682 2582 4739 interfecit
2611 4683 2912 4750 Philippus,
2960 4681 3053 4736 scd
3086 4690 3266 4752 partes
3300 4681 3430 4736 suas
3459 4683 3609 4752 sequi
3633 4695 3750 4735 coe-

492 4752 726 4834 Pbilippi
776 4764 950 4834 pater,
1000 4768 1066 4834 es
1113 4751 1305 4834 Gygea
1345 4763 1455 4808 tres
1499 4752 1664 4818 ﬁlios,
1716 4751 2071 4834 Archelaum,
2099 4773 2152 4834 Ι)
2180 4753 2286 4823 git;
2319 4753 2728 4834 Oersoblcptem
2755 4763 2926 4834 certe,
2960 4753 3056 4834 qui.
3081 4751 3328 4806 Thraciae
3359 4753 3426 4806 ad
3447 4751 3752 4834 _Clier50tte-

492 4822 742 4898 Argaefu'm
781 4822 839 4881 et
885 4822 1464 4898 blenelattm.__llorum
1513 4839 1678 4898 unum
1729 4823 2074 4879 interfecerat

496 4893 806 4980 Philippus,
842 4894 1185 5020 reliquiduo
1211 4893 1506 4966 Olynthum
1539 4897 1916 4962 confugerant,
1951 4910 2072 4959 quae

496 4967 625 5020 urbs
651 4983 702 5020 tn
735 4968 894 5020 initio
925 4967 963 5020 P
985 4966 1172 5020 ultnuo
1200 4965 1427 5020 faverat.
1455 4975 1616 5020 atoue
1645 4966 1714 5019 ab
1740 4967 1934 5020 eodem
1962 4965 2066 5020 Po-

494 4967 625 5024 urbs
646 4965 702 5022 ‘n‘.
735 4967 894 5022 initio
925 4965 1172 5036 Philippo
1200 4965 1427 5031 faverat,
1455 4975 1616 5035 atque
1645 4966 1714 5019 ab
1740 4967 1934 5021 eodem
1962 4965 2066 5020 Po-

492 5039 706 5124 tidaea‘m
747 5048 909 5124 atque
933 5037 1346 5124 Anthemonem
1385 5036 1554 5124 'ulrb'es
1589 5037 1733 5118 dono
1760 5045 2066 5120 accept-rat.

493 5111 600 5183 Sed
622 5108 858 5183 Olynthii
896 5109 1303 5183 videntessesc
1331 5123 1360 5164 a
1385 5108 1632 5183 Philippo
1657 5108 1910 5173 inescari,
1941 5121 2064 5183 cum

491 5180 915 5238 Atheniensibus
935 5191 1120 5236 contra
1152 5181 1303 5235 illum
1334 5180 1737 5249 eonspirarunt,
1777 5194 1953 5246 neque
1985 5180 2064 5232 fa-

490 5253 594 5307 cile
625 5224 1033 5317 victivftiissent,
1085 5253 1184 5307 nisi
1231 5268 1259 5306 a
1292 5224 1522 5306 ducibtis
1551 5252 1686 5316 suis,
1715 5224 1984 5306 Lastliene
2011 5257 2067 5306 et

490 5324 847 5396 Euthycrate,
887 5339 916 5376 a
961 5324 1209 5396 Philippo
1248 5325 1557 5396 corruptis,
1585 5321 1825 5396 fuissent
1848 5321 2067 5391 proditi.

494 5394 772 5464 Vide‘quae
799 5395 1168 5462 congessimus
1197 5394 1262 5450 ad
1278 5411 1477 5449 annum
1503 5394 1731 5463 Philippi
1761 5394 1851 5448 15.

696 5464 811 5517 Duo
835 5464 1196 5538 inAOt'guthum
1221 5467 1575 5538 confugerunt.
1606 5464 2074 5538 llanc0lynthiaci

495 5536 620 5592 belli
645 5551 862 5591 causam
893 5534 1018 5592 facit
1041 5534 1284 5592 Justinus
1308 5534 1400 5593 lib:
1428 5554 1538 5599 VIII,
1570 5537 1723 5602 cujus
1749 5534 1922 5606 neque
1943 5536 2071 5591 Dio-

492 5610 680 5675 dorus,
722 5623 899 5680 neque
947 5608 1202 5680 Libanius
1247 5611 1573 5680 mentionem
1608 5611 1768 5663 ullam
1802 5608 2068 5662 fecerunt.

491 5681 714 5736 Gestum
756 5678 935 5736 alitem
981 5689 1064 5733 est
1103 5678 1202 5732 hoc
1248 5679 1446 5735 bellum
1506 5681 1585 5741 (ιιι
1629 5696 1691 5734 εκ
1744 5680 2074 5736 Philochoro

489 5752 783 5821 Dionysius
831 5753 1271 5821 Halicarnasseus
1316 5749 1504 5818 refert)
1533 5766 1673 5804 anno
1719 5761 1841 5804 ante
1889 5753 2064 5820 olym-

490 5818 704 5892 piatlem
738 5823 857 5888 108,
894 5818 1530 5892 archonteCallimacho.
1575 5822 1731 5875 Anno
1761 5818 1958 5892 autem
1985 5823 2064 5874 in-

492 5888 775 5962 chucutc,
796 5904 1016 5950 nuetore
1032 5888 1562 5961 biodoro,0lyutltun
1582 5897 1738 5961 capta
1758 5892 1873 5949 fuit.
1890 5889 2054 5949 Fasti.

2177 4820 2298 4880 sum
2331 4820 2653 4895 imperabat,
2681 4832 2736 4880 et
2762 4824 2816 4878 in
2847 4820 3348 4895 ipsa’Chersoneso
3377 4824 3566 4879 urbem
3585 4820 3755 4895 maxi-

2177 4911 2340 4963 tnam,
2373 4893 2647 4961 (fardiam,
2693 4895 2996 4950 obtinebat.
3041 4894 3088 4948 ls
3123 4893 3542 4964 Cersobleptes,
3566 4893 3752 4964 Cotyis

2177 4967 2339 5033 ﬁlius,
2374 4966 2625 5022 Thracia:
2667 4983 2782 5031 rex,
2819 4965 3052 5034 Philippi
3085 4965 3368 5034 inopinato
3399 4965 3630 5021 adventu
3660 4978 3752 5033 op-

2179 5053 2423 5104 pressus,
2467 5049 2688 5094 coactus
2734 5035 2831 5092 fuit
2862 5035 3039 5090 fmdus
3075 5051 3195 5090 cum
3233 5037 3426 5092 eodem
3460 5036 3653 5095 facere.
3699 5043 3752 5088 et

2174 5107 2345 5162 ﬁlium
2387 5107 2517 5163 dare
2551 5109 2817 5164 obsidem.
2869 5106 2977 5162 Sed
3024 5115 3234 5177 postea,
3267 5123 3296 5162 a
3333 5108 3580 5178 Philippo
3619 5104 3749 5178 deﬁ-

2170 5181 2320 5236 ciens
2349 5192 2512 5250 atque
2549 5181 2741 5235 iterum
2770 5179 2912 5232 bello
2954 5181 3208 5234 subactus
3231 5221 3247 5247 ,
3285 5177 3544 5235 tributum
3575 5177 3745 5234 eidem

2173 5252 2410 5322 pendere
2426 5249 2665 5322 necesse
2695 5249 2903 5322 habuit.

2245 5324 2331 5379 5|.
2360 5321 2570 5393 Bellum
2586 5330 2799 5393 gereret.
2831 5319 2974 5376 Edit.
3019 5320 3342 5391 Augustam,
3392 5321 3575 5393 bellum
3603 5319 3740 5393 (ira:-

2173 5394 2265 5448 ciw
2284 5404 2496 5464 gereret.
2534 5391 2926 5464 Forsitaninon
2976 5393 3138 5448 male.
3190 5393 3324 5462 Quia
3379 5394 3531 5464 enim
3553 5391 3739 5464 bellum

2173 5461 2400 5521 Sacrum
2430 5475 2547 5520 erat
2574 5473 2758 5518 contra
2793 5463 3126 5522 Phocenses,
3161 5461 3247 5529 qui
3274 5464 3494 5520 donaria
3510 5461 3739 5532 Delphici

2176 5535 2439 5600 Apollinis
2464 5536 2848 5604 spoliaverant,
2877 5534 3064 5588 bellum
3093 5533 3312 5590 Ct'wct'a:
3342 5537 3519 5589 vocari
3555 5535 3734 5599 putuit-

2175 5607 2350 5662 Bmoti
2391 5623 2521 5661 vero
2553 5617 2662 5660 tum
2695 5607 2910 5663 demum
2941 5605 3243 5676 Philippum
3278 5609 3647 5676 imperatorem
3690 5609 3740 5676 ei

2174 5678 2362 5732 ducem
2389 5680 2507 5742 eius
2537 5679 2661 5732 belli
2689 5679 2948 5741 fecerunt,
2981 5673 3133 5740 cum,
3174 5677 3338 5731 rebus
3357 5673 3600 5732 adversis
3627 5673 3738 5727 fati-

2172 5752 2301 5817 gati,
2336 5749 2701 5803 Phocensibus
2731 5747 2820 5817 qui
2854 5763 2948 5815 pro
2974 5763 3096 5815 rege
3123 5748 3400 5814 Phalacco,
3437 5749 3570 5817 quod
3601 5745 3732 5798 male

2173 5837 2260 5876 res
2283 5830 2518 5890 gesserat
2550 5828 2659 5873 tres
2689 5818 2851 5890 duces
2880 5827 3213 5882 creaverant,
3264 5822 3356 5887 qui
3403 5820 3560 5878 rebus
3588 5829 3721 5884 pran-

2171 5888 2372 5962 esseiu,
2407 5890 2659 5950 resistere
2675 5888 2903 5961 amplius
2930 5902 3034 5946 non
3068 5900 3312 5958 possunt.
