3938 6296
117 339 205 398 8i!

1119 324 1596 388 IIISTORIARUM
1632 320 1837 381 LIBER
1872 318 1964 379 III.
2001 314 2159 375 CAP.
2202 311 2346 371 XIII.

3280 298 3389 361 822

116 451 374 524 Philippus
412 450 575 507 tacite
620 446 862 518 utrisque
898 442 1429 515 diversa‘promisit,
1459 439 1504 471 "
1534 437 1681 497 Pbo-
1709 435 1764 497 Α
1857 429 2177 506 aggreditur,
2210 434 2258 482 et
2283 423 2460 480 vincit.
2483 420 2704 478 τ’νὶῡαίιὶ
2730 421 2963 494 pra-dam
2989 418 3037 477 ei
3062 418 3315 492 eripiunt.
3409 420 3416 429 '

125 545 364 603 censibus
408 557 592 614 pacem
624 550 679 597 et
729 538 936 595 veniam
962 551 1024 593 se
1067 534 1315 591 daturum
1347 540 1690 588 sacramento

119 636 452 694 conﬁrmans.
500 632 777 688 Thessalis
809 645 943 685 vero
985 627 1293 683 adfuturum
1325 640 1384 680 se
1416 640 1537 680 mox
1565 639 1688 680 cum

118 731 341 788 exercitu
367 726 597 798 spondet
630 743 645 780 :
681 724 879 781 bellum
907 731 1087 778 tamen
1120 722 1189 776 ab
1223 719 1468 790 utrisque
1500 717 1685 788 parari

120 834 272 881 vetat.
303 821 470 895 Igitur
514 818 819 890 Philippus,
852 813 1130 872 instructis
1175 811 1367 881 coiiiis,
1417 808 1692 876 angustias

120 915 585 988 Thermopylarum
614 926 841 968 securus
889 908 1209 981 ingreditur,
1237 918 1437 974 easque
1460 916 1693 973 occupa-

122 1023 193 1069 tas
216 1010 486 1082 dispositis
527 1006 799 1079 praesidiis
826 1004 872 1036 ³⁸
901 1002 1149 1058 emuniit.
1182 998 1337 1056 Tune
1368 995 1599 1068 primum
1632 1009 1692 1051 se

119 1122 212 1160 non
232 1103 534 1159 Phocenses
560 1098 688 1164 soli,
718 1096 813 1153 sed
837 1094 1080 1151 etomnis
1099 1090 1308 1150 Griecia
1332 1098 1547 1159 captam
1570 1100 1693 1143 esse

119 1197 414 1271 persensit:
458 1192 723 1266 siquidem
784 1189 989 1263 primos
1035 1188 1347 1245 Phocenses
1387 1182 1688 1253 Philippus,

118 1299 256 1361 rupta
287 1288 394 1344 ﬁde
423 1288 740 1357 calcatoque
768 1291 1142 1348 sacramento,
1166 1276 1402 1334 infandae
1428 1276 1693 1331 dilacera-

119 1381 231 1443 tiopi
251 1378 415 1435 dedit.
442 1376 568 1433 Inde
605 1375 849 1431 omnium
889 1372 1052 1428 urbes
1088 1371 1330 1440 ﬁnesque
1360 1365 1689 1439 populatus,

118 1481 321 1528 cruenta
347 1469 640 1543 praesentia
662 1467 865 1536 effecit,
892 1473 952 1522 ut
977 1464 1141 1521 etiam
1162 1461 1362 1518 absens
1386 1460 1691 1515 timeretur.

120 1565 211 1623 Ubi
234 1580 360 1620 vero
391 1564 446 1619 in
499 1576 725 1634 regnum
761 1558 943 1623 rediit,
991 1571 1147 1613 more
1177 1561 1477 1625 pastorum,
1508 1549 1555 1581 “
1601 1547 1694 1621 qui

116 1673 289 1732 pecora
324 1672 420 1715 sua
461 1669 606 1711 nunc
649 1668 746 1729 per
784 1649 1044 1720 aestivos,
1094 1662 1239 1705 nunc
1286 1660 1386 1718 per
1436 1642 1694 1699 hibernos

120 1754 269 1809 saltus
312 1748 751 1815 circumducunt,
798 1744 1034 1818 populos
1072 1750 1129 1800 et
1160 1740 1343 1805 urbes,
1378 1746 1437 1794 ut
1477 1735 1558 1791 illi
1605 1748 1696 1790 re-

118 1845 294 1918 plenda
321 1843 411 1901 vel
441 1838 799 1914 relinquenda
829 1849 1060 1910 quaeque
1097 1833 1215 1889 loca
1244 1830 1588 1899 videbantur,
1619 1824 1685 1881 ad
1718 1835 1763 1897 Β

117 1917 371 1993 libidinem
401 1948 557 1992 suam
590 1928 861 1989 transfert.
894 1926 1200 1984 Miseranda
1250 1923 1453 1994 ubique
1482 1917 1686 1988 facies,

118 2038 162 2085 et
203 2026 599 2085 atrocissimum
654 2019 999 2080 miseriarum
1050 2030 1223 2091 genus
1270 2012 1688 2078 obversabatur,

116 2122 301 2194 perpeti
333 2118 608 2177 excidium
638 2116 758 2173 sine
789 2112 1117 2185 irruptione,
1144 2109 1263 2164 sine
1290 2105 1434 2163 bello
1463 2104 1693 2176 captivi-

120 2225 285 2287 tatem,
313 2215 431 2272 sine
473 2211 706 2270 crimine
751 2207 1027 2271 exsilium,
1055 2205 1102 2237 ³⁸
1129 2202 1248 2258 sine
1281 2200 1485 2256 victore
1513 2197 1689 2255 domi-

121 2321 303 2365 natum.
327 2306 539 2365 Premit
568 2304 797 2360 miseros
817 2304 963 2356 inter
983 2297 1301 2370 iniuriarum
1330 2294 1581 2352 stimulos
1602 2308 1698 2349 su-

120 2405 345 2475 perfusus
372 2416 570 2473 pavor,
605 2396 652 2431 ³⁸
683 2399 904 2468 ipsaque
931 2389 1367 2449 dissimulatione
1394 2387 1551 2443 dolor
1576 2401 1694 2442 cre-

122 2498 206 2552 scit
231 2514 244 2552 :
290 2493 450 2569 174
478 2494 586 2548 hoc
611 2492 775 2547 altius
798 2487 1094 2554 demissus,
1112 2499 1221 2556 quo
1248 2482 1425 2538 minus
1452 2478 1694 2552 proﬁteri

120 2589 243 2651 licet.
280 2585 627 2646 timentibus,
659 2597 727 2637 ne
756 2580 886 2649 ipsa:
912 2591 1128 2650 quoque
1159 2574 1414 2645 lacryma:
1442 2587 1540 2643 pro
1566 2586 1697 2626 cou—

123 2682 329 2737 tumacia
353 2674 890 2747 accipiantur.Alios
911 2670 1141 2742 populos
1166 2667 1384 2721 avulsos
1414 2679 1443 2719 a
1473 2662 1697 2719 sedibus

128 2774 242 2845 suis,
294 2772 499 2829 ﬁnibus
550 2768 788 2824 hostium
842 2762 1103 2836 apponit:
1147 2757 1285 2813 alios
1333 2758 1385 2811 in
1436 2755 1698 2812 extremis

124 2867 251 2938 regni
282 2865 535 2921 terminis
563 2861 779 2917 statuit:
801 2856 1067 2930 quosdam
1088 2851 1438 2910 zemulatione
1470 2848 1697 2918 virium,

122 2975 179 3021 ne
204 2962 408 3029 possint
431 2953 583 3030 quod
615 2967 775 3025 posse
817 2949 1130 3015 creduntur,
1160 2944 1203 2976 ³⁷
1234 2945 1287 3000 in
1319 2941 1699 3013 supplementa

122 3029 485 3121 exhaustaruin
518 3045 728 3102 urbium
754 3041 967 3098 dividit.
995 3040 1070 3095 lta
1091 3033 1546 3109 gloriosissimum
1569 3029 1699 3087 illud

124 3146 369 3215 quondam
400 3141 653 3200 florentis
680 3139 905 3196 Graecia:
936 3150 1136 3208 corpus
1161 3135 1214 3190 in
1246 3131 1445 3189 multas
1487 3130 1693 3187 lacera-

1864 544 1973 603 Sed
2014 543 2131 599 haec
2180 554 2302 597 cum
2358 552 2457 610 per
2504 536 2807 606 aliquantas
2855 532 3084 589 Graeciae
3135 532 3388 586 civitates

1791 637 2153 699 exercuisset,
2186 645 2242 689 et
2272 639 2451 688 tamen
2482 641 2674 684 omnes
2699 633 2845 681 metu
2872 630 3166 694 premeret,
3208 621 3387 691 conji-

1792 734 1943 789 ciens
1989 744 2056 785 ex
2090 725 2270 799 praeda
2301 736 2599 794 paucorum
2640 733 2776 788 Opes
2812 717 3089 779 omnium.
3120 713 3186 769 ad
3228 713 3390 783 perﬁ-

1791 824 2041 883 ciendam
2092 819 2357 891 zuqualem
2402 817 2457 872 in
2497 811 2769 872 universis
2818 812 3174 867 vastationem
3202 849 3217 874 ,
3271 808 3390 889 utili

1793 916 2165 974 emolumento
2193 912 2210 943 ί
2246 908 2609 966 necessariam
2635 904 2960 961 maritimam
2998 901 3191 957 urbem
3238 882 3391 956 ratus

1795 1012 2137 1085 Byzantium,
2169 1006 2403 1063 nobilem
2423 1004 2719 1067 civitatem,
2748 998 3086 1070 aptissimam
3107 996 3388 1066 judicavit,

1793 1116 1854 1162 ut
1877 1100 2280 1173 receptaculum
2304 1100 2324 1130 ³
2347 1096 2451 1154 sibi
2483 1105 2627 1151 terra
2659 1092 2907 1163 marique
2937 1089 3110 1155 ﬁeret,
3158 1103 3390 1158 eamque

1793 1197 2153 1255 obsistentem
2185 1192 2334 1249 illico
2359 1188 2647 1247 obsidione
2668 1184 2860 1241 cinxit.
2892 1182 2913 1213 ³
2938 1183 3065 1237 llaec
3086 1191 3267 1241 autem
3282 1180 3391 1253 By-

1792 1293 2030 1349 zantium
2056 1332 2071 1357 ,
2131 1286 2405 1360 quondam
2449 1297 2479 1338 a
2512 1280 2778 1337 Pausania
2830 1292 2962 1349 rege
2992 1276 3386 1348 Spartanorum

1788 1379 2037 1451 condita,
2071 1388 2192 1452 post
2215 1387 2399 1434 autem
2427 1390 2460 1432 a
2490 1372 2873 1439 Constantino,
2901 1370 3216 1427 Christiano
3237 1369 3393 1441 prin-

1793 1478 1937 1549 cipe,
1967 1476 2022 1531 in
2049 1473 2227 1544 majus
2253 1480 2413 1527 aucta
2441 1478 2498 1526 et
2516 1466 2538 1499 ⁸
2559 1464 3061 1535 Constantinopolis
3083 1463 3247 1531 dicta,
3274 1462 3391 1535 glo-

1795 1567 2080 1627 riosissimi
2109 1580 2254 1622 nunc
2274 1561 2488 1634 imperii
2509 1558 2670 1618 sedes
2689 1566 2748 1614 et
2768 1555 2933 1614 totius
2957 1563 3121 1627 caput
3148 1551 3390 1610 Orientis

1794 1674 1902 1722 est.
1935 1660 2221 1733 Philippus
2251 1672 2383 1714 vero
2413 1661 2537 1728 post
2567 1654 2786 1725 longam
2817 1660 2873 1708 et
2900 1650 3113 1706 irritam
3152 1646 3395 1705 obsidio-

1795 1773 1955 1825 nem,
1982 1766 2040 1812 ut
2071 1751 2363 1827 pecuniam
2399 1763 2561 1821 quam
2604 1741 2907 1803 obsidendo
2939 1741 3097 1816 175
3126 1740 3394 1799 exhause-

1792 1860 1899 1918 rat,
1923 1848 2218 1924 priedando
2258 1851 2560 1918 repararet,
2606 1841 2894 1915 piraticam
2944 1852 3231 1911 aggressus
3279 1845 3385 1894 est.

1792 1942 2223 2019 Captssitaque‘
2242 1948 2466 1997 centum
2486 1944 2543 1994 et
2559 1933 2900 2005 septuaginta
2927 1945 3095 1989 naves
3120 1929 3391 1987 mercibus

1792 2040 2090 2102 confertas.
2114 2033 2387 2098 distraxit,
2405 2039 2462 2089 et
2476 2027 2754 2087 anhelanti
2770 2026 2965 2098 iunpiic
2986 2039 3152 2098 parva
3174 2036 3391 2080 recrea-

1794 2134 1943 2191 tione
1970 2128 2244 2189 subvenit.
2267 2124 2400 2183 Inde
2420 2131 2640 2195 propter
2660 2119 2921 2193 agendam
2949 2116 3188 2190 praedam
3210 2123 3265 2173 et
3290 2130 3392 2171 cu-

1794 2222 2019 2289 randam
2059 2218 2407 2277 obsidionem
2453 2213 2637 2272 divisit
2683 2210 3004 2268 exercitum.
3052 2208 3173 2279 Ipse
3212 2216 3393 2263 autem

1794 2332 1921 2375 cum
1955 2312 2269 2371 fortissimis
2299 2308 2573 2382 proiectus
2595 2348 2613 2374 ,
2652 2305 2849 2363 multas
2877 2300 3202 2360 Chersonesi
3230 2299 3395 2357 urbes

1796 2413 1940 2485 cepit
1970 2430 1983 2467 :
2012 2408 2417 2481 proﬁigatisque
2444 2402 2654 2475 populis
2681 2413 2813 2472 opes
2851 2397 3098 2454 abstulit.
3147 2396 3229 2453 Ad
3259 2394 3394 2466 Scy-

1795 2508 1963 2565 thiam
1991 2518 2210 2576 quoque
2245 2516 2369 2557 cum
2398 2497 2708 2554 Alexandro
2747 2493 2857 2551 ﬁlio
2894 2489 3176 2564 praedandi
3215 2489 3396 2545 inten-

1798 2602 1946 2656 tione
1976 2598 1997 2629 ⁸
2029 2592 2365 2667 pertransiit.
2396 2593 2419 2624 "
2445 2589 2663 2661 Scythis
2691 2595 2821 2643 tunc
2852 2585 3054 2642 Athens
3083 2582 3344 2653 regnabat
3374 2600 3390 2637 :

1798 2694 1889 2764 qui
1930 2706 2054 2749 cum
2078 2688 2433 2745 Istriannrum
2456 2683 2598 2740 bello
2621 2687 2982 2753 premeretur,
3022 2678 3045 2712 ⁸
3074 2677 3332 2734 auxilium
3364 2690 3398 2731 a

1800 2783 2047 2854 Philippo
2067 2773 2164 2852 per
2185 2778 2601 2850 Apollonienses
2620 2774 2801 2845 petiit:
2819 2771 2913 2828 sed
2934 2771 3194 2827 continuo
3213 2767 3397 2823 Istria-

1801 2890 1993 2936 norum
2019 2890 2147 2946 rege
2172 2883 2404 2937 mortuo,
2431 2881 2487 2927 et
2516 2868 2646 2925 belli
2671 2875 2843 2933 metu,
2866 2874 2924 2923 et
2951 2864 3275 2921 auxiliorum
3303 2874 3401 2917 ne-

1801 2970 2053 3026 cessitate
2083 2965 2342 3022 liberatus
2367 3003 2383 3028 ,
2414 2960 2719 3031 pactionem
2747 2956 2968 3014 fmderis
2992 2970 3117 3011 cum
3147 2949 3398 3021 Philippo

1810 3050 2050 3118 habitam
2091 3055 2363 3114 dissolvit.
2390 3053 2693 3124 Philippus,
2720 3049 2946 3107 dimissa
2971 3045 3258 3104 obsidione
3297 3043 3404 3114 ΒΡ

1803 3152 1991 3220 santii,
2033 3148 2348 3222 Scythicum
2386 3146 2591 3203 bellum
2632 3144 2762 3201 totis
2817 3142 3022 3199 viribus
3055 3138 3401 3212 aggreditur;

127 3247 295 3310 tasque
326 3236 652 3312 particulas,
691 3232 961 3289 exstincta
992 3228 1226 3301 primum
1256 3226 1532 3293 libertate,
1567 3237 1695 3279 conv

1822 3243 2209 3313 summissoque
2255 3237 2446 3310 praelio
2494 3252 2617 3294 cum
2656 3234 2875 3307 Scytha:
2910 3237 2931 3269 ⁹
2972 3244 3031 3291 et
3077 3244 3306 3288 numero
3349 3239 3407 3285 et

126 3330 258 3388 cidit.

716 3416 945 3477 CAPUT
985 3415 1121 3473 XIII.

125 3540 412 3612 Byzantium
443 3537 734 3608 Philippus
760 3535 960 3607 {rustra
1000 3532 1219 3589 obsidet.
1267 3528 1540 3602 Scythiam
1571 3527 1705 3584 bella

1810 3338 2012 3395 virtute
2037 3341 2378 3407 prmstarent,
2412 3329 2647 3403 Philippi
2675 3328 2864 3385 fraude
2902 3327 3212 3383 vincuntur.
3243 3322 3303 3379 In
3339 3336 3408 3378 ea

1810 3444 1985 3502 pugna
2006 3429 2193 3500 viginti
2212 3427 2379 3484 millia
2400 3438 2693 3497 puerorum
2713 3438 2779 3480 ac
2796 3420 3123 3480 feminarum
3140 3416 3410 3490 Scythica)

1808 3526 1989 3599 gentis
2009 3532 2194 3597 capta,
2221 3536 2482 3596 pecorum
2521 3533 2716 3592 magna
2740 3517 2903 3589 copia
2932 3516 3186 3584 abducta,
3218 3512 3262 3543 ¹⁰
3289 3509 3412 3568 auri

1392 3704 1844 3764 IIAVERCAMPI
1883 3702 2115 3762 NOTAE.

184 3880 266 3936 52.
297 3871 664 3933 Pltocensibus
703 3884 880 3942 pacem
912 3876 963 3923 et
987 3868 1188 3942 ven_iam_
1212 3881 1267 3942 se
1294 3863 1561 3920 daturum.
1597 3864 1714 3920 Hoc

126 3934 422 4021 Philippum
472 3934 985 4021 sibi‘coiitirmasse
1041 3934 1334 4021 @scliines
1381 3951 1633 4021 reversus
1680 3950 1711 3991 a

129 4006 358 4092 Philippo
398 4013 838 4092 Atheniensibus
878 4007 1231 4092 renuntiavit,
1267 4022 1371 4079 qua
1395 4006 1475 4092 fle
1516 4022 1582 4092 re
1610 4007 1712 4061 Dc-

126 4077 423 4164 mostbeites
451 4091 581 4164 περὶ
599 4083 1024 4164 ἶτᾳραπρεσϐεές
1047 4090 1098 4136 et
1112 4082 1232 4155 περί
1254 4077 1525 4161 carpebam
1539 4077 1707 4133 FABR.

186 4167 274 4224 5³5.
303 4150 569 4219 Εηηιηίὶὶ.
604 4150 755 4212 Méus
786 4150 908 4209 'cum
956 4153 1107 4208 Flor.
1143 4150 1235 4224 pi‘.
1260 4160 1315 4205 et
1343 4150 1536 4224 tertio,
1566 4165 1713 4203 emu-

126 4219 209 4291 nil:
230 4219 380 4293 Flor.
411 4247 563 4297 sec.,
593 4226 857 4283 emunivit.
890 4224 1011 4280 Mox
1035 4219 1461 4297 pro‘printesed.
1485 4219 1714 4297 August.

126 4288 591 4377 et‘m'sstunitIam
636 4301 826 4377 legunt
854 4288 1050 4377 pritan
1074 4288 1377 4377 liloretitini
1418 4301 1533 4359 tres
1557 4288 1593 4359 ,“
1626 4288 1720 4345 sed

129 4363 279 4435 omnis
305 4363 525 4435 Graecia
553 4386 651 4442 pro
678 4363 770 4425 s'ed
801 4363 866 4442 et
883 4368 1049 4442 omnis
1079 4363 1308 4420 ercia.

189 4432 276 4507 Sd.
316 4432 430 4516 'Qui
463 4432 634 4518 pecua
659 4457 776 4499 sua.
829 4439 909 4496 Ita
954 4436 1146 4518 Colon.
1182 4451 1285 4518 nec
1315 4442 1468 4518 muto
1499 4432 1635 4489 illud
1666 4432 1719 4489 in

159 4506 417 4578 ecoiant
440 4506 595 4575 e'nim
616 4528 759 4568 nunc
782 4527 920 4583 genu
949 4509 1198 4575 dicimus,
1229 4506 1310 4583 sic
1330 4515 1545 4562 veteres
1566 4520 1718 4583 pecu.

176 4574 265 4663 rgo
288 4574 543 4663 illinunt:
572 4574 875 4663 getiua,'ita
910 4592 1038 4663 tuttc
1060 4595 1242 4662 pecua.
1269 4574 1441 4634 LAU'I'.
1469 4607 1542 4663 -—_
1566 4574 1720 4663 idem

132 4649 305 4732 postea
336 4661 472 4718 fecit
505 4649 787 4727 Philippus
818 4669 939 4732 r_e_x,
967 4649 1148 4707 Persei
1143 4661 1346 4732 “pater,
1370 4664 1494 4732 cum
1522 4649 1721 4732 bellum

132 4718 387 4792 adversus
416 4718 704 4788 Romanos
730 4718 1111 4785 meditaretur.
1139 4718 1339 4778 Confer
1376 4718 1550 4777 Vitam
1573 4718 1723 4793 ejus-

134 4805 246 4861 dem
272 4817 329 4862 et
352 4803 679 4861 Historiam.
884 4822 899 4834 ο

196 4858 445 4935 έδίέῖἶιέ
472 4875 684 4928 uictore.
716 4869 817 4926 Ed.
852 4867 1113 4942 August.,
1154 4864 1269 4920 sine
1304 4862 1552 4930 uictoria,
1581 4858 1727 4935 quod

137 4963 255 5021 non,
276 4948 543 5021 praefero.

199 4995 574 5089 manu.
603 5014 776 5089 Meus,
804 5022 863 5089 et
876 5013 991 5084 ipsa
1011 5024 1237 5089 quoque.
1271 5006 1382 5089 Pro
1431 5005 1729 5089 timentibus
1756 5010 1807 5072 Ι)
1839 5078 1849 5089 _
1906 5007 1961 5089 7.
1980 5002 2195 5085 Scythis
2212 5010 2331 5057 tunc
2351 4995 2829 5089 Atheuiregnabat.

138 5107 260 5175 mss.
291 5078 524 5164 quidam
549 5095 609 5143 et
633 5078 797 5153 editi,
827 5078 1139 5139 timendum.
1164 5082 1422 5150 August.,
1451 5078 1730 5133 timendum

141 5163 291 5290 fugit.
346 5234 415 5290 In
473 5229 855 5299 supplementa.
909 5224 1011 5281 Ed.
1057 5226 1200 5295 Aug.
1247 5222 1303 5278 in
1344 5218 1735 5293 supplemento,

143 5307 279 5375 quod
308 5316 362 5363 et
388 5306 445 5360 in
480 5301 607 5375 cod.
634 5300 754 5375 Meo
787 5308 990 5375 exstat.

208 5362 335 5435 CAP.
388 5374 529 5432 XIII.
579 5402 645 5413 —
697 5372 752 5427 l.
806 5368 1162 5426 Necessarium
1193 5366 1510 5421 maritimam
1565 5362 1742 5418 urbem

148 5456 281 5521 ratus
310 5446 652 5521 Byzantium.
683 5442 954 5498 Amicitia:
983 5452 1032 5496 et
1065 5438 1345 5521 societatis
1371 5435 1740 5521 [mderajnter

153 5507 457 5590 l’liilippiim
488 5523 808 5572 manserunt
832 5527 1003 5581 usque
1018 5509 1084 5566 ad
1106 5508 1421 5590 Nicomachi
1436 5507 1738 5590 JIIQSISU‘ﬁ-

153 5598 253 5645 tum
286 5577 302 5646 Ξ
326 5577 484 5644 ξυιηο
509 5600 695 5645 autem
729 5577 1030 5656 sequente,
1059 5582 1150 5656 qui
1198 5578 1404 5656 primus
1433 5577 1536 5633 fuit
1565 5578 1739 5648 olym-

157 5662 323 5727 piadis
346 5660 475 5728 “0,
509 5651 1060 5728 Philippusfprimum
1092 5651 1405 5728 Perinthum
1430 5663 1741 5728 expugnare

155 5719 437 5803 aggressus
463 5719 572 5798 est,
607 5719 931 5803 at'q'ueinde
963 5725 1202 5803 rejeetus
1235 5720 1552 5803 Idyzautium
1584 5719 1737 5801 obse-

156 5790 257 5873 dii',
277 5817 384 5873 quo
426 5790 1117 5873 temporc'epismlam'ad
1160 5790 1539 5873 Athenienses
1571 5790 1741 5873 misit,

162 5862 339 5929 violali
370 5862 595 5930 foederis
622 5885 720 5929 eos
750 5862 1037 5949 accusans,
1071 5876 1127 5925 et
1160 5866 1360 5924 bellum
1394 5862 1743 5927 denuntians,

1818 3879 1938 3934 quin
1966 3862 2162 3934 omnia
2180 3859 2479 3934 Dionysius
2503 3873 2575 3934 ex
2600 3855 2935 3934 Philochoro
2964 3852 3256 3934 perspicue
3285 3868 3413 3934 nar-

1820 3924 1924 3993 r'ai.
1961 3932 2203 4003 Epistula
2237 3924 2374 4003 vero
2418 3928 2658 4003 Piiiiipui
2688 3934 2868 3983 exstat
2905 3924 3047 3982 inter
3077 3924 3414 3995 Philippicas

1820 3999 2094 4060 orationes
2135 3999 2415 4057 Demosth.
2447 3999 2620 4055 FABR.

1889 4078 1944 4129 2.
1979 4074 2093 4130 Sibi
2132 4082 2270 4127 terra
2290 4073 2541 4140 marique.
2570 4067 2684 4140 Ed.
2707 4067 2866 4140 Aug.,
2896 4077 3033 4122 terra
3062 4066 3293 4137 marique
3326 4083 3417 4122 co-

1821 4148 1922 4223 piis
1939 4147 2065 4223 suis.
2096 4144 2237 4199 Coll.
2270 4139 2444 4223 Gron.
2470 4140 2603 4221 nihil
2636 4139 2739 4223 nisi
2776 4140 3195 4223 terr-amarique.

1895 4222 1947 4274 5.
1977 4215 2107 4271 Haec
2128 4222 2303 4268 autem
2333 4211 2669 4282 Byzantium.
2698 4210 3062 4282 Cassiodorus
3088 4207 3280 4282 scribit
3306 4209 3415 4282 By-

1822 4290 2052 4345 zantium
2080 4286 2357 4342 conditum
2381 4280 2546 4339 Tullo
2561 4280 2803 4353 llostilio
2830 4280 3289 4353 regnante.Uude
3310 4280 3417 4353 By.

1822 4362 2060 4416 zantium
2088 4372 2286 4414 nomen
2314 4352 2597 4412 invenerit
2635 4351 2809 4410 refert
2848 4350 3174 4410 Eustathius
3203 4353 3259 4411 in
3291 4350 3419 4409 Diu-

1822 4433 2060 4506 nysium.
2093 4428 2257 4485 FABR.

1895 4507 1949 4559 4.
1972 4500 2466 4574 βοηειαηιὶηοροιὶε
2496 4499 2653 4556 dicta.
2695 4493 2843 4570 Lege
2888 4494 3030 4554 infra
3062 4510 3186 4569 cap.
3216 4495 3289 4552 28
3318 4494 3414 4552 lib.
3518 4490 3523 4495 ’

1825 4591 1899 4633 vit
1959 4573 2125 4631 FABR.

1899 4649 1953 4706 5.
1981 4646 2198 4701 Centum
2244 4652 2292 4700 et
2327 4643 2661 4715 septuaginta
2708 4656 2882 4697 naues.
2909 4638 3084 4711 Lugd.
3129 4637 3250 4695 Bat.
3291 4646 3418 4715 tert.

1827 4735 1950 4777 cum
1979 4717 2117 4773 Coll.
2148 4711 2393 4772 Gronov.
2431 4723 2488 4771 et
2516 4711 2623 4771 Ed.
2648 4714 2790 4783 Aug.
2824 4721 3029 4784 centum
3070 4719 3121 4766 et
3160 4711 3420 4784 octaginta

1828 4794 2177 4858 enumerant,
2201 4786 2299 4844 sed
2329 4802 2427 4858 pro
2457 4787 2680 4858 vulgato
2712 4782 2822 4840 stat
2846 4782 3117 4858 Justinus.

1901 4860 1955 4918 6.
1981 4850 2527 4944 Pertransiithugd.
2554 4850 2685 4912 Ilat.
2708 4864 2865 4921 tert.,
2887 4852 3096 4908 transit.
3121 4850 3223 4910 Ed.
3253 4850 3424 4923 Aug.,

1830 4941 2062 4989 transivit
2070 4970 2084 4985 .

2852 4993 3019 5076 Regis
3039 5008 3259 5059 nomen,
3277 4984 3427 5076 quod

1838 5078 1892 5135 in
1945 5065 2226 5147 impressis
2273 5083 2431 5147 erat,
2453 5065 2653 5147 reliqui
2694 5087 2711 5147 _:
2755 5081 2880 5147 nam
2934 5067 2988 5147 in
3044 5065 3431 5147 manuscriptis

1839 5135 2041 5205 Atheus"
2063 5156 2110 5201 et
2153 5144 2390 5200 Natheas
2411 5135 2614 5214 legitu'r
2649 5158 2664 5195 :
2694 5141 2749 5196 in
2777 5135 3238 5214 vulgatislustini
3258 5136 3427 5214 libris

1841 5224 1929 5277 est
1961 5216 2241 5281 Mattheus,
2272 5216 2325 5269 in
2359 5205 2548 5269 nost'ro
2575 5205 2945 5281 manuscripto
2968 5205 3222 5281 Metiteas.
3258 5208 3426 5264 Fann.

1842 5322 1915 5334 ——
1941 5287 2000 5345 In
2028 5287 2207 5345 Oros'ti
2227 5278 2373 5341 'mss.
2407 5284 2523 5341 fere
2553 5282 2831 5348 omnibus,
2854 5278 3074 5335 Iustino
3106 5280 3234 5335 item
3259 5293 3431 5344 nunc,

1848 5361 2038 5418 Athens
2064 5359 2282 5429 legitur,
2306 5356 2677 5429 idqueverum
2697 5354 2815 5429 viro
2843 5365 3044 5407 nomen
3065 5350 3187 5409 fuit.
3211 5350 3433 5408 Veneta:

1847 5432 1973 5490 cdd.
2004 5423 2214 5500 Scythis
2241 5423 2582 5500 tuneﬁtlteas
2607 5423 2832 5500 regebat.

1912 5503 1967 5557 8.
1998 5496 2322 5556 Atticitiuma
2353 5496 2624 5569 Philippo.
2658 5496 2769 5551 tloc
2795 5509 2926 5551 mss.
2960 5507 3178 5569 omnes,
3208 5500 3428 5569 unoaut

1841 5575 2016 5658 altero
2038 5584 2290 5658 excepto,
2322 5565 2551 5637 malunt,
2574 5582 2734 5641 quam
2765 5568 2986 5624 auxilia.
3016 5565 3123 5622 Pro
3151 5566 3298 5634 petiit
3326 5565 3457 5620 Pen

1844 5652 2018 5703 rizon.
2054 5652 2197 5709 petit.

1915 5717 1972 5774 9.
2012 5703 2076 5770 Et
2109 5728 2319 5771 numero
2343 5720 2392 5768 et
2413 5709 2621 5767 virtute.
2650 5710 2892 5769 Primum
2923 5720 2970 5770 et
3002 5706 3149 5766 delet
3171 5703 3424 5762 Perizon.

1847 5798 1904 5849 et
1930 5789 2124 5843 abesse
2147 5793 2350 5857 potest.

1924 5861 1992 5918 l0
2020 5849 2330 5929 Anri'aiquc
2352 5853 2568 5927 argenti.
2601 5852 2753 5914 Meus
2777 5869 2898 5915 cum
2927 5852 3193 5918 Justino,
3224 5849 3337 5905 auri
3360 5857 3448 5899 ar-
