3938 6338
553 286 664 350 839

1956 283 2160 346 PACLI
2200 281 2423 344 OBOSN

3720 291 3808 348 840

548 425 682 466 vero
730 409 869 481 apud
915 406 1286 478 Babyloniam,
1317 419 1442 462 cum
1484 403 1665 460 adhuc
1696 405 2016 475 sanguinem
2067 407 2141 462 si-
2168 405 2220 465 Δ
2246 403 2461 473 utrique
2496 399 2790 458 infeliciter
2819 409 2980 458 notus
3007 400 3244 470 Oceano,
3277 412 3331 461 et
3361 411 3538 459 tamen
3567 413 3669 459 tam
3698 408 3802 460 vio-

558 504 721 572 tiens,
747 503 886 558 male
913 499 1174 568 castigata
1205 497 1485 562 aviditate,
1511 497 1742 552 ministri
1769 498 1984 553 insidiis
2013 499 2034 530 ⁸
2053 517 2146 557 ve-

556 609 758 650 nenum
784 600 1046 662 potasset,
1080 589 1310 644 interiit.
1341 589 1386 644 0
1406 589 1542 644 dura
1578 604 1732 644 mens
1763 591 2069 662 hominum,
2094 604 2150 649 et

553 702 651 743 cor
671 700 890 757 semper
911 683 1298 738 inhumanum!
1327 681 1440 754 Ego
1470 683 1586 754 ipse
1615 683 1707 754 qui
1735 683 1850 738 haec
1879 699 1979 754 pro
2003 701 2151 742 asse-

552 778 722 836 renda
767 777 1013 832 omnium
1061 785 1368 846 temporum
1421 776 1442 808 "
1497 775 1768 831 alternata
1832 777 2142 833 calamitate

561 886 880 945 percenseo,
914 873 967 926 in
1005 871 1183 926 relatu
1217 869 1350 924 tanti
1382 869 1535 936 mali,
1567 885 1674 938 quo
1701 870 1788 926 vel
1823 881 1999 927 morte
2023 872 2138 942 ipsa

554 967 644 1024 vel
692 965 984 1022 formidine
1034 964 1225 1020 mortis
1269 975 1492 1034 accepta
1537 971 1685 1020 totus
1716 965 2148 1022 mundusintre-

555 1063 720 1126 muit,
754 1058 1018 1130 numquid
1057 1059 1390 1130 illacrymavi
1432 1058 1645 1114 oculis?
1687 1059 1948 1130 numquid
1981 1059 2149 1117 corde

555 1152 849 1209 condolui?
885 1150 1150 1220 numquid
1201 1151 1492 1207 revolvens
1544 1151 1684 1217 hare,
1733 1161 1956 1222 prepter
1996 1169 2150 1207 com-

568 1260 787 1302 munem
837 1243 1054 1300 vivendi
1105 1252 1333 1310 statum,
1369 1243 1634 1313 majorum
1695 1244 1946 1299 miserias
1995 1258 2146 1299 meas

557 1339 697 1394 feci?
725 1353 846 1394 eum
897 1346 1076 1392 tamen
1124 1335 1172 1391 si
1220 1337 1441 1406 quando
1485 1336 1554 1392 de
1598 1337 1808 1407 meipso
1855 1336 2060 1406 refero,
2093 1347 2151 1392 ut

558 1431 772 1502 ignotos
817 1429 1048 1499 primum
1095 1427 1361 1483 barbaros
1399 1427 1648 1495 viderim,
1676 1436 1738 1483 ut
1780 1427 2008 1484 infestos
2057 1429 2151 1484 de-

555 1522 893 1588 clinaverim,
917 1531 974 1576 ut
1002 1519 1413 1576 dominantibus
1443 1521 1464 1552 ⁸
1485 1521 1796 1576 eblanditus
1825 1522 1952 1588 sim,
1980 1531 2039 1577 ut
2067 1521 2151 1575 in-

555 1615 743 1671 lideles
799 1613 1172 1684 praecaverim,
1215 1620 1274 1667 ut
1320 1612 1641 1669 insidiantes
1687 1613 2138 1684 subterfugeritn,

559 1717 837 1780 postremo
859 1718 916 1761 ut
943 1715 1334 1777 persequentes
1371 1707 1422 1761 in
1456 1707 1616 1773 mari,
1649 1722 1712 1762 ac
1745 1709 1933 1762 saxis9
1957 1710 2142 1779 spicu-

2253 498 2412 553 lcnta:
2455 499 2796 555 necessitatis
2841 504 3126 570 memoria,
3156 501 3240 557 vel
3277 500 3554 557 oblivione
3591 502 3800 567 defecit,

2252 592 2336 648 vel
2385 593 2539 647 viluit
2569 602 2862 649 vetustate.
2896 593 2961 648 Et
3003 610 3103 649 nos
3152 606 3426 664 perpetua:
3475 594 3812 651 recordationi

2255 684 2532 740 lia-surum
2561 697 2836 756 putamus,
2854 687 2996 757 quod
3021 686 3249 758 plurima
3273 687 3424 742 orbis
3450 698 3602 759 parte
3615 703 3803 757 secura,

2253 795 2421 834 unum
2473 781 2730 851 angulum
2780 779 2942 851 fugax
2990 782 3127 836 latro
3176 781 3396 837 violavit
3442 799 3454 835 :
3495 783 3649 852 quasi
3699 799 3811 838 vero

2255 871 2560 928 Gothorum
2586 882 2642 928 et
2663 871 2970 929 Suevorum
2999 888 3208 944 pacem,
3235 884 3294 927 ut
3331 887 3440 928 non
3477 873 3648 928 dicam
3677 889 3812 930 versa

2252 967 2372 1021 vice
2421 965 2586 1021 ludus
2641 976 2697 1022 et
2746 966 3024 1038 Assyrius,
3069 965 3164 1022 sed
3217 966 3383 1021 etiam
3424 967 3508 1021 vel
3561 967 3689 1036 ipse,
3739 969 3814 1038 qui

2258 1058 2472 1115 hostem
2523 1059 2745 1128 patitur,
2794 1059 3068 1129 llispanus
3127 1059 3388 1116 oraverit.
3426 1064 3468 1096 ιι
3507 1059 3577 1115 At
3622 1074 3739 1115 vero
3781 1061 3818 1114 si

2251 1154 2340 1209 illa
2394 1153 2695 1209 Alexandri
2749 1163 3000 1224 tempora
3059 1154 3330 1208 laudanda
3380 1153 3563 1225 potius
3620 1163 3815 1224 promer

2251 1246 2528 1310 virtutem,
2585 1261 2690 1316 qua
2743 1254 2888 1300 totus
2935 1246 3086 1302 orbis
3138 1247 3183 1277 ”
3229 1247 3495 1302 obtentus
3543 1255 3645 1314 est,
3679 1262 3816 1316 quant

2250 1335 2566 1392 detestanda
2600 1346 2824 1406 propter
2853 1337 3093 1406 ruinam,
3124 1351 3233 1408 qua
3261 1346 3410 1393 totus
3444 1337 3596 1392 orbis
3623 1351 3813 1392 eversas

2250 1439 2354 1498 est,
2380 1430 2693 1502 iudicantur
2720 1451 2732 1486 :
2768 1431 3115 1487 invenientur
3141 1431 3185 1463 ¹³
3219 1441 3275 1488 et
3302 1431 3473 1488 modo
3502 1431 3814 1501 plurimi,qtti

2253 1523 2367 1577 haec
2397 1522 2664 1577 laudanda
2689 1530 2969 1590 censeant,
2994 1521 3141 1593 quod
3166 1521 3332 1576 multa
3358 1521 3626 1590 vicerunt,
3655 1531 3705 1576 ct
3729 1523 3812 1576 mi-

2250 1615 2423 1670 serias
2462 1615 2694 1670 aliorum
2740 1614 3055 1670 felicitatem
3103 1630 3256 1670 suam
3307 1624 3585 1686 reputent.
3628 1613 3727 1670 Sed
3749 1614 3815 1668 di-

2249 1717 2338 1765 cat
2376 1707 2422 1742 ¹¹⁸
2446 1709 2730 1780 quisquam
2760 1727 2773 1765 :
2830 1708 2924 1764 Isti
2947 1709 2992 1740 ¹⁸
3017 1707 3202 1764 hostes
3243 1708 3524 1764 Romaniae
3561 1717 3702 1763 sunt.
3727 1706 3813 1761 Re.

549 1803 735 1874 lisque
782 1809 1120 1872 appetentes,
1169 1801 1420 1856 manibus
1456 1801 1615 1874 194.
1640 1801 1801 1857 etiam
1841 1818 1983 1873 pene
2026 1803 2135 1873 jam
2176 1820 2225 1880 Β
2251 1802 2640 1872 spondebitur:
2665 1803 2782 1858 Hoc
2819 1814 2873 1858 et
2909 1811 3038 1859 tunc
3071 1803 3168 1857 toti
3199 1800 3410 1858 Orienti
3441 1801 3512 1857 de
3537 1801 3812 1856 Alexandro

555 1894 1052 1966 apprehendentes,
1073 1895 1356 1964 repentina
1388 1895 1584 1950 nebula
1615 1895 1981 1952 circumfusus
2013 1912 2140 1953 eva-

556 1989 744 2054 serim,
778 1996 1008 2044 cunctos
1049 1987 1335 2043 audientes
1375 2003 1484 2055 me,
1517 1989 1570 2043 in
1599 1988 1872 2062 lacrymas
1899 2007 2143 2047 commo-

555 2085 673 2140 veri
714 2086 876 2140 velim
921 2095 978 2141 et
1022 2085 1220 2140 tacitus
1270 2083 1340 2141 de
1389 2100 1495 2140 non
1540 2085 1851 2141 dolentibus
1904 2087 2144 2154 doleam,

555 2187 814 2250 reputans
839 2177 1096 2232 duritiem
1121 2191 1334 2241 eorum,
1366 2177 1483 2247 qui,
1515 2177 1660 2248 quod
1679 2193 1784 2234 non
1814 2181 2142 2248 sustinuere,

553 2285 664 2326 non
707 2271 956 2325 credunt.
990 2270 1034 2301 ¹⁶
1067 2269 1338 2339 Hispanus
1361 2278 1417 2325 et
1451 2269 1695 2324 Morinos
1726 2269 1795 2325 ad
1823 2272 2143 2341 supplican-

551 2365 680 2420 dum
718 2363 1028 2419 Alexandro
1060 2363 1411 2435 Babyloniam
1449 2363 1608 2431 adiit,
1633 2373 2028 2435 cruentumque
2058 2363 2145 2420 ul-

553 2467 638 2513 tro
668 2456 971 2522 dominum,
1003 2471 1074 2512 ne
1123 2455 1338 2511 hostem
1384 2455 1682 2526 exciperet,
1717 2471 1815 2526 per
1860 2459 2142 2529 Assyriam

544 2551 866 2622 lndiamque
906 2549 1158 2622 quaesivit
1201 2566 1215 2604 :
1267 2558 1534 2605 terrarum
1577 2557 1750 2606 metas
1795 2549 2034 2606 lustrans
2081 2561 2138 2608 et

2250 1894 2532 1950 videbatur
2562 1910 2576 1946 :
2605 1894 2848 1964 talesque
2867 1903 2922 1949 et
2955 1893 3184 1950 Romani
3215 1894 3336 1950 aliis
3363 1893 3467 1948 visi
3504 1894 3656 1966 195
3683 1904 3807 1957 sunt,

2249 1988 2376 2043 dum
2420 1986 2574 2042 bellis
2607 1987 2822 2058 quietos
2873 1987 3194 2056 ignotosque
3244 1985 3577 2057 petiverunt.
3619 1986 3716 2043 Sed
3750 1987 3810 2040 illi

2249 2080 2536 2152 acquirere
2558 2096 2744 2150 regna,
2765 2079 2852 2135 isti
2883 2091 3132 2135 evertere
3159 2078 3400 2134 student.
3427 2079 3684 2149 Separata
3703 2087 3807 2134 sunt

2251 2174 2423 2230 hostis
2454 2173 2686 2239 excidia,
2717 2182 2774 2229 et
2812 2172 3020 2243 judicia
3063 2174 3287 2229 victoris
3320 2191 3333 2227 :
3366 2174 3636 2245 siquidem
3669 2183 3718 2229 et
3747 2174 3806 2228 illi

2254 2267 2402 2338 prius
2423 2281 2518 2322 eos
2548 2266 2707 2323 bellis
2730 2266 3063 2334 afflixerunt,
3097 2281 3235 2338 quos
3268 2276 3458 2336 postea
3491 2269 3600 2323 suis
3623 2267 3801 2338 legibus

2251 2363 2573 2418 ordinarunt
2615 2379 2629 2416 :
2674 2369 2731 2417 et
2781 2359 2836 2415 hi
2881 2376 3026 2416 nunc
3058 2361 3103 2392 ¹⁶
3134 2361 3406 2417 hostiliter
3454 2361 3666 2417 turbant
3707 2375 3804 2430 qua!

2249 2454 2416 2530 (qttod
2437 2470 2544 2511 non
2572 2454 3068 2525 permiseritDeus)
3093 2455 3137 2510 si
3170 2455 3413 2511 edomita
3445 2457 3487 2487 ⁸⁷
3509 2455 3802 2519 obtinerent,

2246 2551 2355 2608 ritu
2401 2565 2500 2606 suo
2551 2564 2883 2622 componere
2933 2548 3280 2620 molirentur,
3324 2549 3544 2607 dicendi
3597 2548 3796 2622 posteris

1848 2730 2298 2790 llAVEBCAMPI
2333 2731 2565 2791 ΝΟΤΕ.

622 2874 677 2931 6.
705 2870 835 2929 Cum
867 2883 1115 2926 venenum
1135 2873 1383 2938 patrissat,
1404 2865 1621 2924 interiit.
1652 2865 1897 2924 Jusﬁnus
1924 2875 1978 2922 et
2003 2867 2138 2922 Oro-

551 2948 666 3002 sius
709 2953 1006 3013 sequunlur
1028 2956 1149 3013 eos,
1177 2940 1265 3008 qui
1304 2938 1668 3013 Alexandrum
1703 2954 1913 3013 veneno
1940 2940 2133 3013 subla-

551 3030 664 3072 tum
708 3009 1066 3084 scripserunt.
1095 3009 1388 3084 Plutarcho
1429 3017 1485 3064 et
1511 3010 1741 3084 érriano
1765 3009 1850 3084 hic
1877 3011 2129 3084 interitus

553 3103 662 3144 non
693 3079 888 3154 placet,
907 3085 1204 3155 quoslege.
1233 3080 1398 3135 FABR.
1420 3109 1492 3120 —-
1514 3079 1797 3155 Venenum
1828 3081 2136 3155 Alesandro

553 3152 728 3214 fuisse
769 3152 951 3209 datum
995 3153 1170 3208 fabula
1220 3162 1322 3215 est,
1365 3167 1523 3220 quam
1553 3152 1802 3206 nonnulli
1840 3153 2136 3222 scriptores

554 3227 706 3284 varie
733 3236 1086 3282 exornarunt.
1119 3222 1436 3278 Plutarchus
1469 3223 1521 3276 in
1550 3225 1706 3280 Alex.
1730 3222 1907 3293 p.707
1936 3224 2136 3290 liquido

555 3282 616 3355 id
633 3282 992 3360 demonstrat,
1013 3309 1184 3365 neque
1208 3294 1316 3347 ulla
1333 3294 1400 3349 de
1421 3308 1632 3349 veneno
1657 3282 2136 3365 suspicioexstitit,
2169 3282 2214 3345 C

556 3371 868 3440 priusquam
917 3367 1055 3440 hanc
1101 3364 1447 3440 calumniam.
1484 3368 1806 3440 excogitavit
1853 3364 2131 3440 Olympias

555 3432 749 3494 contra
772 3438 991 3493 domum
1025 3436 1297 3507 Antipatri
1327 3446 1380 3507 et
1408 3432 1719 3502 Cassandri,
1752 3451 1890 3507 quos
1923 3432 2134 3507 'mulieo

557 3512 637 3566 hri
672 3511 982 3578 impotentia
1013 3507 1224 3561 oderat.
1253 3505 1388 3560 Vide
1412 3522 1518 3578 non
1553 3523 1658 3560 uno
1692 3509 1740 3560 in
1770 3505 1904 3560 loco
1952 3506 2136 3561 ilisto-

557 3585 691 3636 riam
714 3575 784 3633 de
812 3580 928 3634 Vita
958 3578 1248 3633 Alexandri
1282 3592 1308 3628 a
1339 3575 1499 3630 nobis
1526 3587 1858 3632 contextam.

630 3656 681 3708 7.
719 3650 986 3704 Alternata
1012 3650 1324 3703 calamitate.
1357 3647 1497 3701 Cod.
1530 3648 1807 3710 Perizou.,
1835 3647 2139 3703 alternatim

556 3723 868 3778 calamitate.
919 3721 1090 3791 Lugd.
1138 3719 1276 3773 Ball.
1311 3727 1541 3788 quatuor
1583 3735 1706 3775 cum
1742 3720 1861 3775 Meo
1902 3730 1956 3774 el
1993 3719 2134 3774 Coll.

559 3796 824 3854 Gronov.,
854 3791 1136 3846 alternanti
1165 3791 1479 3844 calamitate.

628 3868 682 3921 8.
716 3863 1028 3918 Eblanditus
1065 3863 1183 3916 sim.
1231 3860 1368 3916 Cod.
1423 3859 1663 3930 Longoh.
1703 3868 1758 3915 et
1811 3861 1982 3930 Lugd.
2016 3861 2136 3914 Bal.

556 3944 764 4004 quart.,
797 3935 1064 3989 blanditus
1084 3948 1218 3986 sum.
1245 3931 1360 3986 Non
1401 3941 1570 4004 muto.
1605 3947 1726 3986 nam
1773 3933 2026 3987 eblandiri
2057 3943 2140 4004 est

556 4002 836 4063 blanditiis
858 4007 1059 4061 elicere
1086 4012 1142 4058 et
1173 4004 1488 4074 impetrare.
1519 4002 1712 4074 Cicero
1742 4005 1809 4058 ad
1844 4005 2005 4058 Attic.
2039 4003 2135 4057 lih.

555 4080 656 4134 ult.
673 4094 760 4147 ep.
782 4078 846 4134 l9
869 4096 880 4129 :
905 4076 1184 4147 Nunc,_n_ti
1208 4074 1410 4146 Capito,
1442 4083 1529 4129 etc
1559 4118 1574 4143 ,
1608 4073 1842 4144 elabora,
1864 4075 1941 4130 rel
1969 4075 2139 4147 potius

553 4145 841 4210 eblandire,
872 4149 1044 4218 efﬁce,
1081 4145 1340 4218 Platonis,
1376 4154 1480 4200 etc.

627 4222 682 4277 9.
715 4215 1070 4291 Spiculisque.
1120 4217 1193 4271 ita
1245 4231 1434 4291 omnes
1487 4229 1619 4291 mss.
1648 4215 1863 4291 etpedd.
1909 4227 2135 4291 excepta

557 4289 786 4362 August.
836 4291 889 4345 iu
955 4307 1059 4359 qua
1109 4290 1448 4362 speratisque.
1498 4289 1658 4355 Quasi
1710 4289 1791 4362 de
1821 4289 2043 4362 insidiis
2073 4304 2137 4342 ex

556 4358 775 4434 specula
808 4358 989 4416 sermo
1019 4373 1188 4420 esset,
1226 4358 1368 4428 quod
1409 4375 1512 4434 no_n
1554 4369 1709 4434 poto.
1753 4358 1915 4412 Ilahet
1947 4359 2137 4434 eadem

556 4429 644 4488 eli.
675 4433 968 4487 adnitentes
998 4447 1096 4499 pro
1127 4439 1441 4501 appetentes.
1475 4429 1644 4498 Lugd.
1678 4430 1794 4482 Bat.
1836 4443 2012 4501 quart.
2043 4430 2140 4482 ad-

555 4506 756 4569 dentes,
790 4504 884 4558 sed
921 4518 1000 4570 pr.
1037 4511 1089 4556 et
1121 4499 1242 4554 tert.
1284 4499 1454 4568 Lugd.
1491 4501 1630 4554 Britt.
1668 4514 1788 4554 cum
1829 4500 1968 4555 Coll.
2001 4501 2139 4556 Gro-

557 4592 685 4630 nov.
715 4575 1054 4629 attendentes.
1084 4571 1137 4624 lu
1165 4571 1227 4624 iis
1258 4587 1376 4640 qum
1403 4579 1703 4641 sequuntur
1738 4571 2028 4624 adluditad
2061 4571 2140 4626 fa-

555 4647 736 4702 bulam
786 4645 1128 4700 llomcricant
1167 4644 1236 4695 de
1283 4641 1488 4707 (Enen,
1519 4642 1841 4696 circumfusa
1889 4643 2136 4696 nebulaa

556 4721 660 4772 diis
685 4733 751 4772 ex
786 4716 1020 4771 hosriutu
1052 4713 1302 4768 manibus
1323 4722 1531 4779 erepto.

630 4789 720 4844 i0.
754 4787 1022 4859 Hispanus
1058 4782 1355 4859 Maurinus.
1394 4782 1448 4837 In
1497 4782 1695 4859 nostris
1747 4783 2006 4859 antiquis
2029 4791 2132 4859 est.

557 4859 828 4930 Hispanus
855 4853 905 4911 ξι
944 4857 1180 4911 marinus
1231 4853 1696 4930 Fann._—-_Miror
1738 4869 1767 4908 a
1795 4854 2044 4930 Fabricio
2083 4856 2133 4908 in

557 4925 691 4986 mss.
717 4945 823 4985 non
856 4930 1130 4983 inventam
1175 4940 1360 4978 veram
1407 4925 1692 4980 lectionem
1725 4926 1808 4980 vel
1844 4927 1912 4978 ah
1939 4925 2134 4979 eodem

554 5003 911 5068 excogitatam
946 4999 1136 5054 fuisse.
1182 4995 1318 5059 Quid
1351 4997 1494 5068 enim
1549 4995 1820 5068 Hispanus
1862 4994 2138 5068 Meminit:

555 5077 640 5128 vel
665 5066 944 5127 Marinus?
967 5068 1204 5125 Omnino
1234 5067 1538 5138 legendum,
1567 5066 2020 5136 quemadmodum
2045 5081 2143 5120 cx-

554 5155 662 5199 stat
696 5146 749 5198 in
774 5143 862 5198 ed.
895 5144 1121 5212 August.
1150 5139 1279 5212 etin
1300 5153 1439 5212 mss.
1461 5138 1631 5208 Lugd.
1665 5139 1806 5212 Batt.
1839 5148 1991 5212 pr.et
2012 5147 2133 5212 ter-

558 5217 656 5277 tio,
689 5216 743 5268 in
775 5214 910 5279 Meo,
939 5209 1218 5275 Perizon.,
1243 5209 1379 5264 Coll.
1401 5209 1668 5275 Gronov.,
1700 5211 1872 5264 tribus
1901 5209 2135 5279 denique

557 5277 910 5350 Florentinis,
934 5282 1202 5354 Hispanus
1229 5279 1572 5354 etMorinus,‘
1594 5281 1716 5337 licet
1740 5280 1984 5354 Longob.
2010 5277 2132 5333 eod.

556 5357 674 5411 sive
725 5356 872 5410 Flor.
923 5351 1151 5422 primus,
1189 5353 1393 5406 scribat
1442 5351 1709 5407 Morcnus.
1767 5353 1964 5408 Morini
2012 5359 2138 5422 apte

558 5441 682 5480 cum
720 5421 976 5490 llispanis
1001 5423 1426 5492 coniunguntur.
1461 5424 1671 5487 longius
1697 5426 1861 5480 etiam
1913 5423 1979 5476 ab
2008 5421 2137 5476 Asia

557 5496 754 5567 dissiti_,
801 5493 890 5561 qui
943 5495 1159 5567 egtremi
1212 5495 1478 5548 hominum
1535 5494 1758 5567 Virgilio
1798 5494 2139 5566 appellantur

553 5567 650 5624 lib.
682 5563 812 5622 IEn.
838 5577 950 5627 vttt,
978 5563 1080 5616 727
1106 5579 1119 5617 :

611 5663 943 5726 Extremique
969 5662 1217 5713 hominum
1240 5664 1413 5717 Morini
1439 5667 1752 5732 Rhenusque
1779 5668 2010 5720 bicornis.

544 5775 630 5843 Ad
655 5771 850 5833 Celtas
879 5765 1010 5828 olim
1051 5765 1109 5825 hi
1134 5771 1500 5849 pertinebant,
1531 5773 1714 5838 Celtas
1732 5791 1865 5838 vero
1889 5776 2033 5836 inter
2061 5776 2138 5838 le-

2243 2878 2398 2939 gatos
2428 2883 2644 2942 quoque
2681 2883 2748 2926 eo
2779 2877 3029 2940 tempore
3074 2868 3221 2926 visos
3264 2869 3433 2927 fuisse
3462 2870 3656 2942 antiqui
3691 2868 3802 2925 seri-

2245 2951 2431 3010 ptores
2463 2940 2760 3006 afﬁrmant,
2790 2951 2956 3011 prout
2980 2943 3161 3012 colligi
3196 2952 3372 3010 potest
3403 2958 3471 3000 ex
3503 2940 3722 3008 Arriani,
3752 2958 3803 2995 eo

2244 3027 2402 3086 quem
2443 3012 2834 3086 indicavimus,
2876 3012 3020 3068 loco.
3073 3015 3254 3079 Quare
3287 3016 3464 3086 getiam
3513 3017 3801 3086 legationem

2245 3083 2606 3152 Hispanorum
2638 3093 2691 3138 et
2721 3083 3022 3152 Gallorum,
3056 3085 3106 3139 id
3145 3095 3228 3139 est
3266 3083 3581 3149 Celtarum,
3608 3084 3803 3153 conjun-

2244 3155 2320 3223 git
2362 3157 2479 3222 ipse
2535 3155 2759 3227 Orosius
2815 3155 2912 3210 lib.
2959 3171 3035 3222 vt,
3065 3170 3115 3210 c.
3155 3156 3250 3225 2|,
3285 3166 3345 3211 ut
3377 3165 3525 3227 patet
3556 3173 3620 3213 ex
3647 3156 3802 3210 verbis

2249 3239 2410 3293 supra
2446 3242 2501 3279 n.
2525 3227 2559 3280 5
2592 3225 2792 3280 allatis.

2319 3296 2408 3352 11.
2441 3296 2507 3350 At
2535 3311 2653 3350 vero
2704 3297 2747 3350 si
2781 3297 2897 3350 illa.
2942 3296 3246 3353 Florentini
3286 3305 3426 3366 tres,
3457 3299 3572 3356 Meo
3603 3312 3799 3355 consen-

2242 3365 2434 3434 tiente,
2468 3368 2533 3421 At
2568 3383 2687 3422 vero
2725 3368 2771 3421 si
2811 3369 2943 3422 ulta.

2316 3439 2402 3491 12.
2435 3437 2688 3493 Obtentus
2715 3447 2812 3493 est.
2831 3439 2979 3494 Meus
3007 3438 3131 3494 cod.
3155 3454 3277 3495 cum
3310 3440 3561 3496 Perizon.
3589 3440 3798 3496 cttrihus

2243 3507 2414 3577 Lugd.
2442 3511 2587 3593 liatt.
2621 3518 2696 3564 est
2729 3510 2829 3565 hoc
2863 3510 2915 3565 in
2941 3509 3063 3566 loco
3088 3511 3256 3580 delet,
3272 3513 3397 3584 quia
3430 3514 3604 3568 statim
3632 3513 3796 3567 iterant

2241 3591 2474 3635 OCClll‘l‘ll
2487 3621 2501 3636 ο

2315 3651 2412 3725 15ζ
2433 3651 2498 3704 Et
2541 3651 2970 3725 modoplnrimi.
3023 3651 3269 3719 Quatuor
3319 3653 3493 3725 Lugd.
3538 3653 3791 3709 Batt.cutn

2240 3720 2356 3776 Col.
2375 3723 2641 3787 Gr0n0v.,
2660 3723 2938 3776 admodum
2955 3725 3186 3790 plurimi.
3215 3725 3323 3780 Sed
3347 3720 3562 3792 priestat
3588 3727 3793 3789 vulgata.

2241 3793 2362 3866 quia
2386 3795 2689 3863 prmcessit,
2722 3794 2767 3846 si
2793 3794 2887 3866 illa
2910 3794 3201 3866 Alexandri
3245 3806 3498 3866 tempora,
3519 3806 3622 3851 etc.
3665 3794 3784 3866 Eilit.

2244 3865 2466 3937 August.
2503 3874 2788 3934 utramque
2835 3865 3123 3921 lectionem
3152 3864 3377 3923 exhibet
3418 3870 3510 3937 ita,
3551 3864 3795 3920 admodum

2241 3933 2319 3988 vel
2352 3937 2506 3988 modo
2533 3933 2766 4004 plurimi.

2317 4007 2403 4061 14.
2439 4007 2747 4076 Quisquam.
2780 4005 2856 4062 ita
2894 4021 3084 4064 omnes
3115 4023 3286 4067 mss.:
3316 4009 3414 4065 sed
3446 4009 3657 4082 vulgati,
3679 4007 3794 4078 quis-

2241 4093 2416 4146 quam.

2316 4149 2403 4202 13.
2445 4147 2638 4221 Hostes
2671 4149 2940 4204 Romaniw
2968 4160 3107 4205 sunt.
3145 4149 3379 4221 Scripsit
3411 4151 3498 4207 hic
3526 4149 3789 4221 Fabricius,

2246 4218 2496 4292 Romanis
2545 4229 2698 4292 sunt,
2743 4222 2987 4292 territus,
3039 4218 3628 4292 Opinorpabsurditatc
3671 4220 3792 4273 vocis

2245 4289 2661 4345 Iiomaniw.Sed
2707 4307 2827 4346 cum
2873 4289 3087 4348 Colon.’
3132 4289 3272 4348 liber
3325 4295 3408 4348 sic
3458 4295 3658 4360 habeat,
3701 4306 3789 4345 non

2242 4362 2449 4434 veritus
2470 4376 2586 4415 sum
2609 4377 2703 4430 pro
2732 4363 2996 4418 Orosiano
3017 4377 3346 4434 agnoscere;
3381 4370 3663 4434 prmsortitu
3683 4377 3782 4415 cum

2244 4431 2340 4486 lib.
2366 4448 2434 4486 vn
2447 4437 2624 4509 etiam
2650 4436 2729 4488 sic
2756 4435 3006 4509 loquatur
3090 4433 3336 4509 Essetque
3361 4431 3413 4509 rit
3443 4433 3792 4509 rulgariter-los-

2242 4519 2398 4576 (μίαν,
2436 4501 2650 4569 Gothia,
2683 4501 3105 4576 quod'Romania
3135 4501 3338 4575 fuisset.
3365 4501 3790 4576 [mnf—Optime

2244 4573 2488 4638 Lautius,
2521 4573 2750 4644 eamque
2783 4576 3073 4631 lectionem
3127 4573 3452 4633 confirmant
3508 4588 3611 4632 tres
3654 4573 3789 4628 codd.

2165 4667 2218 4728 Ι)
2246 4646 2732 4728 lt‘lorentinihquos
2780 4646 2922 4728 inter
2965 4657 3051 4702 est
3077 4649 3314 4728 optimus
3342 4660 3398 4705 ct
3428 4646 3789 4705 vetustissimus

2244 4715 2668 4788 Longobardicis
2697 4718 2894 4772 litteris
2915 4715 3282 4788 conscriptus.
3716 4743 3726 4752 -

2314 4790 2402 4861 16ἶ
2446 4786 2720 4861 Hostiliter
2760 4789 3006 4861 turbant,
3059 4786 3172 4861 qua:
3201 4789 3375 4861 (quod
3413 4806 3516 4861 non
3546 4786 3795 4858 permiserit

2243 4856 2412 4928 Deus)
2439 4859 2482 4910 si
2503 4858 2722 4912 edomita
2745 4859 3046 4913 obtinerent.
3074 4860 3147 4915 ita
3171 4856 3395 4916 omnino
3411 4860 3498 4916 hic
3519 4856 3660 4917 locus
3681 4862 3793 4912 Uro-

2241 4929 2304 4983 sii
2334 4929 2591 5002 legendus
2621 4939 2784 5002 atque
2820 4930 3290 5002 interpungendus
3323 4942 3429 4988 est.
3483 4932 3789 4986 lntrusernnt

2238 4999 2646 5073 rrgnaguidam
2676 5001 2727 5054 itt
2758 5015 2890 5056 mss.
2924 5012 2978 5054 et
3008 4999 3169 5057 editis
3199 5002 3467 5073 legentes,
3501 5003 3694 5056 turbant
3717 5016 3786 5053 rc-

2240 5088 2361 5144 qna.
2404 5070 2609 5144 Verum
2655 5086 2832 5144 neque
2877 5082 3108 5144 vetustte
3152 5070 3444 5136 editiones,
3479 5088 3643 5144 neque
3671 5084 3782 5126 mss.

2240 5131 2544 5216 Florentini
2573 5151 2704 5216 tres,
2733 5131 2904 5206 Meus,
2928 5143 3176 5216 Perizon.
3210 5153 3265 5199 et
3285 5131 3458 5216 Lugd.
3491 5131 3602 5200 Bai.
3630 5151 3782 5216 quau.

2237 5211 2543 5286 cum_Coll_.
2589 5211 2830 5268 Gronov.
2879 5228 3067 5286 vocem
3123 5215 3280 5286 istam
3331 5211 3783 5286 agnoscuntIDeiu

2240 5299 2339 5353 pro
2369 5283 2529 5354 (quod
2555 5301 2658 5357 non
2681 5284 3305 5357 permiseritDeuslqua:
3337 5283 3500 5342 vérha
3531 5284 3784 5355 parenthe-

2240 5369 2362 5409 seos
2387 5363 2514 5409 uota
2542 5355 2797 5424 distingui
2830 5370 2857 5407 a
2891 5354 3117 5425 reliquis
3136 5354 3369 5421 debent,
3402 5354 3601 5426 legunt,
3627 5358 3674 5408 in
3701 5367 3784 5421 quo

2243 5442 2345 5479 non
2373 5465 2388 5492 ,
2439 5433 2546 5480 etc.
2577 5467 2591 5493 ,
2644 5427 2888 5495 plerique
2936 5439 3068 5481 mSS.
3122 5427 3378 5482 videlicet
3426 5429 3591 5483 Florr.
3641 5442 3711 5495 pr.
3734 5429 3782 5495 et

2243 5506 2369 5568 ιρι-ι.
2422 5496 2568 5568 (nam
2620 5493 2732 5552 sec.
2775 5493 2966 5565 delet),
3016 5497 3188 5563 Meus,
3241 5498 3442 5566 Periz.,
3491 5493 3779 5559 Ultr.,Coll.

2245 5565 2487 5622 Gronov.
2517 5608 2532 5633 ,
2566 5568 2731 5636 Lugd.
2765 5568 2884 5622 Bat.
2912 5582 3024 5636 pr.,
3058 5577 3209 5633 tert.,
3239 5565 3446 5637 quart.,
3479 5584 3597 5624 nam
3626 5568 3673 5620 in
3711 5577 3779 5634 pr.

2246 5637 2584 5693 desideratur
2633 5653 2736 5692 una
2787 5638 2990 5708 pagella
3011 5677 3028 5703 ,
3075 5639 3321 5708 adeoque
3354 5655 3484 5696 mss.
3515 5650 3705 5707 omnes,
3735 5642 3780 5692 ut

2244 5718 2300 5767 et
2324 5709 2417 5764 ed.
2451 5710 2762 5778 Angustana
2789 5726 2802 5763 :
2831 5722 3020 5764 omnes
3049 5710 3262 5765 vitiose.

2319 5781 2404 5839 i7.
2451 5780 2768 5841 Obtiuerent.
2801 5779 2903 5839 Ed.
2935 5779 3076 5857 Aug.
3108 5780 3458 5849 Obtinuerint,
