3938 6318
139 365 212 429 811
999 369 1004 398 ’
1103 367 1575 427 IlISTORIARUM
1613 367 1816 427 LIBER
1854 368 1944 427 IV.
1986 369 2145 428 CAP.
2188 371 2285 429 IX.

3252 372 3361 435 8⁸18

137 483 196 539 llis
217 482 404 538 Romam
434 479 663 537 revexit.
694 478 949 553 Regulus,
977 478 1180 537 bellum
1209 481 1660 552 Carthaginiense
1685 488 1733 546 Λ
1761 481 1943 547 solvit,
1974 498 2073 553 per
2115 498 2276 553 quam
2304 488 2580 541 costarum
2621 483 2791 554 pedes
2816 491 2874 541 et
2901 493 3080 543 motus
3111 488 3364 557 corporis

137 577 329 641 sortitus,
372 576 472 631 iter
521 589 636 630 cum
684 575 920 631 exercitu
968 573 1194 641 faciens,
1238 572 1380 628 haud
1412 573 1659 644 procula

134 668 304 723 ﬂumine
333 667 555 738 Bagrada
583 677 753 722 castra
785 667 1084 730 constituit,
1120 667 1212 722 ubi
1242 681 1365 721 cum
1398 667 1660 735 plurimos

134 762 333 824 militum,
366 759 585 830 aquandi
627 760 946 815 necessitate
984 759 1048 814 ad
1092 759 1291 816 flumen
1329 759 1659 814 descenden-

41 867 44 870 ’
132 868 202 919 tes,
227 858 262 889 “
282 872 486 927 serpens
509 857 655 913 mirae
682 859 1068 928 magnitudinis
1088 859 1398 923 devoraret,
1421 858 1658 929 Regulus

129 950 174 1002 ad
191 949 558 1019 expugnandam
582 950 809 1005 bestiam
831 965 952 1004 cum
979 951 1219 1005 exercitu
1243 951 1516 1020 profectus
1543 958 1656 1004 est:

34 1079 36 1082 μ
125 1041 196 1095 sed
230 1041 345 1096 nihil
386 1041 433 1095 in
478 1049 630 1112 tergo
656 1042 772 1113 ejus
812 1042 1219 1115 proﬁcientibus
1243 1043 1461 1113 jaeulis,
1494 1053 1658 1115 atque

123 1134 231 1186 omni
266 1133 475 1189 telorum
509 1135 618 1189 ictu
645 1134 820 1201 irrito,
853 1151 975 1207 quae
1000 1152 1098 1207 per
1137 1135 1459 1192 horrendam
1497 1151 1657 1208 squa-

119 1238 280 1278 marum
307 1232 497 1279 cratem
525 1225 675 1294 quasi
702 1241 796 1295 per
823 1225 1096 1298 obliquam
1124 1238 1399 1283 scutorum
1430 1227 1658 1282 testudi-

118 1330 208 1370 nem
250 1315 570 1381 labebantur,
621 1318 926 1388 mirumque
971 1301 1316 1385 in'modum,
1365 1335 1433 1374 ne
1460 1333 1658 1390 corpus

119 1406 345 1476 lederent,
373 1408 486 1478 ipso
509 1424 737 1480 corpore
769 1410 1130 1481 pellebantur,
1155 1427 1276 1466 cum
1301 1411 1522 1484 insuper
1545 1427 1658 1468 ma-

114 1513 237 1568 gnam
253 1499 634 1557 multitudinem
657 1516 840 1556 morsu
855 1496 1176 1566 comminui,
1202 1504 1406 1574 impetu
1430 1506 1652 1572 proteri,

112 1589 246 1644 halitu
276 1593 427 1647 etiam
470 1593 733 1664 pestifero
771 1595 1071 1650 exanimari
1099 1593 1330 1662 videret,
1363 1597 1407 1627 ¹⁵
1433 1595 1657 1652 balistas

105 1680 264 1737 deferri
287 1684 579 1753 imperavit,
613 1700 710 1755 per
735 1701 872 1758 quas
914 1687 957 1718 “
1000 1688 1207 1744 murale
1249 1703 1440 1743 saxum
1482 1688 1656 1758 spinae

107 1772 193 1843 ejus
213 1775 487 1844 incussum,
511 1792 825 1849 compagem
851 1779 1016 1834 totius
1037 1781 1281 1850 corporis
1305 1779 1487 1836 solvit.
1506 1780 1657 1837 Talis

1761 578 2090 646 agebantur;
2142 578 2285 633 unde
2315 579 2477 633 etiam
2510 580 2554 610 "
2589 578 2677 634 hic
2705 592 2959 648 serpens,
3005 578 3101 649 qui
3151 578 3359 635 tamdiu

1762 675 1840 722 tot
1856 668 2051 736 jaculis
2075 669 2486 725 invulnerabilis
2511 670 2738 737 obstitit,
2765 669 2832 725 ad
2857 670 3018 725 unius
3041 671 3156 724 saxi
3187 670 3357 726 ictum

1761 757 1954 814 debilis
1985 760 2172 826 cessit,
2198 775 2259 814 ac
2289 775 2419 816 mox
2452 762 2856 818 circumventus
2885 761 3008 816 tells
3058 761 3221 818 facile
3251 776 3356 832 op-

1762 866 1982 923 pressus
2011 864 2114 908 est.
2143 854 2361 910 Corium
2396 864 2576 910 autem
2621 857 2740 926 ejus
2785 857 3013 910 Romam
3046 855 3348 914 devectum

1761 943 1936 1014 (quod
1968 943 2136 1002 fuisse
2184 958 2399 1002 centum
2450 948 2635 1018 viginti
2687 949 2882 1018 pedum
2927 948 3108 1016 Spatio
3135 947 3357 1021 ferunt)

1759 1036 2092 1102 aliquamdiu
2125 1039 2338 1094 cunctis
2371 1041 2634 1096 miraculo
2659 1039 2782 1095 fuit.
2817 1043 2859 1073 ἰ
2889 1041 3132 1112 Regulus
3158 1042 3356 1099 adver-

1758 1139 1854 1182 sus
1884 1134 1994 1183 tres
2018 1129 2398 1199 imperatores,
2424 1129 2476 1184 id
2501 1138 2607 1199 est,
2639 1129 2974 1186 Asdrubales
3005 1131 3142 1186 duos
3172 1141 3227 1188 et
3257 1146 3348 1188 ac-

1759 1223 1924 1277 citum
1967 1237 2034 1278 ex
2064 1223 2252 1280 Sicilia
2300 1225 2656 1290 Amilearent,
2701 1225 3104 1280 atrocissimum
3149 1225 3356 1280 bellum

1760 1313 1951 1383 gessit,
2000 1315 2050 1368 in
2093 1329 2201 1384 quo
2239 1314 2284 1348 ⁸³
2323 1329 2465 1370 ca'sa
2507 1323 2637 1368 sunt
2679 1312 3215 1385 Carthaginiensium
3264 1329 3355 1370 sc-

1759 1405 2089 1476 ptemdecim
2118 1407 2308 1472 millia,
2342 1414 2498 1478 capti
2531 1417 2710 1462 autem
2741 1408 2981 1478 quinque
3020 1407 3215 1475 millia,
3245 1408 3359 1464 ele-

1759 1497 1946 1567 phanti
1977 1497 2163 1554 decem
2191 1506 2246 1553 et
2285 1506 2410 1553 octo
2455 1497 2698 1564 abducti,
2745 1497 2792 1530 "
2820 1497 3022 1569 oppida
3073 1499 3359 1569 octoginta

1758 1589 1868 1647 duo
1897 1590 1950 1646 in
1978 1589 2308 1646 deditionem
2340 1603 2559 1646 cessere
2589 1589 2870 1665 Romanis.

2273 1766 2439 1839 233
2474 1763 2702 1824 CAPUT
2733 1766 2826 1823 ut.

100 1865 321 1934 siquidem
345 1876 425 1922 est
451 1878 640 1924 natura
665 1871 958 1940 serpentis,
987 1881 1043 1924 Ill
1066 1887 1188 1925 cum
1215 1871 1442 1942 pedibus
1463 1887 1652 1928 carere
1685 1882 1732 1943 B
1757 1879 2229 1954 Carthaginiense!)
2246 1894 2432 1953 negata
2455 1884 2552 1954 sibi
2579 1900 2724 1954 pace.
2751 1883 2950 1938 auxilia
2977 1882 3201 1954 undique
3228 1898 3358 1940 εοη-

101 1957 330 2025 rideatur,
357 1961 510 2036 237
539 1965 707 2020 costis
731 1974 908 2020 tamen
931 1974 985 2019 et
1007 1968 1273 2035 squamis,
1298 1982 1430 2036 quas
1456 1981 1484 2020 a
1507 1980 1658 2022 sum-

100 2065 167 2105 mo
182 2061 384 2123 gutture
426 2073 602 2127 usque
647 2056 715 2113 ad
758 2060 918 2113 imam
951 2059 1133 2114 alvum
1164 2060 1321 2132 parili
1358 2061 1522 2117 inodo
1551 2061 1662 2118 dis-

97 2147 266 2211 positas
291 2147 478 2220 habet,
524 2149 594 2204 ita
649 2150 971 2216 instruatur,
1021 2160 1078 2206 ut
1108 2153 1346 2224 squamis
1377 2154 1531 2223 quasi
1562 2171 1660 2210 un-

90 2236 270 2306 guibus,
303 2241 470 2296 costis
505 2242 666 2314 quasi
717 2244 967 2298 cruribus
1008 2245 1293 2300 innitatur.
1344 2245 1463 2302 Non
1511 2247 1656 2303 enim

97 2337 134 2379 ut
157 2331 356 2398 vermis,
385 2334 472 2388 cui
501 2333 672 2405 spina:
698 2335 844 2405 rigor
871 2351 980 2390 non
1004 2345 1122 2404 est,
1158 2336 1199 2369 ¹⁷
1227 2345 1283 2392 et
1309 2338 1363 2393 in
1392 2338 1654 2394 directum

84 2423 354 2490 corpusculi
386 2429 472 2479 sui
518 2433 706 2495 partes
748 2427 1024 2496 gradatim
1064 2428 1396 2500 porrigendo
1441 2438 1661 2486 contra-

87 2522 191 2574 ctas.
237 2518 617 2576 contrahendo
649 2530 953 2592 porrectas,
1009 2532 1214 2577 motum
1263 2523 1521 2593 eXpIicat,
1559 2525 1654 2580 sed

80 2604 263 2664 alternis
303 2609 516 2667 intenta
555 2612 839 2667 conatibus
868 2614 1038 2668 latera
1066 2614 1284 2669 sinuosa
1316 2614 1652 2686 circumfert,

77 2705 120 2749 ut
146 2716 228 2767 per
251 2705 588 2760 exteriorem
619 2704 790 2773 Spinae
828 2716 1196 2769 curvaturam,
1247 2708 1514 2777 rigentem
1561 2723 1656 2765 co-

75 2797 245 2847 starum
277 2796 458 2851 aciem
494 2795 703 2863 tendat,
731 2798 898 2852 costis
939 2809 1119 2852 autem
1152 2807 1350 2853 natura
1405 2799 1470 2854 ad
1504 2814 1650 2855 sum-

72 2895 188 2937 mum
226 2888 390 2942 rectis
424 2902 783 2959 squamarum
832 2890 1060 2960 ungulas
1104 2889 1270 2960 figat:
1303 2891 1446 2962 quod
1498 2891 1654 2948 vicis-

69 2970 151 3027 sim
180 2987 229 3031 et
253 2978 523 3034 celeriter
545 2979 778 3049 agendo,
805 2995 908 3034 non
939 2980 1113 3036 solum
1145 2983 1302 3052 plana
1335 2983 1652 3054 perlabitur,

65 3068 138 3119 sed
160 3071 315 3124 etiam
341 3086 599 3126 convexa
627 3072 969 3140 conscendit,
1001 3082 1081 3128 tot
1106 3075 1352 3146 vestigiis
1384 3075 1651 3132 instructa

61 3170 164 3226 qaut
193 3163 384 3218 costis.
427 3162 615 3233 Hujus
647 3164 824 3234 itaque
861 3167 934 3221 rei
968 3180 1131 3222 causa
1161 3176 1266 3234 est,
1291 3177 1350 3223 ut
1378 3168 1495 3224 siin
1521 3185 1652 3242 qua-

1835 1949 2072 2017 traxisse,
2095 1971 2157 2008 ac
2176 1949 2484 2022 Xanthippo
2512 1949 2905 2009 Lacedaemonio
2926 1956 3054 2008 duce
3087 1949 3352 2010 Romanos

1834 2025 2622 2098 stravisse._R_egulumcepisse,
2651 2042 2866 2098 eamque
2897 2027 3149 2098 injuriam
3176 2025 3352 2081 Admi—

1834 2098 1958 2152 lium
1989 2107 2037 2151 et
2067 2095 2313 2152 Fulvium
2342 2095 2478 2152 ultos
2505 2097 2688 2168 fuisse.

1832 2241 2332 2313 Carthaginienses,
2357 2238 2514 2298 fracti
2533 2242 2690 2298 bellis
2711 2248 2767 2298 et
2788 2241 3034 2298 cladibus
3055 2243 3356 2312 exinaniti,

1761 2349 1949 2408 pacem
1972 2351 2003 2392 a
2030 2336 2237 2408 Regulo
2265 2346 2630 2410 poposrerunt
2656 2356 2667 2390 :
2693 2336 2789 2393 sed
2811 2351 2933 2392 cum
2965 2337 3352 2394 intolerabiles

1760 2438 1814 2484 et
1849 2430 1862 2459 ¹
1896 2426 2062 2483 duras
2090 2427 2441 2484 conditiones
2475 2427 2625 2498 pacis
2665 2426 2966 2491 audissent,
2997 2429 3018 2460 ¹
3049 2428 3226 2482 tutius
3255 2429 3359 2482 rati

1759 2533 1884 2576 sese
1905 2529 2145 2575 armatos
2176 2520 2312 2576 mori
2335 2536 2496 2592 quam
2531 2521 2763 2575 miseros
2789 2519 2999 2587 vivere,
3029 2519 3208 2585 pretio
3239 2533 3352 2575 non

1758 2612 1937 2666 solum
1973 2611 2336 2680 Ilispanorum
2365 2611 2448 2667 vel
2479 2611 2760 2667 Gallorum
2810 2611 3036 2675 auxilia,
3080 2625 3200 2682 qua:
3244 2610 3355 2681 jam

1758 2704 1964 2761 dudum
1992 2706 2221 2774 plurima
2249 2705 2541 2774 habebant,
2568 2705 2662 2759 sed
2686 2704 2850 2759 etiam
2876 2703 3192 2760 Graecorum
3215 2717 3358 2759 com-

1757 2801 1998 2873 paranda
2029 2802 2330 2856 duxerunt.
2376 2800 2397 2832 ³
2429 2801 2618 2869 Itaque
2649 2799 3044 2871 Xanthippum,
3098 2797 3361 2854 Lacedze-

1757 2894 2065 2949 moniorum
2091 2909 2297 2964 regem,
2326 2907 2447 2948 cum
2474 2892 2692 2947 auxiliis
2719 2893 2974 2957 accitum,
2995 2891 3185 2946 ducem
3207 2891 3356 2946 bello

1756 2988 2135 3060 przeleceruut.
2165 2985 2533 3055 Xanthippus,
2565 2984 2832 3056 inspectis
2859 2985 3153 3040 Poenorum
3180 2985 3359 3055 copiis

1756 3092 1920 3152 atque
1953 3085 2002 3136 in
2033 3096 2282 3152 campum
2315 3079 2592 3144 deductis,-
2634 3079 2791 3149 looge
2832 3079 2884 3132 in
2920 3077 3117 3131 melius
3145 3085 3359 3131 mutato

1755 3183 2037 3245 apparatu,
2072 3188 2304 3244 pugnam
2351 3186 2476 3228 cum
2519 3171 2782 3225 Romanis
2818 3168 3118 3225 censeruit.
3149 3168 3352 3239 Ingens

57 3250 167 3308 libet
192 3258 450 3326 corporis
479 3266 642 3329 parte
671 3259 738 3312 ab
769 3259 892 3313 alvo
924 3276 1097 3329 usque
1126 3261 1192 3316 ad
1224 3273 1386 3333 caput
1418 3264 1526 3319 ictu
1549 3266 1649 3318 ali-
1678 3265 1723 3328 C
1757 3266 1831 3323 ibi
1865 3267 2020 3322 ruina
2058 3263 2079 3296 ⁸
2120 3265 2486 3320 Romanarum
2530 3261 2734 3318 virium
2781 3260 2881 3318 fttit
2909 3279 2922 3314 :
2957 3276 3083 3316 nam
3138 3262 3358 3332 triginta

54 3356 138 3413 quo
163 3347 488 3419 collidatur,
525 3349 725 3405 debilis
751 3351 963 3407 reddita
991 3355 1032 3385 ⁸⁸
1056 3369 1278 3410 cursum
1310 3355 1512 3412 habere
1535 3372 1645 3412 non

51 3442 213 3507 possit,
237 3444 366 3514 quia
393 3445 438 3478 ¹⁹
465 3444 798 3516 ubicumque
820 3446 912 3502 ille
947 3448 1083 3504 ictus
1113 3447 1387 3516 inciderit,
1419 3450 1630 3519 Spinam

1750 3358 1918 3414 millia
1950 3359 1972 3390 ⁸
2002 3357 2368 3412 Romanorum
2406 3355 2461 3410 in
2497 3354 2586 3409 illa
2621 3363 2750 3408 tunc
2777 3353 3168 3423 congressione
3223 3367 3352 3423 pro-

1738 3456 1904 3505 strata
1935 3453 2086 3504 sunt.
2114 3447 2350 3520 Regulus
2381 3445 2470 3504 ille
2491 3445 2514 3477 '
2533 3445 2644 3502 dux
2672 3444 2872 3501 nobilis
2893 3458 3016 3501 cum
3037 3444 3354 3517 quingentis

1320 3562 1778 3620 IIAVERCAMPI
1818 3563 2051 3621 NOTE.

34 3689 278 3817 agrenlt.
331 3711 470 3752 eum
526 3695 802 3766 Perizon.,
851 3697 1021 3768 Lugd.
1063 3697 1182 3754 Bal.
1234 3707 1358 3756 tert.
1401 3708 1458 3754 et
1493 3699 1632 3757 Coll.

130 3784 250 3817 nov-

77 3781 250 3826 ronov.

99 3840 171 3892 l4.
218 3841 464 3910 Serpens
517 3838 670 3912 miri;
719 3841 1110 3912 magnitudinis.
1164 3842 1315 3898 Hanc
1358 3840 1640 3898 historiam

33 3905 89 3982 de
128 3905 392 3980 serpente
432 3928 466 3966 a
515 3911 582 3965 T.
627 3911 780 3966 Livio
805 3905 1042 3968 'curiose
1079 3915 1283 3982 pariter
1321 3927 1385 3969 ac
1414 3912 1645 3968 facunde

29 3981 234 4037 relatam
268 3984 439 4038 initio
476 3983 576 4038 lib.
612 3999 739 4037 xvnr
770 3985 960 4039 scribit
989 3981 1231 4039 Valerius
1259 3985 1400 4040 libro
1427 3993 1646 4040 textre-

25 4065 134 4177 me];
150 4055 366 4108 Recitat
397 4053 668 4110 eamdem
695 4069 726 4109 e
746 4054 1039 4112 Tuberone
1062 4055 1268 4112 Gellius
1290 4057 1415 4114 libr.
1439 4073 1493 4111 γι
1518 4071 1638 4126 cap.

25 4139 64 4176 ὓ.
111 4139 257 4177 ‘ABR.

21 4139 64 4176 ὓ.
95 4139 122 4177 Ι⁴
135 4141 257 4182 ABR.

83 4197 165 4256 15,
200 4197 448 4251 Balistas
479 4195 705 4262 deferri.
735 4197 960 4264 Quidam
990 4215 1057 4254 ex
1089 4214 1220 4255 mss.
1254 4209 1309 4254 et
1335 4199 1489 4266 edd.,
1520 4197 1651 4254 bali-

20 4274 113 4318 stas
143 4269 379 4336 deferre.

82 4339 162 4401 l6.
206 4339 439 4411 Murale
494 4354 712 4394 saxum.
765 4339 938 4411 Lugd.
991 4341 1134 4399 Bait.
1181 4352 1293 4398 tres
1340 4357 1461 4397 cum
1507 4339 1644 4397 Coll.

15 4406 269 4480 Gronov.,
308 4410 540 4464 mertare
565 4426 768 4480 saxum.
800 4406 946 4466 Id'em
975 4414 1027 4468 in
1069 4414 1355 4469 Vincentio
1402 4415 1646 4468 Bellova-

13 4484 144 4536 ccnsi
177 4479 375 4538 inveni
411 4481 598 4551 Spec.
627 4479 831 4554 Histor,
865 4483 959 4540 lib.
994 4499 1068 4547 vt,
1100 4500 1220 4554 cap.
1253 4485 1344 4543 55.

72 4556 150 4610 I7.
198 4555 269 4609 Et
302 4557 364 4608 in
408 4555 707 4607 directura.
769 4553 909 4608 Male
957 4553 1254 4610 coaluit’in
1294 4555 1421 4610 edd.
1453 4555 1641 4623 Fabr.,

14 4621 337 4680 iudirectum.
367 4625 530 4679 Male
558 4638 774 4695 quoque
797 4625 956 4694 paulo
974 4638 1099 4682 ante
1115 4627 1166 4681 in
1183 4627 1330 4695 edd.,
1348 4621 1642 4694 instruitur,

13 4708 86 4749 aro
113 4699 458 4760 inslrualur,
492 4693 650 4763 quod
683 4695 736 4748 in
766 4711 896 4750 mss.
926 4706 1027 4752 est.

64 4770 148 4822 18.
193 4767 455 4824 Cursum
509 4763 704 4839 habere
747 4783 851 4820 non
882 4769 1054 4835 possit.
1102 4769 1200 4822 Ed.
1235 4772 1463 4839 August.
1499 4769 1638 4823 haud

1816 3699 1908 3756 23.
1955 3698 2163 3768 Oppida
2212 3697 2303 3754 83.
2365 3696 2682 3767 Eutropius,
2735 3697 2803 3752 74
2847 3696 3078 3754 civitates
3110 3696 3164 3751 in
3197 3697 3355 3765 [idem

1744 3771 1961 3844 accepit.
1984 3771 2208 3844 ___Fastt.

1817 3838 1949 3898 Chr.
1984 3840 2075 3895 IX.
2100 3871 2170 3881 -—
2202 3841 2252 3895 1.
2286 3839 2462 3894 Dum
2481 3839 2824 3896 conditiones.
2857 3838 3004 3896 Idem
3028 3838 3219 3896 scribit
3250 3839 3353 3895 Po-

1750 3913 1862 3988 lyb.
1896 3912 2066 3988 lib._t,
2095 3912 2319 3988 EutrOp.
2349 3926 2412 3988 Il:
2488 3909 2654 3988 Pana.

1821 3984 1876 4037 2.
1918 3983 2162 4054 Adjurati
2197 3979 2325 4035 sese.
2370 3981 2484 4054 Hoc
2514 3982 2637 4048 quia
2669 3993 2799 4034 mss.
2832 3979 3123 4054 habebant,
3161 3979 3350 4054 Fabri-

1753 4057 1870 4112 cius
1901 4057 1968 4108 ad
1993 4050 2299 4122 ’marginem
2329 4052 2680 4122 ascripserat,
2712 4064 2823 4116 prie
2837 4065 2958 4122 quo
2981 4050 3206 4105 retinuit
3230 4053 3350 4106 vul-

1751 4120 2161 4199 gatum,_tutius
2198 4122 2319 4175 rati.
2373 4121 2778 4199 Ferri__scripta
2835 4120 3349 4199 lectioupotesthsi

1752 4191 1912 4253 malle
1955 4195 2149 4252 Graeco
2196 4208 2346 4247 more
2384 4191 2881 4264 exaudias.Lau'r.
2916 4221 2975 4233 -
3020 4191 3135 4264 Ego
3165 4192 3222 4250 in
3256 4193 3343 4262 iis,

1753 4285 1889 4340 quos
1916 4266 2180 4340 consului,
2206 4261 2560 4340 mss._inveni
2592 4263 2752 4340 tutius
2782 4262 2905 4316 rati.

1822 4341 1878 4396 5.
1920 4336 2280 4406 Xanthippum
2336 4332 2850 4389 Lacedmmouiorum
2897 4349 3095 4406 regem.
3141 4332 3375 4406 Regem‘

1753 4411 1896 4465 hunc
1927 4403 2460 4464 Lacedaemoniorum
2506 4406 2692 4470 luisse,
2725 4419 2907 4474 nemo,
2957 4403 3104 4476 quod
3156 4403 3345 4472 sciam,

1752 4483 1964 4545 scribit,
2025 4480 2217 4533 ducem
2266 4479 2494 4531 missum
2542 4476 3078 4546 Carthaginiensibus
3129 4490 3342 4531 omnes.

1748 4552 1964 4617 Cicero,
1992 4567 2050 4606 Ill
2082 4551 2148 4604 de
2169 4548 2323 4604 Ollio.
2347 4546 2718 4616 Xanthippum
2749 4548 3215 4617 Lacedaemonium
3244 4563 3345 4601 vo-

1747 4638 1852 4678 cat.
1906 4616 2162 4694 Polybius
2210 4621 2496 4676 Ξάνθιππόν
2544 4619 3090 4695 τινα-Λακεδαιμόνιρν
3154 4616 3344 4695 ᾆνδρα,

1746 4704 1838 4756 τῆς
1858 4691 2133 4767 Λακοῦικῆς
2161 4696 2364 4766 ἀγωγῆς
2391 4693 2758 4767 μετεσχηκότοξ
2773 4733 2785 4755 ,
2827 4695 2909 4747 καὶ
2930 4691 3194 4767 api-Cm
3230 4691 3341 4751 rei;

1745 4768 2036 4840 πολεμικρῖς
2082 4759 2647 4840 ἕχοῦταίσύμμετροἶιέ
2711 4763 2762 4818 id
2808 4775 2930 4817 est:
2970 4759 3342 4840 'Xantltippum

17 4850 171 4905 nepte
200 4842 371 4912 legit,
423 4852 606 4893 cursu
634 4837 777 4891 abire
815 4830 919 4912 non
964 4840 1144 4906 possit,
1189 4830 1412 4896 coacius
1438 4842 1648 4898 scilicet
1675 4845 1726 4905 D
1751 4830 1916 4912 t‘iruin
1945 4830 2442 4912 LacertiEntouium,'
2465 4830 2554 4912 qui
2608 4833 2873 4912 Spartano
2917 4848 3060 4912 maia
3086 4830 3338 4885 educatus

13 4926 33 4962 u
67 4912 215 4976 luci),
253 4914 357 4966 ubi
401 4913 624 4963 vulnus
669 4911 902 4976 accepit,
935 4926 1172 4966 manere.

55 4986 142 5038 19.
193 4983 573 5048 Ubicumque
608 4979 695 5034 ille
740 4981 870 5034 ictus
921 4981 1182 5035 inciderit.
1207 4982 1314 5038 Pro
1356 4981 1448 5038 ille
1489 4985 1642 5048 ictus,

16 5054 204 5126 ulgati,
237 5063 516 5122 excepta
547 5053 799 5126 August._,
833 5051 1092 5126 exhibent
1117 5055 1198 5108 illi
1220 5056 1374 5126 ictus.
1408 5054 1516 5109 Sed
1547 5055 1648 5126 ali-

14 5122 287 5198 er‘legere
345 5125 549 5198 jubet
589 5122 714 5198 cod.
773 5122 1041 5198 L0ngob._
1068 5139 1190 5198 cum
1243 5125 1419 5198 tribus
1476 5125 1644 5195 Lugd.

17 5207 109 5252 all.
146 5192 366 5268 atque
403 5193 575 5249 Coll.
603 5192 859 5268 ‘Gronov.
899 5192 969 5268 'et
1014 5195 1291 5268 Perizon.,
1321 5196 1414 5266 qui
1455 5192 1647 5268 omnes

13 5271 208 5328 robant
237 5261 344 5326 ille
372 5270 567 5322 ictus.
603 5261 659 5319 In
684 5265 804 5321 Meo
835 5265 1034 5338 legitur
1059 5267 1171 5322 illic
1200 5261 1355 5334 ictus;
1387 5267 1530 5338 quod
1562 5267 1642 5323 Io-

16 5357 85 5396 Im
117 5345 276 5398 lueri
310 5341 475 5394 satis
503 5345 714 5406 potest.

34 5413 132 5472 20.
176 5413 302 5468 Hic
331 5421 616 5480 serpens.
645 5406 700 5461 In
730 5406 993 5464 Florentt.
1025 5424 1108 5477 pr.
1141 5419 1197 5464 et
1234 5423 1348 5466 sec.
1372 5409 1647 5480 pluribus-

13 5502 61 5541 ie
87 5488 227 5542 aliis
261 5499 424 5542 mss.
441 5476 599 5531 Ἰιωο
620 5494 827 5548 serpens
865 5476 1082 5552 legitur,
1106 5490 1161 5536 et
1182 5482 1307 5536 dein
1336 5476 1478 5552 qua;
1505 5492 1563 5536 ut
1589 5489 1646 5536 et

13 5567 364 5619 'cumveuta,
401 5562 600 5620 atque
622 5564 890 5620 oppressa.

22 5631 115 5686 ει,
164 5627 457 5701 Reguius
523 5619 775 5701 adversus
819 5633 922 5701 tres
969 5626 1320 5701 imperatores.
1356 5622 1646 5701 Eutropius

14 5718 64 5754 es
96 5691 291 5756 duces
323 5699 478 5752 sine
522 5691 749 5746 nomine
797 5695 928 5749 edit.
983 5691 1260 5766 Pelybius,
1306 5693 1638 5771 Ἀσδρούϐαν,

14 5795 246 5815 ine-unm
281 5773 393 5815 νηὶ
427 5762 692 5815 Ἀμίλκαν
721 5767 982 5815 nominat.
1020 5766 1185 5815 Fann.

13 5795 246 5852 ,ςταρσν
281 5773 393 5827 καὶ
427 5767 692 5844 νΑμίλξαγ
721 5767 982 5820 nominat.
1019 5767 1185 5822 Fann.
1429 5767 1438 5771 ⁷

14 5851 105 5900 εεε,
155 5845 336 5902 Casa
378 5834 744 5907 XV'ILtlttllta.
779 5834 1093 5907 Eutropius,
1125 5854 1156 5892 κ
1184 5846 1237 5895 οι
1261 5853 1315 5893 ts
1347 5836 1514 5893 millia
1544 5837 1645 5892 h0-

13 5937 99 5971 um
128 5917 380 5974 cecidit.
487 5902 672 5961 ΕΔΜ.

1751 4910 2058 4965 mediocrem
2090 4910 2145 4962 in
2177 4923 2232 4962 re
2261 4902 2658 4962 militari'usum'
2681 4902 2919 4956 habebat.
2995 4902 3160 4958 Fann.

1820 4982 1875 5035 4.
1927 4979 2300 5034 Romanarum.
2356 4976 2706 5031 Romanorum
2747 4975 2895 5028 Meus
2917 4981 2970 5028 et
3007 4973 3176 5042 Lugd.
3212 4974 3336 5028 Bst.

1751 5066 1836 5121 pr.
1863 5067 1987 5107 cum
2017 5051 2104 5106 ed.
2136 5051 2329 5106 Scoﬂi.
2363 5047 2498 5121 Tre_s
2527 5043 2853 5108 Florentini,
2895 5045 3126 5121 militum
3149 5043 3346 5121 Roma-

1753 5113 1960 5176 norum.
2003 5122 2190 5176 Melius
2252 5127 2409 5174 sonat
2453 5117 2808 5172 Romanarum
2859 5115 3081 5183 virium,
3112 5123 3172 5170 ut
3203 5113 3347 5170 vires

1753 5191 2028 5258 Romanw,
2062 5207 2170 5246 non
2206 5191 2576 5258 Romanorum,
2606 5187 2920 5258 innuantur.

1825 5265 1881 5318 5.
1927 5253 2066 5318 Nam
2093 5263 2304 5332 triginta
2335 5257 2534 5332 millia._
2561 5253 2840 5332 Appianus
2870 5257 2924 5310 in
2947 5253 3147 5332 Libyca
3172 5271 3186 5308 :
3216 5254 3345 5332 'agré

1752 5337 2070 5426 τρισμυρίων
2121 5324 2344 5426 ὀςξδρῶηξ
2392 5328 2542 5426 012.152
2567 5324 2792 5417 miratos.
2811 5324 2949 5426 illa,
3001 5324 3155 5426 ὀλίζμι
3188 5325 3350 5416 ’μόλις

1937 5399 1986 5468 ἐς
2013 5399 2227 5480 Ἀσπίδά
2257 5403 2398 5480 «iis
2414 5399 2717 5480 ,διέδραςᾳν
2748 5399 2794 5454 οε
2841 5399 2894 5480 i3
2920 5399 3107 5480 λοεπριῖ
3131 5400 3344 5480 mea

1750 5480 1796 5552 oi
1823 5482 1914 5550 μὲν
1934 5477 2226 5552 δτιῖτὶιλοιξτᾳ,Δ
2272 5475 2319 5530 oi
2338 5472 2385 5552 ῥ’
2408 5467 2782 5552 ἐζωοίρηθήᾳαν.
2834 5471 2880 5526 Ε
2898 5542 2910 5552 _
2933 5472 3145 5552 triginta
3183 5467 3348 5523 milli-

1751 5541 1866 5616 sui,
1893 5547 2072 5616 quibus
2102 5547 2289 5603 Atilius
2315 5545 2424 5600 duo;
2472 5541 2721 5616 miserat,
2758 5542 2912 5616 pauci
2940 5541 3184 5616 Aspides!
3212 5554 3348 5616 (egre

1749 5610 2095 5690 confugerunt
2124 5634 2151 5690 7:7
2165 5617 2354 5690 reliqui
2382 5610 2776 5690 o_nmes_par_ti_nt
2805 5613 2960 5690 accipi
2985 5610 3177 5690 partiam
3200 5610 3341 5690 capti

1753 5681 1892 5814 aunt.
1910 5681 2040 5814 "Dure
2065 5689 2231 5743 millia
2275 5681 2522 5743 evasisse
2545 5684 2804 5755 Polybius
2831 5691 2888 5739 et
2917 5681 3205 5750 Eutropius
3235 5688 3348 5734 tra-

1795 5771 1908 5814 unt.
1954 5769 1960 5772 ’
2033 5776 2153 5814 ABR.

1754 5761 1908 5818 dunt.
1954 5769 1960 5772 '
1988 5761 2153 5816 FABR.

1827 5833 1881 5892 6..
1925 5833 2048 5904 Dus
2083 5830 2288 5904 nobilis.
2318 5827 2590 5904 Quidam,
2621 5827 2700 5904 vir
2724 5825 2959 5904 φορμία,
3002 5821 3113 5904 alii
3139 5830 3354 5904 utrum-

1755 5920 1884 5974 que,
1927 5903 2036 5957 dux
2067 5903 2142 5958 vir
2168 5891 2598 5959 nobilis'habent.
2627 5895 2765 5955 Cod.
2798 5895 3036 5952 Floreat.
3069 5891 3186 5950 sive
3208 5891 3354 5948 Lon-
