3938 6350
141 271 221 331 881

1160 274 1636 336 IllSTORlAllUM
1676 280 1884 340 LIBER
1921 282 2015 340 IV.
2054 285 2212 344 CAP.
2253 289 2321 344 X.

3297 301 3408 363 882

60 371 62 410 ί
141 388 399 455 Asdrubal,
434 404 610 446 novus
638 387 1162 463 Carthaginiensium
1207 392 1530 471 imperator,
1564 411 1689 452 cum
1717 399 1772 461 Α
1793 408 1850 456 et
1879 400 2108 458 Manlius
2139 402 2306 460 Vulso
2331 405 2490 462 ambo
2519 406 2716 481 iterum
2743 411 3032 479 consules,
3061 427 3186 471 cum
3215 414 3397 475 classe

141 482 416 552 elephantis
444 490 664 538 centum
711 484 930 554 triginta
972 492 1026 538 et
1067 485 1310 554 equitum
1343 486 1696 558 peditumque

141 575 342 643 amplius
361 573 584 644 triginta
609 574 868 640 millibus,
890 574 1189 647 Lilybaaum
1215 579 1364 634 venit
1388 595 1453 634 ex
1486 579 1692 651 Africa,

137 667 450 724 etcontinno
493 682 613 723 cum
657 667 876 724 Metello
917 671 1146 726 consule
1193 673 1334 743 apud
1368 673 1694 730 Panormum

135 778 334 833 pugnam
365 763 661 818 causeruit.
692 763 802 818 Sed
847 762 1116 833 Metellus,
1151 767 1257 820 vim
1291 783 1543 837 magnam
1578 767 1694 822 bel-

132 858 313 910 luarum
343 855 564 919 timens,
598 855 748 925 prius
775 870 892 923 eas,
932 871 1131 929 magno
1161 874 1292 913 usus
1321 859 1574 925 consilio,
1605 859 1692 915 vel

130 950 170 1002 in
191 948 377 1016 fugam,
412 948 499 1004 vel
527 948 582 1003 in
629 959 864 1004 mortem
897 950 1031 1020 egit,
1062 960 1120 1006 et
1156 952 1236 1007 sic
1263 951 1424 1007 facile
1444 951 1692 1021 quamvis

127 1057 343 1111 magnam
370 1041 482 1096 vim
512 1041 751 1098 hostium
784 1045 1086 1114 superavit.
1118 1044 1319 1116 Viginti
1360 1046 1532 1100 millia
1561 1045 1689 1101 Caro

128 1137 514 1208 tliaginiensium
562 1137 619 1192 in
667 1151 733 1193 eo
781 1139 976 1207 ιιι-αεὶἰο
1024 1153 1165 1195 caesa
1213 1150 1360 1208 sunt,
1407 1139 1687 1212 elephanti

124 1243 307 1300 quoque
355 1229 546 1300 viginti
591 1242 689 1285 sex
740 1227 1017 1285 interfecti
1069 1229 1230 1303 251
1273 1236 1318 1268 ’δ
1362 1241 1580 1288 centum
1632 1240 1688 1287 et

125 1331 322 1390 quatuor
344 1320 512 1391 capti,
541 1329 595 1376 et
635 1336 731 1390 per
759 1321 968 1377 Italiam
1001 1321 1174 1392 ducti,
1203 1323 1499 1378 maximum
1532 1322 1683 1379 ltali-

123 1413 182 1468 cis
199 1412 443 1483 gentibus
466 1413 835 1484 spectaculum
859 1413 1230 1484 praebuerunt.
1259 1415 1530 1471 Asdrubal
1555 1431 1678 1470 cum

123 1506 278 1575 paucis
323 1505 623 1576 Lilybaeum
672 1505 932 1578 profugit,
981 1515 1144 1580 atque
1187 1507 1388 1565 absens
1427 1523 1458 1563 a
1498 1508 1682 1566 Poenis

120 1600 282 1671 capitis
309 1599 598 1656 damnatus
626 1609 732 1657 est.

709 1690 940 1748 CAPUT
976 1690 1048 1746 Χ.

1800 493 2156 552 ducentarum
2190 499 2405 556 navium
2438 510 2492 558 et
2513 505 3072 577 quatuorlegionibus
3098 509 3396 580 Lilybteum

1801 588 1823 618 ⁸
1853 588 2085 658 profecti
2130 601 2292 647 sunt:
2340 595 2485 663 quod
2525 597 2782 666 oppidum
2830 599 2884 654 in
2917 603 3294 670 promontorio
3322 607 3397 658 si-

1803 690 1937 750 tum,
1975 683 2137 756 252
2161 685 2387 741 Romani
2421 688 2674 748 obsidere
2715 693 2935 759 conati,
2977 696 3396 763 superveniente

1795 774 2104 841 Annibale,
2157 778 2248 846 qui
2298 778 2590 838 Amilcaris
2635 783 2780 838 filius
2827 785 2948 850 fuit,
2992 787 3140 852 victi,
3178 789 3390 860 majore

1794 867 2073 922 exercitus
2117 868 2201 923 sui
2251 879 2406 940 parte
2457 872 2701 942 perdita,
2740 875 2846 944 ipsi
2883 891 3029 946 regre
3075 891 3388 936 evaserunt.

1795 957 1816 987 ⁸
1837 957 1962 1012 Post
2014 957 2114 1014 bos
2158 958 2418 1017 Claudius
2466 963 2702 1018 consul"
2727 978 2849 1020 cum
2888 966 3063 1024 classe
3089 980 3308 1026 centum
3332 983 3392 1028 et

1791 1050 1980 1121 viginti
2031 1051 2250 1107 navium
2296 1053 2366 1109 ad
2404 1054 2637 1126 Drepani
2664 1066 2879 1126 portum
2901 1059 2924 1090 ⁸
2953 1069 3143 1114 contra
3171 1060 3388 1120 hostem

1791 1143 2070 1213 profectus
2093 1187 2108 1209 ,
2140 1144 2329 1214 ibique
2375 1162 2499 1202 mox
2554 1159 2817 1218 exceptus
2857 1150 3038 1208 classe
3068 1152 3386 1223 Poenorum,

1789 1247 2079 1308 superatus
2108 1247 2212 1293 est.
2245 1238 2316 1294 Et
2345 1240 2463 1310 ipse
2489 1241 2710 1312 quidem
2743 1259 2865 1299 cum
2900 1245 3122 1316 triginta
3163 1248 3390 1306 navibus

1788 1329 2087 1403 Lilybaeum
2121 1334 2172 1388 in
2204 1342 2382 1389 castra
2410 1337 2431 1368 ⁹
2461 1335 2709 1408 confugit
2734 1355 2748 1392 :
2772 1336 2995 1408 reliqua:
3021 1355 3214 1396 omnes
3235 1383 3250 1407 ,
3280 1340 3388 1397 boc

1787 1432 1873 1477 est
1921 1423 2238 1492 nonaginta,
2282 1434 2376 1479 aut
2426 1434 2631 1496 capue,
2683 1436 2775 1481 aut
2816 1428 3080 1485 demersae
3125 1431 3382 1488 fuerunt:

1785 1521 1911 1569 octo
1940 1514 2111 1570 millia
2152 1515 2386 1570 militum
2417 1531 2558 1572 ctesa
2579 1559 2594 1584 ,
2624 1517 2814 1589 viginti
2849 1519 3020 1574 millia
3053 1531 3210 1592 capta
3238 1526 3386 1581 refer

1785 1614 2000 1661 runtur.
2033 1604 2193 1661 Caius
2220 1621 2436 1677 quoque
2462 1607 2659 1664 Junius
2685 1651 2698 1674 ,
2727 1609 2936 1680 collega
2969 1608 3178 1666 Claudii
3206 1654 3222 1680 ,
3253 1613 3350 1670 uni

1783 1710 1999 1752 versam
2050 1697 2281 1754 classem
2333 1698 2616 1767 naufragio
2657 1699 2877 1756 amisit:
2924 1701 2967 1733 ³ο
2997 1702 3156 1758 Αιιιιο
3201 1705 3356 1761 etiatr

119 1805 245 1873 Quod
273 1805 418 1862 Pani
463 1823 594 1880 page
631 1807 730 1861 sibi
778 1815 966 1879 negata
1001 1806 1259 1878 Regulum
1293 1809 1572 1864 crudeliter
1598 1810 1675 1863 in-

1789 1792 1827 1824 "
1858 1792 2240 1862 consequenti,
2281 1793 2476 1848 classis
2519 1792 2726 1849 Punica
2775 1793 2831 1849 in
2881 1795 3093 1850 Italiam
3137 1799 3378 1872 transiit,

171 1878 474 1934 tumuerint.
537 1878 800 1932 Ramnes
844 1878 1028 1949 parum
1067 1879 1288 1950 feliciter
1338 1881 1390 1933 in
1442 1881 1678 1936 Siciliam

167 1951 308 2004 semel
333 1963 482 2020 atque
509 1951 694 2004 iterum
724 1958 1036 2021 pugnantes,
1070 1951 1280 2006 tandem
1309 1951 1514 2008 uicisse.

167 2064 280 2121 Post
306 2065 440 2129 hare,
480 2064 612 2121 fessi
643 2073 722 2120 tot
757 2065 914 2120 malis
953 2063 1454 2136 Carthaginienses,
1487 2074 1672 2136 peten-

115 2156 211 2211 dam
231 2172 347 2215 esse
365 2172 395 2213 a
417 2157 686 2214 Romanis
710 2172 900 2229 pacem
929 2158 1315 2216 decreverunt.
1348 2161 1364 2191 ¹
1395 2159 1476 2216 Ad
1506 2176 1667 2232 quant

112 2270 199 2309 rem
244 2255 462 2312 Atilium
512 2256 783 2327 Regulum
825 2267 987 2313 antea
1039 2255 1236 2312 ducem
1284 2255 1306 2286 ⁸
1342 2253 1669 2322 Romanum,

112 2363 242 2416 quem
269 2347 378 2418 jam
409 2364 512 2420 per
539 2351 782 2421 quinque
815 2363 988 2404 annos
1025 2347 1298 2418 captivum
1329 2344 1666 2413 detinebant,

114 2440 226 2496 inter
251 2451 480 2500 czeteros
521 2443 738 2513 legatos
776 2442 1048 2512 prmeipue
1091 2438 1414 2496 mittendum
1447 2447 1671 2509 putave—

112 2543 212 2589 runt
237 2551 249 2587 :
270 2549 429 2606 quem
456 2575 474 2602 ,
522 2549 635 2590 non
679 2533 969 2605 impetrata
1017 2546 1178 2602 pace,
1207 2530 1276 2586 ab
1307 2529 1455 2584 Italia
1486 2545 1671 2586 rever-

111 2639 223 2691 snm,
245 2627 264 2658 ³
292 2627 522 2683 resectis
562 2626 834 2698 palpebris
855 2669 872 2694 ,
902 2625 1167 2696 illigatum
1197 2625 1248 2679 in
1275 2622 1550 2691 machina,
1584 2623 1669 2678 vi-

111 2720 288 2790 gilando
327 2733 690 2780 necaverunt.
712 2721 734 2752 ⁵
756 2719 909 2778 Alter
944 2718 1140 2776 deinde
1180 2718 1380 2776 Atilius
1407 2716 1667 2788 Regulus,

1780 1884 2010 1955 ejusque
2040 1883 2300 1954 plurimas
2339 1892 2523 1953 partes
2551 1885 2711 1955 longe
2745 1885 2962 1956 lateque
2991 1888 3247 1942 vastavit.
3291 1889 3372 1944 ln-

1781 1988 1931 2034 terea
1954 1979 1998 2010 ¹²
2031 1977 2277 2032 Lutatius
2307 1991 2428 2032 cum
2473 1977 2648 2033 classe
2671 1986 3041 2034 trecentarum
3070 1981 3287 2035 navium
3318 1982 3372 2038 in

1780 2069 2024 2127 Siciliam
2069 2079 2410 2125 transvectus
2435 2111 2450 2137 ,
2499 2070 2627 2126 dum
2667 2071 2811 2142 apud
2849 2071 3160 2142 Drepanum
3189 2073 3378 2129 civita-

1779 2168 1888 2218 tem
1922 2178 2156 2232 pugnam
2188 2161 2233 2193 ¹³
2262 2162 2406 2218 inter
2437 2164 2702 2233 primores
2727 2163 2854 2229 ciet,
2879 2165 3139 2219 translixo
3167 2166 3375 2222 femore

1778 2254 2096 2327 tegerrime,
2129 2268 2255 2310 cum
2293 2254 2404 2324 jam
2437 2255 2785 2322 obrueretur,
2812 2265 3034 2326 ereptus
3064 2267 3170 2313 est.
3202 2258 3375 2314 Porro

1773 2356 1957 2402 autem
1988 2345 2143 2402 Pmni
2189 2360 2311 2401 cum
2341 2345 2754 2418 quadringentis
2786 2347 3020 2402 navibus
3047 2348 3370 2419 magnisque

1776 2438 1949 2509 copiis
1979 2437 2046 2493 ad
2073 2437 2350 2504 Siciliam,
2398 2437 2542 2494 duce
2570 2441 2820 2503 Annone,
2854 2451 3208 2496 concurrunt.
3261 2441 3373 2497 Nec

1777 2532 2026 2589 Lutatius
2050 2532 2289 2603 segnior,
2323 2533 2490 2588 immo
2517 2531 2746 2588 consilia
2770 2533 3060 2590 Poenorum
3089 2536 3370 2592 celeritate

1776 2627 1912 2681 mira
1939 2624 2222 2695 praevenit.
2275 2624 2437 2698 253
2478 2625 2770 2696 Postquam
2801 2628 3049 2697 proxime
3084 2627 3190 2684 sibi
3220 2639 3364 2683 utro-

1776 2731 2008 2786 rumque
2056 2716 2264 2772 classes
2287 2717 2331 2748 “
2354 2717 2496 2788 apud
2543 2717 2771 2789 .IEgates
2793 2717 3046 2785 insulam,
3077 2735 3175 2791 per
3202 2728 3366 2775 totam

1356 2826 1810 2884 IIAVERCAMPI
1845 2826 2080 2884 ΝΟΤᾸΕ.

163 2945 243 3001 24.
281 2945 498 3002 Centum
541 2955 592 3002 et
633 2955 856 3012 quatuor
897 2945 1034 3017 capti
1065 2952 1119 3017 et_
1141 2960 1231 3017 per
1257 2943 1476 3017 Italiam
1501 2943 1665 3017 ducti.

110 3015 153 3088 lu
181 3019 426 3085 Eutropio
453 3027 545 3076 est
570 3058 586 3079 .
636 3018 904 3072 Metellum
956 3014 1067 3088 per,
1091 3014 1306 3088 Italiam
1331 3014 1545 3088 (luxisse
1568 3014 1670 3088 ele-

111 3087 295 3150 phantos
335 3092 460 3146 150.
501 3089 644 3145 Plin.
682 3090 779 3143 lib.
811 3103 931 3156 Vlll,
956 3085 1013 3142 'c.
1047 3087 1080 3142 6
1108 3086 1300 3142 scribit
1325 3085 1590 3139 Metellum
1606 3085 1669 3156 in

1774 2942 1913 2997 mari
1936 2941 2104 3015 verba
2133 2941 2353 3015 debere,
2383 2951 2564 2996 contra
2589 2943 2789 2998 hostem
2817 2945 3102 3015 profectus,
3134 2945 3221 2999 ubi
3250 2961 3372 3001 mox

1773 3020 2017 3085 exceptus
2029 3013 2190 3068 classe
2206 3011 2492 3085 Pugnorum
2513 3024 2562 3067 et
2583 3011 2882 3085 superatus,
2910 3011 3021 3085 ipse
3033 3017 3237 3084 quidem
3259 3027 3368 3071 etc.

1775 3083 1882 3138 Pro
1911 3092 2154 3150 exceptus
2183 3085 2237 3139 in
2269 3083 2442 3157 Lugd.
2472 3083 2616 3140 Batt.
2648 3083 2826 3142 tribus
2857 3095 2913 3142 et
2933 3083 3090 3143 'Coll.
3121 3087 3364 3143 Gronov.

111 3157 288 3212 Italiam
317 3163 668 3215 transuexisse
693 3160 816 3214 142.
851 3153 924 3213 At
944 3159 997 3212 in
1030 3158 1315 3228 Epitoma,
1349 3155 1446 3211 lib.
1477 3171 1571 3211 xtx
1601 3155 1666 3210 le-
1695 3153 1744 3218 C
1774 3164 2144 3228 estacgeptus.

111 3231 256 3297 gimus
275 3231 327 3285 in
354 3231 559 3286 Metelli
593 3231 867 3300 triumpho
897 3227 1089 3285 ductos
1118 3230 1241 3284 120.
1274 3227 1440 3300 Hann.

162 3301 274 3373 Cas.
303 3302 369 3357 Χ.
392 3333 466 3343 -
494 3305 551 3358 1.
588 3302 668 3355 Ad
692 3296 847 3373 quam
874 3317 980 3355 rem
1013 3299 1244 3373 Atilium.
1299 3298 1468 3373 Victis
1497 3313 1527 3352 a
1559 3296 1670 3352 Me-

114 3374 214 3426 tello
235 3369 804 3443 Carthaginiensibus,
824 3372 1062 3440 Regulus
1083 3371 1307 3443 Romam
1328 3369 1395 3424 ad
1419 3379 1666 3443 senatum

108 3446 274 3497 missus
296 3437 538 3513 jurat'us,
569 3453 623 3498 et
652 3437 1232 3512 captivos'reddendos
1263 3441 1473 3513 negavit
1494 3437 1672 3513 ,__Car-

115 3510 465 3585 ttiaginemque
485 3515 558 3570 ad
573 3510 908 3585 supplicium
937 3513 1099 3585 rediit
1124 3553 1138 3577 ,
1166 3527 1277 3585 qua,
1301 3511 1369 3585 de
1397 3526 1456 3585 re
1486 3510 1670 3578 dispu-

109 3591 166 3638 tat
189 3584 296 3640 Cic.
332 3581 426 3640 lib.
464 3601 525 3642 ιιι
554 3584 622 3638 de
651 3583 808 3640 Ofilc.
855 3584 1146 3654 multisque
1189 3582 1313 3654 aliis
1357 3581 1488 3654 locis
1521 3596 1670 3635 inen-

109 3657 278 3710 tiunem
311 3656 456 3712 facit.
502 3655 646 3712 Vide
693 3654 908 3711 Livium
947 3653 1041 3708 lib.
1059 3651 1223 3718 'xvnt,
1257 3651 1580 3718 Entropium
1608 3665 1666 3718 tt,

108 3723 347 3798 Valerium
387 3743 406 3783 ι
438 3743 565 3798 cap.
592 3729 651 3793 1,
689 3726 827 3798 Gell.
877 3741 928 3781 vt
975 3741 1097 3798 gap.
1124 3727 1181 3791 4,
1215 3725 1401 3777 llorat.
1436 3723 1558 3778 libr.
1591 3737 1669 3791 tu,

107 3795 258 3851 Carm.
289 3799 392 3854 oda
426 3800 484 3862 5.
510 3795 714 3854 'Silium
745 3795 840 3852 lib.
867 3813 942 3852 vr.
975 3795 1142 3851 FABR.

161 3869 210 3922 2.
247 3868 569 3924 Romanum.
604 3868 707 3924 Ed.
738 3869 992 3938 August...
1028 3867 1397 3938 Romanorum.

161 3939 206 3992 5.
245 3940 470 3996 Rescctis
491 3940 778 4011 palpebris.
808 3934 980 4011 Verba
1005 3948 1134 3993 sunt
1155 3936 1430 4011 Ciceronis
1451 3934 1520 3989 de
1540 3949 1671 4011 sup-

104 4008 241 4081 plicio
289 4005 502 4081 Reguli
537 4005 599 4066 in
636 4019 775 4065 orat.
823 4009 876 4065 in
927 4011 1201 4081 Pisonem.
1253 4005 1404 4074 Quod
1439 4021 1569 4060 vero
1598 4006 1669 4081 lli:

103 4078 283 4138 Tullius
327 4075 404 4137 ai't
439 4082 712 4152 Regulum
758 4081 810 4135 in
863 4080 1108 4135 machina
1142 4093 1263 4152 esse
1299 4084 1584 4152 necatum,
1619 4075 1674 4130 id

105 4152 348 4223 Appianus
374 4155 454 4208 sic
485 4146 765 4223 expressit
789 4196 802 4213 ,
832 4155 916 4208 καὶ
939 4153 1087 4207 αὐτὸν
1128 4151 1176 4210 οἱ
1218 4146 1550 4223 Καρχηδὰιίιοι.
1587 4170 1674 4223 κα-

104 4217 355 4349 ϐεὶρξῗῗντες
377 4226 427 4280 ἐν
448 4217 716 4301 γαλέὰγρᾳ
743 4225 925 4300 κέντρα
957 4223 1200 4279 πάντοθεν
1235 4217 1436 4290 ἐςζόῦσῃ
1467 4217 1676 4292 διέφθει-

105 4313 196 4349 ραν.
267 4311 385 4349 ABR.

108 4313 196 4352 ραν.
225 4311 252 4349 ι⁴
267 4311 385 4352 ABR.

420 4366 616 4420 deinde
642 4365 834 4420 Atilius
867 4365 1118 4435 Regulus.
1167 4363 1232 4435 Ο.
1270 4358 1676 4435 Alilius_Regu-

105 4432 171 4487 Ius
211 4446 264 4493 et
317 4438 382 4492 L.
431 4439 668 4492 Manlius
709 4435 879 4491 Vulso
924 4429 1178 4490 consules
1218 4434 1418 4487 iterum
1459 4429 1678 4485 fuerunt

104 4520 224 4560 anno
251 4524 365 4564 mn.
413 4508 626 4563 Horum
672 4507 960 4563 consulum
991 4509 1213 4561 nomina
1250 4504 1302 4558 in
1337 4518 1458 4557 meo
1484 4516 1671 4556 manu-

105 4579 288 4646 ξεί-ἱρῑο
313 4579 541 4635 Iustino
571 4580 694 4634 libr.
731 4594 821 4632 xu
855 4580 1059 4646 integra
1092 4574 1372 4646 suuthisi
1403 4573 1544 4639 quod
1575 4588 1673 4646 pro

109 4643 315 4719 l'ulsone
341 4665 498 4705 more
536 4651 762 4719 antiquo
791 4643 1049 4719 scriptum
1073 4659 1155 4702 est
1180 4687 1196 4712 ,
1231 4644 1458 4719 Bulsone
1483 4657 1502 4697 :
1532 4643 1674 4719 unde

103 4716 145 4769 in
173 4723 393 4795 vulgatis
445 4722 652 4776 faetum
673 4715 781 4775 ἐει
812 4717 1023 4795 Pisone.
1078 4719 1156 4795 Ea
1183 4731 1308 4787 qua:
1337 4715 1675 4795 hi_co_nsules

101 4803 205 4912 (ἒιιιι
228 4785 406 4849 Ρὶειιίε
434 4800 750 4863 gesserunt,
778 4791 964 4846 multis
987 4791 1162 4845 verbis
1180 4785 1366 4843 narrat
1392 4785 1672 4857 Polybius.

139 4879 246 4912 ABR.

139 4879 246 4920 ABR.

165 4934 213 5006 5.
250 4934 486 5006 Profecti
531 4942 673 4990 sunt.
721 4933 784 5006 in
830 4932 947 5006 solo
991 4931 1114 4986 cod.
1145 4944 1292 5006 _meo
1341 4936 1676 5000 postremum

105 5004 306 5080 verbum
339 5001 598 5080 apparet,
623 5020 654 5059 a
684 5004 918 5080 reliquis
944 5001 1285 5080 m_ss._a_best.
1333 5071 1366 5080 λ
1429 5068 1484 5080 Μ
1577 5066 1611 5080 υ

167 5076 215 5130 6.
257 5067 507 5133 ΡοιίῘιοε
536 5067 1034 5132 ϐιαυάὶιιεέοηδιιι.
1086 5072 1184 5128 llic
1220 5081 1300 5126 est
1333 5071 1391 5124 Ρ.
1424 5067 1680 5124 Claudius

107 5143 196 5214 Ap.
223 5148 285 5204 F.
312 5149 407 5218 qui
433 5189 449 5214 ,
497 5163 622 5203 cum
650 5161 810 5204 cavea
843 5145 1055 5218 liberati
1087 5141 1219 5213 pulli
1240 5157 1354 5218 non
1387 5153 1677 5210 pasceren-

110 5211 204 5290 tur,
233 5211 404 5290 mergi
434 5211 550 5290 eos
595 5219 648 5273 in
698 5231 893 5290 aquam
920 5211 1215 5290 jussit‘,__ut
1240 5211 1514 5290 biberent,
1545 5225 1681 5280 quo-

109 5281 235 5344 niam
257 5281 380 5346 esse
406 5289 643 5344 nollent.
684 5281 798 5344 Cic.
833 5281 936 5342 lib:
960 5303 998 5340 ll
1025 5286 1092 5341 de
1117 5285 1305 5340 Natur.
1335 5281 1503 5338 Fann.

167 5361 212 5412 7.
254 5360 381 5416 Cum
411 5361 578 5417 classe
605 5370 810 5416 centum
837 5369 883 5413 et
912 5358 1095 5430 viginti
1136 5356 1364 5411 navium.
1421 5354 1516 5409 His
1568 5363 1682 5410 tres

103 5431 239 5550 ﬁndit
285 5432 588 5504 Polybius,
637 5432 730 5503 qui
778 5445 998 5487 omnem
1046 5443 1162 5485 rem
1207 5430 1426 5498 copiose
1470 5435 1678 5482 narrat.

141 5517 250 5550 ABR.

141 5517 250 5557 ABR.

167 5575 216 5627 8.
258 5574 455 5630 Contra
485 5572 682 5629 hostem
723 5573 1004 5644 profectus.
1063 5571 1120 5628 in
1149 5568 1684 5644 cod._meo‘a_dditur

106 5653 190 5696 est.
221 5645 348 5717 Dein
381 5662 482 5717 pro
503 5645 674 5714 ibique
695 5639 834 5710 mox,
864 5645 988 5700 cod.
1019 5644 1269 5699 Perizon.
1293 5639 1424 5707 legit
1443 5640 1513 5717 ibi
1537 5656 1681 5717 moaz,

104 5724 151 5766 at
179 5709 609 5790 reliqui'omnes
654 5717 741 5772 ubi
765 5732 924 5780 mox,
975 5730 1206 5790 quorum
1255 5725 1448 5790 magna
1481 5709 1684 5790 deinde

105 5797 218 5850 pars
241 5782 383 5848 delet
411 5796 488 5846 est
533 5797 659 5859 post
695 5795 966 5859 superatus
985 5782 1007 5856 ξ
1053 5785 1196 5845 unde
1246 5791 1373 5854 puto
1399 5782 1478 5838 sic
1506 5782 1686 5840 refora

1843 3227 1895 3281 9.
1940 3225 2226 3301 Confugit._
2259 3225 2447 3301 Meus,
2499 3227 2753 3300 profugit,
2805 3237 2870 3301 et
2903 3242 3032 3282 mox
3057 3244 3238 3283 mersa:
3267 3246 3368 3301 pro

1772 3297 2036 3370 denique.
2067 3297 2168 3352 Ed.
2200 3298 2338 3367 Aug.
2388 3297 2635 3354 dem‘erste
2659 3297 2810 3354 sunt.
2845 3299 2954 3354 Pro
2985 3297 3283 3370 referuntur
3310 3301 3366 3357 in

1772 3368 1893 3422 Meo
1923 3369 2177 3438 feruntur.

1847 3439 1934 3493 10.
1977 3440 2127 3493 Anno
2158 3440 2312 3494 etiam
2356 3441 2698 3509 consequenti.
2753 3439 2880 3495 llaec
2921 3455 2950 3494 a
2985 3441 3224 3496 Diacono
3254 3442 3367 3497 Eu-

1774 3509 2205 3634 :ropii‘historiae
2243 3511 2449 3567 inserto
2476 3527 2574 3582 pro
2605 3510 2955 3580 Eutropianis
2986 3512 3146 3582 vulgo
3179 3513 3368 3584 lcgun~

1799 3595 1882 3634 ΗΓ.
1965 3597 2085 3634 ABR.

1773 3587 1882 3634 tur.
1918 3580 2085 3636 lt‘sun.

1845 3652 1933 3704 11.
1977 3650 2342 3721 Consequenti.
2396 3655 2532 3710 Tres
2572 3667 2641 3708 ex
2686 3651 2859 3724 Lugd.
2891 3653 3038 3709 Batt.
3072 3669 3194 3710 cum
3227 3652 3368 3711 Coll.

1772 3719 2038 3788 Gronov.,
2069 3719 2317 3790 sequenti.

1846 3792 1940 3846 12.
1983 3792 2224 3848 Lutatius
2270 3811 2388 3848 cum
2428 3793 2596 3848 classe
2635 3802 2975 3848 trecentarum
3020 3795 3248 3849 nauium.
3298 3793 3365 3849 Ο.

1780 3861 2029 3916 Lutatius
2058 3863 2282 3918 Catulus
2321 3880 2437 3920 cos.
2479 3878 2600 3917 cum
2627 3864 2692 3918 A.
2727 3863 3006 3917 Postumio
3041 3865 3237 3916 Albino
3264 3863 3370 3918 fuit.

1779 3946 1926 3985 anno
1968 3933 2037 3986 ab
2069 3934 2162 3988 Ur.
2213 3949 2338 3989 con.
2382 3946 2491 3988 nvt.
2523 3932 2772 3988 Catulum
2797 3949 2917 3987 cum
2953 3934 3114 3986 classe
3144 3934 3247 3988 500
3275 3951 3370 3987 na-

1779 4003 1916 4056 vium
1949 4013 2292 4058 transvectum
2323 4021 2387 4059 ex
2424 4005 2650 4058 \ctustis
2680 4003 2832 4056 libris
2859 4003 3176 4067 scripsimus
3197 4043 3213 4069 ,
3244 4019 3369 4061 cum

1779 4073 1942 4142 vulgo
1972 4074 2038 4126 sit
2081 4075 2260 4128 classis
2298 4075 2406 4130 200
2433 4075 2660 4127 navium.
2714 4073 3006 4140 Eutropius
3031 4089 3245 4142 quoque
3271 4090 3370 4130 au-

1720 4152 1738 4170 '
1778 4153 1900 4214 ctor
1929 4151 2032 4205 est,
2061 4142 2310 4198 Catulum
2343 4161 2466 4198 cum
2495 4143 2601 4199 300
2631 4142 2862 4214 navibus
2886 4143 2940 4197 in
2971 4143 3207 4199 Siciliam
3233 4160 3329 4214 pro

1779 4213 1982 4269 fectum
2015 4214 2207 4268 fuisse.
2262 4215 2451 4285 Neque
2490 4229 2620 4269 vero
2660 4213 2852 4285 adduci
2913 4228 3130 4285 possum
3158 4225 3216 4268 ut
3238 4213 3341 4270 crs

1778 4285 1899 4340 dam
1954 4285 2206 4354 populum
2255 4285 2320 4341 il.
2363 4284 2570 4355 ’prtcter
2614 4284 2892 4355 200illas
2923 4284 3368 4353 quinqueremes,

1776 4371 1914 4426 quas
1953 4371 1982 4409 a
2030 4357 2253 4424 privatis
2302 4354 2600 4412 aediﬁcatus
2646 4354 2838 4409 scribit
2867 4355 3164 4426 Polybius,
3195 4357 3371 4412 nullas
3434 4362 3440 4368 '

1778 4426 1913 4480 alias
1947 4443 2111 4481 naves
2143 4427 2388 4497 publicas
2417 4428 2697 4483 habuisse.
2732 4427 2899 4481 Fusa.
2944 4457 2946 4459 >

1855 4499 1943 4553 15.
1985 4497 2136 4552 Inter
2167 4501 2414 4567 primores
2440 4500 2558 4553 ciet.
2610 4498 2687 4552 lta
2716 4497 3064 4567 reposuimus
3091 4511 3158 4551 ex
3183 4505 3374 4552 aucto-

1703 4555 1756 4615 D
1781 4568 1940 4624 ritate
1969 4567 2102 4623 Cod.
2133 4555 2378 4638 Lougob.
2399 4609 2415 4633 ,
2463 4555 2889 4639 astipulanti'bns
2923 4584 3139 4638 quoque
3165 4582 3274 4624 sec.
3313 4580 3370 4624 et.

1778 4640 1939 4694 tertio
1968 4639 2237 4695 Florentt.
2277 4642 2334 4696 ln
2373 4641 2622 4711 Vulgatis
2667 4639 2861 4710 legitur
2887 4640 3225 4711 inepteiinter
3255 4641 3366 4709 pri-

1780 4726 1947 4765 mores
1975 4711 2176 4766 Sicilire
2199 4713 2374 4767 cieret.
2403 4710 2667 4767 Videlicet
2691 4727 2756 4765 ex
2786 4712 2908 4778 ciet,
2934 4712 3018 4764 vel
3047 4710 3222 4774 cieret,
3249 4719 3376 4764 nata

1780 4781 1996 4837 videtur
2021 4785 2170 4836 varia
2201 4783 2366 4838 lectio
2393 4783 2593 4836 Sicilia:
2616 4783 2670 4834 in
2693 4782 3009 4848 quibusdam
3034 4795 3191 4845 mss.,
3213 4790 3376 4848 atque

1783 4852 1914 4908 inde
1945 4862 2176 4922 utraque
2220 4855 2378 4908 lectio
2413 4853 2576 4908 fuisse
2607 4853 2925 4922 coniuncta.
2970 4850 3036 4904 Et
3065 4849 3194 4905 hinc
3219 4853 3375 4906 cieret

1784 4922 1937 4978 deest
1968 4925 2022 4978 in
2049 4920 2136 4979 ed.
2156 4928 2380 4994 August.
2403 4933 2568 4994 atque
2621 4920 2844 4994 iniColl.
2889 4921 3158 4989 Gronov.,
3187 4932 3242 4976 et
3268 4936 3371 4991 pro

1785 4994 1976 5049 eodem
2025 4996 2196 5066 verbo
2240 4993 2371 5066 gerit
2399 4995 2452 5049 in
2481 4993 2655 5062 Lugd.
2686 4993 2827 5066 Batt.
2862 4999 3254 5066 pr_.__et_quart._
3281 4993 3370 5046 in-

1786 5067 2024 5120 venitur.
2056 5065 2114 5120 ln
2142 5061 2265 5120 meo
2293 5081 2394 5119 ms.
2441 5061 2892 5134 quoquemelior
2920 5061 3015 5115 illa
3047 5062 3212 5134 lectio
3238 5061 3377 5134 inter

1784 5138 2034 5205 primores
2064 5137 2184 5204 ciet,
2218 5131 2507 5200 invenitur,
2540 5131 2637 5189 sed
2669 5133 2745 5187 ita
2769 5142 2824 5186 ut
2848 5147 3015 5205 supra
3044 5134 3141 5205 ciet
3169 5131 3380 5205 lineola

1784 5201 2038 5265 ducatur.
2087 5201 2208 5276 qua:
2256 5207 2481 5262 innuero
2515 5205 2730 5276 videtur
2757 5206 2914 5276 cieret
2947 5201 3150 5257 ibidem
3176 5201 3382 5276 debere

1785 5277 1969 5331 scribi.
2003 5273 2116 5332 Pro“
2135 5280 2273 5331 inter
2303 5279 2554 5346 primores
2577 5274 2746 5345 Lugd.
2777 5274 2898 5328 Bal.
2925 5283 3052 5329 tert.
3083 5289 3207 5329 cum
3235 5273 3380 5331 Coll.

1784 5347 2024 5404 Gronov.
2064 5349 2227 5404 habet
2251 5349 2386 5402 inter
2416 5347 2631 5415 primos.

1858 5418 2135 5492 14.__Apml
2167 5419 2386 5490 {Egates
2416 5413 2662 5492 insulam.
2694 5415 2983 5492 Polybius,
3006 5413 3224 5492 ἔπλευσε
3250 5417 3384 5492 πρὸς

1782 5495 1876 5564 fuit
1918 5488 2168 5562 Λῖγουσαν
2215 5488 2368 5549 vimen
2394 5495 2484 5549 τήν
2529 5489 2629 5564 πρὸ
2667 5495 2757 5543 τοῦ
2804 5488 3082 5546 Λιλυϐαίου
3130 5488 3384 5562 niuium.

1783 5561 1948 5617 Silius
1978 5561 2070 5616 lib.
2105 5576 2122 5614 1
2155 5577 2168 5618 :

2157 5741 2286 5791 Avet
2310 5740 2510 5805 Egates
2533 5740 2736 5794 abolere
2755 5741 3013 5804 parentum

2039 5803 2300 5857 Dedecus.
