3938 6292
131 238 204 296 885

1091 234 1557 293 HISTORIARUM
1595 233 1804 296 LIBER
1840 222 1929 293 lV.
1971 233 2125 294 CAP.
2168 235 2284 292 XII.

3227 237 3332 297 886

176 369 246 426 grs
273 367 424 425 pacem
457 350 777 423 impetrasse,
812 348 940 406 Iani
968 359 1144 422 portas
1172 368 1273 407 uno
1302 368 1442 408 anno
1467 352 1630 426 fuisse
1656 353 1709 412 Α
1734 352 1932 408 cundo.
1983 352 2079 410 lici
2122 352 2257 408 mihi
2299 353 2624 423 cognovisse
2669 354 2786 410 hmc
2826 362 2882 410 et
2928 353 2970 385 ‘°
3015 352 3330 411 denudasse

175 426 362 478 clausas.

175 536 340 592 Eodem
361 550 491 591 anno
511 535 649 592 Galli
680 535 935 606 Cisalpini
960 537 1086 592 novi
1119 537 1378 594 exstitere
1409 537 1624 608 hostes,

130 629 358 684 adversum
385 643 507 699 quos
550 630 699 684 varia
745 639 892 686 sorte
929 630 1187 686 bellatum
1233 642 1364 687 est:
1404 649 1528 689 nam
1573 633 1625 688 in

50 721 56 756 ἐ
126 725 253 791 primo
276 721 551 777 conﬂictu‘
589 722 792 779 Valerii
829 722 1070 778 consulis
1113 724 1212 778 tria
1259 725 1426 780 millia
1469 725 1628 796 quiti-

122 817 225 883 genti
248 814 468 871 cecidere
487 814 738 884 Romani,
763 815 1003 872 secundo
1024 817 1044 848 ¹
1069 818 1480 888 quatuordecim
1509 819 1628 875 mil-

51 965 58 984 ι
125 907 172 960 lia
203 906 450 962 Gallorum
479 921 637 971 caesa,
685 907 792 961 duo
823 908 990 962 millia
1035 919 1190 978 capta
1233 919 1380 981 sunt,
1423 909 1517 965 sed
1557 911 1627 968 ob

49 985 58 1018 ’⁵
120 1000 302 1067 priorem
338 998 527 1055 cladem
568 999 882 1070 triumphus
926 1002 1139 1056 consuli
1186 1002 1484 1072 denegatus
1515 1014 1620 1059 est.

119 1093 162 1146 Τ.
188 1091 358 1147 llanlio
384 1089 651 1161 Torquato
673 1133 686 1155 .
719 1090 783 1147 C.
820 1089 989 1148 Atilio
1019 1091 1192 1148 Bulbo
1230 1093 1567 1161 consulibus,
1603 1093 1625 1127 ³

117 1184 310 1240 Sardinia
342 1185 505 1238 insula
537 1184 844 1251 rebellavit,
881 1184 1197 1242 auctoribus
1238 1184 1443 1252 Pcenis,
1480 1185 1626 1242 unde

116 1292 203 1332 mox
222 1277 357 1334 Sardi
382 1277 584 1334 subacti
607 1283 662 1332 et
695 1279 948 1350 oppressi
979 1288 1125 1334 sunt.
1158 1279 1625 1351 Carthaginiensi-

113 1369 182 1424 bus
210 1379 368 1424 autem
388 1369 737 1425 violatoribus
769 1369 944 1441 pacis,
976 1386 1138 1441 quam
1163 1370 1269 1442 ipsi
1297 1369 1318 1401 ⁸
1349 1372 1627 1441 poposcis-

111 1469 212 1526 sent,
232 1459 398 1518 inferri
423 1461 621 1517 bellum
651 1461 934 1519 decretum
963 1469 1070 1518 est.
1104 1463 1306 1518 Contra
1342 1461 1625 1535 Carthagi-

110 1551 274 1608 nienses
299 1567 470 1624 pacem
500 1554 822 1626 suppliciter
863 1566 1238 1628 poposcerunt
1263 1572 1278 1616 :
1315 1565 1512 1611 etcum
1541 1555 1625 1611 bis

110 1644 249 1699 missis
273 1643 448 1716 legatis
484 1645 617 1701 nihil
662 1647 1048 1718 profecissent,
1088 1657 1212 1718 post
1240 1648 1404 1704 etiam
1430 1646 1622 1704 decem

1731 461 1891 518 quam
1915 447 2078 502 etiam
2114 462 2200 501 me
2228 446 2425 517 pudet!
2464 447 2574 502 Pax
2599 449 2699 502 ista
2726 447 2887 502 unius
2915 447 3068 512 anni,
3098 448 3185 502 vel
3219 461 3330 500 mae

1731 539 1814 610 gis
1847 539 2032 593 umbra
2066 538 2239 609 pacis,
2272 538 2622 594 lenimentum
2651 539 3014 604 miseriarum,
3039 555 3105 592 an
3139 539 3328 593 incen-

1732 633 1898 687 tivum
1931 631 2196 687 malorum
2241 629 2374 685 fuit?
2403 630 2739 686 stillicidium
2782 629 2913 686 illud
2958 630 3086 697 olei,
3121 630 3172 684 in
3207 646 3326 684 mc-

1729 725 1881 780 dium
1905 741 2115 796 magum
2140 724 2370 779 flammae
2399 725 2600 780 cadens
2627 725 2894 780 exstinxit
2917 725 3160 779 fomitem
3186 725 3325 779 tanti

1733 819 1894 888 ignis,
1931 834 1996 870 an
2030 816 2204 871 aluit?
2241 816 2438 871 Parum
2471 832 2629 887 aqua:
2663 815 2873 886 frigidm
2921 817 3324 872 ardentissimis

1730 910 1981 966 haustum
2020 909 2074 964 in
2119 908 2384 974 febribus,
2431 907 2647 962 sanavit
2689 917 2988 977 aegrotum,
3037 924 3102 961 an
3144 909 3326 978 potius

1728 1003 2012 1058 incendit?
2061 1017 2162 1065 per
2221 1015 2394 1054 annos
2444 1014 2616 1069 prope
2661 1001 3064 1069 septingentos,
3114 999 3164 1052 id
3213 1007 3332 1068 est,

1726 1093 1796 1148 ab
1850 1093 2081 1148 llostilio
2125 1091 2294 1146 Tullo
2343 1105 2514 1161 usque
2553 1087 2618 1144 ad
2658 1089 2932 1145 Cursarem
2984 1090 3321 1160 Augustum,

1727 1199 1832 1242 una
1872 1182 2245 1240 tantummodo
2283 1190 2491 1248 aestate,
2525 1181 2769 1235 Romana
2809 1179 3124 1251 sanguinem
3164 1176 3327 1250 247

1725 1279 1935 1335 viscera
1991 1292 2098 1334 non
2137 1274 2400 1332 sudarunt
2451 1293 2464 1328 :
2506 1285 2560 1330 et
2605 1276 2748 1329 inter
2796 1273 3059 1344 plurimas
3103 1287 3332 1344 magno-

1721 1387 1839 1430 rnm
1881 1370 2205 1426 saeculorum
2254 1376 2447 1423 aetates
2487 1366 2690 1422 misera
2746 1366 2941 1422 civitas
2970 1407 2985 1434 ,
3037 1380 3167 1421 vere
3226 1365 3331 1420 mi-

1724 1479 1845 1520 sera
1887 1472 2081 1526 mater,
2110 1461 2198 1515 vix
2246 1473 2356 1514 uno
2406 1468 2705 1528 temporea
2741 1457 2934 1512 timore
2976 1456 3241 1525 luctuum,
3268 1463 3328 1511 ut

1727 1572 1833 1613 non
1861 1555 2034 1611 dicam
2059 1554 2125 1608 ab
2153 1553 2283 1624 ipsis
2307 1550 2562 1616 luctibus,
2593 1550 2931 1620 conquievit.
2959 1547 3068 1604 lloc
3098 1547 3143 1602 si
3174 1548 3325 1617 quis-

1726 1668 1889 1724 quam
1918 1649 2195 1706 hominum
2222 1658 2327 1703 tam
2375 1661 2566 1717 parum
2607 1645 2660 1700 in
2705 1642 2814 1698 vita
2857 1657 2956 1698 sua
2987 1641 3184 1713 quietis
3231 1641 3329 1695 ha-

109 1738 380 1810 principibus
412 1738 490 1795 bis
529 1755 687 1812 εφη
730 1740 1191 1812 supplicantibus,
1227 1755 1328 1796 nec
1364 1742 1621 1811 impetra-
1653 1729 1696 1792 Β
1725 1745 1952 1812 buisset,
1979 1740 2236 1812 numquid
2268 1740 2351 1797 vel
2383 1739 2589 1795 vixisse
2616 1736 2930 1794 diceretur?
2959 1739 3066 1793 Aut
3094 1735 3142 1791 si
3168 1735 3317 1806 quis-

108 1839 212 1896 rent,
235 1832 507 1889 novissime
547 1832 816 1901 Aneonis,
856 1832 1067 1888 minimi
1101 1832 1338 1888 hominis
1368 1833 1508 1888 inter
1537 1832 1620 1888 le-

103 1930 237 1990 gatos,
263 1921 410 1996 248
427 1924 448 1956 ⁸
470 1924 721 1981 oratione
747 1933 1082 1980 meruerunt.
1107 1924 1128 1956 '
1155 1925 1263 1980 iloc
1293 1939 1434 1979 anno
1465 1933 1622 1995 porta

103 2010 189 2068 lani
215 2013 405 2071 Gemini
434 2015 616 2072 clausa
651 2024 757 2085 est,
791 2017 917 2088 quia
948 2031 1213 2087 nusquam
1256 2017 1446 2072 eodem
1480 2031 1622 2072 anno

102 2103 258 2160 bellum
283 2115 406 2174 erat,
436 2108 582 2179 quod
620 2109 724 2164 sub
767 2110 941 2164 Numa
973 2109 1151 2165 solum
1196 2108 1466 2178 Pompilio
1495 2124 1623 2178 rege

101 2208 382 2261 provenerat.
412 2201 430 2233 ⁷
455 2200 592 2255 llinc
633 2200 855 2256 demum
898 2203 1059 2256 nobis
1093 2202 1382 2257 tacendum
1420 2211 1526 2270 est,
1570 2211 1625 2257 et

100 2295 288 2356 tempora
315 2290 501 2360 quibus
525 2289 764 2347 conferri
792 2303 974 2346 nostra
1005 2293 1156 2346 nullo
1188 2292 1347 2345 modo
1371 2299 1621 2362 possunt,

100 2377 268 2434 silentio
297 2383 583 2438 transmitti
613 2383 862 2452 expedit;
887 2399 955 2438 ne
978 2383 1382 2440 obtrectatores
1410 2385 1626 2439 dierum

97 2471 312 2527 vitasuze
347 2473 410 2528 ad
457 2475 836 2530 insultantium
872 2476 1051 2546 potius
1093 2474 1195 2529 sibi
1242 2475 1346 2530 hoc
1389 2476 1624 2544 strepitu

93 2561 378 2619 suscitemus.
410 2563 554 2622 Ecce
596 2576 768 2637 porta:
803 2564 925 2621 .lani
972 2566 1170 2622 clausa:
1215 2566 1457 2635 fuerunt,
1492 2567 1625 2624 foris

93 2652 246 2709 bellum
271 2655 636 2715 Romanorum
662 2675 771 2716 non
801 2659 923 2728 luit,
954 2675 1171 2716 onmem
1194 2661 1441 2715 sobolem
1472 2676 1626 2718 suam

91 2742 126 2798 in
145 2749 322 2813 gremio
335 2766 436 2807 suo
457 2753 942 2822 conquiescentem
963 2755 983 2786 ³
1007 2754 1176 2808 Roma
1199 2754 1487 2809 continens
1516 2770 1625 2810 non

89 2839 342 2906 suspiravit.
375 2844 442 2898 Et
472 2847 579 2900 hoc
603 2843 853 2914 quando?
882 2856 1004 2916 post
1029 2847 1263 2915 primum
1289 2847 1488 2902 bellum
1522 2844 1628 2901 Pu-

89 2929 222 2986 nicum
255 2952 267 2988 :
297 2947 416 3007 post
451 2947 720 3010 quantum
754 2938 1052 3010 temporis?
1083 2941 1102 2973 °
1127 2948 1252 3011 post
1281 2956 1458 2996 annos
1496 2957 1628 3012 qua-

87 3020 339 3096 dringinlos
360 3041 414 3086 et
441 3031 803 3103 quadraginta
827 3049 841 3088 :
865 3032 1165 3104 quamdiu?
1209 3050 1352 3089 anno
1388 3051 1496 3090 uno
1533 3046 1627 3091 :et

1726 1852 1886 1910 quam
1945 1851 2042 1906 per
2088 1842 2263 1891 totum
2312 1846 2513 1887 annum
2560 1829 2845 1886 doloribus
2897 1838 2954 1885 et
2999 1825 3324 1885 cruciatibus

1728 1931 1769 1963 “
1810 1935 2063 2002 angatur,
2097 1924 2276 1983 medio
2313 1934 2497 1982 autem
2545 1922 2674 1979 anni
2719 1922 2892 1993 ipsius
2933 1922 3108 1993 spatio
3150 1935 3317 1976 unum

1729 2031 1934 2078 tantum
1975 2021 2118 2078 diem
2163 2017 2616 2091 tranquillum/et
2661 2017 2780 2074 sine
2821 2014 3322 2072 conflictationibus

1727 2115 2017 2187 transigat,
2057 2112 2319 2183 numquid
2350 2112 2391 2144 “
2423 2127 2488 2168 ex
2528 2126 2594 2167 eo
2636 2109 3006 2166 levamentum
3048 2111 3318 2165 malorum

1727 2208 1978 2278 accipiet,
2009 2222 2075 2261 ac
2118 2221 2227 2260 non
2271 2213 2439 2259 totum
2479 2219 2681 2259 annum
2718 2202 2956 2258 miseriis
3003 2202 3323 2272 deputabitl

1728 2297 1833 2354 Sed
1865 2298 1966 2362 illi,
1995 2296 2191 2367 inquit,
2225 2295 2368 2350 hunc
2397 2310 2598 2350 annum
2649 2309 2747 2364 pro
2779 2293 3021 2364 glorioso
3053 2293 3206 2363 signo
3237 2295 3326 2347 in-

1729 2388 2025 2460 fatigabilis
2055 2388 2271 2442 virtutis
2299 2387 2712 2442 collocaverunt
2736 2403 2750 2438 :
2773 2393 2938 2455 atque
2968 2384 3176 2438 utinam
3215 2398 3314 2453 pro

1728 2482 2004 2537 oblivione
2031 2479 2355 2536 calamitatis
2380 2478 2423 2510 ¹³
2449 2478 2722 2533 continuae
2746 2474 3160 2547 praeteriissent.
3188 2474 3324 2531 Nam

1729 2577 1868 2631 sicut
1906 2577 1960 2629 in
1987 2588 2218 2644 corpore
2247 2571 2492 2627 hominis
2521 2571 2593 2626 ita
2623 2571 2841 2626 demum
2874 2569 3026 2639 lepra
3061 2565 3105 2598 ιδ
3129 2569 3324 2639 digno-

1729 2669 1918 2731 scitur,
1945 2666 1991 2720 si
2026 2663 2275 2720 variatim
2297 2664 2442 2719 inter
2472 2677 2634 2718 sanas
2673 2663 2816 2718 cutis
2852 2669 3035 2731 partes
3064 2661 3216 2716 color
3242 2661 3328 2716 di-

1731 2776 1921 2817 versus
1961 2767 2254 2829 appareat;
2285 2767 2341 2812 at
2386 2758 2432 2813 si
2482 2757 2556 2812 ita
2605 2773 2664 2811 se
2703 2756 2902 2825 ubique
2944 2754 3233 2819 diffundat,
3266 2762 3327 2810 ut

1730 2853 1911 2907 omnia
1963 2853 2120 2905 unius
2169 2849 2369 2906 coloris
2424 2847 2467 2882 "
2496 2849 2744 2919 quamvis
2791 2845 3092 2901 adulterini
3137 2845 3324 2913 faciat,

1732 2946 1873 3016 perit
1919 2944 2009 2998 illa
2049 2943 2308 2998 discretio
2342 2960 2354 2996 :
2390 2943 2462 2997 ita
2508 2942 2552 2996 si
2591 2941 2744 2996 labor
2772 2940 3065 2996 continuus
3125 2939 3322 3010 aequali

1734 3040 2040 3105 tolerantia,
2071 3040 2188 3095 sine
2216 3037 2525 3109 respirandi
2559 3037 2804 3107 appetitu
2834 3035 3203 3104 pet-fluxisset,
3239 3035 3324 3088 in-

87 3118 179 3184 quid
205 3123 361 3180 altero
381 3127 740 3183 subsecutum
781 3127 904 3183 est?
947 3137 1005 3182 ut
1041 3127 1110 3184 de
1139 3129 1356 3184 ueteris
1388 3138 1624 3198 taceam,
1655 3114 1703 3180 C
1736 3134 1907 3190 lentio
1941 3132 2235 3189 voluntatis
2272 3139 2328 3186 et
2353 3129 2549 3186 electio
2579 3125 2993 3184 consuetudinis
3022 3125 3323 3182 diceretur.

86 3207 243 3271 bellum
278 3216 571 3289 Gallicum,
615 3228 669 3282 et
693 3220 931 3278 Annibal
957 3237 1081 3279 cum
1117 3223 1266 3281 bello
1297 3225 1507 3284 Punico
1542 3242 1630 3287 se-

1733 3225 1869 3284 Cum
1911 3235 2092 3282 autem
2130 3224 2185 3280 in
2229 3223 2333 3279 hoc
2356 3222 2401 3256 “
2431 3219 2793 3294 pauxillulum
2831 3218 2936 3278 otii
2973 3219 3014 3250 ¹⁷
3043 3224 3332 3288 tantOpere

1316 3405 1768 3464 HAVERCAMPI
1809 3404 2042 3464 ΝΟΤΔΕ.

131 3529 240 3613 βυ.
269 3537 380 3596 Xll.
401 3545 545 3599 -—l.
594 3541 794 3600 Valerii
816 3542 1065 3598 consulis.
1109 3541 1216 3598 Sex
1237 3557 1302 3598 ex
1328 3556 1486 3611 mss.,
1527 3543 1634 3599 Va-

82 3599 175 3658 l-‘n'o
199 3614 414 3668 consule.

213 3680 634 3758 Quatuordecim.
654 3685 770 3758 WEd.
801 3685 933 3756 Aug.
952 3725 966 3750 ,
993 3685 1260 3741 tredecim.
1283 3686 1462 3756 Supra
1489 3687 1636 3757 quin-

81 3752 178 3830 gmfi
203 3752 408 3830 abesto
432 3757 625 3830 Lugd._
648 3757 765 3811 Bai.
795 3752 912 3830 sec:

95 3886 103 3895 ε
135 3821 456 3901 δοιοδανάὶιξὶα
480 3821 662 3882 bisula
688 3828 976 3901 rebellavit.
1023 3827 1097 3884 De
1128 3828 1228 3881 hac
1259 3843 1318 3883 re
1345 3828 1541 3900 Polyb.
1579 3830 1634 3883 in

80 3885 152 3968 lia:
182 3891 270 3968 lib.
303 3911 338 3957 ι,
375 3899 611 3968 Eutrap.
643 3914 722 3952 Ill.
759 3899 924 3954 ΕΔΜ.
1027 3936 1032 3940 ι

217 3961 604 4042 ξορᾳςείεεεηί.
649 3971 745 4024 Ed.
773 3973 933 4038 Aug.,
968 3979 1326 4042 poposcerunt.

80 4097 88 4107 ι
133 4031 175 4083 5.
209 4031 450 4108 Oratione
475 4053 794 4095 meruerunt.
842 4031 1012 4108 Quam
1035 4031 1152 4096 'iste
1184 4055 1348 4108 anno,
1383 4042 1643 4096 minimus

78 4105 194 4187 inter
220 4105 444 4187 legatos,
481 4111 794 4187 orationem
826 4105 1108 4187 habuerit1
1128 4105 1641 4187 injuria'temporis,

76 4180 450 4259 flgftfriptorum
488 4184 716 4259 penuria
746 4180 1353 4259 nescirnits._StrcCedat
1387 4183 1550 4259 igitur
1572 4183 1646 4236 si-

77 4243 178 4318 niile
226 4243 275 4303 in
299 4243 534 4316 patriam
567 4255 850 4317 meritum,
882 4254 1010 4310 belli
1042 4252 1230 4308 Punici
1258 4243 1484 4308 secundi
1516 4253 1645 4318 line,

74 4312 360 4394 Asdrubalis
383 4324 569 4387 Haedi,
595 4325 686 4393 qui
711 4312 869 4380 acuto
891 4340 1013 4390 suo,
1039 4327 1180 4394 quod
1205 4325 1422 4379 senatui
1450 4312 1648 4379 Roma;

76 4398 240 4466 "9mm
269 4392 322 4446 in
347 4395 503 4449 curia
540 4392 710 4462 dedit,
737 4409 1002 4466 responso
1043 4392 1419 4450 memorabilis
1446 4406 1502 4450 et
1536 4405 1648 4448 tum

73 4462 115 4506 et
149 4471 281 4519 nunc
319 4479 446 4520 esse
495 4466 718 4521 meruit.
771 4462 1163 4523 Stibclamante
1201 4466 1346 4520 enim
1393 4476 1650 4522 senatore

76 4533 313 4606 quodam,
361 4535 912 4605 Carthaginiensibus
977 4537 1204 4606 pacique
1253 4536 1489 4592 infesto:
1553 4535 1654 4590 Per

77 4611 186 4672 quos
209 4605 326 4660 deos
354 4608 535 4676 [trdus
562 4609 715 4661 icturi
746 4618 933 4670 essent,
977 4605 1095 4660 cum
1126 4623 1230 4669 eos,
1268 4621 1360 4677 per
1384 4624 1514 4678 quos
1537 4617 1653 4660 ante

71 4678 206 4748 ictum
222 4687 369 4748 esset,
403 4679 761 4748 fefellissent?
790 4677 1143 4748 respondisse
1170 4678 1352 4733 ferunt
1379 4677 1660 4733 Asdruba»

73 4734 183 4820 iam,
215 4744 319 4820 Per
349 4734 588 4818 eosdem,
624 4750 712 4818 qui
739 4759 847 4803 tam
878 4734 1052 4820 infesti
1085 4757 1207 4802 sunt
1229 4749 1426 4820 {wdera
1453 4750 1656 4804 violan-

72 4807 210 4888 tibus.
232 4815 436 4888 Livius
471 4807 588 4874 lib:
607 4807 735 4886 x'xx,
761 4835 880 4888 cap.
913 4807 1005 4874 4'2.

100 4884 174 4959 ,6.
222 4885 334 4961 Hoc
362 4908 512 4946 anno
546 4900 694 4958 porta
723 4884 863 4945 lani.
912 4890 1084 4961 Hujus
1106 4891 1184 4945 rei
1210 4891 1549 4945 mentionem
1577 4888 1651 4945 fe-

70 4962 228 5036 ftmus
259 4959 315 5036 in
344 4976 398 5016 c.
433 4964 468 5018 8
499 4963 598 5017 lib.
628 4976 710 5036 ttt.
743 4963 948 5036 Plutar.
1062 4962 1262 5036 Numa:
1296 4965 1504 5036 Μάρκου
1531 4963 1666 5017 Ἀτι-

67 5018 271 5108 ξιξνικᾳὶ
320 5036 485 5108 Tiro»
523 5034 742 5108 Metiliou
791 5034 1153 5108 ὑποετευὸντων
1179 5032 1346 5094 ὁνεώς
1378 5018 1478 5088 ἰτῡῦ
1505 5038 1662 5108 ’μᾳνοῦ

68 5100 277 5178 έλῑᾉίρθινλΔ
319 5105 523 5178 χρόνῳ
555 5106 830 5178 odorem»,
862 5102 970 5178 ditat
996 5108 1141 5178 ςρθὺς
1178 5106 1413 5178 ἀνεῴχθη
1449 5104 1666 5176 πολέμου

73 5171 423 5250 semesa}.
458 5174 542 5230 M.
586 5175 850 5250 Atilio,4et
889 5171 962 5230 T.
988 5174 1196 5250 Manlio
1237 5171 1671 5250 coss.,__tcmpium

65 5237 176 5295 lani
220 5237 468 5299 Clausum
502 5263 604 5300 non
633 5247 723 5300 diu
759 5237 877 5316 fuit,
909 5245 998 5300 sed
1025 5247 1272 5302 continuo
1319 5237 1451 5301 bello
1488 5237 1668 5299 ea'orto

71 5326 517 5387 rursusapertum
540 5327 638 5371 est.
670 5317 839 5372 FABR.

91 5456 101 5466 ‘
225 5385 364 5466 nam
391 5389 626 5466 demum.
670 5389 1069 5466 Perizon._cum
1101 5387 1272 5458 Lugd.
1305 5387 1577 5466 Bat,_scc.
1612 5396 1668 5442 et

67 5452 189 5528 Goll.
219 5457 508 5522 Grunov.,
540 5457 625 5511 hic
647 5460 872 5513 demum.
901 5460 1054 5526 Quod
1087 5452 1362 5527 praeessit
1383 5459 1666 5528 aliquanto

67 5527 239 5591 solum,
272 5543 384 5584 non
412 5539 599 5584 exstat
627 5531 681 5583 in
710 5530 900 5585 eadem
933 5531 1071 5584 Coll.
1111 5541 1168 5584 ut
1197 5545 1296 5584 nec
1325 5531 1379 5582 in
1407 5527 1491 5583 ed.
1523 5533 1660 5597 Aug.

129 5598 180 5651 8.
224 5599 479 5654 Rmnana
513 5604 802 5653 continens.
843 5601 935 5657 Sic
963 5601 1156 5657 Colon.
1187 5610 1241 5656 et
1273 5599 1492 5669 quidem
1529 5601 1668 5653 Oro-

66 5667 202 5741 s_iane
248 5685 352 5741 pro
385 5671 534 5726 orbis
576 5670 866 5726 Romanus.
915 5672 1120 5741 Vulgo,
1155 5667 1323 5727 Roma
1377 5672 1667 5741 continens.

72 5736 406 5798 Lsurf—ln
433 5742 578 5799 Coll.
611 5743 783 5799 Gron.
813 5753 895 5801 est
923 5736 1398 5799 lioriia'sustinens.
1439 5740 1669 5810 Vulgata

1682 4855 1736 4916 D

1737 3545 1899 3600 lectio
1940 3559 1999 3600 se
2031 3551 2185 3599 recte
2209 3540 2394 3596 habet.
2447 3538 2536 3596 Sic
2565 3534 2730 3599 infra,
2775 3534 2966 3589 misera
2997 3532 3194 3599 civitas,
3225 3546 3340 3586 vere

1737 3617 1927 3670 misera
1970 3627 2155 3680 mater,
2191 3615 2282 3669 ubi
2332 3611 2518 3666 itidem
2545 3609 2612 3664 de
2643 3608 2812 3662 Roma
2845 3606 2980 3660 urbe
3013 3619 3200 3658 sermo
3229 3613 3331 3658 est.

1740 3687 1796 3742 in
1831 3687 2011 3740 Lamii
2042 3686 2260 3740 entcntl.
2291 3682 2476 3738 nullus
2512 3693 2704 3735 sensus
2730 3687 2831 3733 est.

1813 3759 1864 3812 9.
1914 3756 2038 3810 Post
2095 3773 2258 3809 annos
2296 3766 2515 3808 cccch.
2551 3751 2773 3823 Legitur
2799 3747 2984 3823 etiam.
3016 3743 3333 3823 CCCCL.st

1742 3829 1877 3882 alter
1909 3842 2167 3882 numerus
2199 3828 2402 3887 verior,
2437 3837 2558 3875 cum
2591 3830 2668 3873 tot
2700 3819 2812 3872 fere
2839 3818 2963 3869 anni
2996 3831 3024 3868 a
3059 3817 3330 3882 principio

1743 3899 1892 3967 rrgni
1946 3897 2160 3967 llustilii
2204 3896 2269 3967 ad
2314 3893 2566 3967 Manlium
2599 3899 2655 3943 et
2693 3888 2911 3942 Atiliutn
2953 3892 3330 3967 numerentur.

1746 3954 1911 4024 ΡῙΒΒ.
1934 3999 2003 4008 -
2033 3966 2170 4021 (20d.
2205 3964 2476 4028 L0ng0b.,
2519 3969 2629 4026 post
2653 3974 2816 4012 annos
2846 3970 2997 4028 cccc,
3032 3954 3177 4028 F_lor.
3214 3968 3329 4007 sec.

1745 4051 1799 4093 et
1841 4049 1966 4093 tert.
2000 4049 2056 4092 ut
2086 4046 2142 4091 et
2174 4047 2285 4090 tres
2311 4025 2480 4099 Lugd.
2521 4025 2669 4084 'Batt.
2701 4027 3012 4099 cum_Coll.
3042 4025 3288 4099 Gronov.
3313 4065 3330 4091 ,

1746 4110 1916 4165 Codd.
1967 4122 2180 4179 quoque
2224 4105 2342 4159 Meo
2371 4095 2426 4157 et
2455 4101 2744 4179 Perizonq
2791 4097 2931 4152 Ultr.
2961 4105 3018 4150 ct
3037 4095 3131 4150 ed.
3156 4097 3294 4164 Aug.
3317 4137 3332 4164 ,

1748 4196 1939 4243 CCCCL;
1972 4171 2026 4232 at
2055 4171 2181 4232 edd.
2219 4185 2350 4230 vett.
2383 4171 2649 4228 exhibent
2679 4182 2898 4223 CCCCLx.

1825 4233 2274 4306 illjvﬂenudasse.
2334 4243 2479 4298 Edit.
2532 4243 2668 4311 Aug.
2701 4281 2716 4306 ,
2755 4252 3104 4292 enumerasse.
3157 4233 3330 4307 Lugd.

1752 4323 1868 4378 Bal.
1901 4330 2051 4389 tcrt.,
2082 4319 2362 4372 dubitasse.

1825 4392 1914 4446 ll.
1936 4375 2202 4463 ίΑιιραειιτ.
2233 4389 2300 4463 ln_
2321 4383 2570 4440 omnibus
2598 4395 2732 4463 mss.
2753 4387 2839 4436 est
2860 4385 3072 4463 agatur,
3117 4375 3334 4432 defectu

1755 4464 1991 4527 lineolae,
2019 4450 2138 4532 qum
2167 4458 2380 4532 solebat
2411 4469 2572 4532 supra
2603 4455 2812 4532 litteras
2841 4450 2982 4505 duci.
3023 4520 3054 4532 Π

1826 4535 1914 4589 Η.
1952 4520 2129 4588 Επέο.
2164 4529 2291 4585 Mss.
2315 4539 2370 4584 et
2398 4520 2530 4600 edi—ti
2557 4525 2798 4600 quidam,
2823 4538 2887 4600 ea:
2913 4537 2970 4576 eo
3000 4520 3103 4574 die.
3201 4589 3230 4600 Α

1830 4606 1919 4661 15.
1948 4604 2218 4659 Continuat
2247 4599 2636 4670 prateriissent.
2683 4595 2785 4670 Ed.
2816 4599 3070 4670 August.,
3093 4595 3340 4643 continuo

1758 4677 2091 4749 praeterisset.
2124 4664 2264 4749 Coll.
2300 4675 2566 4749 C_r_onov.,
2601 4669 2843 4749 continuo
2867 4664 3234 4733 prwterissent.

1832 4747 1920 4801 M.
1956 4746 2316 4817 Dignoscitur.
2343 4739 2894 4817 Meusthgnoscitur.

1834 4819 1924 4872 15.
1954 4804 2202 4884 Quamvis
2249 4804 2535 4884 adulterini
2581 4804 2760 4884 faciat.
2790 4808 2863 4862 Ita
2909 4804 3193 4884 legendum
3244 4811 3355 4884 est,

1769 4903 1877 4944 non
1905 4875 2135 4959 quamvis
2157 4885 2382 4942 adulteri
2407 4875 2591 4959 facias,
2624 4890 2680 4934 ut
2707 4880 2759 4933 in
2795 4876 3191 4959 recentioribus
3223 4875 3357 4959 vui:-

1804 4943 2044 5015 atis'est.
2078 4959 2156 5013 De
2189 4959 2340 5027 lepra
2369 4943 2512 5027 enim
2538 4943 2724 5027 sermo
2763 4959 2865 5027 est,
2890 4962 3014 5027 quin
3051 4947 3125 5027 ita
3157 4961 3216 5000 se
3247 4943 3355 5027 dif:

1795 5015 1977 5095 undat,
2009 5039 2067 5084 ut
2093 5015 2272 5082 omnia
2323 5025 2482 5095 unius
2532 5022 2697 5076 faciat
2734 5015 2953 5095 coloris,
2986 5015 3348 5082 scilicet.albi

1810 5106 1861 5156 ui
1895 5090 2047 5157 color
2080 5110 2257 5154 tamen
2289 5107 2374 5152 est
2409 5094 2772 5166 adulterinus,
2802 5090 2926 5160 quia
2969 5105 3074 5166 non
3107 5095 3192 5141 est
3226 5101 3355 5166 can-

1810 5119 1861 5156 ιιι
1895 5119 2047 5157 00101·
2080 5119 2257 5154 tamen
2289 5119 2374 5152 εει
2409 5119 2772 5156 :tuuucrlllua,
2802 5119 2926 5160 ψιιιι
2970 5119 3074 5141 ιιυιι
3107 5119 3192 5141 cm.
3226 5119 3355 5138 ιιι-ιιι-

1770 5119 1873 5228 gor
1899 5175 2146 5227 sincerus
2168 5179 2223 5224 et
2243 5183 2426 5223 sanus.
2455 5164 2585 5219 lllud
2628 5166 2786 5232 faciat
2819 5160 3172 5230 suppeditant
3198 5154 3356 5210 nobis

1775 5243 1899 5298 edd.
1934 5250 2201 5295 vctt.cum
2233 5233 2692 5300 mss.,adulterini
2722 5247 2848 5286 vero
2880 5246 2946 5285 ex
2974 5232 3105 5284 edit.
3127 5231 3359 5298 August.

1781 5316 2126 5377 desumptum
2159 5319 2260 5364 est.
2287 5299 2412 5364 edd.
2447 5307 2690 5377 Venetae,
2717 5299 3212 5377 adulterariﬂfariat.‘

1844 5385 1930 5439 16.
1961 5367 2348 5435 Pauxillulum.
2392 5377 2528 5433 Cod.
2565 5367 2832 5446 Longob.,
2862 5372 3170 5446 pausillum.
3204 5367 3358 5424 Flor.

1771 5464 1896 5510 tert.
1925 5469 2046 5508 cum
2083 5455 2199 5506 illeo
2221 5463 2275 5507 et
2299 5450 2388 5504 ed.
2428 5442 3023 5516 Augustu'pauxitium.
3060 5442 3208 5516 Flor.
3243 5453 3359 5496 sec.

1772 5537 1827 5582 et
1855 5523 2022 5594 Lugd.
2054 5523 2174 5577 Bal.
2211 5530 2355 5594 tcrt.,
2376 5512 2664 5594 cum'Coll.
2691 5512 2960 5594 Gronov.)
2993 5512 3268 5594 pusillum.

1846 5584 2253 5660 l7.vTantoperc
2282 5593 2357 5646 vel
2388 5592 2645 5654 maiorum
2667 5589 2881 5660 gaudia.
2908 5587 3041 5643 Cod.
3076 5584 3361 5649 l’erizon.,

1776 5676 1918 5724 tanto
1951 5665 2178 5738 periculo
2208 5665 2464 5735 majorum
2492 5662 2707 5735 gaudia.
