3938 6318
532 303 640 364 887
1935 295 2145 355 PAULI
2180 296 2408 356 OROSII
3721 297 3822 356 888

531 419 624 476 vel
669 417 934 489 majorum
976 413 1193 487 gaudia,
1223 412 1307 470 vel
1342 412 1614 470 minorum
1658 409 1839 467 studia
1878 410 1921 443 ¹⁸
1963 409 2126 466 recli-
2151 417 2206 478 Α
2229 410 2574 468 dediderunt.
2600 408 2788 466 Tertio
2813 408 3073 481 deinceps
3098 423 3243 466 anno
3272 407 3538 466 miseram
3562 408 3822 469 civitatem

534 522 758 575 nantur,
794 511 1038 580 profecto
1073 505 1423 571 discernitur,
1455 513 1510 561 et
1541 518 1700 574 quam
1731 500 2131 573 jucunditatem
2235 503 2515 574 sacrilegis
2545 501 2828 558 sacrificiis
2854 501 2996 558 male
3029 511 3284 572 potentes
3312 503 3668 560 lunestavere
3700 520 3822 575 pon-

533 604 793 658 habuerit
837 601 952 654 haec
990 599 1251 666 brevitas,
1291 609 1347 652 et
1375 612 1538 668 quam
1577 593 1997 651 amaritudinem
2040 593 2132 649 illa
2239 595 2446 661 tillces,
2485 610 2721 667 namque
2756 594 3060 650 decemviri
3100 596 3120 626 ³
3150 596 3607 652 consuetudinem
3649 599 3824 668 prisca:

535 695 826 766 prolixitas
854 711 867 746 :
898 692 1002 747 hoc
1030 698 1134 757 est,
1169 700 1224 746 et
1245 690 1403 761 quies
1427 689 1518 744 illa
1543 704 1705 760 quam
1736 696 1887 758 grata
1915 688 2131 756 fuisset,
2238 688 2643 759 superstitionis
2673 687 2940 758 aggressi,
2960 685 3216 744 ‘Gallum
3241 689 3416 744 virum
3449 698 3510 745 et
3532 689 3734 745 Gallam
3755 691 3826 746 fe-

538 788 586 844 si
626 787 883 841 diuturna
923 784 1237 848 mansisset,
1264 791 1322 839 et
1364 782 1483 838 huic
1531 780 1874 837 incessabilis
1919 781 2136 836 miseria
2242 782 2446 835 minam
2462 795 2586 836 cum
2613 780 2841 836 muliere
2863 781 3233 836 simulGrzeca
3256 781 3308 836 in
3329 783 3451 838 loro
3474 781 3822 838 boariovivos

537 894 702 952 quam
739 880 906 935 etiam
945 877 1166 933 vitanda
1201 875 1388 944 fuerit,
1436 876 1485 932 si
1526 875 1683 931 vitari
1717 876 1759 908 ¹⁹
1794 889 2138 946 quacumque
2239 871 2580 928 defoderunt.
2605 871 2771 944 249
2793 872 2899 929 Sed
2922 872 3341 944 obligamentum
3367 874 3476 931 hoc
3501 877 3755 946 magicum
3779 879 3829 932 in

540 982 658 1029 arte
685 973 974 1044 potuisset.
2241 967 2574 1021 contrarium
2601 967 2863 1022 continuo
2892 982 3109 1022 versum
3139 977 3242 1023 est.
3274 967 3525 1040 Namque
3550 969 3692 1024 diras
3719 970 3830 1025 illas

1031 1062 1197 1135 243
1232 1059 1460 1117 CAPUT
1502 1057 1642 1115 χιιι.

544 1180 626 1237 De
649 1180 861 1234 interitu
891 1177 1254 1244 Amilcaris,et
1283 1175 1416 1230 bello
1436 1175 1792 1228 Romanorum
1816 1175 1870 1228 in
1895 1172 2139 1244 Illyrios,

617 1253 831 1318 eiusque
857 1264 1042 1304 causa.
1079 1247 1157 1302 De
1186 1248 1318 1318 bello
1350 1249 1404 1300 in
1435 1245 1617 1300 Gallos
1658 1245 1953 1318 Cisalpinos
1979 1260 1996 1297 :
2023 1245 2144 1299 item

615 1316 674 1376 in
711 1316 962 1376 Insubres
1001 1318 1202 1373 Gallos.
1247 1316 1326 1371 De
1372 1318 1631 1388 prodigiis
1679 1317 1858 1371 variis.
1892 1316 1971 1370 De
2012 1331 2146 1372 nova

618 1391 894 1448 Gallorum
920 1391 1088 1458 clade,
1112 1389 1342 1459 belloque
1369 1391 1422 1442 in
1444 1387 1634 1442 Istros.

619 1529 638 1559 ¹
669 1529 830 1582 Anno
875 1525 946 1581 ab
975 1525 1121 1582 Urbe
1147 1524 1368 1580 condita
1399 1539 1546 1579 nxvn
1587 1523 1851 1594 Amilcar,
1884 1524 1993 1580 dux
2016 1522 2149 1580 Car-

551 1618 1002 1690 thaginiensium,
1022 1617 1089 1672 ab
1120 1616 1379 1686 HiSpanis
1412 1618 1464 1672 in
1497 1616 1663 1686 bello,
1696 1633 1821 1673 cum
1852 1617 1999 1673 aliud
2023 1618 2140 1674 bel-

546 1715 664 1769 lum
709 1712 975 1767 adversus
1025 1712 1305 1767 Romanos
1331 1712 1472 1768 clam
1512 1723 1756 1782 pararet,
1779 1711 1994 1767 occisus
2035 1721 2140 1767 est.

2242 1073 2373 1129 quas
2386 1057 2628 1114 fecerant
2654 1069 3000 1114 externorum
3027 1067 3256 1129 mortes,
3276 1060 3600 1118 fmdissimis
3625 1077 3830 1119 suorum

2244 1151 2484 1208 czedibus
2513 1167 2576 1206 ex
2589 1153 2895 1223 piaverunt,
2927 1153 3231 1224 sequidem,
3263 1154 3284 1187 ⁸
3311 1153 3374 1210 ι..
3409 1152 3647 1210 Emilio
3676 1155 3832 1225 Papo.

2245 1245 2306 1301 C.
2357 1245 2527 1301 Atilio
2577 1245 2784 1316 Regulo
2828 1246 3185 1313 consulibus,
3238 1262 3440 1317 magna
3491 1245 3772 1304 formidine
3815 1249 3834 1280 ‘

2245 1346 2628 1396 consternatus
2659 1348 2744 1396 est
2774 1350 2997 1396 senatus
3034 1340 3351 1397 defectione
3378 1339 3683 1413 Cisalpina:
3723 1342 3835 1398 Gal-

2247 1432 2357 1501 liae,
2401 1447 2526 1488 cum
2559 1433 2723 1489 etiam
2763 1447 2832 1489 ex
2873 1433 3134 1490 ulteriore
3182 1434 3358 1491 Gallia
3398 1433 3602 1504 ingens
3643 1433 3829 1490 adven-

2250 1534 2368 1582 tare
2394 1525 2667 1582 exercitus
2716 1527 3093 1596 nuntiaretur,
3137 1528 3158 1559 ⁷
3191 1527 3438 1584 maxime
3481 1526 3831 1593 Gaesatorum,

2251 1620 2395 1690 quod
2420 1635 2616 1675 nomen
2649 1634 2756 1675 non
2787 1621 2969 1691 gentis
2994 1662 3009 1688 ,
3036 1621 3133 1676 sed
3162 1621 3641 1678 mercenariorum
3666 1620 3832 1679 Gallo-

2255 1727 2377 1766 rum
2415 1721 2519 1768 est.
2561 1711 2749 1783 Itaque
2780 1713 3010 1783 permoti
3046 1713 3314 1770 consules
3339 1755 3355 1780 ,
3389 1714 3569 1771 totius
3595 1714 3756 1770 Italia:
3779 1713 3836 1769 ad

549 1807 573 1837 ³
596 1805 859 1875 Sequenti
885 1818 1030 1858 anno
1055 1804 1219 1875 legati
1245 1804 1619 1859 Romanorum
1650 1804 1719 1859 ab
1746 1803 1950 1875 Illyriis
1980 1805 2148 1861 inter-
2178 1802 2228 1862 B
2256 1804 2571 1875 praesidium
2613 1805 2831 1876 imperii
2861 1815 3188 1862 contraxere
3214 1807 3388 1862 vires.
3421 1805 3546 1873 Quo
3592 1805 3728 1863 facto
3749 1846 3763 1873 ,
3789 1807 3834 1862 in

548 1897 679 1954 fecti
711 1904 858 1952 sunt.
891 1896 1023 1950 Post
1048 1911 1172 1951 cum
1202 1895 1334 1966 ipsis
1362 1896 1560 1967 Illyriis
1587 1895 1996 1951 atrocissimum
2028 1895 2143 1952 bel-

551 1990 668 2044 lum
697 1997 910 2060 gestum
938 1997 1022 2044 est
1051 2004 1066 2043 :
1097 1989 1151 2043 in
1182 2003 1292 2059 quo
1335 1988 1520 2044 multis
1565 1986 1781 2059 oppidis
1824 1987 2145 2059 populisque

551 2081 771 2152 deletis,
797 2081 996 2152 reliqui
1023 2097 1084 2139 se
1118 2081 1318 2139 Fulvio
1354 2080 1784 2152 Posthumioque
1825 2081 2146 2137 consulibus

2261 1896 2544 1967 utriusque
2572 1896 2813 1952 consulis
2841 1898 3086 1953 exercitu
3110 1898 3430 1969 octingenta
3462 1897 3640 1953 millia
3683 1914 3836 1953 arma.

2253 1999 2434 2044 torum
2475 1989 2646 2045 fuisse
2690 1989 3034 2059 referuntur,
3078 1993 3100 2024 ⁸
3124 1991 3267 2047 sicut
3292 1989 3508 2048 Fabius
3540 1991 3831 2057 historicus,

2253 2083 2344 2154 qui
2369 2081 2546 2162 eidem
2576 2082 2723 2139 bello
2751 2082 3019 2154 interfuit,
3049 2083 3294 2156 scripsit.
3328 2086 3350 2118 °
3383 2083 3475 2140 Ex
3508 2083 3704 2155 quibus
3727 2084 3820 2139 Ro-

1851 2262 2297 2322 IIAVERCAMPI
2334 2264 2561 2322 NOTAE.

625 2402 719 2459 18.
754 2402 1113 2461 Reclinantur.
1141 2401 1245 2459 Ed.
1267 2401 1431 2472 Aug.,
1461 2399 1811 2472 declinantur.
1831 2397 2004 2469 Lugd.
2025 2399 2144 2454 Bat.

554 2483 711 2542 tert.,
741 2475 1085 2530 redimantur.
1122 2476 1242 2530 Mox
1274 2470 1410 2529 Coll.
1453 2471 1719 2538 Gronov.,
1760 2470 2147 2537 discernuntur,

557 2554 620 2602 ut
648 2555 703 2600 et
727 2545 900 2615 Lugd.
934 2547 1050 2600 Bat.
1085 2554 1211 2600 tert.
1236 2558 1335 2614 pro
1365 2542 1697 2615 discernitur.

629 2616 720 2672 I9.
752 2612 1086 2686 Quacumque
1129 2612 1249 2670 arte
1275 2615 1553 2686 potuisset.
1575 2613 1630 2666 In
1660 2627 1792 2686 mss.
1823 2613 2068 2686 optimis,
2096 2612 2148 2668 id

555 2695 661 2756 est,
694 2689 869 2742 tribus
905 2684 1172 2743 Florentt.
1200 2684 1323 2742 Meo
1350 2697 1403 2740 ct
1437 2684 1852 2756 Perizon,_illud
1889 2694 2149 2756 artenon

556 2754 853 2815 invenitur.
905 2759 1043 2814 Edd.
1077 2771 1296 2828 quoque
1338 2756 1525 2828 prima:
1573 2763 1634 2828 et
1677 2754 1915 2828 Venetae!
1940 2755 2144 2828 delent.

557 2829 651 2884 Sic
693 2845 1011 2897 quacumque
1055 2825 1263 2885 dicmin
1300 2825 1428 2895 erit,
1462 2836 1524 2882 ut
1565 2826 1740 2898 aliqua
1779 2826 1922 2898 apud
1963 2825 2155 2898 Virgil.

554 2900 760 2956 Ecloaa
786 2915 863 2956 ιιι.
888 2901 975 2956 15.

605 2915 760 2970 croga
786 2915 863 2966 ιιι,
888 2915 975 2956 to.

745 2999 809 3052 Et
830 3001 873 3050 si
896 3013 993 3050 non
1019 3000 1180 3063 aliqua
1206 3000 1479 3064 nocuisses,
1505 3003 1729 3050 mortuus
1749 3011 1906 3051 esses.

560 3105 623 3161 Id
670 3115 754 3162 est
794 3108 1135 3178 aliquatenus,
1159 3106 1336 3178 aliqua
1381 3108 1603 3175 ratione,
1648 3113 1711 3161 ut
1755 3106 1994 3176 explicat
2029 3105 2160 3163 Ser-

564 3178 707 3232 vius.

563 3327 719 3389 pater
765 3317 1082 3387 Annibalis,
1129 3329 1353 3375 auctore
1394 3318 1744 3381 Cassiodoro,
1785 3319 1837 3371 in
1888 3319 2150 3388 Ilispania

567 3390 785 3444 occisus
834 3401 955 3456 eSt,
997 3390 1067 3444 M.
1117 3391 1340 3445 [Emilio
1382 3389 1638 3451 Barbula,
1689 3389 1757 3441 Μ.
1805 3389 1967 3443 Junio
2020 3391 2150 3445 Pera

564 3475 734 3526 coss.,
769 3460 861 3528 qui
907 3475 1080 3514 annus
1125 3462 1183 3515 in
1232 3459 1410 3513 Fastis
1439 3458 1761 3527 Capitolinis
1793 3468 1877 3512 est
1910 3461 1978 3513 ah
2008 3459 2153 3516 Urbe

566 3546 691 3602 con.
739 3545 903 3584 oxxn.
957 3531 1035 3602 ρθ
1081 3531 1368 3586 Amilcaris
1425 3530 1644 3583 interitu
1697 3529 1854 3598 plura
1897 3531 2154 3602 Polybius

569 3601 728 3656 initio
751 3601 844 3654 lib.
876 3615 934 3656 ll.
965 3601 1130 3656 Faun.
2002 3601 2009 3602 ί
2139 3623 2148 3632 ·

636 3672 690 3725 2.
727 3669 976 3740 Sequenti
1015 3689 1153 3726 (uino
1193 3672 1348 3742 legati
1388 3670 1764 3725 Romanorum.
1796 3671 2026 3741 Legatos
2054 3671 2155 3726 Po-

560 3742 754 3819 beius.
776 3743 869 3819 ΙΨ.
894 3757 931 3796 ιι
965 3746 1206 3819 nominat
1224 3742 1485 3819 I‘ai'ouuoti
1508 3745 1716 3798 Λεύκιον
1733 3748 2110 3819 -Κφρᾳγκᾳνίορς
2137 3761 2151 3798 :

565 3813 657 3884 qui
690 3812 756 3866 ad
791 3812 1019 3867 Teutam
1046 3816 1306 3884 Reginam
1332 3814 1664 3883 Illyriorum,
1695 3815 1764 3868 ob
1793 3812 2018 3883 injurias
2049 3815 2153 3867 Ita-

564 3883 684 3939 Iicis
728 3883 1334 3940 mercatoribus’illatas
1367 3884 1516 3938 missi
1551 3884 1790 3950 fuerunt,
1815 3897 1976 3954 atque
2017 3887 2154 3940 alter

567 3968 758 4008 eorum
783 3954 942 4023 jussu
965 3956 1168 4025 regina:
1193 3954 1510 4010 interfectus
1531 3954 1656 4021 fuit,
1687 3965 1741 4009 ut
1764 3955 1905 4010 idem
1939 3958 2152 4013 scribit.

566 4025 641 4097 In
680 4027 916 4097 epitonia
958 4042 1174 4096 quoque
1221 4026 1359 4082 libro
1407 4027 1670 4093 vigesimo
1698 4026 1913 4097 legitur,
1948 4026 2154 4081 Bellum

563 4094 773 4166 Illyriis
823 4094 1035 4168 prapter
1081 4094 1240 4151 unum
1293 4114 1355 4151 ex
1407 4097 1614 4169 legatis,
1661 4094 1863 4166 qui'ad
1890 4114 1976 4169 eos
2013 4099 2156 4151 missi

566 4175 736 4232 erant,
767 4167 1011 4232 occisum,
1035 4169 1288 4222 indictum
1313 4177 1405 4222 est.
1429 4167 1706 4237 Appianus
1761 4171 1886 4223 item
1941 4167 2154 4222 Corun-

567 4239 710 4292 canii
738 4239 806 4291 ab
839 4237 1039 4308 Illyriis
1069 4239 1342 4295 interfecti
1381 4240 1633 4293 meminit
1669 4237 1719 4292 in
1756 4240 1991 4309 Illyrico.
2030 4239 2156 4294 Flo-

566 4324 664 4362 rus
705 4323 837 4362 vero
872 4309 1015 4363 libro
1059 4310 1317 4375 secundo,
1348 4309 1526 4378 capite
1555 4309 1612 4372 5,
1653 4309 1857 4378 legatos
1880 4309 2154 4367 Romanos

564 4378 872 4450 imperante
893 4378 1063 4436 Teuta
1091 4382 1305 4438 occisos
1333 4381 1544 4435 scribit.
1579 4380 1786 4435 Plinius
1818 4383 1962 4434 lihro
1987 4383 2154 4450 trige-

561 4448 704 4521 simo
725 4457 945 4521 quarto,
961 4453 1139 4519 capite
1169 4459 1344 4515 sexto,
1361 4451 1605 4506 nominat
1625 4452 1834 4520 legatos
1857 4448 2152 4507 P.1uniiun

567 4527 624 4594 et
662 4520 1180 4594 T.'Coruncanium,
1213 4522 1489 4594 quibus,_a
1520 4521 1690 4594 'I‘euta
1723 4523 2028 4594 Illyriorum
2065 4539 2152 4578 re-

565 4589 691 4677 gina
726 4592 1050 4660 interfectis,
1083 4589 1278 4649 statuae
1317 4594 1374 4646 in
1426 4592 1635 4649 Rostris
1676 4589 1866 4662 positae
1909 4594 2145 4650 fuerunt.
2180 4605 2234 4667 ι)

557 4661 733 4718 FAsu.

635 4734 688 4806 5.
714 4732 1144 4806 consuetudinem
1165 4733 1349 4806 prisca:
1368 4732 1750 4802 superstitionis
1771 4736 2014 4806 aggressi.
2049 4736 2153 4792 Pro

566 4805 754 4878 priscae
772 4805 920 4878 Meus
949 4806 1110 4862 habet
1136 4805 1370 4878 pristina:
1399 4815 1490 4858 :at
1517 4821 1614 4873 pro
1643 4805 1895 4877 aggressi,
1924 4821 2154 4875 quomo-

561 4875 635 4928 do
664 4875 718 4929 in
733 4877 977 4944 vulgatis,
1013 4875 1453 4948 sola'Augustana
1482 4875 1734 4944 excepta,
1770 4879 2000 4948 legitur;
2033 4894 2152 4933 om-

559 4960 663 5000 nes
683 4961 816 5002 mss.
833 4963 958 5004 cum
977 4949 1167 5005 eodem
1191 4950 1281 5003 ed.
1311 4947 1568 5001 exhibent
1588 4947 1956 5016 egressi.‘QutB
1988 4950 2152 5004 lectio

561 5032 665 5072 nos
695 5016 763 5072 ad
804 5034 984 5075 veram
1038 5022 1238 5076 ducere
1285 5018 1535 5083 videtur;
1567 5027 1698 5089 puto
1735 5021 1878 5074 enim
1921 5020 2000 5075 sic
2029 5035 2152 5076 esse

556 5089 931 5163 scribendum,
981 5091 1221 5163 Namque
1272 5091 1543 5163 decemviri
1607 5090 1676 5143 ad
1733 5091 2156 5146 consuetudinem

557 5161 744 5235 prisca:
773 5161 1161 5235 superstitionis
1185 5161 1421 5230 regressi.
1445 5161 1766 5228 Quintilian.
1797 5162 2154 5235 inProtentio

556 5231 656 5307 lib.
684 5245 723 5298 ι,
756 5249 809 5302 p.
839 5231 893 5301 8,
928 5235 1063 5290 Inde
1089 5235 1323 5307 quidam,
1355 5243 1662 5307 contempto,
1688 5237 1813 5289 bene
1834 5233 2039 5307 dicendi
2071 5236 2152 5288 la-

557 5305 697 5370 bore,
729 5306 797 5358 ad
841 5305 1143 5377 formandos
1176 5306 1377 5360 animos
1421 5305 1826 5377 statuendasque
1856 5307 1974 5359 vita:
2014 5306 2149 5377 leges

550 5377 795 5448 regressi.
841 5376 1161 5448 Exemplum
1194 5376 1449 5434 sacriﬁcii
1491 5376 1688 5432 similis
1731 5377 1966 5431 occurrit
2011 5376 2152 5444 apud

554 5446 795 5519 Livium.
824 5446 1103 5519 aliquanto
1153 5459 1308 5518 post,
1351 5461 1596 5519 tempore
1647 5448 1954 5516 Annibalis,
1991 5462 2153 5519 pera-

556 5518 854 5589 ctum,lib.
885 5518 1017 5580 ιιιιι,
1046 5534 1166 5589 cap.
1191 5521 1278 5573 57.
1469 5518 1478 5519 ⁷“
1993 5518 1996 5519 ⁷
2115 5561 2124 5567 .

623 5591 679 5645 4.
705 5588 924 5645 Gallum
947 5588 1179 5645 cirum’et
1202 5589 1430 5644 Gallam.
1458 5591 1717 5653 Romani,
1736 5591 1912 5660 inquit
1941 5590 2148 5645 Plutar-

552 5660 690 5735 chus
716 5663 767 5716 in
797 5661 1220 5735 anesnonibus,
1245 5660 1338 5735 duo
1366 5665 1455 5733 μὲν
1485 5662 1674 5735 ἄνδρας
1706 5662 1799 5735 δύο
1824 5661 1881 5717 ’δὲ
1903 5669 2148 5735 ’γυναῖκᾳς

555 5733 606 5783 ἓν
739 5735 870 5803 βοῶν
911 5737 1079 5808 ἀγορᾷ
1103 5731 1506 5808 λεγομᾷγῃζτρρς
1535 5731 1625 5806 μὲν
1649 5731 2147 5808 Ἐλληναςίτᾳὺςῌδέ

557 5802 804 5865 Γαλάτας.
839 5802 1031 5869 cavea";
1059 5802 1375 5878 κατώρυξαν.
1409 5803 1466 5860 Id
1496 5802 1625 5861 vero
1661 5819 1758 5861 eos
1784 5819 1853 5860 ex
1877 5805 2030 5861 libris
2059 5803 2146 5859 Si-

635 3218 764 3302 δλι).
794 3247 935 3307 XIII.
962 3277 1036 3290 —-
1056 3251 1110 3304 I.
1133 3251 1282 3305 Anno
1303 3249 1364 3302 ab
1392 3247 1528 3302 Urbe
1551 3263 1668 3301 con.
1693 3263 1863 3304 nxvn.
1889 3249 2147 3314 Amilcar,
2182 3218 2229 3283 ο

2253 2401 2474 2478 byllinls
2504 2402 2895 2478 fecisse_init_io
2920 2402 3050 2460 belli
3089 2403 3287 2462 Gallici
3334 2404 3614 2478 Cisalpini
3659 2404 3832 2462 scribit

2253 2473 2397 2528 idem
2429 2475 2482 2529 in
2508 2474 2783 2530 Marcello.
2816 2475 2984 2532 FABR.

2425 2544 2490 2601 L.
2518 2544 2755 2618 zEmilioi
2795 2545 2969 2618 Papo.
3024 2545 3250 2602 Emilio
3311 2546 3498 2618 Catuli
3559 2563 3830 2618 cognomen

2261 2615 2423 2687 vulgo
2451 2628 2708 2686 corrupte
2745 2617 2833 2672 hic
2862 2615 3080 2673 additur
3104 2659 3120 2685 ,
3152 2619 3295 2674 sicut
3325 2617 3505 2673 Pauli
3545 2615 3680 2687 apud
3708 2619 3827 2674 Plin.

2253 2685 2394 2742 libro
2422 2701 2518 2754 ιιι,
2544 2685 2665 2769 cap.
2696 2687 2787 2742 20.
2838 2687 2893 2771 In
2935 2688 3115 2745 Fastis
3159 2687 3489 2758 Capitolinis
3521 2685 3830 2746 hi'consules

2262 2772 2352 2811 an.
2385 2773 2575 2813 nxxnx
2606 2772 2689 2813 sic
2729 2771 3095 2827 nominantur,
3129 2775 3180 2817 c.
3217 2776 3480 2828 ειιιιιυε,
3513 2777 3565 2826 ο.
3597 2776 3648 2816 r.
3676 2777 3755 2817 cs.
3782 2776 3826 2815 ιι.

2262 2844 2447 2884 PAPUS.
2477 2845 2530 2885 c.
2560 2845 2796 2886 ATILIUS.
2836 2847 2893 2885 ιι.
2928 2847 2982 2885 ε.
3012 2847 3070 2887 ιι.
3115 2847 3170 2887 u.
3207 2847 3478 2888 nzouws.
3509 2834 3620 2887 Hoc
3656 2832 3828 2888 bellum

2263 2899 2530 2971 Gallicum
2561 2899 2876 2956 describunt
2904 2902 3166 2971 Polybius
3211 2903 3356 2957 libro
3406 2919 3489 2970 ιι,
3532 2901 3827 2958 Plutarchus

2263 2971 2316 3044 i_n
2348 2970 2836 3044 MarcellosLivius
2856 2970 3124 3044 libro'xx,
3155 2973 3351 3030 Florus
3378 2974 3482 3030 lib.
3515 2989 3574 3044 rt,
3598 2977 3758 3044 capite
3778 2971 3824 3038 4,

2265 3041 2560 3104 Eutropius
2589 3042 2730 3097 libro
2761 3059 2820 3098 Il.
2846 3043 3010 3098 FABB.

2334 3113 2388 3166 6.
2421 3111 2792 3168 Consternatus
2819 3125 2896 3170 est
2935 3125 3160 3170 senatus.
3197 3115 3603 3172 Revocavimus
3626 3114 3823 3170 verbum

2265 3193 2341 3237 est
2371 3199 2439 3239 ex
2469 3183 2646 3252 Lugd.
2693 3185 2815 3240 Bat.
2848 3187 3010 3240 tertio
3055 3197 3109 3242 et
3146 3185 3288 3242 Coll.
3321 3185 3568 3243 Gronov.
3597 3202 3612 3254 ;
3643 3201 3753 3241 nam
3778 3185 3824 3240 in

2267 3254 2465 3328 Vtilgg.
2485 3255 2639 3328 abest
2664 3298 2677 3320 ,
2693 3266 3074 3328 praeterquam
3109 3260 3160 3311 in
3184 3258 3421 3328 August.

2328 3326 2381 3380 7.
2413 3326 2644 3398 Maxime
2678 3326 3026 3383 Gwsatorum.
3072 3329 3149 3384 Ita
3185 3326 3292 3384 hoc
3319 3345 3522 3384 nomen
3553 3344 3617 3384 ex
3642 3326 3819 3398 optimo

2256 3392 2424 3470 Corn.
2471 3397 2751 3452 Gualtheri
2805 3399 2945 3452 libro
2989 3399 3276 3468 descripsi.
3326 3399 3590 3470 Polybius
3622 3417 3636 3454 :
3665 3392 3816 3469 Ᾱιὸπερ

2256 3469 2437 3529 εὐθέως
2461 3470 2527 3524 τὰ
2557 3471 2774 3548 μέγισῖα
2807 3477 2911 3548 τῷν
2952 3471 3119 3534 ἐθνῶν,
3165 3472 3225 3526 τὸ
3270 3469 3537 3548 Ὶνσόϐρων
3578 3475 3668 3548 καί
3698 3473 3822 3548 βοέων

2256 3539 2686 3617 συμφροηέήσξινιὲᾳ
2715 3539 3052 3617 διεπέμποντο
3079 3544 3208 3617 πρὸς
3237 3545 3358 3604 τοὺς
3381 3539 3518 3617 κάπὰ
3541 3544 3628 3608 τὰς
3646 3539 3822 3599 "Alnus

2255 3615 2339 3663 καὶ
2365 3609 2449 3667 +5»
2476 3609 2699 3686 Ῥοδανρν
2725 3609 2960 3686 τξατοιμόν
2989 3609 3352 3673 κατοὶκοῦντας
3372 3615 3626 3676 Γαλάτας.
3646 3633 3822 3686 προσατ

2255 3683 2625 3758 yopauogéuoui
2649 3681 2702 3736 δέ
2733 3681 2820 3758 duit
2853 3681 2913 3737 ea
2940 3685 3128 3752 μισθοῦ
3156 3687 3462 3758 στρατεύειν
3489 3681 3773 3758 Γαισὰτόνε.
3797 3683 3820 3737 ἡ

2255 3705 2436 3756 γορευο
2482 3705 2619 3742 ενους
2649 3705 2702 3736 οε
2733 3705 2816 3737 om
2853 3705 2913 3737 το
2940 3705 3128 3752 μισυου
3156 3705 3462 3758 στρατινειν
3490 3705 3773 3741 ιάισατονς.
3797 3705 3817 3737 η

2254 3754 2352 3830 γᾴρ
2389 3705 2519 3818 ligo:
2550 3752 2692 3830 eum
2735 3755 2905 3830 τούτο.
2929 3757 3166 3830 angulus:
3199 3758 3410 3830 rapiare,
3451 3756 3501 3809 id
3555 3764 3672 3830 est:
3721 3753 3817 3830 Quo

2256 3822 2393 3877 circa
2423 3824 2646 3895 maxime
2674 3833 2851 3895 gentes
2878 3822 3181 3879 Insubrium
3212 3822 3576 3892 et'Boiarum,
3604 3826 3733 3895 facta
3753 3824 3818 3873 in.

2256 3900 2332 3966 ter
2358 3911 2411 3966 se
2438 3892 2706 3961 societate,
2737 3892 2934 3966 legatos
2965 3896 3211 3949 miserunt
3239 3896 3310 3949 ad
3339 3895 3547 3966 Gallos,
3575 3892 3659 3966 qui
3680 3892 3811 3966 Alpes

2261 3963 2676 4038 Rhodanumque
2722 3961 2983 4038 accolunt,
3027 3975 3074 4019 et
3121 3983 3152 4019 a
3180 3968 3444 4032 mercede,
3471 3961 3673 4038 qua'ad
3699 3961 3816 4015 utili-

2258 4035 2810 4108 tiain_conducuntur.
2844 4033 3038 4090 Cwsati
3078 4037 3414 4108 appellantur
3440 4055 3460 4093 :
3484 4033 3548 4091 id
3573 4037 3820 4108 enimpro-

2256 4107 2366 4177 prie
2391 4104 2488 4177 hoc
2528 4123 2708 4159 nomen
2737 4107 3020 4176 significat.
3064 4104 3218 4177 Apud
3257 4108 3604 4164 Plutarchum
3631 4107 3680 4159 in
3708 4104 3818 4177 Mar-

2256 4175 2397 4231 ωηο
2427 4175 2533 4230 hoc
2571 4175 3126 4245 nornen’corrupturn
3152 4187 3240 4232 est
3266 4195 3280 4232 :
3319 4180 3517 4249 legitur
3545 4179 3677 4233 enim
3701 4217 3715 4238 ,
3748 4175 3816 4226 xui

2256 4249 2927 4326 μετεπέμποντομΓαλατῶν
2963 4256 3087 4326 τοῦ-ς
3139 4251 3327 4326 μισᾷοῦ
3391 4249 3812 4326 στραῖξγομὸους.

2257 4318 2303 4372 o’i
2333 4318 2555 4394 Γερᾶται
2600 4320 3068 4394 κᾳλοῦντᾳιηιιιιοά
3103 4318 3360 4394 mendum
3394 4318 3499 4389 ego
3529 4318 3816 4394 i_llis'aeccp-

2259 4398 2370 4443 tum
2399 4387 2840 4466 't’ero_,__qu_i_1rapa‘z
2860 4391 2919 4446 τὸ
2946 4387 3128 4466 χέρᾳς,
3164 4392 3267 4447 hoc
3293 4387 3492 4448 nomen
3522 4387 3708 4447 deduci
3732 4399 3816 4454 pu-

2259 4467 2441 4516 tarunt
2461 4503 2476 4529 ,
2510 4460 2784 4532 Virgilius'
2801 4477 2887 4517 vrtt
2920 4460 3140 4519 Etieid.

2510 4647 2606 4678 ._....
2631 4613 2743 4664 Duo
2766 4615 2975 4678 quisque
2999 4612 3176 4677 Alpina
3197 4623 3470 4678 gomscant‘

2509 4675 2648 4727 Caesa
2671 4674 2833 4726 manu.
2893 4674 2910 4678 “
3065 4674 3075 4677 ⁷
3204 4674 3354 4728 Fasti.

2331 4805 2385 4860 8.
2423 4803 2571 4860 Sicut
2600 4801 2798 4858 Fabius
2829 4801 3125 4859 historicus.
3174 4803 3275 4859 llic
3301 4814 3386 4858 est
3417 4801 3688 4871 Quinctius
3726 4794 3816 4850 Fa-

2257 4876 2376 4932 bius
2401 4875 2604 4940 Pictor,
2630 4876 2722 4944 qui
2757 4876 2842 4930 his
2866 4875 3210 4944 temporibus
3235 4875 3388 4938 vixit.
3412 4884 3467 4929 et
3496 4887 3598 4928 non
3626 4878 3810 4944 tantum

2258 4946 2383 5001 huic
2424 4945 2597 5007 bello.
2629 4942 2724 5000 sed
2767 4957 2823 5001 et
2865 4942 3024 5014 paulo
3063 4956 3186 5010 post
3227 4946 3468 5016 secundo
3508 4942 3719 5016 Punigi.
3760 4945 3810 5016 ft!

2259 5018 2443 5072 Livius
2485 5016 2704 5079 scribit,
2757 5007 3022 5071 interfuit.
3062 5007 3136 5070 De
3168 5018 3268 5070 hoc
3304 5015 3616 5084 Eutropius.
3642 5007 3812 5064 Tradi-

2258 5100 2367 5143 tum
2399 5098 2470 5142 αι
2499 5104 2531 5140 a
2563 5085 2728 5141 Fabio
2759 5087 3001 5141 historico
3024 5128 3037 5150 ,
3061 5089 3151 5156 qui
3179 5089 3225 5141 ei
3255 5087 3390 5142 bello
3411 5085 3811 5159 in_terfuit_.__nccc

2257 5159 2424 5214 millia
2453 5159 2716 5212 hominum
2751 5168 2932 5228 parata
2964 5159 3033 5210 ad
3060 5152 3116 5211 id
3157 5159 3349 5212 bellum
3389 5152 3566 5228 fuisse.
3629 5152 3811 5208 Plinius

2258 5231 2400 5286 libro
2427 5246 2483 5284 ιιι
2511 5229 2687 5300 capite
2706 5228 2967 5298 vigesimo
2992 5228 3202 5302 scribit,
3234 5229 3439 5302 Italiam
3469 5228 3568 5280 hoc
3596 5231 3810 5302 tempore

2256 5316 2501 5356 armasse
2547 5292 2788 5371 eqtiituni
2821 5315 2960 5354 Lxxx
3012 5292 3203 5368 millia,
3233 5299 3470 5370 peditum
3508 5311 3601 5354 occ
3641 5292 3805 5348 millia.

2257 5373 2424 5428 Fanu.

2329 5445 2381 5500 9.
2427 5441 2512 5497 Ea:
2539 5442 2725 5514 quibus
2771 5441 2924 5514 Rom.
2955 5451 3003 5514 et
3029 5440 3211 5512 Camp.
3262 5439 3550 5511 Polybius,
3585 5435 3806 5514 ξΡωμαίωις

2258 5515 2312 5572 δέ
2371 5518 2458 5572 καὶ
2505 5509 2791 5583 Κὰμπανῶν
2843 5513 3080 5583 πληθὺς.
3107 5509 3272 5578 «ira»
3313 5509 3406 5583 μέν
3452 5514 3522 5583 si;
3558 5509 3707 5583 sizoot
3739 5509 3804 5583 κξιῐ

2256 5592 2402 5671 ξέντε
2463 5577 2848 5671 κσξτέλέχθησαν
2893 5582 3182 5671 μυριάδες,
3229 5577 3423 5671 intriko
3476 5580 3532 5671 δὲ
3581 5581 3660 5634 ἐπὶ
3709 5577 3804 5671 Ti;

2256 5658 2368 5733 δύσῃ
2377 5658 2622 5733 μυριάσιν
2641 5652 2844 5733 ἒὲτῆσαγ
2873 5652 2981 5733 ,ἔτιξ
2997 5663 3137 5729 τρεῖς
3181 5652 3440 5733 pliadas.
3485 5652 3800 5733 .Romano'r‘ttlll

2255 5713 2302 5783 et
2327 5713 2706 5799 Cimr'panorum
2731 5713 3011 5799 multit_udo
3028 5713 3143 5778 ἐι-(ιι
3165 5713 3399 5796 ῥξάὶιιιηι
3425 5723 3496 5778 ad
3521 5736 3615 5778 cet.
3640 5713 3797 5773 millia,

2255 5795 2481 5871 equitum
2513 5797 2681 5854 millia
2703 5811 2852 5854 χχιιι.
2888 5795 3053 5853 [ἤδη.
