3938 6300
158 266 242 328 889

1139 259 1616 321 lilS’l’OlllARUM
1655 259 1861 346 LIBER
1900 261 1990 320 IV.
2032 261 2187 320 CAP.
2228 263 2372 320 XIV.

3300 267 3414 329 890

159 395 403 442 manorum
428 390 482 438 ct
506 380 903 450 Campanorum
933 377 1148 434 fuerunt
1172 377 1415 448 peditum
1450 377 1877 442 trecentaAria
1941 386 1997 433 et
2045 377 2273 435 Rhodus
2330 377 2526 436 insulae
2576 379 2713 436 adeo
2766 392 3054 438 concussae
3113 389 3300 448 sunt,‘
3340 390 3402 438 ut

158 474 466 548 quadraginta
507 481 629 528 octo
677 471 840 526 millia
883 470 1127 536 ducenti,
1172 472 1411 540 equitum
1452 487 1584 527 vero
1611 471 1695 526 vi-

155 570 262 639 ginti
300 583 387 622 sex
427 566 590 621 millia
631 565 875 620 sexcenti
910 582 924 619 :
958 577 1152 620 caetera
1196 565 1490 620 multitudo
1520 565 1698 620 socio-

157 676 252 717 rum
278 659 390 714 fuit.
429 657 730 714 Commisso
774 657 960 726 praelia
1007 657 1149 728 apud
1189 657 1461 724 Aretium,
1496 658 1695 712 Atilius

159 751 540 810 ronsuloccisus
568 759 677 806 est:
705 749 747 781 ¹⁰
774 749 1081 819 octingenta
1111 749 1279 805 millia
1301 749 1692 815 Romanorum,

161 862 240 902 nec
259 845 440 902 saltem
468 852 608 898 tanta
634 884 648 905 ,
691 853 889 913 quanta
919 841 1083 914 250
1109 857 1203 898 eos
1234 851 1440 898 terrere
1468 841 1690 908 debuit,

155 953 268 994 casa
311 936 390 992 sui
418 945 590 1006 parte,
636 933 934 1006 fugerunt:
978 950 1103 989 nam
1151 935 1250 990 tria
1295 934 1462 989 millia
1503 949 1694 990 eorum

155 1042 258 1086 tunc
282 1029 546 1084 interfecta
577 1028 616 1059 “
645 1026 895 1083 historici
929 1027 1178 1094 tradunt,
1205 1026 1351 1098 quod
1381 1026 1506 1081 ideo
1540 1027 1694 1092 igno-

155 1120 402 1175 miniosius
430 1118 743 1188 turpiusque
764 1126 883 1183 cst,
914 1127 1022 1172 tam
1049 1119 1235 1188 paucis
1267 1117 1512 1183 amissis,
1545 1125 1693 1170 tanta

152 1212 329 1283 agmina
355 1209 644 1282 diﬁ‘ugisse,
671 1211 798 1282 quia
823 1225 887 1266 se
918 1210 970 1264 in
1003 1210 1124 1265 aliis
1152 1209 1394 1264 victoriis
1421 1223 1526 1263 non
1562 1207 1694 1263 viri-

156 1306 236 1360 bus
267 1304 562 1359 animorum
593 1303 946 1374 praivaluisse
972 1343 988 1369 ,
1021 1302 1116 1357 sed
1167 1302 1432 1357 bellorum
1465 1316 1697 1371 proven-

154 1397 287 1461 tibus,
336 1395 706 1468 prodiderunt.
746 1395 880 1464 Quis
918 1399 1090 1462 enim,
1134 1410 1289 1465 rogo,
1337 1393 1391 1448 in
1441 1394 1695 1450 exercitu

154 1488 476 1545 Romanorum
497 1488 746 1544 crederet
781 1504 1065 1543 numerum
1090 1487 1251 1542 istum
1283 1487 1450 1542 luisse
1475 1488 1694 1555 saltem,

155 1594 240 1635 non
268 1580 380 1636 dico
419 1581 621 1653 fugisse
643 1582 668 1634 ἰ
699 1581 828 1637 Post
874 1581 990 1636 haec
1034 1581 1336 1636 secundum
1367 1595 1490 1636 cum
1523 1579 1694 1636 Gallis

151 1673 356 1740 praelium
379 1683 584 1745 gestum
611 1682 717 1740 est,
740 1673 792 1727 in
819 1688 926 1742 quo
952 1672 1112 1742 plane
1133 1672 1487 1744 quadraginta
1518 1670 1693 1727 millia

1807 469 2116 525 labentibus
2163 470 2323 542 vulgo
2352 471 2531 538 tectis,
2567 472 2611 504 ”
2639 472 2836 542 ingens
2868 489 3082 543 quoque
3112 473 3201 529 ille
3227 473 3407 530 colos-

1801 575 1894 616 sus
1915 564 2075 636 251
2102 571 2302 618 rueret.
2324 562 2586 619 “Eodem
2610 578 2754 618 anno
2777 564 3076 621 Flaminius
3103 580 3245 631 cns.,
3271 581 3407 622 con-

1803 651 2020 721 temptis
2062 651 2322 721 auspiciis
2349 653 2548 722 quibus
2578 669 2821 723 pugnare
2851 654 3270 723 prohibebatur,
3306 655 3401 711 ad-

1803 757 2015 798 versum
2048 743 2234 799 Gallos
2275 743 2545 809 conﬂixit,
2579 755 2634 800 et
2657 745 2807 799 vicit.
2835 745 2877 777 ι’
2903 745 2961 799 In
2993 761 3101 815 quo
3124 746 3272 802 bello
3305 763 3404 803 no-

1799 851 1921 892 vem
1952 836 2118 891 millia
2156 837 2437 892 Gallorum
2469 851 2609 892 caesa
2633 879 2648 902 ,
2681 839 2873 893 decem
2904 846 2960 894 et
2983 849 3196 909 septem
3229 841 3402 896 millia

1800 939 1956 1002 capta
1979 929 2316 985 sunt.“Post
2337 930 2439 986 hoc
2451 929 2711 986 Claudius
2735 930 3275 988 consummatorum
3300 933 3401 990 tri-

1799 1022 1946 1093 ginta
1988 1021 2156 1076 millia
2193 1021 2420 1088 delevit,
2459 1022 2555 1077 ubi
2593 1021 2759 1077 etiam
2801 1022 2918 1093 ipse
2949 1023 2991 1056 ¹⁹
3018 1022 3400 1080 Virdomarum

1801 1129 2013 1186 regem,
2041 1115 2094 1169 in
2121 1115 2350 1183 primam
2374 1113 2550 1170 aciem
2574 1128 2925 1185 progressus,
2955 1114 3157 1170 Occidit
3192 1134 3204 1168 :
3239 1126 3292 1171 ct
3323 1117 3407 1171 in-

1800 1217 1883 1265 ter
1931 1209 2102 1264 nmlta
2145 1208 2478 1273 lnsuhrinm,
2508 1223 2651 1278 quos
2678 1207 2746 1263 ad
2779 1193 3112 1264 deditionem
3145 1217 3405 1279 coegerat

1801 1302 2017 1373 oppida.
2041 1301 2403 1358 Mediolanum
2427 1315 2666 1373 quoque,
2693 1300 2887 1357 urbem
2915 1299 3360 1357 ﬂorentissimam
3383 1343 3400 1370 ,

1801 1396 1963 1466 cepit.
1988 1396 2035 1428 '°
2057 1395 2264 1450 Deinde
2285 1395 2431 1465 Istri,
2459 1396 2586 1450 novi
2612 1394 2826 1460 hostes,
2849 1395 3074 1452 excitati
3095 1405 3243 1461 sunt,
3265 1411 3406 1467 quos

1801 1490 2085 1548 Cornelius
2099 1490 2466 1562 .‘dinutiusque
2493 1489 2774 1558 consules,
2795 1490 2840 1522 ¹¹
2864 1489 3042 1544 multo
3063 1488 3283 1558 quidem
3300 1489 3409 1546 Ro-

1802 1597 2092 1637 manorum
2125 1581 2410 1651 sanguine,
2441 1580 2794 1650 subegerunt.
2826 1579 3075 1651 Emergit
3107 1581 3194 1637 hic
3221 1581 3406 1651 paulu-

1803 1673 1912 1728 lum
1937 1673 2190 1743 antiquus
2217 1672 2306 1727 ille
2333 1669 2704 1728 Romanorum
2737 1672 3000 1742 improba:
3029 1672 3207 1728 laudis
3230 1673 3395 1728 etiam

148 1764 384 1819 Gallorum
438 1760 707 1819 trucidata
759 1771 906 1818 sunt.
958 1762 1222 1835 Sequenti
1273 1779 1416 1819 anno
1459 1762 1689 1819 Manlius
1720 1766 1862 1826 Bde
1909 1764 2216 1836 parricidiis
2265 1765 2561 1836 appetitus.
2609 1764 2743 1820 Nam
2776 1767 2822 1798 ¹²
2858 1765 3059 1820 Fabius
3102 1764 3403 1822 Censorius

147 1857 410 1928 Torquatus
464 1867 520 1913 ct
573 1857 799 1912 Fulvius
845 1856 1068 1913 Flaccus
1117 1859 1395 1921 consules,
1441 1858 1483 1890 ¹¹
1532 1858 1693 1929 primi

146 1961 268 2006 trans
292 1951 481 2007 Padum
516 1951 798 2006 Romanas
834 1950 1044 2007 duxere
1080 1951 1341 2022 legiones.
1389 1951 1693 2021 Pugnatum

145 2054 212 2097 est
253 2044 316 2098 ibi
355 2060 470 2099 cum
523 2043 842 2099 Insubribus
886 2043 1079 2107 Gallis,
1127 2058 1361 2112 quorum
1410 2043 1693 2098 interiecta

146 2142 252 2188 sunt
274 2135 445 2206 viginti
468 2136 567 2190 tria
600 2134 794 2200 millia,
825 2134 868 2166 ¹³
889 2133 1126 2206 quinque
1155 2135 1324 2190 millia
1352 2145 1512 2204 capta
1542 2144 1695 2190 sunt.

144 2225 206 2280 Eo
223 2226 400 2283 deinde
426 2241 592 2293 anno,
629 2226 720 2296 qui
749 2225 876 2280 huic
904 2227 1187 2295 proximus
1221 2223 1342 2289 fuit,
1375 2223 1492 2279 dira
1525 2225 1693 2280 mise-

145 2334 234 2373 ram
257 2317 442 2376 Urbem
475 2329 720 2374 terruere
747 2317 1011 2389 prodigia.
1043 2317 1294 2372 Miseram
1328 2317 1533 2387 utique,
1571 2332 1692 2388 qua:

145 2407 244 2464 hinc
266 2409 478 2466 lremitu
509 2409 752 2466 hostium
774 2449 789 2476 ,
821 2407 948 2463 inde
979 2407 1216 2478 nequitia
1242 2407 1552 2462 daemonum
1584 2416 1693 2462 ter-

143 2499 362 2568 rebatur,
400 2499 444 2532 “
469 2515 709 2571 namque
748 2499 802 2555 in
829 2499 1032 2555 Piceno
1059 2498 1260 2554 llnmen
1300 2498 1566 2567 sanguine
1607 2499 1688 2554 ef-

144 2590 300 2656 lluxit,
329 2600 382 2648 et
407 2591 550 2661 apud
578 2591 791 2647 Tuscos
821 2592 1020 2648 coelum
1058 2591 1254 2647 ardere
1283 2591 1454 2646 visum
1501 2600 1607 2658 est,
1637 2601 1694 2649 et

143 2683 335 2740 Arimini
378 2694 539 2742 nocte
589 2685 760 2740 multa
818 2685 993 2740 lucem
1037 2685 1242 2740 claram
1291 2683 1587 2751 cllulsisse,
1629 2699 1692 2740 ac

147 2786 232 2832 tres
289 2779 434 2834 lunas
499 2778 834 2835 distantibus
900 2779 1024 2833 οωιί
1093 2777 1410 2848 regionibus
1469 2786 1692 2834 cxortas

141 2871 437 2940 apparuisse.
483 2871 638 2927 Tunc
703 2885 919 2941 quaque
975 2884 1174 2940 magno
1227 2877 1540 2924 terrmmotu
1588 2869 1692 2924 Ca-

1801 1858 2021 1915 Fabium
2050 1858 2381 1926 Buteonem,
2418 1857 2587 1912 lilium
2633 1871 2829 1927 suum,
2864 1856 2994 1913 furti
3024 1857 3402 1913 insimulatum

1798 1949 2101 2015 interfecit,
2134 1948 2357 2020 dignum
2384 1949 2596 2005 scilicet
2624 1949 2858 2018 facinus,
2893 1950 3039 2021 quod
3071 1949 3294 2021 pater"
3316 1948 3405 2004 vel

1799 2045 2098 2115 parricidio
2131 2044 2480 2114 plectendum
2527 2044 2786 2111 duceret,
2819 2043 2964 2114 quod
2999 2059 3067 2101 ne
3096 2044 3248 2114 leges
3275 2041 3403 2113 qui-

1797 2139 1922 2194 dem
1970 2138 2073 2194 nisi
2097 2137 2144 2170 “
2184 2139 2388 2194 mulcta
2429 2139 2672 2207 pecunia:
2696 2138 2744 2170 ’⁸
2767 2147 2862 2192 aut
2901 2136 2969 2192 ad
3000 2152 3272 2192 summum
3299 2136 3405 2202 ex;

1799 2232 1935 2301 silii,
1965 2231 2013 2264 “
2041 2233 2188 2289 circa
2221 2230 2519 2304 quemlibet
2543 2230 2824 2286 hominum
2856 2237 3220 2286 censuerunt.

2297 2370 2460 2444 253
2499 2366 2729 2426 CAPUT
2760 2366 2896 2424 xw.

1869 2485 1949 2541 De
1969 2484 2100 2540 bello
2135 2484 2337 2540 Punico
2365 2485 2612 2539 secundo.
2639 2483 2862 2556 Annibal
2884 2483 3116 2556 ingentes
3127 2489 3326 2556 strages
3349 2481 3406 2536 in

2017 2555 2280 2612 Romanos
2306 2557 2498 2623 edidit,
2533 2573 2629 2625 per
2653 2553 2839 2610 Gallos
2870 2553 3006 2609 aiant
3032 2553 3290 2626 aperiens.

1875 2693 1890 2723 ³
1925 2692 2084 2746 Αιιιιο
2111 2690 2178 2747 ab
2208 2690 2357 2747 Urbe
2383 2689 2603 2747 condita
2636 2705 2858 2756 nxxxrv,
2890 2687 3161 2756 Annibal,
3198 2688 3401 2746 Pmno—

1798 2799 1916 2838 rum
1946 2783 2264 2852 imperator,
2291 2783 2624 2853 Saguntum,
2655 2780 3094 2836 florentissimam
3124 2779 3395 2849 llispanim

1797 2875 2105 2940 civitatem,
2149 2873 2381 2929 amicam
2425 2873 2609 2945 pepuli
2650 2872 2914 2941 Romani,
2947 2872 3180 2944 primum
3212 2882 3232 2912 ³
3261 2871 3404 2930 bello

1388 2963 1840 3022 llAVERCAMPl
1883 2967 2120 3022 NOTAE.

196 3061 270 3115 10.
315 3062 622 3132 Octingenta
662 3060 833 3115 millia
880 3059 1253 3132 Romanorum.
1285 3058 1461 3127 Vulgo
1490 3067 1677 3132 contra
1707 3059 1754 3122 C

138 3130 270 3185 ﬁdem
295 3130 551 3190 librorum
581 3133 1078 3200 manuscriptorum
1108 3131 1314 3202 legunt,
1345 3141 1392 3183 et
1417 3131 1681 3202 octoginta

139 3202 276 3257 millia
303 3206 672 3268 Romanorum,
701 3219 809 3258 non
841 3203 1188 3259 attendentes
1217 3201 1467 3258 Orosium
1501 3201 1550 3254 in
1581 3201 1684 3257 hac

138 3271 328 3330 bisturia
369 3275 694 3342 exponenda
728 3274 878 3342 sequi
903 3289 1000 3328 eos
1030 3274 1120 3338 qui
1151 3273 1386 3342 primum
1410 3272 1680 3340 praelium,

137 3341 306 3417 inquo
341 3348 476 3404 Galli
505 3341 820 3417 superiores
849 3344 1069 3399 fuerunt
1093 3390 1106 3409 ,
1148 3341 1502 3417 scripserunt
1536 3358 1684 3397 com-

138 3416 545 3487 m'ssumjunctis
574 3415 863 3486 utriusque
906 3417 1147 3487 consulis
1187 3416 1404 3487 copiis:
1455 3415 1682 3487 ideoque

135 3498 232 3539 cum
259 3485 557 3559 signiﬁcare
587 3485 792 3552 vellet,
826 3486 1139 3540 universum
1166 3485 1474 3559 esercitnm
1517 3485 1569 3538 in
1603 3485 1684 3539 fn-

134 3570 232 3630 gam
259 3557 552 3630 conjectum
589 3559 788 3623 fuisse,
814 3559 917 3622 ait,
949 3572 1079 3630 occa
1108 3557 1273 3610 millia
1312 3557 1680 3630 Romanorum

135 3628 302 3696 fugisse
334 3626 452 3686 z'tot
494 3633 642 3686 enim
675 3630 841 3684 fuisse
875 3629 1033 3696 paulo
1073 3636 1199 3681 ante
1237 3643 1304 3680 ex
1341 3626 1510 3681 Fabio
1536 3635 1684 3680 retu-

135 3695 198 3753 lit.
224 3699 464 3774 Polybius
487 3717 624 3757 vero
644 3702 805 3755 aliter
827 3695 894 3754 de
916 3699 1002 3753 his
1026 3698 1186 3752 rebus
1207 3697 1680 3774 scribit,_qui_cum

134 3781 290 3827 nostro
313 3769 488 3843 neque
511 3775 564 3828 in
603 3774 670 3826 iis
699 3786 819 3842 quae
847 3770 1481 3843 sicquttnturteunseutit.
1514 3769 1676 3843 Fasti.

190 3843 262 3896 ll.
293 3841 534 3899 Historici
575 3841 808 3899 tradunt.
852 3841 1018 3896 Fabr.
1063 3851 1114 3894 et
1167 3841 1383 3896 Scouus
1425 3841 1676 3906 historice,

133 3914 247 3974 quod
273 3927 351 3969 est
374 3927 562 3971 contra
595 3930 731 3970 mss.
764 3925 816 3967 ct
851 3911 979 3967 edd.
1004 3927 1216 3965 omnes.
1244 3911 1395 3976 Quod
1426 3911 1684 3978 praecedit

133 3995 306 4054 eorum,
338 3988 388 4042 in
425 3987 754 4054 quihusdam
800 3998 930 4037 mss.
967 3992 1021 4036 et
1068 3983 1192 4035 cdd.
1238 3997 1345 4054 non
1379 3982 1679 4054 invenitur.

131 4048 272 4120 Lugd.
305 4057 412 4112 Bal.
440 4048 591 4114 delet
617 4065 717 4118 est,
751 4055 894 4121 quod
926 4055 975 4107 in
1009 4054 1115 4109 line
1149 4052 1351 4121 periodi
1383 4051 1676 4105 invenitur.

190 4127 265 4184 12.
305 4127 468 4183 Primi
497 4139 650 4182 trans
682 4126 911 4180 Padum.
953 4125 1124 4192 Hujus
1163 4125 1238 4178 rei
1274 4123 1474 4177 mentio
1508 4133 1594 4178 est
1627 4123 1679 4177 in

131 4190 342 4261 Epitoma
372 4200 598 4254 Liviana
633 4197 778 4252 libro
806 4190 1090 4265 vigesimo.
1121 4195 1284 4249 Fann.

188 4267 263 4322 15.
293 4270 521 4335 Quinque
566 4269 739 4324 millia
782 4264 936 4334 capta
971 4275 1110 4320 sunt.
1162 4264 1334 4335 Lugd.
1389 4264 1526 4318 Bait.
1572 4271 1682 4319 tres

128 4348 226 4391 tum
255 4340 384 4398 Coll.
416 4335 663 4399 Gronov.
697 4347 752 4394 et
798 4337 886 4393 ed.
921 4339 1147 4405 August.
1189 4353 1282 4390 sca:
1326 4335 1496 4388 millia
1526 4345 1678 4405 capta

127 4405 266 4463 fuisse
310 4413 576 4480 scribunt,
619 4411 803 4466 occisa
835 4425 965 4462 vero
991 4409 1156 4480 millia
1203 4408 1416 4478 triginta
1455 4407 1577 4460 tria.
1621 4406 1679 4461 In

126 4488 372 4546 captorum
401 4479 634 4540 numero
665 4480 1045 4536 consentited.
1075 4479 1302 4549 August.

146 4619 154 4627 _
185 4551 260 4605 14.
293 4553 528 4626 Namque
549 4551 847 4627 in_Piceno.
881 4550 1087 4627 Horum
1110 4548 1481 4627 prodigiorum
1517 4563 1681 4627 .men-

127 4619 299 4694 tionem
328 4619 586 4694 Eutropio
613 4624 891 4694 Diaconos
913 4620 1179 4694 inseruit:
1206 4620 1299 4694 sed
1335 4619 1455 4694 loco
1481 4619 1681 4694 alieno.

124 4686 186 4745 De
228 4694 406 4751 iisdem
455 4686 788 4752 Plutarchus
819 4693 871 4746 in
912 4691 1186 4758 Marcello,
1227 4693 1496 4762 Φλαμινίου
1519 4688 1571 4762 δὲ
1600 4693 1688 4745 καὶ

123 4769 306 4839 Φουρίου
343 4775 442 4824 τῶν
472 4770 690 4825 ὑπάτων
731 4765 976 4839 (“76:13:5-
1025 4759 1505 4839 ἐκᾳτραςενάάνῖῳν
1530 4759 1684 4839 deurit:

122 4830 246 4899 μεσὶν
266 4839 345 4893 ἐπὶ
387 4843 511 4910 rod;
534 4830 834 4910 Ὶνσόϐρᾶξ,
875 4830 1353 4910 ὤφθη-λψξαῖματι
1395 4831 1522 4904 ῥέων
1536 4830 1688 4910 ’ὁιδιὰ

122 4857 246 4899 μεσιν
266 4857 345 4893 επι
387 4857 511 4902 τοὺς
536 4857 798 4910 ἰνσοῦρας
818 4878 834 4900 ,
875 4857 1012 4906 ωφση
1043 4857 1131 4906 μεν
1173 4857 1225 4888 αι
1269 4857 1353 4890 ατι
1395 4857 1522 4904 ρεων
1550 4857 1576 4886 ο
1605 4857 1688 4887 οια

121 4912 198 4996 τῆς
213 4909 499 4996 ,ηικληνίεξος
523 4913 713 4996 atare:
737 4857 1284 4996 ποταμδξέἓὲξίθι
1309 4902 1688 4996 carissimas

122 4984 304 5059 gem-aut
328 4985 444 5059 περὶ
469 4975 630 5038 πὸὶῖιν’
650 4975 914 5059 uanam,
942 4977 1005 5059 id.
1027 4975 1131 5040 est,
1160 4977 1288 5059 Cum
1324 4975 1688 5059 Flaminius-el

122 5040 294 5103 Furius
314 5040 444 5105 cos's.
476 5040 708 5123 magnas'
731 5040 916 5123 capias:
936 5047 1182 5123 adversus
1211 5045 1455 5123 nsubres
1480 5045 1690 5123 eduxis-

120 5129 238 5191 Sf’nl.
285 5125 476 5191 ﬂumen
519 5118 662 5191 quod
714 5118 802 5190 per
850 5119 1120 5191 Picenum
1157 5118 1692 5191 labiturksanguine

120 5187 258 5260 [luere
285 5187 467 5248 'oisum
509 5187 610 5260 est,
651 5187 1040 5257 nuntiatumque
1075 5190 1215 5242 circa
1254 5187 1547 5260 Ariminum
1591 5195 1691 5241 tres

121 5257 248 5335 lunas
285 5257 608 5335 apparuisse.
641 5261 804 5318 FABR.
825 5291 902 5335 _—_—
935 5261 1012 5315 Ex
1044 5259 1320 5335 Plutarchi
1367 5259 1486 5312 loco
1518 5267 1688 5335 patet,

122 5329 366 5395 vulgatam
418 5336 746 5403 scripturam
803 5333 1003 5388 debere
1064 5330 1312 5402 pnel'erri
1360 5345 1466 5403 pra:
1504 5329 1690 5403 altera

120 5414 222 5473 {iure
251 5405 298 5458 in
330 5400 788 5473 primis—occurrit
813 5404 962 5468 edd.,
983 5400 1197 5473 ﬂumine
1223 5401 1442 5471 sanguis
1463 5400 1688 5468 efﬂuxit.

120 5467 208 5525 Pro
232 5467 483 5539 e/fulsisse
513 5492 650 5530 mss.
685 5475 939 5542 affulsisse
967 5467 1168 5543 passim
1202 5476 1283 5528 vel
1317 5467 1614 5543 obfulsisse.

180 5544 480 5617 15.71ngens
529 5541 737 5617 quoque
782 5545 879 5617 ille
909 5541 1163 5601 colossus.
1207 5545 1283 5600 De
1336 5541 1690 5617 hoc_colosso

119 5609 324 5670 Strasbo
354 5609 446 5674 lib.
477 5609 596 5683 χιιι,
636 5609 839 5671 Plinius
871 5615 963 5672 lib.
997 5633 1181 5685 xxxrv,
1208 5632 1329 5679 cap.
1361 5616 1415 5670 7.
1449 5613 1610 5685 Fann.

179 5686 259 5739 lo.
277 5686 472 5744 Eodem
493 5703 658 5743 anno.
678 5685 756 5743 lla
775 5701 962 5744 omnes
989 5683 1175 5746 amant
1197 5702 1328 5745 mss.
1346 5701 1460 5758 pra:
1483 5683 1690 5741 eodem-

117 5767 201 5820 que
227 5773 376 5815 anno.

1710 4447 1764 4508 D

1860 3063 1946 3115 l7.
1982 3060 2046 3132 In
2075 3078 2177 3132 quo
2209 3061 2362 3115 bello.
2394 3059 2527 3117 Cod.
2560 3061 2835 3128 Pcrizon.,
2866 3063 2917 3115 in
2947 3077 3008 3116 eo
3035 3060 3195 3116 bello.

1859 3133 1946 3187 i8.
1983 3130 2112 3187 Post
2134 3133 2232 3186 hoc
2255 3132 2505 3189 Claudius
2535 3149 2643 3187 cos.
2672 3133 2771 3188 Hic
2796 3142 2883 3188 est
2905 3132 3248 3187 M.Claudius
3265 3130 3406 3186 Mar-

1785 3204 2085 3271 cellns,qni
2110 3215 2230 3273 post
2253 3206 2542 3273 quinquies
2562 3204 2754 3259 consul
2781 3204 2904 3259 iuit.
2930 3204 3006 3258 De
3027 3203 3256 3258 victoria
3283 3206 3404 3271 ejus

1785 3285 1981 3401 alio”;
2023 3276 2301 3343 Insubres,
2348 3275 2650 3344 Plutarch.,
2688 3275 2963 3342 Polibius,
3007 3274 3306 3345 Eutrapins
3348 3283 3404 3330 et

1787 3361 1904 3400 att.
1985 3359 2116 3401 ana.

1787 3359 1904 3400 alii.
1941 3359 2116 3402 FABR.

1859 3417 1946 3490 i9.
1981 3417 2350 3473 Virdomarum
2395 3434 2585 3490 regem.
2634 3418 2788 3473 Hunc
2829 3417 3207 3490 regemvulgo
3235 3415 3400 3484 male,

1792 3486 2184 3544 Viridomarum
2213 3486 2517 3544 nominant.
2553 3490 2867 3559 Propertius
2899 3490 2994 3544 lib.
3025 3489 3109 3545 iv:

1910 3601 2208 3666 Virdomari,
2234 3615 2398 3665 genus
2431 3602 2511 3652 hic
2533 3601 2710 3651 Rheno
2723 3601 2938 3663 jactabat
2962 3601 3025 3650 ab
3049 3602 3178 3664 ipso.

1786 3707 1939 3772 Apud
1968 3708 2316 3763 Plutarchum
2361 3709 2416 3762 in
2445 3707 2700 3762 Marcello
2731 3707 2947 3777 legitur,
2965 3714 3074 3777 ςτῶν
3108 3707 3342 3761 Γεσὰτων
3377 3705 3404 3761 ὁ

1785 3779 2034 3857 βᾳςτιλξύς
2060 3783 2496 3857 Βρώματοςιρτς)
2525 3775 2832 3854 Βιρδόμαρὸς
2863 3777 2919 3857 _In
2949 3775 3182 3857 Capitol.
3215 3778 3406 3830 trium-

1786 3845 1908 3920 phis
1938 3850 2046 3920 dux
2078 3845 2312 3920 hostium
2353 3845 2700 3902 Virdumin'us
2731 3845 3060 3920 norninatnr.
3086 3845 3200 3920 FAs

1855 3919 1943 3973 ΞΟ.
1983 3919 2178 3973 Deinde
2196 3918 2341 3973 Istri.
2390 3920 2703 3982 EutrOpins,
2734 3917 2964 3970 Minucio
2987 3916 3152 3985 Rufo,
3179 3915 3246 3968 P.
3277 3915 3405 3970 Cor-

1786 3988 1920 4045 nelio
1951 4007 2083 4044 coss.
2119 3988 2271 4043 Istris
2313 3990 2502 4043 bellum
2547 3989 2753 4042 illatum
2783 3997 2894 4052 est,
2935 3988 3060 4056 quia
3104 3986 3405 4041 latrocinali

1785 4077 1934 4114 nares
1954 4061 2305 4114 Romanorum
2325 4062 2679 4129 fuerant,qua:
2704 4061 2963 4129 frumenta
2989 4056 3318 4129 ealtibebant,
3343 4073 3404 4109 ac

1785 4133 1948 4185 multo
1973 4125 2333 4184 Romanorum
2354 4125 2603 4200 sanguine
2630 4129 2747 4198 fuso
2763 4169 2778 4192 ,
2805 4126 3080 4200 perdomiti
3103 4136 3244 4200 sunt.
3269 4125 3400 4182 Fan.

1855 4203 1948 4255 21.
1972 4202 2024 4254 Μ
2032 4202 2139 4257 ulto
2159 4203 2386 4271 quidem.
2418 4199 2520 4255 Ed.
2546 4201 2816 4271 princeps.
2848 4199 3012 4271 inulto
3036 4199 3290 4269 equidem.

1854 4273 1944 4326 ‘22.
1967 4269 2489 4327 Fabius'Censorius.
2506 4271 2568 4324 N.
2595 4269 2825 4325 Fabium
2847 4269 3247 4336 liuteonem,ex
3270 4283 3402 4324 cen-

1784 4345 1963 4408 soriis,
1988 4347 2078 4411 qui
2104 4345 2366 4402 viverent.
2389 4340 2838 4403 vetustissimum,
2861 4339 3182 4411 dictatorem
3205 4341 3402 4394 factum

1788 4430 1930 4468 anno
1961 4410 2182 4471 oaxxvtt
2210 4413 2400 4470 scribit
2423 4413 2608 4468 Livius
2625 4412 2765 4467 libro
2791 4425 2942 4481 χχιιι.
2975 4410 3142 4464 Recte
3164 4425 3292 4481 ergo
3314 4411 3400 4465 Si-

1789 4487 1982 4554 gonius
2027 4485 2171 4541 hunc
2211 4485 2436 4554 Fabium
2482 4483 2546 4540 G.
2592 4483 2815 4554 Aurelio
2855 4480 3031 4537 Cotta:
3060 4481 3129 4554 in,
3170 4480 3402 4554 censura

1787 4550 1913 4626 anili
1937 4573 2052 4612 nxu
2076 4552 2335 4626 collegam
2363 4556 2546 4619 dedit,
2578 4570 2700 4626 cum
2726 4553 2872 4610 illius
2893 4569 3088 4610 nomen
3117 4552 3173 4608 in
3200 4550 3402 4607 tabulis

1787 4623 2104 4696 Capitolinis
2134 4623 2519 4683 intércidisset.
2553 4625 2718 4684 FABR.

1857 4691 2486 4826 Qadi’el‘pml'ricidiodn
2504 4698 2677 4755 tribus
2700 4697 2868 4770 Lugd.
2888 4696 3008 4753 Bat.
3038 4703 3092 4752 et
3117 4691 3401 4751 Coll.Gro-

1857 4787 1919 4826 ιν.
1994 4786 2084 4826 ees
2133 4788 2191 4826 ve
2219 4810 2234 4824 .

1790 4784 1919 4826 nov.
1954 4782 2110 4826 (1885i.
2133 4782 2234 4826 υει.

1859 4841 1953 4916 2i.
1977 4841 2190 4916 AMulcla
2232 4841 2483 4916 proauita.
2507 4841 2695 4916 Lugd.‘
2721 4839 2864 4895 Ball.
2897 4853 2998 4916 pr._
3015 4845 3071 4893 et
3114 4844 3240 4894 tert.
3271 4853 3396 4893 cum

1792 4911 1932 4970 Coll.
1966 4910 2243 4978 Gronov.,'
2268 4914 2436 4967 multa
2463 4911 2784 4966 reddendum
2816 4910 3069 4978 pecuniae.

1861 4985 1952 5038 25.
1982 4986 2083 5038 Aut
2106 4986 2175 5038 ad
2198 5001 2452 5039 sumntum
2474 4981 2662 5037 exsilii.
2691 4980 2829 5036 Cod.
2849 4979 3093 5050 Longob.
3115 4995 3236 5036 cum
3267 4979 3399 5035 Flo-

1790 5065 1933 5110 rent.
1970 5070 2080 5110 sec.
2105 5097 2120 5118 .
2151 5055 2362 5112 duobus
2391 5054 2557 5126 Lugd.
2590 5053 2732 5108 Batt.
2760 5060 2816 5107 et
2843 5049 3123 5117 Perizon.,
3144 5059 3233 5104 aut
3254 5067 3399 5105 sum-

1793 5143 1934 5180 mum
1965 5126 2156 5180 exsilii.

1861 5197 1954 5251 26.
1987 5195 2137 5250 Circa
2151 5195 2423 5264 quemlibet
2453 5191 2884 5250 hominum.Tres
2907 5208 2971 5248 ex
3001 5191 3175 5263 Lugd.
3216 5191 3356 5247 Batt.
3383 5235 3399 5261 ,

1793 5269 1928 5320 circa
1958 5267 2232 5336 quemlibet
2263 5265 2543 5320 hominem.

1863 5333 2272 5394 C.tp'.XlV.—-l.
2307 5337 2459 5390 Anno
2485 5336 2548 5390 ab
2580 5334 2716 5391 Urbe
2741 5335 2896 5391 cond.
2923 5333 3273 5395 nxxxleioc
3298 5350 3393 5390 anc

1795 5423 1865 5462 no
1908 5422 2051 5462 coss.
2098 5407 2316 5464 fuerunt
2360 5407 2650 5480 M.Livius
2696 5415 2752 5480 et
2789 5406 2852 5463 L.
2896 5406 3176 5480 Agmilius,
3197 5406 3393 5480 quibus

1793 5481 2089 5548 Saguntum
2121 5480 2188 5533 ab
2229 5479 2499 5533 Annibale
2542 5476 2906 5548 expugnatum
2936 5478 3104 5533 fuisse
3133 5476 3392 5548 Polybius

1791 5547 1984 5605 scribit
2003 5551 2142 5605 libro
2169 5565 2248 5605 ιιι.
2284 5549 2363 5603 Tu
2391 5550 2508 5618 lege
2534 5547 2664 5621 quae
2683 5551 2941 5619 Sigonius
2969 5547 3390 5621 diligentiSsime

1793 5622 1847 5678 in
1878 5621 2010 5675 Livii
2043 5622 2139 5676 lib.
2175 5635 2270 5676 ιιι
2295 5622 2594 5676 annotavit.
2626 5619 2800 5676 Faan.
2897 5656 2899 5658 -

1863 5692 1920 5746 2.
1946 5690 2095 5764 Bello
2125 5693 2431 5764 impetilam.
2463 5692 2556 5748 Sic
2601 5706 2790 5764 omnes
2819 5707 2951 5764 mss.
2979 5701 3032 5747 et
3057 5690 3144 5764 ed.
3175 5705 3393 5764 quoque

1794 5764 1997 5837 optima
2026 5763 2252 5837 August.
2283 5763 2475 5835 Vulgg.
2509 5763 2771 5837 plerique,
2801 5763 2932 5820 bello
2963 5763 3194 5834 petitam.
