3938 6346
176 256 268 314 895

1192 247 1670 308 HISTORIARUM
1711 247 1914 308 LIBER
1952 249 2042 306 ιν.
2083 249 2238 309 CAP.
2277 250 2418 309 XVI.

3339 260 3448 323 894

176 380 300 439 erat,
322 367 582 426 violentia
611 366 843 439 frigoris,
867 364 1172 438 vigiliarum
1195 379 1257 420 ac
1285 365 1513 431 laboris,
1539 365 1739 420 amisit.
1771 368 1821 428 Α
1848 364 1916 421 ad
1957 373 2203 422 extrema
2250 367 2642 426 internecionis
2670 367 2889 426 adducti
2921 379 3067 428 sunt.
3101 371 3268 431 Periit
3297 379 3441 435 enim

177 465 263 521 Ubi
311 479 438 520 vero
479 461 758 535 proximus
790 461 981 517 caStris
1020 458 1272 516 Flaminii
1314 460 1557 516 consulis
1602 459 1734 526 fuit,

174 559 458 613 vastatione
487 557 991 626 circumjacentium
1027 555 1282 610 locorum
1322 554 1646 610 Flaminium
1682 554 1735 610 in

172 655 357 709 bellum
391 652 659 708 excitavit.
683 654 702 685 ⁸
727 652 849 707 Ιιτυε
867 668 1043 724 pugna
1065 652 1132 707 ad
1147 652 1526 708 Trasimenum
1555 652 1733 709 lacum

170 747 289 802 facta
311 756 392 802 est
421 763 435 802 ε
467 745 554 800 ubi
585 744 854 800 exercitus
882 745 1179 810 Romanus,
1212 744 1586 800 infelicissimo
1613 754 1734 802 arte

172 839 548 893 circumventus
599 835 905 899 Annibalis,
965 835 1208 890 funditus
1259 833 1557 890 trucidatus
1606 844 1730 890 est:

169 931 268 998 ipse
294 944 506 1000 quoque
537 929 731 982 consul
757 926 995 995 occisus,
1019 931 1039 962 ⁹
1071 928 1252 998 viginti
1280 927 1521 998 quinque
1559 925 1731 983 millia

167 1020 506 1074 Romanorum
541 1020 592 1072 in
616 1034 684 1074 eo
712 1018 902 1091 praelia
931 1032 1098 1085 cresa,
1135 1033 1228 1073 sex
1259 1018 1422 1072 millia
1455 1027 1608 1089 capta
1639 1033 1730 1074 re-

165 1112 414 1166 feruntur.
449 1111 521 1167 De
551 1111 796 1166 exercitu
825 1126 956 1166 vero
978 1109 1266 1166 Annibalis
1293 1110 1400 1166 duo
1428 1110 1594 1166 millia
1634 1127 1726 1166 cc-

161 1202 409 1258 Clllel'lllit.
436 1202 725 1257 Famosunt
758 1201 861 1258 hoc
889 1203 955 1256 ad
978 1203 1360 1261 Trasimenum
1403 1203 1575 1258 lacum
1609 1219 1728 1260 cer-

163 1313 317 1353 tamen
347 1296 442 1354 fuit
475 1307 622 1352 tanta
651 1297 804 1354 clade
833 1297 1100 1364 Romana,
1129 1297 1364 1354 maxime
1393 1313 1514 1351 cum
1547 1298 1618 1352 ita
1642 1299 1725 1352 in-

161 1400 320 1446 tentus
351 1390 706 1461 pugnantium
756 1391 924 1445 ardor
961 1391 1272 1455 exstiterit,
1305 1387 1347 1422 ιθ
1379 1401 1434 1444 ut
1470 1389 1726 1461 gravissi-

159 1499 280 1538 mum
326 1493 718 1550 terrrentoutm,
773 1484 865 1554 qui
902 1494 1029 1539 tunc
1076 1482 1219 1538 forte
1264 1491 1369 1538 tam
1423 1482 1722 1538 vehemens

161 1576 310 1632 lactus
335 1584 439 1645 est,
480 1587 539 1630 ut
577 1575 744 1632 urbes
774 1575 1037 1647 diruisse,
1086 1584 1300 1631 montes
1334 1574 1676 1630 transtulisse
1701 1619 1716 1645 ,

162 1667 420 1722 discidisse
444 1683 626 1738 rupes,
651 1678 708 1724 et
736 1667 958 1722 [lumina
983 1678 1282 1723 retrorsum
1305 1667 1548 1737 coegisse
1578 1665 1720 1722 refc—

1847 458 1868 489 ³
1899 459 1949 513 in
1977 474 2043 514 eo
2073 460 2261 515 consul
2294 458 2548 515 Emilius
2582 461 2804 528 Paulus,
2834 465 3152 522 consulares
3175 477 3268 520 aut
3295 483 3439 538 pra-.-

1843 552 1964 606 torii
1997 553 2094 608 viri
2134 553 2320 624 viginti
2368 553 2635 609 interfecti
2678 565 2826 620 sunt,
2850 565 3136 614 senatores
3178 559 3262 615 vel
3294 562 3440 630 capti

1839 646 1922 700 vel
1949 645 2113 701 occisi
2156 653 2284 701 sunt
2309 647 2550 716 triginta,
2581 647 2792 702 nobiles
2832 649 2934 704 viri
2965 653 3227 715 trecenti,
3261 654 3431 722 pede-

1836 740 2030 795 Strium
2081 740 2308 794 militum
2357 740 2711 811 quadraginta
2765 741 2966 808 millia,
3025 743 3266 814 equitum
3321 747 3423 800 tria

1836 832 2004 886 millia
2048 832 2352 902 quingenti.
2395 831 2566 887 Varro
2617 833 2805 887 consul
2859 848 2983 888 cum
3035 836 3424 906 quinquaginta

1833 925 2105 997 equitibus
2131 925 2422 981 Venusiam
2450 926 2602 996 fugit.
2637 924 2747 980 Nec
2772 925 2992 981 dubium
3023 935 3136 993 est,
3168 929 3419 984 ultimum

1833 1019 1984 1075 illum
2010 1015 2152 1074 diem
2180 1017 2410 1073 Romani
2435 1024 2610 1071 status
2635 1017 2872 1071 futurum
2899 1017 3087 1079 fuisse.
3119 1018 3165 1073 si
3193 1020 3425 1075 Annibal

1832 1127 1955 1167 mox
1987 1120 2108 1183 post
2141 1109 2422 1165 victoriam
2446 1108 2513 1163 ad
2542 1107 2942 1180 pervadendam
2971 1109 3172 1165 Urbem
3199 1121 3428 1166 conten-

1828 1203 2284 1260 disset...Annibal
2317 1204 2369 1258 in
2415 1202 2786 1259 testimonium
2835 1203 3075 1258 victoria:
3101 1215 3237 1274 sum,
3267 1203 3288 1234 ⁸
3318 1213 3430 1260 tres

1827 1297 2042 1352 modios
2087 1295 2410 1350 annulorum
2467 1310 2759 1350 aureorum
2811 1293 3191 1364 Carthaginem
3245 1295 3424 1366 misit,

1825 1405 1960 1462 quos
1974 1391 1995 1422 ⁸
2015 1405 2079 1444 ex
2099 1389 2349 1444 manibus
2369 1388 2774 1444 interfectorum
2795 1389 3038 1459 equitum
3059 1388 3424 1446 Romanorum

1824 1493 2246 1546 senatorumque
2271 1481 2603 1536 detraxerat.
2629 1479 2810 1551 Usque
2849 1479 2985 1535 adeo
3026 1489 3205 1535 autem
3234 1483 3417 1537 ultima

1821 1577 2128 1648 desperatio
2147 1573 2476 1644 Rcipttblicm
2493 1573 2634 1643 apud
2656 1573 2903 1628 residuos
2921 1572 3196 1629 Romanos
3213 1573 3309 1628 fuit
3324 1575 3344 1606 ⁶
3364 1582 3420 1629 ut

1822 1679 2103 1725 senatores
2119 1667 2186 1722 de
2206 1664 2558 1735 relinquenda
2579 1664 2749 1729 italia,
2766 1663 3093 1733 sedibusqne
3111 1664 3419 1734 qurerendis

155 1768 302 1827 ratur,
332 1771 628 1831 pugnantes
657 1761 884 1816 omnino
921 1777 1029 1816 non
1061 1761 1353 1816 senserint.
1382 1759 1601 1815 Factam
1645 1758 1713 1815 ad
1744 1751 1792 1812 B
1819 1761 2105 1818 consilium
2147 1757 2307 1833 257
2349 1757 2642 1813 ineundum
2683 1756 2944 1825 putarint.
2991 1755 3146 1823 Quod
3193 1765 3420 1814 auctore

156 1852 504 1908 Trasimenum
550 1854 759 1907 ruinam
788 1894 804 1919 ,
853 1853 1102 1922 sequitur
1154 1867 1330 1923 pugna
1383 1849 1708 1920 Cannensis,

157 1948 376 2012 quamvis
409 1947 448 1979 ¹¹
482 1944 637 2002 Fabii
670 1945 888 2002 Maximi
917 1945 1198 2000 dictatoris
1235 1954 1450 2014 tempus
1477 1942 1710 2000 medium

154 2038 313 2108 fuerit,
346 2040 433 2110 qui
481 2039 745 2110 impetum
777 2037 1062 2094 Annibalis
1103 2036 1411 2094 cunctando
1456 2035 1706 2092 tardavit.

607 2152 772 2227 356
807 2150 1034 2210 CAPUT
1073 2153 1218 2210 xvr.

153 2268 212 2322 De
237 2270 518 2324 miseranda
561 2268 915 2323 Romanorum
945 2271 1094 2326 clade
1120 2272 1189 2326 ad
1219 2270 1425 2326 Cannas
1447 2287 1467 2324 .'
1497 2271 1563 2326 de
1589 2288 1712 2328 catt-

204 2341 311 2393 silio
336 2340 661 2409 relinquendi
685 2339 919 2407 Italiam,
945 2343 1204 2412 quomodo
1235 2342 1458 2397 Romani
1482 2344 1711 2410 respira-

204 2413 298 2536 ἵζευ
319 2456 334 2480 ,
373 2413 758 2483 exercitumque
787 2411 1104 2481 repararint.
1137 2411 1271 2468 Item
1299 2414 1362 2468 de
1392 2416 1548 2470 variis
1576 2432 1706 2486 pra:-

219 2499 294 2536 us.

219 2499 275 2536 us
281 2523 294 2535 .

205 2599 218 2630 ¹
247 2599 395 2654 Anno
425 2600 496 2654 ab
527 2599 672 2657 Urbe
710 2600 925 2656 condita
959 2618 1084 2668 nxL,
1127 2600 1188 2657 L.
1232 2602 1486 2658 Emilius
1507 2601 1709 2660 Paulus

147 2689 264 2745 ctC.
295 2692 581 2748 Terentius
626 2693 796 2748 Varro
837 2695 1086 2750 consules
1108 2735 1123 2760 ,
1164 2706 1352 2750 contra
1383 2695 1705 2752 Annibalem

149 2783 310 2849 missi,
360 2785 697 2853 impatientia
746 2783 1005 2841 Varronis
1051 2787 1290 2842 consulis
1337 2786 1707 2843 infelicissimo

145 2879 265 2946 apud
292 2879 522 2946 Cannas,
576 2881 784 2950 Apulire
816 2880 1017 2950 vicum,
1049 2897 1188 2952 pene
1228 2896 1415 2936 omnes
1444 2881 1706 2937 Romana:

144 2972 234 3038 Spei
262 2972 397 3028 vires
430 2972 809 3043 perdiderunt.
844 2973 976 3028 Nam
1009 2975 1061 3027 in
1107 2988 1170 3028 ea
1215 2987 1390 3044 pugna
1419 2975 1440 3004 '
1469 2972 1704 3044 quadra-

142 3061 262 3129 ginta
303 3076 535 3134 quatuor
588 3064 756 3119 millia
814 3066 1184 3120 Romanorum
1238 3064 1522 3120 interiecta
1553 3073 1699 3133 sunt,

1816 1857 2038 1914 Caecilio
2073 1854 2292 1912 Metello
2314 1852 2692 1909 conﬁrmatum
2721 1849 2918 1907 fuisset
2937 1893 2952 1914 ,
2983 1852 3086 1907 nisi
3116 1851 3414 1911 Cornelius

1815 1950 2002 2021 Scipio
2045 1948 2293 2003 tribunus
2338 1955 2462 2000 tunc
2513 1943 2776 2010 militum,
2823 1945 2843 1976 ⁷
2895 1943 3036 1999 idem
3087 1946 3178 2017 qui
3218 1955 3409 2017 postea

1815 2038 2384 2107 Africanus,districto
2411 2035 2590 2107 gladio
2611 2034 2982 2103 deterruisset,
3010 2051 3072 2092 ac
3103 2038 3280 2106 potius
3304 2054 3406 2108 pro

1814 2136 2001 2208 patrias
2022 2132 2336 2189 defensione
2365 2129 2416 2184 in
2447 2143 2544 2184 sua
2572 2129 2734 2184 verba
2758 2127 2946 2198 iurare
2972 2130 3256 2201 coegisset.
3285 2130 3413 2186 Ro-

1813 2229 1958 2285 mani
1985 2226 2051 2282 ad
2099 2240 2253 2296 spem
2285 2224 2429 2290 vitre,
2462 2221 2617 2292 quasi
2641 2219 2710 2275 ab
2737 2220 2924 2275 inferis
2957 2223 3228 2288 respirare
3257 2224 3398 2286 ausi,

1813 2325 1834 2356 ⁸
1860 2321 2182 2377 dictatorem
2223 2315 2504 2371 Decimum
2537 2313 2755 2369 Iunium
2783 2321 3007 2368 creant:
3034 2313 3126 2383 qui
3145 2358 3159 2382 ,
3187 2312 3404 2368 delectu

1813 2414 2001 2471 habito
2030 2411 2100 2466 ab
2129 2408 2288 2464 annis
2315 2408 2506 2463 decem
2547 2415 2602 2462 et
2630 2414 2839 2476 septem
2862 2447 2878 2473 ,
2909 2406 3211 2462 immatura:
3250 2407 3400 2462 inor-

1810 2510 2125 2576 dinatceque
2150 2504 2355 2559 militia:
2378 2512 2614 2573 quatuor
2633 2501 2876 2572 legiones
2900 2501 3260 2571 undecunque
3282 2518 3408 2558 con-

1812 2601 2006 2658 traxit.
2039 2599 2192 2654 Tunc
2218 2597 2381 2653 etiam
2413 2609 2603 2652 servos
2630 2595 2863 2667 spectati
2887 2595 3104 2651 roboris
3127 2611 3191 2652 ac
3211 2598 3406 2652 volun-

1811 2696 1971 2760 tatis,
1999 2697 2021 2728 °
2052 2691 2132 2747 vel
2169 2691 2446 2756 oblatos,’
2465 2690 2591 2756 vel,
2633 2690 2680 2743 si
2729 2690 2800 2744 ita
2829 2703 2967 2760 opus
3005 2689 3138 2758 fttit,
3185 2691 3406 2755 publico

1808 2789 1988 2860 pretio
2017 2793 2229 2855 emptos
2251 2783 2352 2838 sub
2376 2781 2532 2838 titulo
2564 2780 2830 2838 libertatis
2850 2825 2864 2850 ,
2892 2792 3232 2840 sacramento
3255 2784 3403 2840 mili-

1811 2884 1900 2938 tia:
1939 2880 2139 2951 adegit.
2186 2878 2386 2945 Arma,
2423 2891 2541 2947 qua:
2587 2875 2846 2942 deerant,
2890 2877 3109 2946 templis
3147 2877 3406 2936 detraxe-

1805 2983 1967 3041 runt,
1996 2970 2178 3041 egenti
2223 2968 2417 3024 aerario
2457 2969 2680 3037 privatae
2724 2984 2857 3039 opes
2899 2969 3098 3027 refusae
3139 2982 3287 3027 sunt.
3325 2971 3400 3028 ita

1807 3074 2060 3139 equester
2082 3062 2243 3130 ordo,
2275 3062 2345 3116 ita
2373 3062 2528 3130 plebs
2558 3061 2768 3132 trepida
2805 3061 2974 3118 oblita
3004 3061 3311 3119 studiorum
3360 3065 3404 3096 ¹⁶

142 3168 435 3226 quamquam
488 3165 545 3211 et
590 3155 659 3211 de
707 3157 948 3213 exercitu
995 3157 1279 3214 Annibalis
1329 3172 1525 3228 magna
1574 3143 1770 3226 parsC
1804 3159 1858 3215 in
1903 3168 2193 3214 commune
2233 3154 2530 3210 consuluit.
2587 3155 2781 3210 Junius
2825 3170 3044 3227 quoque
3088 3156 3322 3212 dictator
3359 3159 3400 3190 ¹¹

139 3258 251 3302 casa
281 3259 396 3306 est:
427 3248 585 3306 nullo
629 3256 808 3306 tamen
857 3250 1059 3307 Punico
1100 3250 1248 3307 bello
1293 3251 1518 3306 Romani
1561 3251 1701 3306 adeo

1802 3254 2086 3322 antiquum
2107 3249 2372 3306 Romana;
2389 3248 2625 3306 miseria:
2648 3249 2848 3305 factum
2864 3250 3135 3320 recolens,
3159 3266 3258 3323 pro
3273 3267 3403 3323 sup.

1386 3387 1838 3446 HAVERCAMPI
1879 3386 2105 3444 ΝΟΤᾸΕ.

133 3505 258 3572 stans
283 3507 363 3556 est
385 3501 575 3565 lectio,
597 3517 698 3572 quo
709 3501 825 3571 jam
853 3500 1048 3556 dudum
1071 3516 1207 3572 ager
1234 3509 1367 3562 erat,
1395 3510 1454 3556 ut
1477 3512 1532 3556 et
1564 3501 1697 3556 Vin-

134 3569 272 3625 centii
300 3572 511 3628 Bellov.
544 3569 632 3643 qui
665 3569 888 3639 insuper
935 3569 1306 3636 tanten'addit,
1352 3573 1560 3642 legens,
1607 3583 1691 3627 ta-

133 3655 225 3716 men
250 3647 477 3716 oculum,
497 3652 605 3698 etc.
636 3643 862 3716 Frustra
883 3645 1044 3710 igitur
1067 3643 1198 3697 editi
1224 3654 1582 3716 agrotaverut.

187 3711 233 3786 8.
273 3713 396 3769 Ha'c
429 3732 606 3786 pugna
642 3717 709 3768 ad
743 3715 1098 3769 Trasimenum
1135 3711 1326 3768 locum.
1358 3715 1512 3779 Apud
1561 3715 1689 3770 Plu.

131 3785 272 3862 tarch.
313 3785 600 3862 _in_Fabio
628 3787 910 3862 _men_dose
952 3795 1056 3848 est,
1101 3789 1222 3862 περὶ
1249 3792 1339 3862 τὴν
1383 3788 1690 3859 καλουμένην

128 3860 379 3930 ξραᾳυνίαγ
398 3860 613 3930 λίμνηνλ
628 3857 1016 3930 Ρυιγιῆυεσήν
1036 3857 1288 3930 Τεαμξένην
1307 3859 1483 3930 ligna:
1510 3857 1660 3911 vbtiztt
1673 3899 1685 3912 .

128 3920 189 3974 Τίι
220 3927 329 3991 lege
352 3920 548 3983 Sili-um
583 3920 779 3982 libro'v
811 3939 864 3981 et
895 3920 1170 3982 Valerium
1206 3920 1408 3982 libro't.
1447 3929 1612 3983 Fann.

181 3996 427 4071 9.i:igiuti
447 3999 668 4071 quinque
688 3999 851 4054 millia
881 3998 1030 4052 Rom.
1055 4000 1107 4053 ltt
1137 4015 1306 4068 pugtta
1329 4000 1392 4051 ad
1415 3999 1689 4071 Trasittte-

123 4079 227 4118 num
253 4067 617 4124 Romanorum
656 4071 820 4124 millia
854 4085 958 4124 xxv
989 4085 1159 4134 caesa,
1184 4067 1232 4123 ct
1265 4078 1492 4124 cmteros
1527 4070 1687 4125 dtll‘u-

119 4136 240 4203 gisse
261 4143 450 4195 scribit
475 4142 769 4213 Eutropius
795 4161 804 4195 :
833 4141 1090 4213 Polybius
1117 4153 1168 4196 et
1191 4141 1395 4203 Livius,
1425 4157 1490 4194 xv
1516 4143 1685 4213 millia

119 4221 264 4275 caesa,
294 4221 345 4266 et
375 4227 473 4266 sex
505 4213 557 4266 in
584 4212 913 4267 Maharbalis
939 4212 1264 4278 potestatem
1293 4212 1512 4265 venisse
1541 4212 1681 4268 refc-

119 4289 254 4352 r_unt:
286 4283 563 4352 Appianus
592 4285 775 4347 tradit,
807 4299 876 4338 xx
909 4284 1076 4336 tnillia
1100 4298 1220 4337 cum
1248 4283 1515 4338 Flaminio
1543 4285 1682 4339 ceci-

117 4347 256 4430 disse,
291 4347 521 4430 xunillia
552 4372 580 4406 a
615 4354 924 4408 Maharbale
952 4365 1130 4430 capta.
1177 4355 1251 4430 l_)e
1277 4353 1558 4430 Angibalis
1583 4371 1678 4430 co.

116 4424 198 4495 piis
225 4425 375 4495 caesis
406 4425 711 4492 scriptores
739 4439 954 4495 quoque
975 4424 1325 4479 dissentiunt.
1357 4426 1677 4480 Fiam—In

113 4487 394 4570 Lugtl._l_3at.
425 4487 632 4570 qua-rh,
656 4487 837 4570 viginti
867 4487 1051 4570 millia.
1079 4496 1134 4549 In
1162 4497 1250 4550 cd.
1277 4498 1473 4570 prima,
1500 4499 1681 4570 viginti

114 4515 259 4570 ungo.
282 4515 394 4550 nat.
425 4515 632 4565 quart.,
656 4515 835 4569 l‘lglltlt
867 4515 1051 4549 mima.
1079 4515 1134 4549 Ill
1162 4515 1250 4550 cu.
1277 4515 1473 4564 prttna,
1500 4515 1674 4620 viginti

114 4570 194 4616 tm:
221 4567 376 4640 millia
405 4569 593 4640 occisa
617 4568 946 4623 referuntur.
981 4566 1088 4640 Pro
1131 4570 1184 4622 in
1214 4584 1272 4622 eo
1307 4569 1512 4640 prtelio,
1589 4569 1674 4623 in.

111 4642 232 4710 cent.
264 4636 470 4710 Bellov.
495 4638 644 4706 legit,
676 4640 731 4692 in
758 4639 871 4709 ipso
896 4637 1099 4710 prwlio.

127 4703 244 4783 “10.
287 4706 352 4762 Ut
382 4703 744 4783 gravissimum
779 4703 1168 4783 'terrigmotum;
1207 4709 1282 4764 De
1335 4709 1438 4767 hoc
1489 4707 1674 4766 Livius

107 4770 225 4828 libro
249 4794 356 4833 xxtt
382 4770 444 4834 ist
465 4779 790 4835 Plutarcims
820 4783 874 4834 in
905 4780 1094 4834 Fabio.
1127 4779 1296 4836 Fann.

165 4847 243 4902 11.
284 4849 440 4904 Fabii
472 4850 715 4907 Maximi.
750 4852 822 4907 De
851 4853 952 4906 hoc
983 4851 1228 4906 Ennius:

263 4948 398 5001 Unus
424 4951 570 5002 homo
591 4953 734 5004 nobis
755 4951 1030 5004 cunctando
1052 4954 1273 5004 restituit
1297 4965 1424 5004 rem.

101 5044 194 5104 Cic.
225 5053 287 5108 de
318 5056 480 5111 Ollio.
512 5067 568 5111 et
599 5058 650 5112 in
678 5058 901 5114 Catone.
931 5057 1102 5114 FABR.

156 5122 272 5181 CAP.
302 5127 534 5182 XVI.—
553 5129 604 5183 1.
635 5130 784 5184 Anno
807 5130 869 5183 ab
900 5128 1038 5185 Urbe
1064 5128 1272 5182 condita
1301 5145 1428 5185 nxn.
1462 5129 1537 5184 lta
1564 5147 1666 5186 nu-

101 5203 245 5272 merat
278 5197 608 5272 _Eutropius,
656 5217 819 5270 quem
877 5202 930 5254 in
977 5201 1249 5272 Cannensi
1298 5202 1452 5256 clade
1499 5218 1668 5272 expo-

97 5266 498 5341 netyiaOrosius
519 5266 784 5340 sequitur.
817 5271 952 5340 Aliis
981 5271 1068 5325 hic
1093 5286 1268 5327 annus
1290 5281 1372 5326 est
1404 5266 1627 5328 nxxxvu
1647 5316 1660 5341 ,

97 5341 143 5385 υι
167 5332 343 5403 Pighio
375 5343 430 5395 in
461 5332 660 5396 Annal.
693 5343 848 5397 Rom.
877 5337 1040 5398 FABR.

229 5410 590 5487 Quadraginta
612 5423 835 5487 quatuor
855 5416 1038 5469 millia.
1068 5413 1275 5487 Livius,
1303 5415 1661 5487 Quadraginta

92 5474 234 5556 millia
283 5474 548 5556 peditum,
599 5474 701 5538 duo
741 5487 906 5538 millia
946 5474 1272 5555 septingenti.
1303 5474 1494 5556 equites
1517 5474 1660 5543 "cwsi

91 5545 333 5606 dicuntur.
378 5545 654 5623 Appianus
686 5565 741 5610 et
788 5545 1137 5611 Plutarchus"
1161 5545 1404 5612 scribu'nt
1456 5560 1506 5613 in
1559 5559 1657 5615 hac

89 5627 601 5698 pugnacmsafuisse
633 5630 1019 5698 quinquaginta
1048 5627 1235 5698 millia.
1267 5627 1436 5684 FABR.

146 5694 191 5740 3.
230 5691 293 5745 In
315 5711 396 5747 eo.
423 5696 552 5753 Mss.
581 5691 754 5770 Lugd.
782 5691 921 5756 Βθιῐ.
947 5710 1059 5757 tres
1089 5697 1292 5755 addunt
1321 5701 1477 5771 bello,
1511 5711 1571 5756 ιιι
1599 5711 1654 5759 et

87 5751 207 5814 Coll.
233 5762 468 5818 Gronov.

195 5800 207 5814 -
233 5779 468 5822 υτοηον.

1873 3504 1928 3557 4.
1959 3501 2085 3557 Tres
2105 3503 2304 3557 modios
2320 3503 2658 3560 annulorum.
2681 3503 2956 3558 Trimodia
2979 3505 3305 3562 annulorum
3327 3507 3398 3562 ab

1805 3573 2069 3629 Annibale
2091 3573 2470 3641 Carthaginem
2512 3576 2673 3630 missa
2707 3575 2864 3629 tradit
2903 3575 3042 3630 Plin.
3077 3578 3168 3631 lib.
3196 3595 3394 3644 xxxut,

1799 3660 1927 3718 cap._
1971 3647 2060 3700 50.
2101 3645 2180 3699 Tu
2232 3645 2358 3700 vide
2407 3646 2612 3700 Livium
2644 3646 2757 3718 lib.
2789 3661 2940 3718 xxtt_t.
2986 3647 3220 3702 Annibal
3250 3649 3392 3718 apud

1800 3715 2094 3769 Lut-ianunt
2148 3719 2312 3783 jactat
2369 3733 2427 3769 se
2472 3733 2578 3769 ttuo
2622 3717 2711 3771 dic
2759 3727 2839 3771 tot
2888 3716 3161 3772 Romanos
3218 3715 3391 3774 inter-

1796 3786 1989 3842 fecisse
2038 3790 2193 3843 ιῶστε
2239 3791 2364 3848 τοὺς
2405 3787 2708 3850 δακτυλίους
2750 3790 2915 3846 αὐτῶν
2961 3788 3222 3860 μεδίμνοις
3253 3793 3388 3846 ἀπο-

1796 3868 2066 3912 μετρῆσαι.
2096 3859 2263 3912 FABR.

1837 3868 2066 3917 ετρῆσαι.
2098 3868 2263 3912 FABR.

1793 3881 1890 3929 μετ
1925 3881 2066 3917 ησαι.
2098 3881 2263 3912 rium.

1865 3881 1921 3984 ξ
1964 3927 2046 3980 Ea:
2073 3928 2326 3980 manibus.
2354 3927 2486 3983 Cod.
2514 3930 2687 3990 Meus,
2719 3929 2783 3983 de
2809 3929 3063 3983 manibus.

1863 4001 1916 4054 6.
1965 3997 2032 4050 Ut
2067 4000 2344 4052 Senatores
2373 4000 2437 4053 de
2476 3999 2816 4068 relinquenda
2843 3998 3027 4052 Italia.
3061 4000 3172 4055 Hoc
3201 4000 3381 4056 consi-

1792 4068 1920 4122 lium
1951 4071 2018 4122 de
2047 4069 2396 4138 relinquenda
2420 4071 2565 4124 italia
2601 4085 2704 4123 non
2740 4069 2927 4123 Romae
2955 4083 3257 4137 senatores,
3283 4073 3381 4128 sed

1790 4140 2032 4214 reliquiag
2059 4139 2358 4193 Cannensis
2387 4141 2577 4214 cladis,
2626 4156 2748 4214 qua?
2795 4139 3088 4214 Canusium
3135 4142 3381 4214 perfuge-

1789 4209 1931 4280 rant,
1965 4209 2219 4273 inierunt,
2245 4222 2466 4265 auctore
2496 4211 2648 4266 Livio
2679 4211 2802 4280 libr.
2835 4226 2964 4265 xxtt.
3000 4211 3163 4267 Fann.

1859 4285 1914 4336 7.
1941 4282 2086 4354 Idem
2112 4282 2200 4351 qui
2223 4290 2397 4351 postea
2422 4282 2721 4354 Africanus.
2753 4279 2828 4354 lla
2849 4297 2986 4354 imss.
3014 4292 3068 4338 et
3089 4283 3215 4340 edd.
3245 4295 3378 4341 vett.

1785 4351 1894 4408 Sed
1928 4356 1981 4409 in
2009 4353 2134 4407 edd.
2162 4362 2394 4408 recentt.
2430 4351 2560 4407 illud
2597 4355 2684 4416 qui
2709 4353 3072 4408 desideratur.

1855 4426 1909 4481 8.
1959 4425 2268 4478 Dictatorem
2298 4423 2564 4479 Deciorum
2591 4424 2828 4480 Iunium.
2871 4424 3023 4479 Hunc
3052 4425 3374 4483 dictatorem

1785 4493 1970 4570 Livius
1997 4505 2063 4570 et
2078 4496 2222 4550 Plut.
2257 4496 2310 4551 in
2344 4495 2515 4550 Fabio
2547 4495 2633 4570 M.
2655 4494 2871 4570 Iunium
2899 4505 3112 4564 vocant,
3142 4513 3376 4570 eumque

1783 4567 1882 4638 [iri
1926 4569 2067 4622 docti
2110 4581 2230 4622 esse.
2277 4578 2499 4636 putant,
2545 4569 2639 4638 qui
2683 4568 2872 4624 censui
2912 4583 3056 4623 anno
3106 4567 3370 4624 nxxut'iu

1780 4636 1958 4693 Fastis
1986 4639 2305 4701 Capitolinis
2327 4639 2404 4694 sic
2432 4636 2792 4708 describitur,
2821 4655 2876 4695 tt.
2911 4654 3112 4696 mutus.
3146 4657 3200 4695 ι).
3227 4657 3278 4696 r.
3309 4657 3344 4698 ιι

1779 4724 1834 4764 rt.
1861 4725 2017 4765 pana.
2053 4710 2218 4765 Fxna.

1701 4811 1756 4876 Β
1785 4853 1827 4876 ἢ.
1852 4783 1904 4876 Si.
1957 4782 2053 4876 Fel
2070 4782 2299 4876 oblatos,
2323 4783 2402 4835 vel
2421 4782 2628 4876 publica
2652 4783 2816 4876 pretio
2837 4781 3372 4876 emlendicatJQ‘ro-

1784 4853 1898 4906 sius
1932 4867 2036 4906 non
2070 4852 2210 4907 idem
2235 4855 2303 4907 de
2329 4852 2567 4908 servitiis
2595 4853 2819 4908 armatis
2847 4862 3098 4908 auctores
3125 4853 3372 4908 tradidis-

1783 4937 1861 4977 se.
1894 4923 2082 4979 Livius
2105 4926 2184 4979 ait
2209 4924 2530 4978 dictatorem
2560 4933 2684 4979 octo
2717 4924 2880 4977 millia
2911 4941 2972 4976 ex
3007 4925 3243 4980 servitiis
3274 4941 3370 4990 pu-

1778 4993 1918 5050 blice
1958 5003 2137 5066 empta
2177 5009 2437 5051 armasse.
2484 4996 2716 5064 Appian.
2757 4995 2826 5048 de
2872 4995 2987 5048 reb.
3030 4994 3357 5060 Annibalis,

1776 5076 1967 5120 auctor
1995 5075 2112 5130 est,
2140 5076 2386 5122 senatum
2413 5077 2538 5121 octo
2564 5067 2726 5121 millia
2771 5079 3051 5119 servorum
3073 5107 3088 5127 ,
3131 5066 3366 5120 dominis

1776 5136 1917 5190 ultro
1939 5137 2288 5202 donantibus,
2317 5139 2716 5191 manumisisse.
2747 5136 2907 5190 Fann.
2939 5165 3009 5175 -—
3035 5136 3156 5191 Mox
3189 5136 3260 5190 ad
3278 5153 3364 5192 sa-

1773 5218 2089 5261 cramentum
2115 5207 2342 5274 militiae,
2376 5207 2624 5261 Vincent.
2657 5207 2860 5261 Bellov.

1845 5279 1933 5333 10.
1967 5276 2034 5332 1η
2074 5294 2342 5332 commune
2369 5279 2647 5332 consuluit.
2681 5276 2942 5342 Quamvis
2984 5275 3270 5334 haac‘mss.
3309 5287 3364 5333 et

1774 5349 1896 5402 cdd.
1932 5359 2063 5402 vett.
2093 5350 2164 5402 sit
2199 5348 2379 5410 lectio,
2426 5351 2478 5402 in
2518 5348 2852 5403 Fabricianis
2896 5358 3074 5405 tamen
3108 5350 3356 5404 invenias

1770 5419 1824 5491 in
1851 5421 2110 5473 communi
2153 5420 2407 5491 consuluit
2436 5419 2581 5490 quod
2614 5434 2681 5473 ne
2724 5419 2776 5474 in
2825 5430 3096 5490 postrema
3140 5421 3358 5491 quidem

1770 5489 1944 5545 Scotti
1977 5491 2318 5544 emendatum
2353 5489 2474 5543 fuit.

1841 5562 1926 5616 11.
1955 5561 2233 5631 Antiquam
2259 5562 2504 5615 Romana!
2526 5561 2748 5616 miseria!
2767 5563 2963 5633 factum
2983 5563 3236 5617 recolens.
3261 5561 3353 5616 Sic

1764 5647 1953 5686 omnes
2003 5633 2201 5687 habent
2238 5647 2367 5704 mss.
2394 5634 2514 5704 nisi
2563 5635 2706 5704 quod
2747 5632 2798 5688 in
2831 5632 3073 5703 Longob.
3121 5633 3350 5704 simplex

1763 5705 1934 5759 colens
1969 5705 2293 5760 inveniatur.
2331 5703 2472 5758 Editi
2502 5703 2745 5773 quidem,
2778 5714 2834 5759 ut
2871 5705 3100 5773 llittorp.
3131 5715 3185 5758 et
3224 5703 3355 5758 Bol-

1765 5776 1969 5849 suing.,
2002 5777 2230 5832 recolens
2251 5784 2461 5833 statum.
2484 5775 2588 5834 Sed
2609 5776 2735 5833 cdd.
2756 5775 2924 5847 antiq.
2949 5784 3354 5846 amantquoquo
