3938 6308
478 302 588 362 893

1878 287 2083 346 PAULI
2123 283 2352 344 OROSII

3665 281 3760 342 896

482 419 766 488 plcinento
803 413 1109 480 exercitus,
1142 411 1352 478 edicto,
1390 409 1541 466 velut
1571 406 1725 480 asylo
1763 405 2069 477 patefacto,
2100 411 2155 472 Α
2177 399 2454 457 miseriam
2470 397 2552 456 vel
2578 395 3478 470 miseramimprobitatem."Quis
3493 394 3674 454 credat
3699 411 3766 455 eo

485 509 739 566 homines
768 507 1092 577 quicumque
1119 503 1420 560 sceleribus
1437 515 1500 556 ac
1520 499 1721 556 debitis
1749 496 1968 555 obnoxii
1991 510 2081 552 es-

488 609 630 665 sent,
663 595 986 668 impunitate
1017 594 1306 665 promissa,
1332 592 1542 648 militiae
1564 590 1910 660 mancipavit,
1939 602 2080 658 quo-

486 705 605 745 rum
636 703 894 744 numerus
919 688 962 718 ¹²
992 685 1058 741 ad
1098 700 1197 741 sex
1227 685 1397 741 millia
1427 684 1668 740 virorum
1700 683 1822 738 fuit.
1854 683 2084 751 Campa-

487 784 572 838 nia
597 797 758 850 vero,
787 780 868 836 vel
893 781 1074 851 potius
1096 782 1274 834 omnis
1294 777 1468 844 Italia,
1489 776 1557 832 ad
1585 775 1907 831 Annibalem
1933 816 1948 842 ,
1983 774 2080 828 dc-

494 883 712 947 sperata
743 873 959 943 penitus
995 871 1226 927 Romani
1258 878 1435 926 status
1469 869 1838 940 reparatione,
1861 866 2080 923 defecit.

492 968 622 1024 Post
652 967 757 1023 hoc
786 965 985 1023 Lucius
1012 964 1325 1022 Postumius
1356 972 1558 1036 praetor
1579 963 1864 1019 adversum
1889 962 1932 993 ¹³
1954 961 2082 1017 Gal-

498 1060 582 1114 los
612 1073 854 1130 pugnare
883 1058 1102 1126 missus,
1128 1071 1250 1113 cum
1274 1055 1519 1112 exercitu
1542 1070 1715 1111 cmsus
1747 1063 1851 1110 est.
1880 1051 2087 1108 Deinde

491 1151 822 1222 Sempronio
852 1151 1134 1219 Graccho,
1163 1150 1229 1219 ρ.
1274 1149 1445 1206 Fabio
1471 1149 1704 1204 Maximo
1735 1147 2082 1211 consulibus,

491 1242 755 1299 Claudius
801 1241 966 1314 258
1013 1242 1303 1297 Marcellus
1358 1255 1424 1296 ex
1481 1249 1714 1311 praetore
1764 1237 2088 1309 proconsule

493 1335 808 1407 designatus
841 1375 856 1401 ,
911 1333 956 1366 “’
997 1333 1283 1389 Annibalis
1331 1333 1633 1388 exercitum
1685 1331 1872 1401 prmlio
1910 1329 2045 1385 ludit
2071 1371 2087 1396 ,

502 1428 820 1498 primusque
842 1434 966 1496 post
989 1435 1166 1480 tantas
1188 1424 1523 1494 Reipublicae
1552 1422 1736 1479 ruinas
1755 1437 1905 1492 spem
1933 1420 2086 1488 fecit,

503 1520 824 1576 Annibalem
853 1532 1017 1589 posse
1045 1518 1315 1588 superari.
1346 1517 1632 1588 Scipiones
1671 1527 1850 1571 autem
1884 1514 1939 1571 in
1966 1515 2091 1570 His-

501 1613 660 1684 pania
690 1611 1073 1679 Asdrubalem,
1107 1611 1402 1666 Poenorum
1436 1611 1847 1678 imperatorem,
1877 1606 1943 1662 ad
1987 1607 2093 1662 Ita-

498 1707 624 1761 liam
665 1704 969 1760 exercitum
1009 1711 1456 1773 comparantem,
1495 1701 1540 1732 “
1580 1699 1904 1771 gravissimo
1948 1697 2094 1754 bello

2185 503 2450 563 tempore,
2473 505 2581 564 quo
2609 491 2858 546 terarinm
2887 490 3067 562 populi
3083 489 3311 546 Romani
3336 503 3557 560 egenam
3580 489 3768 560 stipem

2184 586 2390 659 privata
2409 583 2696 640 collatione
2713 583 2988 654 poscebat,
3004 582 3051 614 “
3073 581 3230 637 miles
3253 582 3306 637 in
3325 581 3518 636 castris
3557 581 3767 636 nonnisi

2185 688 2275 732 aut
2291 691 2422 746 puer
2435 683 2527 729 aut
2542 688 2758 745 servus,
2773 673 3196 738 autscelcratus,
3210 679 3303 726 aut
3320 669 3532 727 debitor
3542 681 3597 726 et
3609 685 3675 726 ne
3693 671 3768 727 sic

2184 767 2460 841 quidem"
2484 765 2950 822 numeroidoncus
2967 773 3108 831 erat,
3125 770 3348 820 senatus
3361 763 3413 818 in
3426 762 3570 818 curia
3598 763 3772 818 omnis

2186 877 2324 933 pene
2354 859 2590 916 novitius
2615 858 2898 914 videbatur
2924 875 2936 912 :
2967 865 3245 928 postremo
3271 869 3396 910 eum
3424 855 3496 909 ita
3527 855 3772 910 imminu-

2189 957 2262 1010 tis
2287 956 2451 1028 259
2475 953 2768 1026 fractisque
2794 953 3044 1008 omnibus
3069 954 3116 985 ³⁸
3141 952 3543 1024 desperaretur,
3563 960 3764 1006 utcon-

2189 1049 2370 1102 silium
2421 1046 2490 1101 de
2531 1043 2889 1117 relinquenda
2932 1044 3086 1099 Italia
3134 1045 3436 1109 subiretur,
3464 1043 3509 1075 ³⁷
3539 1057 3608 1098 eo
3641 1053 3776 1097 tem-

2190 1158 2320 1214 pore
2341 1184 2358 1212 ,
2404 1157 2526 1198 eum
2570 1155 2735 1196 unum
2764 1136 3124 1194 domeSticum
3157 1137 3360 1192 bellum
3387 1179 3402 1204 ,
3429 1143 3488 1190 ut
3511 1135 3771 1201 diximus,

2189 1238 2237 1270 ³⁸
2270 1236 2397 1292 ferri
2421 1235 2574 1292 nullo
2602 1233 2764 1290 modo
2789 1239 2973 1302 posset
3001 1271 3018 1298 ,
3047 1232 3092 1264 "
3119 1231 3227 1286 tria
3259 1231 3482 1300 insuper
3516 1237 3781 1284 transma-

2190 1327 2308 1382 riua
2356 1326 2499 1383 bella
2553 1324 2724 1382 fuisse
2770 1323 3064 1394 suscepta?
3106 1337 3278 1377 unum
3321 1323 3374 1376 in
3401 1319 3784 1377 Macedonia”

2191 1429 2379 1474 contra
2409 1416 2717 1488 Philippum
2749 1413 3188 1487 potentissimum
3214 1410 3557 1468 Macedonia:
3583 1425 3783 1482 regem,

2192 1513 2424 1567 alterum
2475 1513 2529 1568 in
2581 1510 2840 1581 Hispania
2888 1517 3082 1564 contra
3113 1506 3474 1563 Asdrubalem
3509 1505 3785 1561 Annibalis

2194 1603 2416 1658 fratrem
2441 1644 2456 1668 ,
2486 1603 2706 1658 tertium
2738 1602 2791 1656 in
2824 1599 3074 1657 Sardinia
3103 1607 3294 1654 contra
3330 1597 3538 1654 Sardos
3568 1606 3626 1654 et
3649 1597 3780 1654 alte-

2197 1711 2316 1749 rum
2342 1692 2703 1749 Asdrubalem
2729 1733 2744 1759 ,
2789 1688 3324 1761 Carthaginiensium
3359 1688 3558 1745 ducem
3585 1706 3600 1742 :
3631 1698 3779 1745 extra

499 1805 915 1869 oppresserunt.
941 1794 986 1827 ¹⁶
1006 1767 1380 1865 Nam-triginta
1403 1767 1641 1865 quinque
1665 1792 1834 1848 millia
1863 1790 2095 1846 militum
2126 1767 2174 1827 Β
2202 1787 2305 1842 hoc
2334 1795 2585 1857 quartum
2611 1785 2926 1849 Annibalis,
2959 1799 3067 1855 quo
3090 1783 3146 1838 in
3172 1782 3324 1839 Italia
3355 1782 3786 1853 premebantur:

502 1890 571 1946 de
592 1887 836 1946 exercitu
859 1887 978 1959 ejus
1003 1888 1045 1920 ιτ
1078 1886 1161 1943 vel
1192 1885 1342 1942 caede
1366 1886 1455 1942 vel
1483 1886 1734 1956 captione
1762 1888 2094 1939 minuerunt.

500 1980 806 2038 Celtiberos
841 1978 1074 2046 milites,
1120 1979 1164 2010 “‘
1210 1993 1371 2050 quam
1409 1978 1638 2048 primam
1677 1985 1957 2033 externam
1985 1991 2097 2030 ma-

503 2088 631 2128 num
655 2071 886 2128 Romani
913 2070 969 2125 in
999 2068 1194 2126 castris
1217 2068 1424 2126 habere
1452 2079 1762 2138 ceperunt,
1789 2068 1966 2138 pretio
1992 2067 2097 2124 sol-

503 2163 760 2228 licitatos,
785 2161 856 2218 ah
876 2160 1115 2217 hostium
1136 2160 1403 2216 societate
1422 2159 1476 2215 in
1496 2169 1674 2216 castra
1688 2173 1783 2216 sua
1801 2160 2094 2216 duxerunt.

506 2255 550 2300 ‘9.
578 2252 936 2324 Sempronius
976 2251 1256 2308 Gracchus
1298 2252 1660 2323 proconsule,
1710 2253 1755 2284 '°
1783 2253 1852 2309 ab
1882 2253 2098 2324 hoSpite

500 2360 603 2402 suo
643 2344 868 2400 Lucano
904 2342 1136 2414 quodam
1178 2343 1236 2398 in
1279 2343 1508 2398 insidias
1547 2342 1803 2400 inductus
1830 2386 1846 2410 ,
1885 2345 2096 2401 occisus

500 2447 605 2494 est.
629 2438 673 2469 ²¹
695 2435 993 2494 Centenius
1021 2435 1248 2504 Penula,
1270 2436 1543 2505 centurio,
1569 2434 1790 2492 decerni
1821 2437 1926 2492 sibi
1952 2439 2096 2494 ultro

503 2529 706 2586 bellum
731 2527 1020 2584 adversum
1043 2527 1367 2584 Annibalem
1391 2526 1547 2598 petiit
1576 2544 1590 2582 :
1623 2543 1653 2583 a
1681 2544 1790 2599 quo
1818 2545 1941 2586 cum
1972 2541 2096 2588 octo

505 2621 748 2678 millibus
771 2620 1002 2675 militum
1022 2660 1038 2686 ,
1068 2634 1211 2690 quos
1238 2619 1284 2651 ²²
1311 2619 1364 2673 in
1395 2620 1570 2680 aciem
1599 2619 1891 2690 eduxerat,
1923 2633 2096 2680 cursus

499 2726 605 2772 est.
637 2716 767 2772 Post
806 2716 950 2770 hunc
977 2712 1079 2770 Cn.
1118 2713 1377 2781 Fulvius,
1421 2723 1657 2786 prretor,
1720 2716 1788 2772 ab
1828 2718 2098 2775 Annibale

509 2809 707 2878 victus,
737 2809 940 2864 amisso
969 2807 1244 2873 exercitu,
1277 2807 1366 2862 vix
1402 2809 1596 2864 evasit.
1642 2809 1814 2866 Pudet
1845 2811 2100 2867 recorda-

507 2905 696 2961 tionis.
737 2901 879 2970 Quid
927 2901 1073 2959 enim
1111 2901 1288 2958 dicam
1335 2902 1738 2972 improbitatem
1787 2905 1978 2977 magis,
2030 2923 2098 2961 an

509 2997 787 3055 miseriam
821 2997 1240 3054 Romanorum?
1272 2995 1438 3054 immo
1470 2997 1652 3054 verius
1683 2996 1766 3054 vel
1799 2999 2099 3070 improbam

2197 1889 2254 1936 et
2286 1889 2466 1934 tamen
2497 1877 2658 1934 fortis
2691 1878 2746 1933 in
2778 1877 3101 1933 alterutrum
3132 1873 3446 1946 desperatio
3472 1875 3531 1930 in
3577 1875 3788 1931 meliora

2204 1974 2476 2046 profecit,
2536 1989 2658 2028 nam
2704 1974 2756 2028 in
2804 1972 2890 2027 his
2941 1969 3198 2027 omnibus
3221 1968 3574 2040 desperando
3601 1984 3790 2040 pugna-

2200 2079 2328 2124 runt
2355 2109 2369 2134 ,
2417 2067 2703 2138 pugnando
2725 2065 2995 2122 vicerunt.
3050 2065 3128 2119 Ex
3157 2078 3266 2134 quo
3292 2063 3591 2120 evidenter
3619 2073 3791 2120 osten-

2200 2163 2368 2227 ditur,
2419 2177 2524 2217 non
2569 2169 2814 2231 tempora
2865 2169 2992 2215 tunc
3037 2157 3204 2215 fuisse
3233 2156 3619 2230 tranquilliora
3649 2157 3786 2226 otiis,

2200 2257 2297 2314 sed
2327 2255 2581 2313 homines
2611 2253 2847 2312 miseriis
2878 2252 3152 2308 fortiores.

2770 2368 2999 2427 CAPUT
3045 2367 3214 2424 XVII.

2204 2466 2457 2522 Claudius
2490 2464 2770 2520 Marcellus
2795 2463 3088 2534 Syracusas
3114 2459 3541 2534 capit._Ann_ibal_
3559 2459 3629 2514 ad
3652 2458 3790 2514 Anie-

2276 2553 2392 2593 nem
2423 2537 2687 2591 Romanos
2716 2531 2890 2599 terret,
2916 2549 3008 2587 nec
3037 2531 3294 2586 obruendi
3319 2532 3472 2600 capia
3503 2531 3683 2585 datur.

2278 2629 2293 2659 ³
2327 2630 2483 2682 Anno
2515 2627 2582 2682 ab
2604 2625 2748 2682 Urbe
2769 2624 2988 2681 condita
3015 2638 3198 2686 DXLIII,
3223 2621 3482 2677 Claudius
3517 2621 3788 2677 Marcellus

2204 2720 2504 2792 Syracusas
2529 2761 2543 2785 ,
2585 2716 3058 2788 epulentissimam
3091 2714 3284 2771 urbem
3306 2713 3536 2782 Sicilim,
3566 2711 3788 2771 secunda

2205 2813 2610 2886 Oppugnatione
2657 2815 2678 2846 ²
2726 2813 2812 2866 vix
2861 2811 3039 2879 cepit,
3072 2825 3234 2881 quam
3261 2853 3275 2878 ,
3308 2825 3431 2863 cum
3449 2809 3566 2880 jam
3595 2807 3784 2878 pridem

2205 2906 2536 2975 obsedisset,
2567 2904 2912 2961 Archimedis
2939 2899 3274 2972 Syracusani
3296 2899 3464 2968 civis,
3492 2897 3785 2956 admirabili

2207 3002 2426 3073 ingenio
2455 3000 2670 3072 praediti
2697 3040 2711 3066 ,
2742 2996 3008 3055 machinis
3037 2995 3288 3068 repulsus
3315 3036 3329 3064 ,
3352 3010 3668 3067 expugnare
3690 3009 3787 3050 non

1791 3134 2240 3193 HAVERCAMPI
2277 3135 2512 3194 NOTAE.

509 3257 704 3325 factum
745 3250 995 3325 recolens.
1047 3248 1338 3325 Aliquanto
1370 3255 1494 3319 post
1521 3246 1646 3303 edd.
1691 3247 1942 3317 quaedam
1973 3267 2091 3322 pcr-
2122 3251 2170 3315 C
2205 3249 2762 3325 nomin_at_Appianus
2801 3247 3078 3325 et_Li_vi_us
3109 3245 3252 3325 libro
3273 3259 3451 3325 .xxv,
3490 3243 3787 3325 ubinhisto-

511 3319 667 3378 inissa
693 3363 708 3388 ,
737 3322 878 3376 male
907 3335 1004 3388 pro
1031 3319 1306 3387 promissa.

583 3394 672 3449 η.
704 3393 784 3446 Ad
809 3406 900 3446 sex
926 3389 1094 3443 millia
1123 3391 1350 3444 virorum
1380 3390 1507 3460 fuit.
1530 3388 1700 3456 Lugd.
1735 3389 1849 3444 Bal.
1884 3399 2008 3444 tert.
2043 3399 2100 3446 et

509 3467 650 3520 Coll.
684 3463 926 3520 Gronov.
956 3461 1186 3514 virorum
1217 3459 1422 3515 delent.
1472 3459 1572 3514 Ed.
1608 3463 1835 3527 August.
1856 3503 1870 3524 ,
1907 3472 2101 3529 scptcm

514 3536 680 3590 millia
723 3535 952 3588 virorum
984 3541 1252 3586 numerat.
1281 3531 1398 3585 Mox
1424 3533 1474 3584 iu
1510 3531 1620 3584 illis
1648 3530 1872 3585 liommi
1896 3543 2058 3587 status
2081 3573 2096 3597 ,

512 3618 672 3676 auget
704 3606 858 3676 Meus
879 3602 1043 3676 omnis
1069 3599 1506 3676 Romanismtus.

588 3671 675 3732 ἱὸ.
709 3674 894 3730 Gallos
928 3674 1139 3727 missus.
1169 3671 1263 3727 Sic
1291 3672 1480 3728 Latine
1513 3681 1631 3726 erat
1661 3673 1713 3725 in
1755 3690 1884 3728 mss.
1923 3684 2103 3730 tamen

517 3748 765 3818 impressi
796 3745 1140 3818 addiderant,
1174 3759 1436 3818 pugnare,
1471 3746 1656 3798 nescio
1682 3758 1797 3800 cur.
1835 3745 2007 3802 Laur.
2035 3775 2108 3786 —

517 3815 686 3874 Intiuo
730 3827 784 3872 et
815 3817 1002 3871 missus
1029 3825 1083 3870 et
1125 3831 1353 3886 pugnare
1395 3815 1445 3886 in
1477 3829 1606 3886 mss.
1653 3827 1850 3871 exstat.
1913 3818 2105 3871 Decem

515 3891 682 3955 enim,
701 3904 838 3958 quos
864 3901 964 3957 ego
983 3885 1251 3958 consului,
1277 3885 1515 3958 unanimi
1536 3901 1806 3958 consensu
1826 3886 2104 3955 exhibent,

515 3955 747 4033 pugnare
774 3955 992 4033 missus,
1024 3957 1077 4033 id
1110 3965 1216 4023 est,
1242 3955 1309 4010 ad
1341 3957 1702 4033 pugnandum.
1733 3958 1917 4033 Neque
1952 3959 2111 4014 video

517 4028 614 4087 cur
641 4031 996 4087 Griecismum
1023 4030 1166 4102 hunc
1207 4028 1537 4102 mutaverint
1557 4029 1796 4084 editores
1827 4031 1880 4085 iu
1896 4033 2076 4102 jussus
2095 4070 2110 4094 ,

518 4105 662 4171 quod
686 4101 826 4169 apud
856 4115 1047 4156 omnes
1077 4100 1340 4168 invenias,
1369 4109 1730 4170 praeterquam
1768 4103 1821 4156 in
1845 4100 1970 4157 edd.
2005 4102 2114 4171 pri-

519 4191 604 4229 ma
629 4183 684 4227 et
717 4177 1052 4241 Augustaiia.

592 4246 680 4298 iis.
716 4240 983 4297 Annibalis
1008 4240 1295 4298 exercitum
1328 4243 1509 4311 praelia
1545 4241 1699 4312 fudit.
1735 4243 1846 4297 lluc
1871 4242 2115 4311 praelium

519 4334 547 4368 a
584 4315 834 4369 Marcello
867 4314 934 4368 ad
977 4313 1172 4368 Nolam
1217 4315 1568 4368 commissum
1619 4313 1740 4368 luit.
1770 4313 1957 4368 Livius
1989 4313 2114 4368 libr.

521 4402 694 4453 xxttt,
731 4385 1049 4439 Plutarchus
1079 4388 1128 4435 in
1176 4383 1458 4438 Marcello.
1510 4383 1678 4438 Fann.

593 4459 682 4514 l5.
714 4455 1035 4510 Gravissimo
1063 4454 1198 4508 bello
1229 4465 1615 4526 oppresserunt.
1641 4455 1772 4510 Post
1792 4454 1924 4510 bello
1953 4455 2124 4511 inter-

521 4535 654 4584 serit
686 4527 936 4582 Perizon.
975 4524 1490 4594 superatum.‘Lugd.
1519 4526 1657 4579 Batt.
1684 4536 1796 4582 tres
1820 4542 1943 4580 eum
1977 4526 2118 4580 Coll.

522 4604 766 4656 Gronov.
796 4599 1024 4668 primam
1053 4594 1322 4664 syllabam
1358 4596 1411 4650 iu
1440 4608 1804 4668 oppresserunt
1833 4598 2043 4652 delent.

596 4673 683 4726 16.
717 4667 857 4741 Nan
888 4669 1101 4741 triginta
1132 4667 1358 4741 quinque
1385 4667 1572 4722 millia.
1631 4667 1786 4724 Hunc
1831 4684 2116 4741 numerum

525 4745 792 4811 expressit
818 4737 1358 4811 Eutropius._Livius
1379 4747 1588 4811 tantum
1615 4753 1864 4811 magnam
1887 4739 1995 4793 vim
2025 4742 2121 4811 ho-

529 4807 734 4869 minum
767 4807 1014 4868 occisam‘
1032 4809 1243 4865 scribit.
1289 4809 1368 4864 De
1395 4807 1686 4867 Celtiberis
1715 4810 1901 4865 Livius
1928 4811 1981 4864 in
2013 4810 2120 4866 line

528 4886 647 4943 libri
677 4902 820 4942 xxiv.
851 4883 1018 4939 FABB.

600 4960 687 5016 l7.
728 4955 824 5013 Vel
874 4957 1014 5011 crede
1056 4955 1136 5010 vel
1181 4955 1420 5024 captione
1467 4950 1953 5024 minuerunt.Cod.
2006 4952 2122 5008 sive

530 5033 663 5089 edit.
696 5032 929 5100 August.
955 5027 1075 5083 hzec
1099 5037 1186 5082 est
1207 5023 1390 5096 lectio,
1421 5028 1498 5081 vel
1522 5024 1714 5080 cccdem
1737 5023 1813 5078 vel
1833 5024 2124 5094 captionem

530 5106 854 5160 invenerunt.

606 5177 693 5230 18.
741 5177 921 5246 Quam
939 5173 1183 5246 primam.
1215 5169 1390 5246 L_ugd.
1438 5169 1581 5224 Batt.
1617 5177 1750 5232 tres,
1781 5182 1935 5246 quam
1957 5166 2124 5235 pluri-

534 5263 692 5310 mam,
719 5239 780 5301 ιιῐ
806 5257 856 5300 et
885 5239 1024 5301 Ultr.
1053 5245 1211 5298 male.
1245 5239 1385 5298 Edd.
1411 5249 1569 5307 vett.,
1613 5254 1731 5293 cum
1757 5239 2002 5308 primum,
2031 5251 2126 5293 ex-

538 5329 690 5385 cepta
721 5317 888 5371 nobili
920 5315 1011 5368 illa
1037 5317 1369 5385 Augustam.

611 5379 697 5444 ιε).
733 5385 1070 5455 Sempronius
1105 5383 1370 5440 Gracchus
1415 5379 1740 5453 proconsule.
1781 5380 1964 5455 Semel
2009 5393 2128 5455 mo-

542 5462 728 5517 nuisse
759 5451 892 5512 satis
926 5456 1029 5517 sit,
1062 5455 1306 5524 Latinos,
1341 5465 1396 5512 et
1420 5451 1683 5524 Orosium
1716 5453 1915 5520 passim
1952 5451 2130 5505 norni-

542 5531 703 5588 uaudi
748 5542 902 5596 casu,
948 5523 1488 5598 procoiuuledixisse
1521 5543 1535 5578 ε
1572 5523 1734 5598 idque
1774 5537 1909 5578 mss.
1941 5536 2134 5598 o_mnes_

543 5604 678 5662 tueri
712 5621 726 5658 :
761 5612 817 5657 et
848 5591 918 5654 ita
949 5591 1368 5664 imprimendum
1397 5611 1616 5652 censeo.
1647 5591 1824 5650 Laur.
1865 5624 1934 5635 -
1956 5591 2140 5648 Semel

548 5675 824 5731 monuisse
867 5667 1103 5727 sulliciat
1134 5706 1150 5731 ,
1197 5667 1511 5724 conﬁrmari
1563 5667 1614 5722 id
1663 5665 1867 5722 nostris
1922 5677 2138 5737 quoque

547 5762 678 5800 "13$.

549 5843 566 5881 η,
618 5817 709 5870 2t).
744 5813 818 5868 Ab
841 5809 1042 5879 hospite
1062 5824 1155 5862 suo
1181 5805 1410 5864 Lucano.
1439 5809 1683 5865 Flavium
1708 5806 1979 5865 Lucanum
1999 5806 2142 5864 hunc

2201 3327 2336 3379 riam
2368 3323 2436 3375 de
2456 3313 2743 3382 Centenio,
2776 3331 2831 3376 et
2861 3319 3051 3374 Fulvio
3079 3317 3244 3373 etiam
3273 3315 3544 3372 invenies.
3584 3313 3738 3370 FABII.

2275 3397 2370 3451 21:
2399 3391 2673 3446 Centenius
2708 3391 2930 3446 Penula.
2977 3389 3324 3444 Centurionis
3363 3386 3527 3452 hujus
3563 3383 3788 3440 veterani

2209 3481 2396 3523 casum
2430 3475 2487 3518 et
2515 3463 2726 3520 cladem
2759 3461 3020 3517 describit
3044 3459 3227 3514 Livius
3256 3459 3348 3514 lib.
3380 3473 3487 3511 xxv
3509 3499 3524 3522 ,
3573 3472 3688 3526 cap.
3713 3457 3788 3526 ιε).

2276 3539 2369 3592 22.
2406 3535 2469 3588 In
2495 3536 2659 3590 aciem
2687 3533 2954 3588 eduxerat.
2985 3532 3075 3587 Sic
3097 3531 3352 3584 meliores
3373 3527 3561 3596 scripti
3585 3525 3790 3583 el'editi.

2210 3610 2338 3666 Alii.
2372 3611 2426 3663 in
2455 3607 2616 3661 aciem
2647 3607 2901 3670 duxerat;
2927 3603 3048 3668 alii,
3082 3603 3134 3654 in
3160 3602 3272 3654 acic
3293 3603 3538 3653 duxerat.

2279 3682 2370 3736 ‘23.
2405 3677 2532 3743 Quis
2560 3677 2755 3733 credat.
2790 3676 2889 3730 Ed.
2923 3675 3154 3742 August.
3184 3713 3198 3736 ,
3225 3671 3354 3737 Quis
3379 3671 3519 3724 enim
3543 3669 3731 3723 credat.

2280 3751 2373 3806 24.
2410 3747 2561 3803 Miles
2591 3750 2643 3801 in
2668 3748 2875 3801 castris.
2916 3743 3088 3815 Lugd.
3144 3744 3285 3815 Ball.
3321 3758 3403 3805 pr.
3436 3753 3492 3794 et
3532 3751 3790 3815 tertaeum

2210 3822 2353 3877 Coll.
2401 3821 2678 3886 Grouov.,
2728 3816 2881 3873 Miles
2921 3818 2977 3872 in
3003 3811 3204 3869 'castris
3249 3828 3352 3868 non
3392 3823 3552 3879 esset,
3585 3811 3677 3863 nisi
3716 3816 3796 3861 aut

2253 3909 2342 3947 uer
2363 3937 2378 3960 ,
2410 3901 2518 3946 etc.

2213 3912 2378 4021 pagg:
2407 3912 2635 4016 gitimam
2657 3963 2873 4017 idoneus
2903 3969 3032 4014 erat.
3057 3957 3266 4025 Religio
3291 3955 3429 4010 mihi
3461 3952 3563 4008 fuit
3595 3970 3622 4008 a
3649 3950 3793 4025 codd.

2218 4051 2351 4092 mss.
2383 4034 2686 4097 discedere,
2718 4036 2806 4104 qui
2832 4047 3021 4087 omnes
3051 4032 3130 4085 sic
3145 4023 3430 4093 exhibent,
3461 4041 3592 4088 non,
3622 4023 3794 4077 utedi-

2219 4109 2256 4162 ti
2285 4152 2299 4175 ,
2336 4121 2578 4175 numerus
2607 4106 2827 4158 idoneus
2855 4113 2988 4157 erat.

2287 4166 2383 4232 ‘26.
2431 4174 2813 4242 Desperaretnr.
2867 4175 3042 4238 Meus,
3075 4170 3451 4242 desperabant,
3480 4166 3715 4242 sed_tres
3739 4179 3796 4242 ex

2219 4247 2392 4316 Lugd.
2422 4238 2562 4302 Batt.
2595 4261 2716 4301 cum
2745 4245 2938 4301 Collat.
2970 4238 3210 4299 Gronov.
3241 4284 3254 4308 ,
3302 4239 3430 4296 cod.
3479 4238 3723 4294 Perizon.
3749 4241 3798 4288 et

2221 4321 2355 4374 edit.
2382 4320 2516 4382 Aug.
2550 4319 2762 4372 tnaluut
2782 4316 3169 4383 (lesperabntur.

2293 4391 2386 4444 27.
2428 4375 2507 4443 Eb
2531 4399 2775 4460 tempore.
2799 4375 2970 4457 Lugd.
2996 4387 3137 4442 Batt.
3161 4400 3256 4460 pr.
3279 4391 3335 4438 et
3365 4391 3498 4437 tert.
3523 4394 3644 4436 cum
3676 4375 3796 4434 Coll.

2225 4461 2468 4518 Gronov.
2504 4456 2754 4530 repetunt
2776 4456 3023 4530 hic,_quis
3050 4456 3251 4530 credat.

2296 4533 2388 4588 28.
2436 4523 2585 4586 Ferri
2619 4531 2764 4585 nullo
2794 4523 2948 4600 modo
2971 4525 3321 4600 ροιςειιιηΜςςχ.Δ
3339 4533 3395 4580 et
3434 4523 3799 4600 meliorumex

2145 4640 2199 4702 D
2229 4603 2388 4661 editis
2418 4619 2480 4657 ea
2512 4602 2672 4658 lectio
2693 4614 2797 4659 est.
2824 4593 3110 4670 Alii,'{erri
3133 4598 3218 4652 vix
3245 4593 3356 4650 ullo
3383 4595 3541 4649 modo
3573 4598 3752 4671 posset.

2293 4677 2362 4702 cm
2429 4673 2551 4702 φ-;,.
2578 4674 2786 4702 :........-..
2837 4681 2924 4702 nm
3003 4669 3113 4702 ια’,ῌ
3182 4665 3430 4702 ηιιατιδσιηι
3463 4681 3528 4702 ον
3560 4671 3752 4702 νοιιιςιιη

2293 4677 2383 4731 ‘29.
2429 4673 2552 4728 Tria
2577 4674 2806 4742 insuper,
2836 4660 2950 4727 etc.
2984 4660 3138 4724 'Edd.
3176 4665 3432 4742 rqugedam
3463 4681 3532 4721 ex
3560 4660 3802 4742 vetustio-

2223 4747 2401 4812 ribus,
2431 4745 2532 4799 tria
2563 4733 2774 4816 insuper
2795 4733 3140 4798 transmarina
3167 4733 3303 4816 bella
3321 4737 3439 4816 quis
3466 4736 3643 4816 credat
3659 4733 3803 4816 fuisse

2220 4806 2510 4890 suscepta?
2541 4806 2712 4890 lived.
2739 4821 3050 4885 Augustana
3079 4825 3209 4866 vero
3235 4810 3455 4879 legitur,
3481 4808 3584 4861 tria
3611 4806 3804 4874 insuper

2225 4885 2573 4943 transmarina
2595 4885 2728 4958 bella
2758 4893 2993 4956 suscepta
3012 4892 3159 4958 sunt.
3543 4947 3597 4958 Μ

2297 4962 2384 5015 '50.
2429 4958 2622 5014 Contra
2653 4947 2979 5028 Philippum.
3010 4953 3090 5028 De
3117 4967 3176 5008 re
3201 4959 3357 5022 gesta
3382 4963 3506 5004 cum
3543 4947 3795 5028 Philippo,

2225 5029 2562 5088 Macedonia:
2604 5044 2752 5098 rege,
2795 5016 2978 5082 Livius
3009 5025 3153 5098 libro
3193 5016 3333 5098 igitr
3350 5030 3406 5077 et
3436 5035 3586 5087 xxiv,
3624 5016 3804 5098 Eutro-

2227 5105 2346 5170 pius
2390 5101 2527 5156 libro
2575 5088 2758 5155 teriio'.
2812 5101 2890 5170 De
2932 5111 2993 5152 re
3039 5097 3093 5150 in
3119 5093 3586 5170 Sardiniaeontra
3622 5088 3804 5170 PQILQS

2228 5156 2540 5242 Sat-uosque
2569 5185 2601 5224 a
2622 5171 2686 5226 Τ.
2720 5169 2919 5227 Ilanlio
2949 5177 3122 5238 gesta,
3146 5165 3334 5221 Livius
3359 5164 3452 5219 lib.
3484 5177 3617 5217 χχιιι
3644 5169 3697 5216 et
3731 5156 3808 5211 Si-

2229 5245 2337 5296 litts
2371 5259 2464 5296 xu.
2493 5242 2663 5296 FABR.
3772 5295 3782 5296 ,

2229 5245 2337 5300 lius
2371 5259 2464 5298 xu.
2493 5245 2663 5298 FABR.

2301 5295 2443 5371 (sit?
2462 5295 2722 5369 XCV’llr—
2745 5314 2795 5368 l.
2825 5312 2972 5366 Anno
2999 5310 3063 5363 ab
3097 5309 3236 5365 Urbe
3265 5305 3495 5380 condita.
3522 5317 3711 5380 prun.

2234 5386 2518 5442 Marcellus
2541 5386 2729 5442 consul
2756 5401 2814 5440 ιιι
2839 5395 2983 5437 anno
3010 5379 3174 5437 Urbis
3194 5392 3400 5434 nxxxtx
3428 5375 3666 5430 Siciliam
3688 5375 3803 5425 mis-

2235 5473 2328 5512 sus
2355 5459 2652 5528 Syracusas
2686 5454 2935 5528 obsedit.
2985 5452 3253 5528 tertioque
3301 5461 3447 5503 anno
3491 5451 3623 5528 post;
3658 5454 3807 5528 exitu:

2240 5514 2444 5600 gnavii.
2497 5527 2754 5600 Polybius
2795 5527 3074 5600 libro_vtu,
3109 5514 3298 5600 Li-vt_t_ts
3330 5532 3477 5584 xxiv,
3497 5514 3806 5572 Plutarchus

2244 5590 2298 5655 in
2325 5590 2823 5663 lllarcello,'Cicero
2851 5596 2906 5650 in
2941 5593 3192 5649 Verrem.
3220 5590 3386 5663 Fasti.

2312 5648 3005 5739 ξῗνῐῖὶὶρῖιίῐὶἑοιᾳβὶιὲ
3027 5648 3190 5739 mss.,
3221 5661 3344 5719 eod.
3370 5663 3600 5732 August.
3623 5663 3676 5713 et
3695 5648 3801 5711 edd.

2243 5735 2841 5812 Fabriciante.'\lulgati
2869 5737 2980 5806 alii,
3008 5735 3055 5791 vi
3078 5736 3228 5804 cepit.
