3938 6342
218 266 325 326 897

1221 256 1700 319 llISTOlllARUM
1741 257 1952 318 LIBER
1991 259 2081 318 IV.
2122 260 2280 320 CAP.
2320 258 2482 319 XVII.

3412 262 3520 323 898

220 381 415 455 potuit.
441 380 464 413 ³
497 379 712 436 Decimo
757 377 920 452 360
961 390 1107 434 anno
1155 387 1442 463 postquam
1481 377 1714 435 Annibal
1746 378 1800 434 in
1829 381 1882 442 Α
1906 385 2014 434 tem
2048 392 2157 434 non
2187 377 2340 445 dari,
2367 376 2529 434 modo
2556 385 2912 447 potestatem.
2957 375 3346 450 Respondeant
3373 394 3518 436 nunc

220 476 430 532 Italiam
463 482 710 540 venerat,
753 473 775 504 ⁸
802 472 903 528 Cn.
948 472 1142 528 Fulvio
1165 513 1181 540 ,
1212 472 1275 527 P.
1309 471 1546 544 Sulpitio
1567 473 1808 529 consuli-

220 568 344 635 bus,
376 567 611 622 Annibal
634 565 702 623 de
721 563 1017 636 Campania
1049 565 1534 622 movitexercitum
1563 585 1575 621 :
1608 577 1660 622 et
1688 582 1811 622 cum

220 661 424 734 ingenti
472 660 624 716 clade
673 660 915 717 omnium
939 660 960 692 ⁸
992 675 1088 731 per
1115 659 1417 716 Sidicinum
1447 661 1807 718 Suessanum-

217 769 320 825 que
356 768 545 823 agrum
590 752 676 808 via
725 751 917 807 Latina
950 750 1249 823 prolectus,
1297 751 1364 806 ad
1416 753 1679 809 Anienem
1708 752 1808 807 flu-

219 847 358 902 vium
383 846 405 876 ⁰
431 845 605 901 tribus
628 845 870 901 millibus
899 845 967 900 ab
997 844 1140 902 Urbe
1170 843 1420 902 consedit
1445 886 1462 913 ,
1506 846 1811 902 incredibili

224 939 385 994 tntius
414 937 660 994 Civitatis
679 946 849 1005 metu,
880 952 1005 993 cum
1026 946 1217 994 senatu
1240 939 1550 1009 populoque
1578 938 1811 995 diversis

220 1029 360 1084 curis
390 1029 604 1100 trepido
628 1070 644 1095 ,
675 1038 942 1086 matrona:
963 1046 1180 1102 quoque
1209 1040 1454 1088 amentes
1483 1047 1683 1102 pavore
1712 1048 1810 1103 per

219 1121 618 1191 propugnacula
665 1131 992 1189 currerent,
1036 1131 1092 1179 et
1137 1124 1490 1180 convehere’
1518 1124 1571 1179 in
1619 1139 1812 1180 muros

219 1228 340 1269 saxa
366 1257 382 1281 ,
430 1213 729 1284 primmquc
762 1229 860 1284 pro
889 1214 1058 1269 muris
1082 1231 1323 1285 pugnare
1347 1217 1636 1286 gestirent.
1689 1217 1808 1286 lpsc

223 1314 397 1361 autem
445 1320 567 1360 cum
617 1305 884 1377 expeditis
929 1305 1204 1376 equitibus
1238 1308 1260 1339 ⁸
1289 1322 1460 1378 usque
1489 1307 1557 1362 ad
1595 1317 1805 1378 portam

217 1395 477 1454 Collinam
501 1397 735 1454 infestus
779 1399 1050 1466 accessit,
1081 1398 1278 1454 deinde
1309 1415 1502 1456 omnes
1531 1401 1718 1470 copias
1751 1401 1804 1455 in

229 1493 394 1549 aciem
443 1491 668 1548 direxit.
700 1495 721 1526 ⁹
749 1490 856 1548 Sed
902 1500 958 1548 et
1002 1492 1275 1559 consules,
1314 1490 1650 1562 FulviuSque
1681 1507 1809 1563 pro-

227 1585 441 1640 consule
482 1599 592 1639 non
639 1583 1014 1640 detrectavere
1056 1600 1311 1655 pugnam.
1353 1584 1420 1639 At
1451 1586 1542 1639 ubi
1572 1585 1616 1616 ¹⁰
1642 1600 1808 1656 expo-

219 1677 332 1732 sitae
386 1675 657 1746 utrimque
729 1677 875 1731 acies
923 1677 1326 1743 constiterunt,
1404 1677 1456 1730 in
1508 1687 1805 1747 conspectu

1914 469 2048 526 mihi
2075 471 2472 528 obtrectatores
2493 472 2605 527 veri
2648 472 2741 528 Dei
2781 471 2887 528 hoc
2920 471 3074 540 loco,
3111 475 3156 505 "
3182 471 3441 530 Annibali
3484 489 3515 528 a

1913 564 2245 631 capessenda
2276 561 2693 633 subruendaque
2721 561 2894 617 Roma
2920 572 3101 618 utrum
3132 562 3385 618 Romana
3417 563 3514 618 ob-

1912 655 2050 708 stitit
2078 654 2361 722 fortitudo,
2384 669 2452 708 an
2481 654 2661 709 divina
2683 656 2987 721 miseratio,
3010 663 3105 709 aut
3129 655 3356 710 forsitan
3380 670 3512 710 con-

1912 746 2114 802 servati
2146 746 2234 802 isti
2262 746 2624 817 dedignantur
2651 746 2806 802 fateri
2829 789 2844 814 ,
2890 747 3034 818 quod
3074 747 3308 802 Annibal
3341 755 3396 803 et
3427 749 3509 802 vi-

1917 849 2040 894 ctor
2059 840 2308 895 extimuit
2332 881 2349 906 ,
2376 849 2429 894 et
2457 839 2656 896 cedens
2679 839 2968 910 probavit?
3001 839 3071 895 At
3099 841 3142 896 si
3175 840 3333 894 istam
3366 840 3509 895 divi-

1911 947 2036 987 nam
2078 933 2302 989 tutelam
2332 934 2374 964 ¹³
2402 949 2503 1004 per
2529 934 2768 1004 pluviam
2808 933 2876 988 de
2904 933 3046 991 caelo
3068 935 3284 990 venisse
3331 935 3507 988 mani-

1911 1024 2108 1080 festum
2134 1037 2216 1082 est
2240 1069 2256 1094 ,
2285 1025 2458 1096 ipsam
2496 1036 2676 1081 autem
2703 1027 2938 1096 pluviam
2979 1029 3298 1097 Opportunis
3325 1038 3380 1083 et
3409 1044 3505 1083 ne—

1910 1118 2165 1173 cessariis
2191 1118 2529 1188 temporibus
2560 1133 2672 1171 non
2696 1118 2797 1172 nisi
2829 1133 2924 1188 per
2948 1117 3226 1172 Christum
3255 1159 3271 1182 ,
3305 1120 3394 1188 qui
3424 1128 3507 1173 est

1909 1223 2076 1264 verus
2106 1209 2250 1265 Deus
2270 1253 2284 1275 ,
2316 1209 2614 1264 ministrari
2641 1250 2655 1272 ,
2685 1209 2850 1264 etiam
2881 1209 2924 1240 ίδ
2945 1209 3015 1264 ab
3043 1208 3354 1277 huiusmodi
3377 1211 3512 1265 satis

1909 1311 2065 1357 certo
2111 1303 2279 1366 sciri,
2329 1317 2429 1358 nec
2485 1303 2668 1374 negari
2717 1317 2876 1372 posse
2919 1303 3212 1372 existimo,
3269 1303 3510 1358 maxime

1910 1410 2094 1460 nunc,
2124 1395 2340 1466 quando
2381 1395 2448 1450 ad
2493 1395 2881 1450 documentum
2916 1396 3175 1464 potentia:
3217 1394 3338 1466 ejus
3384 1410 3506 1452 cum

1908 1489 2158 1544 siccitate
2184 1489 2435 1545 turbante
2458 1532 2472 1554 ,
2508 1489 2746 1556 pluviam
2789 1503 3018 1559 poscere
3044 1488 3262 1545 assidue
3285 1491 3503 1544 contin-

1907 1580 2010 1651 git,
2033 1589 2088 1636 et
2113 1581 2341 1636 alternis
2365 1581 2572 1636 vicibus
2599 1597 2741 1637 nunc
2767 1582 3018 1652 gentiles,
3044 1597 3187 1636 nunc
3208 1582 3508 1638 Christiani

1909 1684 2103 1744 rogant
2135 1692 2150 1728 :
2175 1689 2274 1730 nec
2296 1689 2549 1745 umquam
2571 1675 2735 1728 etiam
2761 1674 2894 1744 ipsis
2923 1675 3154 1730 testibus
3175 1673 3375 1730 factum
3398 1685 3508 1743 est,

221 1766 418 1832 Romae,
446 1768 732 1839 praemium
761 1767 800 1798 ¹¹
835 1767 1057 1822 victoris
1084 1767 1280 1822 futura:
1303 1807 1320 1834 ,
1345 1768 1504 1840 261
1541 1777 1722 1824 tantus
1751 1784 1810 1825 se
1839 1774 1886 1834 Β
1916 1768 2161 1839 utoptati
2197 1767 2396 1822 imbres
2424 1768 2814 1838 superveniant
2837 1767 2937 1822 nisi
2969 1767 3022 1821 in
3053 1767 3140 1822 die
3166 1807 3182 1833 ,
3215 1768 3258 1798 ¹³
3287 1784 3395 1838 quo
3418 1784 3507 1823 ro-

219 1860 385 1915 subito
414 1861 591 1917 imber
624 1875 656 1916 e
686 1859 918 1916 nubibus
947 1860 1212 1931 grandine
1253 1861 1454 1916 mixtus
1483 1861 1669 1918 elfudit
1693 1904 1710 1930 ,
1747 1873 1809 1918 ttt

220 1954 424 2009 turbata
453 1953 703 2025 agmina,
733 1953 824 2008 vix
858 1953 1026 2008 armis
1049 1953 1305 2022 retentis,
1339 1953 1392 2008 in
1424 1969 1520 2009 sua
1551 1969 1609 2011 se
1630 1963 1807 2011 castra

223 2045 549 2116 colligerent.
589 2043 796 2100 Deinde
834 2059 956 2099 cum
999 2045 1291 2101 serenitate
1337 2044 1547 2100 reddita
1579 2047 1631 2101 in
1660 2061 1808 2102 cam-

221 2153 338 2208 pum
361 2139 534 2210 copia:
560 2148 726 2210 atque
755 2137 809 2193 in
841 2138 1011 2194 aciem
1043 2137 1337 2206 redissent,
1361 2155 1573 2195 rursum
1601 2141 1809 2196 violen-

222 2231 319 2286 tior
340 2231 452 2288 lusa
470 2239 788 2302 tempestas,
802 2229 1009 2300 majore
1029 2239 1176 2286 metu
1199 2230 1508 2286 mortalium
1523 2231 1807 2288 audaciam

219 2323 448 2378 coercuit
476 2365 490 2389 ,
538 2323 870 2393 territosque
900 2324 1175 2380 exercitus
1206 2323 1460 2394 refugere
1486 2325 1541 2380 in
1573 2327 1806 2381 tentoria

219 2415 402 2486 coegit.
459 2415 618 2471 Tunc
665 2427 971 2470 conversus
1033 2416 1085 2470 in
1157 2415 1476 2488 religionem
1529 2417 1808 2486 Annibal,

218 2504 407 2564 dixisse
430 2506 636 2575 fertur,
664 2504 943 2577 potiundae
973 2505 1077 2563 sibi
1122 2506 1307 2564 Roma:
1348 2507 1514 2565 modo
1546 2510 1802 2565 volunta-

1909 1861 2026 1932 gari
2071 1861 2348 1916 Christum
2397 1870 2454 1917 et
2495 1860 2818 1916 CltriStianis
2870 1877 3064 1932 rogare
3112 1862 3445 1932 permittitur
3491 1881 3506 1919 :

1910 1953 2103 2025 procul
2161 1952 2327 2008 dubio
2379 1963 2634 2018 constat,
2693 1953 2883 2008 urbem
2938 1954 3166 2009 Romam
3211 1969 3309 2025 per
3364 1955 3506 2012 hunc

1909 2045 2160 2103 eumdem
2189 2062 2381 2102 verum
2407 2045 2576 2102 Deum
2595 2089 2610 2112 ,
2641 2047 2732 2116 qui
2759 2056 2845 2101 est
2865 2044 3111 2102 Christus
3134 2049 3295 2105 Jesus
3316 2091 3331 2115 ,
3358 2051 3507 2104 ordi-

1912 2150 2128 2196 nantem
2151 2140 2450 2196 secundum
2479 2140 2738 2210 placitum
2761 2139 3052 2196 inell'ahilis
3073 2142 3261 2210 judicii
3291 2145 3372 2198 sui
3400 2184 3414 2208 ,
3451 2153 3506 2198 ct

1913 2241 2044 2288 tunc
2073 2233 2139 2287 ad
2165 2233 2357 2288 futura:
2381 2232 2504 2287 fidei
2527 2232 2906 2288 credulitatem
2930 2243 3201 2288 servatam
3236 2234 3422 2298 fuisse,
3453 2244 3510 2289 et

1912 2342 2057 2381 nunc
2081 2327 2127 2358 ¹⁶
2154 2342 2251 2398 pro
2280 2335 2430 2397 parte
2452 2326 2538 2382 sui
2569 2325 2852 2382 incredula
2875 2326 3214 2396 castigatam.
3245 2331 3315 2384 At
3341 2327 3504 2399 262

1911 2434 2043 2476 vero
2074 2420 2126 2474 in
2157 2418 2416 2491 Hispania
2458 2419 2620 2475 ambo
2649 2418 2935 2490 Scipiones
2966 2435 2996 2473 a
3026 2419 3068 2450 ¹⁷
3103 2420 3269 2475 fratre
3300 2420 3507 2476 Asdru-

1909 2509 2030 2566 bale
2056 2509 2327 2567 interfecti
2361 2519 2505 2566 sunt.
2541 2510 2598 2566 lu
2633 2510 2930 2583 Campania
2962 2510 3144 2582 Capua
3172 2520 3328 2583 capta
3359 2521 3438 2568 est
3471 2528 3501 2568 a

1496 2617 1956 2674 llAVERCAMPI
1993 2617 2228 2674 NOTE.

280 2710 332 2766 5.
375 2707 592 2784 Decimo
610 2727 750 2767 anno
777 2721 909 2784 post.
946 2711 1239 2784 EutrOpius
1263 2724 1490 2784 quoque
1532 2710 1804 2766 decimum

219 2781 365 2906 gujus
412 2781 548 2837 belli
588 2781 792 2839 annum
843 2781 1140 2852 numerat,
1183 2781 1421 2854 quialiis
1442 2790 1526 2836 est
1553 2793 1801 2838 octavus.

261 2868 374 2906 un.

261 2868 471 2980 ’σιμ
495 2922 717 2989 Fulvio,
744 2924 812 2982 P.
849 2925 1102 2994 Sulpitio.
1127 2924 1263 2981 Male
1286 2925 1464 2982 Publii
1491 2938 1804 2995 praauomen

221 2992 269 3048 in
299 2995 460 3066 Fabr.
482 3005 543 3053 et
571 2995 741 3052 Scotti
769 2997 898 3052 edd.
929 2992 1224 3063 omittitur,
1247 2997 1373 3052 licet
1396 2998 1450 3052 in
1477 2992 1805 3066 quibusdam

221 3078 344 3138 mss.
374 3065 744 3123 desideretur.
771 3067 1032 3138 Copulam
1057 3078 1136 3130 et,
1167 3069 1422 3138 quoniam
1454 3065 1807 3138 ntelioresji-

1909 2711 2026 2766 curi
2079 2711 2148 2766 de
2188 2709 2418 2766 historia
2471 2718 2579 2767 tam
2628 2713 2795 2768 multa
2843 2722 3032 2770 contra
3057 2713 3229 2772 libros
3257 2725 3501 2773 vetustns

1908 2792 2290 2852 corruperunt.
2322 2783 2590 2838 Consules
2616 2793 2774 2839 erant
2814 2784 2914 2840 Cn.
2951 2785 3177 2840 Fulvius
3204 2787 3498 2844 Ceutumao

1911 2852 1997 2926 lus
2023 2863 2076 2907 et
2125 2853 2206 2926 P.
2234 2852 2498 2924 Sulpitius
2550 2853 2747 2926 Galba.
2793 2856 2864 2910 At
2893 2856 2958 2924 Q.
2993 2855 3218 2914 Fulvius
3246 2858 3496 2926 Flaccus,

1908 2923 2000 2997 qui
2031 2925 2311 2994 superiore
2340 2923 2490 2997 anno
2511 2927 2704 2997 consul
2721 2923 2931 2997 fuerat,
2958 2935 3014 2980 et
3035 2927 3145 2997 jam
3173 2923 3503 2997 proconsule

1908 2993 2156 3066 Capuam
2199 3009 2321 3066 cum
2355 2995 2532 3065 Appio
2579 2995 2903 3065 obsidebat,
2935 2993 3060 3052 inde
3085 2993 3290 3056 accitus
3318 3043 3332 3066 ,
3365 3003 3506 3058 inter

1909 3063 2250 3134 Esquilinam
2281 3063 2658 3133 Collinamque
2687 3063 2901 3136 portam
2925 3079 3105 3124 castra
3129 3063 3380 3126 habebat.
3412 3073 3507 3128 Li-

221 3133 295 3218 bri
322 3153 426 3218 non
464 3147 813 3209 agnoscunt,
851 3133 1139 3194 omisimus
1163 3133 1355 3206 {sicut
1381 3149 1432 3195 et
1465 3137 1672 3194 delevit
1699 3136 1807 3192 Fa-
1832 3156 1878 3218 ρ
1912 3133 2033 3218 vius
2075 3137 2532 3218 et'aliimomnes.
2577 3133 2712 3218 Livii
2763 3139 2928 3195 verba
2955 3139 3048 3196 lib.
3082 3156 3231 3218 nrt,
3259 3157 3378 3211 cap.
3409 3147 3499 3212 lt,

219 3205 434 3264 bricius.

283 3279 333 3334 5.
377 3279 480 3334 Per
508 3278 812 3336 Sidicinum
841 3279 1282 3353 Suessanamque.
1334 3282 1668 3353 Suessanum
1696 3294 1805 3336 non

222 3347 618 3421 Sinuessanum,
650 3363 734 3406 est
761 3354 812 3406 in
842 3347 1205 3421 manuscript'.
1237 3354 1414 3407 Orosii
1449 3352 1806 3421 Eutropiique

220 3418 399 3494 libris.
419 3421 611 3477 Livius
637 3421 779 3477 libro
803 3437 952 3486 XXVI,
982 3439 1074 3494 per
1097 3418 1406 3479 Suessulam
1431 3418 1807 3494 Atifanumque

218 3500 262 3543 et
286 3488 588 3564 Casinatem
625 3510 810 3563 agrum
837 3495 920 3547 ria
972 3488 1161 3547 Latina
1191 3495 1370 3559 ducit,
1404 3495 1496 3548 ubi
1525 3488 1806 3564 Sigonius,

219 3573 310 3636 per
325 3561 729 3630 Suessulanuin,
761 3564 908 3633 legit.
942 3564 1110 3620 Silius
1140 3565 1270 3620 libr.
1296 3581 1371 3620 stt
1393 3564 1496 3620 hoc
1517 3561 1651 3636 agi-0
1673 3580 1812 3636 pra:-

221 3635 397 3703 terito,
430 3636 500 3692 de
531 3637 743 3692 caeteris
773 3636 846 3690 ita
869 3636 1018 3692 canit
1044 3654 1056 3687 :

360 3754 484 3820 Iam
508 3753 725 3820 Sidicina
741 3755 923 3820 legunt
944 3755 1221 3818 pernicibus
1244 3768 1362 3806 arva
1386 3755 1636 3820 maniplis,

359 3817 708 3882 'l‘reiciamque
731 3817 900 3882 Calen,
926 3817 1116 3882 vestras
1139 3832 1166 3866 a
1186 3821 1386 3882 nomine
1406 3817 1527 3882 nati,

362 3880 590 3942 Orithyia
605 3879 799 3939 domos;
825 3880 940 3929 hinc
963 3879 1185 3942 Alifanus
1205 3880 1378 3930 laccho

360 3940 747 3991 Haud—inantus
765 3953 904 4004 ager,
929 3941 1253 4053 ui‘mphisque
1277 3942 1497 3994 habitata
1526 3940 1690 3993 Casini

367 4004 494 4053 Rura
524 4011 826 4053 evastantur.
853 4011 944 4053 etc.
1009 4018 1118 4053 Αιιιι.

367 4004 494 4054 Rura
524 4011 826 4065 evastantur,
853 4011 944 4055 etc.
970 4004 1118 4054 Fasti.

285 4128 334 4182 6.
379 4127 567 4183 Tribus
606 4127 838 4182 millibus
863 4127 928 4181 ab
958 4126 1115 4184 Urbe.
1159 4127 1250 4184 Sic
1275 4127 1462 4183 Livius
1488 4143 1501 4179 :
1535 4124 1679 4180 Inter
1709 4125 1816 4180 hinc

228 4197 442 4269 Annibal
490 4199 569 4251 ad-
609 4198 1113 4269 AnienemM/luuium
1149 4199 1254 4253 tria
1283 4198 1449 4252 millia
1479 4197 1816 4269 passuumgab

228 4267 355 4339 Urbe
393 4280 567 4324 castra
599 4268 848 4324 admovit.
871 4267 1064 4325 Florus
1089 4269 1212 4324 libr.
1249 4285 1308 4339 tt,
1339 4284 1459 4338 cap.
1480 4267 1545 4332 'ti,
1581 4267 1820 4339 Anniba-

223 4336 320 4393 lem
347 4350 524 4396 castra
558 4343 805 4409 posuisse
833 4343 1050 4410 aitet-tio
1078 4341 1255 4410 lapide
1278 4336 1301 4408 ,’
1341 4336 1438 4395 ait.
1493 4339 1698 4394 Plinius
1724 4338 1816 4392 lib.

226 4424 308 4482 .vv,
335 4426 456 4480 cap.
508 4413 603 4477 18,
650 4409 834 4465 Castra
860 4409 1064 4464 Punica
1104 4409 1172 4465 ad
1220 4413 1428 4466 tertium
1460 4410 1682 4482 lapidem
1712 4409 1822 4462 val-

227 4479 345 4553 lata.
375 4479 670 4553 Eutraptus
699 4497 850 4546 vero,
896 4481 1124 4535 Annibal
1148 4499 1308 4552 usque
1333 4483 1403 4535 ad
1428 4479 1671 4553 quartum
1703 4481 1822 4534 mil-

1911 3215 2037 3280 _s_ttnt
2062 3224 2074 3260 :
2108 3205 2222 3261 Nec
2250 3205 2473 3280 tacens
2495 3211 2835 3280 consulesque
2857 3220 3112 3266 certamen
3143 3205 3500 3271 detrectavere.

1910 3277 2079 3334 Fann.
2102 3308 2174 3319 —
2200 3279 2339 3335 Edd.
2390 3287 2521 3334 vett.
2555 3277 2811 3350 excepta,
2847 3286 3104 3350 August..
3139 3283 3281 3340 foedo
3306 3287 3504 3341 mendo

1911 3365 2020 3404 non
2063 3359 2273 3417 carent,
2317 3351 2446 3404 dum
2497 3351 2776 3416 exhibent,
2807 3353 2896 3406 sed
2928 3363 2974 3408 et
3006 3355 3243 3409 consules
3285 3353 3504 3412 Fuluius

1911 3429 1960 3476 et
1986 3419 2206 3494 _P_ubli_us
2228 3439 2333 3476 non
2353 3425 2696 3476 detrectavere
2716 3440 2960 3494 pugnant.

1985 3492 2074 3547 10.
2112 3491 2380 3562 Exposita:
2425 3491 2724 3564 utrumque
2751 3491 2913 3549 acies.
2968 3494 3120 3552 Meus
3165 3497 3336 3552 c0dex
3375 3513 3496 3553 cum

1914 3560 2156 3638 Florent.
2199 3560 2374 3638 ‘te_rti_o
2413 3560 2628 3619 mavult
2663 3569 2896 3638 exposita
2934 3567 3188 3638 utrimque
3232 3569 3361 3621 acie.
3395 3571 3499 3625 Sed

1914 3633 2115 3709 Latine
2129 3636 2298 3704 magis
2316 3634 2564 3709 Floreat.
2583 3637 2836 3704 secund.,
2852 3637 2917 3691 At
2942 3637 3030 3692 ubi
3045 3633 3297 3709 expedita:
3322 3642 3505 3695 utrim-

1914 3720 2012 3773 que
2039 3707 2172 3758 acies
2202 3707 2563 3760 constiterunt.

1988 3777 2079 3830 ll.
2129 3775 2374 3853 Victoris.
2426 3775 2580 3832 Vinc.
2614 3775 2886 3832 Bellovac.
2911 3819 2928 3845 ,
2979 3778 3105 3834 edd.
3139 3787 3194 3835 et
3225 3793 3356 3835 mss.
3390 3784 3509 3853 qui-

1917 3844 2066 3909 dam,
2093 3848 2337 3900 victoriw.

1991 3915 2482 4005 ,Annibatihln
2517 3917 2706 4005 codice
2745 3933 2902 4005 meo,
2935 3929 2991 3972 ttt
3028 3928 3090 4005 et
3113 3920 3253 4005 ljltr.
3288 3920 3507 4005 legitur,

1918 3984 2260 4058 Annibalem;
2286 3987 2430 4058 quod
2461 4003 2490 4040 a
2515 4004 2600 4044 tne
2630 3991 2892 4044 monitum
2934 4005 3043 4043 nou
3067 3990 3274 4058 fuisset,
3308 3984 3412 4048 nisi
3455 3984 3508 4048 et

1919 4057 1972 4128 i_u
2005 4056 2129 4111 cod.
2177 4056 2419 4127 Longob.
2452 4067 2506 4112 et
2537 4059 2588 4112 in
2636 4059 2858 4128 reliquis
2895 4059 3104 4114 duobus
3126 4056 3437 4118 vctuStissiu
3464 4066 3508 4120 is

1920 4125 2167 4201 Florent.
2199 4131 2278 4182 sic
2302 4125 2535 4201 quoque
2575 4125 2930 4201 scriberetur.
2973 4131 3106 4184 llinc
3144 4133 3391 4201 suspicor
3433 4135 3510 4190 le-

1922 4208 2067 4252 ctum
2095 4199 2148 4252 in
2172 4212 2309 4273 mss.
2343 4198 2470 4273 olim
2503 4212 2599 4273 pro
2629 4199 2846 4273 obstitit,
2876 4201 3019 4273 quod
3045 4198 3308 4270 sequitur,
3341 4214 3394 4260 et
3414 4223 3510 4273 pro

1923 4283 2028 4336 quo
2058 4271 2242 4324 restitit
2277 4269 2524 4338 qnzedam
2561 4269 2759 4324 habent
2786 4269 2911 4325 edd.
2945 4269 3380 4329 fuisse’abstulit.
3415 4269 3511 4332 Dei

1924 4341 2176 4413 videlicet
2205 4341 2481 4413 miseratio
2503 4340 2725 4413 abstulit
2755 4346 2817 4413 et
2845 4341 3048 4397 amovit
3080 4355 3396 4413 tempestate
3419 4362 3513 4401 su-

1925 4411 2035 4484 bita
2065 4427 2095 4464 a
2127 4412 2298 4465 muris
2327 4411 2512 4484 Romae
2533 4411 2854 4484 Annibalem
2878 4457 2892 4482 ,
2917 4429 3075 4484 quem
3106 4411 3296 4471 are—ere
3322 4433 3514 4474 manus

1927 4481 2180 4536 humanas
2211 4498 2238 4535 a
2273 4482 2534 4550 capienda
2564 4482 2754 4538 eadem
2789 4481 2893 4539 non
2925 4481 3191 4551 poterant.

227 4549 424 4624 liarium
457 4543 631 4624 Urbis,
664 4543 899 4619 accessit,
933 4568 1163 4624 quocum
1200 4543 1474 4624 consentit
1516 4554 1818 4622 Appianus.
1849 4543 1899 4603 Ι)
1997 4554 2085 4609 15.
2131 4552 2236 4606 Per
2277 4543 2532 4624 pluviam.
2565 4555 2694 4621 Qum
2737 4571 2883 4624 stupe
2925 4543 3188 4612 Romanis
3232 4558 3283 4612 in
3334 4558 3512 4615 dubiis

224 4623 394 4694 quiin
428 4625 568 4679 libro
607 4623 675 4678 de
702 4625 866 4679 rebus
912 4623 1435 4694 Annibalisscribit
1466 4624 1640 4694 ipsum
1668 4637 1817 4677 χχχιι

225 4692 288 4763 ab
317 4693 460 4750 Urbe
492 4694 667 4749 Stadia
691 4695 758 4749 ad
787 4695 1057 4749 Anienem
1093 4693 1320 4748 fluvium
1346 4692 1526 4749 castra
1550 4694 1818 4763 posuisse.

223 4762 290 4816 Αῐ
319 4764 511 4838 Polyb.
546 4766 640 4820 lib.
675 4780 726 4819 lx
759 4783 772 4820 :
801 4763 976 4820 Ἐλαθε
1001 4763 1189 4838 διαϐὰς
1214 4767 1302 4822 τὸν
1326 4762 1560 4822 Ἀννίωναν
1591 4765 1820 4838 ποτᾳμόν

225 4837 298 4922 θεαὶ
333 4835 640 4928 συνξγιίςας
681 4838 814 4926 titan
845 4842 916 4909 μή
962 4836 1139 4928 tritior;
1188 4839 1579 4928 'r‘t‘r'rapa'tzorr‘a'
1600 4835 1822 4928 στεῑδίαέν

225 4907 477 4980 ἁποσχὼὖ
494 4907 597 4969 ’τῆς
617 4911 808 4979 Ῥώμης
833 4907 1148 4967 sternendam
1171 4912 1264 4967 τήν
1283 4907 1628 4984 πάρεμϐολήν.
1660 4907 1819 4960 Anni-

226 4974 303 5028 bal
321 4981 498 5033 insciis
526 4977 777 5033 Romanis
803 4979 1052 5032 Anienem
1071 4981 1288 5048 ﬂuuium
1312 4991 1686 5049 transgressus,
1714 4987 1819 5031 tant

226 5062 378 5119 prope
421 5051 672 5116 accessit,
705 5059 764 5103 ut
793 5060 963 5104 castra
992 5049 1176 5103 stadiis
1213 5065 1280 5104 tu.
1300 5048 1658 5119 sivemitltbus
1700 5065 1820 5115 pas-

225 5118 368 5174 suum
396 5136 427 5192 v
458 5137 566 5175 non
597 5121 822 5192 amplius
874 5120 938 5174 ab
972 5119 1108 5174 Urbe
1137 5119 1338 5188 fecerit.
1386 5118 1556 5174 ΕΔΜ.
1590 5149 1659 5159 -
1691 5119 1820 5174 Vin-

227 5201 366 5244 cettt.
399 5191 638 5255 Bellov.,
672 5191 838 5245 tribus
868 5191 1200 5245 milliaribus.

296 5261 365 5333 7._
379 5260 468 5333 In,
481 5278 675 5317 muros.
704 5261 840 5317 Coll.
857 5261 1107 5333 Longob.
1126 5275 1250 5316 cum
1274 5260 1453 5316 tribus
1477 5260 1654 5332 Lugd.
1670 5259 1812 5315 Batt.

227 5344 257 5384 e
280 5331 414 5386 Coll.
440 5332 708 5400 Gronov.,
735 5335 790 5387 in
821 5331 1006 5386 muris.

294 5400 346 5456 8.
376 5401 569 5474 Usque
609 5405 678 5458 ad
717 5413 920 5474 portam
971 5402 1254 5458 Collinam.
1303 5402 1499 5458 Cicero
1543 5402 1743 5474 Philip.
1775 5411 1816 5470 t,

228 5470 490 5545 Annibal,
515 5475 692 5543 credo,
717 5470 848 5528 'erat
889 5475 960 5528 ad
994 5483 1195 5545 portas.
1227 5474 1334 5530 Sed
1359 5474 1425 5530 de
1451 5474 1535 5528 his
1565 5473 1818 5529 omnibus

230 5540 410 5597 Livius
438 5540 688 5614 copiose.
716 5545 882 5600 Fann.

297 5620 351 5668 υ.
393 5615 502 5671 Sed
523 5627 571 5670 et
592 5618 862 5682 consules,
891 5614 1214 5688 Fulviusque
1253 5616 1583 5688 proconsule.
1630 5615 1708 5670 Ita
1737 5615 1827 5688 hic’

239 5681 386 5766 locus
406 5693 556 5766 recte
588 5689 639 5742 in
673 5681 926 5766 omnibus
957 5681 1341 5766 manuscriptis
1376 5688 1594 5758 legitur,
1630 5695 1698 5766 ut_
1722 5687 1825 5741 mi-

237 5757 340 5812 rari
378 5757 516 5816 satis
561 5773 672 5816 non
721 5758 927 5832 possim
962 5760 1341 5834 negligentiam
1371 5757 1586 5830 eorum,
1608 5759 1701 5832 qui
1734 5773 1823 5817 se-

1927 4625 2090 4679 rebus
2119 4639 2371 4694 magnum
2408 4624 2660 4690 praestitit
2691 4624 3134 4683 emolumentum.
3169 4629 3394 4685 Orosius
3419 4649 3518 4685 :tll-

1927 4703 2047 4768 tem,
2084 4695 2136 4750 in
2189 4695 2338 4768 hisce
2377 4697 2517 4768 idem
2571 4706 2766 4753 tractat
2816 4710 3190 4768 argumentum
3237 4710 3292 4756 et
3325 4703 3516 4758 eodem

1929 4767 2114 4840 modo,
2145 4776 2206 4840 ut
2233 4767 2578 4840 T_ertuliant_ts
2610 4770 2662 4840 in
2695 4767 3045 4840 Apologetico
3067 4783 3188 4839 cap.
3218 4786 3272 4825 v.

2003 4839 2093 4910 M.
2142 4838 2219 4910 Ab
2259 4836 2582 4910 hujusmodi.
2618 4836 2757 4906 Quia
2795 4836 2898 4893 non
2930 4841 3060 4894 satis
3091 4836 3212 4910 apte
3239 4842 3516 4898 coltmrcre

1930 4909 2095 4965 verba
2129 4908 2405 4976 videntur,
2439 4909 2560 4963 edd.
2597 4911 2768 4979 prima
2797 4920 2850 4964 ct
2877 4910 3055 4966 Paris.
3088 4908 3140 4966 et
3171 4913 3391 4969 Veneta:
3440 4918 3520 4968 in-

1929 4989 2207 5035 terscruut
2229 4980 2524 5034 hominibus
2549 5018 2564 5044 ,
2600 4990 2792 5034 contra
2818 4995 3007 5035 omnes
3039 4997 3170 5038 mss.
3193 4984 3356 5039 Forte
3379 4987 3520 5039 srri-

1928 5052 2035 5121 psit
2067 5052 2272 5122 Auctor
2319 5053 2381 5103 ab
2425 5049 2725 5122 hujusmodi
2776 5054 3022 5118 servatis,
3071 5067 3170 5121 pro
3215 5068 3324 5122 quo
3352 5058 3517 5110 verbo

1923 5121 2313 5190 compendiose
2345 5137 2443 5191 pro
2479 5121 2627 5176 more
2653 5122 2855 5190 scripto
2881 5161 2896 5184 ,
2945 5122 3146 5177 deinde
3185 5121 3518 5182 successisse

1924 5193 2141 5247 videtur
2162 5195 2309 5246 satis.
2326 5192 2658 5262 ,Itespondet
2673 5201 2823 5246 certe
2844 5193 3152 5249 emendatio
3175 5206 3356 5251 nostra
3388 5197 3512 5261 illis,

1921 5278 2063 5339 quin
2081 5277 2244 5339 supra
2283 5261 2468 5339 dixit,
2497 5265 2781 5339 conservati
2826 5263 2913 5339 isti
2952 5264 3301 5339 dedignantur
3341 5269 3514 5339 fateri,

1995 5334 2084 5388 15.
2126 5334 2242 5397 Quo
2287 5333 2464 5404 rogari
2507 5331 2791 5405 Christum.
2842 5333 3026 5405 Lugd.
3059 5331 3178 5391 Bat.
3231 5331 3351 5393 sec:
3387 5355 3509 5394 cum

1920 5403 2172 5481 Perizon.
2197 5447 2210 5472 ,
2255 5402 2364 5481 quo
2390 5402 2876 5481 rogare_C_ltrist_um
2916 5402 2962 5460 Et
2993 5404 3299 5481 Christianis
3342 5413 3515 5481 rogari

1928 5474 2273 5549 permittitur.
2299 5474 2405 5529 Pro
2435 5475 2748 5549 permittitur
2769 5477 2919 5531 Meus
2944 5481 3062 5532 vult
3087 5474 3407 5549 permittunt.

2003 5547 2088 5619 l6.
2131 5543 2240 5619 Pro
2268 5543 2544 5619 partesui.
2572 5545 2686 5619 Ed.
2720 5549 2972 5619 August.,
2997 5543 3112 5619 pro
3141 5551 3384 5604 tarditate
3411 5553 3515 5606 sui.

2002 5617 2088 5671 l7.
2128 5616 2175 5689 Λ
2203 5618 2374 5689 fratre
2389 5615 2696 5689 Asdrubale.
2720 5615 3125 5688 ltalegettdum,
3160 5636 3290 5689 non,
3315 5622 3515 5676 Asdru-

1928 5687 2078 5743 batis.
2111 5686 2378 5744 Asdrubal
2409 5687 2730 5760 Barchinus,
2761 5686 3047 5746 Annibalis
3077 5686 3363 5760 frater,'P.
3391 5691 3513 5749 Sei-

1928 5760 2149 5835 pionem
2177 5773 2301 5820 cum
2329 5759 2570 5818 exercitu
2600 5759 2831 5833 delevit,
2867 5775 2932 5820 ac
2959 5761 3385 5837 undetrigesimo
3424 5766 3512 5826 die
