3938 6324
247 302 353 362 90!

1277 303 1753 366 HISTORIARUM
1792 304 1995 364 LIBER
2035 306 2124 364 IV.
2165 307 2321 366 CAP.
2366 308 2557 368 XVIII.
3069 313 3101 350 β

3462 317 3570 378 902

253 423 365 479 lem
399 421 560 492 vicit,
611 428 673 478 et
703 420 897 478 castris
923 421 1088 479 exuit.
1133 424 1405 484 Prmterea
1435 429 1706 498 octoginta
1737 425 1868 484 civi-
1899 428 1946 484 A
1980 432 2089 493 cto,
2142 426 2494 484 necabantur.
2538 429 2594 484 ld
2644 445 2814 503 genus
2859 431 3205 502 occldeudm,
3253 451 3375 492 cum
3425 453 3563 508 opus

254 526 422 582 tates,
452 527 547 571 aut
577 516 881 584 deditione,
913 529 1005 574 aut
1032 519 1178 576 bello
1206 521 1257 577 in
1289 532 1609 593 potestatem
1641 521 1868 593 redegit.

257 611 408 670 Afris
441 611 543 666 sub
570 627 776 666 corona
808 613 1060 679 venditis,
1095 616 1212 672 sine
1242 619 1419 688 pretio
1453 619 1660 674 dimisit
1682 617 1873 688 lliSpa-

259 717 388 757 nos.
418 701 660 758 Annibal
695 714 984 774 utrumque
1026 710 1302 765 consulem
1333 710 1642 765 Marcellum
1675 722 1728 765 et
1755 709 1873 765 Cri-

262 795 512 866 spinum,
543 795 762 850 insidiis
791 797 1213 869 circumventos,
1247 801 1544 858 interfecit.
1579 805 1618 835 “
1645 801 1871 857 Claudio

258 889 477 945 Nerone
514 898 572 945 et
614 891 686 945 Μ.
720 890 875 945 Livio
902 889 1210 950 Salinatore
1237 896 1584 960 consulibus,
1617 911 1739 950 cum
1771 895 1870 950 As-

258 983 454 1040 drubal
469 983 756 1040 Annibalis
781 983 945 1040 frater
968 988 1035 1044 ab
1053 989 1321 1058 Hispaniis
1344 1005 1437 1058 per
1454 989 1654 1046 Gallias
1673 989 1739 1045 ad
1764 988 1869 1043 lta-

258 1080 392 1136 liam
422 1080 662 1147 veniret,
681 1081 974 1150 jussusque
998 1097 1026 1136 a
1043 1081 1604 1152 Carthaginiensibus,
1629 1092 1686 1136 ut
1718 1080 1866 1137 fratri

255 1186 384 1228 cum
408 1173 580 1242 copiis
599 1171 942 1242 iungeretur,
967 1188 1158 1244 magna
1180 1188 1363 1229 secum
1387 1175 1583 1229 auxilia
1604 1174 1868 1245 Hispano-

255 1280 381 1321 rum
437 1265 824 1335 Gallorumque
856 1267 898 1297 ¹²
929 1265 1243 1330 deduceret,
1289 1281 1410 1322 cum
1461 1275 1730 1321 maturato
1767 1266 1865 1322 ad-

253 1369 423 1414 ventu
450 1357 925 1429 descendisscjam
961 1374 1027 1415 ex
1063 1359 1288 1428 Alpibus
1323 1360 1365 1392 ¹³
1394 1359 1708 1416 consulibus
1738 1374 1865 1428 pro-

254 1451 405 1508 ditus
451 1451 691 1516 fuisset,‘
717 1451 785 1507 ab
815 1452 1060 1508 exercitu
1086 1452 1351 1519 Romano,
1380 1453 1664 1524 ignorante
1693 1453 1866 1507 Auni-

252 1541 400 1610 bale,
433 1552 760 1613 prmventus,
785 1544 946 1616 265
968 1560 1090 1600 cum
1127 1545 1271 1600 omni
1303 1546 1550 1601 exercitu
1568 1560 1668 1600 suo
1692 1545 1864 1601 inter-

250 1635 434 1694 fectus
471 1646 573 1692 est.
607 1636 707 1692 Diu
749 1637 968 1708 quidem
1014 1638 1257 1694 incertus
1299 1639 1424 1694 belli
1464 1646 1692 1694 eventus
1735 1638 1858 1703 fuit,

252 1729 565 1799 elephantis
583 1728 818 1785 maxime
834 1729 1131 1784 Romanam
1158 1729 1542 1786 infestantibus
1560 1731 1757 1798 aciem,
1773 1737 1862 1802 qui

1976 527 2144 584 esset,
2195 517 2412 588 bellum,
2441 521 2485 552 ¹⁶
2516 521 2656 578 idem
2699 523 2810 580 dux
2849 524 3120 582 Asdrubal
3167 530 3372 599 primus
3410 530 3566 587 inve-

1975 620 2149 664 nerat.
2187 612 2309 667 Fuit
2353 613 2456 670 hoc
2500 616 2688 685 prmlio
2728 617 2912 674 Pmnis
2946 621 2988 651 ’⁷
3019 619 3292 678 Metaurus
3337 623 3563 694 ﬂumen,

1975 701 2062 754 nhi
2112 703 2379 759 Asdrubal
2420 718 2501 761 est
2541 709 2735 773 victus,
2769 711 2923 782 quasi
2972 712 3329 771 Trasimenus
3372 717 3563 773 lacus:

1975 796 2020 829 ⁸³
2063 805 2114 848 et
2142 794 2285 850 Sena
2337 796 2520 852 Piceni
2563 800 2777 866 civitas,
2807 810 2870 856 ut
2914 803 3065 859 vicus
3096 805 3187 860 ille
3214 808 3520 864 Cannensis
3551 829 3567 867 :

1975 885 2016 917 ¹⁹
2047 901 2169 940 nam
2200 889 2585 960 quinquaginta
2617 901 2672 946 et
2713 902 2838 948 octo
2877 895 3047 951 millia
3079 897 3145 953 de
3185 903 3428 956 exercitu
3464 903 3566 957 As-

1971 976 2217 1034 drubalis
2259 980 2329 1034 ibi
2362 983 2538 1037 occisa
2573 993 2714 1051 sunt,
2739 996 2895 1057 capta
2935 999 3062 1044 sunt
3109 992 3349 1064 quinque
3387 995 3553 1051 millia

1972 1069 2373 1142 quadringenti.
2405 1073 2449 1103 ²⁰
2478 1073 2719 1142 Quatuor
2747 1078 2914 1132 millia
2954 1081 3152 1136 civium
3191 1083 3560 1141 Romanorum

1970 1160 2113 1217 inter
2136 1178 2230 1218 eos
2261 1175 2472 1235 reperta
2503 1175 2666 1238 atque
2693 1180 2941 1226 revocata
2973 1181 3119 1240 sunt,
3153 1175 3298 1244 quod
3327 1177 3549 1232 victori-

1970 1254 2069 1309 bus
2089 1257 2406 1312 consulibus
2435 1261 2626 1314 solatio
2648 1261 2768 1316 fuit.
2798 1262 2929 1318 Nam
2959 1265 3123 1338 266
3148 1276 3202 1322 et
3225 1267 3292 1323 ab
3319 1271 3563 1328 exercitu

1969 1363 2158 1404 eorum
2192 1360 2315 1404 octo
2345 1353 2511 1407 millia
2543 1355 2879 1413 ceciderunt.
2910 1360 3161 1415 Annibali
3192 1373 3356 1433 caput
3381 1364 3564 1424 fratris

1966 1438 2050 1492 sui
2085 1440 2426 1507 Asdrubalis,
2457 1454 2582 1499 ante
2606 1453 2794 1502 castra
2826 1449 3128 1518 projectum
3160 1462 3264 1507 est.
3297 1454 3416 1523 Quo
3449 1458 3566 1514 viso

1966 1540 2020 1587 et
2065 1533 2228 1588 simul
2278 1535 2432 1591 clade
2480 1538 2774 1596 Poenorum
2817 1546 3057 1613 cognita,
3091 1547 3131 1580 ’ί
3155 1561 3300 1602 anno
3343 1549 3559 1610 decimo

1965 1625 2127 1680 tertio
2153 1643 2311 1696 quam
2342 1628 2394 1682 in
2433 1629 2638 1686 Italiam
2669 1643 2918 1704 venerat,
2952 1637 3152 1710 refugit
3199 1641 3251 1696 in
3282 1643 3544 1702 Bruttios.

1976 1715 2108 1773 Post
2130 1717 2247 1774 haec
2275 1734 2416 1775 anno
2443 1725 2704 1778 continuo
2732 1725 2875 1782 inter
2913 1726 3238 1787 Annibalem
3267 1743 3320 1788 et
3353 1733 3553 1792 Roma-

245 1835 277 1877 a
305 1821 570 1877 militibus
599 1819 1093 1877 Romanis“occisi
1132 1821 1338 1886 sunt,”
1359 1837 1493 1892 quos
1521 1840 1548 1876 ει
1582 1822 1858 1878 volitando
1891 1817 1937 1877 B
1972 1823 2070 1863 nos
2099 1809 2252 1880 quies
2277 1826 2306 1866 a
2341 1814 2570 1869 tumultu
2599 1815 2866 1872 bellorum
2893 1820 3270 1880 intercessisse
3305 1827 3418 1881 visa
3451 1837 3556 1897 est,

239 1916 450 1970 velites
481 1923 680 1970 vocant
711 1933 724 1972 :
753 1914 899 1985 quod
940 1931 1110 1986 genus
1140 1915 1355 1970 militiae
1403 1915 1565 1987 paulo
1595 1925 1724 1971 ante
1771 1931 1857 1970 re-

235 2015 466 2080 pertum
500 2007 698 2073 fuerat,
728 2018 784 2062 ut
808 2008 931 2063 lecti
964 2007 1205 2080 agilitate
1231 2007 1482 2078 juvenes,
1514 2023 1638 2063 cum
1684 2007 1853 2065 armis

236 2100 374 2154 suis
403 2109 519 2169 post
550 2109 700 2170 terga
728 2099 970 2170 equitum
1001 2100 1257 2155 sederent
1287 2117 1301 2154 :
1335 2109 1392 2155 et
1434 2114 1557 2155 mox
1606 2116 1730 2154 cum
1773 2099 1843 2155 ad

236 2193 466 2249 hostem
492 2202 717 2248 ventum
763 2202 929 2260 esset,
965 2193 1118 2261 equis
1149 2193 1451 2259 desilirent,
1488 2202 1543 2248 et
1572 2192 1831 2248 continuo

233 2285 461 2358 pedites
489 2283 594 2355 ipsi
628 2300 694 2340 ex
725 2285 828 2339 alia
863 2295 1015 2353 parte
1043 2286 1336 2356 equitibus,
1371 2301 1470 2358 per
1503 2301 1641 2357 quos
1671 2285 1838 2340 adve-

233 2379 316 2434 cti
367 2376 582 2433 fuerant
614 2376 1020 2446 dimicantibus,
1057 2377 1270 2434 hostem
1319 2379 1724 2446 perturbarent.
1759 2377 1840 2433 Ab

233 2468 332 2524 bis
363 2484 489 2539 ergo
516 2469 771 2525 velitibus
801 2468 1076 2539 elephanti
1102 2470 1380 2537 retroacti,
1405 2486 1527 2527 cum
1573 2471 1685 2542 regi
1723 2471 1835 2541 jam

235 2577 272 2618 a
309 2562 428 2618 suis
455 2577 564 2618 non
601 2572 848 2634 possent,
881 2562 1060 2620 fabrili
1099 2563 1315 2636 scalpro
1343 2564 1484 2621 inter
1509 2579 1670 2620 aures
1699 2563 1834 2620 ada-

1957 1903 2080 1974 quia
2105 1903 2422 1976 iuquietudo
2447 1909 2762 1965 morborum
2791 1912 2842 1967 in
2874 1915 3070 1971 castris
3096 1927 3235 1988 erat,
3267 1928 3322 1974 et
3342 1921 3550 1991 gravis-

1955 1994 2090 2049 sima
2155 1997 2468 2066 pestilentia
2505 1997 2550 2027 "
2587 2011 2817 2073 uterque
2883 2007 3155 2062 exercitus
3213 1995 3534 2080 angebatur.

1954 2084 2228 2143 "Interea
2272 2087 2481 2160 Scipio,
2512 2091 2761 2148 universa
2796 2093 3049 2164 Hispania
3076 2113 3104 2151 a
3134 2097 3395 2171 Pyrenaeo
3440 2119 3527 2159 us-

1948 2197 2054 2252 que
2093 2181 2159 2238 ad
2199 2181 2479 2238 Oceanum
2528 2185 2580 2241 in
2642 2185 2978 2257 provinciam
3028 2190 3272 2258 redacta,
3318 2194 3545 2252 Romam

1953 2275 2136 2332 venit:
2172 2271 2218 2304 "
2246 2277 2437 2332 consul
2462 2291 2586 2332 cum
2611 2277 2822 2335 Licinio
2843 2278 3043 2337 Crasso
3070 2295 3287 2340 creatus
3319 2287 3372 2340 in
3407 2286 3553 2343 Afri-

1951 2381 2072 2423 cam
2127 2369 2364 2436 transiit,
2421 2368 2709 2428 Annonem
2765 2372 3054 2429 Amilcaris
3102 2375 3306 2445 filium,
3351 2378 3546 2436 ducem

1955 2459 2272 2532 Pmuorunt,
2299 2462 2594 2532 interfecit,
2628 2466 2928 2521 exercitum
2973 2466 3092 2538 ejus
3137 2467 3334 2538 partim
3372 2472 3542 2539 caede,

1945 2553 2142 2626 partim
2168 2552 2481 2626 captivitate
2502 2555 2826 2629 disperdidit
2854 2574 2870 2618 :
2902 2574 3025 2614 nam
3053 2559 3098 2591 ”
3130 2559 3382 2618 undecim
3414 2563 3549 2620 mil-

1544 2760 2002 2822 IIAVERCAMPI
2042 2759 2275 2817 NOTAE.

233 2919 364 2967 tum
402 2909 614 2980 Polybii
657 2923 724 2964 ex
753 2907 893 2980 libro
937 2913 1127 2980 octavo
1164 2905 1322 2980 _t_t_nde
1371 2904 1565 2980 Li_vitt_s_
1585 2903 1838 2975 sumpsit.

237 2984 473 3039 consule
501 2975 717 3051 quoque
739 2979 1062 3051 Appianum
1075 2979 1132 3051 _in
1161 2977 1492 3051 Hispanicis.
1527 2975 1692 3051 FABR.

319 3054 408 3108 Η.
450 3044 671 3105 Claudio
702 3044 928 3116 Nerone,
959 3059 1005 3102 et
1040 3048 1114 3102 Μ.
1151 3044 1318 3100 Livio.
1348 3047 1610 3103 Colisulcs
1636 3047 1686 3099 hi
1725 3044 1841 3100 fue-

232 3134 377 3182 runt
423 3139 563 3178 anno
593 3121 755 3178 Urbis
797 3123 1032 3176 condita:
1077 3134 1253 3174 D\'LVI.
1299 3119 1694 3184 Annibalisque
1730 3116 1838 3170 fra-

233 3206 387 3252 Irem
423 3193 774 3248 Asdruhalem
802 3208 924 3250 cum
973 3191 1180 3259 magnis
1223 3191 1394 3258 copiis
1422 3197 1834 3260 oppresserunt,

233 3265 395 3336 quod
436 3266 625 3336 scribit
651 3264 909 3333 Polybius
953 3263 1088 3336 libro
1119 3260 1423 3336 undecimo,
1456 3260 1836 3336 Liviuslsxvn.

1946 2901 2176 2970 Impius,
2212 2900 2419 2970 Auctor
2465 2898 2532 2956 de
2563 2899 2708 2956 Viris
2751 2900 3080 2970 lllustribus,
3114 2913 3167 2961 et
3201 2906 3367 2962 Silius
3395 2911 3543 2966 scri-

1947 2969 2102 3026 bunt.
2151 2972 2284 3026 llinc
2329 2969 2522 3043 Cicero
2562 2972 2617 3026 in
2663 2972 2830 3028 Bruto
2883 2973 2984 3030 hoc
3031 2978 3267 3043 praelium
3323 2980 3550 3037 Senense

1945 3053 2122 3106 vocat,
2146 3044 2197 3096 in
2227 3058 2333 3110 quo
2361 3040 2637 3097 Salinator
2661 3043 2816 3098 ludos
2845 3040 3150 3104 Juventatis
3179 3049 3346 3104 vovit.
3369 3051 3539 3108 FABB.

2018 3115 2108 3168 l9.
2141 3112 2280 3166 Nam
2330 3127 2458 3168 Lvttt
2491 3115 2676 3168 millia.
2708 3115 2804 3171 Hic
2848 3132 3105 3175 numerus
3145 3128 3230 3175 est
3258 3121 3310 3175 in
3343 3125 3547 3180 nostris

1948 3185 2357 3250 manuscriptis,
2385 3184 2632 3238 eumdem
2663 3185 2925 3256 Eutropio
2957 3189 3232 3245 Diaconus
3258 3208 3324 3248 ex
3348 3193 3544 3250 Orosio

1950 3255 2202 3310 inseruit.
2232 3256 2340 3310 Sed
2372 3256 2424 3310 in
2462 3257 2597 3310 Livii
2632 3257 2788 3312 libris
2826 3255 2932 3324 est,
2961 3276 3050 3315 LVI
3087 3261 3251 3315 millia
3297 3262 3538 3322 hostium

234 3309 1842 3408 31.11.5355;{eugris52.15.,"saagiita;.g;stag:
1871 3309 1911 3368 ς
2177 3309 2334 3395 εαξη..
2361 3309 2602 3398 quinque
2625 3309 2800 3408 ,φειιτεξι
2832 3309 3060 3408 ξιξ-οὶ..
3087 3309 3539 3408 agitauisse;

237 3401 376 3462 nius
408 3408 458 3460 in
485 3406 724 3467 Tiberio,
756 3404 971 3468 Florus,
1021 3403 1314 3472 Eutropius
1339 3410 1394 3457 ct
1421 3401 1531 3456 alii.
1566 3401 1730 3455 FABR.

323 3477 410 3531 ιε.
456 3476 760 3530 Deduceret.
797 3475 966 3540 Meus,
997 3475 1220 3529 duceret.

322 3548 412 3604 15.
453 3546 782 3602 Consulibus.
830 3546 978 3600 Meus
1021 3561 1142 3600 cum
1173 3544 1308 3598 Coll.
1343 3542 1605 3603 Gronov..
1649 3559 1839 3596 consu-

232 3619 379 3672 libus
408 3621 639 3690 proditas
667 3625 819 3690 esset.
845 3617 999 3687 quasi
1028 3617 1189 3684 paulo
1217 3623 1341 3670 ante
1371 3614 1711 3668 descendisset
1743 3630 1840 3684 pro

233 3687 564 3744 descendisse
593 3687 874 3758 legendum
919 3695 1084 3742 esset.

324 3760 410 3814 14.
445 3759 615 3814 Occisi
644 3753 793 3814 sunt.
829 3758 1214 3812 Desiderantur
1255 3755 1372 3811 hinc
1410 3771 1517 3810 non
1561 3753 1726 3810 modo
1782 3753 1836 3810 in

234 3848 373 3887 meo
418 3833 540 3890 coit.
575 3841 629 3884 ut
670 3841 724 3885 et
778 3829 917 3885 Ultr.
959 3837 1122 3898 atque
1154 3828 1428 3898 Periz'tn.,
1457 3825 1551 3881 sed
1581 3825 1836 3898 etiam_in

235 3904 368 3960 col.
418 3902 660 3970 Longub.
692 3911 747 3957 et
783 3901 996 3956 duobus
1036 3895 1276 3970 reliquis
1325 3895 1685 3953 Florentinis.
1734 3896 1836 3970 Qui

232 3975 482 4044 quinque
509 3967 643 4027 uiss.
691 3988 813 4027 cum
867 3973 1030 4040 longe
1061 3967 1288 4044 reliquis
1322 3974 1620 4044 praestent,
1656 3967 1837 4036 suspi-

239 4040 460 4100 cionem
500 4044 733 4112 aliquam
781 4057 999 4097 movere
1045 4042 1276 4111 possint.
1322 4040 1656 4112 Praesertim.
1711 4054 1834 4092 cum

235 4116 526 4184 aliquanto
558 4110 684 4184 post
715 4129 820 4168 non
859 4129 888 4168 a
925 4110 1178 4184 velitibus
1217 4110 1830 4184 occisos:el_cphantos,

237 4179 351 4242 sed
377 4179 703 4249 retroactos,
733 4194 894 4254 atque
920 4199 950 4238 a
977 4183 1158 4240 Poenis
1180 4191 1234 4238 et
1262 4179 1575 4254 Asdrubale
1599 4180 1716 4254 ipso
1752 4181 1834 4234 in-

237 4257 505 4331 terfectﬂs
536 4265 743 4331 narret.
777 4249 980 4331 Sensus
1008 4266 1186 4331 tamen
1220 4254 1465 4331 postulat
1510 4249 1739 4331 aliquid
1761 4254 1836 4304 si-

239 4328 398 4382 mile.
433 4327 595 4381 Forte
634 4329 850 4394 scripsit
889 4325 1112 4380 Orosius
1156 4326 1278 4380 cani
1305 4332 1448 4386 sunt,
1478 4324 1621 4392 quod
1669 4324 1831 4376 etiam

235 4401 534 4453 vulnerare
566 4397 852 4465 significat,
879 4405 934 4452 ct
974 4400 1054 4452 sic
1095 4398 1196 4451 hoc
1234 4398 1355 4450 loco
1391 4399 1616 4448 inuuere
1644 4401 1832 4465 potest

237 4469 449 4524 bestias
483 4469 816 4534 vulneribus,
854 4479 909 4524 et
957 4470 1242 4522 vexatione
1289 4475 1593 4522 retroactas
1634 4465 1824 4518 fuisse.

234 4538 502 4607 Quamvis
546 4554 574 4591 a
618 4537 874 4593 Romanis
918 4554 1131 4608 quoque
1158 4539 1209 4592 in
1245 4542 1354 4608 ipsa
1404 4552 1577 4608 pugna
1615 4535 1825 4603 aliquot

237 4611 566 4678 elephantus
606 4608 770 4664 fuisse
819 4607 1478 4665 occiSos’innuat’Livius
1526 4607 1620 4662 lib.
1655 4621 1821 4668 xxv",

1950 3401 2216 3474 minorem
2255 3413 2538 3474 numerum
2573 3399 2713 3474 edit;
2744 3415 2866 3474 nam
2909 3399 3438 3474 Carthaginiensium
3472 3399 3532 3464 Et

1944 3466 2226 3524 Gallorum
2257 3469 2477 3524 circiter
2508 3487 2540 3524 x
2567 3470 2752 3536 millia,
2779 3466 3150 3530 Romanorum
3183 3475 3250 3530 ad
3283 3475 3392 3532 duo
3417 3483 3539 3535 mil-

1945 3539 2013 3594 lia
2043 3556 2178 3594 (tesa
2207 3539 2416 3594 scribit.
2453 3540 2620 3596 FABB.

2015 3609 2105 3690 29.
2163 3610 2396 3690 Quatuor
2444 3613 2630 3690 millia.
2691 3613 2818 3690 Mss.
2849 3613 3119 3690 Florentt.
3175 3625 3306 3684 tres,
3360 3618 3530 3690 Meus,

1943 3679 2220 3748 Perizon.,
2263 3680 2400 3736 Coll.
2437 3679 2703 3755 Gronov.,
2746 3683 2916 3755 Lugd.
2959 3687 3076 3741 Bat.
3128 3698 3250 3743 tert.
3295 3679 3358 3745 et
3408 3679 3534 3748 edd'.

1944 3761 2074 3806 vett.
2107 3768 2319 3817 omnes,
2355 3762 2474 3820 post
2506 3753 2620 3808 htec
2649 3757 2811 3808 verba
2833 3753 3043 3811 addunt
3069 3770 3263 3812 autem.

2131 3822 2281 3876 Auno
2305 3838 2396 3877 xm
2425 3840 2585 3898 quam
2616 3826 2667 3878 in
2699 3823 2914 3898 Italiam
2944 3838 3170 3882 venerat.
3197 3829 3288 3884 Sic
3310 3829 3538 3898 infadilio

1942 3891 2184 4016 gauibus
2232 3891 2454 3964 quoque
2509 3893 2734 3950 Diaconi
2799 3896 2854 3951 in
2918 3898 3234 3968 Eutropium
3308 3893 3534 3970 legitur.

1987 3978 2107 4016 aen.

1987 3978 2107 4017 ABR.

2010 4035 2102 4087 '22.
2136 4031 2361 4104 Uterque
2386 4035 2642 4088 exercitus
2664 4035 2967 4105 angebatur.
2990 4038 3079 4095 Sic
3110 4040 3254 4095 malo
3281 4055 3349 4096 ex
3377 4041 3536 4098 Colo-

1941 4104 2328 4177 niensi,_qnam
2355 4105 2620 4177 agebatur.
2648 4104 2812 4177 Lau'r.
2832 4137 2903 4146 -——
2929 4109 3062 4163 Mss.
3088 4111 3262 4177 Meus,
3280 4112 3529 4170 Perizon.

1938 4173 2108 4256 Lugd.
2147 4173 2264 4229 But.
2301 4173 2422 4256 teri.
2454 4186 2508 4230 et
2538 4176 2645 4256 duo
2676 4176 2950 4256 Florentt._
2976 4194 3097 4256 eum
3129 4173 3259 4236 edd.
3279 4187 3531 4256 vetustis,

1939 4247 2143 4323 utrique
2178 4245 2431 4323 exercitus
2471 4247 2813 4323 angebantur,
2853 4249 2978 4323 cod.
3013 4249 3257 4314 Florenl.
3304 4270 3388 4323 pr.
3419 4245 3534 4313 sive

1939 4315 2206 4392 Longub.,
2243 4317 2511 4392 utriusque
2539 4315 2797 4374 exercitus
2820 4321 3166 4392 augebantur.
3201 4315 3535 4391 Quamcum-

1937 4403 2045 4466 que
2079 4387 2316 4466 elegeris
2358 4389 2863 4466 lectiouent,_patct_
2891 4387 3131 4447 'verbum
3167 4387 3284 4466 angi
3326 4397 3531 4452 debere

1938 4459 2183 4538 retineri,
2229 4467 2284 4514 et
2320 4460 2534 4538 quidem
2582 4464 2805 4538 meliore
2847 4464 2968 4538 jure
3015 4481 3176 4534 quam
3215 4459 3331 4538 a'gi,
3382 4471 3528 4536 quod

1939 4529 2232 4604 prirferunt
2272 4531 2430 4604 codd.
2462 4533 2676 4604 etncdd.
2709 4533 2797 4603 qui
2830 4529 3076 4604 agebatur
3115 4529 3341 4592 malu'nt.
3371 4529 3522 4604 Quo--

1937 4602 2098 4656 modo
2121 4600 2237 4656 hmc
2270 4603 2432 4657 verba
2456 4600 2880 4670 diﬂerant,'vide'
2895 4606 2964 4661 cl.
2997 4607 3305 4663 Arentzenii
3331 4600 3524 4666 Notam

235 4671 363 4755 cap.
397 4682 461 4736 51
502 4697 516 4755 ς
553 4679 832 4755 Elephanti
875 4683 1050 4752 plures
1089 4681 1152 4734 ab
1199 4681 1322 4751 ipsis
1357 4679 1634 4736 rectoribus
1676 4693 1831 4747 quam
1864 4695 1917 4755 ι)
1943 4671 2168 4755 Μέδων..
2200 4672 2466 4755 Victorem
2497 4691 2548 4755 ρ.
2583 4675 2708 4755 5f].

238 4752 309 4806 ab
333 4755 480 4806 hoste
500 4752 778 4817 interfecti.

319 4823 405 4879 15.
442 4820 583 4886 Quos
625 4839 657 4874 τι
707 4823 973 4877 volitando
1013 4821 1221 4876 Veliles.
1270 4820 1488 4889 Festus,
1530 4819 1720 4876 Velites
1757 4818 1838 4872 tli-

238 4904 435 4949 cuntur
464 4894 688 4964 expediti
730 4895 938 4961 milites,
959 4893 1109 4966 quasi
1133 4895 1335 4958 velites,
1366 4893 1421 4947 id
1457 4900 1550 4958 est,
1580 4893 1834 4946 volantes.

237 4966 410 5092 ῈΔῖἒί
435 5033 588 5089 Idem
619 5035 726 5090 dua:
770 5034 1052 5091 Asdrubal.
1091 5032 1232 5089 Coll.
1268 5034 1512 5090 Gronov.
1537 5047 1642 5086 non
1676 5031 1842 5086 habet

237 5109 401 5163 idem.
437 5107 546 5162 Sed
593 5108 682 5162 eil.
738 5110 876 5176 Aug.
909 5108 1042 5177 legit
1084 5107 1246 5161 isdem
1293 5102 1647 5177 pro_iisdem,
1680 5113 1738 5158 et
1765 5103 1834 5177 Ain

238 5177 432 5249 Lugd.
481 5177 598 5234 Bat.
649 5187 773 5233 tert.
807 5172 1004 5248 legitur
1049 5193 1205 5248 penes
1249 5172 1346 5246 pro
1378 5173 1568 5229 Plenus
1613 5173 1722 5228 dua:
1741 5172 1840 5226 As-

238 5248 732 5376 dnig‘ilobletaurus.
770 5318 1066 5375 Florentini
1111 5327 1247 5380 tres,
1280 5317 1434 5374 Meus
1473 5323 1528 5370 et
1559 5315 1837 5376 Perizon..

245 5391 588 5461 Metaurum,
621 5389 928 5461 fortciquia
975 5393 1026 5452 in
1071 5390 1251 5461 aliquo
1305 5387 1486 5461 priore
1527 5391 1840 5461 apogra_p_ho

239 5479 394 5531 penes
421 5476 523 5531 pro
553 5458 730 5514 Pieriis
765 5457 928 5516 fuerit
955 5457 1238 5530 scriptum,
1261 5458 1406 5531 unde
1437 5459 1488 5512 in
1521 5459 1684 5531 tertio
1714 5457 1841 5531 Flo-

238 5529 465 5604 rentinb
495 5541 552 5586 et
580 5531 670 5585 ed.
693 5535 1024 5604 Agug.exstat
1050 5529 1204 5604 penes
1231 5529 1524 5604 Metaurum
1552 5539 1605 5582 et
1637 5529 1838 5604 indein

239 5603 379 5660 Coll.
414 5602 688 5670 Gronov.,
712 5597 809 5672 fuit
847 5605 943 5659 hoc
970 5597 1214 5674 puellum
1251 5616 1404 5674 penes
1444 5597 1717 5654 Metaurus
1744 5601 1848 5669 [lu-

243 5693 404 5804 mciné.
433 5746 500 5803 Et
533 5747 677 5820 Sena
721 5745 926 5801 Piceni.
963 5745 1134 5817 Vulgo
1163 5745 1376 5820 Cres‘ena
1407 5747 1665 5820 corrupte
1712 5740 1850 5820 le‘gi-

242 5827 350 5879 tur.
396 5818 561 5892 Apud
602 5817 796 5875 Senam
835 5813 1130 5889 pugnatum
1168 5816 1375 5884 Livius,
1407 5813 1709 5884 Appianus,
1742 5813 1848 5868 Eu-

2017 4742 2108 4797 25.
2133 4743 2344 4799 Interea
2376 4742 2578 4812 Scipio.
2615 4749 2687 4802 De
2715 4746 2796 4801 his
2824 4748 2988 4803 rebus
3019 4747 3199 4804 Livius
3228 4749 3323 4805 lib.
3357 4765 3525 4808 xxvm

1943 4823 2000 4870 et
2023 4814 2303 4889 Appianus
2345 4817 2396 4870 in
2432 4816 2754 4889 Hispanicis.
2790 4818 2977 4874 Exstat
3005 4835 3220 4889 quoque
3251 4820 3521 4889 fragmen-

1945 4895 2059 4941 tum
2091 4887 2301 4960 Polybii
2333 4902 2396 4942 es
2442 4887 2562 4944 libr.
2595 4904 2648 4942 tu
2683 4889 2823 4960 quod
2854 4905 2977 4942 cum
3003 4887 3238 4946 Livianis
3268 4887 3522 4949 collatum

1947 4973 2196 5027 magnam
2229 4959 2509 5014 utilitatem
2537 4959 2792 5014 studiesis
2820 4959 3026 5016 afferet.
3061 4962 3225 5017 Fann.

2018 5029 2110 5104 2}.
2136 5027 2349 5104 _C_cnsu_l
2397 5046 2512 5083 cum
2556 5029 2776 5104 Licinia.
2811 5030 2870 5085 P.
2914 5033 3196 5104 Cornelius
3239 5033 3424 5104 Scipio
3469 5045 3525 5090 ct

1949 5099 2011 5154 P.
2039 5099 2279 5154 Licinius
2308 5099 2536 5154 Crassus
2564 5101 2722 5156 Dives
2749 5115 2891 5156 coss.
2919 5102 3137 5158 fuerunt
3161 5119 3304 5158 anno
3329 5099 3398 5160 ab
3424 5104 3526 5161 Ur-

1950 5170 2017 5224 be
2044 5170 2261 5243 condita
2294 5185 2487 5243 nutu;
2516 5186 2623 5242 quo
2649 5187 2792 5227 anno
2825 5171 3007 5242 Scipio
3035 5175 3270 5229 Siciliam
3304 5179 3525 5243 provin-

1949 5243 2086 5313 ciam
2111 5240 2436 5313 obtinuit,et
2462 5240 2786 5313 seqttentiiin
2816 5240 3050 5298 Africam
3084 5240 3318 5313 trajecit,
3338 5245 3520 5301 Livius

1950 5312 2090 5387 libro
2117 5311 2375 5378 vigesimo
2406 5311 2571 5368 nouo.
2597 5312 2869 5387 Appianus
2897 5315 2950 5370 in
2975 5311 3199 5387 Libyco,
3227 5317 3522 5387 EntrOpius

1947 5382 2088 5438 libro
2119 5394 2206 5444 lll;
2238 5395 2466 5459 quorum
2513 5383 2735 5452 scriptis
2761 5386 2923 5459 inter
2966 5401 3027 5442 se
3056 5382 3290 5457 collatis,
3322 5382 3524 5459 cogno-

1949 5467 2104 5516 sces,
2138 5452 2279 5522 quod
2324 5450 2503 5526 Livius
2543 5450 2758 5526 quoque
2795 5457 3014 5526 fatetur,
3048 5474 3157 5514 non
3187 5459 3241 5516 in
3274 5450 3526 5516 omnibus

1949 5532 2198 5578 auctores
2235 5525 2546 5579 convenire.
2572 5524 2735 5581 FABR.

2020 5592 2110 5648 25.
2156 5591 2405 5668 Undecim
2445 5595 2631 5651 millia.
2680 5597 2850 5668 Lugd.
2893 5598 3009 5656 Bal.
3055 5609 3182 5656 tert.
3217 5615 3340 5655 cum
3389 5599 3532 5656 Coll.

1951 5666 2190 5739 Gronov.
2220 5671 2277 5739 et
2321 5667 2409 5721 ed.
2444 5672 2606 5739 Aug.,
2639 5685 2708 5724 χι.
2745 5666 2932 5724 millia.
2969 5670 3113 5727 Idem
3151 5686 3410 5729 numerus
3444 5675 3533 5727 in-

1953 5737 2172 5818 venitur
2219 5738 2293 5818 iu.
2323 5737 2594 5818 escerptis
2633 5739 2899 5797 Vincentii
2936 5741 3147 5798 Bellov.
3183 5743 3277 5799 lib.
3311 5759 3532 5818 v1,cap.

1956 5809 2045 5879 51,
2076 5806 2297 5880 Speculi
2327 5808 2463 5869 Hist.
