3938 6296
531 268 638 329 003

1954 255 2157 318 PALLI
2197 256 2420 317 UROSII

3712 258 3813 317 90b

529 386 602 443 lia
635 386 925 442 Poenorum
967 394 1034 438 eo
1073 379 1258 452 praelio
1286 377 1501 434 occidit.
1531 374 1898 449 Sempronius
1922 379 2112 434 consul
2144 381 2198 439 Α
2223 375 2546 444 interfectis,
2604 377 2690 431 cui
2733 375 2800 431 ad
2850 374 3168 431 Africanum
3209 374 3366 430 littus
3408 374 3817 445 propinquanti,

533 496 656 538 cum
703 477 966 535 Annibale
996 489 1324 543 congressus
1364 483 1419 528 ct
1463 473 1662 540 victus,
1689 474 1735 507 ²⁶
1769 474 1997 528 Romam
2040 491 2128 530 rc—

531 572 687 641 fugit.
728 569 911 638 Scipio
949 568 1001 621 in
1035 565 1216 622 Africa
1246 566 1288 596 ’⁷
1321 580 1611 634 aggressus
1648 565 1891 636 hybcrna
1926 567 2128 621 Pomo-

531 678 671 727 rum,
727 669 891 729 atque
940 657 1046 712 alia
1092 656 1472 720 Numidarum,
1519 671 1639 725 qua:
1701 665 1931 726 utraque
1985 656 2130 711 haud

531 754 720 826 procul
743 753 812 808 ab
841 751 995 808 Utica
1028 761 1210 816 erant,
1239 760 1399 804 nocte
1429 747 1695 803 concubia
1725 748 1770 779 ³⁸
1798 748 1927 803 fecit
1950 751 2130 804 incen-

529 846 603 900 di.
631 844 783 901 Pceni
812 842 1010 914 trepidi
1034 858 1159 897 cum
1183 856 1312 896 casu
1342 841 1606 897 accidisse
1635 841 1815 912 ignem
1847 850 2129 912 putarent,

525 941 766 996 inermes
811 939 877 992 ad
928 937 1392 1006 exstinguendum
1441 944 1847 990 concurrerunt
1893 953 1904 987 :
1958 950 2129 1004 quare

530 1034 690 1090 facile
714 1033 781 1087 ab
810 1031 1036 1086 armatis
1067 1032 1110 1064 ”
1139 1030 1391 1101 oppressi
1426 1039 1572 1083 sunt.
1613 1027 1657 1058 ‘°
1687 1027 1743 1082 In
1775 1028 2019 1098 utrisque
2045 1044 2135 1081 ca-

531 1125 662 1180 stris
695 1123 855 1195 267
886 1120 1242 1192 quadraginta
1287 1120 1458 1174 millia
1493 1119 1774 1174 hominum
1815 1119 1924 1188 igni
1953 1117 2131 1171 ferro-

539 1233 646 1288 que
682 1225 1003 1285 consumpta
1032 1223 1178 1279 sunt,
1213 1213 1253 1244 "
1277 1221 1436 1281 capta
1467 1212 1706 1282 quinque
1737 1211 1930 1276 millia,
1966 1209 2134 1265 duces

536 1309 639 1379 ipsi
683 1307 1073 1363 miserabiliter
1111 1305 1374 1369 ambusti,
1409 1305 1452 1335 ³³
1478 1318 1624 1374 aegre
1669 1302 1992 1372 ell'ugerunt.
2030 1303 2132 1355 As-

539 1401 729 1458 drubal
759 1401 1058 1469 imperator
1080 1396 1465 1467 Carthaginem
1490 1394 1749 1465 profugus
1778 1394 1948 1448 venit.
1967 1393 2012 1423 ³³
2035 1392 2136 1447 lla-

540 1511 647 1567 que
674 1495 894 1566 Syphax
921 1501 974 1546 et
1000 1489 1272 1546 Asdrubal
1317 1504 1442 1543 mox
1472 1489 1764 1559 plurimum
1807 1501 2138 1558 reparavere

539 1587 867 1648 exercitum,
901 1594 1066 1655 atque
1116 1581 1310 1637 iterum
1355 1597 1478 1636 cum
1538 1579 1799 1652 Scipione
1849 1580 2134 1652 congressi

540 1685 688 1745 sunt,
713 1676 950 1747 victique
976 1673 1254 1745 fugerunt.
1286 1673 1591 1744 Syphacem
1619 1675 1914 1743 fugientem
1939 1670 2138 1726 Lmlius

2226 470 2414 540 jussus
2450 469 2668 540 quidam
2707 485 2739 525 e
2768 470 3003 524 nauticis
3031 467 3330 524 ascendere
3362 470 3416 523 in
3444 461 3700 524 arborem
3729 485 3819 522 na-

2230 565 2334 632 vis,
2380 573 2541 633 atque
2578 564 2704 618 inde
2748 564 3041 632 speculari,
3073 579 3239 634 quam
3279 564 3556 632 regionem
3599 571 3813 625 teneret,

2233 656 2254 686 ⁸
2283 657 2593 727 sepulcrum
2622 656 2861 711 dirutum
2889 671 2948 711 se
2977 657 3324 726 prospexisse
3343 654 3639 725 reSpondit.
3666 655 3819 725 268

2233 750 2592 805 Abominatus
2630 749 2834 804 dictum
2878 749 3138 814 Annibal,
3183 749 3402 804 deflexo
3440 763 3603 802 cursu
3633 748 3698 800 ad
3729 748 3820 800 Lc-

2233 843 2366 913 ptim
2393 841 2649 910 oppidum
2673 841 2859 910 copias
2882 841 3156 910 exposuit.
3183 841 3204 871 ⁵
3226 839 3328 908 Qui
3353 838 3612 894 continuo
3632 838 3820 894 refecta

2234 933 2600 999 multitudine,
2645 934 2666 964 ‘
2709 931 3092 1002 Carthaginem
3136 935 3320 1000 venit,
3367 930 3569 986 deinde
3605 932 3625 962 "
3665 931 3823 986 collo-

2234 1026 2420 1096 quium
2452 1026 2724 1096 Scipionis
2754 1028 2928 1098 petiit.
2957 1029 2978 1058 ⁸
3007 1026 3108 1082 Ubi
3137 1042 3259 1082 cum
3290 1042 3349 1082 se
3374 1025 3467 1080 diu
3498 1025 3711 1080 attoniti
3737 1025 3822 1080 ad-

2236 1117 2526 1173 miratione
2549 1128 2736 1172 mutua
2760 1120 2868 1172 duo
2889 1118 3180 1173 clarissimi
3201 1119 3372 1174 duces
3391 1121 3413 1151 ’
3436 1119 3820 1188 suSpexissent,

2239 1209 2281 1240 ¹⁰
2304 1208 2504 1264 infecto
2529 1209 2676 1280 pacis
2699 1213 2918 1280 negotio
2941 1211 3183 1279 praelium
3206 1220 3522 1266 consertum
3547 1219 3631 1266 est
3657 1228 3670 1265 :
3693 1211 3822 1280 quod

2237 1302 2330 1356 ditt
2354 1303 2565 1372 magnis
2591 1302 2787 1357 ducum
2813 1303 3022 1358 artibus
3045 1303 3394 1373 diSpositum,
3419 1304 3631 1374 magnis
3656 1303 3826 1374 capia-

2239 1410 2360 1449 rum
2400 1394 2639 1450 molibus
2676 1402 2914 1464 gestum,
2951 1397 3160 1466 magnis
3204 1397 3438 1452 militum
3481 1399 3685 1453 viribus
3711 1412 3826 1452 con-

2238 1499 2590 1554 summatum,
2627 1487 2890 1544 Romanis
2936 1491 3219 1545 victoriam
3261 1491 3520 1546 contulit.
3558 1491 3824 1561 Octoginta

2240 1582 2312 1636 ibi
2351 1583 2626 1653 elephanti
2668 1584 2754 1638 vel
2793 1583 2936 1654 capti
2983 1585 3068 1638 vel
3106 1585 3274 1640 occisi
3310 1593 3460 1650 sunt,
3493 1586 3536 1616 ¹¹
3564 1583 3828 1655 Carthagi-

2242 1675 2514 1732 niensium
2540 1677 2825 1734 interfecta
2854 1687 2978 1732 sunt
3002 1678 3193 1748 viginti
3217 1677 3383 1733 millia
3405 1678 3712 1749 quingenti,
3731 1677 3827 1733 An-

541 1781 598 1828 et
647 1771 972 1826 Massanissa
1015 1775 1302 1836 ceperunt,
1348 1775 1548 1821 caetera
1599 1766 1890 1820 multitudo
1925 1766 2130 1820 Cirtam
2165 1777 2211 1837 Β
2240 1770 2389 1824 nibal
2430 1770 2611 1824 omnia
2643 1779 2699 1825 et
2735 1781 2861 1826 ante
2893 1771 3140 1840 prmlium
3173 1779 3230 1826 et
3258 1771 3312 1826 in
3345 1771 3541 1842 przclio
3566 1779 3823 1841 expertus,

544 1864 590 1899 ”
617 1861 883 1934 confugit,
916 1876 1079 1932 quam
1124 1860 1449 1914 Massanissa
1491 1867 1856 1930 oppugnatam
1895 1858 1949 1913 in
1990 1857 2136 1912 dedi-

547 1954 753 2010 tionem
787 1953 1018 2022 recepit,
1052 1951 1358 2023 Syphacem
1389 1951 1435 1982 ³⁸
1458 1950 1523 2005 ad
1570 1949 1881 2020 Scipionem
1923 1950 2136 2005 catenis

541 2047 781 2102 vinctum
808 2044 1051 2110 deduxit,
1093 2058 1252 2113 quem
1294 2041 1478 2110 Scipio
1508 2056 1630 2095 cum
1662 2040 1978 2110 ingentibus
2015 2054 2136 2109 spo-

543 2139 658 2206 liis,
693 2137 1049 2210 plurimisque
1087 2135 1320 2206 captivis
1366 2133 1410 2165 ”
1456 2133 1683 2189 Romam
1727 2131 2136 2204 perducendum

543 2234 710 2291 Lmlio
740 2232 984 2289 tradidit.

1133 2325 1366 2383 CAPUT
1404 2323 1549 2382 ΧΙΧ.

546 2441 852 2498 Annibalem
889 2441 943 2494 in
981 2439 1216 2511 Africam
1256 2449 1574 2511 revocalmn,
1597 2455 1629 2490 a
1661 2438 1904 2511 Scipione
1928 2456 2144 2511 supcra-

620 2525 749 2574 tum.
775 2508 1109 2595 fugatumque
1129 2512 1288 2582 fuisse
1315 2526 1332 2564 :
1359 2519 1407 2564 et
1429 2508 1936 2580 Carthaginiensibus
1962 2508 2141 2580 pacem

616 2581 929 2641 concessisse
958 2581 1238 2636 Romanos.

615 2699 850 2756 Annibal
873 2697 1050 2755 redire
1077 2698 1129 2753 in
1157 2695 1394 2753 Africam
1418 2696 1626 2766 jussus,
1657 2704 1715 2752 ut
1737 2695 1893 2752 fessis
1915 2696 2143 2752 Cartha-

543 2793 882 2868 giniensibus
913 2790 1246 2859 subveniret,
1273 2791 1290 2822 ¹
1317 2788 1456 2845 llens
1483 2789 1703 2860 reliquit
1727 2787 1958 2856 Italiam,
1981 2791 2001 2820 ²
2025 2805 2144 2842 om-

542 2887 702 2944 nibus
737 2883 904 2942 ltalici
940 2883 1159 2956 generis
1195 2881 1483 2949 militibus,
1507 2882 1540 2956 ,⁸
1579 2882 1673 2954 qui
1711 2882 1869 2952 sequi
1911 2880 2138 2948 nollent,

2239 1878 2360 1918 cum
2386 1863 2596 1933 paucis,
2627 1863 2730 1918 hoc
2758 1872 2863 1930 est,
2895 1864 2981 1918 vix
3006 1873 3242 1934 quatuor
3265 1861 3570 1934 equitibus,
3595 1863 3736 1919 inter
3754 1872 3825 1917 tu-

2241 1955 2467 2010 multum
2489 1956 2732 2026 elapsus,
2759 1956 3112 2012 Adrumetum
3132 1956 3394 2027 confugit.
3409 1955 3612 2012 Postea
3626 1955 3824 2011 Cartha-

2239 2051 2416 2120 ginem
2447 2058 2572 2120 post
2599 2065 2693 2106 sex
2731 2061 2786 2106 et
2818 2050 3040 2122 triginta
3071 2065 3267 2117 annos,
3297 2065 3460 2121 quam
3495 2051 3624 2106 inde
3651 2051 3690 2082 ¹¹
3717 2064 3824 2120 par-

2239 2158 2340 2198 vus
2379 2159 2502 2198 cum
2549 2155 2699 2215 patre
2727 2145 2958 2210 exierat,
2987 2146 3140 2200 venit
3171 2163 3184 2200 :
3215 2144 3260 2176 ¹³
3291 2145 3726 2215 consultantique
3750 2159 3824 2200 sc-

2241 2234 2411 2301 natui,
2455 2235 2655 2290 nullam
2695 2250 2818 2291 esse
2862 2236 3137 2291 residuam
3179 2251 3354 2307 spem,
3389 2237 3492 2291 nisi
3528 2238 3583 2291 in
3614 2236 3821 2307 petenda

2244 2344 2398 2400 pace,
2431 2329 2718 2398 persuasit.
2743 2328 2843 2384 Cn.
2870 2329 3122 2386 Cornelio
3147 2330 3405 2400 Lentulo,
3431 2331 3495 2386 P.
3526 2330 3675 2388 Αζιίο
3696 2332 3822 2386 Ptclo

2245 2422 2586 2488 consulibus,
2611 2419 3150 2493 Carthaginiensibus
3174 2440 3275 2494 pax
3299 2439 3394 2495 per
3415 2424 3721 2495 Scipionem
3743 2441 3822 2480 vo-

2243 2513 2450 2570 luntate
2479 2523 2698 2570 senatus
2731 2515 3023 2586 populique
3049 2531 3308 2572 concessa
3336 2527 3443 2573 est.
3467 2517 3643 2575 Naves
3665 2527 3819 2572 tamen

2245 2605 2369 2677 plus
2407 2621 2566 2676 quam
2611 2608 2915 2678 quingenta:
2958 2609 3010 2664 in
3060 2610 3228 2664 altum
3273 2610 3582 2681 productae,
3622 2612 3672 2667 in
3709 2627 3820 2667 con-

2244 2707 2429 2767 spectu
2457 2698 2694 2754 civitatis
2721 2699 2956 2755 incensa:
2979 2711 3124 2756 sunt.
3149 2700 3332 2769 Scipio
3351 2702 3466 2771 jam
3494 2715 3619 2758 tunc
3639 2716 3819 2773 cogno-

2246 2797 2428 2843 mento
2467 2787 2774 2858 Africanus,
2818 2790 3156 2862 triumphans
3199 2791 3397 2847 Urbem
3435 2793 3702 2864 ingressus
3727 2803 3814 2860 est,

2245 2895 2405 2951 quem
2439 2878 2482 2911 ¹¹⁵
2511 2880 2825 2950 Terentius,
2855 2881 2948 2953 qui
2978 2892 3160 2954 postea
3190 2885 3457 2955 comicus,
3481 2901 3550 2941 ex
3575 2883 3819 2941 nobilibus

1835 3014 2291 3073 llAVERCAMPl
2327 3017 2561 3075 ΝΟΤᾹΞ.

616 3134 709 3190 26.
744 3133 962 3210 Romam
995 3130 1210 3210 refugit.
1244 3131 1303 3210 P_.
1331 3127 1716 3210 Sempronium
1757 3129 1826 3183 ab
1865 3127 2132 3210 Annibale
2165 3127 2212 3189 (Ξ
2258 3203 2282 3210 _
2314 3129 2666 3210 inflantibus
2688 3129 2868 3210 italici
2893 3133 3114 3210 generis.
3148 3133 3258 3210 l_lac
3296 3133 3366 3193 de
3397 3151 3458 3194 re
3483 3138 3748 3210 Appianus
3770 3135 3815 3192 in

546 3207 749 3262 victum
795 3206 850 3258 in
892 3218 1026 3270 agro
1074 3201 1440 3268 Ciotouiensi,
1468 3202 1522 3256 in
1573 3209 1750 3255 castra
1791 3201 2038 3268 rediisse,
2078 3213 2140 3253 ac

545 3275 765 3343 deinde,
795 3275 1060 3330 accersito
1085 3273 1293 3328 Licinio
1322 3273 1541 3334 Crasso,
1576 3270 1805 3343 feliciter
1825 3270 2138 3338 dimicasse,

556 3340 900 3404 Livins'libro
930 3358 1071 3398 nono
1093 3354 1340 3397 extremo
1362 3343 1568 3398 scribit.
1604 3340 1775 3395 FABR.

622 3420 715 3474 27.
746 3413 1279 3486 Aggressusltyberna
1301 3411 1606 3486 Poenorum.
1637 3411 2016 3486 l‘ltec_h_istoria
2046 3427 2142 3486 ex-

546 3499 654 3545 stat
678 3490 730 3543 in
768 3482 972 3556 P'iilyhii
1008 3482 1344 3556 Fragmentis
1374 3486 1469 3556 lib.
1503 3499 1611 3556 xlv,
1643 3483 1784 3556 ap_nd
1811 3482 2020 3538 Livium
2044 3484 2144 3537 itii-

559 3563 633 3616 tio
660 3559 752 3614 lib.
794 3553 925 3615 xxx.
955 3567 1004 3611 et
1025 3553 1326 3623 Appianum
1360 3557 1412 3609 in
1439 3555 1658 3624 Lybico.
1687 3553 1854 3608 FABR.

517 3669 522 3680 η
626 3632 718 3686 28.
743 3625 891 3682 Fecit
927 3627 1156 3682 incendi.
1182 3625 1355 3686 Lugd.
1390 3626 1529 3681 Batt.
1565 3633 1675 3680 tres
1705 3641 1826 3680 cum
1859 3625 2144 3682 Vincentio

555 3712 609 3758 ct
637 3701 772 3757 Coll.
805 3697 1075 3765 Gronov.,
1099 3697 1349 3751 incendit.

622 3774 714 3828 29.
756 3769 1004 3842 Oppressi
1040 3778 1177 3842 suu_t_.
1209 3767 1306 3822 Ed.
1341 3771 1592 3842 Attgnst.,
1622 3768 1853 3842 superati
1897 3778 2018 3823 sunt
2069 3769 2144 3822 vel

551 3838 812 3914 Oppressi;
844 3840 997 3914 Quod
1039 3847 1096 3894 et
1129 3839 1350 3894 Veneta:
1384 3839 1509 3914 edd.
1548 3838 1937 3914 ba_bent,‘dnas
1978 3855 2143 3914 copu-

551 3910 729 3972 lautcs
777 3912 1076 3979 lectiones,
1127 3919 1186 3964 ut
1229 3925 1373 3982 saepe
1423 3911 1476 3966 in
1519 3911 1645 3966 edd.
1681 3910 1920 3980 antiquis
1960 3913 2146 3966 videre

550 3988 702 4043 licet.

625 4059 715 4114 50.
745 4054 811 4109 In
847 4055 1076 4122 utrisque
1118 4054 1304 4108 castris
1347 4069 1413 4108 xt.
1451 4052 1638 4107 millia.
1675 4051 1825 4107 Hunc
1858 4069 2143 4108 numerurm

552 4130 668 4216 ειξὶι
713 4127 904 4216 Livius
937 4142 951 4181 :
984 4125 1260 4214 Appianus
1293 4127 1365 4180 ita
1391 4143 1413 4216 ἐ
1438 4124 1712 4216 ’θπέῥεινον
1737 4123 1804 4212 δέ.
1821 4133 1922 4211 τῷν
1947 4126 2148 4216 ἐχθρῶν

549 4203 700 4274 ὀλίγῳ
728 4197 923 4274 δέοντες
948 4199 1250 4274 τρισςμύριοξ
1277 4237 1294 4274 ρ
1323 4200 1404 4251 καὶ
1432 4197 1756 4267 αἰχμάλωτοι
1777 4199 2006 4274 ’ἐγένρντο
2031 4197 2147 4274 διε-

556 4269 719 4346 χὶἱιρι
747 4273 833 4325 καὶ
857 4269 1208 4346 τετρᾰκόσιρι,
1239 4269 1288 4321 id
1314 4277 1423 4346 est,
1447 4283 1581 4320 cwsa
1611 4278 1740 4346 siml
1768 4269 1992 4320 hostium
2031 4270 2147 4322 mil-

557 4337 630 4397 lia
658 4342 764 4411 fere
797 4356 901 4394 xxx
935 4337 1086 4407 c'apta
1121 4341 1224 4392 duo
1258 4338 1419 4411 millia
1437 4345 1492 4411 et
1519 4352 1666 4411 cccc.
1701 4337 1866 4392 Fann.

624 4408 715 4470 51.
749 4411 914 4482 Capta
951 4411 1174 4482 quinque
1213 4409 1402 4482 millia.
1436 4408 1663 4482 Propius
1688 4411 1755 4482 ad
1783 4410 2009 4482 Appiani
2045 4427 2147 4464 nu-

555 4498 765 4541 merum
813 4479 916 4535 duo
964 4479 1128 4534 millia
1174 4491 1327 4550 capta
1379 4479 1543 4534 fuisse
1593 4479 1780 4535 scribit
1818 4480 1991 4550 Lugd.
2030 4482 2144 4536 Bat.

594 4564 733 4610 ttat't.

554 4573 733 4681 qu???
763 4623 929 4694 [Tigre
970 4620 1279 4690 c/fugerunl.
1329 4619 1474 4676 Fl'ir.
1501 4635 1604 4690 pr.,
1631 4636 1765 4695 argre
1794 4627 2151 4694 aufugerunt;

561 4701 778 4766 tertius2
807 4711 943 4766 wgre
969 4697 1290 4766 refugerunt.

626 4769 716 4824 33.
751 4762 935 4836 Itaque
965 4762 1184 4836 Syphax
1212 4772 1257 4817 et
1288 4762 1728 4836 Asdrubal._ll:ec
1753 4765 1935 4820 omnia
1968 4764 2150 4822 Livius

557 4848 612 4895 et
640 4833 916 4908 Appianus
945 4833 1190 4908 copiose,
1215 4849 1350 4903 quos
1381 4835 1516 4904 lege.
1549 4833 1714 4890 Fanu.

629 4906 1027 4979 Miltonfugit.
1074 4906 1174 4962 Ed.
1225 4909 1397 4979 Aug.,
1447 4908 1705 4979 profugit.
1750 4907 1899 4961 Meus
1940 4908 2150 4976 codex,

629 4924 719 4966 54.
759 4924 1027 5034 coniuga.
1074 4924 1174 4962 na.
1225 4924 1397 4976 aug..
1456 4924 1705 4979 proptgit.
1750 4924 1899 4961 meus
1940 4924 2150 4976 coucx,

555 4983 710 5065 fugil.
767 4979 891 5034 Mox
973 4979 1174 5035 erizon.
1199 5018 1216 5047 ,
1245 4978 1305 5046 in
1353 4976 1666 5030 deditionem
1703 4979 1888 5050 accipit
1929 4993 2026 5050 pro
2067 4996 2152 5034 re-

556 5062 707 5108 cepit.

759 5122 840 5178 Ad
878 5121 1197 5192 Scipionem,
1237 5128 1343 5175 etc.
1387 5117 1704 5175 Vincentius
1732 5121 2005 5178 Bellovac.
2040 5137 2153 5176 ma-

559 5195 670 5250 vult
711 5194 1032 5266 Syphacem,
1068 5193 1262 5248 catenis
1301 5192 1562 5259 vinclum,
1604 5193 1675 5247 ad
1717 5192 2018 5261 Scipionem
2057 5194 2154 5247 ad-

559 5267 728 5322 (luxit.

625 5337 714 5392 36.
761 5335 1000 5390 Romam.
1046 5337 1214 5392 Abest
1246 5334 1314 5389 ab
1339 5341 1464 5389 octo
1509 5349 1666 5400 mss.,
1701 5335 1953 5393 videlicet
1979 5335 2152 5391 tribus

561 5406 1056 5476 Florentt.,‘tribus
1086 5406 1255 5476 Lugd.
1287 5405 1452 5476 Batt.,
1487 5407 1604 5461 Meo
1630 5420 1686 5462 et
1713 5407 1982 5473 Perizou.,
2017 5417 2073 5462 ut
2099 5418 2153 5461 et

556 5492 586 5534 a
630 5472 916 5603 Vitgqentio
953 5472 1323 5534 Bellovacensi
1364 5478 1416 5532 iu
1439 5472 1687 5549 Speculo
1715 5479 1918 5535 llistor.
1947 5472 2042 5534 lib.
2075 5494 2149 5545 Vl,

556 5565 674 5603 can.
785 5587 799 5601 .

555 5565 674 5604 CﬂD.
702 5565 799 5603 οι.

785 5587 949 5687 .XIX,
980 5637 1064 5687 _--‘
1097 5618 1148 5672 1.
1195 5615 1245 5669 F
1249 5618 1356 5672 lens
1397 5619 1601 5687 reliquit
1638 5617 1874 5674 Italiam.
1916 5620 2006 5677 Sic
2048 5619 2153 5676 Ett-

542 5693 759 5817 Eropius
815 5702 831 5741 :
880 5683 1064 5745 Livius
1106 5702 1230 5746 eum
1273 5688 1358 5742 cia:
1405 5683 1648 5763 lacrumis
1695 5699 2004 5766 temperasse
2050 5694 2148 5749 ait.

586 5777 710 5817 ann.

586 5777 710 5817 Αιςιι.

2253 3203 2359 3258 liue
2384 3201 2504 3256 libri
2530 3201 2600 3258 de
2625 3203 2786 3258 rebus
2817 3194 3122 3260 Annibalis.
3157 3206 3325 3261 FABR.

2318 3270 2372 3330 5.
2417 3273 2519 3338 Qui
2548 3275 2697 3350 sequi
2739 3274 2958 3350 nollent.
2991 3277 3264 3350 Perizon,,
3296 3279 3390 3347 qui
3415 3297 3534 3334 eum
3562 3282 3700 3350 sequi
3721 3280 3817 3334 nol-

2247 3345 2399 3427 lant“
2421 3344 2563 3412 quod
2590 3353 2655 3428 et
2692 3347 2834 3416 apud
2869 3347 3118 3405 Viucent.
3152 3344 3360 3406 Bellov.
3394 3350 3540 3406 idem
3573 3344 3711 3420 mox,
3736 3369 3816 3420 ap-

2248 3426 2641 3484 propinquanti.

2318 3487 2375 3563 4.
2411 3487 2720 3563 Sepulcrum
2745 3489 2976 3563 dirutum
3005 3507 3059 3545 se
3087 3493 3432 3563 prospexisse.
3461 3492 3646 3549 Livius
3670 3513 3682 3548 :
3706 3493 3815 3547 Cum

2247 3559 2461 3613 dixisset
2487 3561 2782 3634 sepulcrum
2805 3561 3037 3634 dirutum
3061 3559 3269 3634 proran
3293 3576 3546 3634 spectare,
3581 3567 3816 3619 abomina-

2249 3640 2353 3707 tus,
2393 3631 2690 3707 pratervehi
2719 3634 2874 3707 jussu
2912 3631 3270 3707 gubernatore,
3305 3631 3375 3688 ad
3414 3635 3614 3704 Leptim
3639 3637 3816 3707 appulit

2248 3700 2682 3777 classequann.
2713 3700 2785 3742 l—
2812 3700 3060 3777 V_in'cent.
3092 3700 3594 3777 Bell.,'prospicere.

2323 3776 2375 3827 5.
2408 3773 2510 3837 Qui
2539 3774 2801 3827 continuo.
2833 3774 2924 3829 Sic
2952 3789 3084 3831 mss.
3116 3773 3330 3841 omnes,
3363 3773 3424 3832 ut
3451 3790 3505 3835 et
3531 3777 3815 3835 Vincentius

2250 3842 2484 3911 Bellov.,
2530 3855 2586 3898 ut
2623 3845 2690 3899 ad
2733 3843 3063 3901 Annibalem
3097 3847 3384 3911 referatur.
3417 3865 3524 3906 non
3553 3853 3658 3913 ubi,
3685 3861 3734 3904 ut
3758 3849 3813 3902 ad

2250 3913 2444 3982 Leptin
2468 3955 2485 3981 ,
2515 3915 2656 3984 quod
2689 3916 2815 3970 edd.
2847 3920 3243 3985 excogitarunt.
3274 3921 3409 3976 Cum
3439 3938 3570 3978 mss.
3603 3923 3714 3976 iacit
3736 3919 3809 3974 ed.

2255 3989 2476 4053 August.
2521 3987 2724 4042 codicis
2762 3987 2848 4042 sui
2893 3989 3149 4059 religiose
3186 4004 3410 4060 semper
3446 4008 3664 4049 servans
3699 3992 3814 4046 scri-

2292 4066 2489 4110 turam.

2352 4073 2376 4101 ι·
2475 4096 2489 4110 .

2249 4071 2772 4201 ῗιῖῑξθᾶνιιιαῃὶηεηι
2801 4131 2956 4186 venit.
2991 4129 3108 4186 Non
3135 4132 3202 4186 ad
3235 4131 3438 4190 Urbem
3463 4136 3701 4200 accessit,
3731 4131 3811 4187 sed

2250 4197 2493 4274 Zamam,
2529 4197 2788 4274 quieitcr
2821 4201 3030 4256 dicrttm
3070 4204 3307 4274 quinque
3345 4207 3502 4262 abest
3544 4223 3572 4262 a
3611 4197 3814 4260 Cartha-

2251 4271 2404 4346 giae,
2435 4269 2618 4346 Livius
2657 4272 2796 4346 libro
2823 4289 2951 4342 xxx,
2993 4269 3185 4345 Polyb.
3221 4269 3311 4330 iv.
3348 4278 3448 4333 Ubi
3478 4278 3546 4334 de
3569 4274 3813 4346 colloquio

2253 4341 2451 4396 ducum
2484 4343 2656 4409 plura.
2693 4343 2860 4398 Ἑλίκη.

2325 4413 2387 4486 7._
2413 4411 2738 4486 Colloquium
2779 4415 3041 4486 Scipionis
3087 4417 3252 4483 petiit.
3286 4417 3377 4473 Sic
3409 4434 3542 4474 mss.
3575 4419 3674 4476 Sed
3703 4414 3812 4470 editi

2255 4483 2532 4568 plerique,
2577 4484 2845 4568 Scipionis
2874 4483 3191 4568 'cplloquium
3234 4490 3665 4568 petiit_.__._\ugust.
3703 4501 3812 4568 vero

2179 4563 2231 4624 ι)
2257 4555 2391 4618 stila,
2434 4555 2501 4609 ad
2537 4555 2847 4626 colloquiunt
2885 4555 3149 4626 Scipionis
3177 4555 3330 4612 venit.
3367 4560 3470 4615 Ubi
3497 4555 3610 4616 cum
3641 4577 3690 4616 se
3715 4559 3810 4622 diu,

2257 4635 2362 4702 etc.
2397 4626 2509 4702 [fro
2527 4627 2670 4697 petiit
2696 4638 2928 4702 quatuor
2953 4644 3082 4683 mss.
3113 4633 3239 4702 petit
3270 4632 3494 4686 habent.

2325 4697 2379 4751 8.
2411 4696 2510 4751 Ubi
2530 4696 2644 4750 cum
2667 4715 2720 4753 se
2741 4699 2853 4752 diu.
2879 4699 3001 4754 llaec
3022 4696 3156 4756 mss.
3185 4703 3344 4758 lectio
3365 4712 3470 4759 est.
3495 4703 3654 4760 Editt.
3678 4709 3810 4764 vett.,

2256 4766 2340 4821 lbi
2365 4784 2478 4821 cum
2505 4768 2595 4821 diu
2621 4786 2694 4837 se,
2725 4780 2837 4825 etc.

2327 4839 2384 4914 ξ).
2410 4839 2792 4914 suspexisseut.
2827 4841 2992 4914 Lugd.
3025 4843 3142 4898 Bat;
3170 4859 3278 4914 pr..
3307 4849 3702 4914 conspexissent.

2327 4910 2415 4964 l0.
2451 4908 2672 4980 Infecta.
2719 4911 2886 4982 Lugd.
2910 4908 3035 4968 Bat.
3080 4908 3210 4970 teri.
3254 4931 3376 4972 cum
3407 4908 3546 4972 Coll.
3577 4917 3811 4973 Gronau

2256 4981 2528 5059 interfeclo
2551 4983 2690 5059 pacis
2719 4985 2941 5056 negotio.
2966 4984 3143 5041 Malim
3173 4988 3469 5059 vulgatum.
3498 4989 3622 5044 Dein
3647 4995 3717 5042 est
3736 4985 3814 5038 de-

2258 5051 2330 5108 let
2355 5051 2526 5123 Lugd.
2553 5053 2672 5107 Bat.
2708 5051 2790 5123 pr.

2329 5124 2415 5177 11.
2454 5121 2961 5197 Carthaginiensium
2996 5128 3174 5197 intcrf.
3218 5145 3288 5185 xx
3330 5129 3495 5184 millia
3534 5147 3584 5185 ι).
3615 5127 3696 5185 Sic
3721 5127 3813 5193 Ap-

2255 5193 2448 5277 pianns
2473 5237 2487 5261 ,
2525 5193 2791 5277 'A'rrélialvpu
2826 5205 2925 5255 τῶν
2951 5193 3212 5277 ,πολεμίων
3245 5200 3510 5277 ᾃ-ισμύρςρι
3547 5204 3626 5277 atati
3649 5218 3810 5277 nimisa-

2253 5267 2522 5338 κιο-χίλιοι.
2567 5266 2818 5338 Polybius
2854 5277 2908 5323 et
2947 5266 3132 5326 Livius
3157 5266 3811 5331 scribtint'Carthaginien-

2254 5340 2391 5412 sium
2432 5353 2568 5391 causa
2611 5353 2769 5408 supra
2816 5340 2982 5395 millia
3024 5343 3234 5412 viginti.
3277 5343 3355 5397 De
3398 5342 3673 5397 Annibalis
3709 5339 3810 5405 luga

2253 5408 2472 5484 eosdem
2505 5417 2756 5484 auct_ores
2783 5411 2920 5480 lege,
2950 5408 3171 5468 sicut'et
3199 5412 3267 5469 de
3299 5428 3432 5484 pace
3460 5415 3675 5484 ejusque
3700 5424 3810 5464 con-

2253 5477 2574 5533 ditionibns.
2605 5478 2770 5534 FABR.

2328 5551 2415 5626 lg.
2449 5548 2669 5626 Burnus.
2699 5551 2832 5626 Cod.
2862 5551 3132 5626 Perizon.,
3164 5555 3434 5626 paruulus.

2329 5622 2415 5676 15.
2450 5620 2877 5690 Consultantique
2920 5625 3138 5679 senatui.
3165 5619 3355 5680 Codex
3387 5640 3542 5681 meus
3567 5619 3807 5679 consulen-

2255 5693 2393 5778 tique
2417 5693 2638 5778 senatui,
2658 5694 2809 5774 .quod
2837 5705 2892 5775 et
2923 5695 2972 5748 in
3002 5697 3135 5778 edit.
3165 5696 3393 5778 August.
3427 5697 3620 5778 inveni.

2333 5763 2424 5822 M.
2465 5761 2754 5836 Terentius,
2791 5765 2879 5838 qui
2919 5773 3094 5838 postea
3138 5761 3383 5842 comicus,
3425 5768 3579 5838 Quod
3617 5761 3809 5825 Orosius
