3938 6318
198 335 290 399 905
804 387 815 397 .
1223 336 1700 400 HISTORIARUM
1739 336 1944 402 LIBER
1978 338 2071 402 IV.
2098 341 2252 402 CAP.
2285 344 2405 402 XX.
3346 353 3453 417 906

199 449 677 525 Carthaginiensium
714 449 878 526 269
913 448 1145 523 captivis
1183 452 1422 525 pileatns
1451 454 1629 526 (quod
1669 456 1750 513 in-
1774 458 1823 520 Α
1853 472 1980 529 pum
2010 472 2194 528 regem
2226 465 2422 513 etcum
2448 471 2516 514 eo
2542 456 2804 523 Thracas,
2832 457 3179 532 Macedones,
3208 463 3450 536 Illyrios,

200 545 341 602 dulta:
366 543 460 600 sibi
490 542 751 600 libertatis
780 543 995 615 insigne
1018 543 1141 617 fuit)
1169 545 1591 618 triumphantem
1620 555 1746 619 post
1846 551 2154 621 multasque
2196 559 2462 621 praeterea
2511 557 2735 621 gentes,
2780 565 2903 621 quae
2934 553 2956 583 '
3007 554 3061 607 in
3105 557 3366 611 auxilium
3397 560 3451 614 ei

195 651 385 694 currum
411 643 620 693 secutus
646 644 749 694 est.
1841 654 2142 715 venerant,
2195 644 2341 701 bello
2382 645 2619 716 sabegit.
2644 645 2666 676 ⁸
2693 643 2834 700 Victi
2883 645 3207 704 Macedones
3259 662 3445 708 castra

725 731 956 791 CAPUT
993 732 1115 791 XX.
1843 737 2173 807 amiserunt,
2228 746 2355 792 octo
2395 736 2567 791 millia
2626 735 2864 793 hosﬁum
2915 736 2936 769 ⁷
2991 753 3057 793 co
3111 739 3201 796 die
3257 757 3445 811 caesa,

190 845 259 904 De
299 846 419 903 bello
467 846 832 913 Macedonico,
862 849 917 903 in
946 865 1049 919 quo
1079 864 1195 903 cum
1223 849 1382 907 variis
1407 866 1470 905 ac
1520 850 1716 907 diversi

1844 827 1868 860 ⁸
1915 827 2158 901 quinque
2202 829 2373 885 millia
2425 837 2581 900 capta
2624 829 2884 900 Polybius
2935 830 3145 887 scribit.
3197 832 3452 891 Valerius

249 918 473 993 Bernuini,
497 920 749 991 praecipue
770 918 1407 977 adversusMacedoneset
1429 922 1739 979 Antiochum
1842 919 1978 976 dicit
2030 921 2384 993 quadraginta
2434 921 2602 977 millia
2659 923 2948 977 trucidata.
3008 921 3268 980 Claudius
3313 942 3449 983 vero

249 990 402 1062 Syria:
424 990 587 1065 regem
601 1033 617 1059 ,
640 994 782 1046 varie
803 1000 1185 1079 pugnaverunt.

1845 990 2068 1084 triginta
2089 1013 2200 1069 duo
2230 990 2401 1070 millia
2427 1012 2716 1069 interiecta
2753 1026 3167 1071 commemorat.
3194 1016 3303 1073 Scd
3334 1018 3452 1073 haec

1843 1106 2079 1162 varietas
2092 1106 2418 1177 scriptorum
2443 1105 2628 1177 utique
2650 1106 2858 1161 fallacia
2872 1115 2975 1163 est.
3003 1108 3251 1165 Fallaciae
3263 1120 3450 1166 autem

1845 1213 2008 1255 causa
2037 1200 2283 1271 proiecto
2312 1199 2553 1256 adulatio
2593 1207 2701 1267 est,
2734 1200 2860 1255 dum
2886 1201 3108 1256 victoris
3136 1203 3329 1258 laudes
3357 1218 3449 1259 ac-

1845 1293 2126 1350 cumulare
2147 1333 2164 1360 ,
2187 1291 2559 1363 virtutemque
2582 1292 2775 1362 patriae
2794 1292 3058 1350 extollere
3086 1294 3176 1349 vel
3202 1308 3445 1365 praesen-

1844 1386 1993 1442 tibus
2022 1386 2107 1442 vel
2139 1386 2374 1457 posteris
2392 1385 2614 1442 student
2640 1402 2653 1438 :
2683 1384 2919 1455 alioquin
2944 1386 2991 1441 si
3022 1386 3306 1457 inquisitus
3337 1403 3447 1444 non

1844 1478 2037 1535 fuisset
2058 1494 2320 1535 numerus
2342 1520 2359 1548 ,
2392 1492 2494 1534 nec
2538 1478 2958 1550 qualiscumque
2997 1480 3187 1536 luisset
3216 1496 3444 1551 expres-

1844 1583 1957 1625 sus.
1987 1570 2144 1637 Quod
2170 1569 2217 1625 si
2245 1570 2548 1640 gloriosum
2580 1578 2663 1624 est
2696 1569 2820 1625 duci
2852 1578 2909 1625 et
2936 1570 3146 1640 patriae,
3176 1572 3446 1642 plurimos

174 1660 263 1717 niis
288 1665 565 1736 pugnavit,
606 1666 751 1722 victo
775 1665 984 1722 Nabide
1026 1665 1165 1723 duce
1204 1667 1477 1739 ipsorum,
1512 1668 1743 1725 nobilis-
1846 1662 2086 1719 hosﬁum
2116 1662 2437 1733 peremisse,
2479 1671 2689 1734 quanto
2715 1662 2891 1732 magis
2918 1661 3101 1718 laetum
3143 1667 3358 1734 patriae,
3391 1673 3449 1721 et

172 1752 317 1809 simus
357 1755 572 1814 obsides
616 1757 951 1814 Demetrium
1001 1758 1236 1830 Philippi
1288 1759 1460 1815 lilium
1489 1770 1546 1815 et
1573 1758 1596 1791 ³
1625 1758 1731 1815 Ar—
1843 1756 1968 1813 duci
1998 1757 2215 1813 beatum
2250 1765 2434 1828 potest
2479 1756 2676 1824 videri,
2731 1771 2956 1813 suorum
2994 1757 3081 1813 vel
3127 1758 3306 1813 nullos
3353 1758 3446 1815 vel

172 1859 360 1902 mentem
387 1845 606 1905 Nabidis
629 1849 796 1905 lilium
820 1895 835 1919 ,
869 1857 998 1906 ante
1043 1865 1262 1906 currum
1290 1851 1472 1908 duxit.
1502 1850 1736 1908 Romani
1766 1861 1816 1923 Β
1843 1851 2199 1920 paucissimos
2232 1848 2563 1922 perdidisse.
2617 1850 2696 1905 Ita
2726 1848 3058 1906 lucidissime
3084 1859 3265 1921 patet,
3297 1851 3445 1920 quod

166 1939 367 2010 captivi,
417 1943 509 2014 qui
577 1942 681 1999 sub
746 1942 1016 1999 Annibale
1053 1957 1154 2014 per
1208 1942 1477 2000 Graeciam
1524 1945 1731 2001 venditi
1834 1944 1993 2015 271
2024 1942 2189 1998 simili
2235 1942 2568 2013 impudentia
2609 1941 2932 2009 mentiendi,
2982 1958 3091 2013 qua
3131 1944 3443 1999 occisurum

163 2029 376 2101 fuerant,
408 2034 648 2093 universi
676 2035 884 2106 recepti
908 2077 924 2102 ,
980 2035 1250 2106 capitibus
1277 2036 1419 2092 rasis
1438 2036 1511 2092 ob
1542 2036 1728 2092 deter-

162 2137 264 2179 sam
292 2126 596 2183 servitutem
619 2167 634 2193 ,
680 2141 900 2183 currum
942 2126 1327 2197 triumphantis
1352 2127 1526 2184 secuti
1579 2138 1727 2184 sunt.

162 2214 181 2246 ⁸
204 2216 388 2275 Eodem
414 2229 667 2293 tempore
688 2220 976 2291 Insubres,
1005 2221 1122 2278 Boii
1151 2231 1313 2293 atque
1360 2221 1676 2279 Czenomani
1710 2266 1725 2293 ,

245 1115 261 1146 ι
287 1105 430 1162 Anno
455 1106 522 1161 ab
544 1105 691 1183 Urbe
715 1105 934 1163 condita
979 1122 1144 1163 nnvt
1162 1154 1178 1179 ,
1228 1108 1433 1166 bellum
1476 1109 1739 1167 Punicum

183 1198 447 1255 secundum
478 1198 680 1256 linitum
709 1209 827 1268 est,
878 1200 1025 1272 quod
1067 1208 1279 1274 gestum
1332 1212 1415 1260 est
1460 1204 1619 1259 annis
1656 1219 1745 1261 se-

182 1289 472 1361 ptemdecim
519 1311 531 1347 :
579 1291 666 1348 cui
711 1292 1120 1350 Macedonicum
1169 1297 1432 1351 continuo
1480 1296 1744 1352 successit

180 1384 198 1414 ³
218 1383 343 1455 quod
363 1383 638 1453 Quinctius
654 1383 995 1442 Flamininus
1017 1401 1134 1443 cos.
1157 1388 1398 1455 sortitus,
1424 1396 1549 1459 post
1570 1388 1741 1443 multa

177 1484 225 1533 et
249 1478 396 1551 27o
432 1481 750 1552 gravissima
774 1479 997 1552 praelia,
1037 1480 1236 1553 quibus
1268 1480 1587 1538 Macedones
1615 1480 1744 1538 victi

176 1580 317 1639 sunt,
340 1585 520 1642 pacem
542 1571 795 1644 Philippo
810 1572 984 1628 dedit.
1012 1572 1225 1630 Deinde
1243 1587 1367 1630 cum
1397 1572 1743 1631 Lacedaemo-

1834 2037 2072 2093 hostium
2099 2051 2332 2093 numero
2357 2034 2633 2107 adjicitur,
2657 2036 2936 2091 sociorum
2960 2049 3176 2107 quoquc
3199 2037 3440 2092 amisso-

1833 2145 1954 2186 rum
1984 2129 2188 2186 damna
2233 2130 2582 2195 minuuntur,
2612 2129 2699 2185 vel
2744 2129 2909 2184 etiam
2953 2130 3180 2185 omnino
3207 2131 3445 2188 reticen-

1834 2234 1944 2280 tur.
1977 2226 1998 2258 ’
2031 2223 2203 2295 Igitur
2224 2222 2589 2294 Sempronius
2618 2220 2922 2277 Tuditanus
2966 2222 3023 2276 in
3049 2221 3311 2292 Hispania
3361 2222 3443 2278 ci-

155 2314 419 2370 contractis
465 2315 519 2371 in
545 2330 715 2371 unum
744 2314 982 2380 viribus,
1032 2314 1308 2371 Amilcare
1345 2315 1513 2372 Pmno
1551 2315 1727 2385 duce,
1836 2319 2067 2389 teriore,
2118 2318 2269 2375 bello
2298 2330 2616 2389 oppressus,
2661 2331 2782 2371 cum
2833 2315 2985 2371 omni
3035 2316 3278 2371 exercitu
3324 2315 3437 2372 Ro.

154 2404 304 2471 quiin
329 2404 477 2462 Italia
523 2416 897 2475 remanserat,
928 2408 1255 2464 Cremonam
1285 2407 1732 2480 Placentiamque
1836 2426 2002 2467 manu
2031 2410 2357 2467 interfectus
2396 2419 2522 2466 est:
2556 2409 2600 2441 ¹⁶
2632 2408 2822 2465 consul
2854 2407 3144 2464 Marcellus
3182 2407 3238 2463 in
3273 2409 3434 2463 Etru-

153 2498 792 2567 vastantes,diflicillimo
818 2499 967 2556 bello
994 2516 1024 2555 a
1056 2501 1117 2556 L.
1161 2494 1331 2557 Furio
1360 2510 1594 2573 praetore
1639 2515 1733 2556 su—
1832 2504 1918 2559 ria
1964 2519 1993 2558 a
2036 2503 2186 2560 Boiis
2232 2516 2556 2574 oppressus,
2603 2515 2853 2573 magnam
2898 2510 3109 2571 partem
3160 2502 3435 2558 exercitus

152 2588 298 2656 perati
320 2601 465 2649 sunt.
498 2591 701 2650 Postea
726 2592 1067 2650 Flamininus
1091 2594 1426 2664 proconsule
1449 2635 1468 2661 ,
1521 2593 1731 2666 Pbilip-
1838 2595 2100 2668 perdidit,
2126 2595 2215 2653 cui
2253 2604 2445 2668 postea
2478 2594 2685 2653 Furius
2712 2594 2857 2651 alter
2883 2593 3072 2650 consul
3111 2594 3318 2651 auxilio
3346 2607 3437 2651 ac-

1410 2750 1863 2810 IIAVERCAMPI
1902 2753 2135 2811 ΝΟΤΕ.

148 2862 222 2942 hic
258 2864 322 2942 de
362 2864 610 2924 Terentio
643 2870 864 2937 comico,
888 2869 949 2942 id
980 2868 1167 2926 Livius
1195 2870 1338 2926 libro
1367 2870 1647 2942 trigesimo
1670 2882 1723 2930 et

145 2937 400 3011 trigesimo
435 2949 634 2996 octavo
674 2942 743 2997 de
787 2942 853 3010 Q.
883 2940 1123 2998 Terentio
1156 2937 1725 3011 tCulleone,'senatore

142 3004 395 3084 Romano,
433 3004 833 3084 quempgScipio
872 3014 1011 3069 inter
1050 3014 1293 3084 captivos
1337 3004 1559 3084 recepit,
1591 3018 1725 3071 scri-

138 3090 276 3202 ptum
303 3083 547 3154 reliquit.
596 3082 905 3139 Fenestella
947 3082 1164 3156 quoque
1194 3101 1289 3141 cos
1318 3082 1597 3150 refutavit,
1633 3088 1723 3156 qui

176 3152 410 3202 arentium
461 3169 684 3202 mnium
738 3170 805 3202 Εἰ
863 3155 1037 3202 Africa
1106 3155 1331 3202 Romam
1400 3157 1721 3202 nerdnntnm

176 3152 684 3224 arentium'captum
738 3170 805 3210 ex
860 3152 1038 3211 Africa
1074 3152 1331 3209 'Bomam
1400 3152 1722 3224 perductum

139 3221 470 3292 scripserant.
506 3221 681 3282 FABR.
707 3256 779 3267 -
802 3227 977 3292 Unde,
1007 3225 1354 3297 quantumvis
1387 3221 1438 3281 in
1468 3228 1723 3283 omnibus

137 3306 277 3368 mss.,
306 3303 369 3368 ut
390 3307 446 3352 et
477 3297 777 3353 Vincentio
806 3298 1013 3353 Bellov.
1047 3299 1143 3354 lib.
1173 3313 1250 3365 vt,
1285 3311 1408 3368 cap.
1439 3298 1532 3365 52,
1566 3301 1718 3355 inve-

1835 2873 2141 2945 Pbilippum
2176 2872 2229 2929 in
2258 2872 2506 2930 faucibus
2534 2873 2679 2945 Epiri
2711 2887 2973 2945 prospere
2996 2874 3251 2945 pugnavit
3286 2894 3300 2932 :
3332 2892 3430 2935 an-

1836 2962 2027 3019 noque
2065 2946 2373 3019 insequenti
2427 2946 2585 3019 victo
2618 2946 2667 3019 ei
2698 2960 2886 3016 pacem
2938 2946 3118 3012 dedit,
3169 2948 3429 3019 Polybius

1832 3016 1972 3073 libro
1997 3016 2215 3073 decima
2238 3017 2501 3086 septimo,
2527 3016 2711 3071 Livius
2736 3032 2889 3071 χχχιι
2912 3028 2967 3073 et
2995 3033 3183 3081 nam,
3213 3016 3430 3075 Plutar-

1832 3086 1967 3142 chus
2019 3089 2074 3143 in
2127 3087 2454 3143 Flaminino.
2498 3087 2736 3154 Quinctii
2765 3101 3064 3158 cognomen
3096 3088 3426 3147 Flamininus

1832 3159 1887 3213 in
1914 3158 2150 3215 Cornelii
2191 3158 2474 3215 Gualtheri
2517 3159 2662 3215 libro
2702 3169 2854 3214 recte
2900 3159 3185 3227 scribitur,
3215 3176 3337 3215 cum
3372 3166 3429 3219 in
3474 3171 3483 3177 '

1831 3230 1985 3291 aliis,
2020 3242 2071 3286 et
2100 3230 2262 3301 vulgo
2292 3230 2497 3300 passim
2535 3230 2680 3285 male
2733 3230 3046 3286 scribatur:
3097 3232 3171 3287 De
3214 3231 3427 3290 Nabide

1869 3311 2029 3376 rmter
2055 3302 2349 3376 Liviumet
2390 3301 2773 3376 Plutarchum,
2822 3300 3120 3376 Pausanﬁts
3167 3303 3420 3376 Iibrorv,

134 3350 311 3442 litatur,
355 3350 913 3442 pensitauit];
938 3350 1009 3424 CQ
1033 3350 1159 3442 sui,
1189 3350 1329 3442 ea;
1353 3350 1405 3426 ιι
1432 3350 1628 3425 Aibat.
1661 3350 1714 3439 ξ).
1748 3350 1795 3415 C
1824 3350 2778 3442 Humanitas.xiii-{gaesa
2808 3350 3203 3441 statim;

132 3433 247 3514 i2“,
274 3433 547 3514 impudens
573 3440 830 3513 glossema
857 3449 1038 3514 vocat,
1067 3433 1401 3495 librariorum
1426 3433 1719 3512 ignorantia

131 3510 384 3563 inrectum.
425 3510 646 3567 Vellem
687 3514 848 3568 sane!
893 3511 999 3568 Sed
1042 3525 1257 3577 vereor,
1289 3527 1357 3565 ne
1387 3510 1549 3566 niinis
1578 3514 1720 3567 osci-

130 3584 290 3652 tanter
329 3589 384 3635 et
413 3589 786 3652 praperanter
815 3581 1023 3638 Livium
1054 3582 1245 3650 legerit
1268 3580 1510 3639 Orosius.
1540 3583 1717 3640 Orosii

129 3650 257 3705 enim
278 3650 481 3724 stylum
504 3652 727 3723 sapiunt
748 3653 865 3718 illa,
886 3653 977 3723 qui
1000 3660 1179 3724 postea
1200 3654 1449 3713 comicus.
1475 3662 1534 3709 ut
1553 3668 1716 3724 supra

126 3732 231 3795 cap.
261 3723 344 3787 16,
362 3724 437 3795 de
459 3723 747 3794 Scipione,
769 3725 860 3795 qui
881 3732 1058 3793 postea
1079 3723 1383 3795 Africanus.
1408 3723 1717 3783 Credidisse

125 3792 333 3866 videtur
358 3794 423 3850 P.
465 3792 815 3866 Terﬁntiuni,
850 3792 1036 3866 postea
1063 3792 1385 3865 scriptorem
1417 3796 1711 3864 comicum,

123 3874 179 3935 es
201 3863 496 3935 nobilibus,
526 3865 621 3921 vel
647 3872 708 3920 ut
730 3863 973 3935 quaedam
1000 3866 1125 3921 edd.
1155 3863 1376 3932 linbent,
1406 3882 1470 3923 ex
1496 3863 1714 3923 nobilis;

119 3932 247 4009 siritis
270 3932 810 4009 Carthaginiensium
833 3936 1259 4007 luissecaptivis,
1275 3947 1330 3993 et
1349 3938 1565 4008 quidem
1590 3950 1717 3994 ante

121 4006 501 4080 triumphum,—
528 4008 800 4080 servitute
834 4006 1145 4080 exemptum
1185 4018 1243 4063 et
1268 4006 1518 4064 libertate
1544 4009 1713 4064 dona-

119 4081 241 4151 tum,
263 4092 424 4151 atque
446 4079 582 4136 ideo
604 4079 872 4151 Scipionis
894 4079 1257 4136 benefactoris
1276 4095 1493 4135 currum
1520 4079 1715 4134 trium-

115 4145 314 4214 phalem
335 4145 616 4207 secutum
658 4145 846 4206 luisse.
890 4151 1049 4222 Nam,
1094 4151 1163 4215 si,
1207 4161 1266 4205 ut
1294 4154 1588 4222 glossema,
1620 4154 1711 4207 illa

117 4226 307 4274 tantum
357 4222 776 4293 tollamus,iqui
813 4233 989 4293 pos'ea
1028 4225 1275 4286 comicus,
1318 4231 1599 4293 remanent
1635 4233 1714 4277 ta-

111 4303 244 4356 men,
268 4306 389 4362 qttze
412 4295 563 4349 male
589 4291 890 4353 cobzerent.
916 4294 1107 4360 verba,
1129 4309 1195 4347 ea:
1216 4293 1469 4348 nobilibus
1489 4291 1712 4348 Cartim-

110 4362 412 4437 giniensium
451 4363 809 4437 captivissQ.
853 4364 1139 4437 Terentius
1182 4363 1370 4419 Culleo
1411 4368 1580 4437 enim,
1624 4365 1711 4420 cui

111 4433 190 4485 illa
213 4434 473 4503 Ielicitas,
500 4433 653 4506 apud
680 4434 892 4491 Livium
915 4445 970 4491 et
993 4436 1149 4501 alios,
1173 4437 1466 4503 contigisse
1487 4436 1708 4503 dicitur,

104 4517 204 4560 non
235 4515 419 4574 potest
449 4505 565 4562 diei
601 4505 767 4578 fuisse
791 4522 856 4562 ex
886 4508 1156 4563 nobilibus
1182 4506 1708 4578 Carthaginiensium

106 4579 343 4649 captivis,
374 4578 507 4644 quia
539 4577 649 4632 fuit
674 4592 741 4633 ex
761 4578 989 4649 captivis
1019 4580 1383 4633 Itomanorum
1411 4579 1550 4648 apud
1581 4578 1711 4634 Car-

103 4645 494 4719 thaginienses,
525 4651 613 4704 sic
651 4649 795 4703 enim
830 4645 1060 4703 Romani
1088 4652 1275 4721 captivi
1305 4651 1357 4704 in
1389 4645 1594 4704 Graecia
1619 4665 1711 4705 oc-

1892 3446 1946 3499 5.
1980 3444 2272 3499 Armenem.
2297 3443 2347 3499 Is
2368 3443 2509 3514 apud
2535 3442 2815 3499 Romanos
2839 3445 2890 3497 in
2910 3442 3059 3498 Italia
3085 3448 3229 3501 diem
3259 3446 3417 3504 obiit.

1822 3513 2130 3587 Demetrius
2158 3524 2346 3587 postea
2378 3515 2519 3587 patri
2548 3515 2798 3587 Philippo
2829 3514 2929 3570 fuit
2951 3516 3216 3572 redditus.

1889 3589 1946 3658 4.
1975 3584 2179 3658 Εοάεηξ
2204 3584 2431 3658 tempore
2461 3584 2885 3641 Insubres.’Iltcc
2912 3601 3001 3641 res
3026 3596 3213 3642 contra
3235 3589 3421 3647 Gallos

1818 3670 1860 3731 a_
1875 3657 1937 3731 L.
1968 3657 2135 3731 Furio
2155 3656 2511 3731 Purpureqne
2538 3665 2773 3727 pra-tore
2796 3667 3061 3731 gesta__est
3082 3658 3142 3713 P.
3175 3659 3421 3731 Sulpicio

1820 3727 1986 3784 Galba
2006 3769 2022 3795 ,
2068 3727 2131 3785 C.
2158 3728 2381 3783 Aurelio
2407 3726 2567 3783 Cotta
2596 3742 2738 3784 coss.
2768 3742 2910 3783 anno
2935 3726 3099 3784 Urbis
3127 3726 3290 3797 nun,
3325 3733 3415 3787 Li-

1820 3800 1942 3855 vius
1969 3799 2110 3854 Iibro
2138 3814 2265 3853 xxx.
2292 3797 2456 3853 Fann.

1889 3870 1942 3924 5.
1969 3868 2036 3922 In
2061 3869 2320 3924 auxilium
2344 3870 2411 3921 ei.
2452 3867 2589 3924 Tres
2638 3884 2705 3924 ex
2734 3868 2907 3939 Lugd.
2952 3868 3096 3923 Batt.
3120 3885 3241 3925 cum
3269 3872 3408 3929 Coll.

1818 3939 2059 4010 Gronov.
2097 3942 2282 4010 legunt
2298 3982 2312 4006 ,
2337 3940 2425 4010 qui
2451 3939 2505 3991 in
2522 3940 2729 4010 auxilio
2753 3940 2866 4010 ejus
2887 3950 3146 3994 venerant.

1887 4011 1942 4066 6.
1982 4009 2115 4064 Victi
2144 4009 2474 4083 Macedones.
2508 4009 2766 4083 Prmlium
2795 4010 3098 4083 intelligit,_
3136 4027 3243 4083 quo
3272 4014 3406 4070 Phi-

1814 4081 2024 4153 lippus;
2050 4095 2166 4153 res
2191 4078 2543 4153 Macedonum
2564 4121 2579 4145 ,
2597 4080 2709 4153 _ad
2728 4078 3169 4153 Cynoscephalas
3183 4124 3197 4145 ,
3230 4087 3407 4142 victus

1814 4150 1899 4208 est
1921 4168 1950 4207 a
1974 4151 2038 4207 T.
2068 4150 2335 4220 Quinctio.
2360 4150 2513 4217 Quod
2545 4168 2572 4203 ιι
2596 4150 2751 4205 Livio
2778 4150 3095 4219 expositum
3124 4153 3223 4207 fuit
3246 4156 3405 4212 initio

1812 4223 1936 4279 libri
1967 4238 2173 4287 χχχιιι,
2203 4221 2297 4277 sed
2348 4234 2473 4275 cum
2506 4220 2579 4275 ibi
2605 4236 2717 4276 non
2745 4222 2864 4276 sine
2904 4221 3111 4290 jactura
3159 4224 3405 4282 hismrim

1814 4294 2181 4361 interciderit,
2215 4293 2267 4364 in
2290 4291 2502 4364 Polybii
2532 4292 2845 4363 fragmentis
2884 4293 3023 4348 libro
3072 4294 3285 4352 decimo
3312 4312 3407 4353 se-

1812 4368 1983 4437 ptimo
2012 4363 2268 4437 singulari
2298 4361 2564 4437 beneﬂcio
2588 4361 2965 4437 censervatum
2989 4374 3091 4420 est.
3123 4365 3225 4422 Ubi
3256 4370 3403 4437 quod

1810 4434 2373 4508 aPolybio_scriptum
2404 4434 2627 4490 Orosius
2668 4434 2838 4490 refert
2863 4476 2878 4499 ,
2920 4437 2998 4491 sic
3039 4437 3233 4503 legitur
3259 4434 3287 4503 ,⁷
3305 4448 3405 4494 τῶν

1811 4507 1866 4581 δὲ
1903 4506 2202 4565 Mandriva
2240 4509 2486 4581 ᾲίπᾷθᾳνον
2515 4509 2605 4578 μὲν
2656 4509 2703 4562 οἱ
2744 4510 2931 4581 πάντες
2981 4511 3054 4569 εἰς
3093 4510 3403 4581 ὀκτακισχί-

1810 4580 1948 4656 ᾉι-ους
1981 4584 2222 4656 ,ζωγρείᾳ
2245 4577 2289 4635 δ’
2317 4577 2541 4634 ἑάλωσαν
2570 4581 2658 4634 οὐκ
2686 4580 2923 4656 ilus-tau;
2950 4577 3399 4656 πεπακισχελίὦν.

1809 4650 1958 4706 Idem
1983 4650 2241 4705 nun't'ertis
2258 4664 2522 4707 caesorum
2551 4658 2636 4706 est
2654 4652 2795 4720 apud
2829 4650 3204 4706 Plutarchum.
3226 4650 3399 4708 Fann.

101 4731 319 4777 currunt
361 4737 492 4791 cap.
538 4735 700 4790 sequ.
736 4721 1004 4794 Phi-terea
1035 4729 1162 4777 tunc
1192 4722 1331 4776 [oret
1357 4721 1702 4794 scribendum
1730 4732 1786 4794 ι)
1816 4723 1933 4794 __7.
1956 4720 2040 4776 Eo
2068 4722 2154 4775 die
2191 4736 2345 4794 cassa.
2375 4721 2468 4794 Sic
2509 4735 2661 4794 mss.
2680 4722 2938 4794 _meliores
2985 4737 3084 4776 sex
3104 4764 3119 4790 ,
3143 4723 3402 4778 videlicet

100 4801 328 4864 receptet,
355 4794 474 4860 vel,
504 4801 572 4847 ut
595 4806 714 4861 cap.
739 4805 918 4864 sequ._.
947 4793 1181 4859 detersis,
1208 4807 1314 4864 non
1341 4807 1470 4845 vero
1489 4791 1706 4864 indulta:

98 4860 364 4933 libertatis,
401 4860 673 4919 Romano
705 4860 849 4918 enim
887 4862 1164 4917 Romanus
1196 4860 1498 4918 libertatem
1526 4861 1709 4918 indul-

95 4947 217 5006 gere
250 4951 364 4992 non
405 4942 660 5006 poterat,
699 4948 821 5006 qua).
854 4935 928 4989 illi
948 4933 1158 5006 _eodem
1193 4934 1317 5004 jure
1354 4934 1614 5006 quo_sibi,
1647 4943 1708 4991 ut

95 5003 362 5077 _Romano,
392 5003 779 5077 competebat,
808 5007 901 5063 sed
947 5004 1112 5060 herus
1153 5003 1616 5077 scrv'ojxidnlgere
1646 5006 1708 5059 li-

90 5074 354 5135 bertatem
387 5074 570 5144 solet,
605 5085 663 5132 et
683 5078 764 5132 sic
788 5077 1159 5133 manumissus
1187 5075 1285 5131 fuit
1318 5074 1382 5131 P.
1413 5074 1456 5130 Τ
1461 5076 1708 5132 ercntius

88 5146 199 5221 ille,
231 5151 329 5221 qui
358 5159 566 5221 postea
598 5148 861 5221 comicus.
966 5218 977 5221 _
1043 5217 1088 5221 __
1128 5217 1138 5221 _
1327 5182 1349 5221 ς

155 5192 879 5278 ἓΑἶΪ’Χ”ἱῘ’Ϊ-”Ῐ
924 5218 987 5274 ab
1040 5217 1180 5274 Urbe
1202 5192 1411 5273 condita
1437 5232 1615 5273 DXLVI.
1647 5217 1706 5274 In

86 5288 261 5348 Fastis
309 5287 661 5364 Capitolinis
720 5289 810 5347 hic
860 5306 1035 5347 annus
1073 5299 1158 5364 e_s_t
1198 5292 1271 5364 ab
1318 5288 1463 5364 Urbe
1492 5291 1710 5364 condita

88 5375 209 5419 DLII.
266 5360 499 5420 Bellum
566 5370 749 5417 autem
801 5365 1032 5432 primum
1081 5360 1512 5432 Macedonicum,
1566 5361 1710 5431 quod

85 5432 186 5491 hoc
214 5449 371 5492 anno
403 5433 654 5490 Romani
696 5431 1087 5504 susceperunt,
1137 5434 1301 5504 etiam
1354 5431 1713 5504 Philippicum

82 5519 300 5579 agrege,
334 5509 585 5579 quicum
617 5514 828 5579 gestum
859 5502 973 5572 est,
1005 5503 1348 5579 n_o_minatu_r,
1395 5504 1463 5559 de
1486 5518 1591 5573 quo
1622 5502 1715 5579 Li-

83 5574 370 5647 vius'libf
394 5585 634 5647 xxngt
677 5574 971 5647 deinceps,
1020 5575 1217 5631 Florus
1257 5574 1352 5629 lib.
1402 5589 1439 5630 ιι
1477 5589 1597 5644 cap.
1645 5578 1711 5644 7,

82 5645 390 5717 Eutrapius
424 5663 510 5704 tv.
549 5643 720 5701 Fann.

148 5721 206 5776 2.
244 5716 413 5788 Quod
451 5718 744 5786 Quinctius
790 5716 1146 5775 Flamininus.
1193 5716 1258 5772 Τ.
1318 5717 1613 5786 Quinctius.
1646 5716 1710 5771 Τ.

80 5788 151 5848 F.
191 5791 259 5849 L.
291 5793 374 5849 Ν.
412 5788 775 5845 Flamininus
804 5805 918 5846 cos.
966 5792 1019 5844 in
1047 5789 1227 5846 Fastis
1274 5789 1591 5860 Capitolinis
1629 5788 1714 5844 in-

77 5866 302 5924 venitur
325 5877 490 5922 anno
515 5872 649 5918 nu.
681 5860 733 5919 ls
775 5866 1000 5919 sortitus
1028 5862 1396 5923 Macedoniam
1445 5860 1714 5921 adversus

517 5955 804 6025 Panos.
844 5958 1090 6025 XXXI.

1812 4792 2080 4866 Florentt.
2113 4800 2260 4866 tres,
2310 4792 2594 4866 Perizon.,
2647 4792 2802 4866 Meus
2829 4800 2899 4866 “et
2935 4807 3073 4866 unus
3118 4810 3187 4848 ex
3222 4795 3396 4866 Lugd.

1811 4865 1953 4919 Batt.
1982 4864 2310 4934 astipulante
2337 4861 2475 4917 Coll.
2508 4862 2745 4918 Gronov.
2780 4862 2922 4927 Alii,
2977 4863 3173 4919 eodem.

1884 4936 1938 4991 8.
1970 4936 2205 5005 Quinque
2228 4934 2393 4988 millia
2420 4944 2593 5004 capta.
2624 4934 2892 4989 Numerus
2917 4948 3181 4990 caesorum
3214 4937 3267 4991 in
3297 4937 3399 4992 tri-

1810 5006 1912 5062 bus
1940 5021 2072 5061 mss.
2120 5004 2515 5062 recentioribus
2544 5022 2720 5059 novem
2743 5045 2758 5067 ,
2803 5012 3087 5075 captorum
3142 5023 3237 5061 sea:
3277 5008 3401 5063 mil-

1811 5077 1954 5133 libus
2004 5077 2295 5140 delinitur,
2345 5075 2443 5131 sed
2495 5086 2685 5148 contra
2738 5075 3040 5147 Polybium.
3092 5076 3246 5146 Mox,
3296 5092 3397 5148 pro

1768 5210 1771 5211 ν
1809 5148 2017 5202 victoris
2043 5188 2059 5213 ,
2089 5148 2211 5203 cod.
2238 5148 2479 5203 Perizon.
2505 5188 2521 5212 ,
2544 5147 2815 5201 victorum.

1887 5218 1943 5274 9.
1985 5216 2158 5290 Igitur
2198 5217 2561 5290 Sempronius.
2593 5216 2656 5271 C.
2703 5218 3055 5289 Sempronius
3095 5218 3398 5276 Tuditanus

1815 5289 2042 5364 praetor,
2069 5289 2123 5364 i_n
2142 5290 2406 5364 citeriore
2430 5289 2680 5364 Hispania
2703 5290 3123 5364 praeliovictus,
3150 5307 3214 5346 ex
3243 5294 3399 5363 gravi

1813 5359 2039 5416 vulnere
2085 5360 2233 5416 baud
2263 5362 2336 5415 ita
2386 5360 2558 5414 multo
2590 5369 2714 5428 post
2755 5359 3069 5428 exspiravit,
3102 5359 3287 5417 Livius
3329 5364 3399 5418 li-

1814 5433 1915 5488 bro
1939 5446 2133 5486 xxxttt.
2181 5432 2460 5503 Appianus
2488 5432 2540 5484 in
2569 5430 2875 5501 Hispanicis
2901 5432 3268 5503 Sempronium
3288 5433 3401 5491 Τιι-

1815 5503 2075 5574 dcrtinum
2100 5501 2353 5574 appellat.
2391 5501 2558 5574 Fann.

1888 5575 1976 5629 £0.
2018 5571 2217 5628 Consul
2259 5571 2561 5628 Marcellus.
2608 5572 2677 5627 M.
2728 5573 2987 5630 Claudius
3018 5575 3309 5631 Marcellus
3348 5583 3405 5630 et

1818 5645 1882 5701 L.
1911 5644 2108 5699 Furius
2139 5646 2425 5715 Purpureo
2458 5646 2709 5701 consules
2734 5647 2953 5701 filerunt
2975 5664 3117 5702 anno
3144 5662 3309 5711 nLvn,
3344 5648 3401 5701 in

1821 5731 1995 5790 coque
2022 5717 2340 5790 magistratu
2384 5730 2501 5775 rem
2538 5718 2593 5774 ιιι
2626 5716 2842 5777 Etruria
2874 5732 3181 5790 gesserunt,
3214 5718 3401 5777 Livius

1820 5788 1919 5848 lib.
1946 5788 2137 5847 xsxnt.
2170 5788 2335 5849 Fana.

2824 5953 2907 6024 29
