3938 6292
552 316 659 374 907

1960 300 2169 360 PAULI
2207 299 2435 360 OROSll

3717 301 3804 362 908

558 432 771 489 cessit:
801 436 963 498 atque
1005 425 1080 481 ita
1129 423 1440 478 universam
1473 418 1730 476 Boiorum
1775 423 1994 487 gentem
2032 415 2144 488 igni
2172 425 2223 484 Α
2252 415 2522 474 Annibale
2564 416 2897 490 colloquium
2933 417 3203 476 familiare
3233 415 3437 474 habuit.
3482 413 3588 475 Sed
3630 415 3807 475 infecto

553 509 809 594 ferroque
840 528 1140 585 vastantes,
1173 513 1569 587 propemodum
1599 525 1769 584 usque
1810 510 1879 565 ad
1918 509 2147 565 nihilum

561 616 902 673 deleverunt.
949 611 1013 667 L.
1047 609 1269 665 Valerio
1319 607 1541 674 Flacco,
1585 606 1658 663 M.
1709 604 1905 662 Porcio
1945 601 2150 661 Catone

559 707 895 770 consulibus,
928 705 969 736 “
1002 702 1328 768 Antiochus,
1357 715 1457 757 rex
1487 699 1682 772 Syria,
1714 701 1916 757 bellum
1949 709 2146 758 contra

554 802 818 876 populum
851 800 1157 855 Romanum
1196 797 1238 828 ¹²
1270 805 1513 862 struens,
1548 795 1602 849 in
1633 793 1909 866 Europam
1941 797 2156 850 transiit

555 915 624 954 ex
658 898 806 951 Asia.
833 895 988 950 Tunc
1017 891 1182 949 etiam
1207 889 1444 946 Annibal
1477 899 1704 960 prOpter
1723 890 1997 945 excitandi
2022 889 2150 945 belli

550 1005 827 1057 rumores,
881 987 971 1058 qui
1002 987 1069 1041 de
1113 1000 1180 1042 eo
1225 983 1367 1055 apud
1412 983 1691 1038 Romanos
1730 983 1774 1015 “
1801 984 2146 1048 serebantur,

552 1081 812 1141 exhiberi
841 1080 884 1110 ¹³
915 1079 1142 1134 Romam
1177 1092 1204 1130 a
1237 1085 1426 1132 senatu
1459 1075 1670 1144 jussus,
1701 1074 1841 1130 clam
1873 1090 1939 1130 ex
1972 1075 2152 1130 Africa

552 1175 852 1247 profectus,
882 1171 950 1228 ad
974 1169 1307 1226 Antiochum
1350 1167 1599 1238 migravit
1629 1183 1644 1225 :
1673 1182 1835 1238 quem
1863 1184 1982 1224 cum
2008 1167 2149 1238 apud

555 1267 833 1339 Ephesum
868 1264 1166 1320 invenisset
1186 1269 1560 1327 cunctantem,
1586 1275 1710 1316 mox
1741 1260 1794 1315 in
1822 1260 2023 1316 bellum
2049 1261 2148 1316 im-

556 1365 715 1436 pulit.
761 1362 916 1417 Tunc
957 1359 1125 1414 etiam
1156 1358 1198 1389 ¹⁸
1227 1357 1337 1421 lex,
1381 1371 1507 1426 qua:
1550 1355 1619 1410 ab
1660 1355 1837 1426 Oppio
1864 1355 1906 1386 ¹⁶
1937 1357 2152 1410 tribuno

557 1455 735 1526 plebis
768 1453 872 1507 lata
898 1451 1098 1516 fuerat,
1127 1465 1194 1505 ne
1219 1463 1324 1520 qua
1352 1447 1550 1503 mulier
1578 1448 1698 1518 plus
1725 1463 1884 1518 quam
1909 1449 2149 1503 semiun-

550 1551 690 1604 ciam
714 1546 828 1600 auri
861 1544 1114 1606 haberet,
1146 1555 1288 1596 neve
1311 1538 1628 1595 versicolori
1660 1539 2012 1608 vestimento,
2044 1555 2148 1595 nec

542 1639 794 1696 vehiculo
851 1651 948 1707 per
998 1634 1198 1691 Urbem
1246 1641 1512 1697 uteretur,
1560 1641 1685 1703 post
1738 1633 1931 1704 viginti
1974 1649 2146 1690 annos

546 1733 813 1802 abrogata
835 1738 942 1784 est.
971 1728 1031 1782 P.
1057 1726 1313 1796 Scipione
1339 1723 1599 1780 Africano
1627 1725 1854 1791 iterum,
1883 1724 1968 1780 Ti.
1997 1725 2147 1782 Sem-

2252 513 2403 584 pacis
2452 514 2691 584 negotio,
2743 514 2815 568 ab
2863 513 3134 570 Antiocho
3177 511 3447 570 discessit.
3495 513 3554 570 ln
3603 523 3804 586 utraque

2255 605 2512 675 llispania
2558 622 2654 676 per
2699 605 3086 674 Flamininum,
3141 606 3499 678 Fulviumque
3546 615 3803 678 przetores,

2252 701 2393 758 bella
2425 702 2470 732 ”
2501 701 2728 756 multum
2764 702 2984 757 horrida
3017 710 3357 773 cruentaque
3389 703 3622 772 utrisque
3659 717 3804 771 popu-

2254 797 2322 852 lis
2367 805 2523 867 gcsta
2573 806 2719 851 sunt.
2767 796 2812 828 ²³
2840 797 2899 851 Ρ.
2945 797 3199 853 Cornelio
3245 796 3521 868 Scipioiie,
3561 795 3627 850 Μ.
3664 795 3807 850 Acilio

2251 887 2546 944 Glabrione
2575 888 2914 957 consulibus,
2961 887 3266 945 Antiochus
3293 888 3546 959 quamvis
3574 885 3807 942 Thermo-

2253 983 2405 1052 pylas
2449 991 2793 1050 occupasset,
2817 980 2864 1012 "
2889 995 3119 1051 quarum
3166 981 3467 1036 munimine
3507 978 3664 1034 tutior
3697 994 3805 1050 pro-

2253 1082 2372 1143 pter
2413 1073 2606 1128 dubios
2645 1073 2773 1128 belli
2824 1082 3054 1129 eventus
3084 1073 3264 1139 ﬁeret,
3313 1082 3496 1130 tamen
3544 1074 3803 1129 commisso

2249 1165 2417 1230 bello,
2441 1181 2470 1219 a
2500 1167 2722 1222 consule
2749 1165 3046 1222 Glabrione
3084 1175 3399 1236 superatus,
3437 1167 3524 1221 vix
3548 1182 3662 1222 cum
3690 1182 3801 1236 pauo

2250 1260 2330 1315 cis
2360 1260 2406 1290 ³³
2431 1260 2566 1328 l'ngit
2595 1276 2623 1312 e
2655 1259 2862 1326 priclio,
2894 1261 3280 1330 Ephesumque
3307 1260 3573 1330 pervenit.
3597 1259 3638 1290 “
3659 1258 3802 1314 lsha-

2250 1353 2434 1408 buisse
2476 1351 2652 1408 fertur
2695 1363 3036 1409 armatorum
3087 1354 3370 1424 sexaginta
3403 1354 3593 1421 millia,
3619 1369 3677 1408 ex
3705 1353 3807 1423 qui-

2254 1446 2354 1501 bus
2385 1447 2741 1518 quadraginta
2775 1448 2942 1503 millia
2971 1461 3134 1516 czesa,
3161 1459 3320 1518 capta
3360 1448 3480 1519 plus
3505 1462 3658 1519 quam
3678 1446 3808 1513 quin-

2247 1557 2353 1610 que
2381 1542 2545 1597 millia
2573 1540 2743 1598 fuisse
2769 1543 3100 1600 referuntur.
3125 1543 3279 1600 Alter
3301 1543 3492 1598 consul
3512 1543 3683 1614 Scipio
3703 1558 3803 1598 cum

2246 1633 2506 1690 Boiorum
2539 1645 2700 1705 gente
2744 1635 3014 1705 conflixit,
3042 1637 3086 1669 ’⁷
3117 1637 3170 1692 in
3214 1652 3323 1707 quo
3361 1639 3408 1669 ’⁸
3432 1637 3613 1708 przelio
3639 1637 3801 1707 viginti

2248 1728 2416 1782 millia
2471 1728 2708 1783 hostium
2756 1728 3050 1785 interfecit.
3083 1731 3126 1764 '9
3157 1730 3417 1801 Sequenti
3467 1746 3606 1785 anno
3643 1729 3800 1799 Scipio

545 1825 738 1896 pronio
785 1822 973 1892 Longo
1013 1818 1354 1884 consulibus,
1386 1816 1531 1888 apud
1579 1815 1943 1872 Mediolanum
1975 1819 2017 1848 "
2042 1817 2138 1874 de-
2174 1819 2220 1879 Β
2246 1817 2555 1886 Africanus,
2610 1819 2817 1875 habens
2861 1821 2914 1876 in
2975 1821 3177 1878 auxilio
3227 1822 3527 1877 Eumenem
3565 1821 3718 1878 Attali
3757 1819 3805 1875 li-

541 1933 664 1974 cem
712 1914 880 1970 millia
907 1912 1192 1970 Gallorum
1231 1926 1375 1968 ctesa
1401 1931 1415 1966 :
1440 1912 1696 1982 sequenti
1743 1921 1921 1967 autem
1952 1913 2144 1982 praelia

546 2009 804 2066 undecim
832 2007 998 2062 millia
1024 2005 1329 2072 Gallorum,
1357 2004 1726 2060 Romanorum
1748 2019 1878 2059 vero
1901 2006 2144 2075 quinque

545 2101 738 2168 millia,
766 2099 945 2154 occisa
979 2106 1134 2153 sunt.
1173 2098 1216 2129 ³⁸
1243 2095 1467 2151 Publius
1493 2095 1656 2166 272
1689 2095 1914 2166 Digitius
1942 2107 2144 2166 praetor

540 2195 596 2250 in
630 2192 889 2262 Hispania
938 2192 1221 2256 citeriore,
1271 2204 1410 2260 pene
1451 2205 1669 2245 omnem
1702 2191 1890 2245 amisit
1934 2191 2143 2247 exerci-

538 2297 675 2342 tum.
727 2285 797 2340 Μ.
832 2284 1059 2340 Fulvius
1113 2289 1318 2354 praetor
1361 2282 1665 2338 Celtiberos
1713 2297 1837 2338 cum
1881 2284 2141 2354 proximis

541 2380 798 2449 gentibus
829 2377 982 2441 vicit,
1011 2377 1371 2446 “regemque
1409 2388 1601 2430 eorum
1631 2375 1796 2444 cepit.
1823 2375 2087 2434 Minucius
2113 2392 2140 2430 a

539 2469 834 2541 Liguribus
860 2468 913 2523 in
937 2479 1251 2524 extremum
1282 2465 1578 2538 periculi’o
1608 2465 1898 2537 adductus,
1923 2477 1980 2525 et
2011 2469 2143 2524 insi-

535 2565 642 2620 diis
665 2564 903 2620 liostium
932 2563 1366 2627 circumventus,
1395 2560 1485 2616 vix
1509 2559 1865 2617 Numidarum
1897 2563 2139 2633 equitum

537 2658 804 2714 industria
858 2656 1129 2712 liberatus
1168 2666 1272 2711 est.
1309 2655 1353 2686 ¹¹
1398 2653 1581 2724 Scipio
1635 2655 1944 2726 Africanus,
2001 2659 2144 2715 inter

535 2760 766 2807 caeteros
795 2749 1007 2820 legatos
1058 2747 1127 2804 ad
1160 2745 1491 2803 Antiochum
1533 2745 1762 2815 missus,
1817 2749 1982 2805 etiam
2013 2764 2140 2807 cum

2247 1912 2399 1978 litim,
2430 1911 2693 1968 adversus
2731 1913 3079 1983 Annibalem,
3114 1914 3206 1985 qui
3231 1923 3363 1971 tunc
3394 1913 3638 1970 Antiochi
3665 1913 3800 1970 classi

2250 2016 2527 2075 praeerat,
2580 2005 2784 2061 bellum
2841 2007 3028 2062 navale
3082 2009 3291 2078 gessit,
3357 2006 3684 2074 Antiochus,
3735 2005 3800 2061 vi-

2246 2107 2335 2154 cto
2362 2099 2524 2170 273
2552 2099 2821 2154 Annibale
2866 2107 3030 2170 atque
3071 2100 3128 2155 iu
3157 2102 3336 2171 fugam
3369 2108 3515 2168 acto,
3563 2100 3798 2170 simulque

2247 2190 2397 2245 omni
2443 2192 2692 2246 exercitu
2723 2191 2948 2256 amisso,
2987 2207 3175 2262 pacem
3210 2195 3429 2264 rogavit
3459 2213 3472 2247 :
3503 2192 3543 2224 ⁸⁰
3570 2192 3803 2263 liliumque

2248 2281 2512 2352 Africani,
2538 2299 2700 2354 quem
2735 2294 2916 2340 utrum
2948 2284 3349 2355 explorantem,
3376 2301 3443 2341 an
3466 2286 3518 2342 in
3535 2286 3708 2356 pratlio
3729 2299 3801 2340 ce-

2245 2378 2440 2450 pisset,
2471 2379 2740 2435 incertum
2772 2390 2878 2447 est,
2904 2380 3045 2435 ultro
3077 2379 3304 2436 remisit.
3331 2379 3392 2436 In
3423 2380 3663 2451 llispania
3685 2378 3799 2433 ulte-

2243 2469 2389 2526 riore
2417 2470 2459 2502 ³¹
2493 2469 2556 2526 L.
2575 2470 2834 2527 Aimilius
2865 2473 3194 2542 proconsule
3219 2487 3249 2528 a
3275 2472 3551 2530 Lusitanis
3578 2487 3685 2528 cum
3706 2470 3799 2525 uni-

2245 2578 2412 2620 verso
2437 2564 2683 2620 exercitu
2710 2581 2890 2622 caesus
2929 2564 3154 2622 interiit.
3188 2565 3250 2622 L.
3298 2565 3515 2623 Bzebius
3557 2566 3609 2622 in
3640 2564 3798 2634 llispao

2244 2656 2390 2711 niam
2405 2655 2755 2727 proﬁciscens
2771 2699 2785 2724 ,
2806 2674 2832 2711 a
2847 2657 3138 2730 Liguribus
3149 2659 3568 2722 circumventus,
3583 2672 3690 2712 cum
3703 2654 3796 2709 uni-

2239 2765 2397 2808 verso
2428 2751 2666 2807 exercitu
2691 2752 2903 2808 occisus
2929 2761 3012 2808 est
3037 2769 3051 2806 :
3073 2751 3216 2808 unde
3243 2751 3287 2784 "
3319 2751 3463 2808 adeo
3497 2767 3561 2808 nc
3587 2748 3794 2807 nuntium

1830 2905 2286 2966 HAVERGAMPI
2325 2905 2557 2964 ΝΟΤιΕ.

609 3051 700 3106 il.
739 3048 1046 3113 Antiochus,
1094 3062 1188 3118 rea:
1228 3045 1421 3118 Syria.
1463 3046 1546 3103 De
1598 3046 1702 3118 hoc
1748 3055 1801 3102 et
1844 3044 2137 3118 Annibalis

540 3120 777 3176 transitu
805 3119 871 3174 ad
904 3119 1078 3188 ipsum
1125 3117 1330 3182 Livius,
1360 3118 1646 3188 Appianus
1672 3117 1742 3174 de
1776 3117 1942 3174 rebus
1969 3117 2138 3174 Anni-

540 3193 703 3258 balis,
724 3200 778 3247 et
809 3192 863 3246 in
893 3189 1161 3261 Syriacis,
1199 3188 1445 3246 Justinus
1482 3189 1622 3246 libro
1651 3189 1934 3260 trigesimo
1960 3192 2138 3262 primo

541 3263 712 3319 Fann.

615 3337 701 3387 12.
748 3332 992 3388 Struens.
1039 3329 1215 3385 Nolim
1260 3329 1349 3384 hic
1391 3339 1500 3384 tam
1553 3329 1844 3386 munificus
1882 3346 2004 3386 esse
2042 3347 2137 3386 vo~

541 3403 736 3460 luisset
783 3403 839 3458 in
888 3402 1168 3464 Orosium,
1221 3404 1313 3470 qui
1359 3401 1619 3454 instruens
1664 3402 1809 3456 fecit.
1869 3401 2038 3459 Laur.
2066 3432 2138 3442 —

542 3477 710 3530 Recte
740 3489 888 3539 sane,
922 3489 1046 3527 nam
1077 3482 1278 3525 struens
1297 3512 1310 3533 ,
1338 3485 1446 3526 non
1469 3473 1751 3536 instruens,
1787 3473 2059 3528 invenitur
2083 3475 2135 3530 in

541 3561 678 3602 mss.
727 3543 867 3608 Meo,
927 3544 1179 3598 Perizon.
1239 3551 1402 3611 atque
1461 3542 1846 3611 Ultrajectino.
1900 3544 2135 3599 Verbum

536 3631 755 3687 quoque
783 3626 929 3670 struo
961 3613 1149 3670 dolum
1183 3622 1407 3669 nectere
1434 3614 1745 3683 subinnuit,
1777 3624 1834 3670 ut
1862 3613 1992 3672 fecit
2018 3617 2133 3670 An-

537 3694 774 3743 tiochus.

609 3759 693 3814 15.
738 3757 1080 3814 Serebantur.
1133 3755 1234 3811 Ed.
1285 3756 1422 3826 Aug.
1465 3755 1784 3826 ferebantur,
1838 3764 1898 3813 ut
1935 3766 1990 3814 et
2030 3758 2133 3815 Ed.

535 3830 732 3886 Scotti.

609 3901 697 3956 M.
738 3900 984 3954 Romam.
1017 3898 1110 3954 Sic
1141 3897 1386 3953 melioris
1417 3912 1552 3953 mss.
1587 3897 1768 3955 Romae
1789 3901 1904 3956 alii.

609 3975 702 4028 15.
746 3971 877 4036 Lex,
908 3985 1024 4040 qua:
1045 3970 1108 4023 ab
1141 3969 1753 4047 0ppio._Gontention_es
1785 3973 1854 4047 de
1885 3975 1995 4044 lege
2026 3975 2134 4047 0p-

575 4045 625 4097 ia
675 4052 847 4109 ortas,
899 4039 1292 4097 commemorat
1340 4039 1528 4095 Livius
1577 4040 1736 4097 initio
1789 4043 1887 4098 lib.
1934 4039 2129 4101 'xxxtv.

575 4063 625 4097 ια
675 4063 847 4109 Ol'lils,
899 4063 1292 4097 CUlﬂlllBlllUl'al
1340 4063 1528 4095 unus
1577 4063 1736 4097 ιιιιιιυ
1789 4063 1887 4098 ιιυ.
1942 4063 2126 4101 XXXIV.

535 4063 664 4169 Lata
690 4114 790 4168 fuit
812 4127 955 4168 anno
977 4113 1046 4167 ab
1076 4111 1222 4168 Urbe
1246 4111 1467 4167 condita
1495 4127 1620 4178 DXL,
1652 4113 1912 4185 abrogata
1941 4132 2126 4172 nLvnt.

536 4185 703 4240 FABB.

609 4257 696 4312 16.
737 4254 968 4309 Tribuno
994 4254 1181 4325 plebis.
1206 4252 1342 4310 Cod.
1375 4252 1650 4325 Longob.,
1681 4265 1738 4310 ut
1768 4265 1823 4312 et
1851 4255 2128 4327 Perizon.,

538 4328 746 4381 tribuno
777 4327 932 4392 plebi.

612 4399 696 4453 l7.
738 4396 786 4451 Χ
819 4398 991 4450 millia
1037 4394 1312 4450 Gallorum
1349 4412 1501 4451 cwsa.
1548 4395 1698 4451 lianc
1741 4398 2029 4456 victoriam
2062 4401 2129 4458 de

537 4467 711 4523 Gallis
750 4468 1045 4536 reportavit
1079 4466 1142 4522 L.
1185 4467 1429 4522 Valerius
1457 4465 1686 4522 Flaccus
1717 4469 1942 4527 Procos.
1976 4473 2126 4528 Alte-

534 4555 652 4593 rum
682 4541 931 4609 prtelium
962 4540 1014 4592 in
1046 4553 1152 4606 quo
1181 4537 1549 4594 Romanorum
1579 4553 1683 4593 non
1717 4542 2008 4599 incruenta
2048 4545 2128 4600 vi-

535 4615 708 4682 ctoria
739 4611 864 4676 fuit,
897 4611 1246 4682 commissum
1295 4618 1379 4664 est
1429 4624 1459 4663 a
1511 4609 1598 4664 Ti.
1645 4610 1973 4682 Sempronio
2006 4631 2122 4670 cos.

546 4681 730 4736 Livius
760 4683 853 4735 lib.
887 4695 1078 4736 xxxtv.
1103 4679 1269 4735 FABR.

614 4754 704 4806 18.
749 4752 813 4828 ιτ.
844 4751 1097 4828 Digitius.
1131 4749 1638 4828 ln‘GualteriAlibro.
1662 4751 1892 4824 Digitius
1917 4771 2131 4828 pramo-

539 4837 666 4877 men
703 4821 1123 4878 nullum’hahet.
1152 4822 1336 4877 Livius
1373 4822 1528 4876 initio
1583 4821 1678 4876 lib.
1712 4821 1854 4878 xxxv
1895 4821 2004 4882 Sea:
2028 4827 2128 4882 Di-

541 4893 729 4964 gitium
761 4896 1026 4958 nominat,
1070 4893 1160 4948 ubi
1187 4903 1411 4959 caetera,
1443 4908 1565 4962 qua:
1602 4893 1690 4949 hic
1721 4895 1966 4954 breviter
1993 4899 2130 4957 Oro-

539 4979 673 5031 snns,
705 4965 899 5021 ordine
926 4975 1446 5021 commemorantur.
1471 4964 1638 5020 Fann.

542 5058 701 5182 €019.
746 5057 1037 5133 Regemque
1075 5073 1277 5113 eorum.
1322 5056 1424 5112 Ed.
1464 5059 1692 5128 August.
1723 5075 1892 5132 regem
1927 5077 2133 5134 quoque

607 5145 740 5182 rum.

607 5145 740 5184 rum.

610 5218 704 5274 20.
749 5221 1035 5276 Adductus.
1067 5219 1484 5290 AdduntLugd.
1513 5219 1657 5278 Batt.
1687 5232 1800 5280 tres
1830 5237 1922 5281 est.
1950 5227 2007 5284 In
2041 5228 2130 5285 ed.

547 5291 687 5363 Aug.
720 5291 937 5363 legitur,
970 5295 1027 5348 in
1076 5304 1363 5350 extremum
1407 5292 1699 5361 periculum
1738 5297 1994 5354 adductus
2035 5310 2130 5355 est.

549 5358 1015 5435 Venetze'qtioque
1055 5366 1340 5434 periculum
1381 5358 1665 5434 scribunt;
1696 5370 1794 5425 sed
1825 5369 2006 5427 deleto
2030 5381 2127 5428 est.

611 5452 704 5536 21.
749 5453 930 5536 Scipio
955 5461 1253 5536 Africanus,
1283 5463 1417 5517 inter
1439 5467 1652 5536 “pleros
1671 5464 1891 5536 legatos.
1921 5462 1999 5521 De
2027 5463 2130 5521 hac

537 5523 815 5604 legatione
844 5523 1064 5600 Livius,
1113 5543 1170 5590 et
1205 5523 1436 5604 Appian.
1475 5529 1530 5604 in
1579 5523 1824 5604 Syriaca,
1865 5537 1954 5604 qui
2005 5551 2131 5591 nar-

538 5606 665 5651 rant
693 5597 935 5658 Africani
980 5597 1304 5662 sermonem
1329 5620 1452 5660 cum
1494 5597 1766 5661 Annibale
1793 5597 2033 5662 haliitum
2065 5609 2131 5664 de

538 5684 751 5747 summa
801 5674 1132 5747 hitperatore.
1196 5675 1351 5747 Unde
1417 5674 1689 5731 Lucianus
1743 5688 2124 5747 argumentum

539 5742 1042 5866 IPialogi,
1073 5747 1164 5815 qui
1193 5747 1262 5802 dc
1292 5745 1397 5802 hac
1424 5761 1482 5805 re
1511 5748 1562 5803 ἐν
1591 5757 1700 5811 τοῖς
1719 5742 1960 5828 νεκρικοῐς
1988 5749 2122 5822 1θεὶ-

2313 3041 2408 3098 22.
2461 3041 2711 3116 Μαιιαηι.
2766 3041 2941 3116 Lugd.
2996 3041 3120 3116 Bait.
3162 3051 3349 3115 quart.
3403 3053 3458 3102 et
3506 3044 3588 3102 ed.
3645 3041 3789 3114 Aug,

2245 3115 2432 3190 multa.
2458 3112 2598 3190 Mox“
2612 3115 2808 3190 eadem
2833 3112 2948 3182 ed,
2978 3112 3248 3190 utriusque
3268 3117 3470 3190 populi.

2317 3183 2524 3258 25.7‘P.
2559 3183 2720 3240 Corn.
2771 3187 2924 3258 Scip.
2963 3185 3040 3241 Μ.
3091 3183 3279 3241 Acilio.
3326 3183 3390 3258 l'li
3436 3203 3570 3244 coss.
3608 3187 3788 3243 fuerunt

2167 3261 2214 3325 ρ
2243 3271 2386 3329 anno
2400 3255 2559 3312 Urbis
2573 3272 2716 3312 DLXI.
2742 3255 2878 3329 Acil.
2907 3259 2958 3314 in
2981 3258 3271 3328 Capitolia.
3302 3255 3494 3315 tabulis
3520 3274 3782 3329 praenomen

2249 3326 2328 3383 Μ.
2364 3329 2549 3400 habet,
2579 3345 2689 3400 quo
2718 3328 2924 3384 Manius
2953 3326 3318 3399 significatur.
3355 3326 3654 3385 Plutarchus
3678 3343 3783 3398 quo-

2241 3414 2358 3471 que
2381 3399 2526 3453 hunc
2571 3402 2622 3454 in
2654 3399 2946 3468 Flaminio,
2986 3403 3170 3456 Μάνιον
3195 3402 3430 3471 ’Δκῧ.ιον,
3471 3399 3718 3470 Appianus
3739 3401 3780 3450 in

2243 3470 2489 3541 Syriaca,
2517 3471 2733 3549 'Axiinoa
2767 3473 2945 3549 Μᾲνιον
2982 3473 3287 3549 Γλαϐρίωνα,
3305 3470 3522 3549 vocant,
3549 3473 3637 3549 qui
3664 3471 3722 3549 de
3739 3484 3783 3522 re

2239 3539 2395 3612 gesta
2437 3556 2558 3613 cum
2608 3543 2882 3598 Antiocho
2929 3551 3059 3597 sunt
3101 3539 3311 3613 lcgcndi
3356 3561 3474 3599 eum
3506 3539 3644 3598 Livio
3679 3539 3777 3596 libr.

2241 3611 2432 3677 xxxvi,
2455 3611 2618 3681 Just.,
2651 3613 2836 3676 Floro,
2870 3613 3133 3681 Eutropio
3156 3611 3214 3669 et
3245 3615 3393 3670 aliis.
3429 3613 3586 3670 Faue.

2309 3683 2398 3738 24.
2442 3680 2674 3749 Quarum
2707 3685 3009 3739 munimine.
3038 3680 3207 3756 Lugd.
3235 3685 3381 3743 Ball.
3409 3696 3513 3742 tres
3537 3700 3646 3740 cum
3667 3680 3776 3737 Coll.

2237 3753 2504 3827 Gronov...
2537 3771 2601 3809 ex
2628 3773 2844 3827 quorum
2877 3753 3178 3812 munimine.

2306 3825 2396 3900 $5.
2442 3821 2878 3900 Fugiteprazlio.
2913 3828 3062 3883 Meus
3098 3831 3297 3900 codex,
3333 3827 3588 3900 eﬂ'ugittle
3606 3824 3772 3900 pralio.

2306 3897 2395 3951 211.
2441 3893 2496 3951 Is
2525 3893 2763 3976 italguisse
2794 3901 2960 3969 fertur
2989 3893 3310 3976 at'tttqlorutit
3354 3893 3418 3976 is
3441 3893 3620 3976 'nn'llt'a.
3646 3896 3771 3976 llunc

2239 3983 2546 4036 numerum,
2601 3970 2754 4025 Livio
2797 3968 3046 4033 auctore.
3095 3969 3349 4027 Valerius
3393 3971 3566 4026 Antias
3609 3968 3768 4022 edidit.

2238 4038 2516 4110 Appianus
2565 4054 2694 4094 vero
2733 4041 2926 4096 scribit
2967 4058 3034 4097 ex
3079 4044 3334 4099 Antiochi
3365 4042 3594 4099 exercitu
3628 4049 3771 4094 ceses

2237 4121 2330 4164 aut
2357 4118 2542 4178 captos
2565 4113 2782 4167 circiter
2811 4129 2840 4166 x
2872 4115 3036 4168 mille.
3064 4113 3230 4170 Fann.

2307 4181 2398 4264 27-
2443 4179 2648 4264 Ῐζξψιο⁸
2691 4183 2870 4264 proelio
2912 4200 2980 4239 xx
3032 4179 3766 4264 millia_Itost_iunt..Dttodetri-

2233 4252 2378 4322 ginta
2427 4252 2595 4307 millia
2636 4255 2870 4308 hostium
2919 4270 3060 4310 cmsa
3101 4256 3296 4315 Antias
3333 4255 3564 4312 Valerius
3591 4252 3764 4316 scribit,

2231 4333 2387 4392 capta
2435 4326 2536 4378 tria
2591 4325 2759 4378 millia
2813 4335 2864 4380 et
2918 4341 3070 4394 cccc,
3124 4329 3280 4400 signa
3329 4329 3570 4385 militaria
3611 4335 3762 4388 cxxtv,

2231 4409 2402 4464 equos
2432 4410 2555 4468 nec,
2576 4405 2847 4468 carpenta
2875 4412 3108 4468 cchvn,
3139 4397 3346 4456 Livius.
3380 4400 3534 4455 FABR.

2305 4467 2397 4542 ἓξ.
2439 4465 2655 4542 Prwlio.
2679 4465 2967 4542 l’erizonu
2998 4465 3156 4536 bello,
3188 4482 3244 4525 ut
3268 4486 3431 4542 saepe.

2301 4537 2394 4593 29.
2438 4537 2688 4608 Sequenti
2727 4555 2886 4593 anno.
2941 4535 3149 4596 Bellum
3181 4535 3565 4598 Antiochenam
3608 4535 3762 4608 confc-

2233 4607 2308 4662 cit
2352 4606 2585 4682 Africani
2619 4609 2784 4682 frater
2825 4609 2888 4665 L.
2925 4613 3131 4682 Scipio,
3173 4614 3306 4671 inde
3351 4615 3593 4669 Asiaticus
3617 4606 3765 4680 appel-

2152 4665 2206 4724 D
2232 4683 2390 4745 latus,
2425 4678 2611 4734 Livius
2637 4680 2729 4736 lib.
2764 4665 2975 4737 xxxvii.

2303 4749 2720 4826 50._Filiumque
2768 4753 3047 4826 Africani.
3084 4755 3359 4826 Appianus
3403 4768 3578 4826 errore
3600 4751 3763 4826 ductus

2234 4823 2444 4898 putavit
2473 4819 2764 4898 huncesse
2809 4819 2958 4898 Pauli
2984 4819 3191 4880 .‘Emili'i
3241 4827 3443 4895 filium,
3479 4825 3562 4898 qui
3597 4819 3765 4898 in__Sci-

2233 4895 2452 4970 pionum
2501 4894 2759 4970 familiam
2791 4895 3074 4970 adoptatus
3103 4898 3385 4970 Africanus
3425 4892 3580 4951 minor
3621 4892 3764 4970 dictus

2236 4961 2372 5038 fuit:
2419 4965 2515 5038 sed
2549 4964 2638 5020 ille
2667 4981 2769 5038 non
2803 4969 2871 5038 ab
2900 4961 3160 5023 Africano
3210 4963 3642 5038 superioretscd
3670 4961 3763 5028 01⁸³⁵

2236 5035 2347 5106 tilio
2369 5035 2652 5106 adoptatus
2677 5037 2795 5106 fuit,
2825 5037 3018 5094 Cicero
3043 5049 3102 5096 et
3131 5039 3244 5094 alii.
3271 5035 3434 5096 Faue.
3456 5035 3635 5092 —Mox
3653 5045 3763 5105 pm!-

2233 5105 2839 5182 lioprojnprwliged.
2874 5112 3008 5180 Aug.
3330 5179 3342 5182 Α
3438 5180 3447 5182 _
3572 5169 3610 5182 ,_

2314 5169 2401 5255 5'1.
2432 5169 2625 5235 Lucius
2672 5179 2922 5255 [Emilius
2953 5169 3277 5255 proconsule.
3325 5179 3514 5239 Lucius
3550 5169 3762 5255 Αεᾳεξιίυς

2239 5245 2444 5307 Paulus
2479 5262 2700 5321 praetor,
2751 5244 3002 5322 Scipione
3045 5263 3098 5310 ct
3141 5253 3430 5311 Glabrione
3474 5244 3760 5322 consulibugt.

2243 5320 2550 5392 Hispaniam
2579 5320 2887 5380 ulteriorem
2912 5325 3138 5382 sortitus
3167 5328 3285 5391 fuit,
3319 5338 3536 5391 eamque
3562 5320 3756 5385 imperio

2239 5394 2514 5468 EQ'ISUIuri
2567 5396 2799 5468 obtinuit
2853 5398 3160 5468 procansul.
3213 5395 3394 5452 Livius
3443 5396 3570 5468 libr.
3605 5396 3753 5468 xxx‘vt,

2237 5461 2556 5538 Plutarchus
2585 5468 2636 5520 in
2664 5461 2910 5522 Etniliu.
2947 5467 3105 5523 Anno
3133 5478 3312 5524 autem
3341 5461 3571 5538 sequenti
3606 5461 3753 5538 victu?

2235 5548 2267 5588 a
2295 5533 2568 5592 Lusitanis
2593 5552 2685 5593 sex
2720 5537 2882 5592 millia
2911 5539 2980 5594 de
3009 5539 3246 5595 exercitu
3273 5555 3373 5594 suo
3392 5529 3580 5598 a'misit,
3605 5529 3750 5600 Livius

2230 5605 2372 5680 libro
2398 5625 2600 5664 xxxvn.
2636 5608 2906 5666 Interiisse
2935 5612 3104 5680 ipsum
3146 5611 3366 5666 Orosius
3388 5620 3564 5680 parum
3604 5610 3747 5680 009?"

2229 5677 2416 5734 derate
2445 5682 2650 5736 scribit.
2706 5682 2781 5736 De
2811 5667 2995 5735 Baebio
3039 5683 3216 5738 occiso
3260 5697 3292 5736 a
3341 5667 3627 5751 Liguribus,
3653 5667 3742 5723 Lil'o

2225 5759 2472 5808 extremo
2494 5752 2586 5807 lib.
2611 5768 2815 5808 xxxvii.
2848 5751 3011 5808 Fann.

2295 5822 2386 5878 32.
2420 5823 2578 5879 Adeo.
2602 5823 2721 5882 Non
2743 5835 3018 5895 comparet
3044 5825 3098 5882 in
3120 5822 3243 5883 cad.
3269 5819 3357 5882 ed.
3383 5819 3520 5892 Aug.
