3938 6292
207 342 308 400 915

204 456 347 528 quod
379 469 444 513 se
485 455 827 515 inﬁrmiores
851 468 974 514 esse
1000 454 1251 513 hostibus
1275 456 1389 512 suis
1418 457 1522 528 ipsi
1563 457 1808 513 sentiunt
1831 460 1887 521 Α

205 561 259 607 et
299 550 548 607 fatentur
574 591 593 619 ,
647 550 862 607 theatra
889 548 1216 617 incusanda,
1245 563 1355 605 non
1383 558 1625 621 tempora
1659 569 1673 605 :
1704 566 1809 607 nec

205 643 702 712 blaSphemandum
730 643 900 699 Deum
931 657 1143 707 verum,
1176 644 1267 713 qui
1294 656 1464 712 usque
1482 642 1551 697 ad
1573 657 1718 698 nunc
1744 656 1808 698 ea

205 734 486 806 prohibet,
518 733 623 790 sed
653 733 1046 790 ahominandos
1069 732 1203 789 deos
1229 733 1313 790 vel
1343 732 1623 789 daemones
1653 747 1803 803 suos,

203 828 295 898 qui
317 828 419 882 ista
439 826 738 897 petierunt,
767 825 1037 896 profundo
1059 825 1276 898 quidem
1299 827 1433 881 satis
1455 826 1809 897 malignitatis

204 932 322 973 sua:
343 928 692 988 argumento,
726 918 834 974 tale
860 917 1189 973 sacriﬁcium
1217 917 1547 989 ﬂagitantes,
1570 933 1679 989 quo
1700 932 1808 974 non

202 1011 375 1084 278
403 1010 582 1082 magis
612 1009 737 1067 fuso
762 1025 960 1067 cruore
995 1010 1301 1081 pecudum,
1331 1025 1495 1081 quam
1527 1010 1810 1082 proﬂigata

201 1106 409 1161 virtute
424 1103 717 1161 hominum
738 1112 1112 1175 pascerentur.
1133 1103 1268 1159 Nam
1290 1103 1482 1174 utique
1504 1110 1632 1159 tunc
1659 1104 1682 1136 ⁸
1704 1118 1809 1160 nec

204 1198 419 1265 hostes,
449 1211 555 1252 nec
585 1195 780 1262 fames,
809 1210 913 1252 nec
933 1194 1135 1264 morbi,
1168 1210 1270 1252 nec
1290 1194 1533 1266 prodigia
1556 1193 1805 1261 deerant,

202 1292 375 1347 immo
404 1298 538 1346 tunc
564 1289 796 1360 plurima
826 1297 1006 1358 erant,
1032 1288 1131 1345 sed
1164 1289 1376 1345 theatra
1406 1303 1515 1344 non
1543 1297 1723 1359 erant,
1752 1288 1808 1345 in

200 1383 428 1452 quibus,
458 1382 604 1453 quod
635 1380 958 1439 incredibile
983 1381 1134 1438 dictu
1164 1389 1272 1450 est,
1303 1381 1371 1436 ad
1391 1396 1543 1437 aram
1576 1381 1808 1438 luxuria:

197 1477 221 1509 ’
250 1474 514 1528 virtutum
565 1472 800 1530 victima:
847 1472 1210 1529 trucidantur.
1262 1471 1807 1544 Carthaginiensibus

196 1565 502 1637 aliquando
536 1566 709 1621 visum
741 1574 855 1626 est.
888 1565 1141 1622 homines
1165 1566 1450 1622 immolare
1475 1607 1492 1633 ,
1537 1565 1633 1622 sed
1665 1565 1808 1623 male

196 1666 539 1730 praesumpta
565 1659 848 1729 persuasio
878 1658 1035 1714 brevi
1061 1658 1428 1729 pratermissa
1466 1667 1592 1724 est,
1629 1672 1661 1713 a
1695 1656 1805 1713 Ro-

198 1752 387 1809 manis
414 1765 545 1809 vero
574 1762 826 1809 exactum
853 1762 959 1819 est,
986 1762 1048 1809 ut
1072 1754 1404 1824 semetipsos
1427 1752 1470 1784 ¹⁰
1508 1753 1804 1824 perditioni

1238 339 1719 400 lllSTOBlARUM
1757 340 1966 401 LIBER
2003 342 2094 400 IV.
2134 341 2293 401 CAP.
2334 342 2503 400 XXII.
2575 341 2580 347 ⁷

3412 350 3522 409 911

2385 459 2553 532 279
2587 457 2820 519 CAPUT
2858 460 3031 519 XXII.

1909 571 1990 627 De
2013 572 2167 627 tertio
2196 571 2329 627 bello
2360 571 2587 629 Punico.
2609 573 2863 632 Consules
2893 578 2962 632 ad
2987 578 3265 634 delendam
3293 578 3519 636 Cari/ra-

1980 645 2155 726 ginem
2202 647 2503 714 profectos,
2554 650 2762 718 fugatos
2806 650 2989 720 fuisse.
3026 648 3259 707 Interim
3300 652 3366 708 de
3410 655 3517 708 situ

1982 715 2234 787 ejusdem.

1981 829 2141 886 Anno
2162 831 2231 888 ab
2253 832 2398 890 Urbe
2420 835 2633 891 condita
2656 850 2785 902 acu,
2809 835 2875 891 L.
2899 836 3202 893 Censorino
3221 837 3370 894 etM.
3402 837 3516 894 Ma-

1912 922 2046 978 nilio
2073 924 2412 992 consulibus,
2436 927 2454 957 ι
2482 927 2699 982 tertium
2727 927 2990 983 Punicum
3026 928 3229 985 bellum
3259 939 3515 987 exortum

1910 1024 2017 1074 est.
2044 1016 2209 1088 lgitur
2234 1031 2358 1073 cum
2387 1028 2611 1075 senatus
2637 1019 2923 1076 delendam
2965 1021 3347 1093 Carthaginem
3377 1037 3513 1079 cen-

1910 1111 2129 1178 suisset,
2155 1110 2388 1184 profecti
2418 1112 2472 1168 in
2500 1112 2736 1171 Africam
2765 1116 3055 1184 consules,
3084 1127 3139 1173 et
3170 1115 3356 1187 Scipio
3384 1124 3515 1174 tunc

1911 1204 2164 1260 tribunus
2193 1203 2446 1270 militum,
2486 1219 2657 1277 prope
2698 1206 2911 1263 Uticam
2946 1210 2968 1241 '
3002 1208 3225 1279 majoris
3271 1206 3516 1266 Africani

1909 1304 2089 1352 castra
2146 1304 2456 1352 tenuerunt.
2504 1297 2583 1353 lbi
2631 1296 3177 1372 Carthaginiensibus
3228 1303 3510 1370 evocatis,

1904 1389 2181 1460 jussisque
2223 1400 2283 1446 ut
2316 1405 2467 1446 arma
2499 1402 2554 1448 et
2580 1408 2748 1450 naves
2778 1394 3082 1464 traderent,
3118 1410 3220 1451 nec
3261 1397 3509 1460 moratis,

1910 1492 2056 1539 tanta
2086 1484 2169 1539 vis
2193 1499 2471 1540 armorum
2502 1496 2730 1557 repente
2770 1487 2971 1543 tradita
2996 1498 3102 1554 est,
3125 1498 3184 1544 ut
3210 1488 3374 1546 facile
3395 1498 3511 1546 tota

1908 1590 1977 1632 ex
2005 1576 2090 1631 his
2117 1575 2299 1632 Africa
2333 1577 2605 1645 potuisset
2629 1580 2853 1634 armari.
2884 1579 2993 1635 Sed
3022 1580 3511 1651 Carthaginienses

1907 1679 2193 1739 postquam
2235 1683 2385 1724 arma
2430 1670 2801 1739 tradiderunt,
2844 1682 2900 1728 et
2927 1671 3121 1729 relicta
3148 1673 3282 1730 urbe
3308 1673 3331 1705 ³
3357 1689 3513 1730 rece-

1907 1761 2039 1818 dere
2070 1760 2267 1831 procul
2302 1776 2332 1815 a
2361 1761 2502 1816 mari
2532 1761 2555 1793 δ
2582 1761 2773 1819 decem
2816 1763 3058 1820 millibus
3086 1779 3341 1835 passuum
3367 1765 3513 1836 jussi

205 1846 617 1916 ἰωνθιιιιατεηιο
642 1847 683 1879 ¹¹
706 1845 931 1902 Ρπιιιηι
954 1857 1060 1912 εει»
1086 1845 1168 1913 ﬁt,
1194 1854 1434 1914 amatur,
1460 1857 1514 1902 et
1534 1846 1804 1903 clamatur
1832 1841 1881 1904 B
1907 1862 2035 1911 sunt
2053 1895 2069 1921 ,
2119 1854 2363 1910 dolorem
2407 1854 2476 1910 ad
2516 1855 2953 1927 desperationem
3001 1858 3383 1926 contulerunt,
3416 1867 3511 1915 aut

197 1953 258 1997 ut
296 1941 432 1997 ﬁat:
461 1941 553 2013 qui
585 1955 687 2013 pro
714 1940 999 1997 mactanda
1023 1943 1207 2014 gregis
1226 1939 1313 1997 sui
1336 1941 1546 2011 pecude
1574 1940 1807 1996 fortasse
1907 1946 2184 2004 defensuri
2230 1948 2532 2013 civitatem,
2572 1960 2666 2005 aut
2694 1965 2817 2006 cum
2848 1953 2963 2022 ipsa
3007 1969 3109 2025 per
3141 1955 3315 2025 ipsam
3354 1968 3512 2024 sepe-

193 2033 617 2091 oﬂ'endereutur
645 2076 661 2102 ,
713 2049 811 2106 pro
840 2033 1223 2111 interﬁciendo
1253 2032 1438 2089 cordis
1476 2033 1561 2087 sui
1602 2033 1803 2089 virtute
1908 2043 2077 2098 liendi
2102 2058 2119 2099 :
2149 2042 2423 2114 ducesque
2468 2043 2573 2099 sibi
2618 2044 2759 2101 duos
2794 2046 3124 2103 Asdrubales
3153 2056 3502 2104 creaverunt.

191 2128 494 2183 lmtanlnl':
527 2126 658 2198 quin
689 2127 870 2197 ροιίυε
895 2124 1105 2182 Νηδίοω
1129 2125 1491 2193 erubescam.
1524 2125 1615 2196 qui
1643 2122 1831 2220 Chri-.
1910 2135 1931 2166 ⁵
1963 2135 2128 2190 Arma
2155 2134 2389 2202 primum
2432 2133 2610 2193 facere
2634 2136 2904 2207 aggressi,
2938 2138 3065 2191 aeris
3107 2137 3348 2210 ferrique
3375 2140 3503 2194 ino-

195 2219 401 2277 ssianis
461 2218 901 2291 exprobrantium
950 2225 1146 2289 putant
1192 2234 1207 2272 :
1256 2226 1313 2274 et
1356 2231 1465 2274 non
1535 2217 1696 2273 nobis
1729 2217 1800 2274 de

196 2310 457 2368 hostibus
480 2353 497 2377 ,
533 2325 674 2382 quos
716 2326 937 2381 semper
977 2310 1327 2378 habuerunt,
1361 2311 1405 2343 λ’
1435 2310 1531 2367 sed
1564 2310 1686 2379 illi,
1731 2310 1800 2367 dc

193 2404 456 2470 theatro,
507 2403 653 2474 quod
687 2402 878 2459 haberi
923 2402 1322 2474 prohibuerat,
1366 2412 1794 2473 conquerantur.

201 2497 249 2529 ⁸³
305 2495 477 2567 Igitur
510 2495 566 2550 in
609 2494 871 2566 Hispania
901 2494 1024 2551 Ser.
1068 2493 1240 2550 Galba
1272 2504 1474 2565 praetor
1510 2494 1801 2551 Lusitanos

203 2591 353 2646 citra
373 2590 579 2661 Tagum
604 2588 810 2646 ﬂumen
840 2588 1149 2645 habitantes
1167 2630 1183 2655 ,
1226 2602 1350 2644 cum
1378 2588 1716 2645 voluntarios
1744 2590 1800 2645 in

192 2684 533 2742 deditionem
556 2684 877 2756 recepisset,
899 2698 996 2753 per
1014 2682 1195 2738 scelus
1216 2681 1519 2737 interfecit:
1537 2683 1799 2740 simulans

194 2778 352 2834 enim
382 2776 449 2832 de
472 2776 777 2832 commodis
803 2791 991 2831 eorum
1021 2791 1082 2831 se
1109 2785 1357 2831 acturum
1385 2774 1526 2841 fore,
1560 2776 1801 2832 circum-

192 2867 401 2943 positis
428 2868 694 2926 militibus
730 2878 961 2925 cunctos
997 2868 1237 2924 inermes
1276 2868 1630 2938 incautosque
1674 2882 1803 2937 pro-

190 2960 399 3018 stravit
424 2976 439 3013 :
468 2974 588 3032 qua:
616 2974 706 3016 res
735 2968 925 3030 postea
952 2958 1218 3014 universa:
1256 2956 1535 3028 liispanize
1562 2967 1791 3029 promer

188 3056 573 3112 Romanorum
600 3052 908 3127 perfidiam,
933 3066 1098 3109 causa
1128 3050 1350 3109 maximi
1383 3052 1646 3108 tumultus
1674 3049 1796 3108 fuit.

1907 2228 2076 2299 piam,
2109 2228 2225 2283 auri
2272 2227 2594 2298 argentique
2635 2228 2874 2285 metallis
2918 2229 3330 2300 suppleverunt.
3363 2228 3508 2287 Con-

1905 2320 2055 2376 sules
2082 2334 2404 2392 oppugnare
2434 2320 2814 2393 Carthaginem
2846 2328 3112 2389 statuunt,
3136 2323 3157 2353 ⁸
3181 2322 3338 2394 cuius
3364 2323 3507 2380 situs

1899 2408 2416 2495 fttisse.,httjusmodi
2459 2410 2659 2467 dicitur
2687 2428 2702 2466 :
2735 2414 2755 2444 ⁷
2787 2412 2988 2482 Viginti
3034 2413 3203 2469 millia
3247 2429 3507 2485 passuum

1903 2519 2061 2559 muro
2106 2504 2385 2576 amplexa,
2436 2511 2553 2559 tota
2603 2519 2740 2574 pene
2786 2507 2949 2578 280
2993 2506 3128 2561 mari
3160 2507 3503 2578 cingebatur,

1901 2596 2108 2667 absque
2153 2595 2418 2664 faucibus,
2447 2611 2569 2668 quae
2599 2597 2776 2652 tribus
2806 2598 3047 2653 millibus
3083 2614 3339 2670 passuum
3372 2614 3501 2670 apc-

1902 2689 2204 2746 riehantur.
2255 2688 2303 2745 ls
2356 2690 2511 2746 locus
2557 2706 2775 2746 murum
2835 2691 3054 2762 triginta
3112 2692 3279 2762 pcdcs
3329 2692 3502 2749 latum

1904 2779 2116 2846 habuit,
2154 2794 2294 2836 saxo
2342 2779 2630 2851 quadrato,
2684 2783 2738 2837 in
2789 2782 3134 2839 altitudinem
3184 2785 3503 2841 cubitorum

1902 2871 2281 2943 quadraginta.
2314 2870 2450 2941 Arx,
2477 2874 2563 2928 cui
2594 2873 2778 2945 Byrsae
2807 2889 3004 2931 nomen
3035 2884 3173 2941 erat,
3205 2878 3366 2947 paulo
3387 2892 3505 2931 am—

1900 2964 2045 3034 plius
2095 2978 2258 3035 quam
2305 2963 2413 3020 duo
2463 2965 2632 3020 millia
2686 2980 2943 3037 passuum
2993 2968 3233 3024 tenebat.
3278 2969 3354 3026 Ex
3398 2987 3506 3026 una

1902 3061 2057 3124 parte
2084 3069 2271 3111 murus
2291 3055 2599 3113 communis
2621 3064 2743 3115 erat
2762 3056 2916 3115 urbis
2941 3066 2998 3115 et
3017 3058 3201 3131 Byrsae
3225 3059 3505 3118 inminens

1469 3228 1917 3288 llAVERCAMPl
1952 3231 2179 3289 NOTAE.

273 3372 332 3429 8.
372 3370 485 3427 Nec
512 3371 702 3427 hostes.
730 3368 867 3427 Cod.
901 3368 1169 3438 Longob.,
1200 3383 1293 3423 nec
1313 3367 1500 3424 hostis.

271 3445 327 3500 9.
377 3442 643 3498 Virtutum
683 3441 923 3498 victitare.
976 3436 1113 3498 Edd.
1163 3441 1467 3513 Augustan.
1497 3479 1514 3505 ,
1569 3436 1799 3494 Virtutes

188 3516 471 3573 hominum
494 3514 713 3569 victima
751 3513 1107 3567 trucidantur.

276 3587 369 3642 1ο.
408 3583 703 3641 Perditioni
730 3585 1089 3657 inpenderent.
1119 3580 1285 3638 Addit
1304 3582 1533 3654 August.
1564 3581 1626 3636 ob
1654 3580 1801 3636 thea-

191 3671 364 3717 trum.

276 3729 368 3784 11.
410 3725 633 3782 Factum
677 3736 792 3793 est,
835 3727 936 3794 ﬁt,
981 3734 1224 3788 amatur,
1262 3730 1372 3781 etc.
1424 3720 1676 3779 Difﬁcilis
1715 3729 1803 3779 est

193 3802 393 3867 locus,
425 3813 588 3868 quem
617 3798 709 3854 vix
735 3797 867 3853 satis
906 3798 1063 3865 capio
1090 3836 1107 3864 ,
1148 3794 1293 3866 quod
1341 3794 1483 3850 idem
1528 3809 1651 3868 cum
1677 3833 1693 3861 ,
1742 3800 1803 3848 ut

197 3880 362 3940 puto,
378 3865 787 3939 interpretibus
804 3868 1083 3934 acciderit,
1109 3865 1256 3922 sicco
1280 3868 1417 3936 pede
1441 3865 1795 3940 transierunt.

200 3934 496 3999 Editiones
524 3934 741 3996 veteres
781 3954 1005 4002 omnes,
1051 3934 1624 4008 excepta‘Augustana
1653 3976 1668 3996 ,
1702 3934 1802 4008 ha-

200 4018 363 4077 bent,
392 4010 618 4067 Factum
644 4027 753 4066 esse
780 4013 858 4066 sic
884 4014 1134 4080 fatentur,
1164 4005 1213 4063 et
1241 4008 1471 4063 clamant
1501 4016 1558 4061 ut
1584 4008 1697 4080 ﬁat.
1730 4005 1801 4059 Et

199 4087 292 4141 sic
326 4083 776 4156 quoqu‘e‘legitur
817 4078 1059 4156 inlilor.
1108 4080 1289 4156 tertio.
1342 4079 1527 4156 l‘lcquo
1571 4078 1797 4156 multum

196 4157 318 4211 abit
344 4145 476 4211 inde
508 4145 661 4226 Ultr:
672 4154 880 4226 legens,
913 4150 1135 4205 Factum
1160 4150 1189 4205 ἑ
1216 4150 1361 4222 (sic)
1393 4145 1585 4221 {artetur
1610 4155 1671 4226 et.
1691 4145 1802 4201 cla-

198 4236 379 4283 matur
403 4235 465 4281 ut
492 4226 606 4295 ﬁat.
640 4217 811 4295 Lugd.
844 4217 990 4280 Batt.
1015 4238 1124 4293 pr.,
1156 4217 1279 4295 tert.
1309 4217 1364 4278 et
1390 4217 1617 4295 quartus
1650 4217 1798 4290 (nam

195 4292 643 4368 secundus—legit
669 4337 703 4368 ,μ
726 4292 959 4368 Factum
1002 4292 1078 4349 est
1101 4335 1121 4368 ε
1160 4293 1352 4368 fatetur
1380 4302 1430 4368 et
1460 4292 1717 4346 clamatur
1744 4297 1801 4342 ut

205 4370 352 4439 ﬁat),
387 4383 505 4439 una
518 4363 642 4425 cum
665 4366 805 4424 Coll.
833 4366 1075 4439 Gronov.
1106 4363 1247 4419 hanc
1276 4363 1569 4439 lectionem
1598 4374 1801 4439 suppe-

207 4433 387 4496 ilitant
412 4480 428 4505 ,
459 4436 686 4494 Factum
711 4447 787 4494 est
807 4482 822 4506 ,
850 4440 924 4492 sic
951 4436 1157 4491 canitur
1175 4479 1191 4504 ,
1229 4446 1277 4490 et
1300 4434 1573 4506 clamatur,
1604 4441 1656 4487 ut
1682 4433 1798 4501 ﬁat.

212 4504 421 4568 Verum
445 4510 570 4566 cod.
594 4504 841 4580 Longob.
878 4506 1167 4580 sive_Flor.
1211 4522 1318 4576 pr.,
1345 4515 1406 4580 ut
1433 4517 1489 4562 et
1514 4504 1668 4558 Flor.
1709 4517 1799 4558 se-

205 4582 421 4639 cundus
448 4583 610 4652 plane
636 4577 920 4647 scribunt,
967 4578 1188 4652 Factum
1212 4588 1285 4632 est
1311 4618 1326 4643 ,
1349 4577 1466 4652 ﬁt,
1514 4581 1802 4652 amatur_et

204 4645 466 4709 c'amatur
491 4661 549 4707 ut
575 4652 671 4722 [iat
699 4697 715 4721 ,
766 4652 866 4706 nisi
894 4645 1037 4722 quod
1066 4656 1270 4703 amatus
1319 4645 1389 4704 sit
1436 4650 1490 4703 in
1534 4645 1798 4722 secundo.

206 4725 364 4781 Unde
397 4732 549 4794 patet
576 4718 882 4778 Fabricium
910 4718 1195 4794 lectionem
1223 4735 1377 4774 suam
1408 4733 1635 4794 ex_ms_s.
1666 4718 1799 4771 hau-

196 4800 366 4852 sisse.
397 4789 597 4850 'Codex
638 4808 792 4851 meus
837 4801 892 4848 et
924 4792 1175 4846 Pcrizon.
1225 4800 1387 4861 atque
1432 4789 1523 4845 ed.
1569 4792 1795 4861 August.

195 4868 455 4922 omnium
482 4867 718 4934 optima,
759 4873 816 4920 ut
851 4878 999 4933 saepe
1025 4904 1040 4927 ,
1071 4876 1192 4917 cum
1221 4860 1554 4934 Florentinis
1582 4860 1799 4934 conspi-

193 4946 365 5005 rant,
420 4944 478 4992 et
505 4931 754 4992 eamdem
803 4935 890 4989 hic
927 4931 1188 5005 exhibent
1231 4932 1547 5005 lectionem.
1591 4931 1797 5005 Sensus

187 5002 501 5067 verborum
529 5007 618 5062 hic
645 5020 768 5063 esse
798 5005 1030 5061 videtur.
1066 5004 1273 5061 Sedere
1313 5002 1369 5058 in
1404 5002 1615 5058 theatro
1641 5014 1695 5057 et
1723 5002 1794 5055 ibi

188 5079 527 5150 persedere,
561 5077 705 5150 sicut
727 5077 858 5132 olim
882 5088 961 5150 est
989 5075 1189 5150 factum
1214 5076 1292 5130 sic
1313 5089 1528 5145 quoque
1552 5071 1792 5150 nuncﬁt.

186 5144 408 5209 Amant
454 5150 638 5205 miseri
681 5149 819 5205 hanc
844 5149 1061 5203 virtutis
1088 5148 1266 5202 labem
1296 5144 1345 5213 ,ί
1366 5153 1529 5213 atque
1560 5144 1795 5197 assiduis

183 5221 535 5280 clamoribus
558 5219 880 5290 efﬂagitant,
910 5226 966 5272 ut
991 5218 1082 5271 fiat
1107 5219 1328 5284 iterum,
1357 5216 1420 5290 id_
1439 5224 1795 5290 estspectare

185 5297 360 5351 ludos
385 5293 494 5349 sibi
526 5285 725 5361 δαερὶυέ
756 5291 933 5345 liceat.
980 5290 1154 5361 Taxat
1193 5293 1374 5361 autem
1408 5285 1793 5361 hicinsaniam

182 5368 275 5422 Sl'i
316 5362 589 5434 temporis
607 5355 1301 5436 'circa_tlteatrales__ludos,
1336 5355 1797 5436 non‘dissimilem

176 5429 534 5495 circensium
561 5433 813 5502 vanitati,
846 5434 913 5487 de
938 5446 1044 5501 qna
1072 5430 1165 5486 lib.
1195 5444 1251 5497 ι,
1280 5444 1405 5502 cap.
1434 5429 1467 5483 6
1488 5470 1509 5502 ,Α
1535 5429 1751 5497 scripsit
1780 5446 1793 5480 :

177 5513 343 5566 Adeo
371 5515 552 5561 autem
575 5500 732 5576 partio
754 5500 980 5575 quodam
1004 5511 1052 5556 et
1087 5502 1184 5576 levi
1211 5511 1352 5555 motu
1376 5500 1651 5576 luasitasse
1679 5515 1799 5576 erga

171 5601 232 5638 se
248 5592 553 5654 parumper
573 5569 1004 5654 consuetudinem
1023 5572 1349 5654 voluptatum
1370 5569 1801 5654 indubitatissime

174 5642 519 5708 contestatus
550 5657 647 5713 est,
676 5657 735 5700 ut
764 5648 921 5700 libere
942 5642 1320 5709 conclamant,
1351 5645 1395 5697 si
1420 5642 1668 5713 reciperet
1694 5642 1799 5693 cir-

170 5741 332 5788 cum,
365 5719 502 5775 nilu'l
526 5710 641 5774 esse
656 5717 755 5772 sibi
777 5717 971 5786 factum
990 5732 1007 5770 :
1028 5715 1129 5788 Itoc
1149 5721 1261 5788 est,
1275 5714 1407 5773 nihil
1430 5715 1593 5788 egisse
1614 5710 1794 5764 Roma:

171 5785 492 5850 Gothorum
538 5804 686 5847 enses
708 5828 726 5856 ,
776 5785 821 5843 si
865 5786 1175 5842 concedatur
1219 5785 1470 5843 Romanis
1495 5824 1512 5855 ,
1565 5791 1794 5854 spectare

170 5867 447 5921 circenses
474 5900 490 5916 .

1826 3365 1873 3430 ο
1978 3367 2067 3442 12.
2110 3368 2222 3442 Sed
2250 3366 2352 3423 illi.
2384 3366 2549 3442 Addit
2577 3369 2669 3442 ed.
2703 3371 2868 3442 Aug.,
2888 3370 2958 3442 id
2986 3379 3062 3427 est
3091 3371 3323 3428 Nasica.

1984 3438 2285 3514 15._Igitur
2329 3441 2382 3495 in
2413 3440 2678 3514 Hispania
2709 3438 2833 3514 Ser.
2870 3441 3058 3499 Galba.
3115 3443 3265 3499 Hanc
3311 3456 3424 3499 rem
3471 3460 3504 3502 a

1905 3508 2371 3583 Lucullo'gestam
2401 3508 2593 3567 scribit
2623 3513 2908 3583 Appianus
2949 3532 2963 3569 :
3014 3514 3111 3571 sed
3153 3530 3276 3570 cum
3305 3514 3504 3571 Orosio

1903 3579 2034 3650 facit
2058 3579 2252 3637 Cicero
2289 3583 2342 3637 in
2385 3583 2587 3650 Bruto,
2618 3579 2915 3640 Stietonius
2946 3585 2999 3640 in
3029 3586 3201 3642 Galba
3226 3594 3282 3640 et
3313 3585 3497 3642 Valer.

1904 3649 2049 3706 Max.
2082 3652 2174 3706 lib.
2198 3668 2275 3715 ιι.
2306 3667 2357 3707 c.
2386 3656 2442 3709 6.
2472 3649 2639 3710 Faau.

1976 3721 2104 3777 CAP.
2147 3722 2316 3777 XXII.
2343 3753 2417 3765 —
2445 3725 2498 3778 1.
2532 3724 2770 3779 Tertium
2821 3725 3084 3781 Punicum
3129 3725 3341 3781 bellum.
3387 3726 3500 3783 Hoc

1905 3790 2100 3847 bellum
2134 3794 2433 3863 exponitur
2464 3796 2515 3847 in
2549 3794 2796 3862 Epitoma
2826 3796 3048 3850 Liviana
3072 3796 3168 3851 lib.
3204 3810 3355 3858 χιιι,
3381 3814 3411 3850 ι.
3444 3808 3499 3851 et

1904 3877 1977 3917 ιι.
2022 3862 2290 3916 Scribitur
2320 3868 2387 3919 ab
2423 3866 2668 3933 Appiano
2698 3868 2752 3919 in
2784 3866 3006 3933 Libyca,
3051 3881 3079 3918 a
3122 3865 3415 3919 Plutarcho
3444 3869 3498 3922 in

1903 3937 2129 4059 Fatone,
2158 3934 2226 3987 ab
2258 3934 2516 4003 Eutropio
2558 3934 2650 3990 lib.
2685 3950 2765 4000 tv,
2798 3951 2826 3989 a
2857 3934 3020 3991 Floro
3056 3935 3150 3989 lib.
3180 3950 3217 3990 ll
3246 3949 3367 4003 cap.
3401 3935 3494 3990 15.

1949 4020 2070 4058 ann.

1949 4020 2070 4058 ABR.

1972 4076 2027 4128 2.
2062 4073 2116 4128 Μ
2122 4074 2287 4145 ajoris
2307 4074 2545 4145 Africani
2568 4084 2759 4129 castra.
2780 4076 2969 4131 Castra
2990 4073 3310 4130 Corneliana
3335 4075 3497 4132 intel-

1903 4145 2039 4213 ligit,
2070 4144 2363 4214 dequibus
2387 4144 2573 4199 Caesar
2606 4146 2700 4199 lib.
2730 4161 2765 4200 ll
2793 4147 3096 4202 Comment.
3127 4147 3196 4201 de
3225 4146 3370 4203 bello
3409 4148 3490 4203 ci-

1902 4218 2016 4281 vili,
2038 4227 2093 4272 et
2122 4215 2369 4271 Lucanus
2397 4216 2487 4269 lib.
2520 4230 2594 4271 tv.
2620 4216 2787 4273 Fam.
3215 4230 3221 4236 ’

1974 4291 2028 4344 5.
2071 4286 2347 4341 Recedere.
2385 4287 2517 4340 Edd.
2554 4289 2798 4356 quaedam
2831 4302 2897 4342 ex
2920 4294 3081 4355 vett.,
3106 4289 3364 4344 secedere.

1973 4358 2029 4412 4.
2076 4359 2265 4413 Decem
2300 4357 2547 4431 millibus
2595 4375 2860 4431 passuum.
2913 4373 3053 4431 LXXX
3103 4360 3275 4431 stadia
3325 4359 3491 4415 habet

1902 4431 2137 4499 Appian.
2167 4430 2312 4500 quod
2345 4430 2469 4484 huic
2496 4430 2728 4485 numero
2759 4430 3072 4502 respondet.
3106 4430 3274 4487 FABR.

1976 4503 2030 4556 5.
2072 4503 2523 4573 Argmaiprimum.
2575 4501 2894 4573 Siciomncs
2939 4518 3104 4557 mss.:
3148 4517 3396 4573 armaque
3440 4501 3497 4556 in

1904 4570 2112 4647 Vulgg1
2134 4570 2307 4647 Paulo
2342 4573 2637 4647 amello”.
2666 4572 2938 4647 Gron.,et
2974 4590 3064 4647 per
3088 4576 3277 4647 ipsam.

1976 4645 2032 4717 ti.
2070 4643 2236 4717 Cujus
2264 4645 2419 4717 situs.
2452 4643 2629 4717 Meus,
2662 4648 2813 4717 cujus
2843 4643 2984 4699 situs
3006 4643 3131 4699 tunc
3160 4646 3352 4716 fuisse,
3385 4652 3493 4717 etc.

1826 4750 1878 4811 ι)
1977 4716 2031 4770 7.
2070 4714 2268 4786 Viginti
2291 4714 2476 4769 millia.
2496 4714 2555 4769 In
2576 4714 2804 4770 vetustis
2825 4717 3023 4771 nostris
3041 4728 3145 4782 est,
3161 4714 3285 4771 ’χχιι
3304 4714 3494 4770 millia.

1902 4785 2182 4840 Annianus
2232 4786 2284 4840 in
2348 4786 2548 4840 Libvca
2618 4786 2780 4840 situm
2839 4786 3181 4840 Carthaginis
3239 4798 3494 4840 accurate

1952 4789 2182 4857 ppianus
2232 4786 2284 4840 in
2348 4786 2548 4857 Libyen
2618 4786 2780 4841 situm
2839 4786 3181 4857 Carthaginis
3239 4798 3495 4857 accurate

1901 4856 2212 4928 descripsit,
2244 4857 2337 4927 qui
2387 4856 2675 4928 inprimis
2710 4859 2968 4928 legendus
3008 4858 3078 4911 de
3120 4859 3283 4914 rebus
3330 4856 3494 4914 tertio

1899 4927 2046 4983 bello
2076 4928 2282 4982 Punico
2304 4929 2490 4999 gestis.
2526 4927 2964 4982 Fam—Prom
2984 4928 3268 4984 Fabricius
3296 4943 3496 4999 nume-

1899 5014 2022 5054 rum
2056 4998 2325 5069 passuum
2352 5001 2409 5054 in
2453 5000 2565 5053 suis
2609 5014 2739 5054 mss.
2791 4999 3016 5061 invenit,
3069 5000 3142 5054 ita
3190 5003 3242 5054 in
3285 4998 3492 5054 nostris

1897 5070 2083 5143 itidem
2133 5070 2430 5137 reperitur;
2482 5071 2833 5143 namnviginli
2880 5070 3200 5143 duoumlllia
3246 5086 3493 5143 passuum

1898 5141 2144 5195 scribunt
2190 5155 2285 5194 sex
2337 5143 2558 5208 Optimi,
2606 5139 2845 5195 Floreat.
2900 5139 3114 5195 scilicet
3144 5139 3285 5207 tres,
3316 5140 3492 5205 Meus,

1903 5212 2077 5267 Periz.
2111 5220 2168 5264 ct
2196 5210 2367 5279 Lugd.
2395 5212 2513 5264 Bat.
2546 5225 2681 5276 sec.;
2730 5213 2913 5281 viginti
2942 5212 3045 5265 duo
3077 5213 3304 5266 millibus
3335 5211 3497 5266 habet

1904 5281 2074 5350 Lugd.
2110 5282 2227 5335 Bal.
2258 5289 2432 5350 quart.
2465 5282 2571 5336 Sed
2618 5298 2697 5348 pr.
2738 5285 2878 5336 inter
2920 5282 3040 5337 illos
3082 5298 3205 5337 cum
3252 5281 3412 5337 tertio
3438 5292 3495 5337 ct

1905 5354 2046 5408 Coll.
2073 5353 2312 5408 Gronov.
2340 5353 2557 5425 triginta
2576 5351 2742 5425 millia
2768 5354 2852 5408 vel
2883 5352 3136 5422 millibus,
3161 5365 3319 5425 prout
3349 5364 3402 5407 et
3435 5355 3493 5408 in

1908 5426 1994 5480 ed.
2021 5427 2252 5495 August.
2282 5424 2572 5496 reperitur.
2601 5423 2785 5477 Notari
2820 5426 2869 5478 id
2901 5426 3107 5489 debuit,
3141 5423 3264 5496 quia
3293 5423 3494 5494 Appia-

1911 5512 2043 5559 nus,
2077 5498 2130 5551 in
2158 5494 2374 5549 caeteris
2400 5494 2663 5566 ditigens,
2699 5510 2805 5549 non
2831 5511 3088 5566 expresse
3115 5494 3329 5557 scribit;
3360 5504 3493 5565 quot

1908 5568 2077 5623 millia
2137 5580 2389 5638 passuum
2444 5563 2717 5636 Carthago
2775 5563 2947 5625 muris
3003 5569 3249 5638 amplexa
3282 5563 3487 5638 luerit.

1906 5635 2464 5709 Praeter’Appianutn
2525 5637 2839 5695 describunt
2888 5635 3106 5709 quoque
3148 5635 3491 5709 Carthaginis

1901 5705 2460 5836 urbgsasitum'l’olyb.
2487 5709 2581 5766 lib.
2607 5724 2625 5766 ι
2652 5724 2771 5783 cap.
2801 5705 2976 5780 πίει
2994 5705 3191 5766 Strabo
3219 5705 3314 5763 lib.
3334 5720 3486 5774 xvm,

1901 5797 1951 5836 ι).
2034 5808 2045 5836 ι
2095 5820 2110 5836 .

1899 5797 1951 5854 p.
1984 5797 2110 5837 arx.
