  <div class='ocr_page' id='page_1' title='image "/cluster/home/n/w/nwhite01/storage/ocr_20150623/31/uva.x000826569/466.png"; bbox 0 0 3938 6302; ppageno 0'>
   <div class='ocr_carea' id='block_1_1' title="bbox 1317 295 2421 359">
    <p class='ocr_par' dir='ltr' id='par_1_1' title="bbox 1317 295 2421 359">
     <span class='ocr_line' id='line_1_1' title="bbox 1317 295 2421 359; baseline 0.003 -5"><span class='ocrx_word' id='word_1_1' title='bbox 1317 295 1789 356; x_wconf 57' lang='lat' dir='ltr'><strong>HISTORIAM”</strong></span> <span class='ocrx_word' id='word_1_2' title='bbox 1826 296 2035 357; x_wconf 82' lang='lat' dir='ltr'><strong>LIBER</strong></span> <span class='ocrx_word' id='word_1_3' title='bbox 2076 297 2139 355; x_wconf 77' lang='grc' dir='ltr'><strong>ν,</strong></span> <span class='ocrx_word' id='word_1_4' title='bbox 2180 296 2335 355; x_wconf 83' lang='lat' dir='ltr'><strong>CAP.</strong></span> <span class='ocrx_word' id='word_1_5' title='bbox 2376 300 2421 359; x_wconf 94' lang='lat' dir='ltr'><strong>l.</strong></span> 
     </span>
    </p>
   </div>
   <div class='ocr_carea' id='block_1_2' title="bbox 3403 304 3512 367">
    <p class='ocr_par' dir='ltr' id='par_1_2' title="bbox 3403 304 3512 367">
     <span class='ocr_line' id='line_1_2' title="bbox 3403 304 3512 367; baseline 0.018 -3"><span class='ocrx_word' id='word_1_6' title='bbox 3403 304 3512 367; x_wconf 76' lang='grc'><strong>918</strong></span> 
     </span>
    </p>
   </div>
   <div class='ocr_carea' id='block_1_3' title="bbox 219 384 3508 489">
    <p class='ocr_par' dir='ltr' id='par_1_3' title="bbox 219 384 3508 489">
     <span class='ocr_line' id='line_1_3' title="bbox 219 384 3508 489; baseline 0.004 -22"><span class='ocrx_word' id='word_1_7' title='bbox 219 411 270 467; x_wconf 86' lang='lat' dir='ltr'><strong>in</strong></span> <span class='ocrx_word' id='word_1_8' title='bbox 295 409 581 479; x_wconf 75' lang='lat' dir='ltr'><strong>pulverem</strong></span> <span class='ocrx_word' id='word_1_9' title='bbox 611 408 968 476; x_wconf 78' lang='lat' dir='ltr'><strong>comminuto,</strong></span> <span class='ocrx_word' id='word_1_10' title='bbox 998 408 1483 482; x_wconf 75' lang='lat' dir='ltr'><strong>septingentesimo</strong></span> <span class='ocrx_word' id='word_1_11' title='bbox 1512 419 1635 481; x_wconf 90' lang='lat' dir='ltr'><strong>post</strong></span> <span class='ocrx_word' id='word_1_12' title='bbox 1659 425 1805 467; x_wconf 91' lang='lat' dir='ltr'><strong>anno</strong></span> <span class='ocrx_word' id='word_1_13' title='bbox 1833 415 1885 477; x_wconf 76' lang='grc' dir='ltr'><strong>Α</strong></span> <span class='ocrx_word' id='word_1_14' title='bbox 1912 410 1969 471; x_wconf 90' lang='lat' dir='ltr'><strong>in</strong></span> <span class='ocrx_word' id='word_1_15' title='bbox 1996 410 2300 484; x_wconf 70' lang='lat' dir='ltr'><strong>languidam</strong></span> <span class='ocrx_word' id='word_1_16' title='bbox 2330 414 2614 484; x_wconf 75' lang='lat' dir='ltr'><strong>segnitiem</strong></span> <span class='ocrx_word' id='word_1_17' title='bbox 2636 384 2940 475; x_wconf 79' lang='lat' dir='ltr'><strong>securitate</strong></span> <span class='ocrx_word' id='word_1_18' title='bbox 2977 427 3140 489; x_wconf 81' lang='lat' dir='ltr'><strong>atque</strong></span> <span class='ocrx_word' id='word_1_19' title='bbox 3181 421 3294 479; x_wconf 90' lang='lat' dir='ltr'><strong>otio</strong></span> <span class='ocrx_word' id='word_1_20' title='bbox 3323 421 3508 481; x_wconf 86' lang='lat' dir='ltr'><strong>solve-</strong></span> 
     </span>
    </p>
   </div>
   <div class='ocr_carea' id='block_1_4' title="bbox 228 501 1810 574">
    <p class='ocr_par' dir='ltr' id='par_1_4' title="bbox 228 501 1810 574">
     <span class='ocr_line' id='line_1_4' title="bbox 228 501 1810 574; baseline 0.002 -16"><span class='ocrx_word' id='word_1_21' title='bbox 228 518 391 574; x_wconf 88' lang='lat' dir='ltr'><strong>quam</strong></span> <span class='ocrx_word' id='word_1_22' title='bbox 415 501 635 559; x_wconf 87' lang='lat' dir='ltr'><strong>condita</strong></span> <span class='ocrx_word' id='word_1_23' title='bbox 663 511 798 558; x_wconf 90' lang='lat' dir='ltr'><strong>erat.</strong></span> <span class='ocrx_word' id='word_1_24' title='bbox 821 501 1105 561; x_wconf 77' lang='lat' dir='ltr'><strong>Multitudo</strong></span> <span class='ocrx_word' id='word_1_25' title='bbox 1132 503 1311 559; x_wconf 86' lang='lat' dir='ltr'><strong>omuis</strong></span> <span class='ocrx_word' id='word_1_26' title='bbox 1330 503 1693 573; x_wconf 78' lang='lat' dir='ltr'><strong>captivorum,</strong></span> <span class='ocrx_word' id='word_1_27' title='bbox 1717 517 1810 561; x_wconf 79' lang='lat' dir='ltr'><strong>cx-</strong></span> 
     </span>
    </p>
   </div>
   <div class='ocr_carea' id='block_1_5' title="bbox 216 593 1808 667">
    <p class='ocr_par' dir='ltr' id='par_1_5' title="bbox 216 593 1808 667">
     <span class='ocr_line' id='line_1_5' title="bbox 216 593 1808 667; baseline -0.001 -13"><span class='ocrx_word' id='word_1_28' title='bbox 216 598 401 667; x_wconf 78' lang='lat' dir='ltr'><strong>ceptis</strong></span> <span class='ocrx_word' id='word_1_29' title='bbox 414 596 604 666; x_wconf 85' lang='lat' dir='ltr'><strong>paucis</strong></span> <span class='ocrx_word' id='word_1_30' title='bbox 626 594 988 667; x_wconf 72' lang='lat' dir='ltr'><strong>principibus,</strong></span> <span class='ocrx_word' id='word_1_31' title='bbox 1007 594 1335 653; x_wconf 72' lang='lat' dir='ltr'><strong>venumdata</strong></span> <span class='ocrx_word' id='word_1_32' title='bbox 1356 605 1459 653; x_wconf 87' lang='lat' dir='ltr'><strong>est.</strong></span> <span class='ocrx_word' id='word_1_33' title='bbox 1476 596 1495 626; x_wconf 85' lang='grc'><strong>⁷</strong></span> <span class='ocrx_word' id='word_1_34' title='bbox 1512 593 1587 649; x_wconf 86' lang='lat' dir='ltr'><strong>Ita</strong></span> <span class='ocrx_word' id='word_1_35' title='bbox 1609 603 1808 665; x_wconf 82' lang='lat' dir='ltr'><strong>quarto</strong></span> 
     </span>
    </p>
   </div>
   <div class='ocr_carea' id='block_1_6' title="bbox 220 686 1805 759">
    <p class='ocr_par' dir='ltr' id='par_1_6' title="bbox 220 686 1805 759">
     <span class='ocr_line' id='line_1_6' title="bbox 220 686 1805 759; baseline -0.001 -14"><span class='ocrx_word' id='word_1_36' title='bbox 220 705 383 759; x_wconf 83' lang='lat' dir='ltr'><strong>quam</strong></span> <span class='ocrx_word' id='word_1_37' title='bbox 412 689 711 759; x_wconf 71' lang='lat' dir='ltr'><strong>inemptum</strong></span> <span class='ocrx_word' id='word_1_38' title='bbox 741 686 846 743; x_wconf 81' lang='lat' dir='ltr'><strong>fuit</strong></span> <span class='ocrx_word' id='word_1_39' title='bbox 868 703 1034 754; x_wconf 85' lang='lat' dir='ltr'><strong>anno,</strong></span> <span class='ocrx_word' id='word_1_40' title='bbox 1063 687 1266 745; x_wconf 86' lang='lat' dir='ltr'><strong>bellum</strong></span> <span class='ocrx_word' id='word_1_41' title='bbox 1290 686 1551 747; x_wconf 82' lang='lat' dir='ltr'><strong>Punicum</strong></span> <span class='ocrx_word' id='word_1_42' title='bbox 1582 686 1805 743; x_wconf 88' lang='lat' dir='ltr'><strong>tertium</strong></span> 
     </span>
    </p>
   </div>
   <div class='ocr_carea' id='block_1_7' title="bbox 216 780 1803 852">
    <p class='ocr_par' dir='ltr' id='par_1_7' title="bbox 216 780 1803 852">
     <span class='ocr_line' id='line_1_7' title="bbox 216 780 1803 852; baseline -0.001 -15"><span class='ocrx_word' id='word_1_43' title='bbox 216 782 559 839; x_wconf 72' lang='lat' dir='ltr'><strong>terminatus:</strong></span> <span class='ocrx_word' id='word_1_44' title='bbox 572 788 679 840; x_wconf 86' lang='lat' dir='ltr'><strong>est.</strong></span> <span class='ocrx_word' id='word_1_45' title='bbox 692 780 799 839; x_wconf 84' lang='lat' dir='ltr'><strong>Sed</strong></span> <span class='ocrx_word' id='word_1_46' title='bbox 817 780 946 841; x_wconf 77' lang='lat' dir='ltr'><strong>mihi</strong></span> <span class='ocrx_word' id='word_1_47' title='bbox 962 780 1803 852; x_wconf 72' lang='lat' dir='ltr'><strong>quatnlihetstudiosequmrcnti,</strong></span> 
     </span>
    </p>
   </div>
   <div class='ocr_carea' id='block_1_8' title="bbox 228 873 1806 946">
    <p class='ocr_par' dir='ltr' id='par_1_8' title="bbox 228 873 1806 946">
     <span class='ocr_line' id='line_1_8' title="bbox 228 873 1806 946; baseline -0.001 -17"><span class='ocrx_word' id='word_1_48' title='bbox 228 884 601 932; x_wconf 77' lang='lat' dir='ltr'><strong>verumtamen</strong></span> <span class='ocrx_word' id='word_1_49' title='bbox 625 873 832 930; x_wconf 81' lang='lat' dir='ltr'><strong>homini</strong></span> <span class='ocrx_word' id='word_1_50' title='bbox 866 873 1120 931; x_wconf 71' lang='lat' dir='ltr'><strong>tardioris</strong></span> <span class='ocrx_word' id='word_1_51' title='bbox 1141 874 1364 946; x_wconf 81' lang='lat' dir='ltr'><strong>ingenii,</strong></span> <span class='ocrx_word' id='word_1_52' title='bbox 1392 887 1660 943; x_wconf 76' lang='lat' dir='ltr'><strong>nusquam</strong></span> <span class='ocrx_word' id='word_1_53' title='bbox 1682 887 1806 933; x_wconf 76' lang='lat' dir='ltr'><strong>etu-</strong></span> 
     </span>
    </p>
   </div>
   <div class='ocr_carea' id='block_1_9' title="bbox 222 964 1805 1036">
    <p class='ocr_par' dir='ltr' id='par_1_9' title="bbox 222 964 1805 1036">
     <span class='ocr_line' id='line_1_9' title="bbox 222 964 1805 1036; baseline -0.001 -13"><span class='ocrx_word' id='word_1_54' title='bbox 222 965 351 1023; x_wconf 85' lang='lat' dir='ltr'><strong>nino</strong></span> <span class='ocrx_word' id='word_1_55' title='bbox 378 978 546 1025; x_wconf 76' lang='lat' dir='ltr'><strong>causa</strong></span> <span class='ocrx_word' id='word_1_56' title='bbox 573 966 700 1023; x_wconf 88' lang='lat' dir='ltr'><strong>belli</strong></span> <span class='ocrx_word' id='word_1_57' title='bbox 727 966 914 1023; x_wconf 79' lang='lat' dir='ltr'><strong>Punici</strong></span> <span class='ocrx_word' id='word_1_58' title='bbox 942 966 1111 1032; x_wconf 82' lang='lat' dir='ltr'><strong>tertii,</strong></span> <span class='ocrx_word' id='word_1_59' title='bbox 1144 979 1305 1036; x_wconf 75' lang='lat' dir='ltr'><strong>quam</strong></span> <span class='ocrx_word' id='word_1_60' title='bbox 1345 964 1398 1023; x_wconf 87' lang='lat' dir='ltr'><strong>in</strong></span> <span class='ocrx_word' id='word_1_61' title='bbox 1430 975 1640 1020; x_wconf 83' lang='lat' dir='ltr'><strong>tantum</strong></span> <span class='ocrx_word' id='word_1_62' title='bbox 1669 965 1805 1021; x_wconf 84' lang='lat' dir='ltr'><strong>Car-</strong></span> 
     </span>
    </p>
   </div>
   <div class='ocr_carea' id='block_1_10' title="bbox 220 1056 1806 1131">
    <p class='ocr_par' dir='ltr' id='par_1_10' title="bbox 220 1056 1806 1131">
     <span class='ocr_line' id='line_1_10' title="bbox 220 1056 1806 1131; baseline -0.001 -15"><span class='ocrx_word' id='word_1_63' title='bbox 220 1062 382 1130; x_wconf 75' lang='lat' dir='ltr'><strong>thago</strong></span> <span class='ocrx_word' id='word_1_64' title='bbox 408 1059 752 1125; x_wconf 83' lang='lat' dir='ltr'><strong>accenderit,</strong></span> <span class='ocrx_word' id='word_1_65' title='bbox 782 1070 839 1118; x_wconf 91' lang='lat' dir='ltr'><strong>ut</strong></span> <span class='ocrx_word' id='word_1_66' title='bbox 856 1059 1006 1131; x_wconf 84' lang='lat' dir='ltr'><strong>juste</strong></span> <span class='ocrx_word' id='word_1_67' title='bbox 1034 1059 1214 1116; x_wconf 81' lang='lat' dir='ltr'><strong>everti</strong></span> <span class='ocrx_word' id='word_1_68' title='bbox 1242 1058 1659 1123; x_wconf 75' lang='lat' dir='ltr'><strong>decerneretur,</strong></span> <span class='ocrx_word' id='word_1_69' title='bbox 1686 1056 1806 1115; x_wconf 81' lang='lat' dir='ltr'><strong>elu-</strong></span> 
     </span>
    </p>
   </div>
   <div class='ocr_carea' id='block_1_11' title="bbox 211 1150 1804 1223">
    <p class='ocr_par' dir='ltr' id='par_1_11' title="bbox 211 1150 1804 1223">
     <span class='ocr_line' id='line_1_11' title="bbox 211 1150 1804 1223; baseline -0.003 -10"><span class='ocrx_word' id='word_1_70' title='bbox 211 1154 310 1213; x_wconf 89' lang='lat' dir='ltr'><strong>xit.</strong></span> <span class='ocrx_word' id='word_1_71' title='bbox 337 1152 589 1223; x_wconf 85' lang='lat' dir='ltr'><strong>llludqne</strong></span> <span class='ocrx_word' id='word_1_72' title='bbox 612 1168 702 1211; x_wconf 81' lang='lat' dir='ltr'><strong>me</strong></span> <span class='ocrx_word' id='word_1_73' title='bbox 732 1153 819 1213; x_wconf 85' lang='lat' dir='ltr'><strong>vel</strong></span> <span class='ocrx_word' id='word_1_74' title='bbox 851 1151 1090 1211; x_wconf 82' lang='lat' dir='ltr'><strong>maxime</strong></span> <span class='ocrx_word' id='word_1_75' title='bbox 1119 1159 1323 1220; x_wconf 83' lang='lat' dir='ltr'><strong>movet,</strong></span> <span class='ocrx_word' id='word_1_76' title='bbox 1350 1151 1501 1223; x_wconf 78' lang='lat' dir='ltr'><strong>quod</strong></span> <span class='ocrx_word' id='word_1_77' title='bbox 1528 1150 1577 1207; x_wconf 91' lang='lat' dir='ltr'><strong>si</strong></span> <span class='ocrx_word' id='word_1_78' title='bbox 1606 1151 1678 1211; x_wconf 85' lang='lat' dir='ltr'><strong>ita</strong></span> <span class='ocrx_word' id='word_1_79' title='bbox 1696 1193 1715 1219; x_wconf 88' lang='lat'><strong>,</strong></span> <span class='ocrx_word' id='word_1_80' title='bbox 1742 1159 1804 1209; x_wconf 83' lang='lat' dir='ltr'><strong>ut</strong></span> 
     </span>
    </p>
   </div>
   <div class='ocr_carea' id='block_1_12' title="bbox 210 1248 1802 1321">
    <p class='ocr_par' dir='ltr' id='par_1_12' title="bbox 210 1248 1802 1321">
     <span class='ocr_line' id='line_1_12' title="bbox 210 1248 1802 1321; baseline 0.001 -15"><span class='ocrx_word' id='word_1_81' title='bbox 210 1251 261 1306; x_wconf 89' lang='lat' dir='ltr'><strong>in</strong></span> <span class='ocrx_word' id='word_1_82' title='bbox 288 1249 666 1320; x_wconf 73' lang='lat' dir='ltr'><strong>superioribus</strong></span> <span class='ocrx_word' id='word_1_83' title='bbox 689 1248 853 1308; x_wconf 88' lang='lat' dir='ltr'><strong>bellis</strong></span> <span class='ocrx_word' id='word_1_84' title='bbox 879 1248 1107 1307; x_wconf 78' lang='lat' dir='ltr'><strong>evidens</strong></span> <span class='ocrx_word' id='word_1_85' title='bbox 1146 1248 1203 1304; x_wconf 92' lang='lat' dir='ltr'><strong>in</strong></span> <span class='ocrx_word' id='word_1_86' title='bbox 1229 1257 1609 1321; x_wconf 71' lang='lat' dir='ltr'><strong>assurgentem</strong></span> <span class='ocrx_word' id='word_1_87' title='bbox 1636 1260 1802 1307; x_wconf 78' lang='lat' dir='ltr'><strong>causa</strong></span> 
     </span>
    </p>
   </div>
   <div class='ocr_carea' id='block_1_13' title="bbox 210 1338 1797 1408">
    <p class='ocr_par' dir='ltr' id='par_1_13' title="bbox 210 1338 1797 1408">
     <span class='ocr_line' id='line_1_13' title="bbox 210 1338 1797 1408; baseline -0.005 -9"><span class='ocrx_word' id='word_1_88' title='bbox 210 1350 263 1399; x_wconf 88' lang='lat' dir='ltr'><strong>ct</strong></span> <span class='ocrx_word' id='word_1_89' title='bbox 302 1342 467 1399; x_wconf 80' lang='lat' dir='ltr'><strong>dolor</strong></span> <span class='ocrx_word' id='word_1_90' title='bbox 492 1340 849 1406; x_wconf 71' lang='lat' dir='ltr'><strong>accendebat,</strong></span> <span class='ocrx_word' id='word_1_91' title='bbox 877 1338 1285 1399; x_wconf 74' lang='lat' dir='ltr'><strong>consultatione</strong></span> <span class='ocrx_word' id='word_1_92' title='bbox 1326 1355 1440 1398; x_wconf 79' lang='lat' dir='ltr'><strong>non</strong></span> <span class='ocrx_word' id='word_1_93' title='bbox 1482 1352 1623 1408; x_wconf 86' lang='lat' dir='ltr'><strong>opus</strong></span> <span class='ocrx_word' id='word_1_94' title='bbox 1648 1346 1797 1394; x_wconf 88' lang='lat' dir='ltr'><strong>erat.</strong></span> 
     </span>
    </p>
   </div>
   <div class='ocr_carea' id='block_1_14' title="bbox 206 1432 1793 1505">
    <p class='ocr_par' dir='ltr' id='par_1_14' title="bbox 206 1432 1793 1505">
     <span class='ocr_line' id='line_1_14' title="bbox 206 1432 1793 1505; baseline -0.001 -15"><span class='ocrx_word' id='word_1_95' title='bbox 206 1440 276 1490; x_wconf 75' lang='lat' dir='ltr'><strong>At</strong></span> <span class='ocrx_word' id='word_1_96' title='bbox 299 1446 435 1491; x_wconf 83' lang='lat' dir='ltr'><strong>vero</strong></span> <span class='ocrx_word' id='word_1_97' title='bbox 462 1436 490 1469; x_wconf 83' lang='grc'>⁸</span> <span class='ocrx_word' id='word_1_98' title='bbox 524 1449 649 1492; x_wconf 78' lang='lat' dir='ltr'><strong>etim</strong></span> <span class='ocrx_word' id='word_1_99' title='bbox 675 1433 773 1491; x_wconf 87' lang='lat' dir='ltr'><strong>alii</strong></span> <span class='ocrx_word' id='word_1_100' title='bbox 800 1432 1169 1491; x_wconf 80' lang='lat' dir='ltr'><strong>Rotnanorum</strong></span> <span class='ocrx_word' id='word_1_101' title='bbox 1212 1441 1435 1505; x_wconf 79' lang='lat' dir='ltr'><strong>propter</strong></span> <span class='ocrx_word' id='word_1_102' title='bbox 1472 1440 1793 1503; x_wconf 78' lang='lat' dir='ltr'><strong>perpetuam</strong></span> 
     </span>
    </p>
   </div>
   <div class='ocr_carea' id='block_1_15' title="bbox 206 1524 1798 1592">
    <p class='ocr_par' dir='ltr' id='par_1_15' title="bbox 206 1524 1798 1592">
     <span class='ocr_line' id='line_1_15' title="bbox 206 1524 1798 1592; baseline 0.001 -10"><span class='ocrx_word' id='word_1_103' title='bbox 206 1526 390 1585; x_wconf 80' lang='lat' dir='ltr'><strong>Romae</strong></span> <span class='ocrx_word' id='word_1_104' title='bbox 418 1528 773 1587; x_wconf 71' lang='lat' dir='ltr'><strong>securitatem</strong></span> <span class='ocrx_word' id='word_1_105' title='bbox 808 1525 1100 1585; x_wconf 76' lang='lat' dir='ltr'><strong>delendam</strong></span> <span class='ocrx_word' id='word_1_106' title='bbox 1135 1540 1260 1584; x_wconf 84' lang='lat' dir='ltr'><strong>esse</strong></span> <span class='ocrx_word' id='word_1_107' title='bbox 1288 1525 1671 1592; x_wconf 87' lang='lat' dir='ltr'><strong>decernerent,</strong></span> <span class='ocrx_word' id='word_1_108' title='bbox 1700 1524 1798 1583; x_wconf 89' lang='lat' dir='ltr'><strong>alii</strong></span> 
     </span>
    </p>
   </div>
   <div class='ocr_carea' id='block_1_16' title="bbox 204 1617 1784 1692">
    <p class='ocr_par' dir='ltr' id='par_1_16' title="bbox 204 1617 1784 1692">
     <span class='ocr_line' id='line_1_16' title="bbox 204 1617 1784 1692; baseline -0.001 -15"><span class='ocrx_word' id='word_1_109' title='bbox 204 1633 330 1677; x_wconf 75' lang='lat' dir='ltr'><strong>vero</strong></span> <span class='ocrx_word' id='word_1_110' title='bbox 360 1628 591 1692; x_wconf 73' lang='lat' dir='ltr'><strong>propter</strong></span> <span class='ocrx_word' id='word_1_111' title='bbox 621 1628 943 1692; x_wconf 75' lang='lat' dir='ltr'><strong>perpetuam</strong></span> <span class='ocrx_word' id='word_1_112' title='bbox 997 1618 1259 1677; x_wconf 70' lang='lat' dir='ltr'><strong>Romana:</strong></span> <span class='ocrx_word' id='word_1_113' title='bbox 1314 1617 1532 1675; x_wconf 86' lang='lat' dir='ltr'><strong>virtutis</strong></span> <span class='ocrx_word' id='word_1_114' title='bbox 1566 1632 1784 1684; x_wconf 81' lang='lat' dir='ltr'><strong>curam,</strong></span> 
     </span>
    </p>
   </div>
   <div class='ocr_carea' id='block_1_17' title="bbox 203 1711 1795 1787">
    <p class='ocr_par' dir='ltr' id='par_1_17' title="bbox 203 1711 1795 1787">
     <span class='ocr_line' id='line_1_17' title="bbox 203 1711 1795 1787; baseline -0.002 -15"><span class='ocrx_word' id='word_1_115' title='bbox 203 1718 224 1749; x_wconf 83' lang='lat'>&#39;</span> <span class='ocrx_word' id='word_1_116' title='bbox 250 1729 370 1787; x_wconf 74' lang='lat' dir='ltr'><strong>qua</strong></span> <span class='ocrx_word' id='word_1_117' title='bbox 404 1713 518 1771; x_wconf 83' lang='lat' dir='ltr'><strong>sibi</strong></span> <span class='ocrx_word' id='word_1_118' title='bbox 556 1726 776 1786; x_wconf 81' lang='lat' dir='ltr'><strong>scutper</strong></span> <span class='ocrx_word' id='word_1_119' title='bbox 798 1729 866 1772; x_wconf 80' lang='lat' dir='ltr'><strong>ex</strong></span> <span class='ocrx_word' id='word_1_120' title='bbox 894 1712 1207 1784; x_wconf 62' lang='lat' dir='ltr'><strong>supinione</strong></span> <span class='ocrx_word' id='word_1_121' title='bbox 1243 1711 1457 1771; x_wconf 65' lang='lat' dir='ltr'><strong>amula</strong></span> <span class='ocrx_word' id='word_1_122' title='bbox 1496 1711 1647 1772; x_wconf 82' lang='lat' dir='ltr'><strong>urbis</strong></span> <span class='ocrx_word' id='word_1_123' title='bbox 1689 1711 1795 1769; x_wconf 57' lang='lat' dir='ltr'><strong>itu-1</strong></span> 
     </span>
    </p>
   </div>
   <div class='ocr_carea' id='block_1_18' title="bbox 1911 503 3507 581">
    <p class='ocr_par' dir='ltr' id='par_1_18' title="bbox 1911 503 3507 581">
     <span class='ocr_line' id='line_1_18' title="bbox 1911 503 3507 581; baseline 0.007 -23"><span class='ocrx_word' id='word_1_124' title='bbox 1911 515 2082 570; x_wconf 84' lang='lat' dir='ltr'><strong>retur,</strong></span> <span class='ocrx_word' id='word_1_125' title='bbox 2112 503 2441 561; x_wconf 80' lang='lat' dir='ltr'><strong>incolumem</strong></span> <span class='ocrx_word' id='word_1_126' title='bbox 2464 503 2853 579; x_wconf 83' lang='lat' dir='ltr'><strong>Carthaginem</strong></span> <span class='ocrx_word' id='word_1_127' title='bbox 2876 514 3045 567; x_wconf 82' lang='lat' dir='ltr'><strong>statui</strong></span> <span class='ocrx_word' id='word_1_128' title='bbox 3067 525 3167 567; x_wconf 89' lang='lat' dir='ltr'><strong>suo</strong></span> <span class='ocrx_word' id='word_1_129' title='bbox 3191 516 3507 581; x_wconf 89' lang='lat' dir='ltr'><strong>permitten-</strong></span> 
     </span>
    </p>
   </div>
   <div class='ocr_carea' id='block_1_19' title="bbox 1910 598 3507 675">
    <p class='ocr_par' dir='ltr' id='par_1_19' title="bbox 1910 598 3507 675">
     <span class='ocr_line' id='line_1_19' title="bbox 1910 598 3507 675; baseline 0.006 -21"><span class='ocrx_word' id='word_1_130' title='bbox 1910 598 2033 654; x_wconf 85' lang='lat' dir='ltr'><strong>dam</strong></span> <span class='ocrx_word' id='word_1_131' title='bbox 2060 611 2185 655; x_wconf 86' lang='lat' dir='ltr'><strong>esse</strong></span> <span class='ocrx_word' id='word_1_132' title='bbox 2213 610 2502 659; x_wconf 83' lang='lat' dir='ltr'><strong>censerent</strong></span> <span class='ocrx_word' id='word_1_133' title='bbox 2532 618 2544 655; x_wconf 84' lang='lat'><strong>:</strong></span> <span class='ocrx_word' id='word_1_134' title='bbox 2578 616 2802 659; x_wconf 84' lang='lat' dir='ltr'><strong>causam</strong></span> <span class='ocrx_word' id='word_1_135' title='bbox 2846 619 2955 659; x_wconf 89' lang='lat' dir='ltr'><strong>non</strong></span> <span class='ocrx_word' id='word_1_136' title='bbox 2996 618 3063 660; x_wconf 80' lang='lat' dir='ltr'><strong>ex</strong></span> <span class='ocrx_word' id='word_1_137' title='bbox 3098 605 3294 675; x_wconf 86' lang='lat' dir='ltr'><strong>injuria</strong></span> <span class='ocrx_word' id='word_1_138' title='bbox 3332 607 3507 664; x_wconf 71' lang='lat' dir='ltr'><strong>laces-</strong></span> 
     </span>
    </p>
   </div>
   <div class='ocr_carea' id='block_1_20' title="bbox 1908 691 3503 762">
    <p class='ocr_par' dir='ltr' id='par_1_20' title="bbox 1908 691 3503 762">
     <span class='ocr_line' id='line_1_20' title="bbox 1908 691 3503 762; baseline 0.005 -16"><span class='ocrx_word' id='word_1_139' title='bbox 1908 691 2143 749; x_wconf 82' lang='lat' dir='ltr'><strong>sentium</strong></span> <span class='ocrx_word' id='word_1_140' title='bbox 2171 692 2722 762; x_wconf 72' lang='lat' dir='ltr'><strong>Carthaginiensium,</strong></span> <span class='ocrx_word' id='word_1_141' title='bbox 2754 695 2850 751; x_wconf 89' lang='lat' dir='ltr'><strong>sed</strong></span> <span class='ocrx_word' id='word_1_142' title='bbox 2878 710 2952 752; x_wconf 86' lang='lat' dir='ltr'><strong>ex</strong></span> <span class='ocrx_word' id='word_1_143' title='bbox 2986 696 3354 755; x_wconf 77' lang='lat' dir='ltr'><strong>inconstantia</strong></span> <span class='ocrx_word' id='word_1_144' title='bbox 3387 709 3503 754; x_wconf 88' lang='lat' dir='ltr'><strong>tor-</strong></span> 
     </span>
    </p>
   </div>
   <div class='ocr_carea' id='block_1_21' title="bbox 1909 785 3502 863">
    <p class='ocr_par' dir='ltr' id='par_1_21' title="bbox 1909 785 3502 863">
     <span class='ocr_line' id='line_1_21' title="bbox 1909 785 3502 863; baseline 0.004 -21"><span class='ocrx_word' id='word_1_145' title='bbox 1909 786 2246 855; x_wconf 82' lang='lat' dir='ltr'><strong>pescentiutn</strong></span> <span class='ocrx_word' id='word_1_146' title='bbox 2280 785 2648 842; x_wconf 77' lang='lat' dir='ltr'><strong>Romanorum</strong></span> <span class='ocrx_word' id='word_1_147' title='bbox 2690 796 2868 845; x_wconf 86' lang='lat' dir='ltr'><strong>ortam</strong></span> <span class='ocrx_word' id='word_1_148' title='bbox 2898 788 3139 847; x_wconf 80' lang='lat' dir='ltr'><strong>invenio.</strong></span> <span class='ocrx_word' id='word_1_149' title='bbox 3187 790 3345 863; x_wconf 85' lang='lat' dir='ltr'><strong>Quod</strong></span> <span class='ocrx_word' id='word_1_150' title='bbox 3376 808 3502 848; x_wconf 88' lang='lat' dir='ltr'><strong>cum</strong></span> 
     </span>
    </p>
   </div>
   <div class='ocr_carea' id='block_1_22' title="bbox 1907 876 3505 951">
    <p class='ocr_par' dir='ltr' id='par_1_22' title="bbox 1907 876 3505 951">
     <span class='ocr_line' id='line_1_22' title="bbox 1907 876 3505 951; baseline 0.003 -18"><span class='ocrx_word' id='word_1_151' title='bbox 1907 877 1982 933; x_wconf 86' lang='lat' dir='ltr'><strong>ita</strong></span> <span class='ocrx_word' id='word_1_152' title='bbox 2005 876 2097 943; x_wconf 86' lang='lat' dir='ltr'><strong>sit,</strong></span> <span class='ocrx_word' id='word_1_153' title='bbox 2130 892 2227 933; x_wconf 87' lang='lat' dir='ltr'><strong>cur</strong></span> <span class='ocrx_word' id='word_1_154' title='bbox 2248 876 2582 935; x_wconf 84' lang='lat' dir='ltr'><strong>Christianis</strong></span> <span class='ocrx_word' id='word_1_155' title='bbox 2616 879 2955 948; x_wconf 83' lang='lat' dir='ltr'><strong>temporibus</strong></span> <span class='ocrx_word' id='word_1_156' title='bbox 2986 881 3255 951; x_wconf 80' lang='lat' dir='ltr'><strong>imputant</strong></span> <span class='ocrx_word' id='word_1_157' title='bbox 3277 882 3505 940; x_wconf 86' lang='lat' dir='ltr'><strong>hebeta-</strong></span> 
     </span>
    </p>
   </div>
   <div class='ocr_carea' id='block_1_23' title="bbox 1912 970 3506 1043">
    <p class='ocr_par' dir='ltr' id='par_1_23' title="bbox 1912 970 3506 1043">
     <span class='ocr_line' id='line_1_23' title="bbox 1912 970 3506 1043; baseline 0.002 -15"><span class='ocrx_word' id='word_1_158' title='bbox 1912 970 2113 1031; x_wconf 84' lang='lat' dir='ltr'><strong>tioncm</strong></span> <span class='ocrx_word' id='word_1_159' title='bbox 2142 985 2207 1025; x_wconf 84' lang='lat' dir='ltr'><strong>ac</strong></span> <span class='ocrx_word' id='word_1_160' title='bbox 2248 970 2553 1040; x_wconf 71' lang='lat' dir='ltr'><strong>rubiginem</strong></span> <span class='ocrx_word' id='word_1_161' title='bbox 2598 986 2775 1038; x_wconf 87' lang='lat' dir='ltr'><strong>suam,</strong></span> <span class='ocrx_word' id='word_1_162' title='bbox 2807 987 2914 1043; x_wconf 89' lang='lat' dir='ltr'><strong>qua</strong></span> <span class='ocrx_word' id='word_1_163' title='bbox 2944 971 3080 1028; x_wconf 77' lang='lat' dir='ltr'><strong>toris</strong></span> <span class='ocrx_word' id='word_1_164' title='bbox 3113 974 3311 1042; x_wconf 78' lang='lat' dir='ltr'><strong>crassi,</strong></span> <span class='ocrx_word' id='word_1_165' title='bbox 3357 975 3506 1037; x_wconf 81' lang='lat' dir='ltr'><strong>intus</strong></span> 
     </span>
    </p>
   </div>
   <div class='ocr_carea' id='block_1_24' title="bbox 1906 1067 3501 1142">
    <p class='ocr_par' dir='ltr' id='par_1_24' title="bbox 1906 1067 3501 1142">
     <span class='ocr_line' id='line_1_24' title="bbox 1906 1067 3501 1142; baseline 0 -16"><span class='ocrx_word' id='word_1_166' title='bbox 1906 1068 2056 1127; x_wconf 72' lang='lat' dir='ltr'><strong>exesi</strong></span> <span class='ocrx_word' id='word_1_167' title='bbox 2084 1067 2252 1123; x_wconf 78' lang='lat' dir='ltr'><strong>sunt?</strong></span> <span class='ocrx_word' id='word_1_168' title='bbox 2292 1067 2387 1137; x_wconf 85' lang='lat' dir='ltr'><strong>qui</strong></span> <span class='ocrx_word' id='word_1_169' title='bbox 2416 1082 2583 1138; x_wconf 91' lang='lat' dir='ltr'><strong>porro</strong></span> <span class='ocrx_word' id='word_1_170' title='bbox 2616 1075 2745 1125; x_wconf 88' lang='lat' dir='ltr'><strong>ante</strong></span> <span class='ocrx_word' id='word_1_171' title='bbox 2788 1076 3088 1127; x_wconf 83' lang='lat' dir='ltr'><strong>sexcentos</strong></span> <span class='ocrx_word' id='word_1_172' title='bbox 3122 1069 3242 1127; x_wconf 76' lang='lat' dir='ltr'><strong>fere</strong></span> <span class='ocrx_word' id='word_1_173' title='bbox 3282 1087 3456 1126; x_wconf 86' lang='lat' dir='ltr'><strong>annos</strong></span> <span class='ocrx_word' id='word_1_174' title='bbox 3485 1115 3501 1142; x_wconf 91' lang='lat'><strong>,</strong></span> 
     </span>
    </p>
   </div>
   <div class='ocr_carea' id='block_1_25' title="bbox 1903 1159 3498 1233">
    <p class='ocr_par' dir='ltr' id='par_1_25' title="bbox 1903 1159 3498 1233">
     <span class='ocr_line' id='line_1_25' title="bbox 1903 1159 3498 1233; baseline 0.001 -16"><span class='ocrx_word' id='word_1_175' title='bbox 1903 1160 2047 1217; x_wconf 82' lang='lat' dir='ltr'><strong>sicut</strong></span> <span class='ocrx_word' id='word_1_176' title='bbox 2087 1162 2170 1217; x_wconf 90' lang='lat' dir='ltr'><strong>sui</strong></span> <span class='ocrx_word' id='word_1_177' title='bbox 2199 1161 2363 1233; x_wconf 64' lang='lat'><strong>283</strong></span> <span class='ocrx_word' id='word_1_178' title='bbox 2386 1159 2683 1232; x_wconf 85' lang='lat' dir='ltr'><strong>prudentes</strong></span> <span class='ocrx_word' id='word_1_179' title='bbox 2711 1161 3073 1233; x_wconf 84' lang='lat' dir='ltr'><strong>timentesque</strong></span> <span class='ocrx_word' id='word_1_180' title='bbox 3108 1164 3498 1233; x_wconf 63' lang='lat' dir='ltr'><strong>praedixerant,</strong></span> 
     </span>
    </p>
   </div>
   <div class='ocr_carea' id='block_1_26' title="bbox 1903 1253 3495 1326">
    <p class='ocr_par' dir='ltr' id='par_1_26' title="bbox 1903 1253 3495 1326">
     <span class='ocr_line' id='line_1_26' title="bbox 1903 1253 3495 1326; baseline 0.002 -15"><span class='ocrx_word' id='word_1_181' title='bbox 1903 1263 2081 1311; x_wconf 81' lang='lat' dir='ltr'><strong>cotem</strong></span> <span class='ocrx_word' id='word_1_182' title='bbox 2106 1253 2254 1309; x_wconf 83' lang='lat' dir='ltr'><strong>illam</strong></span> <span class='ocrx_word' id='word_1_183' title='bbox 2282 1269 2532 1324; x_wconf 86' lang='lat' dir='ltr'><strong>magnam</strong></span> <span class='ocrx_word' id='word_1_184' title='bbox 2556 1254 2872 1326; x_wconf 83' lang='lat' dir='ltr'><strong>splendoris</strong></span> <span class='ocrx_word' id='word_1_185' title='bbox 2889 1264 2948 1312; x_wconf 90' lang='lat' dir='ltr'><strong>et</strong></span> <span class='ocrx_word' id='word_1_186' title='bbox 2968 1256 3235 1317; x_wconf 84' lang='lat' dir='ltr'><strong>acuminis</strong></span> <span class='ocrx_word' id='word_1_187' title='bbox 3262 1258 3346 1314; x_wconf 90' lang='lat' dir='ltr'><strong>sui</strong></span> <span class='ocrx_word' id='word_1_188' title='bbox 3364 1256 3495 1317; x_wconf 87' lang='lat' dir='ltr'><strong>Car-</strong></span> 
     </span>
    </p>
   </div>
   <div class='ocr_carea' id='block_1_27' title="bbox 1912 1347 3505 1420">
    <p class='ocr_par' dir='ltr' id='par_1_27' title="bbox 1912 1347 3505 1420">
     <span class='ocr_line' id='line_1_27' title="bbox 1912 1347 3505 1420; baseline 0.004 -18"><span class='ocrx_word' id='word_1_189' title='bbox 1912 1347 2193 1420; x_wconf 84' lang='lat' dir='ltr'><strong>thaginem</strong></span> <span class='ocrx_word' id='word_1_190' title='bbox 2239 1348 2614 1418; x_wconf 88' lang='lat' dir='ltr'><strong>perdiderunt.</strong></span> <span class='ocrx_word' id='word_1_191' title='bbox 2662 1347 2854 1419; x_wconf 85' lang='lat' dir='ltr'><strong>Itaque</strong></span> <span class='ocrx_word' id='word_1_192' title='bbox 2901 1348 3062 1407; x_wconf 80' lang='lat' dir='ltr'><strong>linem</strong></span> <span class='ocrx_word' id='word_1_193' title='bbox 3111 1350 3380 1408; x_wconf 80' lang='lat' dir='ltr'><strong>volumini</strong></span> <span class='ocrx_word' id='word_1_194' title='bbox 3423 1350 3505 1409; x_wconf 73' lang='lat' dir='ltr'><strong>fa-</strong></span> 
     </span>
    </p>
   </div>
   <div class='ocr_carea' id='block_1_28' title="bbox 1900 1438 3502 1513">
    <p class='ocr_par' dir='ltr' id='par_1_28' title="bbox 1900 1438 3502 1513">
     <span class='ocr_line' id='line_1_28' title="bbox 1900 1438 3502 1513; baseline 0.004 -18"><span class='ocrx_word' id='word_1_195' title='bbox 1900 1438 2064 1507; x_wconf 83' lang='lat' dir='ltr'><strong>ciant,</strong></span> <span class='ocrx_word' id='word_1_196' title='bbox 2094 1455 2164 1495; x_wconf 92' lang='lat' dir='ltr'><strong>ne</strong></span> <span class='ocrx_word' id='word_1_197' title='bbox 2200 1439 2428 1496; x_wconf 68' lang='lat' dir='ltr'><strong>forsitan</strong></span> <span class='ocrx_word' id='word_1_198' title='bbox 2457 1439 2775 1497; x_wconf 87' lang='lat' dir='ltr'><strong>collidendo</strong></span> <span class='ocrx_word' id='word_1_199' title='bbox 2806 1440 3205 1513; x_wconf 80' lang='lat' dir='ltr'><strong>vehementius,</strong></span> <span class='ocrx_word' id='word_1_200' title='bbox 3252 1442 3502 1506; x_wconf 85' lang='lat' dir='ltr'><strong>discussa</strong></span> 
     </span>
    </p>
   </div>
   <div class='ocr_carea' id='block_1_29' title="bbox 1899 1530 3506 1600">
    <p class='ocr_par' dir='ltr' id='par_1_29' title="bbox 1899 1530 3506 1600">
     <span class='ocr_line' id='line_1_29' title="bbox 1899 1530 3506 1600; baseline 0.002 -14"><span class='ocrx_word' id='word_1_201' title='bbox 1899 1531 1968 1586; x_wconf 79' lang='lat' dir='ltr'><strong>ad</strong></span> <span class='ocrx_word' id='word_1_202' title='bbox 1997 1540 2214 1600; x_wconf 74' lang='lat' dir='ltr'><strong>tempus</strong></span> <span class='ocrx_word' id='word_1_203' title='bbox 2236 1530 2510 1598; x_wconf 84' lang='lat' dir='ltr'><strong>rubigine,</strong></span> <span class='ocrx_word' id='word_1_204' title='bbox 2542 1531 2632 1588; x_wconf 84' lang='lat' dir='ltr'><strong>ubi</strong></span> <span class='ocrx_word' id='word_1_205' title='bbox 2656 1530 3028 1589; x_wconf 87' lang='lat' dir='ltr'><strong>necessarium</strong></span> <span class='ocrx_word' id='word_1_206' title='bbox 3050 1546 3280 1590; x_wconf 88' lang='lat' dir='ltr'><strong>acumen</strong></span> <span class='ocrx_word' id='word_1_207' title='bbox 3302 1533 3506 1590; x_wconf 86' lang='lat' dir='ltr'><strong>elicere</strong></span> 
     </span>
    </p>
   </div>
   <div class='ocr_carea' id='block_1_30' title="bbox 1899 1621 3495 1694">
    <p class='ocr_par' dir='ltr' id='par_1_30' title="bbox 1899 1621 3495 1694">
     <span class='ocr_line' id='line_1_30' title="bbox 1899 1621 3495 1694; baseline 0.002 -15"><span class='ocrx_word' id='word_1_208' title='bbox 1899 1636 2009 1679; x_wconf 77' lang='lat' dir='ltr'><strong>non</strong></span> <span class='ocrx_word' id='word_1_209' title='bbox 2054 1636 2299 1691; x_wconf 85' lang='lat' dir='ltr'><strong>possum,</strong></span> <span class='ocrx_word' id='word_1_210' title='bbox 2330 1635 2732 1694; x_wconf 77' lang='lat' dir='ltr'><strong>supervacuam</strong></span> <span class='ocrx_word' id='word_1_211' title='bbox 2773 1621 3125 1693; x_wconf 82' lang='lat' dir='ltr'><strong>asperitatem</strong></span> <span class='ocrx_word' id='word_1_212' title='bbox 3168 1624 3442 1683; x_wconf 81' lang='lat' dir='ltr'><strong>inveniam</strong></span> <span class='ocrx_word' id='word_1_213' title='bbox 3479 1642 3495 1688; x_wconf 88' lang='lat'><strong>;</strong></span> 
     </span>
    </p>
   </div>
   <div class='ocr_carea' id='block_1_31' title="bbox 1898 1712 3495 1787">
    <p class='ocr_par' dir='ltr' id='par_1_31' title="bbox 1898 1712 3495 1787">
     <span class='ocr_line' id='line_1_31' title="bbox 1898 1712 3495 1787; baseline 0.003 -18"><span class='ocrx_word' id='word_1_214' title='bbox 1898 1728 2225 1786; x_wconf 67' lang='lat' dir='ltr'><strong>(paqu</strong></span> <span class='ocrx_word' id='word_1_215' title='bbox 2262 1712 2574 1771; x_wconf 87' lang='lat' dir='ltr'><strong>obviantem</strong></span> <span class='ocrx_word' id='word_1_216' title='bbox 2616 1712 2968 1784; x_wconf 79' lang='lat' dir='ltr'><strong>asperitatem</strong></span> <span class='ocrx_word' id='word_1_217' title='bbox 3010 1729 3352 1787; x_wconf 87' lang='lat' dir='ltr'><strong>nequaquam</strong></span> <span class='ocrx_word' id='word_1_218' title='bbox 3400 1732 3495 1785; x_wconf 83' lang='lat' dir='ltr'><strong>ex-</strong></span> 
     </span>
    </p>
   </div>
   <div class='ocr_carea' id='block_1_32' title="bbox 205 1800 3500 1883">
    <p class='ocr_par' dir='ltr' id='par_1_32' title="bbox 205 1800 3500 1883">
     <span class='ocr_line' id='line_1_32' title="bbox 205 1800 3500 1883; baseline -0.002 -15"><span class='ocrx_word' id='word_1_219' title='bbox 205 1808 484 1882; x_wconf 75' lang='lat' dir='ltr'><strong>penderet,</strong></span> <span class='ocrx_word' id='word_1_220' title='bbox 506 1824 580 1867; x_wconf 87' lang='lat' dir='ltr'><strong>ne</strong></span> <span class='ocrx_word' id='word_1_221' title='bbox 604 1809 761 1883; x_wconf 76' lang='lat' dir='ltr'><strong>rigor</strong></span> <span class='ocrx_word' id='word_1_222' title='bbox 775 1807 1062 1866; x_wconf 70' lang='lat' dir='ltr'><strong>nonanus</strong></span> <span class='ocrx_word' id='word_1_223' title='bbox 1083 1806 1244 1864; x_wconf 82' lang='lat' dir='ltr'><strong>bellis</strong></span> <span class='ocrx_word' id='word_1_224' title='bbox 1257 1820 1477 1878; x_wconf 81' lang='lat' dir='ltr'><strong>semper</strong></span> <span class='ocrx_word' id='word_1_225' title='bbox 1492 1805 1798 1874; x_wconf 76' lang='lat' dir='ltr'><strong>exercitus,</strong></span> <span class='ocrx_word' id='word_1_226' title='bbox 1826 1800 1879 1870; x_wconf 66' lang='grc' dir='ltr'><strong>Β</strong></span> <span class='ocrx_word' id='word_1_227' title='bbox 1905 1820 2281 1879; x_wconf 75' lang='lat' dir='ltr'><strong>pavescerent,</strong></span> <span class='ocrx_word' id='word_1_228' title='bbox 2309 1804 2356 1862; x_wconf 87' lang='lat' dir='ltr'><strong>si</strong></span> <span class='ocrx_word' id='word_1_229' title='bbox 2387 1804 2670 1863; x_wconf 87' lang='lat' dir='ltr'><strong>interioris</strong></span> <span class='ocrx_word' id='word_1_230' title='bbox 2697 1820 2851 1877; x_wconf 75' lang='lat' dir='ltr'><strong>spem</strong></span> <span class='ocrx_word' id='word_1_231' title='bbox 2877 1805 3148 1867; x_wconf 86' lang='lat' dir='ltr'><strong>acuminis</strong></span> <span class='ocrx_word' id='word_1_232' title='bbox 3177 1804 3500 1869; x_wconf 79' lang='lat' dir='ltr'><strong>invenirem.</strong></span> 
     </span>
    </p>
   </div>
   <div class='ocr_carea' id='block_1_33' title="bbox 1485 1939 2210 2001">
    <p class='ocr_par' dir='ltr' id='par_1_33' title="bbox 1485 1939 2210 2001">
     <span class='ocr_line' id='line_1_33' title="bbox 1485 1939 2210 2001; baseline 0.001 -3"><span class='ocrx_word' id='word_1_233' title='bbox 1485 1941 1578 1998; x_wconf 79' lang='lat' dir='ltr'><strong>HA</strong></span> <span class='ocrx_word' id='word_1_234' title='bbox 1590 1939 1937 2000; x_wconf 73' lang='lat' dir='ltr'><strong>VERCAMPI</strong></span> <span class='ocrx_word' id='word_1_235' title='bbox 1976 1940 2210 2001; x_wconf 59' lang='lat' dir='ltr'><strong>NOTAE.</strong></span> 
     </span>
    </p>
   </div>
   <div class='ocr_carea' id='block_1_34' title="bbox 268 2063 1783 2142">
    <p class='ocr_par' dir='ltr' id='par_1_34' title="bbox 268 2063 1783 2142">
     <span class='ocr_line' id='line_1_34' title="bbox 268 2063 1783 2142; baseline -0.003 -17"><span class='ocrx_word' id='word_1_236' title='bbox 268 2072 318 2125; x_wconf 86' lang='lat'><strong>7.</strong></span> <span class='ocrx_word' id='word_1_237' title='bbox 357 2068 445 2126; x_wconf 82' lang='lat' dir='ltr'><strong>Ita</strong></span> <span class='ocrx_word' id='word_1_238' title='bbox 471 2078 676 2142; x_wconf 68' lang='lat' dir='ltr'><strong>quarto</strong></span> <span class='ocrx_word' id='word_1_239' title='bbox 698 2084 883 2142; x_wconf 66' lang='lat' dir='ltr'><strong>quam.</strong></span> <span class='ocrx_word' id='word_1_240' title='bbox 920 2065 1023 2137; x_wconf 84' lang='lat' dir='ltr'><strong>Qui</strong></span> <span class='ocrx_word' id='word_1_241' title='bbox 1064 2066 1206 2142; x_wconf 70' lang='lat' dir='ltr'><strong>hanc</strong></span> <span class='ocrx_word' id='word_1_242' title='bbox 1232 2063 1589 2127; x_wconf 85' lang='lat' dir='ltr'><strong>locutionem.</strong></span> <span class='ocrx_word' id='word_1_243' title='bbox 1621 2077 1783 2135; x_wconf 85' lang='lat' dir='ltr'><strong>quam</strong></span> 
     </span>
    </p>
   </div>
   <div class='ocr_carea' id='block_1_35' title="bbox 198 2136 1786 2204">
    <p class='ocr_par' dir='ltr' id='par_1_35' title="bbox 198 2136 1786 2204">
     <span class='ocr_line' id='line_1_35' title="bbox 198 2136 1786 2204; baseline -0.005 -7"><span class='ocrx_word' id='word_1_244' title='bbox 198 2156 381 2197; x_wconf 90' lang='lat' dir='ltr'><strong>omnes</strong></span> <span class='ocrx_word' id='word_1_245' title='bbox 406 2136 545 2198; x_wconf 61' lang='lat' dir='ltr'><strong>ms&#39;s.</strong></span> <span class='ocrx_word' id='word_1_246' title='bbox 577 2136 817 2196; x_wconf 84' lang='lat' dir='ltr'><strong>melioris</strong></span> <span class='ocrx_word' id='word_1_247' title='bbox 845 2150 986 2194; x_wconf 82' lang='lat' dir='ltr'><strong>notae</strong></span> <span class='ocrx_word' id='word_1_248' title='bbox 1018 2136 1361 2203; x_wconf 82' lang='lat' dir='ltr'><strong>conﬁrmant,</strong></span> <span class='ocrx_word' id='word_1_249' title='bbox 1389 2150 1496 2189; x_wconf 86' lang='lat' dir='ltr'><strong>non</strong></span> <span class='ocrx_word' id='word_1_250' title='bbox 1530 2143 1786 2204; x_wconf 90' lang='lat' dir='ltr'><strong>putarunt</strong></span> 
     </span>
    </p>
   </div>
   <div class='ocr_carea' id='block_1_36' title="bbox 195 2204 1787 2279">
    <p class='ocr_par' dir='ltr' id='par_1_36' title="bbox 195 2204 1787 2279">
     <span class='ocr_line' id='line_1_36' title="bbox 195 2204 1787 2279; baseline -0.005 -11"><span class='ocrx_word' id='word_1_251' title='bbox 195 2216 472 2279; x_wconf 87' lang='lat' dir='ltr'><strong>usitatam,</strong></span> <span class='ocrx_word' id='word_1_252' title='bbox 499 2220 779 2268; x_wconf 86' lang='lat' dir='ltr'><strong>mutarunt</strong></span> <span class='ocrx_word' id='word_1_253' title='bbox 798 2226 951 2279; x_wconf 81' lang='lat' dir='ltr'><strong>quam</strong></span> <span class='ocrx_word' id='word_1_254' title='bbox 979 2210 1032 2262; x_wconf 91' lang='lat' dir='ltr'><strong>in</strong></span> <span class='ocrx_word' id='word_1_255' title='bbox 1061 2213 1428 2278; x_wconf 74' lang='lat' dir='ltr'><strong>postquam,ut</strong></span> <span class='ocrx_word' id='word_1_256' title='bbox 1456 2204 1654 2279; x_wconf 79' lang='lat' dir='ltr'><strong>factum</strong></span> <span class='ocrx_word' id='word_1_257' title='bbox 1684 2204 1787 2260; x_wconf 75' lang='lat' dir='ltr'><strong>fuit</strong></span> 
     </span>
    </p>
   </div>
   <div class='ocr_carea' id='block_1_37' title="bbox 196 2277 1780 2356">
    <p class='ocr_par' dir='ltr' id='par_1_37' title="bbox 196 2277 1780 2356">
     <span class='ocr_line' id='line_1_37' title="bbox 196 2277 1780 2356; baseline -0.004 -18"><span class='ocrx_word' id='word_1_258' title='bbox 196 2285 250 2338; x_wconf 79' lang='lat' dir='ltr'><strong>in</strong></span> <span class='ocrx_word' id='word_1_259' title='bbox 277 2277 483 2356; x_wconf 84' lang='lat' dir='ltr'><strong>aliquot</strong></span> <span class='ocrx_word' id='word_1_260' title='bbox 508 2300 578 2340; x_wconf 89' lang='lat' dir='ltr'><strong>ex</strong></span> <span class='ocrx_word' id='word_1_261' title='bbox 607 2277 949 2356; x_wconf 32' lang='lat' dir='ltr'><strong>vetust.’edd.</strong></span> <span class='ocrx_word' id='word_1_262' title='bbox 970 2295 989 2356; x_wconf 79' lang='grc'>;</span> <span class='ocrx_word' id='word_1_263' title='bbox 1011 2280 1106 2335; x_wconf 88' lang='lat' dir='ltr'><strong>sed</strong></span> <span class='ocrx_word' id='word_1_264' title='bbox 1134 2279 1273 2356; x_wconf 79' lang='lat' dir='ltr'><strong>Aug.</strong></span> <span class='ocrx_word' id='word_1_265' title='bbox 1297 2277 1543 2333; x_wconf 79' lang='lat' dir='ltr'><strong>ms.cod.</strong></span> <span class='ocrx_word' id='word_1_266' title='bbox 1569 2286 1780 2356; x_wconf 75' lang='lat' dir='ltr'><strong>secuta,</strong></span> 
     </span>
    </p>
   </div>
   <div class='ocr_carea' id='block_1_38' title="bbox 195 2347 1784 2412">
    <p class='ocr_par' dir='ltr' id='par_1_38' title="bbox 195 2347 1784 2412">
     <span class='ocr_line' id='line_1_38' title="bbox 195 2347 1784 2412; baseline -0.005 -1"><span class='ocrx_word' id='word_1_267' title='bbox 195 2356 328 2412; x_wconf 75' lang='lat' dir='ltr'><strong>nihil</strong></span> <span class='ocrx_word' id='word_1_268' title='bbox 356 2347 613 2412; x_wconf 75' lang='lat' dir='ltr'><strong>mutavit.</strong></span> <span class='ocrx_word' id='word_1_269' title='bbox 645 2355 750 2411; x_wconf 83' lang='lat' dir='ltr'><strong>Pro</strong></span> <span class='ocrx_word' id='word_1_270' title='bbox 769 2355 1083 2409; x_wconf 65' lang='lat' dir='ltr'><strong>venumdata</strong></span> <span class='ocrx_word' id='word_1_271' title='bbox 1105 2347 1259 2405; x_wconf 88' lang='lat' dir='ltr'><strong>multi</strong></span> <span class='ocrx_word' id='word_1_272' title='bbox 1284 2364 1416 2405; x_wconf 86' lang='lat' dir='ltr'><strong>mss.</strong></span> <span class='ocrx_word' id='word_1_273' title='bbox 1438 2359 1497 2405; x_wconf 86' lang='lat' dir='ltr'><strong>et</strong></span> <span class='ocrx_word' id='word_1_274' title='bbox 1515 2347 1645 2405; x_wconf 89' lang='lat' dir='ltr'><strong>edd.</strong></span> <span class='ocrx_word' id='word_1_275' title='bbox 1669 2364 1784 2403; x_wconf 79' lang='lat' dir='ltr'><strong>oen-</strong></span> 
     </span>
    </p>
   </div>
   <div class='ocr_carea' id='block_1_39' title="bbox 196 2420 1427 2495">
    <p class='ocr_par' dir='ltr' id='par_1_39' title="bbox 196 2420 1427 2495">
     <span class='ocr_line' id='line_1_39' title="bbox 196 2420 1427 2495; baseline -0.005 -15"><span class='ocrx_word' id='word_1_276' title='bbox 196 2427 299 2483; x_wconf 87' lang='lat' dir='ltr'><strong>dita</strong></span> <span class='ocrx_word' id='word_1_277' title='bbox 320 2428 563 2492; x_wconf 83' lang='lat' dir='ltr'><strong>malunt,</strong></span> <span class='ocrx_word' id='word_1_278' title='bbox 592 2434 646 2481; x_wconf 88' lang='lat' dir='ltr'><strong>ut</strong></span> <span class='ocrx_word' id='word_1_279' title='bbox 676 2435 730 2480; x_wconf 90' lang='lat' dir='ltr'><strong>et</strong></span> <span class='ocrx_word' id='word_1_280' title='bbox 753 2436 978 2495; x_wconf 72' lang='lat' dir='ltr'><strong>captum</strong></span> <span class='ocrx_word' id='word_1_281' title='bbox 1004 2437 1103 2492; x_wconf 86' lang='lat' dir='ltr'><strong>pro</strong></span> <span class='ocrx_word' id='word_1_282' title='bbox 1127 2420 1427 2495; x_wconf 51' lang='lat' dir='ltr'><strong>inemptum.</strong></span> 
     </span>
    </p>
   </div>
   <div class='ocr_carea' id='block_1_40' title="bbox 259 2489 1784 2570">
    <p class='ocr_par' dir='ltr' id='par_1_40' title="bbox 259 2489 1784 2570">
     <span class='ocr_line' id='line_1_40' title="bbox 259 2489 1784 2570; baseline -0.007 -17"><span class='ocrx_word' id='word_1_283' title='bbox 259 2498 310 2553; x_wconf 87' lang='lat'><strong>8.</strong></span> <span class='ocrx_word' id='word_1_284' title='bbox 353 2498 484 2554; x_wconf 82' lang='lat' dir='ltr'><strong>Cum</strong></span> <span class='ocrx_word' id='word_1_285' title='bbox 521 2489 857 2570; x_wconf 10' lang='lat' dir='ltr'><strong>a—tiifprOpter</strong></span> <span class='ocrx_word' id='word_1_286' title='bbox 893 2489 1197 2570; x_wconf 62' lang='lat' dir='ltr'><strong>perpetuum</strong></span> <span class='ocrx_word' id='word_1_287' title='bbox 1226 2489 1411 2545; x_wconf 61' lang='lat' dir='ltr'><strong>Romae</strong></span> <span class='ocrx_word' id='word_1_288' title='bbox 1434 2489 1784 2570; x_wconf 57' lang='lat' dir='ltr'><strong>securitatem.</strong></span> 
     </span>
    </p>
   </div>
   <div class='ocr_carea' id='block_1_41' title="bbox 196 2561 1786 2642">
    <p class='ocr_par' dir='ltr' id='par_1_41' title="bbox 196 2561 1786 2642">
     <span class='ocr_line' id='line_1_41' title="bbox 196 2561 1786 2642; baseline -0.006 -18"><span class='ocrx_word' id='word_1_289' title='bbox 196 2568 355 2640; x_wconf 74' lang='lat' dir='ltr'><strong>Hujus</strong></span> <span class='ocrx_word' id='word_1_290' title='bbox 404 2561 699 2642; x_wconf 64' lang='lat' dir='ltr'><strong>sententiae</strong></span> <span class='ocrx_word' id='word_1_291' title='bbox 742 2561 938 2642; x_wconf 70' lang='lat' dir='ltr'><strong>auctor</strong></span> <span class='ocrx_word' id='word_1_292' title='bbox 1068 2563 1484 2642; x_wconf 59' lang='lat' dir='ltr'><strong>prinecpserat</strong></span> <span class='ocrx_word' id='word_1_293' title='bbox 1514 2561 1786 2642; x_wconf 22' lang='lat' dir='ltr'><strong>placato,</strong></span> 
     </span>
    </p>
   </div>
   <div class='ocr_carea' id='block_1_42' title="bbox 193 2630 1789 2704">
    <p class='ocr_par' dir='ltr' id='par_1_42' title="bbox 193 2630 1789 2704">
     <span class='ocr_line' id='line_1_42' title="bbox 193 2630 1789 2704; baseline -0.004 -8"><span class='ocrx_word' id='word_1_294' title='bbox 193 2630 476 2696; x_wconf 73' lang='lat' dir='ltr'><strong>contraria:</strong></span> <span class='ocrx_word' id='word_1_295' title='bbox 506 2639 726 2704; x_wconf 77' lang='lat' dir='ltr'><strong>Nasica,</strong></span> <span class='ocrx_word' id='word_1_296' title='bbox 756 2637 948 2695; x_wconf 68' lang='lat' dir='ltr'><strong>Livius</strong></span> <span class='ocrx_word' id='word_1_297' title='bbox 975 2630 1251 2703; x_wconf 56' lang='lat' dir='ltr'><strong>libfxus,</strong></span> <span class='ocrx_word' id='word_1_298' title='bbox 1282 2633 1570 2693; x_wconf 81' lang='lat' dir='ltr'><strong>Plutarch.</strong></span> <span class='ocrx_word' id='word_1_299' title='bbox 1605 2632 1661 2689; x_wconf 91' lang='lat' dir='ltr'><strong>in</strong></span> <span class='ocrx_word' id='word_1_300' title='bbox 1681 2630 1789 2689; x_wconf 52' lang='lat' dir='ltr'><strong>Ca.</strong></span> 
     </span>
    </p>
   </div>
   <div class='ocr_carea' id='block_1_43' title="bbox 192 2710 1746 2786">
    <p class='ocr_par' dir='ltr' id='par_1_43' title="bbox 192 2710 1746 2786">
     <span class='ocr_line' id='line_1_43' title="bbox 192 2710 1746 2786; baseline 0.012 -17"><span class='ocrx_word' id='word_1_301' title='bbox 192 2719 317 2786; x_wconf 75' lang='lat' dir='ltr'><strong>tunc</strong></span> <span class='ocrx_word' id='word_1_302' title='bbox 344 2710 775 2786; x_wconf 55' lang='lat' dir='ltr'><strong>majore,_FAn.</strong></span> <span class='ocrx_word' id='word_1_303' title='bbox 976 2785 979 2786; x_wconf 26' lang='grc' dir='ltr'><em>ν</em></span> <span class='ocrx_word' id='word_1_304' title='bbox 1085 2775 1108 2786; x_wconf 85' lang='grc'><strong>-</strong></span> <span class='ocrx_word' id='word_1_305' title='bbox 1272 2775 1323 2786; x_wconf 93' lang='grc'><em>..</em></span> <span class='ocrx_word' id='word_1_306' title='bbox 1398 2773 1452 2786; x_wconf 92' lang='grc'><strong>..</strong></span> <span class='ocrx_word' id='word_1_307' title='bbox 1615 2772 1650 2786; x_wconf 93' lang='grc'><strong>..</strong></span> <span class='ocrx_word' id='word_1_308' title='bbox 1732 2773 1746 2786; x_wconf 94' lang='grc'><strong>.</strong></span> 
     </span>
    </p>
   </div>
   <div class='ocr_carea' id='block_1_44' title="bbox 260 2772 1786 2854">
    <p class='ocr_par' dir='ltr' id='par_1_44' title="bbox 260 2772 1786 2854">
     <span class='ocr_line' id='line_1_44' title="bbox 260 2772 1786 2854; baseline -0.006 -15"><span class='ocrx_word' id='word_1_309' title='bbox 260 2772 310 2839; x_wconf 85' lang='lat'><strong>9.</strong></span> <span class='ocrx_word' id='word_1_310' title='bbox 353 2772 485 2851; x_wconf 60' lang='lat' dir='ltr'><strong>Qn&#39;a:</strong></span> <span class='ocrx_word' id='word_1_311' title='bbox 528 2781 629 2838; x_wconf 88' lang='lat' dir='ltr'><strong>sibi</strong></span> <span class='ocrx_word' id='word_1_312' title='bbox 667 2797 889 2854; x_wconf 80' lang='lat' dir='ltr'><strong>semper,</strong></span> <span class='ocrx_word' id='word_1_313' title='bbox 931 2785 1043 2836; x_wconf 84' lang='lat' dir='ltr'><strong>etc.</strong></span> <span class='ocrx_word' id='word_1_314' title='bbox 1085 2775 1142 2834; x_wconf 88' lang='lat' dir='ltr'><strong>In</strong></span> <span class='ocrx_word' id='word_1_315' title='bbox 1174 2775 1357 2833; x_wconf 88' lang='lat' dir='ltr'><strong>verbis</strong></span> <span class='ocrx_word' id='word_1_316' title='bbox 1398 2773 1549 2832; x_wconf 84' lang='lat' dir='ltr'><strong>hisce</strong></span> <span class='ocrx_word' id='word_1_317' title='bbox 1579 2772 1786 2845; x_wconf 89' lang='lat' dir='ltr'><strong>aliquid</strong></span> 
     </span>
    </p>
   </div>
   <div class='ocr_carea' id='block_1_45' title="bbox 1887 2061 3493 2136">
    <p class='ocr_par' dir='ltr' id='par_1_45' title="bbox 1887 2061 3493 2136">
     <span class='ocr_line' id='line_1_45' title="bbox 1887 2061 3493 2136; baseline 0.001 -17"><span class='ocrx_word' id='word_1_318' title='bbox 1887 2062 2092 2136; x_wconf 86' lang='lat' dir='ltr'><strong>ulceris</strong></span> <span class='ocrx_word' id='word_1_319' title='bbox 2119 2061 2304 2136; x_wconf 78' lang='lat' dir='ltr'><strong>latere</strong></span> <span class='ocrx_word' id='word_1_320' title='bbox 2340 2070 2490 2133; x_wconf 89' lang='lat' dir='ltr'><strong>puto.</strong></span> <span class='ocrx_word' id='word_1_321' title='bbox 2516 2061 2665 2136; x_wconf 64' lang='lat' dir='ltr'><strong>Nam</strong></span> <span class='ocrx_word' id='word_1_322' title='bbox 2706 2076 2805 2130; x_wconf 89' lang='lat' dir='ltr'><strong>pro</strong></span> <span class='ocrx_word' id='word_1_323' title='bbox 2848 2078 2965 2134; x_wconf 79' lang='lat' dir='ltr'><strong>qttte</strong></span> <span class='ocrx_word' id='word_1_324' title='bbox 2995 2062 3119 2136; x_wconf 86' lang='lat' dir='ltr'><strong>cod.</strong></span> <span class='ocrx_word' id='word_1_325' title='bbox 3150 2062 3401 2136; x_wconf 78' lang='lat' dir='ltr'><strong>Longob.</strong></span> <span class='ocrx_word' id='word_1_326' title='bbox 3433 2069 3493 2121; x_wconf 87' lang='lat' dir='ltr'><strong>et</strong></span> 
     </span>
    </p>
   </div>
   <div class='ocr_carea' id='block_1_46' title="bbox 1888 2134 3489 2204">
    <p class='ocr_par' dir='ltr' id='par_1_46' title="bbox 1888 2134 3489 2204">
     <span class='ocr_line' id='line_1_46' title="bbox 1888 2134 3489 2204; baseline -0.001 -15"><span class='ocrx_word' id='word_1_327' title='bbox 1888 2134 1980 2189; x_wconf 90' lang='lat' dir='ltr'><strong>alii</strong></span> <span class='ocrx_word' id='word_1_328' title='bbox 2005 2134 2285 2199; x_wconf 89' lang='lat' dir='ltr'><strong>meliores,</strong></span> <span class='ocrx_word' id='word_1_329' title='bbox 2308 2146 2367 2190; x_wconf 88' lang='lat' dir='ltr'><strong>ut</strong></span> <span class='ocrx_word' id='word_1_330' title='bbox 2388 2146 2439 2188; x_wconf 90' lang='lat' dir='ltr'><strong>et</strong></span> <span class='ocrx_word' id='word_1_331' title='bbox 2460 2134 2584 2189; x_wconf 87' lang='lat' dir='ltr'><strong>edd.</strong></span> <span class='ocrx_word' id='word_1_332' title='bbox 2612 2141 2840 2204; x_wconf 82' lang='lat' dir='ltr'><strong>vetustae</strong></span> <span class='ocrx_word' id='word_1_333' title='bbox 2859 2148 3052 2189; x_wconf 91' lang='lat' dir='ltr'><strong>omnes</strong></span> <span class='ocrx_word' id='word_1_334' title='bbox 3075 2134 3293 2190; x_wconf 68' lang='lat' dir='ltr'><strong>habent</strong></span> <span class='ocrx_word' id='word_1_335' title='bbox 3308 2151 3489 2204; x_wconf 89' lang='lat' dir='ltr'><strong>quam.</strong></span> 
     </span>
    </p>
   </div>
   <div class='ocr_carea' id='block_1_47' title="bbox 1888 2203 3491 2278">
    <p class='ocr_par' dir='ltr' id='par_1_47' title="bbox 1888 2203 3491 2278">
     <span class='ocr_line' id='line_1_47' title="bbox 1888 2203 3491 2278; baseline 0.001 -20"><span class='ocrx_word' id='word_1_336' title='bbox 1888 2205 2041 2278; x_wconf 58' lang='lat' dir='ltr'><strong>Multi</strong></span> <span class='ocrx_word' id='word_1_337' title='bbox 2069 2221 2287 2275; x_wconf 82' lang='lat' dir='ltr'><strong>quoque</strong></span> <span class='ocrx_word' id='word_1_338' title='bbox 2309 2221 2374 2261; x_wconf 90' lang='lat' dir='ltr'><strong>ex</strong></span> <span class='ocrx_word' id='word_1_339' title='bbox 2401 2204 2595 2278; x_wconf 86' lang='lat' dir='ltr'><strong>iisdem</strong></span> <span class='ocrx_word' id='word_1_340' title='bbox 2617 2203 2995 2278; x_wconf 70' lang='lat' dir='ltr'><strong>impenderent,</strong></span> <span class='ocrx_word' id='word_1_341' title='bbox 3024 2220 3121 2273; x_wconf 88' lang='lat' dir='ltr'><strong>pro</strong></span> <span class='ocrx_word' id='word_1_342' title='bbox 3150 2203 3491 2278; x_wconf 78' lang='lat' dir='ltr'><strong>itnpenderet.</strong></span> 
     </span>
    </p>
   </div>
   <div class='ocr_carea' id='block_1_48' title="bbox 1893 2274 3496 2347">
    <p class='ocr_par' dir='ltr' id='par_1_48' title="bbox 1893 2274 3496 2347">
     <span class='ocr_line' id='line_1_48' title="bbox 1893 2274 3496 2347; baseline -0.001 -16"><span class='ocrx_word' id='word_1_343' title='bbox 1893 2274 2048 2332; x_wconf 87' lang='lat' dir='ltr'><strong>Unde</strong></span> <span class='ocrx_word' id='word_1_344' title='bbox 2074 2274 2254 2333; x_wconf 79' lang='lat' dir='ltr'><strong>locum</strong></span> <span class='ocrx_word' id='word_1_345' title='bbox 2280 2278 2362 2332; x_wconf 90' lang='lat' dir='ltr'><strong>sic</strong></span> <span class='ocrx_word' id='word_1_346' title='bbox 2383 2277 2621 2347; x_wconf 89' lang='lat' dir='ltr'><strong>corrigo,</strong></span> <span class='ocrx_word' id='word_1_347' title='bbox 2645 2274 2803 2347; x_wconf 73' lang='lat' dir='ltr'><strong>quam</strong></span> <span class='ocrx_word' id='word_1_348' title='bbox 2827 2275 2947 2340; x_wconf 80' lang='lat' dir='ltr'><strong>sibi,</strong></span> <span class='ocrx_word' id='word_1_349' title='bbox 2976 2285 3110 2341; x_wconf 84' lang='lat' dir='ltr'><strong>etc.,</strong></span> <span class='ocrx_word' id='word_1_350' title='bbox 3138 2274 3496 2346; x_wconf 74' lang='lat' dir='ltr'><strong>intenderent;</strong></span> 
     </span>
    </p>
   </div>
   <div class='ocr_carea' id='block_1_49' title="bbox 1889 2346 3501 2416">
    <p class='ocr_par' dir='ltr' id='par_1_49' title="bbox 1889 2346 3501 2416">
     <span class='ocr_line' id='line_1_49' title="bbox 1889 2346 3501 2416; baseline -0.001 -14"><span class='ocrx_word' id='word_1_351' title='bbox 1889 2351 2147 2404; x_wconf 90' lang='lat' dir='ltr'><strong>virtutem</strong></span> <span class='ocrx_word' id='word_1_352' title='bbox 2180 2346 2418 2416; x_wconf 84' lang='lat' dir='ltr'><strong>scilicet,</strong></span> <span class='ocrx_word' id='word_1_353' title='bbox 2449 2346 2610 2415; x_wconf 84' lang='lat' dir='ltr'><strong>cujus</strong></span> <span class='ocrx_word' id='word_1_354' title='bbox 2633 2346 2967 2402; x_wconf 82' lang='lat' dir='ltr'><strong>contrarium</strong></span> <span class='ocrx_word' id='word_1_355' title='bbox 2998 2348 3295 2403; x_wconf 77' lang='lat' dir='ltr'><strong>intendetur</strong></span> <span class='ocrx_word' id='word_1_356' title='bbox 3319 2364 3501 2403; x_wconf 84' lang='lat' dir='ltr'><strong>socor-</strong></span> 
     </span>
    </p>
   </div>
   <div class='ocr_carea' id='block_1_50' title="bbox 1890 2418 3488 2490">
    <p class='ocr_par' dir='ltr' id='par_1_50' title="bbox 1890 2418 3488 2490">
     <span class='ocr_line' id='line_1_50' title="bbox 1890 2418 3488 2490; baseline 0.001 -18"><span class='ocrx_word' id='word_1_357' title='bbox 1890 2419 1981 2490; x_wconf 78' lang='lat' dir='ltr'><strong>dia</strong></span> <span class='ocrx_word' id='word_1_358' title='bbox 2011 2418 2258 2473; x_wconf 84' lang='lat' dir='ltr'><strong>occurrit</strong></span> <span class='ocrx_word' id='word_1_359' title='bbox 2282 2422 2432 2490; x_wconf 86' lang='lat' dir='ltr'><strong>apud</strong></span> <span class='ocrx_word' id='word_1_360' title='bbox 2463 2418 2709 2490; x_wconf 81' lang='lat' dir='ltr'><strong>Tacitum</strong></span> <span class='ocrx_word' id='word_1_361' title='bbox 2753 2418 2954 2490; x_wconf 13' lang='lat' dir='ltr'><strong>Annal.»</strong></span> <span class='ocrx_word' id='word_1_362' title='bbox 2979 2418 3073 2474; x_wconf 90' lang='lat' dir='ltr'><strong>lib.</strong></span> <span class='ocrx_word' id='word_1_363' title='bbox 3113 2434 3175 2483; x_wconf 86' lang='lat' dir='ltr'><strong>tt,</strong></span> <span class='ocrx_word' id='word_1_364' title='bbox 3212 2434 3339 2489; x_wconf 88' lang='lat' dir='ltr'><strong>cap.</strong></span> <span class='ocrx_word' id='word_1_365' title='bbox 3378 2418 3488 2490; x_wconf 74' lang='lat'><strong>5_9:</strong></span> 
     </span>
    </p>
   </div>
   <div class='ocr_carea' id='block_1_51' title="bbox 1890 2487 3488 2562">
    <p class='ocr_par' dir='ltr' id='par_1_51' title="bbox 1890 2487 3488 2562">
     <span class='ocr_line' id='line_1_51' title="bbox 1890 2487 3488 2562; baseline -0.001 -18"><span class='ocrx_word' id='word_1_366' title='bbox 1890 2488 2215 2562; x_wconf 82' lang='lat' dir='ltr'><strong>Languescet</strong></span> <span class='ocrx_word' id='word_1_367' title='bbox 2236 2487 2433 2561; x_wconf 80' lang='lat' dir='ltr'><strong>alioqui</strong></span> <span class='ocrx_word' id='word_1_368' title='bbox 2462 2489 2746 2556; x_wconf 82' lang='lat' dir='ltr'><strong>industria,</strong></span> <span class='ocrx_word' id='word_1_369' title='bbox 2775 2488 3076 2544; x_wconf 82' lang='lat' dir='ltr'><strong>intendetur</strong></span> <span class='ocrx_word' id='word_1_370' title='bbox 3097 2487 3367 2562; x_wconf 51' lang='lat' dir='ltr'><strong>socordia:</strong></span> <span class='ocrx_word' id='word_1_371' title='bbox 3380 2487 3488 2562; x_wconf 14' lang='lat' dir='ltr'><strong>71n-</strong></span> 
     </span>
    </p>
   </div>
   <div class='ocr_carea' id='block_1_52' title="bbox 1891 2559 3495 2632">
    <p class='ocr_par' dir='ltr' id='par_1_52' title="bbox 1891 2559 3495 2632">
     <span class='ocr_line' id='line_1_52' title="bbox 1891 2559 3495 2632; baseline -0.001 -17"><span class='ocrx_word' id='word_1_372' title='bbox 1891 2559 2100 2632; x_wconf 72' lang='lat' dir='ltr'><strong>tendere</strong></span> <span class='ocrx_word' id='word_1_373' title='bbox 2144 2562 2231 2614; x_wconf 83' lang='lat' dir='ltr'><strong>Itic</strong></span> <span class='ocrx_word' id='word_1_374' title='bbox 2261 2559 2366 2630; x_wconf 85' lang='lat' dir='ltr'><strong>pro</strong></span> <span class='ocrx_word' id='word_1_375' title='bbox 2399 2576 2627 2630; x_wconf 86' lang='lat' dir='ltr'><strong>augere,</strong></span> <span class='ocrx_word' id='word_1_376' title='bbox 2657 2574 3021 2632; x_wconf 69' lang='lat' dir='ltr'><strong>promovere,</strong></span> <span class='ocrx_word' id='word_1_377' title='bbox 3050 2562 3304 2616; x_wconf 84' lang='lat' dir='ltr'><strong>sumitur.</strong></span> <span class='ocrx_word' id='word_1_378' title='bbox 3333 2559 3495 2617; x_wconf 83' lang='lat' dir='ltr'><strong>Sinti—</strong></span> 
     </span>
    </p>
   </div>
   <div class='ocr_carea' id='block_1_53' title="bbox 1901 2630 3492 2705">
    <p class='ocr_par' dir='ltr' id='par_1_53' title="bbox 1901 2630 3492 2705">
     <span class='ocr_line' id='line_1_53' title="bbox 1901 2630 3492 2705; baseline 0.001 -19"><span class='ocrx_word' id='word_1_379' title='bbox 1901 2632 2027 2705; x_wconf 83' lang='lat' dir='ltr'><strong>liter</strong></span> <span class='ocrx_word' id='word_1_380' title='bbox 2051 2630 2279 2705; x_wconf 72' lang='lat' dir='ltr'><strong>Orosius</strong></span> <span class='ocrx_word' id='word_1_381' title='bbox 2305 2647 2469 2705; x_wconf 83' lang='lat' dir='ltr'><strong>supra</strong></span> <span class='ocrx_word' id='word_1_382' title='bbox 2502 2633 2605 2705; x_wconf 81' lang='lat' dir='ltr'><strong>lib.</strong></span> <span class='ocrx_word' id='word_1_383' title='bbox 2625 2630 2705 2699; x_wconf 75' lang='lat' dir='ltr'><strong>ui,</strong></span> <span class='ocrx_word' id='word_1_384' title='bbox 2736 2647 2794 2704; x_wconf 89' lang='lat' dir='ltr'><strong>p.</strong></span> <span class='ocrx_word' id='word_1_385' title='bbox 2821 2631 2961 2691; x_wconf 67' lang='lat'><strong>149:</strong></span> <span class='ocrx_word' id='word_1_386' title='bbox 2986 2631 3303 2702; x_wconf 74' lang='lat' dir='ltr'><strong>Susceptum</strong></span> <span class='ocrx_word' id='word_1_387' title='bbox 3332 2646 3492 2705; x_wconf 82' lang='lat' dir='ltr'><strong>nego-</strong></span> 
     </span>
    </p>
   </div>
   <div class='ocr_carea' id='block_1_54' title="bbox 1891 2701 2754 2776">
    <p class='ocr_par' dir='ltr' id='par_1_54' title="bbox 1891 2701 2754 2776">
     <span class='ocr_line' id='line_1_54' title="bbox 1891 2701 2754 2776; baseline 0.002 -19"><span class='ocrx_word' id='word_1_388' title='bbox 1891 2704 2024 2759; x_wconf 85' lang='lat' dir='ltr'><strong>tium</strong></span> <span class='ocrx_word' id='word_1_389' title='bbox 2053 2701 2257 2776; x_wconf 83' lang='lat' dir='ltr'><strong>duplici</strong></span> <span class='ocrx_word' id='word_1_390' title='bbox 2278 2701 2406 2759; x_wconf 74' lang='lat' dir='ltr'><strong>curn</strong></span> <span class='ocrx_word' id='word_1_391' title='bbox 2432 2701 2754 2761; x_wconf 61' lang='lat' dir='ltr'><strong>intendebat:</strong></span> 
     </span>
    </p>
   </div>
   <div class='ocr_carea' id='block_1_55' title="bbox 1136 2964 2489 3152">
    <p class='ocr_par' dir='ltr' id='par_1_55' title="bbox 1136 2964 2489 3152">
     <span class='ocr_line' id='line_1_55' title="bbox 1136 2964 2489 3152; baseline -0.008 -12"><span class='ocrx_word' id='word_1_392' title='bbox 1136 2964 1666 3139; x_wconf 82' lang='lat' dir='ltr'><strong><em>LIBER</em></strong></span> <span class='ocrx_word' id='word_1_393' title='bbox 1745 3022 1845 3152; x_wconf 72' lang='grc' dir='ltr'><strong>ρ</strong></span> <span class='ocrx_word' id='word_1_394' title='bbox 1867 3019 2489 3145; x_wconf 86' lang='lat' dir='ltr'><strong>U&#39;INTUS.</strong></span> 
     </span>
    </p>
   </div>
   <div class='ocr_carea' id='block_1_56' title="bbox 606 3342 1355 3423">
    <p class='ocr_par' dir='ltr' id='par_1_56' title="bbox 606 3342 1355 3423">
     <span class='ocr_line' id='line_1_56' title="bbox 606 3342 1355 3423; baseline -0.007 -19"><span class='ocrx_word' id='word_1_395' title='bbox 606 3345 772 3423; x_wconf 65' lang='lat'><strong>334</strong></span> <span class='ocrx_word' id='word_1_396' title='bbox 799 3344 1027 3405; x_wconf 83' lang='lat' dir='ltr'><strong>CAPUT</strong></span> <span class='ocrx_word' id='word_1_397' title='bbox 1070 3342 1355 3402; x_wconf 76' lang='lat' dir='ltr'><strong>PRIMUM.</strong></span> 
     </span>
    </p>
   </div>
   <div class='ocr_carea' id='block_1_57' title="bbox 202 3499 1789 3577">
    <p class='ocr_par' dir='ltr' id='par_1_57' title="bbox 202 3499 1789 3577">
     <span class='ocr_line' id='line_1_57' title="bbox 202 3499 1789 3577; baseline -0.004 -16"><span class='ocrx_word' id='word_1_398' title='bbox 202 3505 555 3563; x_wconf 81' lang='lat' dir='ltr'><strong>Romanorum</strong></span> <span class='ocrx_word' id='word_1_399' title='bbox 617 3520 711 3577; x_wconf 82' lang='lat' dir='ltr'><strong>per</strong></span> <span class='ocrx_word' id='word_1_400' title='bbox 769 3502 993 3577; x_wconf 79' lang='lat' dir='ltr'><strong>aliorum</strong></span> <span class='ocrx_word' id='word_1_401' title='bbox 1059 3500 1242 3577; x_wconf 76' lang='lat' dir='ltr'><strong>clades</strong></span> <span class='ocrx_word' id='word_1_402' title='bbox 1297 3499 1604 3577; x_wconf 67' lang='lat' dir='ltr'><strong>felicitatem</strong></span> <span class='ocrx_word' id='word_1_403' title='bbox 1669 3499 1789 3571; x_wconf 78' lang='lat' dir='ltr'><strong>plus</strong></span> 
     </span>
    </p>
   </div>
   <div class='ocr_carea' id='block_1_58' title="bbox 256 3573 1787 3650">
    <p class='ocr_par' dir='ltr' id='par_1_58' title="bbox 256 3573 1787 3650">
     <span class='ocr_line' id='line_1_58' title="bbox 256 3573 1787 3650; baseline -0.005 -18"><span class='ocrx_word' id='word_1_404' title='bbox 256 3580 429 3633; x_wconf 85' lang='lat' dir='ltr'><strong>damni</strong></span> <span class='ocrx_word' id='word_1_405' title='bbox 452 3573 892 3650; x_wconf 12' lang='lat' dir='ltr'><strong>quumcomm‘odi</strong></span> <span class='ocrx_word' id='word_1_406' title='bbox 911 3590 1084 3629; x_wconf 86' lang='lat' dir='ltr'><strong>secum</strong></span> <span class='ocrx_word' id='word_1_407' title='bbox 1108 3573 1361 3639; x_wconf 68' lang='lat' dir='ltr'><strong>traxisse;</strong></span> <span class='ocrx_word' id='word_1_408' title='bbox 1392 3573 1516 3627; x_wconf 84' lang='lat' dir='ltr'><strong>item</strong></span> <span class='ocrx_word' id='word_1_409' title='bbox 1544 3588 1642 3628; x_wconf 80' lang='lat' dir='ltr'><strong>sua</strong></span> <span class='ocrx_word' id='word_1_410' title='bbox 1660 3581 1787 3625; x_wconf 85' lang='lat' dir='ltr'><strong>tem-</strong></span> 
     </span>
    </p>
   </div>
   <div class='ocr_carea' id='block_1_59' title="bbox 255 3647 926 3722">
    <p class='ocr_par' dir='ltr' id='par_1_59' title="bbox 255 3647 926 3722">
     <span class='ocr_line' id='line_1_59' title="bbox 255 3647 926 3722; baseline -0.01 -15"><span class='ocrx_word' id='word_1_411' title='bbox 255 3667 380 3722; x_wconf 86' lang='lat' dir='ltr'><strong>pora</strong></span> <span class='ocrx_word' id='word_1_412' title='bbox 404 3647 676 3720; x_wconf 71' lang='lat' dir='ltr'><strong>prioribus</strong></span> <span class='ocrx_word' id='word_1_413' title='bbox 700 3648 926 3721; x_wconf 83' lang='lat' dir='ltr'><strong>potiora.</strong></span> 
     </span>
    </p>
   </div>
   <div class='ocr_carea' id='block_1_60' title="bbox 253 3795 1787 3874">
    <p class='ocr_par' dir='ltr' id='par_1_60' title="bbox 253 3795 1787 3874">
     <span class='ocr_line' id='line_1_60' title="bbox 253 3795 1787 3874; baseline -0.006 -13"><span class='ocrx_word' id='word_1_414' title='bbox 253 3804 375 3873; x_wconf 82' lang='lat' dir='ltr'><strong>Scio</strong></span> <span class='ocrx_word' id='word_1_415' title='bbox 423 3804 742 3874; x_wconf 75' lang='lat' dir='ltr'><strong>aliquantus</strong></span> <span class='ocrx_word' id='word_1_416' title='bbox 805 3809 927 3873; x_wconf 87' lang='lat' dir='ltr'><strong>post</strong></span> <span class='ocrx_word' id='word_1_417' title='bbox 968 3800 1090 3857; x_wconf 64' lang='lat' dir='ltr'><strong>haec</strong></span> <span class='ocrx_word' id='word_1_418' title='bbox 1150 3798 1418 3870; x_wconf 84' lang='lat' dir='ltr'><strong>deinceps</strong></span> <span class='ocrx_word' id='word_1_419' title='bbox 1472 3795 1787 3870; x_wconf 83' lang='lat' dir='ltr'><strong>permoveri</strong></span> 
     </span>
    </p>
   </div>
   <div class='ocr_carea' id='block_1_61' title="bbox 196 3891 1786 3966">
    <p class='ocr_par' dir='ltr' id='par_1_61' title="bbox 196 3891 1786 3966">
     <span class='ocr_line' id='line_1_61' title="bbox 196 3891 1786 3966; baseline -0.003 -15"><span class='ocrx_word' id='word_1_420' title='bbox 196 3909 367 3964; x_wconf 81' lang='lat' dir='ltr'><strong>posse,</strong></span> <span class='ocrx_word' id='word_1_421' title='bbox 396 3896 547 3966; x_wconf 86' lang='lat' dir='ltr'><strong>quod</strong></span> <span class='ocrx_word' id='word_1_422' title='bbox 570 3894 814 3951; x_wconf 70' lang='lat' dir='ltr'><strong>victoriae</strong></span> <span class='ocrx_word' id='word_1_423' title='bbox 847 3894 1107 3948; x_wconf 71' lang='lat' dir='ltr'><strong>Romanae</strong></span> <span class='ocrx_word' id='word_1_424' title='bbox 1135 3891 1424 3948; x_wconf 88' lang='lat' dir='ltr'><strong>multarunt</strong></span> <span class='ocrx_word' id='word_1_425' title='bbox 1450 3892 1696 3962; x_wconf 85' lang='lat' dir='ltr'><strong>gentium</strong></span> <span class='ocrx_word' id='word_1_426' title='bbox 1728 3898 1786 3946; x_wconf 80' lang='lat' dir='ltr'><strong>et</strong></span> 
     </span>
    </p>
   </div>
   <div class='ocr_carea' id='block_1_62' title="bbox 190 3981 1784 4059">
    <p class='ocr_par' dir='ltr' id='par_1_62' title="bbox 190 3981 1784 4059">
     <span class='ocr_line' id='line_1_62' title="bbox 190 3981 1784 4059; baseline -0.004 -17"><span class='ocrx_word' id='word_1_427' title='bbox 190 3988 458 4044; x_wconf 88' lang='lat' dir='ltr'><strong>civitatum</strong></span> <span class='ocrx_word' id='word_1_428' title='bbox 490 3999 678 4059; x_wconf 88' lang='lat' dir='ltr'><strong>strage</strong></span> <span class='ocrx_word' id='word_1_429' title='bbox 716 3987 735 4020; x_wconf 78' lang='grc'>³</span> <span class='ocrx_word' id='word_1_430' title='bbox 766 3985 1124 4041; x_wconf 83' lang='lat' dir='ltr'><strong>crebrescunt</strong></span> <span class='ocrx_word' id='word_1_431' title='bbox 1159 4000 1173 4038; x_wconf 92' lang='lat'><strong>:</strong></span> <span class='ocrx_word' id='word_1_432' title='bbox 1218 3997 1381 4055; x_wconf 85' lang='lat' dir='ltr'><strong>quam</strong></span> <span class='ocrx_word' id='word_1_433' title='bbox 1411 3982 1458 4036; x_wconf 87' lang='lat' dir='ltr'><strong>si</strong></span> <span class='ocrx_word' id='word_1_434' title='bbox 1488 3981 1784 4050; x_wconf 78' lang='lat' dir='ltr'><strong>diligenter</strong></span> 
     </span>
    </p>
   </div>
   <div class='ocr_carea' id='block_1_63' title="bbox 189 4072 1781 4150">
    <p class='ocr_par' dir='ltr' id='par_1_63' title="bbox 189 4072 1781 4150">
     <span class='ocr_line' id='line_1_63' title="bbox 189 4072 1781 4150; baseline -0.005 -17"><span class='ocrx_word' id='word_1_435' title='bbox 189 4080 209 4110; x_wconf 80' lang='grc'>³</span> <span class='ocrx_word' id='word_1_436' title='bbox 235 4081 552 4149; x_wconf 84' lang='lat' dir='ltr'><strong>attendant,</strong></span> <span class='ocrx_word' id='word_1_437' title='bbox 594 4079 723 4150; x_wconf 88' lang='lat' dir='ltr'><strong>plus</strong></span> <span class='ocrx_word' id='word_1_438' title='bbox 752 4075 936 4133; x_wconf 88' lang='lat' dir='ltr'><strong>damni</strong></span> <span class='ocrx_word' id='word_1_439' title='bbox 963 4075 1244 4132; x_wconf 86' lang='lat' dir='ltr'><strong>invenient</strong></span> <span class='ocrx_word' id='word_1_440' title='bbox 1273 4072 1543 4130; x_wconf 85' lang='lat' dir='ltr'><strong>accidisse</strong></span> <span class='ocrx_word' id='word_1_441' title='bbox 1569 4115 1584 4140; x_wconf 92' lang='lat'><strong>,</strong></span> <span class='ocrx_word' id='word_1_442' title='bbox 1619 4086 1781 4145; x_wconf 87' lang='lat' dir='ltr'><strong>quam</strong></span> 
     </span>
    </p>
   </div>
   <div class='ocr_carea' id='block_1_64' title="bbox 185 4165 1779 4242">
    <p class='ocr_par' dir='ltr' id='par_1_64' title="bbox 185 4165 1779 4242">
     <span class='ocr_line' id='line_1_64' title="bbox 185 4165 1779 4242; baseline -0.004 -15"><span class='ocrx_word' id='word_1_443' title='bbox 185 4172 470 4240; x_wconf 80' lang='lat' dir='ltr'><strong>commodi,</strong></span> <span class='ocrx_word' id='word_1_444' title='bbox 496 4185 677 4242; x_wconf 86' lang='lat' dir='ltr'><strong>neque</strong></span> <span class='ocrx_word' id='word_1_445' title='bbox 702 4169 849 4231; x_wconf 82' lang='lat' dir='ltr'><strong>enim.</strong></span> <span class='ocrx_word' id='word_1_446' title='bbox 877 4166 1315 4240; x_wconf 82' lang='lat' dir='ltr'><strong>parvipeudcnda</strong></span> <span class='ocrx_word' id='word_1_447' title='bbox 1346 4175 1478 4223; x_wconf 88' lang='lat' dir='ltr'><strong>sunt</strong></span> <span class='ocrx_word' id='word_1_448' title='bbox 1505 4173 1588 4223; x_wconf 83' lang='lat' dir='ltr'><strong>tot</strong></span> <span class='ocrx_word' id='word_1_449' title='bbox 1631 4165 1779 4227; x_wconf 82' lang='lat' dir='ltr'><strong>bella</strong></span> 
     </span>
    </p>
   </div>
   <div class='ocr_carea' id='block_1_65' title="bbox 193 4259 1779 4331">
    <p class='ocr_par' dir='ltr' id='par_1_65' title="bbox 193 4259 1779 4331">
     <span class='ocr_line' id='line_1_65' title="bbox 193 4259 1779 4331; baseline -0.003 -12"><span class='ocrx_word' id='word_1_450' title='bbox 193 4265 428 4331; x_wconf 83' lang='lat' dir='ltr'><strong>servilia,</strong></span> <span class='ocrx_word' id='word_1_451' title='bbox 458 4262 716 4331; x_wconf 84' lang='lat' dir='ltr'><strong>socialia,</strong></span> <span class='ocrx_word' id='word_1_452' title='bbox 747 4262 949 4327; x_wconf 84' lang='lat' dir='ltr'><strong>civilia,</strong></span> <span class='ocrx_word' id='word_1_453' title='bbox 977 4260 1352 4331; x_wconf 76' lang='lat' dir='ltr'><strong>fugitivorum,</strong></span> <span class='ocrx_word' id='word_1_454' title='bbox 1376 4259 1647 4316; x_wconf 85' lang='lat' dir='ltr'><strong>nullorum</strong></span> <span class='ocrx_word' id='word_1_455' title='bbox 1674 4260 1779 4316; x_wconf 90' lang='lat' dir='ltr'><strong>uti-</strong></span> 
     </span>
    </p>
   </div>
   <div class='ocr_carea' id='block_1_66' title="bbox 187 4356 1774 4427">
    <p class='ocr_par' dir='ltr' id='par_1_66' title="bbox 187 4356 1774 4427">
     <span class='ocr_line' id='line_1_66' title="bbox 187 4356 1774 4427; baseline 0.002 -19"><span class='ocrx_word' id='word_1_456' title='bbox 187 4371 282 4426; x_wconf 85' lang='lat' dir='ltr'><strong>que</strong></span> <span class='ocrx_word' id='word_1_457' title='bbox 322 4359 632 4423; x_wconf 75' lang='lat' dir='ltr'><strong>fructuum,</strong></span> <span class='ocrx_word' id='word_1_458' title='bbox 690 4363 748 4412; x_wconf 92' lang='lat' dir='ltr'><strong>et</strong></span> <span class='ocrx_word' id='word_1_459' title='bbox 803 4371 1122 4427; x_wconf 88' lang='lat' dir='ltr'><strong>magnarum</strong></span> <span class='ocrx_word' id='word_1_460' title='bbox 1169 4367 1347 4413; x_wconf 87' lang='lat' dir='ltr'><strong>tamen</strong></span> <span class='ocrx_word' id='word_1_461' title='bbox 1403 4356 1774 4414; x_wconf 89' lang='lat' dir='ltr'><strong>miseriarum.</strong></span> 
     </span>
    </p>
   </div>
   <div class='ocr_carea' id='block_1_67' title="bbox 186 4445 1776 4520">
    <p class='ocr_par' dir='ltr' id='par_1_67' title="bbox 186 4445 1776 4520">
     <span class='ocr_line' id='line_1_67' title="bbox 186 4445 1776 4520; baseline 0 -14"><span class='ocrx_word' id='word_1_462' title='bbox 186 4445 206 4477; x_wconf 89' lang='grc'>³</span> <span class='ocrx_word' id='word_1_463' title='bbox 231 4446 333 4506; x_wconf 86' lang='lat' dir='ltr'><strong>Sed</strong></span> <span class='ocrx_word' id='word_1_464' title='bbox 360 4450 658 4518; x_wconf 80' lang='lat' dir='ltr'><strong>conniveo,</strong></span> <span class='ocrx_word' id='word_1_465' title='bbox 680 4457 757 4519; x_wconf 85' lang='lat' dir='ltr'><strong>ut,</strong></span> <span class='ocrx_word' id='word_1_466' title='bbox 781 4448 1239 4520; x_wconf 84' lang='lat' dir='ltr'><strong>quemadmodum</strong></span> <span class='ocrx_word' id='word_1_467' title='bbox 1263 4450 1473 4519; x_wconf 84' lang='lat' dir='ltr'><strong>volunt,</strong></span> <span class='ocrx_word' id='word_1_468' title='bbox 1507 4450 1581 4506; x_wconf 89' lang='lat' dir='ltr'><strong>ita</strong></span> <span class='ocrx_word' id='word_1_469' title='bbox 1607 4448 1776 4509; x_wconf 79' lang='lat' dir='ltr'><strong>fuisse</strong></span> 
     </span>
    </p>
   </div>
   <div class='ocr_carea' id='block_1_68' title="bbox 186 4537 1771 4614">
    <p class='ocr_par' dir='ltr' id='par_1_68' title="bbox 186 4537 1771 4614">
     <span class='ocr_line' id='line_1_68' title="bbox 186 4537 1771 4614; baseline 0.003 -21"><span class='ocrx_word' id='word_1_470' title='bbox 186 4537 206 4568; x_wconf 77' lang='grc'><strong>⁸</strong></span> <span class='ocrx_word' id='word_1_471' title='bbox 229 4541 507 4611; x_wconf 88' lang='lat' dir='ltr'><strong>videatur,</strong></span> <span class='ocrx_word' id='word_1_472' title='bbox 554 4540 696 4597; x_wconf 91' lang='lat' dir='ltr'><strong>unde</strong></span> <span class='ocrx_word' id='word_1_473' title='bbox 739 4542 981 4599; x_wconf 88' lang='lat' dir='ltr'><strong>arbitror</strong></span> <span class='ocrx_word' id='word_1_474' title='bbox 1017 4557 1140 4599; x_wconf 86' lang='lat' dir='ltr'><strong>esse</strong></span> <span class='ocrx_word' id='word_1_475' title='bbox 1164 4543 1410 4601; x_wconf 85' lang='lat' dir='ltr'><strong>dicturos</strong></span> <span class='ocrx_word' id='word_1_476' title='bbox 1440 4560 1456 4597; x_wconf 91' lang='lat'><strong>:</strong></span> <span class='ocrx_word' id='word_1_477' title='bbox 1495 4542 1517 4576; x_wconf 81' lang='grc'>⁸</span> <span class='ocrx_word' id='word_1_478' title='bbox 1563 4541 1771 4614; x_wconf 83' lang='lat' dir='ltr'><strong>Ecquid</strong></span> 
     </span>
    </p>
   </div>
   <div class='ocr_carea' id='block_1_69' title="bbox 186 4628 1773 4708">
    <p class='ocr_par' dir='ltr' id='par_1_69' title="bbox 186 4628 1773 4708">
     <span class='ocr_line' id='line_1_69' title="bbox 186 4628 1773 4708; baseline 0.004 -24"><span class='ocrx_word' id='word_1_479' title='bbox 186 4628 267 4685; x_wconf 87' lang='lat' dir='ltr'><strong>his</strong></span> <span class='ocrx_word' id='word_1_480' title='bbox 303 4632 642 4705; x_wconf 78' lang='lat' dir='ltr'><strong>temporibus</strong></span> <span class='ocrx_word' id='word_1_481' title='bbox 680 4632 917 4705; x_wconf 87' lang='lat' dir='ltr'><strong>beatius,</strong></span> <span class='ocrx_word' id='word_1_482' title='bbox 966 4634 1161 4706; x_wconf 88' lang='lat' dir='ltr'><strong>quibus</strong></span> <span class='ocrx_word' id='word_1_483' title='bbox 1195 4636 1440 4692; x_wconf 89' lang='lat' dir='ltr'><strong>continui</strong></span> <span class='ocrx_word' id='word_1_484' title='bbox 1489 4634 1773 4708; x_wconf 88' lang='lat' dir='ltr'><strong>triumphi,</strong></span> 
     </span>
    </p>
   </div>
   <div class='ocr_carea' id='block_1_70' title="bbox 184 4724 1757 4802">
    <p class='ocr_par' dir='ltr' id='par_1_70' title="bbox 184 4724 1757 4802">
     <span class='ocr_line' id='line_1_70' title="bbox 184 4724 1757 4802; baseline 0.003 -22"><span class='ocrx_word' id='word_1_485' title='bbox 184 4724 422 4791; x_wconf 87' lang='lat' dir='ltr'><strong>celebres</strong></span> <span class='ocrx_word' id='word_1_486' title='bbox 452 4727 742 4795; x_wconf 67' lang='lat' dir='ltr'><strong>victoriae;</strong></span> <span class='ocrx_word' id='word_1_487' title='bbox 773 4726 972 4785; x_wconf 87' lang='lat' dir='ltr'><strong>divites</strong></span> <span class='ocrx_word' id='word_1_488' title='bbox 1001 4728 1199 4800; x_wconf 64' lang='lat' dir='ltr'><strong>prada:</strong></span> <span class='ocrx_word' id='word_1_489' title='bbox 1221 4768 1238 4796; x_wconf 86' lang='lat'><strong>,</strong></span> <span class='ocrx_word' id='word_1_490' title='bbox 1266 4729 1477 4787; x_wconf 87' lang='lat' dir='ltr'><strong>nobiles</strong></span> <span class='ocrx_word' id='word_1_491' title='bbox 1504 4745 1717 4802; x_wconf 70' lang='lat' dir='ltr'><strong>pompa:</strong></span> <span class='ocrx_word' id='word_1_492' title='bbox 1742 4774 1757 4800; x_wconf 91' lang='lat'><strong>,</strong></span> 
     </span>
    </p>
   </div>
   <div class='ocr_carea' id='block_1_71' title="bbox 182 4820 1765 4894">
    <p class='ocr_par' dir='ltr' id='par_1_71' title="bbox 182 4820 1765 4894">
     <span class='ocr_line' id='line_1_71' title="bbox 182 4820 1765 4894; baseline 0.003 -21"><span class='ocrx_word' id='word_1_493' title='bbox 182 4821 356 4890; x_wconf 86' lang='lat' dir='ltr'><strong>magni</strong></span> <span class='ocrx_word' id='word_1_494' title='bbox 376 4820 399 4852; x_wconf 85' lang='grc'><strong>⁶</strong></span> <span class='ocrx_word' id='word_1_495' title='bbox 420 4829 556 4877; x_wconf 84' lang='lat' dir='ltr'><strong>ante</strong></span> <span class='ocrx_word' id='word_1_496' title='bbox 581 4834 803 4877; x_wconf 82' lang='lat' dir='ltr'><strong>currum</strong></span> <span class='ocrx_word' id='word_1_497' title='bbox 851 4835 1008 4893; x_wconf 85' lang='lat' dir='ltr'><strong>reges</strong></span> <span class='ocrx_word' id='word_1_498' title='bbox 1029 4861 1049 4890; x_wconf 91' lang='lat'><strong>,</strong></span> <span class='ocrx_word' id='word_1_499' title='bbox 1090 4829 1146 4879; x_wconf 89' lang='lat' dir='ltr'><strong>et</strong></span> <span class='ocrx_word' id='word_1_500' title='bbox 1173 4820 1339 4894; x_wconf 83' lang='lat' dir='ltr'><strong>longo</strong></span> <span class='ocrx_word' id='word_1_501' title='bbox 1382 4822 1579 4879; x_wconf 90' lang='lat' dir='ltr'><strong>ordine</strong></span> <span class='ocrx_word' id='word_1_502' title='bbox 1607 4822 1765 4881; x_wconf 76' lang='lat' dir='ltr'><strong>victm</strong></span> 
     </span>
    </p>
   </div>
   <div class='ocr_carea' id='block_1_72' title="bbox 1814 3338 3488 3413">
    <p class='ocr_par' dir='ltr' id='par_1_72' title="bbox 1814 3338 3488 3413">
     <span class='ocr_line' id='line_1_72' title="bbox 1814 3338 3488 3413; baseline 0.002 -19"><span class='ocrx_word' id='word_1_503' title='bbox 1814 3338 1861 3403; x_wconf 91' lang='lat' dir='ltr'><strong><em>C</em></strong></span> <span class='ocrx_word' id='word_1_504' title='bbox 1890 3348 2079 3411; x_wconf 77' lang='lat' dir='ltr'><strong>gentes</strong></span> <span class='ocrx_word' id='word_1_505' title='bbox 2110 3338 2273 3413; x_wconf 71' lang='lat'><strong>285</strong></span> <span class='ocrx_word' id='word_1_506' title='bbox 2309 3339 2651 3413; x_wconf 82' lang='lat' dir='ltr'><strong>agebantur?</strong></span> <span class='ocrx_word' id='word_1_507' title='bbox 2687 3340 2895 3411; x_wconf 86' lang='lat' dir='ltr'><strong>Quibus</strong></span> <span class='ocrx_word' id='word_1_508' title='bbox 2924 3339 3165 3397; x_wconf 89' lang='lat' dir='ltr'><strong>breviter</strong></span> <span class='ocrx_word' id='word_1_509' title='bbox 3194 3340 3488 3413; x_wconf 86' lang='lat' dir='ltr'><strong>responde-</strong></span> 
     </span>
    </p>
   </div>
   <div class='ocr_carea' id='block_1_73' title="bbox 1890 3430 3486 3504">
    <p class='ocr_par' dir='ltr' id='par_1_73' title="bbox 1890 3430 3486 3504">
     <span class='ocr_line' id='line_1_73' title="bbox 1890 3430 3486 3504; baseline 0 -15"><span class='ocrx_word' id='word_1_510' title='bbox 1890 3430 2060 3499; x_wconf 88' lang='lat' dir='ltr'><strong>bitur,</strong></span> <span class='ocrx_word' id='word_1_511' title='bbox 2091 3442 2147 3488; x_wconf 91' lang='lat' dir='ltr'><strong>et</strong></span> <span class='ocrx_word' id='word_1_512' title='bbox 2176 3433 2323 3503; x_wconf 83' lang='lat' dir='ltr'><strong>ipsos</strong></span> <span class='ocrx_word' id='word_1_513' title='bbox 2353 3432 2420 3489; x_wconf 92' lang='lat' dir='ltr'><strong>de</strong></span> <span class='ocrx_word' id='word_1_514' title='bbox 2451 3433 2787 3504; x_wconf 88' lang='lat' dir='ltr'><strong>temporibus</strong></span> <span class='ocrx_word' id='word_1_515' title='bbox 2815 3432 2992 3489; x_wconf 90' lang='lat' dir='ltr'><strong>solere</strong></span> <span class='ocrx_word' id='word_1_516' title='bbox 3021 3433 3273 3498; x_wconf 84' lang='lat' dir='ltr'><strong>causari,</strong></span> <span class='ocrx_word' id='word_1_517' title='bbox 3304 3441 3358 3489; x_wconf 91' lang='lat' dir='ltr'><strong>et</strong></span> <span class='ocrx_word' id='word_1_518' title='bbox 3384 3447 3486 3489; x_wconf 88' lang='lat' dir='ltr'><strong>nos</strong></span> 
     </span>
    </p>
   </div>
   <div class='ocr_carea' id='block_1_74' title="bbox 1890 3524 3480 3597">
    <p class='ocr_par' dir='ltr' id='par_1_74' title="bbox 1890 3524 3480 3597">
     <span class='ocr_line' id='line_1_74' title="bbox 1890 3524 3480 3597; baseline 0 -18"><span class='ocrx_word' id='word_1_519' title='bbox 1890 3539 1990 3596; x_wconf 88' lang='lat' dir='ltr'><strong>pro</strong></span> <span class='ocrx_word' id='word_1_520' title='bbox 2032 3524 2224 3582; x_wconf 90' lang='lat' dir='ltr'><strong>iisdem</strong></span> <span class='ocrx_word' id='word_1_521' title='bbox 2265 3526 2603 3597; x_wconf 89' lang='lat' dir='ltr'><strong>temporibus</strong></span> <span class='ocrx_word' id='word_1_522' title='bbox 2643 3526 2945 3582; x_wconf 90' lang='lat' dir='ltr'><strong>instituisse</strong></span> <span class='ocrx_word' id='word_1_523' title='bbox 2972 3540 3278 3581; x_wconf 88' lang='lat' dir='ltr'><strong>sermonem</strong></span> <span class='ocrx_word' id='word_1_524' title='bbox 3310 3540 3324 3579; x_wconf 90' lang='lat'><strong>:</strong></span> <span class='ocrx_word' id='word_1_525' title='bbox 3357 3538 3480 3595; x_wconf 71' lang='lat' dir='ltr'><strong>quae</strong></span> 
     </span>
    </p>
   </div>
   <div class='ocr_carea' id='block_1_75' title="bbox 1891 3615 3480 3687">
    <p class='ocr_par' dir='ltr' id='par_1_75' title="bbox 1891 3615 3480 3687">
     <span class='ocr_line' id='line_1_75' title="bbox 1891 3615 3480 3687; baseline 0.001 -19"><span class='ocrx_word' id='word_1_526' title='bbox 1891 3624 2132 3687; x_wconf 88' lang='lat' dir='ltr'><strong>tempora</strong></span> <span class='ocrx_word' id='word_1_527' title='bbox 2159 3631 2265 3671; x_wconf 93' lang='lat' dir='ltr'><strong>non</strong></span> <span class='ocrx_word' id='word_1_528' title='bbox 2290 3616 2380 3671; x_wconf 92' lang='lat' dir='ltr'><strong>uni</strong></span> <span class='ocrx_word' id='word_1_529' title='bbox 2406 3625 2612 3674; x_wconf 88' lang='lat' dir='ltr'><strong>tantum</strong></span> <span class='ocrx_word' id='word_1_530' title='bbox 2639 3618 2756 3673; x_wconf 90' lang='lat' dir='ltr'><strong>urbi</strong></span> <span class='ocrx_word' id='word_1_531' title='bbox 2782 3616 3061 3683; x_wconf 88' lang='lat' dir='ltr'><strong>attributa,</strong></span> <span class='ocrx_word' id='word_1_532' title='bbox 3086 3616 3179 3671; x_wconf 90' lang='lat' dir='ltr'><strong>sed</strong></span> <span class='ocrx_word' id='word_1_533' title='bbox 3210 3615 3332 3670; x_wconf 87' lang='lat' dir='ltr'><strong>orbi</strong></span> <span class='ocrx_word' id='word_1_534' title='bbox 3357 3615 3480 3671; x_wconf 88' lang='lat' dir='ltr'><strong>uni-</strong></span> 
     </span>
    </p>
   </div>
   <div class='ocr_carea' id='block_1_76' title="bbox 1889 3706 3483 3777">
    <p class='ocr_par' dir='ltr' id='par_1_76' title="bbox 1889 3706 3483 3777">
     <span class='ocr_line' id='line_1_76' title="bbox 1889 3706 3483 3777; baseline 0.003 -19"><span class='ocrx_word' id='word_1_535' title='bbox 1889 3723 2051 3763; x_wconf 87' lang='lat' dir='ltr'><strong>verso</strong></span> <span class='ocrx_word' id='word_1_536' title='bbox 2090 3717 2305 3764; x_wconf 82' lang='lat' dir='ltr'><strong>constat</strong></span> <span class='ocrx_word' id='word_1_537' title='bbox 2351 3724 2473 3765; x_wconf 79' lang='lat' dir='ltr'><strong>esse</strong></span> <span class='ocrx_word' id='word_1_538' title='bbox 2503 3709 2841 3765; x_wconf 88' lang='lat' dir='ltr'><strong>communia.</strong></span> <span class='ocrx_word' id='word_1_539' title='bbox 2883 3708 3029 3763; x_wconf 87' lang='lat' dir='ltr'><strong>Ecce</strong></span> <span class='ocrx_word' id='word_1_540' title='bbox 3057 3722 3219 3777; x_wconf 87' lang='lat' dir='ltr'><strong>quam</strong></span> <span class='ocrx_word' id='word_1_541' title='bbox 3251 3706 3483 3763; x_wconf 79' lang='lat' dir='ltr'><strong>feliciter</strong></span> 
     </span>
    </p>
   </div>
   <div class='ocr_carea' id='block_1_77' title="bbox 1887 3796 3484 3871">
    <p class='ocr_par' dir='ltr' id='par_1_77' title="bbox 1887 3796 3484 3871">
     <span class='ocr_line' id='line_1_77' title="bbox 1887 3796 3484 3871; baseline -0.001 -16"><span class='ocrx_word' id='word_1_542' title='bbox 1887 3800 2058 3856; x_wconf 79' lang='lat' dir='ltr'><strong>Roma</strong></span> <span class='ocrx_word' id='word_1_543' title='bbox 2092 3801 2280 3864; x_wconf 85' lang='lat' dir='ltr'><strong>vincit.</strong></span> <span class='ocrx_word' id='word_1_544' title='bbox 2315 3807 2423 3856; x_wconf 90' lang='lat' dir='ltr'><strong>tam</strong></span> <span class='ocrx_word' id='word_1_545' title='bbox 2453 3801 2751 3857; x_wconf 82' lang='lat' dir='ltr'><strong>infeliciter</strong></span> <span class='ocrx_word' id='word_1_546' title='bbox 2780 3799 3044 3871; x_wconf 85' lang='lat' dir='ltr'><strong>quidquid</strong></span> <span class='ocrx_word' id='word_1_547' title='bbox 3074 3808 3223 3855; x_wconf 83' lang='lat' dir='ltr'><strong>extra</strong></span> <span class='ocrx_word' id='word_1_548' title='bbox 3253 3796 3484 3854; x_wconf 82' lang='lat' dir='ltr'><strong>Romam</strong></span> 
     </span>
    </p>
   </div>
   <div class='ocr_carea' id='block_1_78' title="bbox 1882 3887 3484 3963">
    <p class='ocr_par' dir='ltr' id='par_1_78' title="bbox 1882 3887 3484 3963">
     <span class='ocr_line' id='line_1_78' title="bbox 1882 3887 3484 3963; baseline -0.002 -14"><span class='ocrx_word' id='word_1_549' title='bbox 1882 3902 2003 3961; x_wconf 87' lang='lat' dir='ltr'><strong>est,</strong></span> <span class='ocrx_word' id='word_1_550' title='bbox 2033 3892 2291 3948; x_wconf 87' lang='lat' dir='ltr'><strong>vincitur.</strong></span> <span class='ocrx_word' id='word_1_551' title='bbox 2319 3892 2518 3958; x_wconf 82' lang='lat' dir='ltr'><strong>Quanti</strong></span> <span class='ocrx_word' id='word_1_552' title='bbox 2550 3893 2714 3963; x_wconf 89' lang='lat' dir='ltr'><strong>igitur</strong></span> <span class='ocrx_word' id='word_1_553' title='bbox 2738 3891 3029 3962; x_wconf 87' lang='lat' dir='ltr'><strong>peudenda</strong></span> <span class='ocrx_word' id='word_1_554' title='bbox 3058 3898 3143 3946; x_wconf 88' lang='lat' dir='ltr'><strong>est</strong></span> <span class='ocrx_word' id='word_1_555' title='bbox 3183 3896 3336 3961; x_wconf 85' lang='lat' dir='ltr'><strong>gutta</strong></span> <span class='ocrx_word' id='word_1_556' title='bbox 3364 3887 3484 3945; x_wconf 76' lang='lat' dir='ltr'><strong>haec</strong></span> 
     </span>
    </p>
   </div>
   <div class='ocr_carea' id='block_1_79' title="bbox 1887 3980 3479 4049">
    <p class='ocr_par' dir='ltr' id='par_1_79' title="bbox 1887 3980 3479 4049">
     <span class='ocr_line' id='line_1_79' title="bbox 1887 3980 3479 4049; baseline -0.002 -10"><span class='ocrx_word' id='word_1_557' title='bbox 1887 3984 2171 4039; x_wconf 54' lang='lat' dir='ltr'><strong>laboriosa:</strong></span> <span class='ocrx_word' id='word_1_558' title='bbox 2194 3983 2489 4049; x_wconf 82' lang='lat' dir='ltr'><strong>felicitatis,</strong></span> <span class='ocrx_word' id='word_1_559' title='bbox 2518 3984 2605 4039; x_wconf 91' lang='lat' dir='ltr'><strong>cui</strong></span> <span class='ocrx_word' id='word_1_560' title='bbox 2632 3984 2926 4039; x_wconf 85' lang='lat' dir='ltr'><strong>aseribitur</strong></span> <span class='ocrx_word' id='word_1_561' title='bbox 2941 3982 3104 4037; x_wconf 87' lang='lat' dir='ltr'><strong>unius</strong></span> <span class='ocrx_word' id='word_1_562' title='bbox 3127 3980 3279 4036; x_wconf 88' lang='lat' dir='ltr'><strong>urbis</strong></span> <span class='ocrx_word' id='word_1_563' title='bbox 3303 3980 3479 4036; x_wconf 89' lang='lat' dir='ltr'><strong>beati-</strong></span> 
     </span>
    </p>
   </div>
   <div class='ocr_carea' id='block_1_80' title="bbox 1886 4074 3475 4147">
    <p class='ocr_par' dir='ltr' id='par_1_80' title="bbox 1886 4074 3475 4147">
     <span class='ocr_line' id='line_1_80' title="bbox 1886 4074 3475 4147; baseline -0.002 -14"><span class='ocrx_word' id='word_1_564' title='bbox 1886 4075 2015 4133; x_wconf 91' lang='lat' dir='ltr'><strong>tudo</strong></span> <span class='ocrx_word' id='word_1_565' title='bbox 2042 4077 2094 4132; x_wconf 91' lang='lat' dir='ltr'><strong>in</strong></span> <span class='ocrx_word' id='word_1_566' title='bbox 2125 4083 2272 4131; x_wconf 87' lang='lat' dir='ltr'><strong>tanta</strong></span> <span class='ocrx_word' id='word_1_567' title='bbox 2298 4077 2442 4132; x_wconf 88' lang='lat' dir='ltr'><strong>mole</strong></span> <span class='ocrx_word' id='word_1_568' title='bbox 2471 4074 2836 4143; x_wconf 79' lang='lat' dir='ltr'><strong>infelicitatis,</strong></span> <span class='ocrx_word' id='word_1_569' title='bbox 2871 4089 2968 4146; x_wconf 83' lang='lat' dir='ltr'><strong>per</strong></span> <span class='ocrx_word' id='word_1_570' title='bbox 2997 4090 3158 4147; x_wconf 88' lang='lat' dir='ltr'><strong>quam</strong></span> <span class='ocrx_word' id='word_1_571' title='bbox 3186 4074 3363 4145; x_wconf 87' lang='lat' dir='ltr'><strong>agitur</strong></span> <span class='ocrx_word' id='word_1_572' title='bbox 3393 4083 3475 4130; x_wconf 90' lang='lat' dir='ltr'><strong>to-</strong></span> 
     </span>
    </p>
   </div>
   <div class='ocr_carea' id='block_1_81' title="bbox 1886 4165 3477 4239">
    <p class='ocr_par' dir='ltr' id='par_1_81' title="bbox 1886 4165 3477 4239">
     <span class='ocr_line' id='line_1_81' title="bbox 1886 4165 3477 4239; baseline 0.002 -15"><span class='ocrx_word' id='word_1_573' title='bbox 1886 4170 1993 4225; x_wconf 88' lang='lat' dir='ltr'><strong>tius</strong></span> <span class='ocrx_word' id='word_1_574' title='bbox 2020 4169 2171 4225; x_wconf 89' lang='lat' dir='ltr'><strong>orbis</strong></span> <span class='ocrx_word' id='word_1_575' title='bbox 2195 4169 2455 4225; x_wconf 83' lang='lat' dir='ltr'><strong>eversio?</strong></span> <span class='ocrx_word' id='word_1_576' title='bbox 2482 4167 2594 4225; x_wconf 75' lang='lat' dir='ltr'><strong>Aut</strong></span> <span class='ocrx_word' id='word_1_577' title='bbox 2613 4168 2657 4227; x_wconf 87' lang='lat' dir='ltr'><strong>si</strong></span> <span class='ocrx_word' id='word_1_578' title='bbox 2688 4168 2813 4225; x_wconf 89' lang='lat' dir='ltr'><strong>ideo</strong></span> <span class='ocrx_word' id='word_1_579' title='bbox 2833 4165 3013 4224; x_wconf 81' lang='lat' dir='ltr'><strong>felicia</strong></span> <span class='ocrx_word' id='word_1_580' title='bbox 3047 4175 3322 4238; x_wconf 85' lang='lat' dir='ltr'><strong>putantur,</strong></span> <span class='ocrx_word' id='word_1_581' title='bbox 3350 4166 3477 4239; x_wconf 76' lang='lat' dir='ltr'><strong>quia</strong></span> 
     </span>
    </p>
   </div>
   <div class='ocr_carea' id='block_1_82' title="bbox 1883 4259 3479 4334">
    <p class='ocr_par' dir='ltr' id='par_1_82' title="bbox 1883 4259 3479 4334">
     <span class='ocr_line' id='line_1_82' title="bbox 1883 4259 3479 4334; baseline -0.001 -16"><span class='ocrx_word' id='word_1_582' title='bbox 1883 4263 2045 4318; x_wconf 89' lang='lat' dir='ltr'><strong>unius</strong></span> <span class='ocrx_word' id='word_1_583' title='bbox 2065 4260 2303 4317; x_wconf 85' lang='lat' dir='ltr'><strong>civitatis</strong></span> <span class='ocrx_word' id='word_1_584' title='bbox 2325 4275 2461 4334; x_wconf 90' lang='lat' dir='ltr'><strong>opes</strong></span> <span class='ocrx_word' id='word_1_585' title='bbox 2485 4270 2659 4317; x_wconf 64' lang='lat' dir='ltr'><strong>auctae</strong></span> <span class='ocrx_word' id='word_1_586' title='bbox 2686 4269 2835 4326; x_wconf 90' lang='lat' dir='ltr'><strong>sunt,</strong></span> <span class='ocrx_word' id='word_1_587' title='bbox 2866 4274 2967 4316; x_wconf 87' lang='lat' dir='ltr'><strong>cur</strong></span> <span class='ocrx_word' id='word_1_588' title='bbox 2992 4274 3100 4315; x_wconf 90' lang='lat' dir='ltr'><strong>non</strong></span> <span class='ocrx_word' id='word_1_589' title='bbox 3132 4261 3316 4331; x_wconf 89' lang='lat' dir='ltr'><strong>potius</strong></span> <span class='ocrx_word' id='word_1_590' title='bbox 3341 4259 3360 4290; x_wconf 92' lang='grc'><strong>⁷</strong></span> <span class='ocrx_word' id='word_1_591' title='bbox 3394 4262 3479 4316; x_wconf 87' lang='lat' dir='ltr'><strong>in-</strong></span> 
     </span>
    </p>
   </div>
   <div class='ocr_carea' id='block_1_83' title="bbox 1881 4353 3477 4429">
    <p class='ocr_par' dir='ltr' id='par_1_83' title="bbox 1881 4353 3477 4429">
     <span class='ocr_line' id='line_1_83' title="bbox 1881 4353 3477 4429; baseline -0.002 -16"><span class='ocrx_word' id='word_1_592' title='bbox 1881 4355 2199 4413; x_wconf 81' lang='lat' dir='ltr'><strong>felicissima</strong></span> <span class='ocrx_word' id='word_1_593' title='bbox 2233 4355 2582 4428; x_wconf 70' lang='lat' dir='ltr'><strong>iudicentur,</strong></span> <span class='ocrx_word' id='word_1_594' title='bbox 2614 4353 2813 4429; x_wconf 88' lang='lat' dir='ltr'><strong>quibus</strong></span> <span class='ocrx_word' id='word_1_595' title='bbox 2844 4353 3142 4410; x_wconf 88' lang='lat' dir='ltr'><strong>miserabili</strong></span> <span class='ocrx_word' id='word_1_596' title='bbox 3169 4354 3477 4410; x_wconf 90' lang='lat' dir='ltr'><strong>vastatione</strong></span> 
     </span>
    </p>
   </div>
   <div class='ocr_carea' id='block_1_84' title="bbox 1880 4446 3476 4521">
    <p class='ocr_par' dir='ltr' id='par_1_84' title="bbox 1880 4446 3476 4521">
     <span class='ocr_line' id='line_1_84' title="bbox 1880 4446 3476 4521; baseline -0.001 -16"><span class='ocrx_word' id='word_1_597' title='bbox 1880 4450 2172 4509; x_wconf 85' lang='lat' dir='ltr'><strong>multarunt</strong></span> <span class='ocrx_word' id='word_1_598' title='bbox 2198 4450 2220 4483; x_wconf 80' lang='grc'><strong><em>⁸</em></strong></span> <span class='ocrx_word' id='word_1_599' title='bbox 2243 4463 2307 4506; x_wconf 88' lang='lat' dir='ltr'><strong>ac</strong></span> <span class='ocrx_word' id='word_1_600' title='bbox 2334 4449 2474 4507; x_wconf 86' lang='lat' dir='ltr'><strong>bene</strong></span> <span class='ocrx_word' id='word_1_601' title='bbox 2513 4449 2888 4509; x_wconf 80' lang='lat' dir='ltr'><strong>institutarum</strong></span> <span class='ocrx_word' id='word_1_602' title='bbox 2928 4446 3177 4521; x_wconf 82' lang='lat' dir='ltr'><strong>gentium</strong></span> <span class='ocrx_word' id='word_1_603' title='bbox 3200 4448 3476 4519; x_wconf 87' lang='lat' dir='ltr'><strong>potentis-</strong></span> 
     </span>
    </p>
   </div>
   <div class='ocr_carea' id='block_1_85' title="bbox 1880 4539 3473 4613">
    <p class='ocr_par' dir='ltr' id='par_1_85' title="bbox 1880 4539 3473 4613">
     <span class='ocr_line' id='line_1_85' title="bbox 1880 4539 3473 4613; baseline -0.001 -17"><span class='ocrx_word' id='word_1_604' title='bbox 1880 4541 2018 4597; x_wconf 86' lang='lat' dir='ltr'><strong>sima</strong></span> <span class='ocrx_word' id='word_1_605' title='bbox 2041 4556 2209 4613; x_wconf 83' lang='lat' dir='ltr'><strong>regna</strong></span> <span class='ocrx_word' id='word_1_606' title='bbox 2245 4541 2599 4599; x_wconf 84' lang='lat' dir='ltr'><strong>ceciderunt?</strong></span> <span class='ocrx_word' id='word_1_607' title='bbox 2629 4540 2712 4599; x_wconf 81' lang='lat' dir='ltr'><strong>An</strong></span> <span class='ocrx_word' id='word_1_608' title='bbox 2738 4540 2884 4599; x_wconf 81' lang='lat' dir='ltr'><strong>forte</strong></span> <span class='ocrx_word' id='word_1_609' title='bbox 2911 4542 3060 4597; x_wconf 84' lang='lat' dir='ltr'><strong>aliud</strong></span> <span class='ocrx_word' id='word_1_610' title='bbox 3085 4550 3215 4598; x_wconf 89' lang='lat' dir='ltr'><strong>tunc</strong></span> <span class='ocrx_word' id='word_1_611' title='bbox 3238 4539 3473 4597; x_wconf 84' lang='lat' dir='ltr'><strong>Cartha-</strong></span> 
     </span>
    </p>
   </div>
   <div class='ocr_carea' id='block_1_86' title="bbox 1879 4633 3465 4709">
    <p class='ocr_par' dir='ltr' id='par_1_86' title="bbox 1879 4633 3465 4709">
     <span class='ocr_line' id='line_1_86' title="bbox 1879 4633 3465 4709; baseline -0.001 -20"><span class='ocrx_word' id='word_1_612' title='bbox 1879 4636 1995 4709; x_wconf 84' lang='lat' dir='ltr'><strong>gini</strong></span> <span class='ocrx_word' id='word_1_613' title='bbox 2019 4635 2327 4704; x_wconf 87' lang='lat' dir='ltr'><strong>videbatur,</strong></span> <span class='ocrx_word' id='word_1_614' title='bbox 2368 4650 2491 4693; x_wconf 89' lang='lat' dir='ltr'><strong>cum</strong></span> <span class='ocrx_word' id='word_1_615' title='bbox 2522 4646 2645 4708; x_wconf 90' lang='lat' dir='ltr'><strong>post</strong></span> <span class='ocrx_word' id='word_1_616' title='bbox 2689 4649 2864 4693; x_wconf 85' lang='lat' dir='ltr'><strong>annos</strong></span> <span class='ocrx_word' id='word_1_617' title='bbox 2900 4644 3121 4692; x_wconf 89' lang='lat' dir='ltr'><strong>centum</strong></span> <span class='ocrx_word' id='word_1_618' title='bbox 3151 4642 3209 4690; x_wconf 85' lang='lat' dir='ltr'><strong>et</strong></span> <span class='ocrx_word' id='word_1_619' title='bbox 3253 4633 3465 4704; x_wconf 87' lang='lat' dir='ltr'><strong>viginti,</strong></span> 
     </span>
    </p>
   </div>
   <div class='ocr_carea' id='block_1_87' title="bbox 1868 4725 3473 4801">
    <p class='ocr_par' dir='ltr' id='par_1_87' title="bbox 1868 4725 3473 4801">
     <span class='ocr_line' id='line_1_87' title="bbox 1868 4725 3473 4801; baseline -0.001 -17"><span class='ocrx_word' id='word_1_620' title='bbox 1868 4729 2066 4801; x_wconf 88' lang='lat' dir='ltr'><strong>quibus</strong></span> <span class='ocrx_word' id='word_1_621' title='bbox 2104 4728 2271 4788; x_wconf 90' lang='lat' dir='ltr'><strong>modo</strong></span> <span class='ocrx_word' id='word_1_622' title='bbox 2310 4730 2579 4788; x_wconf 87' lang='lat' dir='ltr'><strong>bellorum</strong></span> <span class='ocrx_word' id='word_1_623' title='bbox 2623 4729 2830 4799; x_wconf 88' lang='lat' dir='ltr'><strong>clades,</strong></span> <span class='ocrx_word' id='word_1_624' title='bbox 2876 4728 3040 4789; x_wconf 87' lang='lat' dir='ltr'><strong>modo</strong></span> <span class='ocrx_word' id='word_1_625' title='bbox 3084 4728 3236 4800; x_wconf 88' lang='lat' dir='ltr'><strong>pacis</strong></span> <span class='ocrx_word' id='word_1_626' title='bbox 3284 4725 3473 4784; x_wconf 85' lang='lat' dir='ltr'><strong>condi-</strong></span> 
     </span>
    </p>
   </div>
   <div class='ocr_carea' id='block_1_88' title="bbox 1869 4820 3461 4897">
    <p class='ocr_par' dir='ltr' id='par_1_88' title="bbox 1869 4820 3461 4897">
     <span class='ocr_line' id='line_1_88' title="bbox 1869 4820 3461 4897; baseline -0.001 -17"><span class='ocrx_word' id='word_1_627' title='bbox 1869 4825 2049 4883; x_wconf 85' lang='lat' dir='ltr'><strong>tiones</strong></span> <span class='ocrx_word' id='word_1_628' title='bbox 2098 4826 2523 4897; x_wconf 88' lang='lat' dir='ltr'><strong>perhorrescens</strong></span> <span class='ocrx_word' id='word_1_629' title='bbox 2556 4864 2573 4893; x_wconf 86' lang='lat'><strong>,</strong></span> <span class='ocrx_word' id='word_1_630' title='bbox 2622 4827 2646 4860; x_wconf 74' lang='grc'><strong>⁸</strong></span> <span class='ocrx_word' id='word_1_631' title='bbox 2696 4837 2844 4881; x_wconf 90' lang='lat' dir='ltr'><strong>nunc</strong></span> <span class='ocrx_word' id='word_1_632' title='bbox 2891 4821 3089 4881; x_wconf 86' lang='lat' dir='ltr'><strong>rebelli</strong></span> <span class='ocrx_word' id='word_1_633' title='bbox 3135 4820 3461 4887; x_wconf 84' lang='lat' dir='ltr'><strong>intentione,</strong></span> 
     </span>
    </p>
   </div>
   <div class='ocr_carea' id='block_1_89' title="bbox 1463 4981 2187 5045">
    <p class='ocr_par' dir='ltr' id='par_1_89' title="bbox 1463 4981 2187 5045">
     <span class='ocr_line' id='line_1_89' title="bbox 1463 4981 2187 5045; baseline 0.003 -5"><span class='ocrx_word' id='word_1_634' title='bbox 1463 4981 1916 5045; x_wconf 79' lang='lat' dir='ltr'><strong>HAVERCAMPI</strong></span> <span class='ocrx_word' id='word_1_635' title='bbox 1956 4986 2187 5045; x_wconf 66' lang='lat' dir='ltr'><strong>NOTAE.</strong></span> 
     </span>
    </p>
   </div>
   <div class='ocr_carea' id='block_1_90' title="bbox 248 5096 1659 5168">
    <p class='ocr_par' dir='ltr' id='par_1_90' title="bbox 248 5096 1659 5168">
     <span class='ocr_line' id='line_1_90' title="bbox 248 5096 1659 5168; baseline -0.001 -15"><span class='ocrx_word' id='word_1_636' title='bbox 248 5096 386 5161; x_wconf 70' lang='lat' dir='ltr'><strong>Car.</strong></span> <span class='ocrx_word' id='word_1_637' title='bbox 408 5098 455 5157; x_wconf 82' lang='grc' dir='ltr'><strong>ι.</strong></span> <span class='ocrx_word' id='word_1_638' title='bbox 485 5098 630 5156; x_wconf 74' lang='grc'><strong>-1.</strong></span> <span class='ocrx_word' id='word_1_639' title='bbox 652 5096 1011 5157; x_wconf 80' lang='lat' dir='ltr'><strong>Crebrescunt.</strong></span> <span class='ocrx_word' id='word_1_640' title='bbox 1038 5096 1142 5155; x_wconf 89' lang='lat' dir='ltr'><strong>Ed.</strong></span> <span class='ocrx_word' id='word_1_641' title='bbox 1168 5098 1336 5168; x_wconf 83' lang='lat' dir='ltr'><strong>Aug.,</strong></span> <span class='ocrx_word' id='word_1_642' title='bbox 1372 5106 1659 5154; x_wconf 80' lang='lat' dir='ltr'><strong>creverunt.</strong></span> 
     </span>
    </p>
   </div>
   <div class='ocr_carea' id='block_1_91' title="bbox 1947 5097 3475 5171">
    <p class='ocr_par' dir='ltr' id='par_1_91' title="bbox 1947 5097 3475 5171">
     <span class='ocr_line' id='line_1_91' title="bbox 1947 5097 3475 5171; baseline -0.002 -15"><span class='ocrx_word' id='word_1_643' title='bbox 1947 5100 2001 5156; x_wconf 72' lang='grc' dir='ltr'><strong>ὅ.</strong></span> <span class='ocrx_word' id='word_1_644' title='bbox 2025 5098 2233 5171; x_wconf 81' lang='lat' dir='ltr'><strong>Ecquid</strong></span> <span class='ocrx_word' id='word_1_645' title='bbox 2258 5097 2340 5155; x_wconf 75' lang='lat' dir='ltr'><strong>bis</strong></span> <span class='ocrx_word' id='word_1_646' title='bbox 2367 5100 2699 5168; x_wconf 79' lang='lat' dir='ltr'><strong>temporibus.</strong></span> <span class='ocrx_word' id='word_1_647' title='bbox 2750 5097 2882 5171; x_wconf 72' lang='lat' dir='ltr'><strong>Mss.</strong></span> <span class='ocrx_word' id='word_1_648' title='bbox 2915 5097 3120 5171; x_wconf 84' lang='lat' dir='ltr'><strong>passim</strong></span> <span class='ocrx_word' id='word_1_649' title='bbox 3168 5110 3395 5171; x_wconf 75' lang='lat' dir='ltr'><strong>omnes,</strong></span> <span class='ocrx_word' id='word_1_650' title='bbox 3423 5105 3475 5155; x_wconf 84' lang='lat' dir='ltr'><strong>et</strong></span> 
     </span>
    </p>
   </div>
   <div class='ocr_carea' id='block_1_92' title="bbox 248 5168 3328 5270">
    <p class='ocr_par' dir='ltr' id='par_1_92' title="bbox 248 5168 3328 5270">
     <span class='ocr_line' id='line_1_92' title="bbox 248 5168 3328 5270; baseline 0 -48"><span class='ocrx_word' id='word_1_651' title='bbox 248 5168 304 5270; x_wconf 59' lang='grc' dir='ltr'><strong>ἓ.</strong></span> <span class='ocrx_word' id='word_1_652' title='bbox 331 5169 856 5270; x_wconf 47' lang='grc' dir='ltr'><strong>Αειεηάαληι..ιυεά.</strong></span> <span class='ocrx_word' id='word_1_653' title='bbox 885 5169 1026 5225; x_wconf 85' lang='lat' dir='ltr'><strong>Batt.</strong></span> <span class='ocrx_word' id='word_1_654' title='bbox 1056 5178 1294 5241; x_wconf 88' lang='lat' dir='ltr'><strong>quatuor</strong></span> <span class='ocrx_word' id='word_1_655' title='bbox 1319 5184 1442 5225; x_wconf 88' lang='lat' dir='ltr'><strong>cum</strong></span> <span class='ocrx_word' id='word_1_656' title='bbox 1471 5169 1607 5226; x_wconf 90' lang='lat' dir='ltr'><strong>Coll.</strong></span> <span class='ocrx_word' id='word_1_657' title='bbox 1632 5169 1769 5228; x_wconf 83' lang='lat' dir='ltr'><strong>Gro-</strong></span> <span class='ocrx_word' id='word_1_658' title='bbox 1795 5208 1852 5270; x_wconf 79' lang='lat' dir='ltr'><strong>D</strong></span> <span class='ocrx_word' id='word_1_659' title='bbox 2032 5168 2463 5270; x_wconf 35' lang='lat' dir='ltr'><strong>biﬁtemporibns</strong></span> <span class='ocrx_word' id='word_1_660' title='bbox 2480 5188 2502 5238; x_wconf 90' lang='lat'><strong><em>;</em></strong></span> <span class='ocrx_word' id='word_1_661' title='bbox 2527 5172 2809 5270; x_wconf 48' lang='lat' dir='ltr'><strong>P693211”</strong></span> <span class='ocrx_word' id='word_1_662' title='bbox 2830 5169 2959 5270; x_wconf 47' lang='lat' dir='ltr'><strong>istis</strong></span> <span class='ocrx_word' id='word_1_663' title='bbox 2988 5168 3328 5270; x_wconf 64' lang='lat' dir='ltr'><strong>temporibus.</strong></span> 
     </span>
    </p>
   </div>
   <div class='ocr_carea' id='block_1_93' title="bbox 187 5244 688 5312">
    <p class='ocr_par' dir='ltr' id='par_1_93' title="bbox 187 5244 688 5312">
     <span class='ocr_line' id='line_1_93' title="bbox 187 5244 688 5312; baseline 0.008 -20"><span class='ocrx_word' id='word_1_664' title='bbox 187 5252 334 5312; x_wconf 81' lang='lat' dir='ltr'><strong>nov.,</strong></span> <span class='ocrx_word' id='word_1_665' title='bbox 363 5244 688 5312; x_wconf 80' lang='lat' dir='ltr'><strong>appendant.</strong></span> 
     </span>
    </p>
   </div>
   <div class='ocr_carea' id='block_1_94' title="bbox 251 5310 1767 5375">
    <p class='ocr_par' dir='ltr' id='par_1_94' title="bbox 251 5310 1767 5375">
     <span class='ocr_line' id='line_1_94' title="bbox 251 5310 1767 5375; baseline 0 -8"><span class='ocrx_word' id='word_1_666' title='bbox 251 5310 303 5367; x_wconf 75' lang='lat'><strong>3.</strong></span> <span class='ocrx_word' id='word_1_667' title='bbox 328 5310 445 5372; x_wconf 76' lang='lat' dir='ltr'><strong>Sed</strong></span> <span class='ocrx_word' id='word_1_668' title='bbox 466 5314 731 5369; x_wconf 79' lang='lat' dir='ltr'><strong>conniveo.</strong></span> <span class='ocrx_word' id='word_1_669' title='bbox 755 5326 893 5371; x_wconf 88' lang='lat' dir='ltr'><strong>mss.</strong></span> <span class='ocrx_word' id='word_1_670' title='bbox 924 5311 1043 5369; x_wconf 78' lang='lat' dir='ltr'><strong>fere</strong></span> <span class='ocrx_word' id='word_1_671' title='bbox 1067 5326 1259 5375; x_wconf 85' lang='lat' dir='ltr'><strong>omnes</strong></span> <span class='ocrx_word' id='word_1_672' title='bbox 1279 5312 1509 5367; x_wconf 76' lang='lat' dir='ltr'><strong>cohibeo.</strong></span> <span class='ocrx_word' id='word_1_673' title='bbox 1538 5311 1593 5368; x_wconf 83' lang='lat' dir='ltr'><strong>In</strong></span> <span class='ocrx_word' id='word_1_674' title='bbox 1616 5312 1767 5368; x_wconf 86' lang='lat' dir='ltr'><strong>Flor.</strong></span> 
     </span>
    </p>
   </div>
   <div class='ocr_carea' id='block_1_95' title="bbox 190 5382 1766 5455">
    <p class='ocr_par' dir='ltr' id='par_1_95' title="bbox 190 5382 1766 5455">
     <span class='ocr_line' id='line_1_95' title="bbox 190 5382 1766 5455; baseline 0.003 -20"><span class='ocrx_word' id='word_1_675' title='bbox 190 5393 272 5455; x_wconf 89' lang='lat' dir='ltr'><strong>pr._</strong></span> <span class='ocrx_word' id='word_1_676' title='bbox 297 5382 409 5438; x_wconf 65' lang='lat' dir='ltr'><strong>haec</strong></span> <span class='ocrx_word' id='word_1_677' title='bbox 435 5385 640 5455; x_wconf 87' lang='lat' dir='ltr'><strong>pagella</strong></span> <span class='ocrx_word' id='word_1_678' title='bbox 665 5384 843 5440; x_wconf 82' lang='lat' dir='ltr'><strong>lacera</strong></span> <span class='ocrx_word' id='word_1_679' title='bbox 867 5394 972 5451; x_wconf 89' lang='lat' dir='ltr'><strong>est,</strong></span> <span class='ocrx_word' id='word_1_680' title='bbox 997 5385 1050 5440; x_wconf 92' lang='lat' dir='ltr'><strong>in</strong></span> <span class='ocrx_word' id='word_1_681' title='bbox 1076 5400 1191 5442; x_wconf 89' lang='lat' dir='ltr'><strong>sec.</strong></span> <span class='ocrx_word' id='word_1_682' title='bbox 1216 5383 1470 5440; x_wconf 86' lang='lat' dir='ltr'><strong>scribitur</strong></span> <span class='ocrx_word' id='word_1_683' title='bbox 1495 5382 1766 5453; x_wconf 81' lang='lat' dir='ltr'><strong>conhibeo,</strong></span> 
     </span>
    </p>
   </div>
   <div class='ocr_carea' id='block_1_96' title="bbox 188 5451 1768 5526">
    <p class='ocr_par' dir='ltr' id='par_1_96' title="bbox 188 5451 1768 5526">
     <span class='ocr_line' id='line_1_96' title="bbox 188 5451 1768 5526; baseline 0.001 -20"><span class='ocrx_word' id='word_1_684' title='bbox 188 5451 276 5526; x_wconf 72' lang='lat' dir='ltr'><strong>sed</strong></span> <span class='ocrx_word' id='word_1_685' title='bbox 311 5451 529 5526; x_wconf 73' lang='lat' dir='ltr'><strong>puncto</strong></span> <span class='ocrx_word' id='word_1_686' title='bbox 549 5457 652 5510; x_wconf 90' lang='lat' dir='ltr'><strong>sub</strong></span> <span class='ocrx_word' id='word_1_687' title='bbox 688 5455 870 5511; x_wconf 90' lang='lat' dir='ltr'><strong>littera</strong></span> <span class='ocrx_word' id='word_1_688' title='bbox 912 5472 946 5510; x_wconf 92' lang='lat' dir='ltr'><strong>n</strong></span> <span class='ocrx_word' id='word_1_689' title='bbox 984 5457 1183 5526; x_wconf 86' lang='lat' dir='ltr'><strong>posito,</strong></span> <span class='ocrx_word' id='word_1_690' title='bbox 1219 5456 1373 5525; x_wconf 84' lang='lat' dir='ltr'><strong>quasi</strong></span> <span class='ocrx_word' id='word_1_691' title='bbox 1396 5469 1517 5524; x_wconf 70' lang='lat' dir='ltr'><strong>qua:</strong></span> <span class='ocrx_word' id='word_1_692' title='bbox 1545 5451 1768 5524; x_wconf 80' lang='lat' dir='ltr'><strong>supera-</strong></span> 
     </span>
    </p>
   </div>
   <div class='ocr_carea' id='block_1_97' title="bbox 184 5519 1767 5584">
    <p class='ocr_par' dir='ltr' id='par_1_97' title="bbox 184 5519 1767 5584">
     <span class='ocr_line' id='line_1_97' title="bbox 184 5519 1767 5584; baseline 0.003 -9"><span class='ocrx_word' id='word_1_693' title='bbox 184 5519 402 5580; x_wconf 44' lang='lat' dir='ltr'><strong>bund&#39;et.</strong></span> <span class='ocrx_word' id='word_1_694' title='bbox 447 5524 815 5582; x_wconf 82' lang='lat' dir='ltr'><strong>Conﬁrmatur</strong></span> <span class='ocrx_word' id='word_1_695' title='bbox 844 5519 1128 5584; x_wconf 58' lang='lat' dir='ltr'><strong>vero&#39;ltiuc</strong></span> <span class='ocrx_word' id='word_1_696' title='bbox 1162 5519 1471 5583; x_wconf 77' lang='lat' dir='ltr'><strong>emendatio</strong></span> <span class='ocrx_word' id='word_1_697' title='bbox 1503 5519 1684 5581; x_wconf 76' lang='lat' dir='ltr'><strong>nostra</strong></span> <span class='ocrx_word' id='word_1_698' title='bbox 1714 5526 1767 5580; x_wconf 90' lang='lat' dir='ltr'><strong>in</strong></span> 
     </span>
    </p>
   </div>
   <div class='ocr_carea' id='block_1_98' title="bbox 188 5590 1768 5667">
    <p class='ocr_par' dir='ltr' id='par_1_98' title="bbox 188 5590 1768 5667">
     <span class='ocr_line' id='line_1_98' title="bbox 188 5590 1768 5667; baseline 0.004 -22"><span class='ocrx_word' id='word_1_699' title='bbox 188 5590 398 5651; x_wconf 62' lang='lat' dir='ltr'><strong>Praelat.</strong></span> <span class='ocrx_word' id='word_1_700' title='bbox 423 5596 518 5652; x_wconf 90' lang='lat' dir='ltr'><strong>lib.</strong></span> <span class='ocrx_word' id='word_1_701' title='bbox 548 5611 631 5662; x_wconf 84' lang='lat' dir='ltr'><strong>tv,</strong></span> <span class='ocrx_word' id='word_1_702' title='bbox 662 5612 851 5666; x_wconf 87' lang='lat' dir='ltr'><strong>supra,</strong></span> <span class='ocrx_word' id='word_1_703' title='bbox 879 5612 932 5667; x_wconf 89' lang='lat' dir='ltr'><strong>p.</strong></span> <span class='ocrx_word' id='word_1_704' title='bbox 969 5599 1113 5652; x_wconf 67' lang='lat' dir='ltr'><strong>2H:</strong></span> <span class='ocrx_word' id='word_1_705' title='bbox 1146 5597 1273 5654; x_wconf 86' lang='lat' dir='ltr'><strong>Non</strong></span> <span class='ocrx_word' id='word_1_706' title='bbox 1298 5607 1469 5653; x_wconf 82' lang='lat' dir='ltr'><strong>tamen</strong></span> <span class='ocrx_word' id='word_1_707' title='bbox 1496 5597 1768 5665; x_wconf 78' lang='lat' dir='ltr'><strong>conniveo,</strong></span> 
     </span>
    </p>
   </div>
   <div class='ocr_carea' id='block_1_99' title="bbox 188 5667 1335 5751">
    <p class='ocr_par' dir='ltr' id='par_1_99' title="bbox 188 5667 1335 5751">
     <span class='ocr_line' id='line_1_99' title="bbox 188 5667 1335 5751; baseline 0.003 -33"><span class='ocrx_word' id='word_1_708' title='bbox 188 5672 241 5716; x_wconf 82' lang='lat' dir='ltr'><strong>ttl</strong></span> <span class='ocrx_word' id='word_1_709' title='bbox 263 5667 414 5751; x_wconf 49' lang='lat' dir='ltr'><strong>etiam</strong></span> <span class='ocrx_word' id='word_1_710' title='bbox 433 5677 678 5751; x_wconf 52' lang='lat' dir='ltr'><strong>onerant</strong></span> <span class='ocrx_word' id='word_1_711' title='bbox 691 5671 1046 5751; x_wconf 59' lang='lat' dir='ltr'><strong>comparando</strong></span> <span class='ocrx_word' id='word_1_712' title='bbox 1069 5670 1335 5751; x_wconf 67' lang='lat' dir='ltr'><strong>graviora.</strong></span> 
     </span>
    </p>
   </div>
   <div class='ocr_carea' id='block_1_100' title="bbox 254 5736 1333 5812">
    <p class='ocr_par' dir='ltr' id='par_1_100' title="bbox 254 5736 1333 5812">
     <span class='ocr_line' id='line_1_100' title="bbox 254 5736 1333 5812; baseline 0.001 -18"><span class='ocrx_word' id='word_1_713' title='bbox 254 5736 307 5812; x_wconf 59' lang='grc' dir='ltr'><strong>β.</strong></span> <span class='ocrx_word' id='word_1_714' title='bbox 346 5736 623 5812; x_wconf 77' lang='lat' dir='ltr'><strong>Videntur.</strong></span> <span class='ocrx_word' id='word_1_715' title='bbox 656 5736 833 5812; x_wconf 74' lang='lat' dir='ltr'><strong>Lugd.</strong></span> <span class='ocrx_word' id='word_1_716' title='bbox 860 5741 1005 5797; x_wconf 82' lang='lat' dir='ltr'><strong>Ball.</strong></span> <span class='ocrx_word' id='word_1_717' title='bbox 1033 5736 1256 5812; x_wconf 70' lang='lat' dir='ltr'><strong>omnes,</strong></span> <span class='ocrx_word' id='word_1_718' title='bbox 1287 5741 1333 5796; x_wconf 80' lang='lat' dir='ltr'><strong>vi</strong></span> 
     </span>
    </p>
   </div>
   <div class='ocr_carea' id='block_1_101' title="bbox 1341 5738 1766 5811">
    <p class='ocr_par' dir='ltr' id='par_1_101' title="bbox 1341 5738 1766 5811">
     <span class='ocr_line' id='line_1_101' title="bbox 1341 5738 1766 5811; baseline 0.007 -15"><span class='ocrx_word' id='word_1_719' title='bbox 1341 5740 1586 5801; x_wconf 79' lang='lat' dir='ltr'><strong>dcanlttr.</strong></span> <span class='ocrx_word' id='word_1_720' title='bbox 1622 5738 1766 5811; x_wconf 75' lang='lat' dir='ltr'><strong>Mox,</strong></span> 
     </span>
    </p>
   </div>
   <div class='ocr_carea' id='block_1_102' title="bbox 190 5801 909 5882">
    <p class='ocr_par' dir='ltr' id='par_1_102' title="bbox 190 5801 909 5882">
     <span class='ocr_line' id='line_1_102' title="bbox 190 5801 909 5882; baseline 0.015 -24"><span class='ocrx_word' id='word_1_721' title='bbox 190 5801 347 5873; x_wconf 76' lang='lat' dir='ltr'><strong>fuisse</strong></span> <span class='ocrx_word' id='word_1_722' title='bbox 374 5809 624 5882; x_wconf 80' lang='lat' dir='ltr'><strong>dicturos,</strong></span> <span class='ocrx_word' id='word_1_723' title='bbox 656 5801 909 5869; x_wconf 67' lang='lat' dir='ltr'><strong>Petito&quot;.</strong></span> 
     </span>
    </p>
   </div>
   <div class='ocr_carea' id='block_1_103' title="bbox 1947 5241 3469 5314">
    <p class='ocr_par' dir='ltr' id='par_1_103' title="bbox 1947 5241 3469 5314">
     <span class='ocr_line' id='line_1_103' title="bbox 1947 5241 3469 5314; baseline -0.001 -17"><span class='ocrx_word' id='word_1_724' title='bbox 1947 5244 1999 5298; x_wconf 83' lang='lat'><strong>6.</strong></span> <span class='ocrx_word' id='word_1_725' title='bbox 2026 5242 2161 5296; x_wconf 84' lang='lat' dir='ltr'><strong>Ante</strong></span> <span class='ocrx_word' id='word_1_726' title='bbox 2182 5257 2571 5314; x_wconf 68' lang='lat' dir='ltr'><strong>currnmreges.</strong></span> <span class='ocrx_word' id='word_1_727' title='bbox 2596 5241 2736 5298; x_wconf 82' lang='lat' dir='ltr'><strong>Edd.</strong></span> <span class='ocrx_word' id='word_1_728' title='bbox 2759 5249 2919 5306; x_wconf 90' lang='lat' dir='ltr'><strong>vett.,</strong></span> <span class='ocrx_word' id='word_1_729' title='bbox 2940 5251 3064 5295; x_wconf 86' lang='lat' dir='ltr'><strong>ante</strong></span> <span class='ocrx_word' id='word_1_730' title='bbox 3086 5257 3271 5295; x_wconf 84' lang='lat' dir='ltr'><strong>currus</strong></span> <span class='ocrx_word' id='word_1_731' title='bbox 3299 5256 3469 5313; x_wconf 84' lang='lat' dir='ltr'><strong>reges.</strong></span> 
     </span>
    </p>
   </div>
   <div class='ocr_carea' id='block_1_104' title="bbox 1875 5312 2901 5383">
    <p class='ocr_par' dir='ltr' id='par_1_104' title="bbox 1875 5312 2901 5383">
     <span class='ocr_line' id='line_1_104' title="bbox 1875 5312 2901 5383; baseline -0.004 -15"><span class='ocrx_word' id='word_1_732' title='bbox 1875 5312 2112 5383; x_wconf 77' lang='lat' dir='ltr'><strong>Hittorp.</strong></span> <span class='ocrx_word' id='word_1_733' title='bbox 2147 5320 2204 5369; x_wconf 92' lang='lat' dir='ltr'><strong>et</strong></span> <span class='ocrx_word' id='word_1_734' title='bbox 2231 5312 2543 5381; x_wconf 81' lang='lat' dir='ltr'><strong>Bolsuiug..</strong></span> <span class='ocrx_word' id='word_1_735' title='bbox 2563 5328 2711 5383; x_wconf 72' lang='lat' dir='ltr'><strong>sirpe</strong></span> <span class='ocrx_word' id='word_1_736' title='bbox 2735 5327 2901 5383; x_wconf 77' lang='lat' dir='ltr'><strong>reges.</strong></span> 
     </span>
    </p>
   </div>
   <div class='ocr_carea' id='block_1_105' title="bbox 1946 5381 3463 5456">
    <p class='ocr_par' dir='ltr' id='par_1_105' title="bbox 1946 5381 3463 5456">
     <span class='ocr_line' id='line_1_105' title="bbox 1946 5381 3463 5456; baseline -0.001 -17"><span class='ocrx_word' id='word_1_737' title='bbox 1946 5384 1998 5440; x_wconf 89' lang='lat'><strong>7.</strong></span> <span class='ocrx_word' id='word_1_738' title='bbox 2030 5381 2424 5456; x_wconf 78' lang='lat' dir='ltr'><strong>Infelicissime.</strong></span> <span class='ocrx_word' id='word_1_739' title='bbox 2457 5382 2681 5440; x_wconf 84' lang='lat' dir='ltr'><strong>Addunt</strong></span> <span class='ocrx_word' id='word_1_740' title='bbox 2706 5381 2939 5454; x_wconf 82' lang='lat' dir='ltr'><strong>tempora</strong></span> <span class='ocrx_word' id='word_1_741' title='bbox 2967 5381 3139 5456; x_wconf 83' lang='lat' dir='ltr'><strong>Lugd.</strong></span> <span class='ocrx_word' id='word_1_742' title='bbox 3174 5383 3316 5440; x_wconf 81' lang='lat' dir='ltr'><strong>Batl.</strong></span> <span class='ocrx_word' id='word_1_743' title='bbox 3349 5391 3463 5440; x_wconf 86' lang='lat' dir='ltr'><strong>tres</strong></span> 
     </span>
    </p>
   </div>
   <div class='ocr_carea' id='block_1_106' title="bbox 1876 5454 2421 5512">
    <p class='ocr_par' dir='ltr' id='par_1_106' title="bbox 1876 5454 2421 5512">
     <span class='ocr_line' id='line_1_106' title="bbox 1876 5454 2421 5512; baseline -0.004 -2"><span class='ocrx_word' id='word_1_744' title='bbox 1876 5469 1998 5511; x_wconf 85' lang='lat' dir='ltr'><strong>cum</strong></span> <span class='ocrx_word' id='word_1_745' title='bbox 2021 5455 2153 5512; x_wconf 86' lang='lat' dir='ltr'><strong>Coll.</strong></span> <span class='ocrx_word' id='word_1_746' title='bbox 2181 5454 2421 5511; x_wconf 86' lang='lat' dir='ltr'><strong>Gronov.</strong></span> 
     </span>
    </p>
   </div>
   <div class='ocr_carea' id='block_1_107' title="bbox 1947 5525 3465 5599">
    <p class='ocr_par' dir='ltr' id='par_1_107' title="bbox 1947 5525 3465 5599">
     <span class='ocr_line' id='line_1_107' title="bbox 1947 5525 3465 5599; baseline -0.004 -17"><span class='ocrx_word' id='word_1_747' title='bbox 1947 5529 2000 5583; x_wconf 92' lang='lat'><strong>8.</strong></span> <span class='ocrx_word' id='word_1_748' title='bbox 2032 5527 2106 5581; x_wconf 86' lang='lat' dir='ltr'><strong>Ac</strong></span> <span class='ocrx_word' id='word_1_749' title='bbox 2133 5526 2260 5581; x_wconf 85' lang='lat' dir='ltr'><strong>bene</strong></span> <span class='ocrx_word' id='word_1_750' title='bbox 2286 5526 2647 5599; x_wconf 76' lang='lat' dir='ltr'><strong>institutarum</strong></span> <span class='ocrx_word' id='word_1_751' title='bbox 2683 5527 2931 5599; x_wconf 83' lang='lat' dir='ltr'><strong>gentium.</strong></span> <span class='ocrx_word' id='word_1_752' title='bbox 2965 5525 3214 5582; x_wconf 83' lang='lat' dir='ltr'><strong>Perizon.</strong></span> <span class='ocrx_word' id='word_1_753' title='bbox 3246 5540 3306 5578; x_wconf 91' lang='lat' dir='ltr'><strong>ac</strong></span> <span class='ocrx_word' id='word_1_754' title='bbox 3337 5538 3465 5595; x_wconf 87' lang='lat' dir='ltr'><strong>pene</strong></span> 
     </span>
    </p>
   </div>
   <div class='ocr_carea' id='block_1_108' title="bbox 1875 5597 2956 5668">
    <p class='ocr_par' dir='ltr' id='par_1_108' title="bbox 1875 5597 2956 5668">
     <span class='ocr_line' id='line_1_108' title="bbox 1875 5597 2956 5668; baseline -0.004 -13"><span class='ocrx_word' id='word_1_755' title='bbox 1875 5599 2201 5668; x_wconf 77' lang='lat' dir='ltr'><strong>inﬁnitarum</strong></span> <span class='ocrx_word' id='word_1_756' title='bbox 2226 5598 2475 5668; x_wconf 82' lang='lat' dir='ltr'><strong>gentium.</strong></span> <span class='ocrx_word' id='word_1_757' title='bbox 2507 5597 2623 5653; x_wconf 87' lang='lat' dir='ltr'><strong>Non</strong></span> <span class='ocrx_word' id='word_1_758' title='bbox 2650 5597 2956 5655; x_wconf 84' lang='lat' dir='ltr'><strong>invenuste.</strong></span> 
     </span>
    </p>
   </div>
   <div class='ocr_carea' id='block_1_109' title="bbox 1947 5665 3460 5738">
    <p class='ocr_par' dir='ltr' id='par_1_109' title="bbox 1947 5665 3460 5738">
     <span class='ocr_line' id='line_1_109' title="bbox 1947 5665 3460 5738; baseline -0.003 -13"><span class='ocrx_word' id='word_1_759' title='bbox 1947 5672 2000 5725; x_wconf 79' lang='lat'><strong>9.</strong></span> <span class='ocrx_word' id='word_1_760' title='bbox 2045 5668 2203 5727; x_wconf 85' lang='lat' dir='ltr'><strong>Nunc</strong></span> <span class='ocrx_word' id='word_1_761' title='bbox 2227 5665 2419 5724; x_wconf 63' lang='lat' dir='ltr'><strong>rebelli</strong></span> <span class='ocrx_word' id='word_1_762' title='bbox 2458 5670 2761 5735; x_wconf 79' lang='lat' dir='ltr'><strong>intentione,</strong></span> <span class='ocrx_word' id='word_1_763' title='bbox 2791 5680 2897 5726; x_wconf 89' lang='lat' dir='ltr'><strong>ctc.</strong></span> <span class='ocrx_word' id='word_1_764' title='bbox 2937 5667 3157 5734; x_wconf 88' lang='lat' dir='ltr'><strong>Nescio,</strong></span> <span class='ocrx_word' id='word_1_765' title='bbox 3189 5665 3460 5738; x_wconf 85' lang='lat' dir='ltr'><strong>quomodo</strong></span> 
     </span>
    </p>
   </div>
   <div class='ocr_carea' id='block_1_110' title="bbox 1879 5739 3466 5811">
    <p class='ocr_par' dir='ltr' id='par_1_110' title="bbox 1879 5739 3466 5811">
     <span class='ocr_line' id='line_1_110' title="bbox 1879 5739 3466 5811; baseline -0.003 -14"><span class='ocrx_word' id='word_1_766' title='bbox 1879 5741 2129 5798; x_wconf 88' lang='lat' dir='ltr'><strong>Fabricio</strong></span> <span class='ocrx_word' id='word_1_767' title='bbox 2155 5742 2366 5811; x_wconf 80' lang='lat' dir='ltr'><strong>placcrc</strong></span> <span class='ocrx_word' id='word_1_768' title='bbox 2395 5740 2627 5808; x_wconf 86' lang='lat' dir='ltr'><strong>potuerit</strong></span> <span class='ocrx_word' id='word_1_769' title='bbox 2660 5742 2820 5797; x_wconf 85' lang='lat' dir='ltr'><strong>lectio</strong></span> <span class='ocrx_word' id='word_1_770' title='bbox 2845 5782 2860 5806; x_wconf 90' lang='lat'><strong>,</strong></span> <span class='ocrx_word' id='word_1_771' title='bbox 2892 5755 3053 5810; x_wconf 88' lang='lat' dir='ltr'><strong>quam</strong></span> <span class='ocrx_word' id='word_1_772' title='bbox 3096 5739 3466 5811; x_wconf 84' lang='lat' dir='ltr'><strong>praceuntibus</strong></span> 
     </span>
    </p>
   </div>
   <div class='ocr_carea' id='block_1_111' title="bbox 1876 5809 3459 5889">
    <p class='ocr_par' dir='ltr' id='par_1_111' title="bbox 1876 5809 3459 5889">
     <span class='ocr_line' id='line_1_111' title="bbox 1876 5809 3459 5889; baseline -0.004 -19"><span class='ocrx_word' id='word_1_773' title='bbox 1876 5812 2001 5871; x_wconf 89' lang='lat' dir='ltr'><strong>cdd.</strong></span> <span class='ocrx_word' id='word_1_774' title='bbox 2038 5809 2276 5887; x_wconf 81' lang='lat' dir='ltr'><strong>llittorp.</strong></span> <span class='ocrx_word' id='word_1_775' title='bbox 2301 5821 2356 5871; x_wconf 89' lang='lat' dir='ltr'><strong>et</strong></span> <span class='ocrx_word' id='word_1_776' title='bbox 2374 5811 2653 5889; x_wconf 85' lang='lat' dir='ltr'><strong>Bolsuing.</strong></span> <span class='ocrx_word' id='word_1_777' title='bbox 2678 5821 2896 5873; x_wconf 88' lang='lat' dir='ltr'><strong>secutus</strong></span> <span class='ocrx_word' id='word_1_778' title='bbox 2913 5809 3013 5873; x_wconf 81' lang='lat' dir='ltr'><strong>est</strong></span> <span class='ocrx_word' id='word_1_779' title='bbox 3040 5817 3203 5887; x_wconf 83' lang='lat' dir='ltr'><strong>atque</strong></span> <span class='ocrx_word' id='word_1_780' title='bbox 3233 5809 3459 5884; x_wconf 87' lang='lat' dir='ltr'><strong>recepit,</strong></span> 
     </span>
    </p>
   </div>
  </div>
