3938 6320
409 386 519 449 919

1828 355 2037 418 PAULI
2075 354 2300 417 OROSII

414 511 562 555 nunc
595 486 905 565 suppliciis,
935 481 1083 540 bello
1112 491 1301 550 pacem
1327 517 1344 546 ,
1382 489 1520 549 pace
1554 474 1798 532 mutabat
1820 473 1959 531 bella
1988 517 2005 544 ,
2035 475 2087 537 Α
2111 474 2168 530 in
2193 479 2375 545 portu,
2404 472 2477 531 ad
2504 486 2672 545 quem
2704 474 2784 531 illi
2820 475 3037 534 tandem
3080 488 3181 549 pro
3204 474 3513 537 cvadéndis
3544 480 3722 538 malo-

414 588 716 646 novissime
758 576 973 636 miseris
1008 572 1223 629 civibus
1272 569 1475 641 passim
1514 584 1577 625 se
1604 569 1659 624 in
1708 567 1890 639 ignem
1928 567 2014 622 ulc

423 683 556 738 tima
598 672 981 747 desperatione
1017 664 1383 738 incientibus,
1417 678 1558 719 unus
1587 676 1753 733 rogus
1783 669 1896 718 tota
1937 660 2016 716 ci-

421 775 566 830 vitas
609 768 752 825 fuit?
795 764 880 821 cui
908 763 1070 819 etiam
1116 772 1304 827 nunc,
1353 757 1460 812 situ
1498 771 1703 826 parvae,
1739 755 2014 811 mmnibus

416 865 713 929 destitutae,
743 871 871 931 pars
911 853 1261 911 miserarium
1293 856 1380 908 est
1399 892 1416 918 ,
1448 848 1641 905 audire
1662 848 1793 919 quid
1823 847 2010 903 fuerit.

420 963 470 996 ιο
503 957 641 1015 Edat
677 950 936 1024 Hispania
975 946 1303 1004 sententiam
1344 956 1528 1010 suam,
1564 955 1688 998 cum
1717 955 1819 1012 per
1836 952 2016 996 annos

424 1054 692 1109 ducentos
734 1045 936 1115 ubique
974 1054 1133 1113 agros
1172 1052 1302 1094 suos
1340 1035 1604 1107 sanguine
1644 1047 1745 1089 suo
1776 1032 2013 1104 rigabat,

420 1133 1144 1215 importunumque-hostem
1171 1130 1315 1186 ultro
1327 1126 1565 1186 ostiatim
1588 1126 1980 1198 inquietantem
1997 1164 2015 1193 ,

421 1214 527 1293 nec
552 1231 825 1305 repellere
850 1232 1089 1299 poterat,
1111 1238 1214 1281 nec
1237 1222 1545 1279 sustinere:
1569 1233 1693 1275 cum
1722 1231 1804 1286 se,
1833 1216 1876 1249 “
1900 1214 2016 1272 suis

430 1327 670 1386 diversis
698 1322 926 1381 urbibus
952 1334 1017 1376 ac
1040 1317 1199 1385 locis,
1234 1314 1388 1372 fracti
1415 1311 1567 1369 crede
1596 1310 1888 1378 bellorum,
1916 1308 2017 1365 ob-

424 1422 707 1480 sidionum
734 1417 880 1473 fame
917 1410 1180 1470 exinaniti
1202 1449 1218 1475 ,
1264 1405 1572 1463 interfectis
1599 1402 1920 1474 coniugibus
1957 1415 2021 1458 ac

430 1514 623 1571 liberis
648 1510 782 1576 suis,
807 1506 878 1563 ob
896 1502 1139 1560 remedia
1153 1500 1496 1556 miseriarum
1519 1509 1792 1552 concursu
1814 1493 2020 1551 misero

432 1609 475 1640 ²²
502 1621 565 1661 ac
587 1610 773 1660 mutua
798 1597 948 1655 caede
966 1594 1310 1667 iugulabant.
1325 1589 1466 1657 Quid
1495 1597 1623 1644 tunc
1643 1586 1712 1644 de
1735 1586 1851 1644 suis
1881 1594 2022 1643 tem-

423 1697 650 1772 poribus
671 1691 961 1756 sentiebat,
988 1686 1153 1760 286
1170 1685 1212 1717 ¹³
1231 1685 1345 1755 ipsa
1368 1690 1642 1753 postremo
1665 1679 1812 1736 dicat
1837 1678 1990 1772 italia
1998 1678 2022 1733 ἲ

431 1767 529 1847 cur
557 1804 653 1860 per
682 1798 855 1841 annos
880 1780 1305 1853 quadringentos
1336 1772 1599 1829 Romanis
1629 1772 1813 1840 utique
1834 1768 1880 1802 “
1907 1767 2024 1825 suis

2114 584 2235 626 rum
2267 569 2682 640 tempestatibus
2708 570 3099 642 confugerunt,
3133 587 3233 629 nos
3269 574 3631 632 consistimus
3658 585 3715 633 et

2118 676 2425 718 manemus.
2473 662 2644 734 igitur
2705 663 2751 696 ²²
2810 674 2999 720 nostra
3054 674 3305 737 tempora
3372 661 3719 741 viderimus,

2120 762 2300 811 utrum
2344 754 2572 812 felicia?
2614 764 2769 813 certe
2817 757 3062 815 feliciora
3111 759 3219 817 illis
3268 760 3545 826 ducimus,
3595 762 3725 832 quia

2119 847 2262 919 quod
2289 847 2367 903 illi
2394 847 2443 881 ³⁸
2468 848 2661 904 ultimo
2685 849 3034 921 delegerunt,
3062 866 3161 908 nos
3187 854 3449 910 continue
3474 856 3725 925 posside-

2120 956 2265 998 mus.
2292 942 2620 1014 Inquietudo
2640 945 2788 1001 enim
2819 944 3105 1013 bellorum,
3131 962 3238 1017 qua
3266 947 3345 1003 illi
3371 948 3549 1005 attriti
3574 960 3725 1019 sunt,

2118 1036 2277 1094 nobis
2313 1037 2501 1108 ignota
2551 1046 2657 1094 est.
2702 1037 2760 1094 In
2798 1039 2913 1095 otio
2941 1047 3146 1109 autem,
3171 1040 3316 1113 quod
3358 1041 3440 1097 illi
3474 1052 3601 1112 post
3629 1044 3733 1100 im-

2121 1128 2336 1199 perium
2390 1122 2667 1197 Caesaris,
2727 1130 3176 1203 nativitatemque
3228 1131 3433 1189 Christi
3491 1134 3731 1191 tenuiter

2121 1228 2509 1292 gustaverunt,
2561 1237 2663 1279 nos
2714 1223 2992 1278 nascimur
3037 1232 3097 1280 et
3142 1224 3523 1281 senescimus:
3586 1226 3732 1297 quod

2121 1314 2235 1370 illis
2264 1323 2383 1370 erat
2423 1314 2609 1371 debita
2647 1315 2844 1387 pensio
2871 1314 3190 1381 servitutis,
3235 1315 3395 1373 nobis
3423 1325 3516 1373 est
3553 1317 3730 1374 libera

2123 1407 2342 1464 collatio
2406 1406 2787 1464 defensionis:
2857 1415 3199 1479 tamtumque
3262 1408 3495 1465 interest
3568 1410 3725 1465 inter

2123 1500 2399 1571 praeterita
2455 1499 2859 1571 praesentiaque
2913 1509 3191 1572 tempora,
3244 1510 3308 1555 ut
3358 1501 3511 1572 quod
3556 1501 3734 1558 Roma

2125 1594 2179 1651 in
2229 1610 2387 1651 usum
2427 1595 2658 1651 luxuriae
2706 1610 2821 1653 sua:
2869 1595 3019 1655 ferro
3071 1598 3434 1670 extorquebat
3482 1598 3533 1631 “
3576 1613 3610 1654 a
3642 1612 3742 1654 no-

2125 1687 2297 1752 stris,
2350 1687 2511 1759 287
2565 1702 2709 1742 nunc
2747 1688 2802 1744 in
2850 1702 3008 1745 usum
3055 1689 3363 1748 communis
3409 1689 3739 1760 reipublicae

2127 1777 2378 1835 conferat
2407 1781 2521 1853 ipsa
2570 1779 2883 1836 nobiscum.
2946 1779 3059 1837 Aut
3093 1782 3141 1837 si
3179 1781 3249 1838 ab
3281 1781 3465 1853 aliquo
3508 1781 3738 1849 dicitur,

433 1878 790 1947 contradixit,
817 1873 1044 1940 obstitit,
1076 1868 1424 1942 repugnavit,
1470 1868 1517 1922 si
1546 1879 1735 1921 eorum
1766 1863 2020 1930 Mittit“.
2052 1869 2102 1931 Β
2131 1871 2526 1930 tolerabiliores
2570 1872 2889 1942 parentibus
2953 1872 3156 1929 nostris
3219 1874 3499 1932 Romanos
3549 1874 3747 1931 hostes

429 1992 529 2035 sua
552 1972 840 2031 infelicitas
864 1982 971 2025 non
998 1972 1136 2034 erat,
1160 1963 1549 2031 Romanosque
1571 1959 1691 2015 ﬁeri
1718 1973 1897 2016 rerum
1927 1957 2027 2014 do-

432 2068 618 2127 minos
657 2063 820 2123 bonis
857 2055 1240 2116 communibus
1289 2068 1400 2109 non
1431 2048 1732 2108 obstabat?
1779 2048 1897 2105 Non
1944 2064 2031 2104 re-
2055 2038 2081 2056 ⁸’

430 2162 592 2234 quire
638 2158 708 2215 de
758 2152 1062 2212 innumeris
1110 2149 1452 2205 diversarum
1504 2144 1746 2217 gentium
1793 2143 2029 2214 populis,

441 2253 537 2309 diu
567 2259 726 2307 antea
756 2246 975 2311 liberis,
1004 2252 1134 2299 tunc
1160 2239 1309 2298 bello
1332 2238 1523 2306 victis,
1558 2236 1729 2307 patria
1755 2234 2030 2303 abductis,

427 2345 612 2416 pretio
633 2339 871 2397 venditis
891 2379 908 2407 ,
934 2336 981 2369 ”
1006 2334 1273 2395 servitute
1297 2329 1590 2402 dispersis,
1613 2327 1742 2399 quid
1772 2337 1901 2385 tunc
1930 2327 2034 2383 sibi

431 2433 753 2499 maluerint,
784 2430 828 2463 ¹⁶
854 2426 985 2501 quid
1018 2425 1088 2481 de
1112 2422 1377 2479 Romanis
1406 2419 1611 2491 opinati
1642 2421 1773 2485 sint,
1807 2416 1937 2488 quid
1966 2416 2035 2472 de

430 2526 770 2600 temporibus
802 2517 1118 2594 judicarint.
1153 2515 1356 2572 Omitto
1375 2514 1443 2570 de
1472 2512 1693 2584 regibus
1715 2524 2036 2582 magnarum

433 2627 622 2691 opum,
650 2627 976 2685 magnarum
1004 2609 1224 2676 virium,
1250 2620 1463 2677 magna:
1482 2604 1695 2676 glorise,
1729 2603 1817 2658 diu
1843 2610 2034 2673 poten-

439 2710 705 2777 tissimis,
754 2701 1051 2776 aliquando
1106 2699 1322 2771 captis,
1390 2697 1665 2754 serviliter
1736 2697 2033 2765 catenatis,

436 2805 481 2837 "
512 2802 613 2860 sub
634 2802 825 2874 iugum
848 2796 1053 2861 missis,
1082 2801 1211 2850 ante
1233 2806 1454 2848 currum
1482 2791 1639 2857 actis,
1668 2789 1713 2822 ³⁸
1738 2789 1789 2844 in
1815 2802 2038 2844 carcere

437 2896 724 2953 trucidatis
753 2904 1025 2963 ;quorum
1066 2896 1174 2942 tam
1207 2886 1434 2941 stultum
1458 2891 1543 2939 est
1587 2881 1878 2952 exquirere
1906 2896 2036 2936 sen-

435 2988 697 3053 tentiam,
742 2997 904 3055 quam
943 2979 1139 3036 durum
1177 2993 1284 3033 non
1315 2975 1504 3032 dolere
1548 2975 1847 3029 miseriam.
1894 2971 2036 3043 Nos,

436 3094 539 3137 nos
568 3079 785 3148 inquam
830 3076 1006 3146 ipsos,
1041 3073 1279 3142 vitaeque
1310 3080 1513 3125 nostrae
1561 3068 1920 3135 electionem,
1951 3067 2043 3124 cui

443 3168 815 3242 acquievimus
840 3208 856 3234 ,
909 3165 1282 3223 consulamus.
1317 3162 1552 3233 Maiores
1599 3161 1775 3216 nostri
1821 3159 1965 3216 bella
1995 3159 2040 3194 ¹⁹

2133 1964 2324 2032 fuisse,
2345 1980 2508 2037 quam
2540 1965 2699 2022 nobis
2724 1966 2933 2023 Gothos
2962 1980 3124 2023 esse:
3156 1966 3341 2024 audiat
3362 1960 3425 2024 et
3446 1968 3743 2039 intelligat,

2134 2068 2339 2131 quanto
2377 2060 2559 2126 aliter,
2603 2074 2763 2131 quam
2799 2059 2945 2115 circa
2973 2060 3215 2131 seipsum
3243 2061 3442 2131 agitur,
3473 2060 3579 2117 sibi
3608 2076 3738 2117 0:58

2133 2152 2403 2209 videatur.
2437 2152 2603 2224 Olim,
2629 2166 2753 2209 cum
2779 2153 2925 2209 bella
2953 2160 3069 2209 toto
3090 2153 3226 2210 orbe
3247 2152 3559 2225 fervebant,
3590 2170 3746 2225 qua:-

2136 2261 2242 2318 que
2294 2245 2576 2316 provincia
2623 2244 2737 2301 suis
2783 2245 3041 2316 regibus,
3087 2246 3204 2302 suis
3234 2245 3473 2318 legibus,
3506 2247 3744 2316 suisque

2138 2337 2387 2394 moribus
2433 2336 2720 2392 utebatur:
2770 2350 2873 2392 nec
2919 2346 3040 2392 erat
3085 2337 3320 2393 societas
3361 2336 3741 2407 atl'ectionum,

2138 2430 2232 2485 ubi
2269 2428 2571 2486 dissidebat
2608 2428 2897 2485 diversitas
2924 2437 3277 2498 potestatum.
3324 2432 3616 2487 Postremo
3643 2445 3739 2486 so-

2140 2523 2284 2579 lutas
2311 2530 2367 2578 et
2394 2521 2657 2579 barbaras
2692 2531 2882 2594 gentes
2910 2523 2958 2555 ’5
2986 2522 3115 2594 quid
3154 2522 3372 2580 tandem
3404 2523 3472 2579 ad
3503 2524 3740 2580 societa-

2143 2624 2251 2671 tem
2296 2613 2634 2684 adduceret,
2682 2629 2822 2687 quas
2848 2614 3081 2672 diversis
3109 2629 3393 2671 sacrorum
3426 2614 3630 2672 ritibus
3662 2615 3742 2670 in-

2141 2706 2402 2775 stitutas,
2460 2705 2628 2762 etiam
2672 2705 2865 2777 religio
2917 2706 3248 2777 separabat?
3298 2705 3357 2763 Si
3402 2706 3526 2777 quis
3573 2706 3743 2776 igitur

2144 2807 2293 2864 tunc,
2316 2797 2619 2856 acerbitate
2644 2798 2912 2854 malorum
2939 2798 3138 2868 victus,
3163 2799 3397 2871 patriam
3427 2815 3550 2855 cum
3579 2800 3741 2858 hoste

2142 2889 2408 2959 deseruit,
2433 2905 2594 2962 quem
2617 2891 2834 2947 tandem
2862 2890 3103 2962 ignotum
3122 2891 3303 2947 locum
3324 2892 3542 2963 ignotus
3562 2892 3740 2949 adiit?

2143 2981 2314 3050 Quam
2340 2991 2558 3054 gentem
2589 2983 2921 3055 generaliter
2950 2985 3158 3040 hostem
3190 2984 3366 3040 hostis
3392 2985 3615 3041 oravit?
3638 2985 3738 3042 Cui

2142 3091 2206 3133 se
2231 3089 2529 3146 congressu
2559 3076 2738 3146 primo
2767 3075 3027 3145 credidit,
3061 3091 3168 3132 non
3198 3076 3471 3133 societate
3496 3077 3736 3135 nominis

2147 3168 2405 3224 invitatus
2428 3209 2444 3234 ,
2492 3182 2604 3224 non
2649 3169 3037 3225 communione
3057 3168 3198 3240 juris
3224 3170 3271 3202 “
3292 3170 3561 3226 adductus
3584 3212 3599 3236 ,
3627 3186 3735 3227 non

448 3267 760 3335 gesserunt,
806 3256 965 3314 bellis
1000 3255 1229 3326 fatigati,
1271 3268 1461 3324 pacem
1512 3259 1785 3322 petentes,
1840 3250 2033 3306 tributa

2144 3260 2425 3332 religionis
2451 3260 2663 3317 unitate
2692 3261 2957 3322 securus?
2988 3262 3070 3316 An
3095 3276 3287 3333 parum
3313 3262 3553 3332 exempli
3579 3263 3625 3295 "
3646 3263 3742 3319 dc-

446 3354 787 3414 obtulcrunt.
815 3350 861 3380 ²⁰
881 3347 1191 3414 Tributum,
1219 3346 1457 3417 pretium
1485 3343 1637 3414 pacis
1666 3352 1773 3400 est.
1804 3343 1913 3399 Nos
1940 3344 2039 3400 tri-

445 3450 579 3509 buta
605 3444 650 3478 “
680 3441 1075 3515 dependimus,
1106 3453 1176 3496 ne
1205 3438 1343 3495 bella
1365 3436 1636 3509 patiamur
1669 3454 1683 3493 :
1714 3451 1778 3493 ac
1806 3451 1906 3509 per
1937 3438 2040 3496 hoc

2146 3352 2366 3421 derunt,
2397 3352 2445 3387 ³⁸
2477 3352 2690 3409 Busiris
2731 3353 2787 3408 in
2834 3352 3072 3425 Egypto
3113 3353 3527 3425 peregrinorum
3551 3353 3733 3411 infeli-

2143 3442 2279 3501 citer
2308 3443 2706 3502 incurrentium
2736 3443 3095 3518 impiissimus
3145 3445 3500 3514 immolator;
3536 3448 3581 3482 “
3611 3462 3736 3506 cru-

1708 3598 2159 3661 HAVERCASIPI
2195 3603 2444 3664 NOTE.

445 3770 584 3813 nunc
623 3746 805 3805 rebelli
851 3742 1156 3813 intentione,
1196 3753 1335 3813 nunc
1358 3735 1628 3813 suppliciis
1649 3737 1789 3813 belli
1830 3754 2031 3810 pacem,

446 3807 583 3884 nunc
610 3837 735 3893 pace
778 3815 1008 3893 mutabat
1039 3810 1367 3893 bellaLMale
1404 3807 1521 3893 haec
1549 3817 1604 3864 et
1630 3807 2036 3893 distinguuntur

450 3880 513 3955 Ei
522 3880 864 3952 scribuntur.
900 3887 1010 3955 Ego
1050 3882 1128 3937 sic
1158 3882 1532 3955 distinguoet‘
1566 3880 1773 3955 reliqua
1802 3896 2031 3955 evmss.

448 3950 506 4026 éi
532 3950 662 4021 vett.
693 3959 818 4016 edd.
848 3950 1081 4013 emendo
1106 3972 1119 4006 :
1154 3968 1291 4006 nunc
1315 3950 1493 4005 rebelli
1514 3951 1795 4026 intentione
1824 3952 1897 4023 (id
1929 3961 2034 4018 est,

446 4022 594 4095 male
621 4033 803 4088 animo
822 4071 837 4094 ,
869 4036 927 4084 et.
978 4026 1048 4082 ad
1093 4033 1306 4092 tempus
1330 4022 1765 4095 accommodato,
1792 4022 1897 4092 quo
1925 4040 2039 4077 me-

444 4094 559 4167 lius
584 4101 1017 4179 posteaubellum
1056 4095 1275 4150 refectis
1299 4094 1515 4179 viribus
1533 4096 2035 4179 ‘gtirct‘ehpnsscnlz,

449 4165 602 4239 iiuna
634 4172 906 4245 suppliciis
953 4170 1115 4245 (nam
1156 4165 1413 4238 supplici,
1457 4167 1656 4245 extrita
1696 4165 2040 4245 ultimn__5y_l-

445 4235 572 4309 laba
605 4235 806 4302 habent
845 4235 1025 4310 mssl),
1057 4239 1109 4293 id
1135 4235 1227 4310 est
1246 4251 1373 4310 vere
1389 4244 1457 4310 Aet
1479 4251 1548 4290 ex
1568 4235 1753 4310 animo
1780 4235 2040 4310 profectis

444 4306 721 4394 precibus,
738 4317 822 4394 (ut
846 4306 1233 4394 vlicti’miseriis
1273 4306 1426 4394 belli,
1458 4316 1513 4361 et
1533 4306 1700 4394 pacis
1726 4307 2040 4394 hppadesi-

449 4376 756 4458 dei-antes),
784 4385 915 4458 bello
935 4396 1117 4458 pacem
1137 4378 1436 4458 (espuncto
1453 4393 1611 4458 nunc,
1637 4378 1777 4458 qupd
1801 4376 1891 4433 hic
1909 4392 2041 4458 con-

449 4447 539 4522 tra
562 4447 1066 4523 mss.'iutrudiiur),
1090 4447 1213 4520 pace
1238 4447 1474 4523 mutabat
1493 4448 1646 4501 bella.
1676 4447 1803 4502 Mss.
1838 4449 2038 4523 passim

451 4519 642 4592 omnes
688 4528 837 4583 bellis
890 4519 1124 4588 habent,
1176 4519 1593 4592 quod‘qu‘idem
1619 4523 1913 4592 respondet
1959 4519 2040 4575 illi

449 4588 609 4671 «iam
626 4588 873 4671 sequitur
905 4594 1074 4671 bella,
1096 4588 1205 4647 sed,
1242 4588 1536 4671 εὲτίάυ¹υ¹¹1
1568 4589 1698 4670 ίθρίι
1716 4604 1953 4671 .⁸“¹¹“Ψ⁹
1983 4592 2039 4647 ¹¹¹

450 4659 603 4736 Flor:
627 4659 741 4733 sed.
761 4670 953 4741 legitur
974 4665 1127 4728 bello,
1143 4660 1286 4733 quod
1305 4675 1423 4741 prie
1434 4659 1664 4741 reliquis
1678 4660 1871 4730 placet.
1893 4661 2039 4732 Sup-

459 4730 661 4820 plicia,
720 4730 945 4804 ἱκεςῆαι,
1008 4749 1106 4805 pro
1160 4730 1690 4820 supplicationibus“,
1733 4730 2043 4820 ‘occurr‘unt

457 4799 855 4889 Sptidoptiiiios
882 4799 1156 4889 auctores,
1182 4799 1242 4858 ut
1275 4802 1592 4889 Varienem'.
1620 4799 1890 4889 Tacitum,
1920 4802 2044 4859 Sal-

456 4870 704 4945 ἱῦέίἷυξιῖ,
756 4883 802 4937 Is
852 4883 907 4938 in
953 4877 1171 4954 Catilio.
1211 4888 1332 4943 cap.
1375 4870 1650 4954 δυρηΝοη
1688 4872 1842 4954 votis,
1877 4870 2043 4945 neque

455 4944 739 5034 suppliciis
758 4952 1089 5034 muliebribus
1116 4948 1329 5034 deorum
1350 4944 1546 5034 auxilia
1576 4952 1845 5015 parantur.

530 5026 620 5088 it).
652 5030 816 5086 Edat.
837 5027 984 5099 Flor.
1012 5035 1152 5088 sec.,
1179 5026 1403 5099 asserat.
1433 5086 1463 5099 η
1585 5085 1597 5098 ⁸

529 5085 617 5159 il.
658 5085 812 5157 Suis.
849 5098 951 5154 Ed.
1000 5085 1163 5164 Aug.,
1190 5090 1378 5161 quique
1402 5085 1643 5164 Διλνὶυιτει-εἱςε.
1668 5085 1832 5164 Forte
1857 5088 2047 5159 legcn.

454 5173 606 5239 dum,
629 5174 737 5228 suis
766 5170 956 5225 diuersi
971 5159 1309 5239 urbibuglvel
1323 5161 1440 5239 suis
1461 5159 1648 5239 sparsis
1670 5159 1904 5239 urbibug,
1936 5170 2045 5239 etc.

533 5230 621 5299 Ε.
651 5245 727 5298 Ac
767 5250 950 5297 mutua
974 5237 1132 5293 ccede.
1165 5233 1337 5291 Sicuti
1376 5230 1540 5287 modo
1555 5230 1904 5300 Carthaginis
1930 5232 2047 5287 rui-

460 5331 582 5371 nam
635 5314 996 5377 memoravit,
1039 5310 1113 5364 ita
1168 5319 1310 5361 nunc
1342 5305 1409 5358 ad
1447 5301 1722 5358 excidium
1763 5301 2050 5359 Numanti-

464 5402 596 5442 num
641 5387 885 5455 respicit.
916 5381 1120 5440 Sustuli
1160 5380 1591 5443 distinctionem,
1625 5390 1750 5455 quae
1779 5382 1922 5436 male
1954 5395 2051 5455 po-

462 5459 695 5514 nebatur
724 5452 846 5525 post
884 5470 1076 5511 vocem
1116 5456 1296 5526 fracti,
1343 5464 1403 5511 et
1426 5462 1553 5509 ante
1577 5452 1825 5509 eamdem
1871 5453 2046 5522 posui.

535 5531 628 5586 15.
659 5526 787 5595 Ipsa
809 5526 1607 5599 postremo._Codekaerizon.,
1625 5526 2046 5596 jam‘pastremo.

539 5599 628 5657 M.
653 5596 1007 5656 SuisLAbest
1034 5612 1063 5650 ει
1093 5596 1265 5664 Lugd.
1297 5597 1413 5652 But.
1446 5612 1562 5653 sec.

538 5674 629 5729 15.
660 5670 943 5728 Servitute.
992 5666 1159 5738 Lugd.
1192 5667 1307 5724 Bat.
1340 5676 1465 5724 tert.
1511 5676 1567 5723 et
1605 5664 1744 5722 Coll.
1778 5664 2050 5734 Gronov.,

462 5745 693 5799 servitia.
723 5741 847 5796 Mox
877 5749 999 5793 tunc
1027 5739 1080 5793 in
1107 5738 1224 5792 Mco
1253 5754 1355 5793 ms.
1388 5754 1496 5796 non
1521 5738 1821 5794 invenitur.

540 5817 628 5868 16.
656 5812 817 5877 Quid.
843 5809 984 5865 Coll.
1003 5809 1272 5874 Gronov.,
1298 5812 1408 5875 qui.

466 5876 483 5884 ”
539 5884 629 5940 17.
660 5876 771 5936 Sub
790 5883 1004 5950 jugum,
1037 5879 1278 5935 Floreat.
1306 5894 1443 5950 sec.,
1476 5879 1567 5934 sub
1588 5880 1741 5951 jugo.

2069 4564 2118 4624 Ι)

2212 3742 2300 3798 i8.
2332 3738 2401 3797 In
2431 3756 2640 3815 carcere
2679 3741 2971 3799 trucidatis.
3020 3742 3100 3815 IIL
3126 3741 3453 3815 quibusdam
3494 3744 3733 3803 Vetustis

2139 3810 2491 3884 legiturLIn
2535 3829 2796 3870 carcerem
2844 3815 3021 3870 trusis.
3061 3810 3229 3871 Faba.
3279 3845 3354 3858 —
3380 3816 3545 3884 Quod
3575 3817 3738 3873 voluit

2142 3898 2358 4007 guoque
2384 3883 2525 3940 Coll.
2563 3883 2831 3950 Gronov.,
2860 3901 2983 3955 qua:
3014 3886 3175 3942 habet
3206 3886 3259 3940 in
3289 3883 3549 3943 carcerem
3577 3888 3735 3944 truci-

2182 3957 2304 4007 atis.
2335 3955 2443 4007 Sed
2469 3956 2685 4007 vulaata
2714 3956 2877 4007 lectio
2907 3958 3133 4007 omnino
3160 3971 3292 4007 sana
3317 3967 3423 4007 est.

2182 3957 2304 4009 alis.
2335 3955 2443 4011 Sed
2469 3956 2685 4025 vulgata
2714 3956 2877 4011 lectio
2907 3958 3133 4011 omnino
3160 3971 3293 4013 sana
3317 3967 3423 4014 est.

2219 4026 2306 4100 ill.
2339 4025 2640 4100 gesserunt.
2660 4026 2823 4100 _Flnr.
2856 4042 2969 4096 pr.,
2999 4037 3282 4100 gesserant.

2218 4095 2308 4168 2t).
2336 4097 2628 4151 Tributum.
2658 4097 2759 4152 Ed.
2788 4095 2954 4168 Aug,
2981 4095 3225 4154 tribulam
3251 4115 3391 4155 vero.

2215 4166 2307 4240 21.
2337 4168 2706 4240 Dependimus.
2740 4166 3158 4237 Eddfquzednm
3192 4180 3325 4226 vett.
3355 4171 3641 4240 pendimus.

2215 4239 2306 4293 2‘2.
2357 4237 2557 4315 Nostra
2604 4249 2859 4315 tempora.
2917 4241 3009 4296 Sic
3056 4249 3205 4315 recte
3252 4237 3447 4315 Vulgg.
3488 4243 3733 4315 quamvis

2146 4324 2281 4366 mss.
2305 4310 2527 4384 quidam
2558 4310 2800 4384 scribant
2826 4327 2943 4377 nos,
2977 4320 3111 4379 ete.,
3145 4311 3288 4369 inter
3315 4310 3457 4384 quos
3487 4310 3728 4370 Perizon.

2147 4390 2201 4457 et
2232 4390 2342 4457 tres
2392 4380 2666 4457 Florentt.
2717 4383 2771 4438 in
2821 4398 3053 4455 quorum
3104 4385 3267 4440 tertio
3312 4380 3732 4457 superscribitur

2146 4451 2375 4517 Vulgata
2406 4454 2589 4510 lectio.
2837 4451 2853 4455 ⁷
3385 4451 3401 4457 ⁷
3574 4458 3583 4465 ‘

2216 4524 2307 4608 ἓξ.
2346 4523 2561 4608 Ultimo.
2734 4524 2874 4597 Aug.
2907 4533 2965 4583 et
2989 4539 3124 4582 mss.
3156 4526 3423 4600 plerique,
3452 4526 3579 4584 cod.
3608 4541 3735 4600 quo-

2143 4610 2249 4667 que
2271 4595 2548 4666 Longob.,
2570 4596 2768 4652 ultime.
2826 4595 2845 4597 “
3159 4595 3169 4597 ~
3314 4595 3327 4600 ν
3625 4595 3639 4600 _

2342 4668 2402 4753 Α.
2427 4667 2640 4753 ηθδὲῖίὲ·
2670 4667 2997 4753 Ρζξιξροείςίᾳ
3035 4669 3094 4725 ἰιι
3120 4668 3246 4727 cod.
3281 4669 3458 4743 Long,
3497 4685 3603 4729 ηοη
3632 4684 3727 4728 ει,

2144 4744 2274 4806 stat,
2307 4737 2403 4793 sed
2434 4738 2695 4794 scribitur
2716 4737 3031 4796 ibi'nostris.

2353 4808 2492 4874 Quid
2536 4809 2768 4882 tandem.
2818 4809 2952 4866 Cum
3003 4819 3204 4882 praeter
3247 4812 3339 4869 ed.
3390 4815 3617 4880 August.
3660 4811 3730 4867 ila

2145 4878 2452 4952 exhibeant,
2472 4888 2584 4952 tres
2617 4879 2913 4947 Florentt.,
2943 4878 3212 4952 praeterea
3238 4885 3391 4941 Meus
3414 4926 3432 4952 ,
3461 4878 3728 4949 Parium,

2148 4948 2290 5026 Ultr.
2328 4961 2392 5026 et
2436 4951 2609 5026 Lugd.
2661 4952 2811 5009 Batt.
2860 4948 3012 5026 ιρι-ἰ..
3065 4965 3195 5026 puto
3237 4948 3456 5026 quoque
3484 4957 3729 5012 Orosium

2152 4972 2290 5006 uur.
2334 4972 2392 5007 et
2436 4972 2609 5022 Lllgu.
2661 4972 2811 5009 Da“.
2860 4972 3012 5020 ιρι-ι..
3065 4972 3195 5025 puto
3278 4972 3456 5026 uoque
3484 4972 3729 5012 urostum

2149 5022 2585 5098 scripsissequid
2610 5066 2625 5092 ,
2662 5039 2772 5098 non
2793 5025 2944 5098 quis,
2979 5033 3039 5079 ut
3070 5029 3132 5098 in
3166 4972 3360 5098 Vu1gg.
3393 5036 3497 5084 est.
3530 5029 3632 5084 Pro
3653 5026 3736 5079 di-
3768 5085 3781 5096 ,

2149 5095 2363 5149 versitas
2392 5093 2538 5148 Flor.
2573 5110 2653 5162 pr.
2689 5093 2851 5153 habet
2876 5096 3182 5152 adversitas.

2149 5164 2651 5293 dminliédﬁdductus.
2703 5165 2843 5224 Ultr.
2889 5168 3152 5238 addictus,
3200 5177 3345 5226 utet
3382 5168 3531 5227 νου.
3584 5182 3730 5241 quae-

2221 5251 2273 5291 m
2300 5251 2427 5293 εαα.

2221 5307 2314 5364 27.
2356 5307 2648 5381 Dederunt.
2678 5310 2847 5381 Lugd.
2878 5311 3019 5367 Batt.
3052 5319 3187 5379 tres,
3211 5311 3451 5367 dederat.

2146 5416 2183 5454 -_
2225 5381 2324 5454 28.7
2362 5380 2566 5454 Busiris
2604 5384 2660 5436 in
2694 5380 2950 5453 Egypto.
3001 5382 3082 5454 De
3120 5382 3327 5438 crudeli
3370 5382 3729 5454 hospitalitate

2152 5451 2420 5524 Busiridis
2448 5453 2567 5524 lege
2591 5468 2714 5524 cap.
2745 5451 2820 5509 ii
2846 5454 2938 5509 lib.
2973 5469 3012 5510 ι.
3045 5453 3210 5508 Fauu.

2222 5524 2317 5579 29.
2358 5522 2737 5580 Crudelissinta
2778 5526 2919 5579 circa
2958 5526 3200 5579 advenas.
3251 5523 3446 5580 Tauris
3474 5523 3724 5595 Ponticis,

2153 5595 2229 5649 ait
2255 5596 2527 5651 Arnobius
2576 5596 2674 5651 lib.
2719 5611 2811 5653 vut
2854 5606 2910 5653 et
2938 5595 3192 5667 Egyptio
3213 5595 3449 5651 Busiridi
3474 5595 3611 5667 ritus
3632 5593 3727 5647 fuit

2157 5667 2399 5735 hospites
2446 5667 2750 5724 immolare.
2798 5668 2904 5723 Sed
2941 5666 3023 5722 de
3051 5666 3355 5722 Taurorum
3399 5666 3725 5722 immanitate

2157 5737 2295 5793 Mela
2324 5738 2448 5794 libr.
2474 5754 2534 5805 ιι,
2567 5753 2687 5809 cap.
2725 5739 2774 5794 1.
2815 5739 2892 5793 De
2928 5753 3045 5803 ara,
3069 5738 3136 5793 ad
3164 5751 3324 5807 quam
3350 5736 3513 5809 Tauri
3533 5736 3721 5809 plana

2156 5808 2393 5864 advenas
2442 5806 2815 5873 immolabant,
2863 5809 3082 5867 Ovidius
3119 5806 3381 5866 initertio
3426 5807 3496 5865 de
3532 5806 3717 5871 Ponto,

2158 5878 2436 5938 iuvenalis
2458 5889 2637 5950 satyra
2664 5882 2748 5939 15.
2782 5879 2947 5938 Fasti.
