3938 6300
182 327 272 388 995
1221 327 1695 387 IIISTORIARUM

1843 328 1942 387 TER
1989 331 2052 387 V.
2096 331 2248 390 CAP.
2291 332 2379 390 ιν.

3352 342 3458 402 926

179 443 286 498 belli
321 449 503 498 contra
525 439 832 499 Viriathum
866 443 1064 499 missus
1085 483 1101 510 ,
1130 443 1297 514 quasi
1338 458 1439 512 pro
1477 443 1743 499 abolenda
1773 451 1821 512 Α
1850 444 2042 502 infami
2073 447 2406 519 impudentia
2435 456 2596 521 atque
2625 450 2922 508 ambitione
2961 467 3119 523 usus,
3157 457 3201 490 “
3231 458 3458 528 privatis

181 537 434 606 superiore
467 539 717 606 macula,
759 541 1057 605 turpiorem
1101 539 1214 608 ipse
1254 537 1402 592 ausit
1441 539 1741 594 infamiam.

179 630 297 686 Nam
327 646 644 701 eoi-gressus
676 648 796 687 eum
836 631 1075 687 Viriatho
1095 675 1110 698 ,
1143 632 1455 699 universas,
1491 646 1626 701 quas
1655 648 1745 686 se-

179 741 285 781 cum
313 728 332 760 ⁹
359 724 667 790 deduxerat,
695 727 880 795 copias
900 765 916 790 ,
947 726 1315 795 maximasque
1341 723 1484 778 viros
1515 723 1745 779 Romani

177 816 420 873 exercitus
446 817 649 872 amisit.
685 817 959 872 Viriathus
991 816 1206 871 trabeas
1229 857 1244 882 ,
1275 816 1478 883 lasces,
1510 824 1742 870 ctetera-

175 927 265 982 que
284 912 496 994 insignia
519 910 762 966 Romana
789 913 839 966 in
870 911 1149 966 montibus
1169 909 1283 965 suis
1309 910 1352 942 "
1377 919 1574 978 tropaea
1600 925 1742 979 pra:-

175 1007 292 1060 lisit.
342 1007 538 1061 Eodem
582 1016 825 1079 tempore
874 1007 1102 1062 trecenti
1148 1007 1390 1061 Lusitani
1431 1022 1554 1062 cum
1595 1007 1746 1061 mille

174 1098 405 1152 Romanis
427 1100 478 1154 in
506 1099 738 1170 quodam
763 1101 904 1154 saltu
931 1108 1254 1154 contraxere
1281 1114 1534 1170 pugnam,
1560 1101 1612 1152 in
1636 1113 1741 1170 qua

174 1191 205 1220 “
230 1191 551 1261 septuaginta
584 1191 876 1248 Lusitanos
898 1232 914 1257 ,
955 1191 1228 1246 Romanos
1252 1202 1434 1246 autem
1465 1191 1742 1246 trecentas

169 1284 328 1354 viginti
351 1285 632 1349 cecidisse,
655 1285 915 1339 Claudius
935 1284 1123 1349 refi'rt,
1151 1295 1208 1340 et
1228 1299 1347 1338 cum
1371 1284 1607 1339 victores
1635 1283 1742 1338 Luc

167 1375 306 1430 sitani
334 1378 502 1446 sparsi
532 1392 596 1432 ac
621 1377 799 1432 securi
831 1377 1078 1441 abirent,
1122 1391 1263 1432 unus
1293 1393 1361 1434 ex
1393 1376 1489 1441 iis,
1525 1377 1680 1446 longe
1709 1391 1738 1430 a

164 1468 353 1523 caeteris
384 1479 740 1540 segregatus,
767 1470 810 1502 ¹³
849 1485 972 1525 cum
992 1515 1006 1538 ,
1035 1469 1380 1526 circumfusis
1419 1469 1694 1541 equitibus
1721 1515 1736 1540 ,

164 1561 309 1629 pedes
340 1563 449 1633 ipse
493 1563 909 1633 deprehensus,
945 1566 1103 1619 unius
1141 1580 1329 1620 eorum
1371 1579 1513 1634 equo
1555 1565 1740 1619 lancea

163 1654 414 1723 perfosso,
446 1655 621 1724 ipsius
647 1657 846 1727 equitis
885 1657 950 1710 ad
990 1671 1154 1711 unum
1189 1658 1350 1728 gladii
1390 1657 1554 1712 ictum
1581 1666 1743 1728 caput

160 1747 500 1817 desecuisset,
537 1752 611 1802 ita
654 1763 846 1803 ouines
881 1758 1029 1803 metu
1058 1749 1324 1818 perculit,
1357 1759 1446 1813 ut,
1477 1763 1738 1818 prospec-

1849 541 2152 609 sumptibus
2185 543 2558 613 triumphavit.
2588 544 2649 599 L.
2679 544 2900 599 Czrcilio
2930 546 3166 614 Metello,
3191 552 3256 616 Ο.
3286 552 3455 608 Fabio

1849 633 2089 688 Maximo
2117 633 2420 691 Serviliano
2447 638 2788 701 consulibus,
2821 638 2963 693 inter
2989 649 3187 694 caetera
3215 643 3458 712 prodigia

1851 727 1891 758 ¹⁷
1923 726 2272 798 androgynus
2303 729 2492 783 Romae
2518 735 2688 795 visus,
2712 730 2862 800 jussu
2887 731 3201 801 aruspicum
3226 733 3278 788 in
3307 751 3457 792 mare

1848 833 2060 874 mersus
2090 829 2172 874 est
2199 837 2212 874 :
2243 821 2339 876 sed
2371 821 2502 876 nihil
2532 821 2713 892 impius
2755 823 3084 892 expiationis
3131 828 3446 891 procuratio

1845 913 2094 983 proiecit.
2126 914 2259 969 Nam
2292 925 2440 970 tanta
2471 915 2654 970 subito
2683 917 2995 984 pestilentia
3027 930 3213 973 exorta
3246 928 3354 985 est,
3389 928 3449 976 ut

1846 1006 2080 1060 ministri
2105 1021 2320 1076 quoque
2349 1006 2720 1062 laciendorutn
2762 1007 3012 1063 funerum
3062 1009 3294 1078 primum
3345 1025 3454 1068 non

1843 1100 2178 1165 suilli-orent,
2201 1101 2400 1158 deinde
2423 1117 2529 1156 non
2556 1110 2761 1158 essent.
2787 1103 2830 1135 ’⁸
2850 1102 3033 1174 Itaque
3055 1103 3218 1158 etiam
3243 1118 3453 1175 magna:

1843 1193 2037 1247 domus
2086 1208 2273 1247 vacuae
2319 1194 2490 1259 vivis,
2541 1195 2720 1264 plenae
2770 1195 2999 1249 mortuis
3049 1205 3452 1253 remanserunt.

1844 1285 2189 1357 Largissimte
2219 1286 2515 1342 introrsum
2543 1287 2909 1354 htereditates,
2945 1295 2999 1341 et
3049 1285 3186 1343 nulli
3230 1289 3448 1359 penitus

1845 1377 2114 1434 haeredes.
2149 1379 2393 1448 Denique
2416 1379 2527 1449 jam
2575 1395 2682 1435 non
2715 1381 2890 1434 solum
2921 1381 2976 1436 in
3007 1379 3154 1438 Urbe
3185 1382 3402 1438 vivendi
3433 1424 3449 1452 ,

1843 1472 1937 1528 sed
1961 1473 2123 1528 etiam
2145 1473 2614 1544 appropinquandi
2639 1474 2704 1528 ad
2732 1473 2934 1530 Urbem
2963 1475 3262 1544 negabatur
3287 1476 3454 1532 lacul-

1846 1577 1946 1631 tas,
1984 1577 2091 1620 tam
2138 1567 2266 1621 εει)τὶ
2302 1583 2396 1635 per
2440 1577 2610 1621 totam
2660 1569 2846 1623 urbem
2895 1569 3289 1624 tabescentium
3339 1569 3444 1624 sub

1845 1661 2021 1726 tectis,
2071 1669 2235 1729 atque
2283 1658 2334 1713 in
2379 1660 2568 1714 stratis
2612 1658 2729 1714 suis
2775 1660 3102 1715 cadaverum
3151 1669 3373 1730 putores
3407 1663 3448 1696 ι’

1844 1750 2256 1805 exbalabantur.
2293 1751 2549 1818 Espiatio
2577 1751 2666 1805 illa
2697 1751 2962 1819 crudelis,
2995 1761 3051 1808 et
3077 1753 3218 1808 viam
3253 1753 3444 1809 morti-

158 1839 367 1895 tmtibus
387 1841 622 1907 cunctis,
652 1841 771 1912 ipse
791 1842 1148 1911 contemptim
1181 1852 1345 1912 atque
1374 1843 1585 1896 otiosus
1617 1841 1745 1895 abs-
1777 1851 1822 1912 Β
1851 1842 1951 1896 bus
1977 1843 2255 1897 hominum
2303 1853 2475 1898 morte
2521 1843 2752 1898 hominis
2798 1846 2843 1876 ”
2885 1845 3182 1914 instruens,
3232 1848 3447 1904 tandem

156 1931 369 1985 cederet.

214 2025 358 2096 293
377 2026 419 2057 ¹³
436 2028 577 2095 App.
591 2023 841 2093 Claudio,
855 2026 921 2094 ρ.
941 2024 1157 2081 Οπίιίο
1174 2026 1390 2083 Metello
1405 2027 1736 2097 consulibus,

152 2116 331 2185 Appius
350 2117 609 2174 Claudius
630 2118 892 2175 adversus
914 2119 1163 2176 Salassos
1177 2119 1364 2175 Gallos
1385 2135 1732 2190 congressus,

151 2220 196 2264 et
217 2211 394 2280 victus,
423 2214 467 2245 "
491 2213 730 2284 quinque
755 2214 921 2268 millia
942 2213 1170 2268 militum
1195 2213 1442 2282 perdidit.
1472 2213 1735 2284 Reparata

152 2316 336 2373 pugna,
383 2307 629 2378 quinque
680 2306 850 2361 millia
903 2305 1143 2363 hostium
1188 2306 1410 2362 occidit.
1453 2307 1561 2363 Sed
1610 2323 1733 2362 cum

146 2395 276 2463 juxta
324 2399 525 2470 legem,
579 2415 683 2470 qua
730 2401 1091 2457 constitutum
1137 2411 1279 2471 erat,
1324 2403 1457 2457 ut"
1487 2403 1737 2473 quisquis

151 2492 364 2562 Quinque
393 2495 563 2550 millia
590 2495 825 2550 hostium
857 2498 1198 2564 peremisset,
1235 2497 1605 2566 triumphandi
1639 2499 1733 2552 ha-

149 2581 283 2641 beret
303 2598 649 2658 potestatem,
679 2589 784 2646 isxe
812 2605 1031 2662 quoque
1054 2592 1384 2662 triumphum
1415 2592 1732 2662 expetisset,

152 2691 348 2749 propter
403 2681 698 2753 superiora
735 2699 864 2739 vero
903 2682 1097 2739 damna
1139 2700 1246 2739 non
1288 2685 1728 2756 impetravisset,

1853 1935 2110 1990 Romanis
2140 1937 2283 1992 inter
2311 1935 2558 1992 miserias
2598 1952 2724 1993 suas
2767 1939 3239 2008 erubescentibus,
3283 1956 3444 2011 quam

1849 2029 2050 2083 misera
2082 2027 2245 2100 29‘.
2270 2037 2326 2082 et
2351 2044 2484 2083 vana
2515 2039 2684 2096 esset,
2733 2031 2988 2086 innotuit.
3023 2033 3163 2088 Ante
3206 2034 3351 2089 enim
3391 2035 3446 2090 in

1843 2121 2158 2190 sulfragiuin
2195 2121 2589 2190 praevenienda:
2617 2122 2792 2176 eladis
2813 2132 2897 2177 est
2927 2122 3129 2190 habita,
3162 2134 3218 2181 et
3246 2126 3324 2181 sic
3353 2143 3449 2196 pc-

1842 2215 2082 2270 stilentia
2110 2214 2152 2246 “
2179 2225 2468 2269 consecuta
2491 2224 2606 2269 est:
2640 2230 2761 2286 qua:
2788 2222 2969 2270 tamen
2992 2216 3111 2271 sine
3129 2217 3254 2271 ullis
3273 2219 3448 2273 sacri-

1840 2308 2085 2364 ﬁciorum
2150 2291 2647 2375 satisfactionibus,
2709 2311 3082 2364 tantummodo
3135 2313 3436 2368 secundum

1840 2416 2148 2457 mensuram
2170 2400 2350 2456 arcani
2374 2400 2566 2470 judieii
2601 2401 2817 2471 espleta
2845 2403 3218 2472 correptione,
3253 2403 3351 2459 sed
3371 2412 3440 2460 ita

1836 2503 1941 2551 est.
1971 2495 2140 2563 Quam
2168 2497 2212 2551 si
2241 2497 2286 2529 ³³
2312 2496 2548 2551 artiﬁces
2575 2497 2651 2550 illi
2681 2497 3207 2552 circnmventionum
3230 2501 3444 2570 aruspi-

1835 2604 1948 2658 ces,
1965 2589 2069 2644 sub
2091 2589 2202 2658 ipsa
2235 2588 2315 2659 (ut
2342 2589 2976 2660 assolent)declinatione
2999 2590 3310 2646 morborum
3333 2592 3439 2647 lor-

1837 2692 1891 2739 te
1907 2683 2296 2751 celebrassent,
2322 2683 2694 2755 proculdubio
2711 2685 2757 2717 ”
2773 2684 2898 2751 sibi,
2913 2683 3016 2740 diis
3039 2693 3094 2741 et
3116 2684 3308 2742 ritibus
3330 2687 3445 2742 suis

1430 2815 1885 2874 llAVLRGAMPl
1927 2815 2151 2872 NOTAE.

211 2933 258 2990 9.
296 2931 617 3004 Deduxerat.
676 2931 926 2988 Perizon.
955 2973 971 2996 ,
1029 2936 1299 3000 duxerat;
1349 2932 1518 3004 Lugd.
1590 2934 1729 2989 Batt.

151 3011 245 3088 tres
264 3019 379 3088 cum
406 3004 553 3059 Coll.
578 3002 817 3060 Gronov.
844 3005 999 3060 cled.
1026 3009 1185 3078 Aug,
1210 3002 1542 3073 adduxerat;
1565 3005 1732 3076 Ultr.,

149 3077 578 3218 dcztdfui‘wpwa.
608 3144 776 3219 Lugd.
810 3146 928 3202 Bat.
963 3163 1070 3217 pr.,
1101 3148 1241 3202 velut
1260 3157 1478 3219 tropaea.

157 3297 171 3341 ι
210 3219 289 3272 11.
330 3217 685 3292 Septuaginta
701 3217 996 3274 Lusitanos.
1026 3219 1127 3276 Ed.
1160 3217 1412 3291 AugusL,
1443 3236 1508 3274 sit
1529 3259 1548 3287 ,
1579 3217 1737 3275 Lusiv

176 3305 306 3343 auos.

1838 2934 2021 3006 Itaque
2049 2951 2249 3007 magna:
2272 2935 2478 3007 domus,
2511 2944 2623 2992 etc.
2657 2934 2766 2992 Sed
2795 2936 3024 3006 August.
3053 2935 3279 3007 reliquis
3307 2953 3444 3006 pra»

1839 3007 2090 3074 ferenda,
2122 3006 2274 3078 legit,
2301 3006 2386 3061 Ita
2409 3016 2464 3061 ut
2489 3007 2643 3061 etiam
2665 3023 2864 3078 magna:
2885 3009 3090 3078 domus,
3115 3006 3248 3076 διὸ..
3276 3026 3443 3064 rema-

1849 3089 2449 3209 m'ieilnf'lixliatabantur.
2473 3148 2607 3206 Cod.
2633 3149 2908 3217 Perizon.,
2933 3165 3057 3208 cum
3077 3150 3168 3208 ed.
3187 3150 3444 3223 August.,

1849 3221 2177 3273 exitu/altam.

1845 3222 2177 3279 exlio/about.
3283 3222 3292 3223 ί

1915 3292 2007 3348 :20.
2041 3290 2330 3347 Iusti-nens.
2366 3290 2628 3362 Elorentt.
2656 3307 2740 3362 pr.
2769 3301 2824 3349 et
2849 3293 3101 3360 secund.,
3140 3303 3201 3350 ut
3237 3304 3293 3350 et
3334 3302 3448 3351 tres

209 3361 288 3414 12.
329 3359 500 3425 Cum,
533 3361 892 3428 circumfusis,
922 3370 1025 3416 etc.
1071 3360 1238 3430 Lugd.
1277 3360 1388 3432 nat.
1429 3371 1568 3425 tres,
1616 3377 1735 3415 cum
1766 3355 1810 3417 C
1846 3363 2010 3432 Lugd,
2051 3365 2168 3418 Bat.
2204 3379 2323 3418 cum
2352 3360 2492 3422 Coll.
2531 3355 2797 3424 Gronov”
2827 3374 3052 3420 struens.

148 3447 181 3502 ᾳ
201 3433 525 3500 circumfusis
572 3432 822 3502 equitibus
867 3443 996 3486 esset
1047 3435 1156 3501 ipse
1209 3431 1572 3502 deprehensus.
1625 3434 1730 3488 Sed

148 3501 282 3573 Meus
307 3513 356 3557 et
381 3501 635 3557 Perizou.
669 3502 986 3572 quibuscum
1021 3505 1223 3556 faciunt
1253 3504 1376 3557 edd.
1413 3503 1640 3573 August.
1678 3514 1733 3558 ct

149 3571 370 3643 Venetae,
404 3591 544 3634 cum,
581 3571 908 3643 circumfusis
939 3575 1212 3642 equitibus,
1241 3576 1392 3641 peilcs
1419 3571 1528 3642 ipse
1554 3578 1732 3642 deprc-

146 3641 335 3714 hensus,
381 3646 537 3700 unius
585 3641 788 3706 eorum,
827 3641 1143 3709 etc.;rqnod
1191 3645 1322 3699 mihi
1375 3641 1484 3712 prie
1517 3649 1731 3714 volgata

145 3713 359 3771 lectione
391 3715 623 3785 placuit.
667 3715 874 3768 Editutn
909 3731 938 3770 a
985 3715 1231 3770 Fabricio
1261 3715 1391 3780 luit,
1427 3733 1543 3768 cum
1573 3736 1601 3769 (ι
1623 3713 1733 3770 cir-

143 3789 376 3858 cumfusis
425 3787 686 3854 equitibus
733 3786 980 3858 pedestris
1031 3789 1138 3858 ipse
1184 3786 1566 3856 deprehensus,
1621 3796 1728 3842 etc.

144 3855 406 3914 Editiones
436 3875 573 3911 vero
611 3874 729 3926 qua:
762 3857 906 3912 illum
948 3855 1378 3928 prsecesserunt,
1412 3869 1469 3912 ut
1498 3868 1554 3913 et
1596 3874 1728 3914 mss.

143 3941 316 3985 Omnes
339 3929 620 4000 pedestris,
651 3945 744 3990 pro
767 3928 942 4000 pedes,
977 3930 1249 4000 rejiciunt.

207 4003 285 4056 15.
329 3995 463 4072 App.
509 3995 777 4062 Claudio,
810 3998 872 4063 Q.
917 3995 1121 4055 Caecilio
1161 3999 1374 4072 Metello
1415 4015 1546 4054 coss.
1590 3998 1730 4068 App.

141 4069 382 4126 Claudius
412 4072 650 4127 Pulcher
680 4083 732 4125 et
771 4072 834 4139 Q.
885 4072 1132 4128 Metellus
1180 4071 1559 4126 Macedonicus
1596 4086 1731 4125 con-

139 4144 273 4198 sules
302 4143 522 4199 fucrttitt
555 4159 696 4195 anno
725 4159 849 4200 nos.
884 4143 1114 4208 Appium
1149 4146 1202 4198 in
1238 4143 1381 4196 bello
1407 4153 1595 4195 contra
1634 4141 1734 4195 Sa-

141 4211 320 4286 lassos,
363 4217 612 4286 quinque
651 4215 821 4270 millia
863 4216 1092 4272 militum
1129 4215 1399 4271 amisisse.
1433 4223 1515 4265 est
1548 4215 1600 4266 in
1630 4228 1732 4267 no-

137 4284 252 4340 stris
283 4284 554 4341 vetustis:
590 4297 644 4338 ut
677 4301 772 4354 par
803 4302 1061 4343 numerus
1099 4287 1164 4339 sit
1208 4285 1532 4339 amissorum
1573 4297 1734 4354 atque

137 4370 410 4428 (iussorum.
457 4355 618 4414 Unde
653 4359 773 4425 jure
813 4358 1115 4428 triumphus
1147 4357 1323 4426 Appio
1357 4365 1581 4426 negatus
1609 4356 1729 4414 luit.

139 4425 369 4482 Valerius
402 4429 548 4484 libro
580 4443 639 4491 tt,
665 4443 784 4498 cap.
815 4433 868 4488 5.
905 4425 1070 4486 ΒἊίιιι.

200 4499 284 4555 11.
315 4500 563 4568 Quinque
601 4499 784 4554 millia.
829 4503 883 4557 lu
927 4515 1058 4556 mss.
1100 4499 1217 4553 suis
1257 4498 1402 4553 hunc
1448 4512 1732 4553 numerum

133 4566 327 4625 invenit
357 4566 664 4637 Fabricius,
696 4587 855 4639 quem
887 4575 940 4628 in
969 4570 1210 4639 margine
1235 4569 1479 4640 posuisse
1501 4577 1731 4624 conten-

135 4647 231 4705 tus,
272 4643 492 4712 reliquit
534 4642 730 4705 decem.
774 4654 832 4699 ut
859 4654 976 4700 erat
1007 4644 1060 4698 in
1097 4643 1250 4712 Vulg.
1283 4649 1645 4710 prasterquant
1680 4644 1730 4694 itt

1907 3436 1999 3489 2i.
2031 3434 2316 3490 Consecuta
2346 3446 2440 3490 est.
2483 3435 2573 3491 Sic
2613 3445 2722 3490 tres
2764 3435 3029 3493 Floreutt.
3069 3445 3124 3491 et
3164 3437 3250 3490 ed.
3292 3436 3432 3505 Aug.

1838 3517 1886 3560 et
1933 3509 2000 3558 il'l
2056 3507 2200 3576 loqui
2242 3522 2390 3576 saepe
2431 3516 2576 3561 amat
2613 3507 2841 3562 Orosius
2885 3523 2980 3571 pro
3017 3508 3287 3562 subsecuta
3328 3519 3444 3572 cst,

1835 3579 1978 3646 quod
2014 3575 2101 3631 hic
2131 3575 2332 3631 habent
2360 3579 2604 3646 qnaulam
2636 3579 2762 3631 edd.
2805 3578 2944 3632 Vett.
2987 3587 3042 3632 et
3083 3578 3250 3648 Lugd.
3303 3579 3442 3634 ΒΜ.

1834 3663 1948 3704 sec.
1981 3649 2129 3702 Meus
2157 3649 2347 3704 scribit
2372 3661 2549 3702 secuta
2577 3660 2674 3710 cst,
2708 3659 2763 3702 at
2792 3649 2962 3716 Lugd.
3000 3649 3116 3708 Bal.
3149 3667 3235 3718 pr.
3263 3661 3443 3706 exorta

1837 3729 1934 3779 est,
1969 3720 2064 3775 sed
2094 3721 2515 3785 superscribitur
2541 3729 2814 3774 consecuta
2843 3729 2938 3774 est.

1906 3792 1994 3843 “3:2.
2041 3791 2274 3857 Artifices
2316 3791 2392 3841 illi
2437 3791 2924 3844 circnmrentionum
2967 3791 3251 3858 aruspices.
3281 3792 3445 3847 Colu-

1839 3861 1998 3915 mella
2031 3877 2069 3924 t,
2119 3865 2222 3914 ἠε
2260 3861 2534 3929 Aruspices
2577 3877 2706 3913 vana
2744 3861 3102 3929 superstitione
3134 3861 3287 3914 rudes
3326 3864 3441 3915 ani-

1837 3946 1945 3983 mos
1993 3931 2062 3982 ad
2098 3931 2352 4001 impensas
2391 3931 2724 4000 compellunt.
2767 3929 2924 3985 Unde
2973 3930 3131 3999 digna
3177 3933 3440 4001 Annibale

1837 4015 1940 4054 Vox
1979 4001 2045 4054 ad
2088 4000 2331 4054 Prusiam
2375 4017 2553 4068 regem
2583 4043 2597 4061 ,
2649 4003 2735 4054 cui
2788 4010 2910 4054 exta
2963 4015 3065 4054 non
3118 4000 3440 4058 videbantur

1839 4087 2156 4140 prosiierani
2190 4086 2256 4124 eo
2287 4074 2372 4124 die
2406 4087 2631 4139 pugnam
2667 4071 2962 4138 praedicere
2991 4087 3004 4124 :
3034 4070 3112 4124 An
3142 4081 3218 4134 tu,
3253 4073 3442 4138 inquit,

1837 4142 2133 4197 caruncula:
2155 4143 2383 4195 vitulina
2411 4141 2588 4201 inanis.
2618 4158 2774 4211 quam
2803 4143 3099 4212 imperatori
3126 4144 3301 4205 ueteri,
3335 4160 3445 4199 crc-

1837 4214 1998 4267 derc?
2029 4215 2218 4268 Cicero
2246 4214 2314 4267 de
2364 4212 2594 4284 Divinat.
2651 4227 2706 4272 Il,
2758 4228 2876 4283 cap.
2925 4212 3035 4284 εις
3085 4213 3442 4284 Aucupatores

1839 4295 2107 4340 eventuum
2136 4295 2182 4337 et
2206 4293 2480 4337 structores
2520 4282 2851 4353 fallaciarum
2894 4283 3113 4340 eosdem
3155 4282 3292 4340 intra
3339 4287 3443 4342 hoc

1839 4371 1957 4424 cap.
1988 4366 2150 4411 vocat
2173 4356 2418 4410 Orosius.

1909 4428 1999 4483 23.
2034 4427 2292 4483 Subsidiis
2324 4425 2605 4481 etritibus.
2661 4425 2862 4492 Scripti
2909 4434 2965 4481 et
3011 4425 3196 4481 excusi
3247 4442 3440 4484 omnes

1840 4497 2043 4553 habent
2069 4516 2081 4552 :
2111 4499 2208 4552 sibi
2237 4499 2337 4552 diis
2362 4508 2412 4552 et
2442 4497 2646 4552 ritibus.
2673 4497 2782 4554 Sed
2815 4513 2902 4552 me
2935 4513 3039 4552 non
3075 4497 3224 4564 prius
3271 4506 3445 4554 teme-

1840 4570 2016 4626 ritatis
2053 4581 2301 4638 arguant,
2343 4585 2506 4638 quam
2556 4570 2791 4625 viderint
2838 4570 3109 4640 quomodo
3161 4566 3237 4622 illi
3286 4569 3438 4626 suam

1841 4651 2093 4696 tueantur
2120 4641 2464 4696 sententiam.
2491 4641 2665 4696 Laur.
2694 4671 2766 4682 —
2797 4642 2851 4695 Id
2879 4657 3002 4696 cum
3031 4640 3253 4694 Lautius
3292 4654 3444 4696 asse-

131 4713 257 4790 liug.
286 4715 503 4796 inqua,
534 4721 597 4768 ut
619 4716 952 4804 etundec'im
981 4729 1206 4804 numer?
1230 4727 1363 4793 mss.
1389 4726 1512 4794 cum
1543 4726 1730 4767 verum
1766 4743 1814 4804 υ
1841 4721 1924 4767 rat
1947 4713 2015 4767 de
2045 4713 2324 4782 [inpressis
2349 4719 2405 4766 et
2436 4727 2590 4804 mssa
2617 4712 3083 4804 ost‘eqditjnquant
3133 4724 3336 4804 paucps
3382 4712 3436 4767 in

130 4782 424 4841 invenerim
459 4799 774 4850 numerum,
809 4787 1004 4841 falsum
1032 4785 1283 4840 exsulare
1305 4782 1467 4851 jussi.

198 4855 281 4913 15.
318 4855 572 4926 Quisquis
595 4858 816 4925 quinque
845 4857 1028 4913 millia.
1053 4857 1149 4910 llic
1171 4852 1512 4926 deﬁnitusgad
1543 4853 1735 4926 trium-

1842 4796 2068 4854 tttroque
2122 4799 2321 4854 genere
2353 4784 2638 4838 evolverit.
2674 4783 2933 4854 Subsidiis
2959 4782 3102 4854 enim
3150 4783 3293 4852 quod
3323 4784 3442 4853 ipse

1835 4853 2401 4925 vult,’pr:e.ticcupavit
2427 4867 2552 4909 ante
2576 4854 2726 4908 illttm
2757 4854 2893 4925 edit.
2918 4853 3293 4925 Bolsuing..et
3312 4865 3438 4910 ante

130 4924 212 4989 phi
243 4923 573 4995 petitionem
607 4923 739 4982 erat
764 4944 1042 4984 numerus.
1077 4927 1215 4983 Vide
1242 4924 1474 4981 Casaub.
1507 4924 1575 4980 ad
1603 4923 1739 4982 Sue-
1835 4923 2114 4996 Bolsuing.
2158 4926 2300 4980 illam
2341 4925 2626 4996 lectionem
2664 4924 2788 4980 edd.
2832 4924 3085 4996 Parisina
3124 4935 3192 4996 ct_
3219 4924 3441 4980 Veneta:

129 5005 234 5054 wn.
267 4999 478 5055 Juliunt
511 5011 635 5066 cap.
663 4999 753 5054 76.
783 5001 949 5056 Fuit.

195 5071 279 5126 16.
311 5069 548 5124 Privatts
577 5073 868 5136 sumptibus
895 5069 1248 5138 triumphauit.
1285 5066 1497 5136 Alioqui
1537 5067 1734 5138 trium-

1833 4994 2216 5053 exhibaerunt.
2244 4996 2370 5052 Sola
2404 4995 2642 5066 Hittorp.
2673 4996 2870 5050 habent
2897 4994 3124 5049 insidiis.
3153 4994 3290 5064 Ego,
3313 5009 3436 5050 cum

1833 5069 2049 5139 vulgata
2080 5066 2241 5124 lectio
2269 5066 2432 5121 codd.
2459 5081 2590 5139 mss.
2619 5067 2790 5139 iisque
2811 5067 3036 5139 optimis
3054 5067 3434 5139 conﬁrmetur,

126 5142 418 5205 pliautihus
458 5135 711 5208 sumptus
739 5157 807 5196 ex
836 5143 1032 5197 :erario
1055 5135 1402 5210 erogabatur,
1429 5135 1503 5193 ’ut
1533 5137 1735 5194 indicat
1833 5135 2163 5210 sensumque
2203 5145 2462 5210 prieterea
2505 5135 2716 5192 bonum
2741 5137 2951 5210 fundat,
2991 5137 3060 5191 ab
3117 5135 3208 5190 illa
3257 5136 3438 5193 disce-

125 5210 299 5268 Livius
343 5213 492 5268 libro
539 5211 820 5279 trigesimo
861 5214 1060 5275 tertio,
1099 5208 1240 5281 quod
1283 5208 1727 5264 adolescentibus

124 5299 299 5339 rerum
325 5285 702 5338 Romanarum
726 5283 986 5339 studiosis
1007 5281 1404 5338 observandum
1427 5289 1531 5334 est.
1557 5281 1721 5338 FABR.

193 5357 278 5410 17.
349 5355 708 5424 Andragynus
758 5354 937 5410 Roma:
984 5357 1140 5410 uisus.
1213 5353 1310 5408 Hic
1368 5349 1728 5424 Androgyuus

120 5424 300 5495 Laure,
335 5443 449 5481 non
485 5422 667 5479 nam
697 5439 851 5480 natus
883 5427 998 5481 fuit.
1034 5426 1192 5479 Luna:
1219 5439 1431 5492 quoque
1476 5422 1558 5495 his
1598 5439 1724 5478 cou-

120 5493 323 5554 Solibus
352 5507 564 5552 tantam
593 5497 866 5564 pestilenti
888 5517 955 5552 im
987 5497 1173 5562 fuisse,
1206 5505 1281 5558 tit,
1323 5493 1632 5564 jacentibus
1674 5496 1724 5548 in

119 5571 331 5634 publico
374 5565 582 5638 passim
627 5568 1002 5633 cadaveribus,
1043 5567 1136 5638 qui
1171 5571 1500 5638 funerat-ent,
1532 5565 1725 5622 defue-

118 5641 244 5706 rint,
290 5635 490 5711 scribit
529 5635 699 5711 Julius
743 5635 1080 5711 Obsequens.
1117 5639 1277 5694 Fssn.
1305 5667 1373 5677 —
1402 5637 1457 5692 lu
1487 5638 1647 5692 tertio
1671 5649 1725 5694 et

119 5723 304 5780 quarto
333 5708 515 5778 Lugd.
555 5707 694 5766 Batt.
725 5727 831 5765 non
861 5707 1039 5767 essunt
1063 5711 1220 5765 visus.

188 5785 278 5840 18.
317 5781 513 5852 Itaque
551 5783 724 5840 etiam.
764 5783 1034 5838 Florentt.
1079 5793 1190 5837 tres
1227 5798 1349 5837 cum
1391 5780 1562 5850 Lugd.
1606 5782 1724 5836 Bat.

117 5870 253 5925 scc.,
278 5858 511 5929 jamque
542 5852 711 5910 etiam.
744 5854 1020 5924 Perizon.,
1053 5865 1172 5910 tunc
1192 5856 1366 5913 etiam.
1401 5852 1543 5911 Vett.
1572 5852 1720 5920 edd,,

1834 5209 2068 5266 dendum
2100 5225 2205 5263 non
2237 5217 2385 5277 puto.
2417 5208 2570 5272 Mss.,
2594 5224 2728 5276 quos
2758 5209 3008 5264 undecim
3042 5220 3269 5262 numero
3299 5222 3433 5263 cou~

1829 5281 1994 5347 sului,
2021 5295 2210 5336 omnes
2235 5280 2315 5333 vel
2340 5279 2432 5332 sub
2458 5280 2556 5332 diis
2583 5288 2628 5332 et
2654 5279 2833 5332 ritibus
2852 5281 2984 5341 suis,
3011 5289 3066 5332 ιιι
3090 5278 3265 5348 Lugd.
3292 5281 3435 5334 Batt.

1833 5368 1913 5421 pr.
1945 5362 2000 5406 et
2031 5352 2189 5406 tertia
2237 5365 2360 5406 cum
2399 5348 2538 5406 Coll.
2579 5349 2816 5405 Gronov.
2849 5351 3129 5417 exhibent,
3176 5351 3258 5406 vel
3301 5349 3438 5414 sibi,

1830 5424 1909 5477 dis
1939 5426 2072 5491 (uttt
2100 5422 2198 5477 sibi
2225 5430 2273 5476 et
2304 5421 2438 5493 diis)
2469 5432 2516 5474 et
2545 5421 2729 5474 ritibus
2754 5422 2882 5493 suis,
2917 5431 2976 5476 ut
3007 5422 3274 5476 Florentt.
3319 5434 3434 5477 tres

1830 5503 1884 5548 et
1911 5495 2102 5564 reliqui
2133 5508 2342 5547 omnes.
2376 5491 2458 5548 An
2482 5491 2854 5564 verordelendi
2884 5493 2973 5546 illa
3001 5493 3438 5564 Orosiisenten-

1832 5566 1900 5621 tia
1935 5562 2123 5635 nequit
2149 5565 2172 5617 ?
2205 5568 2284 5619 An
2318 5578 2426 5635 non
2451 5573 2505 5616 et
2529 5563 2626 5617 sibi
2655 5564 2727 5618 illi
2753 5564 3065 5632 Aruspices,
3096 5574 3146 5635 et
3170 5562 3272 5635 diis
3302 5564 3433 5629 suis,

1830 5649 1885 5693 et
1913 5632 2098 5690 ritibus
2131 5638 2234 5691 illis
2267 5634 2616 5691 remissiones
2642 5637 2953 5690 morborum
2985 5642 3039 5688 et
3060 5632 3289 5705 gloriam
3320 5649 3436 5688 me-

1833 5710 1970 5765 delze
1999 5707 2417 5774 ascripsissent?
2464 5706 2570 5762 Pro
2620 5709 2849 5763 reducta:
2899 5707 3069 5776 Lugd.
3127 5705 3268 5762 Batt.
3319 5717 3431 5763 tres

1832 5796 1955 5838 cum
1986 5780 2121 5838 Coll.
2149 5780 2319 5838 Gron.
2351 5779 2618 5856 productis
2649 5788 2850 5843 amant.
