3938 6294
452 340 564 400 927

1862 319 2076 379 PAULI
2113 317 2342 378 OROS:I

3638 316 3754 374 £28

445 453 692 512 reducta:
716 445 960 506 sanitatis
1004 440 1232 514 gloriam
1281 438 1669 496 vindicassent.
1716 434 1794 491 Ita
1847 435 2047 490 misera
2075 443 2128 504 Α
2153 439 2333 502 capto,
2363 435 2406 466 “
2431 429 2696 487 Diodotus
2717 427 2934 502 quidam
2959 444 3082 486 cum
3123 427 3436 486 Alexandro
3484 426 3616 495 ﬁlio,
3663 443 3764 484 rc-

453 549 499 582 ”
523 558 580 604 et
605 546 671 602 ad
701 540 983 611 sacrilegia
1016 537 1156 594 male
1182 535 1433 606 religiosa
1463 533 1677 599 civitas,
1724 529 2047 596 mendaciis,

452 639 646 709 quibus
679 633 895 690 liberari
937 646 1045 686 non
1090 636 1330 700 poterat,
1359 627 1669 682 ludebatur.
1694 624 1739 656 ’⁵
1759 623 1926 694 Igitur
1954 621 2056 677 Fa-

453 733 575 788 bius
601 728 791 785 consul
820 733 1007 782 contra
1036 723 1325 779 Lusitanos
1349 729 1404 776 ct
1428 719 1733 775 Viriathum
1764 717 2054 784 dimicans,

453 826 499 856 ²⁶
529 822 777 879 Bacciam
809 817 1088 890 oppidum,
1118 815 1263 888 qttod
1305 814 1582 870 Viriathus
1620 811 1925 878 obsidebat,
1956 811 2054 866 de-

455 916 630 988 pulsis
656 914 925 976 hostibus,
957 910 1229 974 liberavit,
1257 917 1314 964 et
1344 908 1397 963 in
1423 906 1757 962 deditionem
1787 920 1908 960 cum
1943 904 2060 974 plu-

455 1009 610 1066 rimis
640 1006 764 1062 aliis
791 1003 1030 1060 castellis
1061 1003 1287 1071 recepit.
1321 1000 1472 1056 Fecit
1503 998 1714 1054 facinus
1741 997 1904 1054 etiam
1931 997 2058 1052 ulti-

459 1101 560 1156 mis
592 1099 839 1155 barbaris
865 1097 1123 1170 Scythiae,
1165 1110 1273 1151 non
1303 1093 1480 1150 dicam
1530 1094 1789 1148 Romana:
1835 1093 1957 1147 ﬁdei
2005 1100 2061 1147 et

460 1191 841 1258 moderationi,
868 1188 1224 1246 exsecrabile.
1255 1187 1297 1218 ³⁷
1326 1186 1648 1256 Quingentis
1677 1185 1824 1241 enim
1861 1185 2064 1254 princi-

461 1285 620 1356 pibus
634 1298 844 1350 eorum,
863 1297 997 1352 quos
1016 1281 1274 1338 societate
1295 1281 1570 1345 invitatos,
1594 1278 1755 1350 295
1776 1277 2062 1333 deditionis

461 1379 582 1450 jure
601 1384 936 1448 susceperat,
962 1389 1154 1430 manus
1168 1373 1430 1443 praecidit.
1451 1375 1496 1405 ’⁸
1511 1372 1821 1441 Pompeius,
1837 1387 2065 1442 sequen-

467 1471 534 1526 tis
548 1467 898 1529 annieonsul,
917 1465 1502 1520 ﬁnesNumantinorum
1527 1463 1824 1534 ingressus,
1847 1473 2067 1533 accepta

465 1562 696 1617 maxima
742 1559 900 1616 clade
945 1558 1215 1624 discessit,
1270 1573 1376 1612 non
1426 1559 1601 1612 solum
1649 1558 1890 1613 exercitu
1932 1571 2068 1626 pene

465 1653 612 1709 omni
663 1651 978 1722 proﬂigato,
1025 1665 1214 1705 verum
1269 1649 1430 1705 etiam
1485 1649 1735 1719 plurimis
1781 1648 2066 1716 nobilium,

466 1751 511 1782 ’ν
535 1746 632 1819 qui
661 1747 713 1803 ci
737 1745 946 1802 militia:
975 1744 1217 1810 aderant,
1252 1743 1611 1812 interemptis.
1659 1742 1932 1797 Viriathus
1968 1758 2067 1797 au-

2156 540 2322 596 gnum
2351 525 2473 595 ejus
2504 534 2560 580 et
2585 525 2793 594 regium
2823 539 3021 580 nomen
3055 526 3334 595 usurpavit
3369 542 3380 576 :
3411 523 3504 594 qui
3561 533 3758 593 postea

2158 618 2333 687 ipsum
2367 616 2738 672 Alexandrum
2763 616 2956 682 ﬁlium,
2982 632 3144 684 quem
3173 616 3494 686 participem
3527 615 3764 685 periculi

2160 711 2212 765 in
2246 710 2598 780 pervadcndo
2620 725 2789 781 regno
2814 710 3185 780 babucrat,ne
3213 708 3268 764 in
3300 708 3600 765 obtinendo
3626 723 3762 765 con-

2160 812 2364 860 sortem
2399 803 2647 874 haberet,
2675 804 2894 859 occidit.

2233 897 2278 929 ³³
2300 896 2367 953 Μ.
2423 895 2648 952 Ᾱζιηίιίο
2696 896 2924 966 Lepido,
2966 895 3028 951 6.
3065 894 3301 952 llostilio
3327 893 3586 950 Mancino
3615 908 3765 951 coss.

2164 991 2408 1063 prodigia
2432 1006 2732 1061 apparuere
2780 991 2942 1063 296
2993 990 3228 1057 diversa,
3276 999 3333 1044 et
3387 997 3656 1060 quantum
3711 990 3764 1044 in

2164 1084 2296 1155 ipsis
2319 1085 2436 1149 fuit,
2452 1099 2516 1139 ex
2540 1099 2691 1140 more
2713 1096 2904 1140 curata
2926 1093 3086 1149 sunt;
3111 1083 3208 1140 sed
3230 1099 3336 1138 non
3354 1097 3575 1153 semper
3599 1098 3776 1138 aucu-

2167 1174 2450 1246 patoribus
2472 1186 2764 1231 eventuum
2793 1186 2848 1231 et
2877 1175 3238 1230 structoribus
3269 1174 3614 1230 fallaciarum
3643 1189 3774 1229 aru-

2167 1267 2427 1338 spicibus,
2443 1268 2738 1338 opportuni
2761 1282 2921 1324 casus
2941 1268 3329 1336 sullragantur.
3354 1266 3604 1336 Namque
3622 1265 3774 1320 Mau-

2168 1357 2322 1414 cinus
2343 1360 2554 1423 consul,
2574 1368 2619 1401 δι
2637 1369 2921 1430 postquam
2945 1375 2974 1414 a
3000 1358 3225 1428 Pepillio
3251 1359 3390 1430 apud
3419 1345 3775 1413 Numantiam

2169 1452 2411 1522 suscepit
2439 1452 2759 1520 exercitum,
2813 1451 2952 1507 adeo
2996 1450 3291 1507 infeliciter
3339 1451 3528 1518 pra-lia
3583 1463 3778 1507 cuncta

2170 1543 2356 1614 gessit,
2391 1553 2552 1613 atque
2601 1544 2656 1598 in
2696 1543 2750 1599 id
2786 1559 3040 1614 suprema
3068 1543 3452 1614 desperatione
3480 1543 3782 1615 perduttus

2172 1645 2278 1701 est,
2304 1642 2364 1689 ttt
2395 1637 2826 1705 asturpissimum
2852 1635 3033 1693 foedus
3059 1652 3183 1692 cum
3215 1635 3569 1691 Numantinis
3602 1638 3780 1692 facere

2173 1739 2501 1798 cogeretur;
2533 1730 2780 1798 quamvis
2809 1738 2862 1784 et
2883 1729 3304 1799 Pompeiusjatn
3327 1728 3479 1783 aliud
3510 1744 3675 1799 aeque
3698 1728 3776 1783 in-

469 1847 602 1905 tem,
647 1853 770 1892 cum
818 1852 914 1907 per
955 1834 1364 1908 quatuordecim
1390 1850 1563 1889 annos
1600 1834 1878 1890 Romanos
1908 1835 2073 1890 duces

2194 1824 2320 1878 'ame
2352 1821 2527 1878 ftedus
2551 1837 2674 1878 cum
2703 1822 2895 1878 iisdem
2925 1821 3268 1877 Numantinis
3289 1820 3451 1891 paulo
3478 1829 3614 1876 ante
3635 1821 3785 1890 pepi-

466 1943 631 2006 atquc
657 1932 927 1990 exercitus
953 1931 1320 2003 protrivisset,
1370 1930 1582 1985 insidiis
1630 1944 1854 1984 suorum
1909 1930 2078 1984 inter-

471 2030 646 2086 fectus
675 2035 798 2084 est:
834 2027 888 2082 in
921 2025 1024 2082 hoc
1053 2024 1170 2079 solo
1197 2023 1457 2078 Romanis
1501 2023 1644 2078 circa
1693 2037 1816 2077 eum
1865 2021 2078 2077 fortiter

473 2121 782 2194 agentibus,
834 2119 978 2190 quod
1026 2130 1380 2188 percussores
1417 2115 1536 2186 ejus
1572 2115 1822 2186 indignos
1851 2114 2077 2184 praemio

470 2213 802 2285 judicarunt.
826 2212 897 2267 At
916 2227 1018 2283 ego
1038 2226 1143 2266 non
1168 2211 1330 2266 modo
1351 2225 1515 2276 nunc,
1540 2225 1728 2264 verum
1750 2209 1910 2265 etiam
1933 2223 2078 2278 sa'pe

476 2308 804 2364 iutertexerc
830 2304 1069 2361 Orientis
1101 2303 1194 2359 illa
1218 2304 1269 2339 ³ο
1312 2303 1703 2358 inextricabilia
1746 2301 1883 2357 bella
1923 2311 2079 2372 pote-

476 2416 618 2466 ram,
648 2414 766 2471 qua:
787 2411 913 2453 raro
940 2410 1193 2466 umquam
1215 2395 1317 2450 nisi
1348 2394 1648 2450 sceleribus
1671 2402 1763 2448 aut
1787 2393 2076 2464 incipiunt,

476 2502 573 2550 aut
593 2492 984 2548 terminantur:
1012 2489 1110 2546 sed
1133 2490 1526 2558 Romanorum,
1557 2504 1677 2545 cum
1706 2490 1900 2561 quibus
1923 2490 2080 2546 nobis

469 2579 622 2641 'actio
651 2597 758 2651 est,
786 2593 931 2640 tanta
962 2592 1110 2649 sunt,
1135 2592 1193 2637 ut
1213 2582 1336 2652 jure
1369 2581 1714 2637 fastidiantur
1743 2581 1943 2638 aliena.

553 2679 595 2710 ³¹
627 2677 966 2734 Mithridates
997 2686 1126 2731 tunc
1149 2675 1442 2746 siquidem,
1467 2691 1559 2732 res
1587 2675 1937 2742 Parthorum,
1957 2690 2080 2731 sex-

480 2781 566 2829 tus
603 2772 672 2826 ab
699 2773 926 2838 Arsace,
976 2772 1122 2826 victo
1167 2769 1444 2825 Demetrio
1498 2751 1792 2840 praciecto,
1848 2768 2082 2840 Babylo-

481 2865 626 2922 niam
650 2865 838 2920 urbem
872 2862 1118 2933 ﬁnesque
1146 2861 1266 2932 ejus
1305 2861 1593 2917 universos
1642 2860 1819 2916 victor
1858 2860 2078 2914 invasit;

481 2955 684 3012 Omnes
715 2964 980 3026 praeterea
1007 2962 1202 3026 gentes
1252 2970 1374 3025 qua:
1423 2953 1567 3009 inter
1617 2951 1924 3025 HydaSpem
1972 2950 2081 3006 ﬂu-

482 3049 634 3104 vium
679 3057 735 3104 et
776 3047 968 3102 indum
1012 3047 1223 3117 jaceat,
1251 3047 1482 3117 subegit.
1515 3046 1596 3101 Ad
1627 3046 1832 3101 Indiam
1863 3059 2082 3116 quoque

482 3147 771 3196 cruentum
794 3139 1038 3196 extendit
1062 3138 1376 3209 imperium,
1413 3140 1743 3196 Demetrium
1783 3139 1961 3209 ipsum
1991 3152 2082 3193 se-

2179 1917 2364 1985 gisset.
2397 1915 2631 1972 Senatus
2663 1919 2707 1950 ³⁸
2737 1915 2960 1970 dissolvi
2993 1914 3188 1980 foedus,
3218 1924 3276 1970 et
3300 1913 3616 1970 Mancinum
3663 1913 3781 1968 dedi

2180 2008 2523 2063 Numantinis
2553 2008 2831 2078 praecepit,
2859 2007 2970 2078 qui,
3001 2006 3202 2062 nudato
3245 2020 3499 2076 corpore,
3537 2006 3584 2038 ⁸⁷
3616 2005 3782 2059 mani-

2182 2103 2281 2158 bus
2312 2111 2433 2173 post
2459 2110 2670 2173 tergum
2702 2102 2985 2166 revinctis,
3018 2109 3146 2156 ante
3187 2110 3373 2171 portas
3419 2099 3780 2154 Numantino-

2181 2212 2299 2252 rutn
2327 2197 2630 2266 expositus,
2659 2196 2839 2266 ibique
2870 2209 3042 2264 usque
3069 2193 3120 2248 in
3169 2202 3385 2249 noctem
3444 2208 3702 2258 manens,
3750 2207 3782 2247 a

2179 2288 2292 2343 suis
2321 2287 2595 2354 desertus,
2628 2287 2697 2343 ab
2724 2287 2972 2342 hostibus
2997 2293 3176 2341 autem
3219 2301 3325 2341 non
3358 2293 3676 2355 susceptus,
3709 2284 3783 2340 la-

2180 2379 2474 2452 crymabilc
2500 2382 2748 2449 utrisque
2772 2378 3142 2450 spectaculum
3175 2379 3428 2450 praebuit.

2820 2512 3050 2571 CAPUT
3091 2515 3154 2570 V.

2186 2610 2356 2678 Quam
2383 2609 2576 2672 iniuste
2605 2608 2830 2678 Romani
2857 2606 3159 2678 Mancinum
3198 2605 3548 2678 Numantinis
3573 2607 3782 2678 dedide-

2251 2683 2375 2734 rint.
2407 2679 2487 2733 De
2514 2679 2669 2734 Bruti
2698 2681 2752 2734 in
2782 2676 3044 2734 Gallwcos
3071 2689 3267 2750 strage,
3316 2677 3508 2749 Lepidi
3555 2696 3592 2732 a
3658 2677 3782 2731 Vac-

2255 2753 2372 2807 ca’is
2399 2753 2566 2805 clade.

2257 2866 2575 2921 Exclamare
2599 2863 2700 2919 hoc
2723 2863 2842 2918 loco
2869 2861 3056 2917 dolor‘
3085 2860 3267 2932 exigit.
3296 2859 3409 2916 Cur
3441 2861 3581 2916 falso
3607 2860 3778 2927 Vobis,

2184 2959 2435 3026 Romani,
2461 2971 2653 3028 magna
2690 2955 2781 3012 illa
2811 2956 3029 3010 nomina
3057 2956 3078 2986 ¹
3100 2955 3345 3025 justitizn,
3378 2953 3526 3022 fidei,
3575 2955 3783 3009 foutitu-

2183 3051 2327 3108 diuis
2355 3059 2412 3106 et
2443 3049 2831 3105 misericordiae
2864 3046 3186 3104 vindicatis?
3219 3050 3260 3102 A
3292 3047 3644 3103 Numantinis
3673 3047 3783 3102 ha'c

2184 3144 2367 3199 verius
2399 3141 2608 3197 discite.
2635 3140 2972 3196 Fortitudine
2999 3154 3138 3210 opus
3161 3138 3294 3194 fuit?
3313 3138 3609 3210 pugnando
3637 3139 3778 3194 vice-

483 3233 666 3293 eundo
711 3233 816 3291 sibi
863 3233 1009 3290 bello
1053 3242 1458 3302 occurrentem,
1497 3233 1628 3289 vicit
1653 3241 1707 3289 ct
1740 3231 1886 3304 cepit
1922 3249 1936 3288 :
1968 3245 2078 3304 quo
2106 3225 2155 3291 (Γ.
2185 3241 2332 3290 runt.
2367 3231 2530 3289 Fides
2558 3231 2916 3304 exigebatur?
2938 3230 3226 3288 credentes
3252 3230 3345 3286 alii
3369 3229 3677 3288 secundum
3701 3246 3778 3300 se,

1768 3432 2219 3492 HAVERCAMPI
2256 3434 2492 3492 NOT/E.

553 3575 645 3630 24.
678 3572 744 3629 Et
784 3576 852 3629 ad
889 3571 1190 3643 sacrilegia,
1233 3576 1337 3626 etc.
1377 3568 1547 3643 Lugd.
1591 3569 1732 3628 Batt.
1779 3576 1917 3643 tres,
1960 3585 2084 3626 cum

483 3646 628 3703 Coll.
659 3645 924 3707 Gronov.,
956 3641 1043 3696 Ita
1069 3640 1259 3697 misera
1285 3652 1333 3696 et
1361 3640 1636 3711 sacrilega,
1671 3642 1804 3694 male
1841 3642 2086 3712 religiosa

485 3718 686 3772 civitas.
716 3715 850 3771 Cod.
884 3717 1020 3785 Aug.
1052 3728 1270 3784 quoque
1308 3713 1389 3768 sic
1432 3712 1582 3782 legit,
1633 3721 1795 3782 atque
1843 3715 2082 3783 insuper,

484 3800 532 3843 et
560 3786 698 3841 male
726 3788 972 3857 religiosa
1002 3786 1203 3838 civitas.

554 3859 646 3914 25.
681 3853 852 3928 Igitur
878 3855 1074 3910 Fabius
1102 3873 1208 3910 cos.
1260 3854 1336 3908 De
1364 3854 1535 3928 Fabii
1571 3853 1874 3928 _Serviliani
1923 3855 2086 3912 rebus

485 3932 654 4002 gestis
682 3924 874 4002 contra
908 3928 1206 4002 Viriathum
1238 3926 1543 4002 Appianus.
1568 3924 1731 3980 Fann.

555 4003 647 4056 '26.
681 4000 944 4054 Bacciam.
973 3999 1104 4054 Mss.
1151 4010 1341 4053 omnes
1387 3995 1650 4060 Bucciam,
1700 3997 1801 4052 nisi
1844 3998 1990 4069 quod
2033 3999 2085 4055 in

490 4074 610 4129 Meo
639 4073 706 4126 sit
732 4071 984 4125 Barcina.

558 4144 649 4198 27.
685 4144 991 4214 Quingentis
1020 4141 1152 4194 enim
1175 4139 1515 4214 principibus.
1551 4139 1626 4214 De
1663 4138 1762 4193 hac
1798 4140 1955 4214 fabii
1995 4155 2080 4197 se-

489 4217 715 4270 veritate
752 4211 991 4268 Valerius
1023 4214 1162 4266 Max.
1206 4211 1298 4267 lib.
1339 4227 1399 4281 tt,
1440 4226 1560 4282 cap.
1592 4211 1658 4277 9.,
1700 4221 1754 4266 et
1795 4211 2088 4267 Frontinus

491 4287 634 4342 libro
664 4301 735 4338 tv.
767 4284 934 4340 FABR.

562 4358 652 4412 28.
692 4357 966 4426 Pompeius
993 4356 1249 4426 sequentis
1279 4353 1403 4408 anui
1433 4352 1624 4421 cos.Q.
1655 4353 1941 4426 Pompeius
1971 4369 2086 4410 cos.

492 4445 612 4484 cum
645 4429 743 4488 Cn.
779 4424 1009 4482 servitio
1038 4424 1293 4496 Carpione
1321 4440 1465 4481 anno
1490 4439 1654 4489 nexu,
1687 4440 1718 4478 a
1745 4424 2090 4481 Numantinis

493 4501 691 4568 victus,
741 4513 927 4568 pacem
974 4495 1184 4565 turpem
1231 4497 1378 4559 fecit,
1419 4495 1602 4568 Livius
1630 4496 1783 4550 libro
1814 4511 1926 4563 Ltv,
1964 4498 2088 4552 Vel-

494 4572 633 4627 leius
665 4567 802 4627 libro
832 4584 892 4633 tt,
925 4568 1214 4637 Eutropius
1255 4582 1329 4632 tv,
1369 4568 1518 4636 isque
1559 4567 1786 4620 Romam
1830 4583 2092 4624 reversus

494 4643 834 4710 deprecando
860 4655 1073 4709 paruam
1096 4639 1302 4710 ellugit,
1325 4637 1517 4693 Cicero
1545 4637 1612 4690 de
1637 4637 1797 4710 Ofﬁc.
1815 4654 1894 4696 ιιι.
1923 4638 2088 4693 Ρωιι.

565 4714 656 4767 29.
693 4713 797 4780 Qui
817 4714 863 4766 ei
889 4712 1112 4766 militiw.
1146 4709 1223 4764 lta’
1252 4723 1443 4780 omnes
1469 4721 1601 4762 mss.
1631 4709 1862 4780 etgedd.
1895 4710 2091 4766 melio-

495 4799 619 4847 res;
661 4778 937 4837 mutaruut
961 4783 1016 4837 in
1055 4785 1169 4855 ejus
1196 4779 1399 4834 militia:
1426 4780 1516 4850 qui
1556 4778 1887 4834 locutionem
1931 4783 2091 4836 istam

500 4873 609 4912 ttou
644 4854 1054 4909 intellexerunt.

567 4928 658 4983 50.
692 4924 1105 4980 Inertricabilia.
1131 4925 1305 4992 Meus,
1330 4923 1686 4979 exsecrabilia.

567 5002 656 5056 51.
687 4997 1014 5053 Mithridates
1058 5008 1176 5052 tunc
1200 4997 1475 5067 siquidem.
1508 4996 1718 5067 Dehoc
1749 4995 1869 5066 lege
1917 4995 2088 5052 Justi-

499 5088 626 5127 num
659 5071 799 5126 libro
825 5085 934 5124 xu.
968 5069 1128 5125 Plura
1167 5066 1382 5123 fuerunt
1412 5067 1553 5136 apud
1585 5066 1793 5122 Livium
1822 5069 1965 5124 libro
1993 5084 2087 5136 Lll,

500 5153 557 5199 ιιι
577 5158 642 5198 ex
672 5143 918 5212 Epitoma
948 5141 1316 5212 cognoscitur.
1347 5139 1508 5195 FABR.

567 5215 657 5269 32.
710 5211 972 5268 Diodotus
1008 5209 1245 5285 quidam.
1307 5211 1555 5285 Diodotus
1596 5209 1792 5285 est_in_
1833 5212 2090 5285 omnibus

500 5298 636 5340 vett.
687 5299 788 5355 pro
817 5302 923 5355 quo
953 5282 1339 5356 in'impressis,
1375 5283 1667 5337 Theodotus
1694 5282 1903 5356 legitur.
1935 5284 2093 5352 Sigo-

501 5357 620 5412 nius
648 5354 864 5428 quoque
892 5358 947 5410 in
967 5354 1300 5428 vettJlibris
1351 5356 1614 5424 Epitoma:
1660 5354 1755 5421 Lit,
1782 5371 1814 5407 a
1867 5354 2092 5428 Diodoto

499 5425 748 5497 quodam,
782 5427 885 5498 legi
907 5435 1160 5485 testatur.
1184 5427 1465 5498 Appianus
1496 5440 1715 5497 quoque
1760 5429 1816 5498 in
1865 5425 2086 5497 Syriaca

501 5501 753 5555 eumdem
779 5497 1008 5554 Διόδοτον
1029 5497 1292 5552 nominat.
1327 5499 1490 5553 Fann.
1517 5525 1586 5538 -—
1607 5497 1859 5552 Graviter
1887 5499 1975 5552 hic
2003 5513 2091 5552 cr-

503 5582 586 5626 rat
611 5572 859 5633 Orosius,
891 5583 1066 5639 neque
1097 5569 1289 5623 ducem
1318 5585 1477 5624 suum
1502 5569 1780 5625 Justinum
1811 5570 2083 5639 sequitur.

505 5643 553 5697 Is
573 5644 643 5699 de
669 5641 904 5696 Diodoto
933 5640 1056 5704 hoc,
1080 5639 1198 5711 sive
1227 5639 1539 5711 Tryphonc,
1585 5639 1641 5694 id
1686 5640 1833 5694 enim
1887 5655 2083 5696 nomen

503 5727 624 5767 cum
657 5712 892 5781 imperio
916 5710 1318 5781 assumpsit,ita
1345 5712 1532 5765 scribit
1559 5712 1651 5765 lib.
1676 5725 1996 5780 xxxvt,cap.
2027 5727 2043 5766 t
2071 5730 2082 5765 :

507 5779 812 5852 interimin
836 5781 994 5850 Syria
1043 5779 1274 5852 Trypho,
1319 5781 1409 5852 qui
1452 5797 1505 5835 se
1541 5789 1762 5836 tutorem
1807 5779 2084 5848 Antiocho,

509 5850 762 5906 Demetrii
788 5851 1039 5923 privigno,
1061 5851 1305 5906 substitui
1332 5850 1364 5906 α
1389 5852 1581 5922 populo
1629 5853 1968 5924 laboraverat,
2002 5870 2060 5908 oc

2119 4891 2172 4951 D

2190 3574 2297 3628 ciso
2326 3571 2555 3646 pupillo,
2581 3589 2797 3647 regnum
2822 3573 2996 3644 Syrite
3018 3573 3237 3627 invadit.
3269 3571 3485 3647 Occidit
3511 3570 3780 3647 Δἰξινξςρῑιτιιι

2191 3642 2456 3714 pupillum
2481 3642 3000 3699 suum'Antiochum
3034 3653 3244 3700 sextum
3274 3642 3579 3698 Alexandri
3613 3642 3785 3697 Theo-

2190 3718 2396 3785 patoris
2429 3717 2618 3770 ﬁlium.
2654 3717 2701 3769 Is
2730 3717 3030 3770 Antiochus
3061 3717 3284 3785 insuper
3335 3714 3666 3785 Alexandri
3694 3727 3783 3785 uo-

2191 3783 2319 3840 inen
2353 3787 2608 3841 habuisse
2639 3788 2879 3853 videtur,
2908 3803 2975 3841 ex
3012 3783 3282 3856 Appiano,
3316 3785 3462 3839 libro
3524 3786 3605 3856 de
3647 3783 3780 3839 Bell.

2189 3857 2336 3928 Syr.,
2367 3873 2419 3925 p.
2450 3860 2690 3928 152mm
2715 3859 2937 3926 'l‘rypho
2967 3854 3166 3911 dicitur
3196 3856 3464 3910 occidisse
3489 3854 3688 3911 παιδίον
3711 3864 3783 3909 ’Λ-

2188 3927 2454 4004 λέίξανδρρν
2504 3931 2555 3994 ἐξ
2586 3927 3016 4004 Ἀλεξάνδροντοῦ
3047 3930 3193 4004 νᾷοου
3221 3931 3429 4004 καί-τῆς
3477 3928 3780 4004 Πῖνξλεξαίιῖῗ

2190 3996 2474 4078 eoyae'pss,
2528 3996 2818 4078 puerulum
2854 4000 3230 4078 Alexandrum,
3277 3999 3576 4078 adlegandri
3624 3996 3783 4049 Nothi

2195 4069 2287 4141 (id'
2303 4069 2387 4125 esi
2408 4069 2790 4138 'l‘hebpatoris,
2821 4073 2906 4126 cui
2942 4082 3232 4138 prepterca
3277 4069 3441 4123 Bella:
3486 4082 3779 4141 cognomen

2192 4139 2335 4211 erat)
2364 4157 2426 4195 ea:
2455 4141 2567 4211 ﬁlia
2598 4141 2893 4197 Ptoletnazi.
2923 4141 3110 4211 Neque
3133 4143 3310 4210 potuit
3340 4153 3463 4193 esse
3509 4139 3780 4208 privignus

2193 4214 2475 4280 Demetrii,
2509 4222 2567 4266 ut
2593 4215 2783 4267 scribit
2827 4213 3097 4278 Justinus,
3150 4213 3278 4280 quia
3333 4211 3637 4265 decennem
3691 4223 3784 4277 per

2193 4284 2456 4350 medicos,
2487 4285 2576 4353 qui
2605 4283 2883 4351 ﬁngebant
2909 4284 3119 4339 calculo
3151 4283 3401 4336 laborare
3428 4281 3777 4346 Antiochum,

2194 4356 2396 4410 occidit
2428 4365 2591 4410 tutor.
2623 4355 2755 4409 Vide
2784 4355 2928 4424 Epll.
2953 4356 3084 4410 Livii
3115 4370 3201 4408 LV.

2266 4428 2354 4481 55.
2409 4425 2486 4479 Μ.
2541 4425 2763 4497 /Emilio
2790 4418 3011 4497 Lepido,
3044 4426 3102 4479 (Ι.
3138 4423 3387 4497 Hostilia.
3419 4420 3687 4497 consules
3729 4418 3780 4474 hi

2195 4497 2415 4552 fuerunt
2441 4512 2582 4550 anno
2605 4498 2673 4551 ab
2707 4496 2848 4552 Urbe
2865 4492 3088 4552 condita
3117 4511 3292 4551 ncxvt.
3346 4492 3604 4565 Prodigia
3660 4505 3776 4562 qua:

2195 4577 2306 4622 tum
2331 4578 2630 4623 evenerunt
2650 4569 2874 4638 exponit
2897 4570 3229 4638 Obsequens.
3254 4566 3416 4620 Fann.
3749 4565 3766 4572 ”

2265 4639 2356 4695 54.
2389 4639 2673 4706 Postquam
2703 4637 2735 4692 ἁ
2764 4639 3015 4709 POpiflio.
3051 4637 3285 4709 Popillio
3313 4648 3466 4694 recte
3487 4649 3577 4694 est
3608 4638 3661 4692 in
3691 4651 3780 4692 vc-

2195 4719 2379 4778 tustt.,
2413 4711 2559 4765 unde
2598 4711 2686 4764 alii
2737 4707 3026 4776 Pompilio,
3068 4709 3161 4765 alii
3218 4707 3472 4780 Pompeio
3523 4712 3782 4764 fecerunt.

2196 4782 2267 4837 M.
2301 4782 2532 4851 Popillio
2560 4780 2768 4836 Laenati
2790 4781 3095 4852 superioris
3139 4781 3266 4835 anni
3303 4781 3534 4852 consuli
3589 4780 3785 4836 Manci-

2196 4870 2325 4909 num
2356 4849 2419 4978 ῗέι
2449 4853 2793 4908 Numantiam
2825 4849 3175 4920 successisse,
3199 4849 3367 4906 tradit
3395 4855 3564 4907 etiam
3590 4854 3785 4922 Appia-

2197 4940 2321 4978 nus.
2401 4941 2521 4978 ABR.

2197 4940 2321 4982 IIIIS.
2358 4940 2521 4979 I‘ABR.

2265 4998 2354 5052 53.
2387 4994 2770 5069 Turpissimum
2789 4996 2978 5066 fwdus.
3016 4995 3094 5050 De
3119 4994 3236 5069 hoc!
3253 4994 3508 5069 fmderea
3534 4992 3784 5049 Mancino

2192 5085 2316 5125 cmn
2361 5066 2708 5123 Numantinis
2731 5069 2877 5124 facto
2903 5111 2917 5133 ,
2948 5081 3164 5123 omnes.
3195 5067 3278 5122 'fu
3303 5068 3422 5138 lege
3466 5066 3782 5121 Ciceronem

2191 5140 2289 5197 lih.
2344 5157 2399 5195 ιιι
2431 5142 2498 5196 de
2525 5142 2753 5198 Ofﬁciis.
2802 5140 2968 5197 Fusa.
3000 5168 3071 5180 ——
3095 5138 3348 5208 Sequitur
3393 5137 3447 5192 in
3483 5139 3577 5208 ed.
3600 5140 3783 5208 Aug,

2192 5229 2492 5284 semperque
2543 5215 2778 5270 Romano
2815 5213 3013 5284 nomini
3061 5207 3502 5284 exprobrandam.
3561 5207 3621 5264 In
3670 5207 3786 5261 aliis

2195 5299 2372 5358 neque
2400 5285 2524 5358 edd.
2556 5301 2732 5358 neque
2756 5299 2893 5358 mss.
2921 5283 3274 5358 idioccurrit._
3297 5350 3311 5358 _
3554 5351 3584 5358 __
3684 5349 3696 5358 _
3733 5347 3745 5358 .

2266 5349 2354 5410 36.
2389 5349 2796 5412 Diasolvists.
2829 5349 3034 5424 aliquot
3061 5368 3183 5408 cum
3210 5350 3337 5407 edd.
3365 5358 3500 5424 vett.
3528 5349 3781 5424 dissolvit.

2269 5427 2360 5482 31.
2395 5425 2658 5483 Manibus.
2691 5427 2840 5482 Flor.
2879 5422 2962 5495 pr.
2991 5433 3046 5479 et
3074 5433 3222 5491 tert.,
3247 5438 3368 5478 cum
3404 5422 3568 5489 Ultr.,
3599 5422 3786 5495 Mouet

2195 5498 2469 5568 Perizon.,
2527 5511 2690 5569 atque
2733 5491 2905 5566 Lugd.
2941 5498 3058 5551 Bat.
3091 5509 3227 5558 sec.,
3279 5495 3642 5569 manibusque.
3692 5491 3782 5544 Ed.

2195 5575 2331 5641 Aug.
2358 5579 2411 5623 et
2434 5563 2541 5627 tres
2574 5563 2706 5626 mss.
2733 5563 2900 5640 Lugd.
2932 5569 3101 5632 Batt.,
3153 5580 3274 5621 cum
3325 5563 3469 5621 Coll.
3519 5563 3780 5623 Gron0v.,

2197 5641 2432 5714 manibus
2458 5659 2677 5714 quoque.

2264 5713 2397 5768 Car.
2427 5709 2491 5770 ν’.
2517 5709 2584 5753 -Ᾰ
2610 5714 2660 5767 1.
2695 5711 2891 5782 Exigit.
2926 5709 3196 5771 Perizon.,
3223 5717 3394 5782 coget.

2195 5785 2320 5924 ﬁd‘Z:
2351 5783 2607 5856 Justitiw,
2634 5777 2946 5854 ﬁdciflidd.
2977 5789 3112 5837 velt.
3141 5777 3413 5851 quzcdam,
3461 5777 3691 5850 justitite
3725 5789 3780 5827 ac

2271 5871 2339 5912 et.

2271 5871 2339 5912 ei.
