3938 6300
141 314 250 374 939

1195 277 1686 374 ntsromanun
1713 312 1918 374 LlBER
1959 314 2027 372 v.
2066 315 2222 376 car.
2268 316 2361 374 Vl.

3327 317 3437 380 930

155 445 275 504 quos
299 428 583 486 occidere!
610 437 920 500 potuerant,
942 437 1101 500 pacto
1131 430 1335 488 [cedere
1373 432 1719 490 dimiserunt.
1748 436 1801 494 Α
1827 435 2014 502 cistis,
2050 433 2094 466 “
2124 443 2310 489 utnec
2339 433 2473 489 civis
2502 433 2752 490 consulat
2774 435 3164 492 convenienter
3187 435 3433 508 ingratis,

152 523 347 580 .lnstitia
363 522 635 593 probanda
655 524 978 596 erat?297
997 524 1408 594 probavitteam
1434 528 1516 583 vel
1536 530 1731 583 tacitus

153 623 374 680 senatus,
399 627 522 668 cum
549 611 713 668 iidem
744 611 1054 670 Numantini
1086 631 1184 686 per
1215 616 1423 687 legatos
1452 633 1582 673 suos
1635 629 1728 672 aut

152 704 445 759 inviolatam
476 718 664 773 pacem
715 704 908 774 solam,
954 713 1051 761 aut
1077 721 1270 762 omnes
1313 723 1450 777 quos
1502 710 1727 778 pignore

152 799 287 870 pacis
313 807 534 869 accepto
564 798 716 855 vivos
745 798 1092 867 dimiserant,
1114 800 1498 870 reposcebant.
1521 801 1727 857 Miseri-

151 893 320 949 cordia
345 892 703 950 examinanda
741 895 1064 952 videbatur?
1084 899 1104 929 '
1134 897 1268 952 satis
1294 896 1602 952 documenti
1634 897 1730 953 de-

151 987 332 1042 derunt
360 987 443 1043 vel
469 988 768 1044 emittenda
793 987 859 1043 ad
891 988 1059 1044 vitam
1084 989 1362 1044 inimicum
1392 989 1722 1056 exercitum,

149 1080 223 1136 vel
247 1079 309 1135 ad
341 1095 554 1150 paznam
581 1096 688 1136 non
714 1080 1030 1151 recipiendo
1067 1082 1398 1138 Mancinum.
1442 1083 1728 1139 Mancinus

156 1189 218 1230 ne
244 1189 372 1245 rogo
418 1174 700 1230 dedendas
748 1175 866 1242 fuit,
893 1178 985 1247 qui
1014 1176 1142 1232 victi
1190 1178 1462 1233 exercitus
1517 1178 1730 1247 impen-

147 1268 349 1324 dentem
383 1268 826 1336 trucidationem,
876 1280 1144 1339 pra-tento
1190 1271 1427 1326 umbone
1454 1271 1595 1340 pacti
1626 1270 1728 1326 ιω-

147 1361 281 1417 deris
306 1361 547 1433 dispulit,
579 1362 669 1434 qui
695 1366 716 1396 ⁸
746 1361 1115 1434 periclitantes
1145 1365 1337 1432 patria:
1364 1363 1513 1418 vires
1536 1363 1587 1416 in
1612 1376 1726 1417 me-

145 1453 265 1509 liora
291 1463 533 1526 tempora
562 1455 904 1512 reservavit?
949 1457 1058 1512 Aut
1108 1457 1154 1512 si
1201 1456 1486 1527 displicuit
1547 1455 1723 1512 luadus

144 1549 274 1618 quod
303 1559 516 1620 pactum
545 1559 649 1617 est,
675 1565 776 1606 cur
796 1550 958 1606 miles
984 1550 1088 1607 hoc
1117 1552 1343 1621 pignore
1387 1551 1721 1621 redemptus,

143 1650 226 1695 aut
249 1656 368 1696 cum
393 1651 786 1709 reverteretur,
818 1651 1075 1713 receptus
1102 1651 1209 1710 est,
1231 1651 1323 1697 aut
1350 1658 1474 1698 cum
1505 1655 1723 1712 repete-

142 1743 300 1799 retur,
329 1734 573 1790 redditus
603 1751 708 1790 non
731 1737 850 1791 est?
874 1739 981 1790 Aut
1006 1735 1051 1790 si
1081 1735 1288 1806 placuit
1308 1736 1510 1790 servati
1535 1737 1722 1792 militis

1836 539 1935 580 nec
1971 524 2142 581 hoStis
2166 525 2399 581 ﬁdeliter
2442 526 2630 582 credat
2655 526 2854 583 inﬁdis.
2905 527 3123 584 Interea
3157 529 3202 564 ιδ
3234 529 3434 584 Brutus

1833 616 1886 670 in
1916 618 2174 672 ulteriore
2205 617 2480 688 Hispania,
2520 621 2800 690 sexaginta
2834 621 3000 676 tnillia
3040 621 3427 690 Galltecorum,

1831 708 1922 778 qui
1955 709 2231 764 Lusitanis
2254 708 2298 740 ¹⁸
2329 709 2530 765 auxilio
2557 721 2843 778 venerant,
2878 715 3182 784 asperrimo
3204 714 3350 770 bello
3377 723 3434 770 et

1831 798 2054 866 difﬁcili,
2086 801 2330 871 quamvis
2358 802 2601 857 incautos
2621 803 3095 873 circumvenisset,
3127 806 3428 877 oppressit.

1829 891 2069 957 Quorum
2093 892 2145 946 in
2177 907 2244 947 eo
2268 891 2458 962 prtelio
2485 893 2874 965 quinquaginta
2900 897 3072 952 millia
3096 901 3303 966 occisa,
3335 915 3431 955 sex

1831 985 1995 1039 millia
2021 993 2172 1054 capta
2205 985 2535 1052 referuntur,
2566 989 2722 1056 pauci
2754 987 2877 1058 luga
2909 999 3222 1046 evaserunt.
3264 991 3322 1046 In
3348 993 3429 1048 ci-

1833 1078 2036 1134 teriore
2067 1077 2324 1149 lliSpania
2366 1078 2605 1150 Lepidus
2658 1081 2986 1150 proconsule
3039 1082 3294 1138 Vaccaeos
3352 1083 3434 1138 in-

1829 1171 2043 1225 noxiam
2066 1183 2280 1241 gentem
2317 1180 2371 1227 et
2399 1173 2722 1242 supplicem,
2753 1174 2799 1205 ¹⁶
2824 1175 2987 1229 etiam
3019 1183 3209 1230 senatu
3235 1175 3427 1246 prohi-

1840 1262 2027 1330 bente,
2060 1265 2411 1334 pertinaciter
2436 1280 2746 1336 expugnare
2774 1267 3022 1322 tentavit.
3050 1267 3156 1324 Sed
3191 1283 3313 1324 mox
3342 1284 3436 1324 ac-

1827 1366 1984 1426 cepta
2027 1356 2182 1411 clade
2225 1357 2541 1427 gravissima
2593 1358 2854 1428 improbae
2901 1357 3214 1428 pertinacia:
3244 1374 3433 1430 plenas

1829 1446 1949 1501 luit.
1983 1447 2090 1504 Sex
2136 1448 2305 1503 millia
2345 1447 2547 1520 quippe
2577 1448 2945 1504 Romanorum
2978 1451 3034 1506 in
3084 1450 3189 1507 ltoc
3230 1451 3435 1522 iujusto

1827 1537 1969 1594 bello
2010 1539 2310 1609 justissime
2351 1554 2492 1596 caesa
2544 1549 2710 1596 sunt:
2761 1541 2980 1612 reliqui,
3026 1544 3178 1600 exuti
3211 1546 3428 1615 castris,

1825 1633 1993 1687 armis
2021 1635 2182 1688 etiam
2209 1633 2455 1703 perditis,
2501 1646 2810 1692 evaserunt.
2860 1636 2974 1693 Nec
3019 1638 3201 1694 minus
3251 1643 3428 1711 turpis

1829 1727 1870 1757 ¹⁷
1900 1726 2015 1782 haec
2035 1727 2138 1782 sub
2167 1727 2374 1799 Lepido
2406 1729 2610 1797 clades,
2640 1746 2802 1800 quam
2849 1733 2951 1787 sub
3005 1734 3256 1789 lllancino
3306 1735 3424 1791 fuit.

139 1825 531 1898 quatiscumque
565 1828 827 1898 ριοονίςίυ,
856 1842 959 1883 ωι-
1015 1827 1318 1897 Mancinus,
1348 1829 1441 1899 qui
1475 1827 1577 1884 hoc
1624 1843 1718 1899 pe-
1750 1852 1799 1914 B
1830 1819 1871 1856 ⁸⁸
1900 1819 1973 1874 lta
2000 1836 2143 1914 nunc
2163 1821 2266 1875 sibi
2289 1821 2406 1914 tunc
2433 1832 2676 1894 tempora
2697 1823 2815 1878 loco
2834 1823 3107 1880 felzeitatis
3130 1826 3426 1896 ascribant,

139 1919 278 1989 pigit,
311 1921 459 1976 solus
482 1925 501 1955 "
527 1919 745 1976 deditus
774 1919 910 1975 fuit?

201 2016 222 2045 ⁸
263 2013 441 2086 Nuper
487 2014 682 2083 Varro,
725 2023 786 2069 ut
827 2030 1175 2087 prxpropera
1227 2029 1401 2086 pugna
1452 2014 1703 2085 iniretur,

136 2108 376 2180 collegam
408 2108 639 2164 Paulum
664 2108 1034 2165 obluctantem
1076 2110 1313 2179 impulit,
1349 2108 1712 2178 trepidantem

137 2199 482 2269 praecipitavit
508 2198 834 2267 exercitum,
867 2199 1112 2256 infelices
1152 2200 1362 2270 copias,
1409 2200 1551 2270 apud
1581 2200 1720 2255 inla-

138 2306 239 2346 mes
283 2291 403 2347 illas
454 2292 720 2348 Romanis
768 2293 1015 2350 cladibus
1055 2293 1289 2360 Cannas,
1321 2309 1426 2350 non
1458 2294 1724 2364 disposuit

135 2385 420 2452 certamini,
453 2385 476 2414 ⁹
507 2385 604 2440 sed
627 2385 884 2455 opposuit
918 2385 1116 2445 morti:
1146 2386 1265 2456 plus
1294 2401 1460 2458 quam
1490 2387 1723 2456 quadra-

136 2475 266 2543 ginta
295 2477 466 2533 millia
513 2476 588 2532 ibi
620 2477 849 2532 militum
883 2477 1252 2534 Romanorum
1288 2480 1404 2534 sola
1432 2478 1725 2549 impatien-

137 2568 197 2621 tia
222 2583 336 2639 sua,
368 2571 439 2625 de
469 2584 576 2640 qua
604 2569 708 2626 sibi
745 2571 1034 2626 victoriam
1084 2571 1196 2642 jam
1242 2571 1447 2627 dudum
1491 2572 1722 2628 Annibal

136 2664 507 2730 pnesumebat,
537 2664 742 2721 amisit.
775 2664 995 2736 Collega
1024 2667 1190 2720 etiam
1233 2665 1404 2722 Paulo
1435 2665 1568 2737 (quo
1606 2675 1725 2721 tan-

137 2754 242 2812 dem
263 2757 439 2832 viro?)
478 2758 716 2830 perdito,
749 2761 1048 2817 novissime
1071 2761 1123 2816 in
1165 2761 1369 2818 Urbem
1408 2776 1547 2832 pene
1574 2761 1724 2816 solus

139 2848 598 2922 impudentissime
621 2853 804 2910 redire
824 2869 988 2911 ausus
1007 2863 1112 2923 est,
1146 2855 1457 2927 meruitque
1486 2871 1598 2911 sua:
1628 2857 1728 2912 im-

138 2946 386 3014 pudentiar
413 2947 728 3019 praemium.
761 2949 803 2984 ¹⁰
833 2948 964 3003 Nam
989 2951 1182 3020 gratia:
1209 2950 1278 3017 ei,
1302 2950 1445 3021 quod
1469 2950 1533 3005 de
1560 2965 1724 3021 repu-

136 3036 258 3094 blica
293 3055 400 3097 non
445 3040 818 3112 desperasset,
856 3058 1015 3112 quam
1049 3054 1226 3098 tamen
1256 3045 1370 3114 ipse
1400 3043 1605 3100 fecerat
1626 3045 1724 3099 de-

138 3142 411 3199 speratam,
446 3133 664 3204 publice
691 3133 745 3189 in
769 3144 962 3190 senatu
993 3143 1130 3190 acta:
1164 3145 1308 3190 sunt.
1341 3136 1512 3190 Porro
1540 3144 1722 3192 autem

1824 1920 1884 1966 ut
1908 1927 2013 1967 non
2037 1913 2266 1969 dixerim
2293 1913 2538 1985 Hispani,
2561 1926 2638 1970 tot
2661 1917 2859 1986 pulsati
2890 1917 3207 1990 fatigatique
3239 1921 3422 1986 bellis.

1823 2003 1920 2060 sed
1951 2005 2036 2060 vel
2069 2005 2168 2075 ipsi
2219 2006 2412 2062 saltem
2445 2006 2694 2077 Romani,
2751 2018 2856 2064 tam
2899 2013 3178 2066 continuis
3219 2013 3432 2068 subacti

1823 2096 2087 2163 cladibus,
2141 2099 2408 2170 tctiesque
2453 2101 2694 2170 superati
2733 2117 2747 2154 :
2806 2110 2863 2156 ut
2917 2117 3023 2158 non
3064 2104 3428 2174 exprobrem,

1823 2198 1956 2261 quot
2003 2200 2263 2258 pra-tores
2311 2207 2524 2259 eorum,
2573 2201 2704 2264 quot
2735 2193 2919 2264 legati,
2975 2201 3428 2265 quotconsules,

1823 2293 1960 2353 quot
1989 2283 2254 2354 legiones,
2295 2285 2592 2357 quantique
2627 2287 2900 2342 exercitus
2943 2290 3252 2359 consumpti
3298 2291 3428 2345 sint.

1824 2377 1961 2432 lllud
1993 2379 2168 2433 solum
2208 2381 2452 2447 revolvo,
2487 2390 2687 2450 quanta
2722 2381 2887 2436 fuerit
2924 2383 3134 2438 timoris
3162 2387 3424 2441 amentia.

1826 2468 1981 2525 Miles
2011 2469 2291 2527 Romanus
2315 2473 2621 2538 hebetatus,
2657 2481 2713 2528 ut
2739 2475 2849 2544 jam
2880 2491 2946 2531 ne
2979 2476 3044 2530 ad
3073 2478 3423 2547 experimen—

1827 2571 1940 2617 tum
1983 2563 2198 2634 quidem
2256 2565 2385 2620 belli
2429 2566 2690 2622 eubibere
2744 2569 2962 2638 pedem,
3015 2580 3107 2624 aut
3137 2570 3430 2626 obﬁrmare

1824 2657 2062 2711 animum
2088 2667 2269 2727 posset
2295 2677 2306 2711 :
2335 2659 2429 2714 sed
2461 2675 2586 2715 mox
2623 2672 2918 2732 conspecto
2950 2661 3192 2735 Hispano
3218 2665 3430 2736 specia-

1827 2746 1954 2802 liter
1983 2747 2164 2816 liostc,
2195 2749 2511 2820 diﬁ'ugiens,
2549 2752 2692 2806 vinci
2719 2767 2778 2808 se
2809 2770 2946 2823 pene
2977 2757 3130 2826 prius
3158 2757 3432 2824 crederet,

1829 2855 1992 2910 quam
2023 2841 2220 2898 videri.
2265 2844 2385 2910 Quo
2426 2854 2748 2915 argumento
2777 2856 2944 2917 patet,
2981 2851 3120 2918 apttd
3167 2861 3432 2919 utrosque

1826 2934 2022 2990 misera
2054 2935 2145 2990 illa
2181 2946 2426 3008 tempora
2465 2938 2730 3008 judicata,
2762 2954 2886 2995 cum
2917 2942 3080 3012 299
3105 2951 3158 2998 ct
3183 2944 3429 3014 llispani,

1826 3026 1930 3081 etsi
1959 3027 2177 3084 vincere
2219 3037 2493 3098 poterant,
2539 3031 2692 3086 inviti
2738 3041 2915 3087 tamen
2966 3034 3282 3092 desererent
3325 3038 3434 3092 otia

1826 3135 1925 3177 sua
1951 3121 2154 3188 dulcia,
2187 3129 2243 3176 et
2286 3121 2426 3177 bella
2457 3131 2683 3178 externa
2733 3125 3051 3196 tolerarent,
3104 3140 3158 3185 et
3204 3130 3434 3188 Romani

137 3220 419 3291 Mancinus,
449 3227 567 3294 qui,
596 3235 743 3280 sorte
790 3225 980 3281 bellica
1025 3227 1460 3283 circumventum
1507 3229 1720 3283 exerci-

1844 3216 2422 3290 tuantoimpudentius
2472 3217 2666 3274 aliena:
2713 3217 2883 3290 quieti
2927 3236 3050 3278 sese
3101 3223 3430 3296 ingererent,

139 3323 236 3370 tum
264 3333 328 3373 ne
366 3317 650 3389 perderet,
685 3317 970 3385 laboravit,
1003 3320 1072 3374 ab
1117 3320 1310 3376 eodem
1344 3329 1536 3376 senatu
1567 3320 1723 3377 dedi-

139 3410 270 3467 tione
313 3414 608 3468 damnatus
636 3421 741 3468 est.
777 3413 817 3444 ¹¹
864 3414 1010 3479 Scio,
1065 3413 1324 3469 Romanis
1375 3421 1431 3470 et
1485 3415 1611 3470 illud
1671 3416 1723 3470 in

139 3499 372 3560 Varrone
409 3504 714 3574 displicuit,
762 3504 856 3560 sed
911 3505 1076 3577 298
1129 3507 1360 3576 tempori
1399 3521 1722 3563 c0ncessum

138 3603 211 3648 est
241 3613 252 3648 :
281 3607 333 3652 et
365 3597 418 3652 in
449 3595 560 3652 hoc
589 3595 836 3651 Mancino
867 3596 1091 3666 placuit,
1135 3599 1231 3653 sed
1261 3599 1560 3654 secundum
1591 3610 1728 3656 tem-

140 3699 227 3754 pus
261 3698 656 3760 praesumptum
688 3698 771 3746 est
801 3706 815 3744 :
855 3691 899 3722 "
929 3701 1094 3762 atque
1118 3691 1244 3747 ideo
1271 3692 1339 3747 ab
1366 3693 1519 3748 initio
1549 3693 1728 3764 perfe-

1829 3321 1978 3368 tanto
2002 3311 2208 3382 turpius
2235 3314 2600 3368 vincerentur.

2438 3425 2669 3484 CAPUT
2715 3427 2801 3483 Vl.

1835 3521 1912 3577 De
1947 3531 2236 3576 monstroso
2266 3537 2424 3590 puero
2470 3519 2647 3575 Itonia:
2685 3533 2808 3577 nato
2834 3565 2850 3588 ,
2893 3525 2958 3578 de
3003 3522 3184 3583 ίΕιηαξ
3223 3540 3430 3585 eructa-

2165 3593 2299 3646 tione
2319 3633 2333 3658 ,
2364 3604 2408 3646 et
2442 3592 2574 3648 bello
2603 3596 2777 3648 servili
2813 3596 2866 3649 in
2899 3598 3105 3654 Sicilia.

1909 3690 1925 3720 ¹
1948 3687 2084 3744 Sex.
2117 3687 2311 3742 Fulvio
2342 3686 2562 3756 Flacco,
2591 3688 2658 3756 ρ.
2683 3688 2978 3759 Calpurnio
3009 3692 3206 3750 Pisone
3233 3711 3430 3752 consu-

1434 3781 1882 3844 llAVEllCAMPl
1919 3780 2153 3837 NOTAE.

198 3902 248 3955 5.
284 3901 598 3958 Potuerunt.
651 3901 790 3958 Edd.
833 3902 994 3973 Aug.,
1027 3911 1324 3973 potuerunt.

197 3974 248 4028 4.
300 3975 452 4030 Eam.
509 3974 638 4029 Mss.
683 3983 795 4030 tres
822 3972 995 4046 Lugd.
1024 3972 1188 4044 Batt.,
1237 3989 1360 4030 cum
1398 3972 1538 4029 Coll.
1587 3974 1728 4032 Gro-

136 4058 275 4110 tum,
297 4063 410 4101 eam
431 4047 620 4100 etiam.

198 4116 244 4170 5.
289 4118 433 4173 Satis
464 4118 780 4172 documenti.
835 4116 937 4172 Ed.
969 4118 1134 4188 Aug.,
1167 4132 1289 4173 cum
1338 4117 1511 4173 tribus
1553 4115 1725 4188 Lugd.

134 4184 266 4242 Ball.
297 4200 352 4243 et
379 4189 529 4244 Coll.
560 4189 826 4255 Gronov.,
849 4189 996 4243 addit
1022 4184 1294 4243 indicium.

197 4258 247 4332 β.
293 4260 688 4332 l’criclitantes.
739 4261 838 4314 Ed.
870 4260 1033 4330 Aug.,
1074 4260 1440 4332 periclitantis.

198 4330 248 4383 7.
288 4331 514 4386 Deditus
545 4332 686 4400 fuit?
738 4332 862 4385 Post
895 4332 1010 4386 haec
1037 4330 1200 4386 verba
1236 4335 1286 4387 in
1312 4333 1399 4387 ed.
1435 4333 1574 4402 Aug.
1606 4333 1735 4388 laci-

136 4401 212 4454 nia
252 4407 510 4470 sequitur
539 4403 796 4458 tri-decim
829 4403 1112 4469 linearum,
1152 4419 1272 4472 qua:
1314 4401 1601 4458 infeliciter
1632 4404 1736 4458 ibi-

135 4473 247 4546 dem
277 4476 506 4530 aliunde
533 4490 598 4528 ex
625 4474 818 4528 Oresio
871 4476 1104 4542 irrepsit.
1154 4475 1376 4544 Incipit,
1412 4474 1734 4546 Quamquam

133 4544 274 4611 inter,
305 4555 360 4601 et
406 4547 554 4608 ﬁnit,
589 4548 754 4617 potuit
781 4560 982 4617 servare
1004 4557 1215 4599 natura.

197 4617 248 4671 8.
291 4618 482 4701 Nuper
521 4616 713 4701 Murro.
771 4617 921 4671 Bello
956 4616 1174 4697 _l-'unico
1215 4617 1479 4701 secundo,
1530 4617 1624 4673 sed
1664 4616 1731 4701 de

135 4683 398 4745 Cannensi
425 4689 584 4744 clade
628 4689 764 4744 libro
783 4687 1092 4758 superiore,
1124 4689 1302 4758 capite
1330 4689 1542 4744 decimo
1575 4697 1732 4744 sexto

135 4759 326 4814 dictum
365 4771 475 4815 cst.
556 4759 720 4814 FABR.

201 4829 250 4882 9.
278 4831 405 4903 _Scd
451 4832 695 4903 opposuit
735 4831 911 4886 morti.
959 4829 1041 4884 Ex
1093 4829 1399 4888 imitatione
1439 4829 1736 4902 Virgiliaua

134 4897 221 4956 lib.
251 4901 383 4958 ΔΕΗ.
429 4897 531 4970 xi,
556 4901 659 4958 126
683 4919 696 4955 :

485 5052 499 5066 .
542 5051 554 5064 .
594 5051 607 5065 .
647 5052 660 5064 .
697 5014 983 5079 Tectusque
1010 5023 1207 5066 recusat

223 5077 449 5130 Prodere
477 5090 598 5130 voce
622 5091 713 5129 sua
738 5077 1034 5141 quemQuam
1062 5086 1147 5129 aut
1169 5088 1422 5141 Opponere
1447 5077 1611 5128 morti.

204 5187 290 5240 10.
333 5185 484 5240 Nam
529 5186 709 5259 gratia:
755 5186 822 5240 ei.
867 5183 1390 5259 Varroniredeunti
1442 5182 1739 5259 in_Urbem

134 5259 329 5325 gratias
353 5274 384 5312 a
418 5255 629 5312 Senatu
653 5267 804 5313 actas
852 5257 1041 5312 scribit
1071 5255 1257 5310 Livius
1298 5255 1436 5309 libro
1478 5255 1740 5325 vigesimo

137 5330 392 5383 secundo.
431 5326 686 5384 Valerius
710 5330 851 5384 libro
884 5329 1049 5383 tertio
1076 5370 1090 5395 ,
1117 5328 1294 5396 capite
1321 5336 1536 5395 quarto.
1570 5325 1737 5380 Fann.

204 5400 291 5454 lt.
351 5400 508 5463 Scio,
537 5399 814 5464 Romanis,
862 5410 970 5454 etc.
1021 5399 1146 5453 Haec
1177 5407 1260 5453 est
1309 5399 1470 5452 lectio
1510 5399 1742 5467 optimo-

138 5485 254 5525 rum
286 5486 424 5525 mss.
459 5470 618 5538 Nam,
652 5472 724 5526 ita
757 5475 909 5526 clare
937 5470 1199 5525 exhibent
1225 5467 1372 5523 Meus
1393 5478 1447 5522 et
1476 5477 1585 5522 tres
1620 5467 1743 5522 Flo-

135 5545 359 5609 rentini,
395 5542 543 5596 inter
570 5557 710 5612 quos
749 5543 872 5597 cod.
905 5542 1155 5611 Ltingob.
1187 5541 1436 5595 scribens
1471 5541 1630 5604 socio,
1669 5539 1746 5612 la:

135 5615 236 5667 cile
285 5612 556 5678 ostendit,
591 5610 718 5667 scio
760 5613 960 5668 ibidem
1019 5610 1221 5668 debere
1271 5611 1482 5679 reponi.
1540 5610 1743 5680 Vulgati

135 5684 288 5754 codd.
317 5683 529 5739 habent
564 5685 638 5737 sic
690 5683 934 5749 Romani,
966 5684 1062 5738 sed
1098 5691 1292 5754 pt-teter
1331 5683 1562 5752 August.
1613 5681 1748 5735 nulli

135 5752 234 5811 nisi
263 5757 639 5820 recentiores;
692 5771 818 5810 nam
860 5752 1109 5822 Venetae,
1155 5754 1401 5810 Parisina
1461 5761 1514 5807 et
1570 5754 1745 5821 prima

134 5829 238 5888 scio
259 5840 486 5903 quoque
515 5825 794 5886 exhibent.
840 5826 994 5899 Quod
1037 5841 1168 5886 vero
1201 5839 1339 5886 unus
1365 5831 1458 5882 aut
1506 5823 1643 5882 alter
1673 5837 1742 5884 ex

1835 3898 2026 3953 iisdem
2059 3910 2201 3968 mss.
2220 3903 2273 3950 et
2301 3895 2630 3968 editionibus
2661 3895 2886 3952 Romani
2917 3915 3013 3968 pro
3063 3901 3315 3958 Romanis
3361 3907 3437 3962 le-

1831 3981 1978 4039 gant,
2022 3969 2074 4021 in
2097 3967 2289 4040 quibus
2319 3967 2702 4037 Ultrajecunus
2727 3967 2942 4040 quoque
2973 3973 3166 4039 codex,
3197 3977 3302 4030 scio
3328 3977 3434 4033 Ro-

1834 4038 1996 4107 mani,
2027 4038 2183 4094 nauci
2215 4052 2319 4090 non
2360 4046 2459 4091 est.

1908 4112 1996 4184 12.
2039 4111 2206 4184 {itque
2234 4108 2367 4184 ideo.
2403 4107 2564 4184 Forte
2586 4108 2889 4184 legentium,
2924 4115 3228 4184 tequeideo.

1909 4183 1998 4238 15.
2045 4178 2117 4256 Ut
2145 4195 2233 4256 nec
2262 4179 2408 4232 civis.
2464 4178 2691 4256 Propter
2719 4178 2948 4239 Mancini
2978 4178 3311 4256 exemplum,
3345 4207 3437 4248 ve-

1836 4255 2049 4310 rebitur
2077 4251 2310 4330 similem
2351 4254 2564 4330 patria:
2612 4266 2874 4330 praestare
2931 4251 3214 4330 utilitatem
3265 4251 3431 4330 civis;

1842 4337 2062 4396 propter
2106 4321 2772 4396 Numantiuorum,ullis
2823 4328 2971 4395 pacis
3030 4321 3436 4389 conditionibus

1841 4399 2071 4464 credere
2103 4395 2290 4448 hostis.

1913 4469 2000 4522 Μ.
2056 4465 2247 4520 Brutus
2291 4466 2344 4519 in
2377 4465 2640 4522 ulteriore.
2693 4469 2754 4523 Ι).
2797 4469 2993 4527 Junius
3022 4472 3218 4528 Brutus
3247 4478 3436 4530 consul

1840 4555 1984 4594 anno
2008 4537 2170 4610 Urbis
2191 4553 2352 4602 ncxv,
2384 4541 2609 4594 sortitus
2642 4540 2950 4610 Hispaniam
2983 4546 3312 4610 ulteriorem,
3337 4549 3434 4604 de-

1838 4613 1993 4688 victis
2023 4609 2285 4688 Callaecia,
2311 4623 2629 4688 cognomen
2651 4609 2777 4688 inde
2814 4616 3034 4688 meruit,
3064 4609 3340 4688 Appianus
3381 4621 3435 4676 in

1839 4681 2064 4754 l_berica,
2091 4680 2296 4754 Strabo
2328 4682 2468 4736 libro
2509 4683 2689 4748 tertio,
2721 4685 2904 4741 Livius
2957 4680 3205 4740 liliro'iv
3237 4700 3292 4743 et
3319 4709 3434 4754 Lvt.

1759 4751 1814 4812 D
1840 4751 2036 4826 Florus
2066 4753 2207 4826 libi-3
2237 4754 2499 4820 secundo,
2541 4755 2717 4824 capite
2764 4758 2977 4812 decimo
3011 4759 3263 4826 septimo.
3312 4751 3438 4819 Vel;

1842 4824 1982 4880 lcius
2013 4839 2075 4879 tt.
2152 4823 2319 4880 Fann.

1915 4896 2004 4951 15.
2065 4895 2296 4951 Auxilio.
2345 4897 2516 4966 Lugd.
2545 4893 2684 4950 Batt.
2710 4911 2919 4967 omnes,
2953 4915 3078 4956 cum
3119 4900 3258 4957 Coll.
3295 4903 3435 4959 Gro-

1849 4982 1978 5022 nov.
2009 4977 2062 5022 et
2091 4969 2182 5023 ed.
2207 4967 2370 5037 Aug.,
2404 4971 2456 5022 in
2482 4969 2756 5022 auxilium.

1918 5037 2006 5115 16.
2033 5038 2228 5115 Etiam
2269 5040 2466 5115 Senatu
2497 5040 2812 5115 pro/lioque.
2869 5040 3043 5115 Cinna
3071 5053 3125 5100 et
3154 5045 3434 5115 Cmcilius,

1845 5107 2006 5180 legati
2032 5111 2084 5163 in
2114 5110 2423 5178 Hispaniam
2446 5111 2512 5164 ad
2543 5109 2802 5179 Lepidum
2830 5114 3004 5175 missi.
3038 5117 3344 5173 attulerunt
3374 5107 3433 5174 Si

1843 5181 1907 5235 C.
1940 5195 2050 5260 quo
2079 5182 2416 5260 cavebatur":
2464 5197 2530 5236 ne
2560 5181 2798 5250 Lepidus
2832 5183 3084 5240 Vaccaeos
3113 5188 3258 5244 bello
3286 5201 3436 5260 pete.

1846 5250 2273 5320 ret.Appianu3.
2351 5250 2514 5304 FABR.

1923 5322 2038 5396 1⁸1.Δ
2061 5321 2204 5396 Hac
2230 5321 2324 5374 sub
2352 5321 2569 5396 Lepido.
2597 5321 2660 5396 ln
2683 5323 2912 5393 vulgatis
2935 5325 3152 5396 legitur,
3207 5331 3300 5384 sub
3328 5331 3441 5385 Mc-

1850 5395 1990 5452 tello.
2023 5391 2077 5446 In
2109 5393 2354 5464 Epitoma
2385 5409 2468 5448 Lt‘l
2495 5395 2566 5448 ita
2596 5391 2798 5464 legitur
2825 5412 2838 5448 :
2864 5391 3120 5454 Dissimili
3142 5391 3327 5456 eventu
3357 5403 3436 5458 M.

1845 5464 2098 5546 @‘milius
2129 5463 2357 5546 Lepidus
2385 5481 2593 5546 procos.
2636 5463 2879 5546 adversus
2920 5468 3158 5526 Vaccwos
3190 5491 3307 5546 rein
3324 5493 3441 5546 ges-

1845 5537 1933 5604 sit,
1966 5535 2262 5606 clademque
2287 5537 2504 5590 similent
2537 5535 2879 5592 Numantina:
2906 5557 3087 5604 passus
3120 5555 3216 5598 est.
3267 5535 3432 5600 Ρῖωι.

1919 5608 2010 5682 1-8.
2052 5605 2146 5682 Ita
2172 5605 2325 5682 nunc.
2377 5608 2515 5682 Edd.
2543 5609 2969 5682 q_u;cdam_vett.,
3002 5630 3162 5682 quare
3189 5631 3344 5670 nunc.

1921 5679 2049 5734 CAP.
2084 5677 2168 5758 Vl.
2203 5707 2272 5758 τ-
2303 5679 2354 5732 1.
2392 5679 2518 5735 Sex.
2553 5679 2743 5758 Fulvio
2773 5677 3098 5752 Ριαεεο,’ρ.
3131 5685 3436 5758 Calpurnio.

1858 5750 1925 5808 lli
1945 5751 2194 5805 consules
2219 5749 2434 5804 fuerunt
2451 5765 2595 5806 anno
2616 5751 2777 5807 Urbis
2805 5767 3023 5810 ncxvttt.
3045 5749 3311 5813 Caeterum
3336 5761 3440 5813 0t»

1853 5837 2088 5898 sequens
2109 5836 2332 5895 puerum
2359 5821 2512 5881 illum
2533 5833 2717 5882 natum
2745 5839 2854 5883 non
2879 5825 2963 5886 bis
2989 5829 3438 5897 consulibtts,sed
