3938 6294
504 305 539 365 9
553 310 607 365 31
1900 301 1983 358 PA
1996 297 2108 358 UL!
2143 299 2370 360 OROSII
3679 307 3774 365 933

506 426 650 483 libus
672 471 686 496 ,
719 426 906 482 Romae
936 438 1067 494 puer
1093 436 1158 479 ex
1192 421 1392 478 ancilla
1423 422 1442 453 ³
1473 427 1633 476 natus
1661 425 1744 476 est
1789 418 2101 490 quadrima-
2129 423 2183 482 Α
2821 411 3052 473 CAPUT
3089 414 3200 471 γη.

510 536 648 590 nus,
681 518 855 574 oculis
884 524 1144 587 quatuor,
1173 513 1399 569 auribus
1431 511 1656 568 totidem
1684 551 1702 578 ,
1731 519 1923 567 natura
1953 509 2103 566 virili
2203 509 2284 567 De
2337 509 2630 565 Numantia
2661 549 2677 576 ,
2724 511 2948 592 ejusque.
2991 527 3082 592 per
3138 509 3437 582 Scipionem
3495 513 3775 586 Africanum

509 582 732 681 duplex.
769 610 824 664 in
853 582 1038 666 Sicilia
1084 623 1240 662 mons
1269 605 1434 662 lEtna
1475 613 1660 660 vastos
1705 605 1858 674 ignes
1889 610 2105 658 eructa-
2864 582 3144 637 άείείίοηθο

504 706 618 766 vit,
653 718 717 758 ac
737 701 875 756 fudit
909 721 920 754 ί
959 700 1052 768 qui
1086 709 1390 755 torrentum
1433 697 1597 753 modo
1630 712 1726 766 per
1755 711 1920 765 prona
1960 709 2102 765 prze-
2279 697 2297 729 ι
2328 697 2486 752 Anno
2525 697 2594 751 ah
2627 695 2773 753 Urbe
2800 696 3017 752 condita
3055 711 3194 753 δοκι
3217 739 3232 759 .
3283 712 3402 753 cum
3436 698 3604 770 major
3646 717 3769 771 pene

505 794 736 865 cipites,
790 793 1034 863 proxima
1081 805 1312 862 quaeque
1359 788 1792 858 corripientibus
1843 799 2105 842 exussere
2205 788 2422 843 infamia
2454 788 2522 845 de
2569 787 2776 844 foedere
2806 787 2947 860 apud
2991 788 3331 844 Numantiam
3382 800 3582 860 pacto,
3629 808 3770 863 quam

506 887 773 954 ﬂammis;
819 885 1196 957 longinquiora
1244 892 1430 939 autem
1463 882 1662 937 favillis
1702 881 1895 936 calidis
1919 920 1934 945 ,
1980 894 2104 936 cum
2206 879 2348 949 apud
2368 879 2644 935 Caudinas
2673 879 3231 951 quondamiureulas,
3252 881 3515 952 pudorem
3545 881 3780 942 Romamn

503 993 706 1048 vapore
753 979 904 1048 gravi
962 977 1072 1032 late
1105 975 1459 1031 volitantibus
1488 1017 1503 1041 ,
1562 981 1915 1037 torruerunt;
1963 972 2106 1042 quod
2208 971 2404 1029 frontis
2439 984 2734 1040 oneraret,
2769 974 2952 1044 Scipio
2995 973 3626 1032 Africanus'consensu
3666 993 3778 1035 orn-

509 1069 530 1101 ³
556 1069 760 1126 Sicilia:
818 1082 1036 1138 semper
1066 1067 1415 1123 vernaculum
1465 1081 1640 1136 genus
1685 1063 1950 1130 monstri,
2000 1079 2106 1118 non
2209 1065 2353 1121 nium
2384 1068 2623 1122 tribuum
2653 1067 2846 1122 consul
2888 1078 3105 1123 creatus
3129 1112 3143 1138 ,
3192 1077 3356 1140 atque
3385 1069 3452 1124 ad
3485 1086 3783 1142 oppugnan-

510 1161 844 1232 portendere
892 1160 1093 1215 malum
1131 1159 1372 1226 assolet,
1423 1159 1523 1213 sed
1567 1157 1790 1213 inferre.
1827 1157 1882 1212 in
1929 1156 2108 1212 Bono-
2208 1158 2333 1213 dam
2386 1158 2732 1215 Numantiam
2792 1174 2915 1214 cum
2977 1161 3221 1216 exercitu
3274 1161 3479 1217 missus
3539 1175 3638 1218 eet.
3682 1163 3782 1218 Nu-

510 1257 689 1314 niensi
711 1271 843 1327 agro
873 1255 1056 1327 fruges
1085 1257 1136 1311 in
1173 1257 1466 1312 arboribus
1495 1254 1517 1286 ⁴
1545 1265 1723 1310 enata:
1761 1264 1907 1308 sunt.
1940 1253 2108 1323 Igitur
2209 1251 2409 1304 mantia
2431 1261 2614 1305 autem
2633 1251 2908 1307 citerioris
2934 1252 3230 1323 Hispania},
3256 1254 3395 1308 haud
3418 1255 3600 1325 procul
3625 1256 3787 1311 aVaco

509 1347 530 1380 ³
556 1351 609 1404 in
633 1346 815 1403 Sit-ilia
842 1346 1042 1402 bellum
1065 1348 1262 1402 servile
1288 1356 1466 1401 ortum
1490 1354 1598 1410 est,
1623 1345 1766 1414 quod
1786 1345 1923 1399 adeo
1945 1359 2109 1414 grave
2209 1345 2339 1397 czeis
2354 1343 2710 1399 ctCantabris
2727 1346 2778 1398 in
2795 1345 2979 1414 capite
2995 1345 3261 1402 Callaeciae
3284 1348 3408 1413 sita,
3427 1348 3610 1404 ultima
3629 1347 3780 1404 Celti~

511 1453 567 1502 et
594 1452 748 1496 atrox
780 1439 1126 1496 multitudine
1151 1455 1459 1506 servorum,
1490 1439 1756 1493 instructu
1781 1439 2062 1507 copiarum
2088 1477 2104 1504 ,
2213 1434 2469 1491 berorum
2520 1436 2679 1509 θοι
2715 1435 2832 1494 fuit.
2865 1439 2885 1470 ³
2917 1437 3043 1494 11ωο
3071 1453 3168 1508 per
3196 1453 3372 1495 annos
3399 1441 3786 1512 quattuordecim

509 1551 564 1596 et
591 1540 610 1570 ⁶
637 1536 1010 1608 magnitudine
1045 1533 1242 1589 virium
1279 1533 1418 1599 fuit,
1453 1541 1541 1597 ut,
1572 1533 1591 1563 ⁷
1621 1547 1728 1586 non
1758 1529 1935 1585 dicam
1973 1546 2110 1600 prae-
2209 1543 2331 1583 cum
2388 1529 2521 1584 Solis
2576 1538 2809 1599 quatuor
2867 1530 3107 1586 millibus
3162 1546 3387 1588 suorum
3457 1534 3786 1604 quadraginta

510 1638 661 1686 tores
687 1629 852 1700 300
878 1629 1155 1683 ltomanos
1179 1667 1194 1691 ,
1223 1639 1360 1694 quos
1385 1623 1599 1693 penitus
1629 1621 1938 1692 proﬂigavit
1968 1665 1982 1691 ,
2011 1619 2108 1676 sed
2212 1621 2380 1675 millia
2412 1620 2780 1677 Remanorum
2816 1638 2924 1678 non
2951 1623 3130 1678 solum
3170 1624 3431 1681 sustinuit
3452 1665 3469 1693 ,
3522 1625 3614 1682 sed
3645 1626 3786 1682 etiam

509 1723 767 1780 consules
808 1737 1030 1793 quoque
1071 1719 1354 1776 terruerit.
1387 1717 1520 1772 Nam
1565 1717 1912 1786 septuaginta
1942 1715 2105 1769 millia
2211 1713 2374 1782 vir-it,
2430 1713 2805 1786 pudendisque
2843 1715 3137 1772 foederibus
3176 1716 3380 1774 allecit.
3426 1717 3592 1790 Igitur
3628 1719 3788 1790 Scipio

513 1831 800 1872 servorum
826 1857 841 1882 ,
877 1824 991 1869 tum
1019 1814 1070 1867 in
1113 1825 1266 1866 arma
1311 1808 1744 1879 conspirantium
1774 1807 1939 1863 fuisse
1969 1805 2107 1862 refe-
2140 1823 2187 1882 Β
2218 1805 2504 1862 Africanus
2535 1807 2846 1879 llispaoiam
2889 1810 3166 1879 ingressus
3198 1825 3304 1866 non
3331 1811 3483 1867 illico
3503 1828 3562 1868 se
3586 1813 3787 1883 ingessit

514 1920 732 1974 runtur,
752 1921 978 1979 excepta
1002 1906 1133 1962 urbe
1160 1905 1570 1974 Messana,quae
1591 1916 1780 1958 servos
1808 1901 2109 1958 liberaliter
2212 1897 2490 1962 hostibus,
2521 1908 2580 1952 ttt
2622 1899 2777 1970 quasi
2832 1901 3078 1957 incautos
3129 1903 3594 1969 circumveniret,
3637 1905 3788 1959 sciens

516 2006 731 2061 habitos
769 2004 822 2058 in
868 2017 1002 2073 pace
1033 2000 1326 2055 continuit.
1360 1998 1632 2053 Caeterum
1682 1995 1869 2052 Sicilia
1918 1995 1970 2049 in
2004 1993 2109 2049 hoc
2214 2006 2506 2060 numquam
2535 1990 2556 2022 ⁸⁵
2582 1991 2632 2046 id
2657 2007 2828 2062 genus
2870 1993 3148 2049 hominum
3198 1995 3338 2052 adeo
3383 1997 3434 2051 in
3479 1996 3642 2052 otium
3686 2011 3788 2052 cor-

516 2111 733 2168 quoque
762 2092 1036 2160 miserior,
1062 2094 1183 2162 qttia
1219 2089 1394 2145 insula
1426 2101 1478 2144 et
1508 2102 1800 2155 numquam
1836 2102 1962 2155 erga
1995 2095 2108 2140 sta-
2214 2100 2346 2154 pore
2401 2096 2562 2155 atque
2605 2086 2792 2142 animo
2845 2087 3080 2155 resolvi,
3141 2097 3200 2143 ut
3229 2103 3340 2143 non
3391 2090 3505 2158 ipsa
3557 2089 3787 2160 qualitate

515 2201 628 2244 tum
657 2187 1024 2255 suum‘tjuris
1067 2183 1290 2251 idonei,
1336 2195 1483 2237 nunc
1531 2179 1780 2252 tyrannis
1827 2178 2109 2248 subjecta,
2217 2177 2550 2233 liabitudinis
2621 2193 2732 2234 suae
2792 2187 3089 2250 apparatus
3147 2180 3382 2236 aliorum
3441 2181 3782 2251 prmcelleret,

512 2297 659 2339 nunc
679 2282 850 2336 servis
883 2297 896 2334 :
931 2279 1018 2334 vel
1043 2277 1150 2331 illis
1173 2275 1458 2331 dominatu
1481 2273 1736 2343 improbo
1765 2270 2110 2341 exigentibus
2218 2270 2314 2326 sed
2360 2269 2689 2341 aliquamdiu
2747 2270 2970 2328 militem
3021 2287 3183 2328 suum
3229 2272 3282 2329 in
3327 2273 3527 2329 castris
3575 2273 3710 2328 velut
3743 2276 3785 2326 itt

511 2370 953 2433 servitutem,vel
983 2370 1100 2424 istis
1130 2368 1560 2439 praesumptione
1584 2379 1841 2436 perversa
1865 2378 2112 2418 commu-
2220 2363 2427 2418 scholis
2453 2363 2716 2418 exercuit.
2749 2363 2817 2418 Et
2862 2379 2984 2418 cum
3032 2375 3239 2434 partem
3289 2368 3500 2422 aestatis
3549 2375 3788 2436 totamque

516 2465 759 2522 tantibus
791 2464 1099 2518 libertatem
1127 2503 1142 2527 ,
1185 2459 1427 2516 maxime
1472 2459 1598 2530 quia
1643 2459 1831 2514 clauso
1871 2457 2110 2526 undique
2221 2454 2484 2522 hiemem,
2518 2470 2585 2510 ne
2626 2462 2885 2511 attentata
2927 2457 3150 2528 quidem
3192 2472 3394 2529 pugna,
3430 2459 3783 2530 transegisset,

515 2557 677 2630 mari,
703 2571 928 2628 egerere
951 2556 1097 2610 foras
1125 2569 1231 2610 non
1262 2551 1423 2608 facile
1446 2561 1624 2622 potest
1647 2551 1964 2606 intestinum
1999 2565 2113 2604 ma-
2218 2549 2300 2604 sic
2329 2564 2544 2618 quoque
2581 2565 2769 2620 parum
2803 2551 3203 2621 propemodum
3247 2551 3354 2608 hac
3393 2553 3614 2622 profecit
3655 2553 3787 2608 indu-

519 2649 656 2705 lum.
694 2647 1010 2718 Viperinam
1060 2645 1262 2716 quippe
1305 2642 1720 2712 conceptionem
1753 2645 1773 2676 9
1822 2641 2110 2712 perditioni
2219 2643 2373 2698 stria.
2405 2643 2645 2713 Namque
2669 2643 2762 2699 ubi
2793 2645 2948 2714 c0pia
2996 2645 3267 2714 pugnandi
3317 2646 3460 2702 facta
3492 2657 3604 2712 est,
3651 2660 3783 2700 excr-

520 2756 632 2796 sua:
659 2740 816 2805 aluit,
847 2753 940 2794 sua
970 2736 1198 2792 libidine
1225 2745 1464 2800 auctam,
1497 2751 1592 2790 sua
1623 2743 1801 2791 morte
1825 2734 2114 2790 victuram.
2219 2738 2358 2792 citus
2387 2735 2669 2792 Romanus
2692 2777 2711 2804 ,
2764 2750 3061 2808 oppressus
3090 2737 3291 2807 impetu
3325 2738 3748 2794 Numantinorum
3767 2775 3782 2803 ,

519 2833 578 2890 ln
607 2833 708 2889 hoc
734 2843 916 2887 autem
943 2829 1166 2885 servilis
1195 2829 1460 2884 tumultus
1486 2828 1763 2897 excitatio,
1798 2836 2002 2898 quanto
2029 2841 2119 2882 ra-
2220 2831 2240 2862 ⁸
2274 2840 2423 2901 terga
2453 2832 2723 2888 convertit
2767 2848 2780 2886 :
2834 2831 2930 2888 sed
2977 2833 3350 2904 increpatione
3378 2844 3431 2890 et
3483 2834 3632 2889 minis
3658 2831 3784 2902 obje-

522 2927 637 2981 rior
665 2927 882 2981 czcteris
904 2966 921 2992 ,
953 2933 1106 2978 tanto
1151 2923 1193 2954 ¹⁰
1231 2921 1589 2978 truculentior
1616 2929 1704 2976 est
1737 2939 1748 2973 :
1783 2919 1908 2992 quia
1936 2919 2117 2976 inten-
2221 2923 2421 2978 ctantis
2451 2937 2572 2978 sese
2601 2921 2847 2977 consulis
2870 2963 2885 2988 ,
2915 2938 3190 2995 manuque
3237 2925 3526 2982 retinentis
3553 2967 3567 2990 ,
3599 2923 3783 2979 tandem

517 3020 669 3074 tione
700 3025 1076 3073 commovetur
1101 3015 1272 3073 libera
1304 3014 1636 3082 multitudo,
1677 3021 1738 3069 ut
1769 3014 1994 3084 patriam
2021 3028 2118 3069 au-
2225 3016 2537 3086 indignatus
2581 3016 2633 3071 io
2685 3015 2897 3072 hostem
2946 3015 3110 3073 rediit
3155 3033 3170 3072 :
3229 3028 3280 3073 et
3339 3033 3499 3087 quem
3546 3016 3786 3088 fugiebat,

520 3121 676 3184 geat,
707 3111 928 3168 servilis
957 3117 1017 3166 ut
1037 3109 1248 3181 perdat.
2223 3108 2406 3180 fugere
2449 3109 2732 3180 compulit.
2768 3108 3014 3166 Difﬁcilis
3036 3119 3165 3167 tunc
3188 3109 3242 3167 in
3268 3111 3448 3168 relatu
3475 3109 3600 3168 ﬁdes
3625 3151 3639 3178 ,
3660 3106 3789 3163 ⁸Νυ-

1818 3223 2274 3282 HAVERCAMPI
2316 3225 2548 3282 NOTIE.

526 3320 928 3390 Superioribus,
959 3318 1022 3373 Ρ.
1048 3319 1212 3390 Furio
1236 3327 1289 3373 et
1313 3318 1444 3374 Sex.
1471 3317 1639 3390 Atilio
1657 3315 2138 3390 serranoscribit.
2170 3321 2214 3382 C
2248 3334 2390 3374 anno
2417 3318 2506 3372 alii
2539 3334 2646 3373 non
2682 3317 2981 3388 Scipionem
3011 3321 3291 3376 consulem
3324 3321 3516 3376 far-tum
3550 3329 3600 3376 et
3621 3318 3677 3374 ad
3702 3317 3788 3374 Nu-

528 3388 614 3450 Ad
641 3397 740 3446 Itos
755 3407 884 3446 vero
917 3406 1064 3445 coss.
1103 3389 1290 3445 Etim:
1315 3389 1626 3445 incendium
1659 3389 1869 3458 aliaque
1895 3388 2136 3459 prodigia
2247 3391 2504 3446 mantiam
2533 3392 2946 3461 oppugnandam
2988 3392 3287 3461 profectum
3311 3437 3327 3460 ,
3364 3395 3458 3450 sed
3491 3391 3785 3448 Numantiam

531 3463 725 3521 refert.
768 3463 933 3518 Fann.
1605 3530 1608 3531 ν
1639 3529 1646 3531 Α
1691 3529 1701 3531 _
2242 3461 2312 3516 ab
2340 3476 2406 3517 eo
2437 3471 2796 3531 expugnatam
2828 3462 3093 3518 scribunt.
3131 3463 3298 3520 Fann.

615 3535 671 3587 2.
708 3533 880 3588 Natus
926 3544 1022 3588 est.
1073 3531 1329 3606 Meliores
1364 3545 1521 3606 mss.,
1563 3529 1818 3606 videlicet
1857 3540 1971 3606 tres
2009 3529 2135 3585 Flo-
2311 3533 2369 3606 2.
2416 3529 2684 3606 Con—sensu
2728 3534 2958 3586 omnium
3002 3535 3248 3590 tribuum.
3291 3535 3486 3592 Nescio
3531 3531 3748 3606 equidem
3775 3572 3788 3596 ,

548 3613 716 3665 rent.,
747 3606 892 3659 Meus
924 3615 974 3658 et
1003 3607 1276 3676 l'eriz‘on.,
1302 3604 1486 3656 delent
1519 3602 1757 3676 verbum
1773 3603 2064 3676 posterius.
2249 3605 2446 3673 quibus
2475 3604 2775 3658 rationibus
2814 3607 2943 3658 moti
2975 3605 3065 3659 alii
3095 3615 3440 3662 correctores
3475 3602 3784 3676 scripserunt,

608 3677 662 3729 3.
697 3676 896 3731 Sicilia!
922 3673 1252 3747 vernaculum
1276 3690 1434 3747 genus
1463 3674 1694 3747 monstri.
1729 3673 1899 3747 Supra
1935 3673 2028 3728 lib.
2061 3687 2138 3740 tv,
2242 3691 2498 3730 consensu
2538 3676 2771 3728 omnium
2808 3692 2870 3729 ex
2903 3676 3110 3731 tribuno
3135 3678 3322 3731 consul
3365 3673 3592 3740 creatur,
3617 3690 3719 3730 cum
3745 3673 3788 3747 in

534 3745 2142 3818 cap.b’,deCarthagine,Carthaginiensesvernaculumamite
2245 3747 2627 3818 manuscriptis
2666 3761 2826 3818 secus
2859 3747 3086 3814 legatur.
3138 3747 3310 3804 Faun.
3353 3749 3520 3804 Causa
3553 3748 3695 3802 fuisse
3725 3745 3789 3798 vi-

538 3816 840 3872 intestinum
871 3816 1072 3888 semper
1093 3819 1228 3871 inter
1250 3835 1302 3871 se
1333 3817 1520 3868 malum
1546 3817 1768 3870 habuere
1799 3816 2136 3868 discordimn.
2243 3817 2400 3871 detur
2430 3857 2444 3882 ,
2475 3816 2616 3886 quod
2644 3819 2694 3871 in
2727 3817 3047 3887 quibusdam
3085 3835 3215 3872 tnss.
3249 3823 3554 3875 invenerint
3579 3820 3787 3870 vitiosam

612 3890 669 3945 4.
708 3890 896 3945 Enala:
946 3887 1086 3944 sunt.
1140 3890 1262 3943 Ilu-c
1307 3889 1634 3956 optimorum
1681 3903 1774 3942 sex
1804 3887 1889 3940 vel
1932 3900 2138 3956 septem
2245 3889 2383 3942 bane
2412 3889 2731 3948 lcetiogem,
2767 3891 2994 3943 omnium
3025 3891 3370 3945 tribunorum.
3403 3890 3476 3945 Ita
3502 3891 3633 3946 enim
3674 3888 3786 3941 scri-

543 3962 902 4033 codd._lectio
923 3971 1027 4017 est.
1061 3960 1603 4033 Vulgo,_nala:_runt.
1773 4027 1804 4033 __
1987 4029 1998 4033 Α
2103 4031 2111 4033 Α
2244 3959 2391 4033 hitur
2412 3960 2464 4014 itt
2491 3958 2669 4033 Lugd.
2697 3959 2815 4015 Bal.
2848 3975 2929 4030 pr.
2959 3970 3011 4014 et
3042 3963 3203 4016 tertio
3231 4005 3245 4028 ,
3271 3957 3785 4033 atqociusm.ch_oll.

621 4035 675 4087 5.
705 4031 770 4085 lu
809 4034 993 4087 Sicilia
1027 4027 1237 4086 bellum.
1276 4031 1390 4084 Hoc
1428 4029 1618 4084 bellum
1652 4027 1855 4104 servile
1883 4029 2143 4104 excitavit
2242 4029 2485 4086 Gronov.
2516 4027 2697 4104 ln'ed.
2744 4027 2878 4100 Aug.
2926 4033 3130 4104 abest;
3153 4027 3272 4087 Mox
3305 4027 3390 4087 ‘a'd
3436 4027 3788 4104 expugnandum

558 4101 748 4158 Eunus
778 4104 945 4174 Syrus
975 4120 1038 4158 ex
1071 4106 1203 4157 urbe
1226 4104 1486 4170 Apamea,
1512 4116 1704 4174 servus
1735 4102 2015 4170 Antigenis
2037 4103 2140 4158 En-
2244 4114 2442 4172 prmter
2473 4103 2598 4159 edd.
2633 4104 2888 4172 quasdam
2915 4112 3047 4158 vett.
3089 4101 3234 4159 Flor.
3268 4120 3388 4162 sec.
3431 4100 3787 4174 αἰπὰ-8³1.

547 4178 756 4230 nensis.
789 4171 954 4244 Cujus
982 4174 1118 4228 belli
1151 4189 1392 4246 causam,
1424 4173 1659 4246 (ladem,
1694 4187 2020 4246 omnemque
2047 4189 2139 4228 ra-
2244 4171 2328 4242 pr.
2358 4189 2619 4246 terrorum
2651 4171 2866 4244 quoque
2895 4190 2993 4244 pro
3045 4191 3259 4229 tuorum
3323 4185 3436 4232 tres
3475 4171 3630 4246 Lugd.
3671 4171 3788 4226 Ball.

546 4246 747 4300 tionem
769 4261 796 4299 a
819 4243 1060 4301 Diodoro
1081 4244 1587 4301 Siculolibroxxxw
1607 4245 1933 4312 descriptam
1951 4245 2140 4299 Latine
2243 4258 2364 4298 cum
2397 4244 2535 4300 (Ioll.
2562 4243 2806 4300 Gronov.

547 4317 718 4372 edidit
747 4318 1010 4373 [leniit-us
1033 4317 1355 4385 Stephanus.
1380 4315 1458 4369 lle
1485 4318 1678 4369 eodem
1707 4313 1900 4369 Florus
1929 4315 2021 4386 lib.
2056 4330 2136 4382 tu,
2262 4384 2295 4386 Η
2316 4317 2369 4371 5.
2400 4314 2530 4370 Ηιινε
2558 4332 2647 4386 per
2667 4331 2829 4370 annos
2859 4332 2970 4370 xtv.
3019 4315 3214 4372 Florus
3255 4317 3387 4373 libr.
3434 4333 3470 4373 ll
3497 4359 3511 4382 ,
3558 4331 3663 4383 cap.
3699 4312 3788 4386 718:

547 4402 598 4442 c.
626 4389 774 4447 19,01
799 4389 979 4444 Livius
1003 4389 1095 4440 lib.
1121 4384 2136 4457 Lvt.MeminitAppianusIib.t.F/tnn.
2245 4384 2534 4441 Numantia
2560 4384 2804 4457 quatuor
2842 4387 3068 4442 millibus
3107 4389 3479 4443 Celtiberorum
3509 4404 3569 4442 si.
3609 4385 3789 4438 millium

619 4459 673 4512 fi.
719 4461 1086 4530 Magnitudine
1113 4459 1318 4514 virium.
1353 4455 1802 4530 Conjittnctionem
1835 4467 1916 4522 et,
1956 4458 2139 4512 invitis
2243 4461 2520 4530 ceteranam
2553 4455 2642 4528 per
2675 4475 2838 4512 annos
2876 4475 2962 4514 xiv
3009 4460 3122 4513 sola
3166 4463 3430 4516 sustinuit.
3466 4460 3711 4530 Appianus
3749 4457 3789 4506 itt

547 4544 679 4584 mss.
715 4528 1003 4597 omnibus,
1038 4530 1373 4584 intrttserant
1415 4529 1683 4595 editores,
1719 4543 1882 4596 quam
1925 4530 2136 4583 sustuli.
2245 4528 2548 4596 liiSpauicis
2597 4531 2783 4583 scribit
2837 4529 3286 4587 Numantinorum
3344 4541 3469 4587 ante
3500 4528 3678 4584 bellum
3707 4541 3790 4579 non

625 4602 675 4674 _7.
713 4602 834 4674 Non
862 4603 1034 4674 dicant
1057 4610 1322 4674 prwtores.
1372 4599 1614 4674 Quatuor
1656 4609 1978 4674 praetorum,
2015 4599 2136 4653 Ma-
2244 4600 2413 4674 fuisse
2442 4601 2673 4674 amplius
2701 4601 3042 4674 oetotnillia.
3068 4603 3179 4674 lius
3202 4603 3269 4658 de
3301 4605 3464 4659 rebus
3507 4616 3536 4654 a
3575 4601 3792 4671 Scipione

552 4671 692 4737 nilii,
730 4671 962 4740 Lentuli,
1002 4669 1226 4736 Pisonis,
1264 4669 1506 4742 Ηξιρδιινίἱ
1530 4681 1705 4742 castra
1739 4685 1768 4724 a
1789 4672 1957 4726 servis
1983 4681 2137 4740 capta
2167 4717 2219 4742 η
2244 4671 2308 4725 ad
2335 4671 2678 4742 Numantiam
2707 4673 2873 4741 gestis
2902 4673 3038 4741 lege.
3065 4673 3232 4728 FABB.

551 4717 980 4816 ἔὲἕὴἶίῐῖἧᾌῖἱὶἐ.
1002 4717 2137 4816 ὺὶὸὶἱόἱίιέίιῗῶἰίἷὶἬρξιὲιιέιιίἷίςίόἲηῖἷιέὶὶῖ
2164 4717 2220 4778 D
2243 4717 2878 4816 ξ“ί.’ἳᾶ“ᾖὲἓῖιὶἓ.⁶ῐέὁὸῖ
2902 4717 3275 4816 “satam”...
3329 4755 3440 4801 tres
3480 4759 3601 4800 mss.
3650 4737 3790 4810 Lugd.

549 4814 642 4884 qui
677 4815 842 4871 Roma
879 4815 1196 4888 inSiciliam
1243 4828 1378 4888 cum
1409 4822 1534 4867 octo
1567 4814 1803 4888 millibus
1830 4812 2135 4868 Siculorum
2241 4813 2383 4888 Bait.
2407 4812 2571 4888 ,cn'm
2607 4816 2730 4870 cod.
2761 4817 2936 4888 Ang..
2964 4812 3244 4888 hoc'genus
3274 4817 3542 4874 scribunt.

550 4883 785 4943 militum
833 4887 1137 4956 profectus,
1184 4885 1478 4959 (.Qfl'lllliSSp
1528 4884 1717 4959 prteli_o
1757 4885 1929 4938 victus
1979 4895 2064 4940 est
2106 4899 2139 4940 a
2261 4885 2367 4959 __5.
2405 4884 2568 4957 Terga
2597 4883 3240 4959 convertit.Meusfterga
3261 4889 3432 4943 vertit.
3455 4887 3600 4956 Quod
3635 4883 3797 4940 melius

552 4961 746 5015 servis.
785 4953 860 5014 De
887 4953 1206 5014 consulibus
1231 4956 1369 5011 infra
1399 4953 1630 5008 dicetur.
1666 4953 1830 5009 FABR.
2244 4955 2448 5011 dictum
2477 4953 2580 5012 est.

635 5034 689 5088 8.
720 5031 869 5086 Juris
899 5029 1250 5102 ἱάοηεὶητιξρε
1281 5025 1450 5096 Lugd.
1490 5025 1656 5094 Batt.,
1689 5041 1810 5080 cum
1844 5025 1981 5102 pall.
2004 5025 2143 5102 Gro-
2280 5099 2290 5102 _
2317 5028 2368 5082 6.
2397 5024 2747 5083 Numantinos
2769 5038 2816 5084 et
2847 5029 3101 5102 fugorerc.
3135 5029 3266 5085 Cum
3293 5029 3434 5102 edd.
3478 5044 3594 5102 qua:
3635 5022 3798 5102 Fabri-

551 5103 922 5173 uov.,addunt
947 5099 1318 5174 fuit.Quidam
1339 5095 1559 5169 quoque
1576 5105 1779 5153 mss.et
1799 5096 1929 5153 editi
1954 5107 2026 5152 est
2050 5098 2145 5153 ad-
2247 5099 2430 5174 ciauas
2476 5095 3245 5174 prmeesserantfhabet-ent,
3281 5095 3530 5172 Dilficili's
3559 5101 3606 5174 in
3657 5095 3796 5150 relati

553 5169 824 5244 duttt'post
842 5169 1034 5229 insula.
1116 5169 1123 5170 ί
1169 5243 1188 5246 _
1400 5244 1409 5246 _
1582 5241 1601 5246 Α
1769 5239 1784 5246 _
2248 5169 2377 5246 ﬁdet
2402 5211 2417 5235 ,
2472 5169 2522 5224 Ν
2531 5172 2826 5246 uniantinot
2853 5183 2900 5226 et
2928 5173 3195 5246 ληναίην-ε
3221 5169 3240 5234 ,⁷
3254 5169 3416 5246 ειυς,
3445 5183 3502 5246 u_t
3528 5169 3680 5246 prima
3702 5179 3796 5219 out-

623 5257 678 5306 9.
704 5239 1140 5301 Perditionisuaz.
1169 5243 1242 5298 lla
1265 5244 1486 5299 omnino
1511 5239 1882 5314 refingendum
1913 5255 1978 5294 cx
2009 5255 2140 5294 mss.
2245 5241 2391 5296 nium
2420 5282 2448 5314 ,_
2477 5249 2638 5314 atque
2669 5245 2893 5314 August.
2927 5239 3145 5314 Veneta!
3171 5254 3224 5299 et
3254 5243 3434 5299 Paris.
3469 5239 3697 5314 Reliqua;
3717 5251 3796 5314 atl-

555 5322 702 5379 Flor.
735 5335 817 5389 pr.
847 5331 900 5373 et
929 5331 1048 5389 sec.
1079 5327 1239 5386 atque
1267 5316 1516 5371 Perizon.
1559 5309 1706 5370 Meus
1753 5311 1974 5368 exhibet
2027 5328 2143 5383 per-
2248 5321 2394 5389 tem_,
2421 5309 2693 5389 Bolsuing.
2720 5309 2971 5389 quidem,
2995 5311 3243 5389 Difﬁcilis
3272 5325 3407 5389 tunc
3420 5315 3471 5368 in
3493 5309 3647 5389 relatu
3666 5309 3794 5386 ﬁdet.

556 5383 749 5449 ditioné
775 5406 893 5444 sua.
924 5388 1108 5457 ναις..
1142 5383 1445 5456 perditionis
1471 5402 1602 5443 tum.
1768 5455 1777 5458 _
1899 5455 1912 5458 _
2243 5393 2292 5458 e_t
2329 5383 2694 5458 Numantinos
2741 5383 2941 5458 ffugicre
2963 5427 2978 5453 ,
3033 5383 3138 5442 etc.
3170 5387 3271 5442 Pro
3295 5386 3494 5458 [καὶαι-ε
3523 5385 3730 5448 Ilitlorp.
3755 5383 3795 5430 in

627 5453 1105 5520 £0.1'ruculeiitior
1134 5453 1230 5512 est.
1261 5460 1320 5514 Io
1340 5461 1454 5514 Meo
1479 5473 1582 5514 non
1607 5455 1781 5529 reperi
1799 5455 2024 5529 verbum
2042 5461 2138 5529 est.
2247 5453 2580 5529 Fabricianis
2611 5453 2824 5512 editum'
2850 5458 2945 5512 fttit
2977 5458 3150 5529 fugere
3174 5475 3193 5524 ;
3221 5453 3373 5528 quod
3420 5459 3708 5529 neutiquam
3734 5459 3794 5501 lo-

557 5535 726 5610 Lugd.
751 5532 890 5588 Batt.
916 5529 1341 5610 tres,cum(‘.oll.
1366 5525 1910 5610 Gronov.,£ru_d_elior
1925 5537 2020 5609 est.
2039 5527 2143 5608 [fro
2247 5525 2412 5610 lerari
2441 5541 2562 5610 cum
2594 5539 2798 5610 posset,
2832 5525 3008 5600 fugere
3036 5525 3274 5610 reposuit
3305 5529 3548 5610 Scottos.
3697 5532 3792 5610 te?

557 5589 930 5669 commovetur,
960 5589 1106 5656 Heus
1129 5615 1339 5672 queque
1367 5589 1750 5672 niovetur.'Sed
1772 5600 1882 5672 illa,
1915 5598 2032 5668 quia
2052 5597 2135 5650 in-
2247 5598 2409 5672 lectio
2439 5608 2524 5672 est
2549 5589 2913 5672 et'fugaver'e:
2949 5589 3116 5672 quani
3150 5601 3360 5672 diserte
3405 5589 3791 5672 exhibentucoti-

558 5683 817 5745 tentione,
855 5665 961 5731 etc.
985 5665 1410 5745 (IOtI._—Pel;l10ll.
1445 5673 1521 5728 ita
1562 5671 1770 5728 scribit.
1809 5665 1936 5739 Qua'
1966 5671 2137 5724 inlcn-
2249 5669 2569 5745 Longobnet
2617 5665 2798 5738 Meus,
2853 5665 3011 5745 atque
3040 5671 3389 5745 subindieant
3436 5684 3638 5741 quoque
3664 5665 3725 5719 illi
3750 5665 3789 5745 in

561 5754 720 5811 tione.
756 5741 874 5817 etc,
903 5762 962 5800 ea
991 5742 1192 5817 servilis
1213 5752 1266 5795 ut
1286 5744 1487 5817 perdat.
1525 5814 1536 5817 _
1739 5813 1748 5817 Δ
2029 5811 2073 5817 __
2246 5741 3082 5817 quibus‘c/fugaverescribiturmt
3104 5741 3301 5817 Ultr.‘et
3323 5743 3562 5817 Floreat.
3582 5744 3788 5817 segeti!"

632 5805 762 5878 cn».
803 5805 913 5873 γιί.
938 5845 1008 5857 -ο
1039 5815 1090 5871 l.
1137 5805 1297 5870 Anno'
1329 5814 1392 5870 ab
1441 5813 1578 5870 Urbe
1615 5813 1768 5870 cond.
1813 5826 1974 5870 ncxx.
2029 5811 2141 5871 lloc
2246 5805 2387 5870 Coll.
2409 5805 2648 5872 Gronov.
2665 5828 2829 5885 supra
2851 5828 2948 5886 pro
2969 5814 3141 5873 uidere
3165 5816 3215 5871 in
3232 5815 3355 5871 Meo
3379 5812 3622 5870 scribitur
3640 5805 3786 5864 vidre.
