4028 6288
159 312 260 371 933
1193 308 1665 369 IIISTORIARUM
1704 308 1912 368 LIBER
1956 309 2020 367 V.
2060 309 2218 366 CAP.
2265 309 2400 366 VIII.
3343 313 3450 372 93.4

157 425 414 484 mantinos
449 432 503 479 et
536 421 786 495 lugaverc
805 465 821 492 ,
851 429 910 479 et
953 421 1222 493 Iugicnles
1247 425 1434 481 videre
1475 425 1728 482 Romani.
1756 426 1808 487 Α
1834 424 1914 479 vis
1943 424 2203 495 germinis
2228 422 2549 480 madefactae
2579 422 2780 496 frugis,
2809 437 2874 481 ac
2900 424 3098 483 deinde
3120 429 3360 486 siccatur
3392 441 3446 488 et

157 519 302 578 Unde
323 516 580 590 quamvis
609 515 795 587 Scipio
820 557 836 582 ,
859 517 986 586 quia
1019 526 1218 587 praeter
1246 532 1399 588 spem
1431 518 1736 587 acciderat,
1843 526 1962 587 post
2003 516 2055 571 in
2096 515 2327 572 l‘arinam
2371 515 2592 572 redacta
2619 557 2636 583 ,
2689 516 2840 572 molli
2864 530 3032 573 succo
3061 519 3400 577 admiscetur
3427 563 3443 590 ,

157 614 355 669 ltctatus
381 625 438 666 et
465 610 726 680 gloriatus
755 620 900 665 esset
921 649 937 675 ,
969 619 1148 666 tamen
1179 611 1319 666 ultra
1346 611 1365 641 ⁷
1394 611 1600 668 bellum
1641 612 1740 667 ad-
1840 626 1947 682 quo
1974 609 2242 666 fermento
2283 626 2447 681 sapor
2473 610 2804 666 austeritatis
2856 619 2913 666 et
2963 612 3114 668 calor
3162 615 3447 672 ebrietatis

161 721 341 763 versus
367 721 468 761 eos
497 704 806 760 audendum
832 718 940 758 non
961 719 1104 768 esse.
1136 703 1413 773 professus
1439 705 1744 775 cst.ltaque
1842 701 2112 771 adjicitur.
2176 703 2287 758 llac
2327 703 2488 774 igitur
2537 703 2761 775 potione
2806 713 2927 774 post
2976 704 3190 774 longam
3247 707 3445 763 {autem

163 799 332 871 Scipio
361 797 719 854 insistendum
754 796 1049 868 inopinatis
1099 799 1451 866 proventibus
1493 800 1741 866 censuit,
1843 795 2243 852 reCalescentcs
2268 837 2283 862 ,
2311 796 2456 854 bello
2486 812 2608 852 sese
2639 797 2976 853 obtulerunt.
3009 799 3182 854 Atrox
3211 800 3302 855 diu
3331 816 3453 857 cer-

163 893 342 949 urbem
371 893 540 962 ipsam
563 891 846 948 obsidione
874 892 1180 955 conclusit,
1210 894 1397 949 8Iussa
1445 895 1606 948 etiam
1635 895 1744 948 cir—
1846 899 2024 945 tamen
2057 901 2110 945 et
2163 906 2334 960 usque
2376 891 2444 946 ad
2494 891 2796 962 periculum
2846 891 3213 948 Romanorum
3271 893 3371 949 fuit
3427 914 3441 950 :

165 986 422 1042 cumdedit
447 1004 459 1039 :
491 986 652 1058 302
682 985 838 1056 cujus
868 987 1094 1041 latitudo
1125 987 1351 1057 pedibus
1381 986 1591 1052 decem,
1621 987 1744 1041 alti-
1845 981 2150 1052 iterumque
2174 982 2402 1038 Romani
2437 983 2481 1022 ⁸³
2512 999 2752 1054 pugnare
2781 999 2841 1041 se
2868 984 3158 1041 adversum
3209 986 3448 1043 Numan-

167 1079 285 1133 tndo
325 1077 507 1148 viginti
537 1082 655 1132 luit.
680 1078 856 1149 Ipsum
891 1077 1089 1134 deinde
1123 1078 1738 1148 vallum,smlibusprae-
1846 1073 1988 1128 linus
2017 1114 2034 1140 ,
2084 1073 2342 1145 fugiendo
2395 1077 2825 1146 probavissent,
2869 1078 2971 1132 nisi
3023 1078 3126 1134 sub
3193 1079 3450 1148 Scipione

165 1180 434 1233 structum.
463 1171 672 1227 crebris
703 1173 942 1226 turribus
969 1171 1323 1227 communivit
1347 1188 1362 1229 :
1392 1182 1451 1226 ut
1479 1171 1524 1226 si
1547 1188 1650 1242 qua
1675 1172 1744 1226 ab
1844 1167 2004 1240 303
2025 1180 2375 1240 pugnassent.
2400 1168 2735 1239 Numantini,
2761 1171 3065 1227 interfectis
3087 1187 3306 1227 suorum
3341 1176 3450 1230 lor-

164 1275 468 1333 erumpente
491 1263 645 1318 hoste
667 1263 718 1316 in
736 1279 858 1318 eum
887 1272 1183 1319 tentaretur
1205 1264 1466 1335 irruptio;
1493 1263 1606 1334 jam
1635 1278 1741 1318 non
1846 1260 2086 1326 tissitnis,
2114 1262 2257 1317 bello
2277 1261 2507 1318 cedunt:
2534 1263 2578 1303 ιδ
2598 1263 2916 1334 compositis
2939 1272 3121 1320 tamen
3141 1264 3445 1333 ordinibus,

163 1357 306 1426 quasi
330 1356 582 1412 obsessor
605 1371 729 1413 cum
758 1356 1007 1424 obsesso,
1038 1357 1131 1412 sed
1163 1372 1317 1412 versa
1349 1358 1463 1412 vice
1487 1357 1742 1412 obsessus
1845 1368 1948 1411 nec
1990 1355 2130 1410 sicut
2179 1355 2446 1426 fugientes
2476 1357 2530 1412 in
2555 1357 2744 1412 urbem
2782 1367 3130 1415 revertuntur
3152 1399 3169 1427 ,
3217 1376 3446 1430 corpora

163 1462 275 1503 cum
302 1447 586 1504 obsessore
609 1457 890 1518 pugnaret.
921 1447 1208 1502 Numantia
1231 1457 1412 1503 autent
1457 1449 1509 1504 in
1539 1449 1743 1504 tumulo
1844 1445 2253 1503 interfectorum
2279 1448 2345 1502 ad
2373 1448 2707 1518 sepulturam
2736 1449 2918 1505 oblata
2937 1491 2953 1519 ,
2976 1453 3228 1521 accipere
3254 1455 3448 1508 nolue-

162 1539 674 1609 sita,bandprocula
699 1539 1122 1608 lltitnineDurio,
1143 1527 1278 1595 9'tria
1305 1539 1468 1596 millia
1487 1556 1740 1611 passnnm
1846 1553 1990 1596 runt.
2018 1540 2325 1596 Novissime
2355 1556 2451 1612 spe
2483 1542 2881 1610 desperationis
2909 1546 2959 1596 in
2992 1555 3227 1599 mortem
3258 1559 3452 1601 omnes

163 1631 353 1688 ambitu
384 1632 523 1686 muri
553 1631 999 1702 amplexabatur;
1034 1633 1282 1703 quamvis
1306 1632 1470 1703 aliqui
1498 1642 1746 1687 asserant
1847 1635 2103 1691 destinati
2135 1675 2151 1700 ,
2188 1636 2424 1691 elauSam
2457 1637 2648 1690 urbem
2679 1637 2976 1691 introrsum
3007 1637 3450 1706 succenderunt,

163 1725 1006 1796 eametparvosituetsinemuro
1043 1725 1230 1780 luisse.
1255 1723 1741 1780 "Undecredibile
1847 1730 2139 1800 cunctique
2172 1729 2374 1795 pariter
2420 1728 2568 1784 ferro
2593 1771 2627 1812 ,ο
2664 1745 2875 1785 veneno
2907 1771 2921 1795 ,
2962 1739 3124 1801 atque
3171 1733 3293 1803 igne
3320 1748 3452 1788 con-

163 1830 268 1884 est,
291 1817 431 1888 quod
463 1818 566 1872 hoc
593 1816 754 1888 spatii
800 1831 928 1871 cura
986 1816 1309 1871 alendorum
1360 1816 1744 1872 custodiendo-
1774 1815 1822 1875 B
1848 1823 2050 1893 sumpti
2103 1830 2246 1876 sunt.
2305 1821 2528 1874 Romani
2565 1820 2694 1875 nihil
2725 1836 2793 1878 ex
2828 1821 2913 1876 his
2967 1823 3181 1892 penitus
3211 1825 3451 1879 habuere

163 1927 373 1982 rumque
399 1926 662 1982 pecorum
688 1951 704 1975 ,
733 1911 816 1965 vel
863 1909 1027 1966 etiam
1080 1910 1368 1966 exercendi
1425 1911 1564 1966 rnris
1595 1925 1741 1965 com-

164 2005 310 2059 modo
330 2019 448 2059 cum
472 2003 621 2059 bello
644 2011 1042 2073 premerentur,
1064 2003 1408 2070 incluserint,
1436 2003 1535 2072 ipsi
1557 2018 1740 2058 arcem

164 2113 368 2168 parvam
402 2108 594 2154 natura
620 2095 883 2153 munitam
913 2099 1242 2154 obtinentes.
1270 2096 1487 2165 AliOqui
1540 2105 1740 2149 tantam

164 2193 465 2260 paucitatem
506 2193 824 2258 hominum,
883 2203 990 2248 tam
1022 2193 1260 2263 amplum
1317 2190 1468 2244 urbis
1506 2189 1742 2258 Spatium

165 2302 258 2342 non
282 2287 488 2342 munire
536 2288 708 2357 magis
730 2327 745 2352 ,
779 2301 942 2358 quam
972 2286 1202 2357 prodere
1242 2283 1551 2338 videbatur.
1581 2282 1746 2352 Igitur

166 2380 389 2437 conclusi
425 2379 519 2436 diu
550 2379 892 2448 Numantini,
949 2387 1004 2434 et
1062 2381 1198 2434 fame
1251 2376 1539 2439 trucidati,
1596 2375 1744 2430 dedi-

169 2472 354 2528 tionem
399 2475 479 2529 sui
535 2471 886 2534 ob'ulerunt.
939 2471 984 2526 si
1031 2470 1331 2526 tolerabilia
1379 2469 1742 2538 juberentur,

166 2580 296 2636 saepe
351 2567 514 2622 etiam
575 2573 794 2620 orantes
849 2564 1009 2633 justas
1047 2577 1244 2634 pugna:
1298 2563 1634 2628 facultatem,
1691 2568 1750 2615 ut

168 2669 418 2728 tamquam
450 2657 591 2714 viris
636 2658 773 2712 mori
829 2656 1035 2710 liceret.
1082 2653 1283 2711 Ultimo
1313 2669 1500 2710 omnes
1541 2653 1748 2708 duabus

169 2751 331 2807 subito
381 2751 560 2823 portis
609 2757 948 2820 eruperunt,
998 2747 1142 2818 larga
1173 2747 1321 2818 prius
1374 2745 1594 2818 potione
1625 2746 1748 2814 usi,

169 2857 266 2899 non
294 2845 398 2899 vini
423 2886 438 2910 ,
467 2842 634 2912 cujus
665 2841 816 2897 ferax
852 2841 896 2896 is
951 2839 1102 2896 locus
1128 2856 1234 2894 non
1264 2848 1382 2904 est,
1437 2838 1531 2894 sed
1585 2852 1751 2894 succo

171 2937 316 2992 tritici
346 2952 442 3007 per
481 2945 665 2992 artem
696 2933 945 2990 confecto
965 2979 979 3002 ,
1031 2947 1188 3003 quem
1217 2946 1437 2988 succum
1489 2946 1518 2985 a
1549 2930 1749 2986 calefa-

170 3030 351 3087 ciendo
373 3029 414 3063 ¹¹
441 3029 654 3088 Celiam
677 3037 892 3084 vocant.
923 3026 969 3057 "
994 3024 1296 3083 Suscitatur
1336 3025 1480 3082 enim
1508 3024 1633 3096 igne
1659 3025 1748 3081 illa

1848 1913 2040 1980 victis,
2066 1924 2264 1982 prseter
2291 1911 2638 1966 securitatem
2671 1926 2841 1967 suam.
2878 1912 3065 1984 Neque
3093 1915 3236 1970 enim
3265 1930 3454 1971 eversa

1851 2006 2141 2062 Numantia
2171 2006 2214 2037 ¹⁸
2240 2005 2439 2060 vicisse
2480 2021 2538 2061 se
2588 2007 2760 2076 magis
2779 2006 3173 2076 Numantinos,
3225 2010 3268 2041 ⁸⁸
3291 2026 3470 2081 quam.

1851 2101 2092 2158 evasisse
2121 2098 2391 2155 dixerunt.
2425 2099 2466 2130 ¹⁷
2501 2097 2676 2154 Unum
2703 2098 3090 2155 Numantinum
3118 2103 3339 2157 victoris
3365 2118 3457 2158 ca-

1852 2203 1977 2251 tena
2011 2209 2118 2250 non
2158 2193 2373 2259 tenuit;
2402 2192 2564 2248 .unde
2595 2192 2924 2264 triumphum
2973 2193 3229 2262 dederit,
3284 2196 3456 2253 Roma

1855 2300 1961 2343 non
1984 2285 2157 2352 vidit;
2191 2300 2380 2340 aurum
2409 2286 2495 2340 vel
2515 2295 2822 2356 argentum,
2859 2286 3001 2357 quod
3029 2287 3136 2357 igni
3171 2303 3459 2360 superesse

1855 2380 2119 2451 potuiSSct
2143 2423 2157 2447 ,
2192 2377 2332 2449 apud
2357 2393 2628 2450 pauperes
2653 2393 2758 2435 non
2791 2379 2929 2447 luit;
2963 2395 3111 2436 arma
3143 2389 3201 2437 et
3245 2389 3452 2438 vestem

1862 2473 2003 2543 ignis
2034 2469 2359 2542 absumpsit.

2356 2560 2522 2635 θοι
2556 2563 2784 2620 CAPUT
2826 2562 2958 2619 vttt.

1857 2652 1937 2712 De
1985 2654 2339 2711 Gracchorum
2389 2657 2641 2731 seditione
2669 2698 2696 2731 _,_
2731 2657 2993 2729 Attalique
3035 2659 3172 2731 regis
3217 2655 3464 2731 Pergami

2501 2727 2815 2784 hwrcditate.

1925 2838 2096 2910 Igitur
2125 2852 2188 2894 ea
2235 2846 2560 2909 tempestate
2602 2855 2724 2894 cum
2773 2841 2889 2897 haec
2927 2841 3070 2914 apud
3115 2841 3460 2899 Numantiam

1852 2941 2002 3004 gesta
2033 2938 2188 2998 sunt,
2242 2929 2385 3001 apud
2427 2929 2653 2986 Romam
2694 2931 2711 2962 ¹
2755 2930 3128 2989 Gracchorum
3163 2935 3460 2991 seditiones

1853 3022 2211 3096 agitabantur.
2265 3019 2692 3094 Scipio.autem,
2722 3039 2869 3096 cum,
2919 3025 3099 3084 deleta
3148 3025 3461 3095 Numantia,

1455 3164 1546 3220 ΠΛ
1558 3163 1595 3219 ν
1607 3160 1911 3220 ERCAMPI
1952 3157 2184 3217 ΝΟΤιΕ.

237 3290 286 3344 7.
318 3289 458 3346 Bello
501 3289 752 3344 adversus
799 3301 903 3341 eos.
963 3281 1126 3355 Vulga

175 3372 348 3416 contra
379 3377 506 3416 mss.
560 3359 817 3415 meliores
845 3357 991 3412 Flor.
1022 3354 1102 3417 nr.
1137 3354 1309 3410 Meum
1357 3362 1411 3409 et
1466 3355 1712 3408 I’criznn.
1737 3395 1752 3419 ,

176 3436 352 3502 quibus
374 3433 643 3490 accedunt
683 3441 796 3485 tres
825 3428 993 3499 Lugd.
1021 3427 1160 3481 Batt.
1197 3442 1317 3481 cum
1346 3425 1483 3482 Coll.
1514 3426 1753 3482 Gronov.

180 3516 227 3560 et
247 3506 363 3560 cod.
392 3506 526 3561 Ultr.

240 3580 289 3630 8.
324 3575 487 3631 Fossa
516 3577 675 3630 etiam
715 3571 1078 3628 circumdedit.
1113 3571 1257 3623 Ilanc
1305 3570 1589 3624 lectionem
1635 3583 1756 3621 om-

177 3661 264 3702 nes
294 3649 515 3716 prohant
534 3662 670 3702 mss.
702 3653 760 3699 et
779 3643 901 3698 edd.
947 3652 1058 3698 vett
1109 3642 1216 3716 Sed
1245 3641 1520 3711 Bolsuing.
1555 3650 1756 3695 secutae

175 3712 378 3790 reliqum
405 3721 617 3790 legunt.
650 3728 699 3771 et
727 3717 865 3786 {ossa
891 3712 1251 3790 circumdedit:

237 3782 293 3846 9'
315 3789 438 3843 Tria
454 3782 634 3844 'millia
661 3782 906 3859 passuum
945 3786 1160 3859 ambitu.
1196 3783 1286 3839 Sic
1314 3782 1590 3859 Appianus
1618 3782 1753 3838 scri-

176 3858 273 3984 Ifl‘il,
321 3861 619 3917 Numantite
662 3854 943 3914 'ambitum
999 3856 1167 3912 fuisse
1241 3870 1360 3910 xxrv
1433 3854 1753 3909 Stadiornm.

215 3948 326 3984 ΔΒΗ.

215 3948 326 3987 ABR.

241 4005 323 4058 10.
375 4003 523 4060 Unde
565 4000 813 4057 credibile
842 4010 916 4054 est
945 4001 1082 4070 quod
1126 3996 1226 4051 hoc
1259 3997 1434 4065 spatii.
1492 3995 1545 4050 In
1565 3995 1756 4070 “Lugd.

176 4071 306 4131 Batt.
340 4092 419 4144 pr.
475 4086 529 4131 et
571 4085 697 4128 tert.
743 4067 966 4127 verbum
1017 4079 1087 4124 est
1129 4084 1236 4144 non
1287 4069 1527 4144 legitur.__
1554 4067 1756 4120 Omnes

174 4159 294 4200 vero
318 4139 445 4204 mss.
469 4158 522 4204 et
548 4148 680 4202 editi
712 4144 975 4210 scribunt,
1002 4143 1124 4212 quia
1153 4141 1249 4194 hoc
1276 4140 1453 4208 spatii.
1478 4139 1756 4212 Egouvero

175 4221 377 4287 reposui
423 4220 586 4290 quod.
625 4217 885 4271 Videlicet
915 4216 968 4268 in
995 4209 1419 4290 intiniltusanss.
1451 4209 1626 4290 Orosii
1659 4209 1753 4262 ob-

176 4281 404 4362 servavi,
436 4281 742 4362 saepissjine
779 4296 837 4340 ct
867 4284 1064 4354 passim
1097 4283 1464 4362 descriptores
1503 4281 1625 4362 quia
1655 4295 1756 4362 pro

175 4361 304 4428 quod
327 4350 589 4430 posuisse.
620 4358 707 4422 Id,
739 4350 879 4412 cum'
913 4365 1058 4430 recte
1099 4354 1224 4409 edd.
1247 4350 1624 4430 correxerint,
1654 4350 1756 4405 hoc

179 4425 225 4482 in
254 4425 366 4484 loco
397 4443 572 4487 tamen
601 4472 616 4495 ,
653 4429 742 4484 ubi
767 4433 819 4482 in
859 4429 1047 4498 primis
1078 4425 1443 4498 necessarium
1475 4431 1629 4498 crat_,
1662 4438 1758 4498 ne-

175 4499 464 4566 gleXcrunt.
494 4493 806 4558 Proultimo
833 4493 953 4555 cod.
1009 4496 1250 4567 Longoh.
1281 4506 1336 4551 et
1395 4509 1526 4550 mss.
1578 4493 1753 4564 Lugd.

177 4572 284 4626 Bat.
316 4574 490 4628 ultime
513 4575 775 4630 scribunt.

243 4645 326 4698 Il.
355 4645 552 4699 Celiam
600 4653 800 4698 vocant.
834 4642 1003 4712 Hujus
1032 4641 1264 4711 potionis
1292 4637 1540 4712 meminit
1588 4639 1750 4712 etjam

177 4712 376 4771 Florus.
406 4717 571 4773 Faen.
605 4746 668 4757 -
699 4710 1296 4770 VichontanumlIist.
1319 4711 1532 4765 Dorica:
1555 4710 1749 4778 p.763.

244 4787 326 4841 12.
350 4789 643 4844 Suscitatur
667 4788 802 4842 enim
844 4789 963 4858 igne
985 4786 1079 4839 illa
1100 4787 1194 4858 vis,
1215 4794 1320 4838 etc.
1348 4782 1471 4836 I-Ia'c
1494 4791 1583 4858 est
1600 4781 1760 4858 licetio

180 4855 405 4914 Florent.
447 4861 704 4927 secundi,
745 4853 905 4913 unice
947 4857 1219 4927 probanda
1246 4899 1260 4921 ,
1290 4869 1454 4927 quam
1500 4853 1759 4907 exhibent

176 4943 380 5003 {tutique
408 4932 579 5003 Lugd.
614 4925 755 4985 Batt.
797 4925 1056 5003 trescum
1104 4928 1242 5003 ορει.
1274 4925 1513 5003 G_ro_t_iov.
1550 4927 1760 4994 Appro-

178 4997 262 5053 bat
298 4997 552 5058 'eamdein
593 5003 759 5057 editio
785 5001 1025 5055 omnium
1079 4998 1271 5065 prima.
1303 4997 1544 5062 Reliqua:
1571 5011 1757 5051 omnes

178 5067 380 5144 legunt,
412 5075 695 5128 suscitatur
717 5075 853 5128 enim
877 5075 1026 5144 ignea
1052 5071 1148 5124 illa
1175 5070 1377 5144 uis._At_
1406 5067 1648 5144 Floreut.
1672 5082 1753 5134 pr.

177 5139 291 5216 θείω
315 5139 484 5214 Lugd.
519 5145 635 5199 Rat.
668 5161 750 5214 pr.
781 5139 930 5216 dele't
956 5144 1127 5216 ignem
1174 5150 1228 5196 et
1278 5141 1440 5216 iegit,
1483 5139 1760 5216 susciiatur

177 5215 306 5267 enim
348 5208 442 5269 ilia
489 5218 596 5280 vis,
636 5208 742 5272 etc.
797 5215 946 5270 Meus
976 5208 1172 5268 novam
1205 5212 1425 5266 exhibet
1469 5223 1499 5262 a
1541 5208 1764 5278 reliquis

176 5284 432 5342 diversam
461 5287 749 5342 lectionem
770 5329 786 5352 ,
813 5287 1028 5341 suscitat
1051 5287 1183 5339 enim
1211 5285 1380 5352 ignem
1405 5281 1498 5335 illa
1547 5281 1620 5334 vis
1646 5298 1764 5351 ger-

178 5357 323 5431 minis
350 5361 619 5430 calefacta:
658 5360 860 5431 frugis.
896 5357 1062 5431 quasi
1103 5359 1405 5431 per‘igneni
1451 5357 1766 5431 innueretnr

176 5429 421 5496 audacia,
447 5425 608 5501 quam
633 5425 967 5501 iittpi'ttperet
994 5425 1326 5483 bibentibus.
1359 5425 1479 5501 Sed
1517 5440 1637 5480 cum
1679 5438 1766 5478 sc-

176 5511 365 5568 quatur
388 5545 402 5568 ,
431 5498 494 5556 ac
525 5498 981 5566 deinde'sicratur,
1013 5502 1236 5554 alteram
1267 5498 1588 5564 scripturam
1624 5510 1763 5562 pra:-

178 5569 310 5626 l’ero.
333 5572 449 5628 Vox
472 5572 715 5644 germinis
739 5572 912 5640 potuit
939 5573 1154 5644 abesse,
1181 5571 1274 5623 sud
1296 5568 1766 5644 Orosinsgermen

177 5636 693 5716 madefactteifrugis
732 5636 960 5716 dixisse_
986 5642 1200 5696 videtur
1249 5653 1348 5709 pro
1377 5637 1562 5716 granis
1604 5636 1767 5716 t_ritici

179 5708 598 5770 tumescentibus
616 5708 846 5769 'tnadore
886 5713 1074 5768 aﬂ'usas
1112 5708 1268 5782 aqum
1293 5751 1309 5777 ,
1338 5709 1505 5763 veluti
1548 5708 1764 5774 solent,

177 5796 293 5856 cum
319 5787 626 5856 germinare
658 5785 941 5856 incipiunt,

245 5848 347 5912 I3:
379 5854 636 5930 Pugnare
664 5873 735 5911 se.
774 5848 949 5928 Lugd.
979 5854 1124 5911 Batt.
1157 5859 1271 5910 tres
1299 5864 1419 5908 cum
1447 5848 1582 5908 Coll.
1622 5849 1766 5908 Gro-

1135 3282 1171 3338 ti
1225 3283 1416 3338 bellum
1464 3282 1604 3337 male
1630 3323 1644 3344 ,
1698 3281 1825 3342 etC
1862 3294 1987 3332 nov.
2023 3283 2078 3331 et
2102 3274 2230 3330 edit.
2266 3273 2403 3345 Aug.
2437 3291 2682 3345 pugnare.

1938 3349 2024 3403 I4.
2073 3347 2383 3416 Compositis
2429 3356 2600 3400 tanten
2633 3347 2924 3404 ordinibus.
2960 3349 3090 3407 Post
3110 3351 3226 3409 haec
3255 3353 3306 3409 in
3336 3355 3462 3414 edd.

1866 3419 2224 3495 Fabi-iciunis,
2250 3416 2426 3495 Scotti
2458 3426 2513 3473 et
2535 3417 2772 3495 iiittorp.
2810 3421 3001 3495 legitur
3027 3440 3131 3478 non
3171 3439 3468 3495 separantes

1867 3509 1939 3547 se.
1976 3491 2128 3558 Quod
2163 3490 2371 3560 insigne
2404 3499 2485 3544 est
2526 3489 2830 3558 Glossema,
2866 3489 2998 3548 'edd.
3041 3504 3172 3551 vett.
3216 3489 3470 3555 omnibus

1868 3574 1919 3616 ct
1952 3578 2084 3615 mss.
2122 3563 2386 3630 ignotum,
2425 3561 2760 3631 dignumque
2793 3572 2851 3618 ut
2875 3564 3182 3623 induratur.

1934 3636 2014 3686 15.
2066 3631 2265 3685 Virisse
2307 3648 2360 3685 se
2388 3633 2570 3702 magis.
2609 3633 2776 3703 Lugd.
2816 3635 2950 3690 Batt.
3007 3647 3118 3692 tres
3150 3654 3272 3693 cum
3313 3641 3457 3696 Coll.

1861 3703 2098 3779 Gronov.
2137 3712 2192 3757 et
2218 3703 2306 3779 _ed.
2343 3704 2505 3779 Aug,
2539 3704 2941 3779 vicisse'_magis,
2973 3721 3244 3777 expuncto
3274 3727 3344 3765 se.
3393 3715 3463 3768 At

1861 3775 1986 3829 cotl.
2027 3773 2270 3838 Longob.
2293 3816 2307 3839 ,
2332 3773 2518 3827 vicisse
2543 3789 2599 3826 re
2626 3777 2804 3844 magis.

1938 3845 2028 3899 I6.
2077 3844 2246 3910 Quam
2278 3845 2498 3896 evasisse
2539 3845 2814 3899 duxerunt.
2855 3846 2910 3900 Id
2942 3855 3030 3903 est
3053 3848 3453 3909 existimarunt.

1863 3915 1996 3990 Nam
2027 3917 2298 3990 dixerunt,
2339 3914 2481 3980 quod
2510 3925 2696 3990 contra
2736 3932 2871 3990 mss.
2921 3917 3042 3990 cdd.
3089 3921 3335 3990 qumdam
3370 3924 3464 3978 ha.

1861 3986 2013 4050 bent,
2049 3986 2151 4037 lntc
2182 4000 2287 4037 non
2313 3986 2589 4058 convenit.
2648 3987 2842 4042 Animo
2872 3986 3203 4058 quidetn'ita
3233 4008 3468 4050 censue-

1863 4069 1988 4136 runt
2020 4055 2409 4136 Romanimseod
2439 4055 2624 4136 verbis.
2649 4055 2904 4136 semper,
2930 4061 3095 4136 etiam
3135 4064 3199 4136 in_
3233 4063 3467 4136 damnis,

1861 4128 2079 4201 inerunt
2109 4124 2403 4201 magnifici.
2446 4124 2796 4201 Inveniuntur
2819 4128 3024 4201 similia
3063 4133 3201 4201 apud
3232 4124 3466 4191 Pliuinni

1860 4198 1978 4254 Nat.
2011 4198 2147 4252 I‘Iisl.
2184 4196 2277 4250 lib.
2307 4212 2400 4260 vn,
2429 4211 2550 4264 cap.
2601 4199 2691 4262 ‘28,
2728 4214 2779 4260 υ.
2814 4201 2909 4255 591
2942 4217 2954 4253 :
2992 4196 3119 4265 Qua}
3161 4203 3355 4260 Cannis
3383 4225 3469 4261 co-

1860 4287 1995 4348 rona
2025 4270 2206 4348 merita
2235 4270 2258 4321 ?
2282 4268 2420 4348 unde
2439 4269 2644 4348 Iugisse
2667 4269 2872 4348 virtutis
2899 4287 3160 4348 sumntum
3193 4293 3319 4348 opus
3342 4279 3458 4348 fuit,

1861 4340 1940 4398 De
1972 4340 2237 4397 Annibale
2267 4339 2407 4408 apud
2438 4339 2716 4394 Iloratium
2751 4341 2838 4395 lib.
2878 4357 2961 4412 tv,
2991 4345 3082 4398 od.
3113 4344 3168 4415 4,
3197 4339 3464 4406 ver-5'49;

2110 4472 2347 4536 Dixitque
2373 4469 2568 4520 tandem
2589 4471 2806 4536 perﬁdus
2831 4473 3041 4524 Annibal
3067 4491 3081 4530 :

2108 4533 2278 4601 Cepi;
2297 4535 2521 4601 luporum
2540 4533 2704 4596 prada
2728 4539 2996 4601 rapacium,

2172 4597 2432 4661 Sectainur
2458 4597 2609 4661 ultro“.
2633 4610 2757 4660 quos
2779 4597 2973 4661 cpimus

2231 4657 2432 4708 Fallere
2459 4672 2512 4709 et
2537 4657 2765 4722 elfugere
2791 4657 2869 4712 est
2889 4663 3178 4728 triumphus.

1869 4786 2097 4844 Sallust.
2126 4785 2245 4858 .Ittg.
2286 4802 2404 4856 cap.
2442 4786 2564 4852 104,
2594 4785 2663 4843 de
2695 4788 2960 4857 Jugurtha
2992 4800 3043 4846 et
3073 4791 3285 4849 Boccho
3313 4795 3466 4852 aliis-

1865 4875 1971 4936 qtie
2003 4877 2016 4914 :
2050 4858 2115 4912 Et
2140 4859 2424 4936 ipsi__duces
2455 4862 2679 4936 feroces,
2702 4861 2791 4936 qui
2836 4877 2937 4914 non
2968 4863 3166 4936 fugere,
3192 4883 3288 4936 pro
3305 4869 3466 4922 victo-

1863 4929 2007 5004 ribus
2032 4945 2202 5004 agere.
2235 4929 2335 5004 Ubi
2369 4932 2519 5004 plura
2550 4941 2601 4984 et
2633 4931 2735 4984 al.a
2761 4931 2851 4984 dat
2874 4929 3123 5004 exempla
3149 4929 3214 4989 cl'.
3248 4935 3464 4994 Wassc.

1940 5001 2022 5056 I7.
2065 4989 2238 5056 Unum
2279 4989 2485 5056 victoris
2515 5011 2695 5054 catena
2735 5017 2838 5055 non
2871 4989 3052 5060 tenuit:
3084 4989 3228 5061 Idem
3264 4989 3466 5063 iscrib'il

1863 5069 2083 5148 Florus,
2106 5072 2201 5127 sed
2226 5073 2508 5148 Appianus
2536 5073 2701 5148 tradit
2724 5073 3054 5148 Scipionem,
3082 5079 3466 5148 quinquaginta

1867 5145 2145 5212 triumpho
2174 5145 2491 5208 reservatis,
2523 5143 2760 5212 reliquos
2785 5143 2886 5200 sub
2913 5143 3111 5201 corona
3134 5143 3464 5205 vendidisse.

1869 5215 2048 5284 Atque
2071 5214 2170 5267 hac
2198 5215 2410 5269 ratione
2449 5215 2630 5282 Scipio
2659 5213 2938 5285 Africanus
2986 5217 3309 5275 xli‘milianus
3347 5221 3469 5276 Nu-

1869 5286 2118 5340 mantiam
2151 5286 2287 5360 intra
2319 5299 2520 5338 annum
2543 5301 2608 5360 a_c
2634 5294 2746 5342 tres
2778 5302 2994 5360 nienses
3023 5305 3182 5360 quam
3212 5307 3277 5346 eo
3306 5309 3475 5348 vene-

1873 5367 1985 5434 rat,
2007 5354 2692 5434 circumdatamoperibus,
2717 5354 3064 5430 excisatnqué
3094 5364 3327 5434 :cquavit
3352 5369 3470 5422 solo

1872 5425 2107 5483 Velleius
2141 5426 2282 5482 libro
2311 5440 2369 5480 ll.
2403 5426 2562 5481 Fann.
2678 5425 2683 5426 “
2977 5425 3011 5443 ”

1941 5499 2068 5553 CAP.
2120 5497 2247 5552 VIII.
2292 5528 2364 5539 —
2403 5499 2452 5552 I.
2485 5497 2838 5553 Gracchorum
2855 5501 3153 5557 seditiones.
3186 5507 3272 5560 Τί.
3305 5505 3463 5562 Sem-

1874 5570 2098 5648 pronius
2119 5568 2426 5648 Gracchus,
2462 5570 2519 5648 I’_.
2549 5569 2725 5648 Mucio
2839 5569 3132 5648 Calpurnio
3155 5588 3296 5648 coss.
3323 5615 3336 5638 ,
3361 5593 3470 5648 quo

1871 5640 2018 5693 anno
2044 5641 2229 5719 scipio
2251 5640 2594 5719 Numantiam
2610 5641 2832 5719 excidit,
2853 5640 3289 5719 tribunusplebis
3306 5640 3470 5719 prop.

1877 5720 1959 5781 tier
2007 5711 2316 5781 seditiones,
2342 5713 2587 5781 concitas
2621 5713 2834 5768 occisus
2864 5725 2990 5781 est,
3042 5711 3369 5773 Plutarchus
3412 5711 3466 5775 in

1871 5779 2698 5866 Gracchiskappian.‘lib...Inde
2742 5784 2901 5843 bellis
2931 5779 3181 5857 Civilih.,
3237 5786 3460 5866 Livius,

1874 5850 2135 5925 Velleius,
2158 5850 2354 5911 Florus
2380 5858 2436 5910 et
2462 5849 2576 5909 alii.
2597 5852 2767 5910 FABB.
