3938 6280
140 216 245 278 941

1182 217 1657 279 HISTORIARUM
1692 218 1720 276 I

1838 218 1899 278 IR
1939 219 2007 279 ν.
2046 220 2199 279 CAP.
2246 222 2364 280 ΧΠ.
3330 225 3401 283 9i

142 330 211 388 de
258 328 509 402 periculo
561 329 755 388 salutis
796 343 911 388 suto
941 330 987 369 ιδ
1014 339 1379 390 contestatam
1401 375 1418 401 ,
1446 334 1593 407 quod
1620 333 1726 392 sibi
1754 337 1808 399 Λ
1832 334 2194 394 sunt.llarum
2217 351 2342 393 cum
2365 337 2663 397 immensos
2683 352 2936 411 acervos,
2965 340 3125 412 longe
3152 339 3316 405 undis
3338 356 3433 398 ur-

141 438 240 494 pro
263 423 437 493 patria
481 421 749 478 laboranti
787 421 857 477 ab
888 421 1156 493 improbis
1180 432 1237 479 et
1265 424 1494 493 ingratis
1522 424 1737 482 denun-

141 516 266 571 tiari
289 514 667 587 cognovisset.
697 516 743 548 ¹⁸
771 515 879 572 alio
899 516 989 573 die
1016 531 1175 574 mane
1199 519 1510 575 exanimem
1555 518 1612 574 in
1640 534 1739 575 cu-

139 606 329 663 biculo
358 623 456 663 suo
506 616 822 678 repertum,
869 624 977 664 non
1020 618 1229 666 temere
1264 608 1410 666 inter
1430 610 1592 682 311
1624 625 1737 666 ma-

143 698 291 753 xima
316 697 689 755 Romanorum
712 700 854 755 mala
877 701 1267 769 recensuerim,
1284 706 1584 771 prtesertitn
1610 717 1736 759 cum

138 800 355 847 tantum
403 792 457 847 in
487 807 549 848 ea
575 793 712 848 urbe
749 792 992 849 Africani
1018 795 1183 865 vigor
1209 803 1264 850 et
1294 794 1560 851 modestia
1586 795 1737 851 vale-

134 895 259 951 ret,
290 896 354 941 ut
395 885 555 943 facile
597 887 726 943 vivo
767 903 834 944 eo
858 929 874 955 ,
922 904 1099 961 neque
1136 890 1341 947 sociale
1367 906 1546 960 neque
1571 891 1735 949 civile

132 977 341 1034 bellum
383 992 545 1048 posse
587 980 824 1037 existere
861 982 1198 1039 crederetur.
1234 982 1277 1015 “
1303 983 1460 1040 llune
1510 984 1731 1055 quidam

131 1072 323 1128 uxoris
349 1087 467 1129 suae
494 1074 865 1143 Semproniis,
895 1075 1264 1132 Gracchorum
1291 1085 1472 1131 autem
1500 1078 1730 1143 sororis,

131 1162 257 1220 dolo
284 1173 542 1220 necatum
566 1164 771 1235 ferunt,
795 1179 875 1222 ne
889 1167 1155 1222 scelerata
1180 1166 1263 1236 (ut
1289 1167 1481 1237 credo)
1504 1166 1728 1234 familia,

134 1258 174 1289 "
205 1265 377 1329 atque
402 1256 457 1312 in
487 1257 785 1328 perniciem
815 1259 1007 1329 patriae
1032 1273 1147 1315 suas
1175 1268 1324 1329 nata,
1360 1260 1504 1316 inter
1535 1261 1733 1331 impias

127 1347 434 1404 seditiones
478 1349 721 1404 virorum
750 1393 766 1420 ,
816 1365 926 1406 non
969 1353 1134 1406 etiam
1166 1352 1502 1408 facinoribus
1531 1354 1732 1409 mulie-

126 1457 243 1498 rum
284 1451 438 1498 esset
465 1440 777 1499 immanior.
820 1444 868 1477 ’⁸
897 1443 967 1500 Il.
1004 1444 1246 1513 Aimilio,
1291 1444 1356 1500 L.
1383 1445 1577 1502 Oreste
1600 1461 1732 1502 cou-

125 1536 336 1592 sulibus
361 1578 380 1603 ,
433 1534 601 1592 Etuta
646 1545 804 1593 vasto
845 1547 1085 1594 tremore
1126 1552 1396 1594 concussa
1430 1538 1731 1595 exundavit

1841 426 2093 499 gentibus
2118 427 2314 485 ﬂuctus
2346 444 2441 500 per
2456 440 2674 488 extenta
2700 431 2808 489 late
2829 432 3013 491 littora
3037 432 3436 505 propulissent,

1841 527 2042 576 tetrum
2073 519 2240 577 nimis
2268 529 2430 592 atque
2455 522 2598 579 ultra
2625 523 2935 594 opinionem
2960 524 3277 595 pestiferum
3302 524 3370 580 od
3382 539 3442 583 n—

1839 624 1982 677 rem,
2020 610 2201 667 tabida
2226 621 2283 667 et
2316 613 2616 682 putrefacta
2645 614 2933 685 congeries
2958 614 3260 683 exhalavit,
3294 614 3439 670 unde

1838 702 2082 759 omnium
2116 703 2324 774 pariter
2371 704 2726 762 animantium
2767 714 2916 763 tanta
2963 707 3269 778 pestilentia
3307 721 3441 764 con—

1837 803 2025 851 secuta
2056 804 2174 861 est,
2207 805 2264 851 ut
2290 796 2470 855 avium
2499 840 2515 867 ,
2547 799 2811 870 pecudum
2835 815 2900 856 ac
2921 801 3217 857 bestiarum
3250 816 3444 858 cortu,

1837 888 2023 959 ptione
2037 890 2180 946 aeris
2197 889 2606 956 dissolutarum,
2621 892 2921 962 putrefacta
2936 895 3131 963 passim
3147 894 3438 964 cadavera,

1835 981 2024 1038 vitium
2052 983 2425 1053 corruptionis
2455 994 2736 1054 augerent.
2779 986 2850 1042 At
2890 1001 3018 1042 vero
3045 996 3242 1056 quanta
3274 987 3440 1047 fuerit

1835 1074 2118 1130 hominum
2150 1074 2272 1131 lues
2296 1119 2311 1144 ,
2367 1090 2470 1147 ego
2508 1076 2624 1146 ipse
2665 1076 2794 1132 dum
2823 1076 3028 1147 refero,
3065 1085 3177 1133 toto
3208 1092 3439 1150 corpore

1834 1168 2234 1238 perhorresco:
2263 1169 2533 1240 siquidem
2574 1171 2628 1227 in
2674 1170 2923 1227 Numidia
2956 1213 2972 1238 ,
3020 1171 3073 1231 in
3122 1185 3227 1242 qua
3257 1179 3385 1229 tunc
3412 1171 3436 1209 ’δ

1835 1266 2054 1337 Micipsa
2110 1281 2208 1322 rex
2254 1275 2405 1332 erat,
2438 1267 2461 1300 ⁸
2492 1266 2811 1339 octingenta
2867 1267 3037 1323 millia
3098 1266 3428 1329 hominum:

1832 1359 1981 1415 circa
2014 1373 2165 1415 oram
2195 1373 2329 1415 vero
2358 1358 2710 1424 maritimam,
2736 1372 2860 1427 quas
2888 1358 3126 1417 maxime
3154 1356 3437 1427 Carthagi-

1833 1448 2008 1504 niensi
2035 1456 2198 1519 atque
2230 1446 2474 1504 Uticensi
2514 1448 2682 1503 littori
2709 1446 2946 1518 adiacet,
2979 1447 3100 1517 plus
3130 1462 3293 1517 quam
3324 1447 3427 1503 (lu-

1838 1550 1999 1597 centa
2027 1540 2195 1596 millia
2237 1542 2464 1610 periisse
2492 1541 2751 1596 traditum
2776 1548 2885 1596 est.
2917 1540 3074 1610 Apud
3100 1540 3271 1611 ipsam
3302 1556 3435 1597 vero

123 1630 294 1699 igneis
341 1628 564 1700 globis;
611 1644 910 1701 rursusque
952 1631 1058 1686 alio
1099 1629 1187 1685 die
1218 1630 1413 1701 Lipara
1444 1630 1639 1697 insula,
1672 1638 1729 1687 et
1826 1624 2046 1689 Uticam
2097 1632 2372 1688 civitatem
2421 1632 2640 1703 triginta
2691 1630 2860 1688 millia
2911 1631 3167 1699 militum,
3198 1647 3322 1703 qua:
3361 1631 3430 1687 ad

122 1722 362 1777 vicinum
410 1723 561 1778 circa
606 1736 726 1779 eam
773 1736 928 1779 mare
975 1723 1043 1783 in,
1083 1731 1291 1777 tantum
1329 1721 1621 1788 efferbuit,
1666 1730 1727 1778 ut
1755 1721 1802 1783 B
1830 1724 2143 1796 praesidium
2175 1724 2341 1780 totius
2372 1724 2568 1780 Africae
2598 1722 2847 1781 ordinata
2880 1721 3128 1793 fuerant,
3160 1724 3437 1787 exstintu

123 1815 346 1870 adustas
370 1829 592 1886 quoque
617 1828 783 1885 rupes
810 1813 1170 1880 dissolverit,
1223 1813 1461 1868 tabulata
1500 1813 1725 1868 navium

120 1904 439 1977 liquefactis
465 1905 609 1961 ceris
635 1904 1009 1961 extorruerit:
1040 1905 1379 1960 exanimatos
1423 1903 1604 1973 pisces
1634 1918 1727 1960 su-

128 2004 598 2067 pernatantesque
641 1995 972 2053 excoxerit:
1021 1996 1275 2051 homines
1313 2009 1567 2066 quoque,
1619 1994 1725 2050 nisi

121 2090 212 2160 qui
247 2090 475 2162 longius
506 2099 739 2160 potuere
767 2089 1068 2161 dill‘ugere,
1099 2088 1452 2159 reciprocato
1479 2087 1724 2144 anhelitu

122 2183 277 2239 calidi
306 2185 459 2240 aeris
482 2182 717 2252 adustis,
741 2182 1039 2239 introrsum
1068 2182 1348 2249 vitalibus,
1366 2180 1669 2238 sull‘ocarit.

763 2292 997 2351 CAPUT
1036 2292 1131 2350 XI.

125 2387 195 2445 De
214 2389 416 2462 ingenti
446 2396 492 2445 et
517 2389 815 2462 perniciosa
838 2389 887 2442 vi
917 2388 1235 2462 locustarum
1262 2387 1316 2462 in
1357 2386 1560 2462 Africa,
1591 2403 1724 2462 qua-

184 2459 315 2543 runt.
352 2462 576 2541 interitu
636 2459 1014 2531 infectioneque
1065 2460 1325 2514 horrenda
1375 2475 1437 2513 ac
1484 2459 1724 2514 inaudita

185 2541 340 2603 pestis
372 2541 517 2587 orta.

184 2646 252 2703 ll.
280 2646 502 2703 Plautio
533 2646 787 2718 Hypsaeo,
816 2653 873 2702 et
908 2644 980 2702 ll.
1010 2644 1205 2704 Fulvio
1241 2645 1443 2703 Flacco
1484 2645 1724 2703 consuli.

124 2739 485 2808 bus,vixdum
513 2740 753 2796 Africam
795 2755 823 2793 a
853 2739 1119 2796 bellorum
1166 2738 1395 2796 excidiis
1432 2738 1723 2811 quiescen-A

124 2842 245 2903 tem,
277 2832 566 2891 horribilis
613 2840 671 2890 et
716 2832 975 2888 inusitata
1022 2831 1259 2904 perditio
1287 2839 1580 2889 consecuta
1611 2836 1750 2893 est.'

122 2926 355 2999 Namque
383 2941 523 2982 cum
572 2940 672 2997 per
712 2934 879 2980 totam
902 2924 1154 3007 Africam
1184 2924 1202 2955 ⁸
1234 2922 1516 2980 immensa:
1562 2924 1720 2979 locu-

121 3025 318 3073 starum
378 3014 765 3073 multitudines
793 3015 1157 3080 coaluissent,
1186 3025 1241 3070 et
1272 3029 1378 3069 non
1420 3013 1585 3070 modo
1604 3014 1718 3084 jam

1830 1825 1993 1885 atque
2046 1814 2239 1869 abrasa
2270 1821 2399 1870 sunt
2431 1832 2445 1870 :
2477 1815 2609 1881 Qum
2638 1813 2825 1870 clades
2851 1813 2873 1845 ⁸
2903 1824 3010 1870 tam
3056 1814 3336 1885 repentina
3366 1830 3431 1871 ac

1831 1914 1940 1961 tam
1969 1905 2210 1961 violenta
2240 1903 2468 1974 institit,
2503 1912 2563 1961 ut
2592 1913 2721 1961 tunc
2748 1904 2892 1976 apud
2921 1903 3130 1969 Uticam
3179 1905 3282 1960 sub
3323 1920 3433 1962 una

1829 1998 1920 2055 die
1945 2014 2046 2070 per
2068 2014 2230 2055 unam
2259 2007 2472 2071 portam
2503 2013 2572 2056 ex
2599 1998 2709 2055 illis
2754 1998 3070 2069 junioribus
3108 1998 3227 2070 plus
3260 2014 3428 2071 quam

1829 2090 1850 2123 ⁷
1874 2091 2025 2146 mille
2051 2091 2380 2162 quingentos
2410 2099 2658 2148 mortuos
2706 2089 2885 2147 elatos
2930 2090 3101 2147 fuisse
3151 2100 3425 2151 narretur.

1829 2184 2217 2241 Verumtamen
2248 2198 2383 2255 pace
2410 2192 2467 2240 et
2505 2183 2681 2255 gratia
2708 2182 3099 2254 omnipotentis
3128 2184 3227 2239 Dei
3266 2183 3425 2239 dixe-

1828 2277 1954 2344 rim,
1984 2277 2007 2309 ⁸
2033 2275 2101 2332 de
2130 2275 2285 2351 cujus
2313 2274 2710 2341 misericordia,
2742 2284 2798 2331 et
2821 2276 2874 2331 in
2902 2275 3059 2345 cuius
3091 2274 3287 2331 ﬁducia
3312 2276 3430 2332 haec

1827 2367 2049 2440 loquor,
2079 2368 2327 2441 quamvis
2356 2378 2411 2424 et
2442 2368 2781 2439 temporibus
2824 2367 3026 2423 nostris
3050 2370 3071 2402 ’
3102 2368 3428 2425 exoriuntur

1826 2463 2146 2537 aliquando,
2170 2472 2227 2520 et
2254 2463 2359 2520 hoc
2384 2462 2619 2519 diversis
2654 2461 2897 2533 partibus
2923 2461 3179 2531 locustae,
3227 2470 3284 2517 et
3312 2462 3429 2532 ple-

1826 2571 2056 2628 rumque
2078 2555 2267 2622 etiam,
2294 2554 2389 2612 sed
2425 2552 2802 2618 tolerabiliter,
2853 2551 3078 2621 laedant,
3129 2566 3424 2624 numquam

1826 2656 2008 2704 tamen
2039 2644 2714 2718 temporibusChristianis
2744 2651 2891 2700 tanta
2922 2643 3005 2700 vis
3030 2642 3425 2703 inextricabilis

1825 2737 1955 2795 mali
1981 2736 2198 2803 accidit,
2225 2745 2280 2792 ut
2294 2735 2564 2807 pernicies
2599 2735 2956 2801 locustarum,
2988 2750 3109 2806 qua:
3127 2735 3291 2808 315
3327 2737 3428 2806 (sic

1826 2833 2013 2887 mendo
2042 2829 2430 2904 typographico)
2465 2829 2615 2884 nullo
2641 2826 2804 2883 modo
2835 2825 2963 2883 ferri
2985 2827 3109 2884 vlva
3133 2829 3424 2900 potuisset,

1825 2933 2041 2980 mortua
2092 2924 2210 2993 plus
2252 2928 2477 2977 noceret
2512 2938 2527 2975 :
2559 2927 2720 2990 clqua
2775 2918 2866 2974 diu
2916 2917 3129 2975 virente
3186 2920 3425 2991 peritura

1825 3015 2201 3080 erantomnia,
2228 3028 2291 3068 ea
2314 3011 2542 3083 perdita,
2569 3011 2929 3082 pereuntibus
2950 3011 3123 3082 magis
3148 3013 3423 3081 omnibus,

124 3118 360 3164 cunctam
384 3122 543 3178 spem
578 3106 740 3181 312
771 3105 982 3177 frugum
1014 3106 1372 3169 abrasissent,
1417 3104 1724 3177 herbasque
1752 3109 1797 3173 C
1830 3094 2125 3181 optandum
2155 3105 2333 3174 fuerit,
2366 3104 2410 3139 ιο
2438 3118 2509 3159 ne
2533 3104 2789 3174 perisset.

126 3214 302 3257 omnes
331 3214 467 3256 cum
497 3209 649 3271 parte
678 3198 944 3267 radicum,
976 3209 1031 3256 et
1056 3198 1181 3255 folia
1211 3199 1469 3255 arborum
1492 3215 1612 3255 cum
1637 3209 1717 3256 te-

124 3294 422 3350 neritudine
473 3308 750 3349 ramorum
806 3294 1306 3363 consumpsissent,
1333 3307 1521 3350 verum
1551 3295 1715 3351 etiam

124 3399 327 3443 amaros
363 3384 611 3442 cortices
637 3394 802 3455 atque
828 3385 983 3441 arida
1004 3384 1152 3456 ligna
1170 3386 1192 3418 ’
1217 3385 1598 3456 perrosissent,
1632 3401 1721 3444 rc-

124 3480 337 3547 pentino
362 3479 385 3510 ³
421 3476 663 3547 abrept-.1:
709 3486 904 3548 vento,
939 3488 1101 3548 atque
1133 3478 1185 3533 in
1234 3478 1427 3549 globos
1483 3486 1718 3551 coactte,

125 3580 459 3643 portamque
482 3570 576 3626 diu
602 3584 700 3642 per
713 3568 1197 3638 aerem,Afticano
1226 3572 1417 3643 pelago
1446 3572 1720 3628 immersa:

2431 3192 2659 3251 CAPUT
2697 3191 2815 3249 XII.

1821 3287 1903 3346 De
1940 3286 2258 3363 Carthagine
2298 3283 2687 3411 restituant);
2717 3283 2779 3340 ϐ.
2818 3282 3044 3345 Gracchi
3082 3284 3337 3347 seditione
3372 3295 3423 3344 et

2510 3373 2565 3411 ιη
2588 3372 2661 3411 ert
2689 3373 2744 3411 u.

2510 3372 2744 3412 intentu.

1896 3480 1914 3511 ¹
1950 3479 2106 3534 Anno
2144 3476 2214 3532 ab
2242 3475 2387 3533 Urbe
2421 3472 2638 3531 condita
2678 3488 2928 3544 ncxxvn,
2952 3472 3021 3543 ρ.
3048 3472 3274 3532 Cacilio
3314 3472 3425 3533 lle-
3456 3448 3463 3457 .

1824 3569 1955 3627 tello
1987 3579 2045 3627 et
2079 3569 2145 3627 Τ.
2188 3568 2442 3638 Quinctio
2482 3566 2789 3625 Flaminino
2828 3578 2996 3633 ωδε..
3021 3567 3042 3598 ²
3068 3566 3337 3639 Carthago
3366 3567 3422 3624 in

1412 3684 1865 3743 IIAVERCAMPI
1904 3684 2142 3742 NOTAE.

123 3778 252 3850 apud
282 3777 516 3850 Livium_
537 3776 632 3832 lib.
655 3791 749 3850 _t.tx
771 3774 1082 3850 ,_Velleium
1104 3793 1167 3846 ll,
1188 3777 1491 3850 Appianum
1521 3795 1562 3844 t,
1590 3778 1715 3834 Plu-

125 3849 354 3907 tarehum
390 3851 454 3904 in
479 3847 759 3904 Gracchis.
795 3847 962 3904 FABR.
1236 3847 1242 3873 έ

187 3922 270 3978 14.
308 3921 689 3976 Contestutum.
727 3919 1113 3990 Ethugustq
1144 3927 1537 3976 contestantem.

186 3990 271 4045 15.
314 3991 443 4046 Alia
469 3991 553 4043 die
591 4006 761 4045 mane.
811 3987 984 4045 Codd.
1035 3991 1259 4061 optimi,
1292 3991 1549 4061 videlicet
1596 3999 1710 4047 tres

121 4060 369 4118 Florentt.
436 4061 590 4117 Meus
634 4073 691 4117 et
732 4062 1017 4129 Perizon,.
1066 4063 1174 4116 alio
1210 4078 1364 4117 mane
1397 4060 1705 4123 exanimem,

128 4141 260 4197 etc.;
289 4135 371 4186 die
398 4142 586 4186 autem
617 4132 669 4203 iu
709 4135 948 4203 secundo
976 4130 1220 4188 Florent.
1257 4131 1705 4203 superscribitur.

194 4204 282 4257 l6.
322 4203 477 4258 Hunc
500 4202 715 4273 quidam
744 4202 924 4257 uxoris
968 4220 1095 4257 sum.
1145 4202 1396 4273 Suspicio
1434 4203 1503 4258 de
1546 4203 1707 4257 Sem-

125 4275 307 4341 pronia
334 4289 512 4329 uxore
540 4282 625 4328 est
645 4272 699 4328 in
740 4273 984 4342 Epitoma
1014 4272 1265 4341 Liviana,
1297 4276 1365 4330 de
1394 4274 1708 4343 Sempronia

1822 3777 1943 3834 Meo
1970 3786 2134 3851 atque
2162 3775 2438 3845 Perizon.,
2464 3774 2818 3847 perroderent,
2848 3772 2991 3845 quod
3014 3770 3196 3829 forsan
3222 3771 3419 3832 melius

1821 3855 1947 3974 ests.
1982 3916 2221 3987 Abrepta:
2260 3925 2428 3973 vento.
2471 3915 2610 3987 Malo
2657 3914 2752 3987 ita,
2807 3878 2928 3971 cum
2960 3911 3083 3968 cod.
3137 3911 3413 3983 Perizon.,

1818 3984 2351 4066 Lttgd._Bat'.__tertio
2389 3996 2445 4042 et
2488 3985 2626 4041 Coll.
2648 3984 2896 4066 .Gronov.
2947 3998 3108 4066 quam
3161 3994 3403 4066 arrepta,

1817 4053 1961 4129 quod
1990 4059 2044 4114 in
2075 4056 2299 4126 reliquis
2327 4071 2463 4129 mss.
2514 4055 2875 4129 omnibusque
2918 4053 3042 4129 edd.
3091 4053 3371 4129 invenitur
3395 4100 3410 4127 ,

1817 4124 2040 4200 excepta
2069 4124 2294 4197 August.
2324 4128 2376 4182 in
2407 4139 2511 4196 qua
2541 4124 2726 4207 itidem
2749 4125 2973 4192 abreptw
3006 4124 3221 4190 legitur.

1883 4200 1940 4247 ι-
1976 4199 2196 4247 Minium
2223 4214 2333 4247 rex.
2368 4199 2441 4247 De
2469 4210 2577 4247 nuo
2609 4196 2748 4247 Infra
2778 4209 2898 4247 Cat).
2944 4194 3031 4247 15.
3062 4194 3221 4247 ΡΑΒηη

1883 4194 2196 4266 L'Micips'a
2223 4214 2333 4252 rex.
2368 4194 2441 4251 De
2469 4210 2577 4321 aut)
2609 4195 2748 4253 intra
2778 4209 2898 4264 eap.
2944 4194 3031 4248 15.
3062 4194 3232 4251 ΡΑωι.

1887 4273 1943 4327 5.
1977 4271 2304 4337 Ortingenta.
2334 4267 2465 4335 Qum
2509 4282 2592 4320 am
2619 4265 2745 4320 cdd.
2780 4265 3061 4337 octoginta,
3095 4268 3185 4336 qui
3219 4281 3407 4322 nume-

38 4379 41 4386 .
124 4334 166 4413 ξι
192 4343 429 4399 Cornelia
450 4359 611 4401 socru
643 4348 695 4399 in
732 4334 963 4413 Appiani
992 4345 1137 4401 libro
1168 4360 1208 4401 ι.
1244 4334 1381 4401 ilinc
1430 4334 1621 4400 Cicero
1652 4334 1705 4400 in
1813 4358 1909 4399 rus
1936 4334 2202 4399 Numidia:
2227 4334 2565 4407 amplitudini
2622 4345 2783 4408 atque
2812 4334 3126 4391 incolarum
3145 4351 3404 4393 numero-

126 4410 341 4488 Somnio
365 4415 642 4488 Scipio_ttis
663 4410 835 4488 dixitE
863 4415 925 4471 Si
951 4417 1141 4486 impias
1164 4419 1570 4488 propinquorum
1598 4432 1710 4469 ma—

123 4497 215 4559 nus
242 4485 503 4559 eﬂ'ttgert's.
535 4485 887 4559 lixis-limatus
906 4494 1001 4559 est
1045 4485 1369 4556 quoque'C.
1391 4487 1568 4543 Carbo
1610 4488 1709 4559 tri-_-

123 4552 293 4626 buuus
337 4552 536 4626 plebis,
577 4555 833 4626 Africano
862 4557 975 4612 vim
1021 4552 1300 4626 attulisse,
1342 4568 1400 4614 ut
1423 4558 1611 4614 scribit
1637 4556 1706 4612 ad

123 4621 582 4696 Paetums-pistum
612 4625 703 4681 2t.
735 4625 901 4682 FABR.

143 4762 156 4775 .
189 4696 275 4775 l7.
309 4698 477 4767 Atque
503 4698 558 4751 in
583 4698 885 4775 perniciem.
913 4698 989 4775 ita
1024 4698 1173 4775 Flor.
1206 4699 1445 4775 sec._sed
1478 4700 1710 4757 Floren-

122 4767 213 4820 tini
244 4779 412 4840 praet
444 4776 585 4840 _tert.
639 4768 694 4822 in
730 4770 1037 4840 perniciem.
1085 4770 1215 4826 Mss.
1253 4772 1445 4840 reliqui
1493 4785 1708 4834 omnes,

120 4847 236 4912 cum
257 4836 398 4894 Coll.
429 4838 673 4912 Gronov:
697 4836 754 4894 et
778 4839 867 4895 ed.
898 4841 1139 4912 Aug._od
1167 4836 1463 4912 perniciem.
1493 4841 1599 4896 Pro
1614 4857 1710 4911 pa—

122 4908 383 4982 tritesugg,
436 4909 614 4982 L_ugd.
640 4909 780 4982 Bait.
815 4921 925 4982 tres
953 4908 1008 4966 et
1031 4908 1178 4982 C_oll.'
1207 4911 1448 4969 Gronov.
1504 4908 1709 4982 patrue.

158 4978 273 5057 uti“.
308 4978 391 5057 ll.
422 4977 1018 5057 Ernilio,AL..0res‘t_e_.
1056 4980 1134 5037 De
1176 4982 1440 5057 prodigiis
1475 4977 1708 5051 quorum

120 5040 462 5123 hie_0ros_it_ts
481 5040 751 5123 meminit,
785 5049 909 5121 lege
934 5040 1365 5123 Obsequéntem'.
1397 5040 1563 5123 Parin.

158 5116 314 5198 .tiatf.
345 5119 443 5198 ξι.
473 5149 545 5160 --
572 5123 624 5198 l.
650 5116 931 5198 tntnen'sa:
957 5116 1297 5198 locustarum.
1325 5122 1459 5198 Qum
1484 5121 1588 5177 hoc
1616 5136 1713 5178 ca-

121 5191 227 5265 pite
253 5191 325 5245 de
360 5192 593 5265 immani
606 5262 617 5265 _
642 5191 693 5265 vi
723 5191 1095 5265 locustarum;
1125 5194 1180 5247 in
1224 5193 1423 5265 Atrica
1460 5201 1516 5248 ct
1556 5202 1713 5263 peste

122 5258 466 5337 indeexorta
492 5262 681 5337 scribit
697 5262 961 5337 ‘Orosius,
993 5279 1054 5317 ca
1071 5262 1298 5337 fuerunt
1316 5278 1345 5318 a
1368 5263 1520 5337 Livio
1545 5258 1718 5337 expc.

122 5329 504 5410 sitaiibrtux,
537 5333 590 5386 iu
621 5332 781 5410 cujus
811 5333 1057 5410 Epitoma
1091 5335 1169 5410 sic
1197 5334 1393 5410 legitur
1417 5329 1711 5389 :Pestilen-

119 5402 200 5472 tia
228 5402 284 5472 in
310 5402 494 5472 Africa
544 5420 579 5455 a
627 5402 871 5460 maxime
897 5404 1228 5463 multitudine
1261 5402 1616 5470 locustarum,
1667 5416 1722 5458 et

122 5465 304 5546 deinde
328 5465 628 5546 necaturum
650 5484 824 5546 strage
848 5476 1006 5546 fuisse
1031 5474 1281 5531 truditur.
1304 5475 1546 5532 Meminit
1560 5465 1715 5545 ejus-

129 5537 246 5613 detn
276 5544 358 5613 rei
390 5541 735 5613 Obsequens.
759 5537 927 5602 Fasti.

187 5609 271 5700 ᾖ,
294 5609 668 5700 ferrofssent.
697 5615 888 5700 λίνεα.
934 5615 1086 5700 Bai.“
1125 5625 1258 5700 teri;
1318 5616 1724 5700 puerosissent;

124 5679 219 5737 sed
249 5680 425 5755 Lugd.
457 5684 600 5745 Bait.
633 5679 854 5757 reliqui,
890 5701 1016 5747 cum
1042 5687 1184 5749 Coll.
1217 5679 1462 5747 Gronov.
1498 5696 1552 5747 et
1582 5679 1723 5747 mss}

1813 4415 1959 4470 sitati
1993 4428 2099 4466 nun
2129 4416 2403 4466 convenit.

1889 4486 1942 4540 6.
1965 4483 2096 4538 Tam
2118 4482 2389 4551 repentina
2411 4488 2600 4534 actam
2623 4478 2863 4534 uiolenta.
2892 4476 3049 4533 Prius
3075 4486 3179 4541 tam
3201 4477 3254 4533 in
3279 4478 3409 4551 edd.

1815 4555 2051 4611 Fabricii
2082 4563 2139 4610 ct
2164 4552 2337 4609 Scotti
2355 4551 2588 4618 excidit,
2620 4560 2809 4607 contra
2837 4563 3028 4605 omnes
3057 4564 3186 4605 mss.
3211 4550 3403 4605 etedd.

1735 4598 1793 4659 D
1815 4598 2235 4697 "ddit'qu'eE;
2259 4598 2650 4697 pr'f'aiterutit‘
2670 4633 2774 4675 tam
2805 4622 3219 4697 non_agnoscit.
3263 4619 3411 4688 Mox,

1817 4690 2165 4771 pm'institit,
2196 4690 2450 4771 Perizon.
2480 4692 2733 4771 bigasque
2768 4690 2980 4771 exstitit.
3000 4757 3014 4771 .

1890 4771 1944 4826 7.
1980 4767 2132 4822 Mille
2152 4758 2482 4835 quingentos.
2509 4762 2610 4819 Ed.
2645 4758 2903 4835 ’Attgustv
2942 4758 3086 4815 mille
3133 4760 3406 4818 ducentos.

1891 4785 1944 4826 'l.
1980 4785 2132 4822 uttte
2156 4785 2301 4835 (μηνί
2316 4785 2482 4819 emas.
2509 4785 2610 4819 nu.
2651 4785 2903 4830 august...

1885 4846 1943 4912 ξ.
1985 4840 2065 4912 pe
2084 4839 2257 4912 cujus.
2281 4785 2527 4912 'ln_Flor.
2562 4849 2645 4905 pr.
2676 4834 2829 4912 abest
2858 4832 2941 4905 de.

1889 4910 1944 4964 9.
1980 4904 2323 4967 Εποτὶὶιηιιιν.
2359 4904 2634 4975 Perizon.,
2666 4904 2965 4975 esuriatur;
2993 4911 3068 4975 ret
3109 4917 3258 4969 mox,
3310 4914 3409 4975 pro

1817 4981 2036 5039 diversis
2057 4980 2314 5046 partibus,
2346 4976 2509 5046 legit,
2541 4972 2757 5046 diversis
2786 4973 3118 5046 temporibus.

1891 5052 1980 5108 10.
2008 5042 2093 5104 Ne
2113 5042 2343 5121 perisset.
2366 5042 2459 5104 sic
2472 5042 2770 5117 r'eposuiex
2798 5042 2919 5099 cod.
2943 5042 3187 5114 Longob.
3228 5043 3413 5117 vulgo,

1816 5130 2171 5251 Μὲιῗιῗῖνῗξὶι.
2200 5219 2273 5241 ε-
2302 5186 2452 5242 Anno
2481 5185 2543 5241 ab
2569 5184 2708 5241 Urbe
2739 5184 2956 5240 condita
3004 5199 3246 5242 ncxxvn.
3277 5183 3416 5249 Aliis

1822 5271 1912 5318 est
1949 5275 2122 5316 annus
2168 5274 2365 5315 ncxxx.
2408 5255 2705 5313 Consulum
2751 5256 2967 5326 nomina
3012 5256 3173 5326 vulgo
3217 5255 3415 5319 misere

1825 5334 2121 5401 depravata
2141 5340 2309 5401 sunt,
2332 5343 2456 5401 qua:
2490 5327 2547 5401 in
2579 5325 2804 5401 optimis
2832 5325 2985 5401 libris
3014 5325 3160 5382 recfe
3192 5326 3411 5401 habent,

1825 5394 1931 5459 nisi
1963 5401 2104 5472 quod
2130 5394 2521 5455 Metello—Lucii
2553 5394 2658 5453 non
2702 5394 2882 5462 Quinti
2921 5412 3233 5469 praenomen
3276 5398 3416 5459 male

1829 5471 1991 5531 dant.
2016 5471 2184 5528 ΕΔΜ.

1903 5546 1962 5599 2.
2004 5542 2263 5612 Carthago
2301 5541 2355 5595 in
2393 5538 2572 5610 Africa
2602 5539 2802 5612 restitui
2819 5538 3004 5612 iussa.
3030 5536 3417 5612 Carthaginem

1832 5617 1990 5686 jussu
2017 5609 2238 5671 senatus
2262 5609 2565 5686 reparatam
2595 5609 2792 5686 scribit
2818 5609 3139 5686 Eutropius,
3161 5609 3207 5686 ᾼ
3231 5616 3424 5686 senatu

1836 5678 1897 5744 id
1940 5688 2222 5744 decretum
2260 5678 2427 5745 fuisse
2454 5679 2661 5753 indicat
2697 5678 3008 5759 Appianus;
3033 5679 3291 5749 Rubrum
3319 5678 3423 5751 tri-
