3938 6338
470 264 581 323 983

468 486 636 541 anno,
666 484 828 541 quam
850 468 1025 523 fuerat
1050 481 1262 531 eversa,
1292 467 1537 521 deductis
1561 465 1759 520 civium
1787 463 2067 518 Romano-

467 578 589 619 rum
614 561 849 627 familiis,
877 574 998 630 quae
1018 573 1141 615 eam
1162 558 1483 627 incolerent,
1511 561 1758 613 restituta
1784 564 1838 611 et
1862 556 2068 626 repleta

466 666 550 713 est
575 698 590 723 ,
638 668 834 726 magno
879 661 1004 709 ante
1043 652 1292 723 prodigio
1326 650 1691 723 prmccdente.
1724 648 1898 705 'Nam
1943 662 2065 703 cum

466 760 748 803 mensores
800 744 868 800 ad
926 744 1269 800 limitandum
1320 743 1826 812 Carthaginiensem
1876 752 2068 808 agrum

464 839 648 906 missi,
680 837 901 909 stipites
925 877 940 903 ,
972 837 1330 891 terminorum
1361 834 1569 889 indices
1589 832 1725 888 fixos
1750 877 1765 901 ,
1795 832 1818 863 δ
1849 841 2007 887 nocte
2035 845 2066 886 a

465 930 611 998 lupis
652 928 907 985 revulsos
944 926 1258 994 mordicus,
1286 939 1647 995 corrososque
1691 922 2065 993 reperissent,

467 1021 801 1093 aliquamdiu
831 1020 1146 1074 hmsitatum
1168 1027 1252 1074 est
1272 1064 1287 1088 ,
1319 1027 1498 1073 utrum
1529 1016 1787 1072 Romanae
1828 1014 1948 1086 paci
1974 1029 2071 1070 ex-

468 1113 683 1182 pediret
705 1152 723 1181 ,
761 1109 1145 1182 Carthaginem
1188 1109 1497 1165 reformari.
1530 1109 1551 1141 '
1585 1108 1788 1164 Eodem
1817 1121 1963 1161 anno
2002 1106 2065 1161 C.

468 1204 770 1271 Gracchus,
789 1204 1022 1259 Gracchi
1047 1203 1213 1268 illius,
1231 1204 1321 1272 qui
1346 1203 1455 1268 jam
1478 1201 1690 1255 occisus
1718 1200 1771 1253 in
1800 1198 2069 1254 seditione

466 1298 667 1363 fuerat,
693 1296 883 1361 frater,
914 1295 1162 1350 tribunus
1189 1293 1364 1364 plebis
1393 1307 1490 1362 per
1513 1290 1798 1365 tumultum
1827 1297 2062 1358 creatus,

468 1404 661 1459 magna
701 1386 1020 1457 reipublicae
1065 1384 1330 1456 pernicies
1381 1383 1501 1438 fuit.
1554 1382 1690 1437 Nam
1745 1395 1867 1436 cum
1921 1394 2068 1450 saepe

467 1479 727 1550 populum
748 1478 1053 1532 Romanum
1073 1476 1449 1547 largitionibus
1473 1474 1863 1545 promissisque
1885 1472 2067 1527 nimiis

464 1572 520 1634 in
554 1569 938 1627 acerbissimas
984 1568 1281 1623 seditiones
1327 1567 1348 1598 ⁶
1395 1566 1787 1631 excitavisset,
1828 1564 2065 1620 maxime

466 1664 489 1697 ⁷
521 1664 658 1733 legis
683 1662 913 1732 agrariae
941 1674 1102 1716 causa
1128 1700 1143 1725 ,
1181 1674 1281 1729 pro
1303 1673 1405 1729 qua
1437 1657 1602 1711 etiam
1632 1655 1800 1711 frater
1828 1656 1947 1725 ejus
1975 1655 2062 1709 Ti.

1877 250 2087 312 PAULI
2121 252 2351 311 OROSII

466 379 654 437 Africa
692 377 904 434 restitui
941 375 1089 446 jussu
1114 416 1130 442 ,
1160 373 1419 445 vigesimo
1461 380 1518 429 et
1559 370 1799 429 secundo
1845 371 2064 427 demum
2088 371 2139 434 Δ
2167 367 2495 440 Capitolium
2544 366 2635 423 ubi
2680 365 2879 422 concio
2927 364 3256 437 agitabatur,
3312 362 3565 421 ascendit
3616 379 3633 418 :

3662 243 3775 305 944

3691 362 3773 419 ibi

2171 463 2409 518 maximo
2454 461 2684 515 tumultu
2710 461 2945 515 excitato
2968 500 2982 524 ,
3013 461 3035 492 ’
3063 457 3283 528 quidam
3327 471 3515 527 praeco
3534 471 3567 512 a
3597 455 3776 513 Grae-

2171 554 2362 610 chanis
2402 551 2719 608 interfectus
2740 592 2757 618 ,
2786 551 2936 607 velut
2965 551 3183 621 signum
3213 547 3347 604 belli
3379 548 3504 604 fuit.
3534 548 3774 604 Flaccus

2170 646 2379 701 duobus
2403 645 2529 700 filiis
2556 643 2781 699 armatis
2807 644 3049 709 cinctus,
3075 641 3376 698 comitante
3400 641 3565 696 etiam
3597 639 3780 697 Grac-

2169 737 2275 795 cho
2311 746 2491 809 t0gato
2516 779 2531 803 ,
2561 738 2892 807 brevemque
2919 734 3159 807 gladium
3193 734 3296 789 sub
3323 734 3551 789 sinistra
3577 731 3775 789 occul-

2172 838 2358 896 tante,
2405 829 2652 899 quamvis
2693 836 2750 882 et
2794 841 3098 898 praeconem
3141 825 3342 881 frustra
3369 825 3772 897 prtemisissct.

2170 922 2260 992 qui
2301 934 2490 976 servos
2532 919 2600 975 ad
2649 920 2953 975 libertatem
2987 927 3245 983 vocaret,
3281 919 3325 950 ¹⁶
3354 918 3582 974 lanium
3632 926 3778 972 tam-

2168 1027 2332 1084 quam
2362 1028 2545 1069 arcem
2592 1013 2876 1084 occupavit
2907 1030 2921 1066 :
2956 1013 2997 1044 ¹¹
3040 1021 3230 1067 contra
3263 1013 3307 1044 ¹²
3339 1011 3405 1067 D.
3452 1011 3659 1067 Brutus
3683 1011 3775 1066 vir

2169 1098 2473 1161 cotisularis
2505 1105 2550 1138 ¹³
2571 1121 2602 1160 a
2630 1106 2782 1161 Clivo
2813 1104 3056 1162 Publicio
3082 1119 3207 1159 cum
3236 1104 3443 1175 ingenti
3464 1105 3773 1160 certamine

2170 1198 2353 1253 irruit.
2414 1197 2490 1252 lbi
2538 1197 2771 1253 Flaccus
2827 1198 2921 1252 diu
2967 1196 3403 1253 obstinatissime
3445 1197 3771 1263 dimicavit;

2168 1290 2445 1347 Gracchus
2472 1331 2487 1355 ,
2518 1302 2806 1361 postquam
2836 1290 2890 1346 in
2927 1289 3191 1360 templum
3223 1291 3486 1346 Minerva:
3522 1305 3771 1346 secesse-

2168 1391 2292 1447 rat,
2339 1382 2519 1453 gladio
2556 1382 2873 1439 incumbere
2902 1383 3133 1448 volens,
3183 1382 3230 1415 “
3281 1383 3601 1439 interventu
3652 1382 3775 1438 Lre-

2168 1474 2291 1529 torii
2316 1483 2559 1529 retentus
2585 1483 2690 1530 est.
2718 1474 2908 1545 Itaque
2949 1473 3113 1546 317
3145 1487 3268 1529 cum
3306 1473 3401 1529 diu
3430 1489 3635 1544 anceps
3656 1473 3773 1528 hel-

2167 1568 2279 1622 lum
2335 1566 2634 1637 agitaretur
2662 1610 2677 1634 ,
2719 1567 2765 1597 ’⁸
2795 1566 3011 1621 tandem
3066 1565 3376 1636 sagittarii,
3424 1567 3469 1598 ¹⁸
3515 1566 3585 1620 ab
3642 1563 3774 1634 Opi-

2112 1690 2121 1699 ο
2168 1659 2281 1714 mio
2340 1659 2544 1723 missi,
2609 1666 2922 1735 consertam
2977 1656 3378 1712 multitudinem
3422 1656 3775 1712 disturbavc-

462 1752 741 1810 Gracchus
772 1752 955 1807 fuerat
978 1744 1224 1818 occisus,
1254 1750 1419 1821 316
1445 1747 1660 1803 tandem
1685 1763 1715 1800 a
1743 1747 2021 1802 tribunatu
2046 1790 2062 1816 ,
2098 1760 2141 1817 η
2169 1762 2316 1807 runt.
2369 1752 2487 1808 Duo
2536 1752 2719 1808 Flacci
2762 1761 2918 1824 pater
2975 1752 3228 1822 filiusque
3275 1767 3398 1807 eum
3456 1768 3557 1821 per
3596 1753 3770 1807 tndem

463 1844 486 1877 ’δ
514 1847 748 1903 Minucio
791 1859 1111 1903 successore
1136 1886 1153 1913 ,
1194 1844 1453 1900 decessit.
1498 1842 1763 1897 Minucius
1806 1842 2056 1897 tribunus

461 1939 661 2009 plebis,
689 1954 810 1995 cum
840 1940 1081 1994 maxima
1105 1953 1170 1994 es
1198 1945 1352 2006 parte
1373 1936 1680 1991 decessoris
1708 1938 1790 1990 sui
1821 1934 2056 1991 Gracchi

459 2039 663 2088 statuta
720 2031 1119 2096 convulsissct,
1170 2030 1430 2100 legesque
1480 2029 1841 2099 abrogasset,
1895 2026 2059 2083 Caius

461 2122 743 2182 Gracchus
768 2139 893 2181 cum
915 2123 1103 2181 Fulvio
1126 2122 1322 2179 Flacco
1339 2119 1546 2194 ingenti
1566 2120 1797 2191 stipatus
1816 2119 2056 2191 agmine,

2161 1844 2328 1900 Luna:
2386 1846 2428 1878 "
2481 1845 2534 1900 in
2583 1845 2844 1914 privatam
2888 1844 3111 1900 domum
3156 1843 3548 1908 desiluissent,
3602 1844 3773 1899 fores-

2163 1955 2268 2010 que
2324 1938 2686 2008 objecissent,
2721 1938 2955 1994 rescisso
2989 1937 3208 1992 cratitio
3253 1936 3454 2006 pariete
3477 1975 3497 2003 ,
3526 1935 3769 1991 confossi

2163 2039 2309 2086 sunt.
2361 2032 2406 2062 η
2458 2030 2754 2097 Gracchus,
2778 2030 2820 2063 ι’
2851 2029 2943 2084 diu
2970 2044 3069 2099 pro
3096 2044 3155 2084 se
3182 2028 3370 2084 amicis
3401 2028 3771 2099 pugnantibus

2165 2136 2229 2177 ac
2258 2122 2633 2193 pereuntibus,
2660 2136 2806 2193 aegre
2833 2120 2901 2178 ad
2930 2129 3148 2193 pontem
3179 2120 3469 2179 sublicium
3492 2121 3766 2192 pervenit:

1758 2362 2210 2422 IIAVERCAMPI
2247 2363 2479 2422 NOTAE.

462 2558 665 2614 bunum
695 2553 868 2623 plebis
916 2551 1255 2623 rogationem
1302 2548 1681 2623 ad__populum
1728 2546 1799 2603 de
1839 2547 2054 2623 colonia

458 2619 844 2699 Carthaginem
883 2619 1198 2699 deducenlla
1228 2621 1555 2690 pertulisse,
1587 2628 1777 2675 auctor
1805 2629 1890 2675 est
1928 2619 2055 2675 l‘lu.

461 2692 693 2755 tarchus
712 2700 766 2752 in
794 2693 1077 2752 Gracchis.
1114 2692 1283 2747 Fann.

532 2772 587 2825 '5.
621 2766 763 2824 Nam
783 2782 899 2822 cum
921 2779 1202 2819 memores.
1236 2764 1313 2819 De
1349 2762 1453 2819 hoc
1497 2762 1746 2834 prodigio
1774 2761 2055 2832 Appianus

457 2850 515 2898 et
543 2839 890 2895 Plutarchus.
926 2835 1091 2891 ann.

530 2909 589 2965 4.
624 2909 812 2963 Nocte.
832 2907 1090 2978 Vulgg.et
1120 2914 1293 2973 nocte,
1319 2903 1415 2961 sed
1448 2918 1579 2960 mss.
1612 2903 2053 2975 coniunctionem

461 2995 571 3037 non
598 2986 916 3045 agnoscunt.

536 3052 589 3105 5.
621 3044 820 3106 Eodem
844 3063 982 3103 anno
1001 3045 1063 3102 C.
1094 3045 1383 3102 Gracchus.
1415 3047 1475 3102 C.
1503 3044 1859 3116 Sempronius
1886 3044 2056 3101 Grac-

461 3121 601 3177 chus
634 3121 965 3175 tribuuatuut
1007 3117 1186 3186 plebis
1216 3132 1313 3186 per
1349 3117 1627 3172 biennium
1674 3116 2050 3183 continuavit,

462 3202 523 3247 ut
562 3193 867 3246 notavimus
914 3190 967 3243 in
1012 3198 1335 3258 argumento
1364 3186 1724 3242 orationis’de
1755 3186 2053 3258 provinciis

464 3278 609 3327 θος..
642 3275 817 3331 eoque
859 3257 1106 3331 tempore
1140 3258 1341 3331 multas
1373 3260 1518 3329 leges
1552 3258 1713 3331 tulit,
1745 3258 1825 3331 de
1858 3257 2053 3331 quibus

459 3326 763 3400 Appianus,
794 3327 1141 3396 Plutarchus,
1173 3327 1380 3395 Livius,
1405 3326 1674 3383 Asconius
1698 3336 1755 3383 et
1784 3326 2047 3382 Velleius.

464 3402 635 3459 FABR.

533 3475 590 3529 6.
624 3469 985 3527 Excitavisset.
1020 3469 1298 3537 Perizon.,
1323 3469 1621 3536 excivisset;
1654 3467 1781 3524 edd.
1808 3467 2050 3540 quidam,

461 3545 759 3598 excitasset.
2026 3604 2029 3609 η

537 3616 591 3669 7.
638 3613 790 3684 Legis
830 3611 1053 3685 agraria:
1099 3625 1277 3685 causa.
1327 3610 1597 3685 omittunt
1643 3624 2053 3685 nonnumquam

465 3685 647 3740 Latini
676 3681 883 3739 vocem'
913 3698 1072 3735 causa
1103 3682 1191 3735 vel
1237 3682 1410 3751 gratia
1458 3682 1508 3735 in
1559 3681 1853 3751 generandi
1901 3695 2053 3744 casu,

462 3766 626 3828 prout
659 3763 805 3828 patet
844 3768 909 3809 ex
947 3751 1212 3828 exemplis
1258 3752 1498 3828 veterum
1527 3762 1602 3828 er
1618 3752 1945 3828 auctoritate
1970 3751 2053 3805 vi-

462 3821 983 3891 rorum'doctorum,
1009 3837 1037 3876 a
1070 3821 1155 3878 ιο.
1186 3823 1482 3876 Arntzeuio
1503 3821 1749 3879 adductis
1775 3822 1842 3876 ad
1871 3822 2057 3876 Victo-

463 3912 578 3953 rem
613 3910 735 3967 pag.
784 3895 854 3967 55
887 3912 899 3948 :
945 3907 1113 3967 quare
1140 3891 1287 3967 idem
1317 3892 1486 3967 \’-.__D.
1518 3892 1606 3947 hic
1648 3892 1943 3967 ah__Orosio
1988 3907 2053 3967 es

462 3961 1172 4022 mss.'atictoritate'abesse
1202 3963 1335 4017 vult.
1368 3962 1486 4017 Non
1515 3961 1972 4028 contradicerem,
2007 3964 2053 4017 si

463 4038 710 4107 pluribus
733 4035 1170 4107 \velimelioribus
1210 4033 1524 4107 adiuvarem
1564 4048 1696 4107 mss.
1727 4033 1899 4103 Nunc,
1925 4049 2052 4107 cum

461 4104 570 4163 uno
598 4108 806 4163 nitatur
825 4105 967 4163 Ultr.
997 4106 1241 4159 omnium
1275 4106 1533 4173 pessimo,
1568 4114 1621 4159 et
1644 4105 1696 4157 in
1724 4119 1833 4173 quo
1861 4104 2051 4159 crebra

462 4179 753 4232 admodum
782 4176 1171 4229 vocabulorum
1217 4175 1471 4247 emissio,
1505 4176 1767 4247 sylvaque
1803 4190 2051 4247 errorum

463 4259 567 4310 est.
598 4264 718 4304 cum
747 4248 974 4317 reliquis
1007 4260 1138 4300 mss.
1180 4245 1435 4317 omnibus
1464 4245 1625 4317 posse
1651 4246 1870 4300 retineri
1903 4254 2051 4315 puto.

534 4322 587 4373 8.
632 4316 881 4373 Minucio
909 4330 1221 4370 successore.
1271 4316 1424 4369 llunc
1446 4316 1697 4369 videntur
1735 4317 1955 4385 collegae
1998 4317 2051 4371 in

461 4390 691 4445 Gracchi
723 4391 902 4445 locum
935 4386 1233 4456 subiecisse
1260 4427 1275 4450 ,
1306 4400 1434 4439 cum
1464 4386 1556 4441 ille
1586 4387 1832 4456 plurimis
1855 4387 2050 4441 sutl'ra-

459 4463 564 4529 giis
594 4461 838 4515 tribunus
878 4457 1050 4529 plebis
1088 4458 1305 4529 tertium
1342 4466 1563 4529 creatus
1594 4468 1781 4529 esset,
1831 4473 1941 4527 quo
1981 4458 2050 4513 de

460 4526 739 4588 Plutarch.
769 4527 991 4597 Minucii
1013 4526 1173 4597 hujus
1193 4526 1657 4597 meminitFlorus
1686 4528 1782 4581 lib.
1814 4543 1891 4591 ιιι,
1927 4543 2048 4597 cap.

460 4603 549 4656 15.
594 4606 805 4658 Auctor
848 4598 916 4654 de
950 4596 1093 4653 Viris
1130 4596 1334 4652 lllustr.
1379 4596 1671 4651 Minucium
1714 4598 1916 4668 Rufum
1954 4596 2055 4654 no-

459 4673 649 4727 minat.
681 4672 850 4726 FABR.

532 4744 601 4822 9._
633 4741 859 4822 Quidam
886 4754 1092 4822 prdit:th
1130 4736 1321 4822 Atilius
1355 4751 1541 4822 praeco
1578 4737 2046 4822 Opimii-consulis
2074 4747 2127 4808 1)

458 4821 544 4866 est
586 4813 639 4867 in
684 4813 822 4866 libro
868 4808 1125 4865 de‘Viris
1171 4808 1510 4877 lllustrihus,
1553 4808 1643 4879 qui
1685 4824 1714 4863 a
1752 4810 2042 4864 Plutarcho

456 4884 694 4957 Ὀπιμίῳ
715 4885 973 4957 ὑπηρέτης
997 4888 1199 4957 ιςρῖντρς
1218 4879 1491 4957 ’Λντὶλλιος
1504 4882 1832 4957 nomingtur,
1861 4881 1912 4957 it!
1936 4884 2046 4949 Ap-

454 4950 602 5025 piani
640 4954 792 5025 libris
825 4950 977 5007 "idem
1009 4952 1254 5011 Ἀττίλιος
1279 4959 1333 5004 et
1346 4952 1580 5025 Ἀντέλιος
1595 4950 1826 5025 dicitur.
1870 4951 2037 5025 Fseu.

528 5028 617 5081 10.
648 5023 867 5078 lanium
903 5033 1161 5093 tamquam
1202 5036 1390 5074 arcem.
1432 5020 1561 5093 lltce
1595 5022 1666 5074 ita
1696 5022 1949 5091 leguntur
1984 5022 2037 5077 in

458 5097 736 5151 veteribus
790 5094 942 5150 libris
997 5092 1295 5162 omnibus.
1327 5092 1657 5146 Aventinum
1713 5100 2035 5162 occupatum

454 5180 645 5221 omnes
691 5165 976 5230 scribunt,
1004 5177 1240 5234 eumque
1269 5161 1693 5234 intelligendum
1743 5161 2033 5234 ostendit,

452 5236 596 5305 quod
622 5235 871 5306 sequitur
896 5234 965 5290 de
989 5233 1132 5306 clivo
1152 5232 1371 5300 publico
1392 5274 1407 5301 ,
1449 5232 1550 5303 per
1577 5248 1738 5303 quem
1769 5235 1822 5289 in
1854 5232 2037 5290 Aven-

449 5304 620 5361 tinum
650 5304 1061 5361 ascendebatur.
1078 5304 1243 5359 FAnn.

524 5378 613 5430 ll.
654 5375 845 5429 Contra
873 5374 944 5429 ι).
974 5375 1185 5429 Brutus.
1214 5374 1399 5430 Invitis
1421 5373 1672 5429 omnibus
1698 5389 1831 5432 mss.
1863 5384 1920 5432 et
1938 5391 2038 5433 ve-

452 5453 600 5502 tante
623 5460 842 5516 quoque
867 5446 954 5501 ed.
988 5448 1127 5514 Aug.
1152 5445 1446 5516 reposiutm
1476 5445 1527 5499 in
1552 5446 1762 5501 cunctis
1786 5448 1913 5502 edd.
1943 5464 2036 5503 re-

450 5518 608 5587 liquis
640 5514 777 5584 fuit,
816 5526 995 5571 contra
1042 5530 1190 5583 quem
1212 5514 1307 5587 AD.
1333 5514 1557 5580 Brutus,
1589 5527 1720 5585 etc.,
1751 5518 1903 5587 quasi
1944 5518 2034 5573 hic

452 5585 628 5644 contra
653 5604 762 5642 non
791 5586 1150 5657 signiﬁcaret,
1174 5585 1239 5637 ab
1265 5586 1432 5640 altera
1478 5596 1649 5653 parte.

516 5660 603 5714 12.
637 5660 710 5714 D.
740 5656 957 5712 Brutus.
984 5656 1069 5726 ille
1098 5669 1207 5726 quo
1234 5668 1397 5726 Supra
1424 5658 1604 5726 capite
1629 5656 1839 5725 quinto.
1865 5658 2034 5714 Fu“,

514 5730 606 5788 15.
630 5730 675 5783 Α
695 5730 830 5785 clivo
852 5721 1123 5784 Publicio.
1135 5721 1367 5781 Servaiit
1387 5721 1526 5784 hanc
1544 5721 1868 5798 scripturam
1892 5730 2035 5788 inter

2162 2547 2323 2603 codd.
2369 2562 2501 2603 mss.
2552 2546 2797 2603 Florent.
2849 2555 2977 2604 tert.
3028 2557 3085 2604 et
3126 2548 3385 2606 Perizon.
3439 2548 3761 2615 meliorem,

2163 2634 2325 2689 quam
2371 2635 2492 2689 qua:
2548 2620 2599 2690 iu
2630 2620 2756 2674 aliis
2802 2628 2964 2690 atque
3009 2622 3403 2687 posterioribus
3441 2619 3764 2690 quihusdam

2162 2686 2291 2745 edd.
2322 2686 2436 2754 est,
2469 2689 2697 2760 publico.
2731 2692 2778 2744 Α
2807 2686 3064 2746 Publiciis
3101 2692 3247 2746 enim
3288 2686 3485 2746 nomen
3531 2690 3761 2760 accepit.

2162 2760 2337 2832 Varro
2382 2762 2449 2817 de
2499 2761 2746 2832 LL._»lib.
2787 2777 2864 2824 tv,
2906 2777 2959 2832 p.
3004 2762 3075 2816 '58
3107 2780 3119 2813 τ
3155 2761 3330 2816 Clivus
3382 2760 3651 2816 Publicius
3694 2760 3761 2814 ab

2161 2830 2399 2901 aedilibus
2425 2831 2584 2897 plebis
2612 2829 2883 2889 Publiciis.
2907 2829 3007 2901 'qui
3034 2849 3151 2886 eum
3179 2833 3384 2899 publice
3406 2833 3762 2901 azdiﬁcarunt.

2162 2900 2387 2974 Fratres
2408 2902 2627 2957 fuerunt
2651 2946 2665 2970 ,
2692 2911 2830 2974 teste
2860 2902 3023 2974 Festo
3043 2944 3059 2968 ,
3091 2901 3364 2974 Publicius
3397 2904 3565 2974 clivus
3584 2902 3768 2974 appel-

2157 2973 2314 3044 latur,
2348 2989 2497 3044 quem
2527 2974 2634 3027 duo
2678 2972 2886 3043 fratres,
2931 2972 2997 3029 L.
3040 2972 3187 3028 etM.
3215 2973 3444 3028 Publicii
3483 2972 3722 3028 Malleoli
3747 3015 3765 3039 ,

2156 3042 2334 3097 aediles
2361 3042 2575 3098 curules
2598 3084 2614 3108 ,
2663 3042 2918 3114 pecuariis
2962 3045 3317 3099 condemnatis
3342 3087 3357 3107 ,
3389 3061 3455 3100 ex
3495 3045 3719 3109 pecunia
3748 3086 3766 3108 ,

2152 3129 2310 3237 quam
2336 3125 2615 3184 ceperunt,
2648 3117 2979 3180 munierunt,
3012 3126 3066 3168 ut
3099 3120 3152 3169 in
3184 3116 3494 3170 Aventinum
3520 3115 3764 3169 vehicula

2212 3184 2313 3237 alia
2336 3186 2506 3237 venire
2526 3193 2749 3237 nossent.
2775 3186 2956 3237 {litare
2978 3185 3280 3237 Publicium
3302 3201 3517 3237 auonne
3535 3189 3762 3237 vocavit

2212 3184 2313 3239 elia
2336 3186 2506 3256 venire
2526 3193 2749 3256 possent.
2775 3186 2956 3255 Quare
2978 3185 3280 3243 Publicium
3302 3201 3517 3256 quoque
3535 3189 3762 3242 vocavit

2155 3255 2378 3312 Ovidius
2407 3255 2624 3312 Faster.
2655 3272 2708 3312 v.
2746 3256 2855 3313 295
2889 3274 2904 3311 :

2283 3432 2432 3497 Parte
2457 3432 2620 3484 locant
2643 3433 2779 3495 clivi,
2802 3435 3030 3497 quiitunc
3055 3438 3165 3484 erat
3187 3434 3337 3485 ardua
3360 3445 3531 3497 rupes,

2352 3495 2482 3546 Utile
2504 3508 2635 3546 nunc
2650 3496 2747 3546 iter
2771 3495 2866 3560 est,
2889 3496 3262 3560 Publiciumque
3286 3495 3477 3548 vocant.

2229 3682 2319 3737 14.
2362 3682 2662 3738 lutei-uentu
2728 3682 2957 3739 Lwlorii.
3010 3683 3224 3739 Lictor-ii
3270 3684 3613 3741 restituimus
3686 3702 3756 3741 ex

2155 3754 2365 3826 optimo
2396 3754 2536 3826 lihro
2561 3754 2861 3826 Gualtheri,
2887 3770 2987 3823 pro
3010 3771 3116 3826 quo
3136 3756 3190 3810 in
3219 3757 3432 3811 caeteris
3463 3756 3759 3819 mendose.

2156 3824 2383 3896 l_.i‘ctoris
2405 3825 2620 3894 legitur.
2649 3824 2815 3896 Origo
2842 3824 3047 3895 erroris
3069 3825 3194 3881 inde
3209 3827 3376 3893 venit,
3400 3827 3543 3896 quod
3566 3828 3754 3896 vulgo,

2156 3894 2473 3967 Laetorium,
2523 3911 2621 3965 pro
2652 3894 2874 3950 Laetorio
2919 3894 3185 3951 scribunt.
3217 3899 3286 3953 At
3325 3898 3378 3952 in
3419 3894 3629 3967 optimo
3660 3894 3760 3952 illo

2158 3965 2298 4020 libro
2325 3980 2429 4019 non
2465 3967 2628 4020 modo
2660 3966 2747 4036 hic
2768 4008 2784 4030 ,
2817 3981 3002 4021 verum
3034 3970 3195 4022 etiam
3228 3966 3364 4022 infra
3395 3965 3571 4035 capite
3603 3969 3759 4036 vige-

2154 4037 2297 4089 simo
2330 4038 2505 4106 primo
2531 4046 2614 4091 est
2641 4035 2899 4091 Lwtorius
2922 4078 2937 4102 ,
2984 4038 3072 4092 ubi
3104 4040 3173 4092 ita
3207 4037 3313 4093 hoc
3343 4054 3541 4094 nomen
3584 4035 3757 4093 scribi

2156 4106 2361 4178 debere
2391 4108 2764 4163 ostendemus.
2805 4108 2875 4178 In,
2895 4108 3169 4165 Plutarchi
3200 4109 3321 4163 loco
3345 4149 3361 4175 ,
3397 4125 3556 4178 quem
3589 4111 3759 4163 modo

2155 4176 2479 4231 adduximus
2505 4219 2519 4240 ,
2550 4181 2800 4233 Λικιννίου
2821 4219 2835 4245 ,
2868 4177 3004 4232 haud
3033 4179 3197 4233 dubie
3222 4176 3499 4248 corrupte.
3534 4180 3753 4249 legitur,

2154 4251 2601 4324 pro_Aat-rmploo._
2626 4249 2894 4324 Numqui
2918 4250 2990 4303 ibi
3025 4249 3341 4324 Pomponius
3366 4260 3422 4324 et
3442 4249 3711 4324 Licinnius
3737 4293 3753 4315 ,

2158 4317 2196 4372 ii
2225 4319 2294 4372 ab
2323 4317 2544 4374 auctore
2570 4320 2638 4374 de
2663 4317 2815 4374 Viris
2838 4317 3218 4376 lllustrihus‘et
3248 4320 3464 4389 V'alerio
3490 4322 3751 4389 Maximo,

2153 4388 2293 4442 libro
2324 4399 2518 4459 quarto
2545 4391 2721 4457 capite
2763 4392 2811 4457 7,
2846 4389 3163 4455 Pomponius
3190 4403 3235 4445 et
3266 4388 3519 4445 Laetorius
3552 4388 3753 4447 dicun-

2155 4466 2263 4512 tur.
2300 4462 2373 4513 De
2407 4461 2709 4529 Pomponii,
2729 4461 2928 4529 equitis
2951 4461 3200 4530 Romani,
3227 4462 3331 4517 ﬁde
3357 4461 3410 4517 in
3436 4462 3749 4518 Gracchum
3780 4486 3799 4499 -

2155 4530 2272 4600 lege
2294 4530 2660 4585 Paterculum.
2690 4530 2852 4585 ann.

2231 4600 2318 4672 15.
2358 4600 2591 4656 Tandem
2632 4602 2914 4672 sagittarii.
2945 4603 3159 4668 Τοξόται
3180 4611 3381 4668 Κρῆτες,
3410 4601 3751 4660 Plutarchus.

2229 4671 2316 4726 16.
2358 4672 2434 4724 Ab
2467 4671 2703 4739 Opimio.
2730 4672 2830 4726 Ed.
2863 4676 3019 4742 Aug,
3059 4673 3135 4727 Ab
3166 4674 3374 4740 Opimio
3407 4676 3638 4729 consule.

2223 4741 2311 4822 17.
2354 4742 2420 4796 In
2468 4744 2690 4822 domum
2724 4741 2997 4822 privulattt.
3022 4753 3131 4822 _‘E;
3176 4746 3517 4822 ξργᾳστῇριον
3562 4745 3750 4822 ἁ-γόρός

2148 4815 2430 4889 γνῳρίμορ,
2466 4814 2810 4889 inofﬁcinam
2837 4815 3061 4869 hominis
3087 4814 3215 4889 noti",
3240 4814 3543 4889 Appianus.
3579 4814 3745 4889 FAiflt.

2225 4882 2619 4972 1}}."Gracchu's
2667 4885 2759 4972 diu
2806 4901 2902 4972 pro
2928 4900 3005 4971 se.
3040 4882 3314 4972 Appianus
3333 4882 3359 4937 Ξ
3384 4888 3630 4972 ξρὰκχος
3660 4886 3750 4972 Bisi

2148 4975 2242 5044 τῇς
2254 4955 2458 5044 Egit-vn;
2486 4975 2865 5044 7:73puc‘esnro
2884 4977 3043 5043 πέραν
3067 4976 3415 5044 acumen-aueo
3443 4979 3751 5044 ἕκξατυγων

2099 5051 2107 5061 ο
2149 5028 2226 5103 ςζε
2247 5023 2402 5086 ἄλσος
2429 5023 2623 5103 τι
2648 5023 3108 5103 ἑνὸςθιράπὸντος,
3157 5023 3371 5103 ὐπέᾳχε
3383 5036 3486 5103 ,τῷ-
3502 5023 3749 5103 δρᾶπόντξ

2150 5094 2334 5165 (Forte
2350 5112 2456 5172 pro
2486 5095 2780 5172 θεράποντι)
2801 5094 2892 5157 τὴν
2918 5094 3663 5172 -ψὼμϐώόμένος,
3693 5101 3747 5154 id

2145 5174 2230 5220 est
2272 5183 2288 5220 :
2340 5165 2606 5220 Gracchus
2646 5183 2736 5235 per
2762 5165 2980 5235 pontem
3022 5165 3294 5221 sublicium
3322 5165 3469 5222 trans
3493 5165 3746 5223 Tiberim

2143 5236 2446 5307 confugiens
2474 5238 2528 5289 in
2557 5238 2729 5291 lucum
2752 5238 3023 5307 quemdam
3048 5252 3167 5291 cum
3194 5253 3301 5291 uno
3327 5255 3492 5301 seruo,
3524 5255 3642 5293 cum
3676 5242 3749 5293 ibi

2133 5310 2253 5378 jam
2292 5307 2829 5377 comprehenderetur,
2866 5308 3109 5361 cervicem
3154 5323 3298 5361 servo
3336 5310 3579 5377 prtebuit.
3629 5313 3747 5365 Au.

2143 5388 2262 5431 ctor
2289 5378 2358 5431 de
2393 5378 2533 5431 Viris
2557 5378 2857 5432 illustribus
2900 5378 3074 5431 lucum
3123 5375 3337 5431 Furinae
3358 5390 3518 5433 vocat
3548 5397 3562 5432 :
3597 5378 3746 5435 forte

2142 5444 2460 5526 furiarum;
2477 5463 2597 5526 uaut
2621 5448 2961 5526 Plutarchus,
2990 5446 3414 5526 irpiiuﬁiaocré'w
3436 5449 3744 5526 Ἐριννύων.

2142 5518 2376 5587 Servum
2408 5519 2678 5584 Velleius,
2701 5528 2756 5574 et
2784 5519 2828 5573 is
2868 5519 2957 5587 qui
2984 5518 3053 5571 de
3079 5518 3223 5572 Viris
3253 5518 3561 5575 lllustribus
3604 5524 3749 5577 seri-

2140 5586 2591 5654 psit,'Euporum
2629 5586 2940 5653 nominaut,
2988 5587 3309 5644 Plutarchus
3356 5588 3747 5651 Philocratem.

2139 5658 2284 5727 Lege
2326 5656 2595 5715 Valerium
2628 5660 2720 5716 lib.
2749 5674 2823 5725 Vl,
2850 5672 2902 5713 e.
2934 5658 2993 5727 8.
3018 5656 3185 5713 Fusa.

2213 5726 2302 5786 19.
2344 5728 2469 5786 Diu.
2501 5730 2670 5787 Abest
2712 5744 2743 5785 s
2771 5726 3089 5802 quibusdam
3136 5742 3269 5787 mss.
3300 5738 3359 5789 et
3382 5731 3517 5790 edd.
